3964 6392
483 420 620 478 1019

1485 425 1580 481 ΑΙ)
1618 425 1852 482 ΟΡΕΒΑ
1888 425 1942 482 S.
1987 426 2317 485 AMBROSII
2357 429 2732 490 APPENDIX.

3637 437 3792 496 1020

480 546 654 615 (Psal.
696 563 848 611 xcvr,
883 547 961 618 3).
1000 573 1018 595 ι
1071 548 1308 621 Reprobi
1359 566 1595 624 namque
1638 553 1892 624 quamvis
1945 568 2072 608 cum
2102 555 2153 615 A
2181 553 2464 614 advenerit
2506 575 2520 625 ;
2583 573 2709 616 cum
2771 557 2996 615 irruerit
3043 557 3328 632 repentina
3363 560 3675 632 calamitas,
3727 569 3792 619 et

477 635 663 692 electis
707 645 1122 706 conversentur,
1166 639 1224 694 in
1265 641 1505 697 circuitu
1554 649 1718 710 sunt;
1752 643 1880 716 quia
1927 643 2071 700 sicut

476 724 660 782 hostes
708 727 990 785 civitatem
1039 729 1278 802 aliquam
1333 731 1682 804 impugnant,
1729 741 1790 788 ut
1851 733 2070 804 capiant

475 829 594 870 eam
627 831 640 869 :
675 814 753 871 ita
781 824 835 872 et
863 817 1108 874 Ecclesia
1136 834 1166 873 a
1196 819 1442 892 reprobis
1473 820 1848 892 impugnatur.
1882 819 1988 876 Sed
2017 828 2069 876 et

476 901 535 959 in
569 905 779 976 psalmo
810 905 1222 978 quadragesimo
1254 924 1400 963 nono
1427 907 1574 964 idem
1605 908 1783 964 David
1822 909 2070 982 loquitur

475 991 664 1050 dicens
697 1011 709 1049 :
754 1018 772 1041 ι
802 995 949 1066 Ignis
980 995 1036 1050 in
1070 1003 1367 1066 conspectu
1400 995 1520 1067 ejus
1557 996 1893 1067 exardescet,
1927 1006 1980 1055 et
2009 999 2068 1054 in

473 1081 714 1138 circuitu
760 1082 878 1154 ejus
928 1092 1220 1155 tempestas
1264 1084 1450 1141 valida
1499 1087 1672 1157 (Psal.
1721 1104 1875 1154 xux,
1923 1087 2001 1158 3).
2035 1112 2054 1137 ι

473 1169 708 1238 Quidam
734 1171 883 1228 hunc
910 1189 1130 1229 versum
1162 1173 1238 1229 ita
1270 1184 1577 1246 exponunt,
1611 1175 1757 1248 quod
1797 1185 1920 1248 post
1947 1195 2068 1236 suc-

473 1259 774 1316 cessionem
832 1261 1232 1318 elementorum
1305 1263 1495 1334 pluvia
1549 1263 1886 1333 descendet,
1944 1282 2066 1338 quae

472 1347 870 1405 combustionis
916 1350 1127 1409 cineres
1181 1352 1369 1408 abluat
1413 1371 1424 1408 :
1473 1352 1565 1408 sed
1610 1352 1737 1408 talis
1791 1355 2065 1426 expositio

471 1437 866 1494 absurdissima
907 1440 1043 1496 mihi
1091 1441 1348 1509 videtur;
1385 1442 1588 1498 scimus
1617 1441 1766 1497 enim
1818 1443 2062 1514 pluviam

471 1540 504 1580 a
549 1527 687 1581 mari
737 1534 900 1599 atque
939 1545 970 1583 a
1014 1539 1155 1585 terra
1199 1529 1317 1584 sive
1363 1545 1459 1600 per
1509 1530 1791 1599 nebulam,
1825 1531 1940 1586 sive
1971 1549 2065 1604 per

471 1615 894 1672 exsiccationem
937 1617 1069 1673 solis
1113 1633 1427 1689 exsurgere.
1457 1619 1528 1674 Et
1559 1619 1702 1676 sicut
1751 1635 1891 1693 aqua
1924 1622 2065 1678 levia

471 1722 700 1779 quaeque
748 1723 780 1762 a
821 1707 994 1763 fundo
1039 1707 1107 1763 ad
1158 1708 1441 1780 superiora
1487 1709 1698 1777 elevat;
1745 1711 1821 1766 ita
1875 1721 1929 1768 et
1973 1729 2065 1768 aer

469 1809 664 1865 aquam
694 1802 789 1850 aut
816 1794 874 1849 in
904 1794 1163 1850 nebulam
1191 1811 1536 1864 conversam,
1567 1804 1661 1852 aut
1689 1814 1784 1870 per
1811 1799 2062 1856 ardorem

469 1883 600 1938 solis
647 1882 705 1937 in
751 1884 1135 1940 tenuissimum
1186 1884 1424 1954 fumum,
1456 1893 1510 1941 et
1538 1902 1676 1958 pene
1724 1887 2061 1944 invisibilem
2092 1919 2138 1979 B

468 1970 763 2040 redactam,
795 1989 966 2045 usque
1013 1975 1080 2030 ad
1128 1989 1190 2028 ea
1237 1976 1355 2032 loca
1386 1975 1482 2030 ubi
1514 1977 1917 2032 consummatio
1947 1976 2064 2047 ejus

468 2067 570 2126 est,
619 2062 842 2117 elevat:
878 2061 1065 2134 ibique
1111 2064 1455 2136 conglobata,
1503 2064 1682 2134 primo
1732 2065 1788 2120 in
1835 2065 2060 2121 densam

364 2211 372 2219 ,
469 2148 920 2222 nebulam,quam
943 2152 1113 2208 nubes
1133 2169 1414 2220 vocamus,
1430 2157 1776 2208 convertitur
1801 2171 1812 2209 :
1841 2154 2058 2223 deinde,

469 2245 635 2293 vento
675 2239 934 2312 agitante,
986 2242 1372 2298 minutissima
1429 2250 1594 2313 gutta
1645 2243 1810 2298 simul
1860 2243 2056 2312 mista,

468 2334 630 2402 atque
681 2346 780 2385 sua
829 2331 1186 2402 permistione
1248 2347 1437 2403 graves
1482 2331 1708 2398 effecta,
1761 2331 1829 2386 ad
1887 2339 2059 2388 terras

466 2426 769 2496 decidunt,
827 2429 1183 2503 pluviamque
1237 2429 1465 2486 faciunt.
1513 2426 1656 2482 573
1699 2430 1841 2486 Ecce
1891 2437 2056 2500 terra,

465 2532 589 2574 ecce
645 2535 772 2588 aer,
831 2535 954 2577 ecce
1010 2537 1190 2587 mare,
1247 2528 1550 2591 caeteraque
1605 2519 1874 2575 elementa
1935 2521 2058 2592 igne

465 2617 860 2665 consumentur
888 2627 899 2665 :
934 2609 1081 2665 unde
1128 2627 1253 2681 ergo
1284 2608 1472 2681 pluvia
1509 2617 1784 2681 exsurget,
1818 2611 2057 2667 maxime

466 2713 589 2752 cum
630 2699 928 2755 secundum
961 2701 1286 2770 Apostolum
1328 2707 1463 2754 tunc
1501 2709 1750 2754 creatura
1796 2700 2057 2756 liberetur

465 2801 498 2841 a
531 2787 796 2843 servitute
826 2787 1196 2859 corruptionis
1225 2787 1283 2841 in
1328 2787 1636 2843 libertatem
1679 2788 1866 2860 gloria
1901 2788 2058 2844 lilio-

468 2890 593 2929 rum
619 2875 717 2930 Dei
751 2877 926 2945 (Rom.
958 2892 1082 2942 vm,
1114 2874 1204 2945 21)
1230 2875 1258 2930 ‘I
1286 2875 1567 2947 Numquid
1593 2877 1738 2931 Deus
1759 2876 1851 2949 qui
1873 2877 2058 2932 omnia

464 2982 532 3022 ex
581 2967 759 3022 nihilo
789 2965 1015 3031 creavit,
1047 2982 1157 3021 non
1198 2967 1398 3037 poterit
1437 2967 1703 3022 mundare
1750 2975 2055 3024 creaturam

464 3071 616 3111 suam
669 3056 785 3110 sine
824 3054 1098 3125 adjutorio
1145 3056 1395 3127 pluvia?
1424 3058 1724 3129 prasertim
1766 3074 1888 3113 cum
1942 3058 2056 3128 ipse

464 3144 705 3200 mundus
733 3145 789 3199 in
825 3145 1106 3201 meliorem
1139 3153 1363 3215 statum,
1387 3155 1550 3219 atque
1571 3149 1746 3202 multo
1776 3147 2054 3219 pulchrio-

462 3249 577 3289 rem
621 3241 902 3306 reparetur
950 3243 1071 3306 post
1128 3236 1330 3307 ignem.
1381 3237 1494 3291 Aut
1540 3237 1675 3308 quid
1721 3243 1851 3292 sunt
1902 3235 2053 3291 aliud
2087 3271 2130 3333 Ο

457 3320 689 3389 cineres,
718 3322 825 3377 nisi
858 3331 1000 3378 terra
1031 3324 1274 3380 munda?
1303 3325 1439 3380 Nam
1479 3341 1831 3396 quascunque
1863 3324 2048 3380 sordes

458 3408 600 3481 ignis
655 3411 1040 3484 absumpserit,
1090 3413 1150 3467 in
1205 3413 1414 3469 cineres
1471 3412 1706 3468 mundos
1753 3411 2045 3468 convertit.

454 3501 738 3574 Numquid
767 3520 877 3559 non
922 3504 1123 3576 poterit
1147 3503 1292 3560 Deus
1337 3503 1572 3559 mundos
1603 3504 1814 3560 cineres
1842 3503 1898 3558 in
1932 3519 2048 3558 me-

455 3589 649 3646 liorem
699 3600 902 3648 statum
950 3609 1075 3649 cum
1127 3594 1296 3649 altera
1341 3601 1486 3648 terra
1535 3609 1805 3665 reparare,
1836 3600 1898 3649 ut
1941 3611 2050 3649 ne-

455 3681 688 3737 cessaria
726 3699 836 3738 non
866 3683 938 3738 sit
966 3683 1014 3738 ei
1048 3683 1348 3740 ablutionis
1388 3683 1576 3756 pluvia
1597 3683 1625 3738 ?

525 3769 783 3827 Dicamus
813 3772 973 3827 aliter
1005 3791 1016 3828 :
1051 3772 1312 3829 Omnium
1345 3773 1590 3829 sordium
1620 3771 1929 3829 ablutiones
1954 3782 2048 3829 aut

453 3865 600 3913 terra
641 3858 834 3929 ebibit,
867 3869 962 3916 aut
990 3861 1047 3916 in
1075 3861 1306 3917 ﬂumina
1335 3861 1655 3930 decurrunt,
1687 3872 1741 3919 et
1763 3879 1886 3919 cum
1928 3863 2042 3919 ilu-

454 3947 698 4004 minibus
741 3949 799 4004 in
846 3965 1014 4005 mare.
1048 3952 1118 4006 Et
1147 3950 1422 4024 quomodo
1453 3960 1619 4019 terra,
1652 3959 1938 4024 postquam
1978 3951 2045 4008 ab

453 4037 577 4107 igne
606 4037 918 4094 examinata
952 4038 1138 4106 fuerit,
1158 4040 1344 4095 sordes
1376 4055 1500 4094 suas
1519 4039 1722 4107 ebibet,
1757 4047 1818 4094 ut
1843 4039 2044 4095 iterum

451 4125 776 4180 sordescat?
826 4135 919 4180 aut
973 4126 1249 4198 quomodo
1298 4127 1356 4180 in
1413 4126 1643 4181 ﬂumina
1687 4127 1938 4182 decurret
1991 4134 2045 4182 et

449 4229 574 4268 cum
620 4211 944 4267 ﬂuminibus
989 4212 1044 4266 in
1096 4229 1260 4277 mare,
1289 4229 1417 4268 cum
1455 4229 1600 4267 mare
1635 4212 1746 4283 jam
1791 4229 1900 4268 non
1948 4213 2041 4278 sit,

450 4301 594 4355 sicut
633 4300 918 4371 sequentia
963 4297 1130 4369 hujus
1178 4299 1305 4354 libri
1355 4300 1615 4354 videntur
1644 4301 1852 4356 fateri?
1884 4301 2043 4366 Quod

449 4389 496 4444 si
539 4404 689 4444 mare
732 4389 790 4444 in
840 4389 1123 4444 meliorem
1151 4398 1353 4446 statum
1382 4390 1723 4462 reparabitur
1751 4392 1894 4449 sicut
1924 4410 2045 4450 ca—

451 4477 562 4534 lum
594 4485 867 4552 terraque,
896 4495 926 4534 a
973 4486 1129 4535 terra
1179 4479 1434 4536 sordibus
1474 4481 1748 4552 quomodo
1791 4482 2042 4554 inquina-

448 4567 598 4624 bitur
617 4568 645 4624 ‘l
670 4568 827 4635 Quod
857 4567 902 4624 si
933 4568 1054 4641 quis
1081 4568 1288 4625 dixerit
1317 4576 1442 4625 ante
1463 4569 1873 4627 innovationem
1901 4571 2043 4628 hanc

451 4657 568 4729 (73)
619 4673 906 4729 passurum
955 4674 1070 4714 esse
1109 4658 1571 4731 inquinationem,
1611 4666 1773 4732 atque
1819 4659 1877 4714 in
1926 4677 2042 4731 per-

448 4747 754 4803 mutatione
799 4745 918 4818 ejus
958 4746 1026 4802 ad
1076 4745 1316 4803 nihilum
1367 4764 1483 4804 esse
1527 4747 1892 4820 redigendas:
1935 4766 2046 4806 non

448 4837 650 4907 poterit
677 4839 822 4893 Deus
850 4837 993 4893 sicut
1023 4837 1081 4892 in
1125 4853 1284 4910 aqua,
1318 4837 1394 4893 ita
1441 4845 1493 4893 et
1546 4838 1604 4893 in
1647 4847 1794 4894 terra
1831 4839 2046 4897 easdem

447 4923 634 4979 sordes
680 4925 747 4980 ad
800 4925 1041 4981 nihilum
1095 4926 1360 4997 redigere,
1401 4933 1462 4981 ut
1519 4943 1633 4981 non
1693 4925 1766 4982 sit
1826 4943 2045 4983 necesse

446 5022 510 5070 ut
568 5013 625 5068 in
685 5030 834 5069 mare
897 5015 1193 5071 deﬂuant?
1258 5017 1358 5071 Per
1428 5023 1805 5088 tempestatem
1879 5017 2047 5088 igitur

447 5102 684 5158 validam
728 5103 988 5159 ultimum
1039 5103 1330 5161 interitum
1387 5105 1692 5176 impiorum
1750 5122 2043 5178 possumus

449 5190 787 5264 intelligere,
845 5209 1006 5265 quem
1087 5194 1367 5264 Sapientia
1432 5211 1528 5265 per
1582 5195 1928 5251 Salomonem
1988 5196 2045 5250 in

446 5279 646 5336 ultimo
720 5280 976 5337 examine
1049 5281 1237 5354 impiis
1311 5299 1368 5339 se
1441 5283 1721 5340 illaturam
1797 5299 1912 5341 esse
1968 5292 2044 5340 te-

447 5378 644 5439 statur,
702 5369 891 5426 dicens
935 5387 947 5425 :
1011 5393 1030 5417 ‹
1059 5371 1174 5442 Ego
1222 5388 1437 5444 quoque
1485 5374 1540 5428 in
1587 5373 1815 5430 interitu
1861 5381 2044 5428 vestro

448 5459 659 5528 ridebo,
691 5468 746 5516 et
793 5461 1160 5531 subsannabo,
1192 5480 1319 5520 cum
1369 5463 1529 5520 vobis
1566 5465 1716 5538 quod
1762 5465 2044 5522 timebatis

521 5682 540 5753 (
548 5682 613 5737 73
621 5681 646 5750 )
667 5681 933 5805 gonnulli
955 5699 1109 5754 mss.,
1131 5691 1250 5742 ante
1279 5684 1659 5744 invocationem
1677 5687 1831 5753 hanc,
1856 5687 2039 5743 minus

521 5769 672 5805 mmo
718 5768 768 5805 e.

450 5769 567 5808 0011]
583 5768 768 5807 111000.

2179 643 2436 702 interitus
2489 646 2644 719 quasi
2711 653 3006 720 tempestas
3052 647 3320 720 ingruerit
3378 648 3566 720 (Prov.
3599 668 3641 720 ι,
3684 651 3786 720 26,

2180 732 2338 805 27)..
3098 741 3099 745 γ

2250 825 2322 879 Ει
2349 823 2594 880 diabolus
2639 825 2732 896 qui
2777 825 3046 882 seducebat
3099 843 3204 895 eos,
3233 826 3427 883 missus
3457 834 3532 884 est
3577 828 3635 883 in
3666 833 3785 884 sta.-

2177 929 2335 984 gnum
2365 913 2501 984 ignis
2529 920 2576 968 et
2602 915 2894 986 sulphuris,
2930 916 3019 970 ubi
3062 922 3136 970 est
3189 916 3351 972 bestia
3378 923 3426 972 et
3447 918 3790 990 pseudopro-

2171 1003 2349 1072 pheta.
2374 1003 2488 1059 Hoc
2515 1011 2646 1060 tunc
2675 1004 3017 1077 implebitur,
3045 1005 3263 1080 quando
3284 1007 3554 1064 Dominus
3585 1007 3740 1065 dicet
3765 1026 3783 1064 :

2190 1115 2208 1138 ι
2236 1092 2334 1160 Ite,
2369 1092 2668 1162 maledicti,
2702 1094 2759 1148 in
2791 1095 2971 1167 ignem
3003 1104 3266 1152 aternum
3301 1097 3396 1169 qui
3433 1105 3790 1170 praeparatus

2175 1189 2256 1237 est
2303 1181 2522 1238 diabolo
2560 1192 2614 1239 et
2651 1185 2858 1256 angelis
2886 1184 3004 1257 ejus
3035 1187 3149 1258 (74)
3181 1188 3392 1258 (Matth.
3425 1205 3564 1258 xxv,
3589 1189 3713 1262 41).
3746 1211 3770 1235 ι

2248 1270 2428 1341 (Vers.
2466 1272 2577 1343 10.)
2627 1275 2701 1329 Et
2737 1273 3120 1330 cruciabuntur
3165 1276 3250 1330 die
3305 1294 3368 1332 ac
3410 1285 3557 1333 nocte
3588 1278 3645 1332 in
3678 1294 3785 1332 sce-

2174 1364 2295 1419 cuIa
2346 1366 2678 1420 saeculorum.
2728 1368 2776 1422 A
2814 1383 2923 1439 quo
2957 1368 3205 1425 cruciatu
3257 1370 3638 1428 misericordia
3675 1373 3788 1429 Re-

2174 1452 2476 1524 demptoris
2532 1454 2706 1510 nostri
2747 1471 2846 1511 nos
2900 1456 3131 1515 liberare
3181 1458 3458 1531 dignetur,
3503 1461 3601 1534 qui
3644 1477 3786 1517 cum

2173 1542 2330 1598 Patre
2380 1551 2433 1599 et
2475 1544 2683 1616 Spiritu
2732 1555 2921 1604 sancto
2950 1547 3093 1604 vivit
3129 1555 3184 1604 et
3231 1557 3420 1622 regnat
3465 1550 3522 1606 in
3571 1549 3788 1607 saecula

2175 1634 2522 1705 saeculorum,
2556 1651 2738 1691 amen.

2605 1766 2701 1821 DE
2739 1765 3022 1824 VISIONE
3062 1768 3317 1825 SEXTA.

2243 1868 2467 1924 Domini
2497 1871 2671 1928 nostri
2698 1872 2827 1928 Jesu
2870 1873 3075 1930 Christi
3121 1874 3503 1932 misericordia
3532 1875 3782 1947 largien-

2171 1962 2244 2023 te,
2276 1955 2345 2011 ad
2374 1967 2584 2015 sextam
2618 1959 2888 2016 visionem
2935 1964 3318 2033 pervenimus,
3369 1980 3488 2036 qua
3536 1963 3778 2019 brevior

2170 2051 2251 2099 est
2279 2048 2524 2114 caeteris;
2575 2064 2639 2103 eo
2669 2049 2814 2122 quod
2864 2050 2924 2105 in
2964 2066 3028 2105 eo
3085 2052 3353 2123 generalis
3402 2052 3780 2122 resurrectio,

2169 2131 2449 2190 damnatio
2488 2135 2808 2208 impiorum,
2845 2139 3170 2208 gloriﬁcatio
3215 2139 3488 2212 justorum
3523 2148 3781 2196 tantum-

2169 2231 2333 2285 modo
2363 2232 2603 2288 breviter
2649 2235 3009 2294 describatur.
3051 2239 3122 2292 Et
3165 2245 3312 2294 recte
3360 2239 3418 2294 in
3457 2245 3614 2294 sexto
3646 2239 3782 2295 loco

2168 2323 2495 2377 resurrectio
2525 2324 2721 2379 ultima
2751 2324 3014 2395 ponitur;
3047 2326 3179 2399 quia
3214 2328 3465 2384 senarius
3493 2343 3780 2385 numerus

2168 2409 2462 2481 perfectus:
2489 2421 2590 2480 est,
2642 2420 2695 2466 et
2751 2414 3023 2485 quidquid
3052 2415 3256 2471 sanctis
3288 2415 3624 2488 promissum
3656 2423 3773 2486 est,

2169 2501 2226 2555 in
2257 2501 2656 2557 resurrectione
2677 2502 3008 2574 perficietur.

2239 2589 2420 2656 (Vers.
2457 2590 2570 2662 11.)
2589 2592 2662 2645 Ει
2690 2591 2799 2645 vidi
2829 2592 3073 2646 thronum
3100 2608 3347 2662 magnum
3377 2600 3427 2647 et
3454 2594 3776 2664 candidum,

2165 2684 2213 2732 et
2239 2678 2491 2732 sedentem
2515 2695 2674 2750 super
2701 2697 2837 2735 eum.
2869 2679 3124 2736 Thronus
3153 2679 3253 2736 iste
3283 2680 3381 2737 Dei
3414 2698 3525 2736 non
3556 2700 3700 2738 auro
3723 2692 3780 2740 et

2167 2769 2398 2839 gemmis
2455 2768 2763 2837 ornabitur,
2818 2768 2912 2824 sed
2955 2768 3275 2825 hominibus
3298 2769 3463 2841 justis
3495 2790 3508 2838 ;
3544 2771 3648 2828 iste
3691 2782 3780 2830 est

2165 2881 2398 2936 namque
2418 2863 2672 2932 thronus,
2705 2864 2772 2919 de
2801 2881 2908 2936 quo
2928 2865 3217 2920 Psalmista
3253 2864 3389 2921 dicit
3415 2881 3425 2919 :
3463 2890 3480 2913 ι
3501 2866 3778 2924 Thronus

2163 2962 2311 3021 tuus,
2340 2956 2506 3021 Deus,
2529 2955 2585 3009 in
2607 2956 2867 3010 saeculum
2890 2955 3075 3010 saculi
3101 2973 3114 3022 ;
3144 2955 3296 3028 virga
3308 2956 3584 3028 aequitatis
3603 2958 3774 3029 virga

2163 3042 2316 3112 regni
2347 3043 2430 3098 tui
2464 3043 2637 3113 (Psal.
2671 3060 2822 3109 XLIV,
2859 3044 2935 3113 7).
2977 3066 2994 3090 ι
3040 3042 3294 3098 Thronus
3330 3044 3499 3115 igitur
3547 3044 3648 3099 Dei
3684 3057 3776 3102 est

2163 3131 2344 3186 omnis
2399 3131 2698 3187 multitudo
2754 3132 3072 3203 angelorum
3114 3140 3277 3205 atque
3323 3140 3659 3189 sanctorum.
3720 3135 3769 3190 Α

2162 3221 2312 3290 cujus
2369 3229 2641 3294 conspectu
2687 3222 2826 3294 fugit
2871 3229 3012 3278 terra
3059 3231 3106 3278 et
3150 3226 3350 3292 caelum,
3405 3230 3453 3280 et
3483 3226 3624 3280 locus
3651 3242 3774 3280 non

2160 3318 2235 3366 est
2283 3311 2523 3367 inve-ntus
2568 3313 2661 3368 eis.
2713 3312 3184 3380 Quemadmodum
3229 3330 3261 3369 a
3304 3322 3601 3386 conspectu
3661 3332 3771 3371 se—

2161 3407 2343 3462 dentis
2381 3424 2545 3479 super
2575 3407 2834 3464 thronum
2879 3409 3078 3465 coelum
3109 3419 3163 3467 et
3192 3419 3336 3466 terra
3364 3409 3559 3482 fugiat,
3588 3411 3766 3468 Psal-

2164 3496 2330 3552 mista
2369 3497 2634 3567 ostendit,
2683 3497 2827 3555 sicut
2864 3500 3116 3572 superius
3159 3499 3274 3571 jam
3333 3500 3599 3569 diximus,
3660 3503 3770 3575 qui

2160 3585 2335 3642 dicit:
2379 3613 2398 3634 ι
2427 3588 2572 3659 Ignis
2616 3587 2671 3642 in
2711 3597 3006 3660 conspectu
3047 3589 3166 3660 ejus
3216 3581 3532 3646 exardescet
3577 3591 3766 3660 (Psal.

2158 3690 2312 3740 xux,
2345 3675 2401 3744 3)
2435 3691 2446 3729 :
2482 3700 2501 3724 ι
2561 3682 2613 3730 et
2647 3675 2844 3730 iterum
2884 3692 2895 3730 :
2945 3701 2962 3724 ι
2997 3676 3144 3748 Ignis
3181 3684 3306 3732 ante
3337 3677 3516 3750 ipsum
3548 3694 3770 3750 prace-

2157 3763 2250 3819 det
2281 3765 2456 3829 (Psal.
2482 3780 2634 3831 xcv1,
2670 3764 2748 3834 3).
2774 3788 2792 3813 ι
2835 3765 3030 3838 Fugiet
3057 3772 3238 3821 autem
3267 3773 3411 3822 terra
3447 3776 3500 3823 et
3529 3769 3767 3838 coelum,

2158 3853 2216 3908 id
2244 3861 2344 3917 est,
2374 3853 2582 3925 species
2612 3861 2768 3909 terra
2819 3861 2874 3909 et
2919 3855 3043 3910 coeli
3069 3873 3082 3922 ;
3122 3856 3216 3927 qui
3261 3872 3356 3927 per
3384 3856 3565 3928 ignem
3598 3874 3630 3912 a
3659 3875 3771 3914 sua

2157 3943 2335 4014 specie
2375 3943 2886 4010 commutabuntur,
2935 3951 2998 3998 ut
3043 3944 3255 4015 possint
3303 3946 3360 3999 in
3391 3947 3553 4003 aliam
3586 3947 3770 4004 refor-

2157 4031 2295 4087 mari
2341 4034 2517 4088 multo
2561 4033 2843 4088 meliorem
2897 4039 2952 4087 et
2988 4033 3381 4104 pulchriorem.
3429 4035 3589 4101 Quod
3627 4054 3770 4096 vero

2153 4120 2318 4176 dicit:
2353 4122 2519 4176 Locus
2559 4137 2664 4174 non
2716 4126 2791 4174 est
2836 4119 3075 4174 inventus
3112 4120 3211 4186 eis;
3249 4136 3360 4175 non
3413 4119 3538 4177 ideo
3593 4124 3767 4195 dicit,

2153 4217 2216 4264 ut
2249 4211 2431 4264 locum
2456 4209 2749 4280 pristinum
2787 4208 3066 4279 amittant,
3099 4211 3192 4267 sed
3223 4213 3483 4284 speciem.

2227 4297 2412 4366 (Vers.
2454 4297 2566 4368 13.)
2621 4300 2695 4353 Et
2725 4298 2837 4353 vidi
2883 4305 3118 4354 mort-uos
3164 4317 3378 4370 magnos
3425 4307 3472 4355 et
3499 4304 3764 4373 pusillos,

2152 4393 2347 4441 stantes
2395 4387 2452 4440 in
2493 4393 2766 4456 conspectu
2826 4387 3021 4442 throni.
3069 4389 3170 4443 Per
3229 4397 3475 4446 mortuos
3523 4407 3764 4464 magnos

2153 4483 2207 4531 et
2236 4475 2466 4546 pusillos
2517 4475 2620 4530 soli
2666 4475 2886 4547 reprobi
2938 4476 3313 4549 designantur,
3344 4479 3439 4551 qui
3467 4479 3522 4534 in
3555 4479 3646 4536 die
3677 4499 3767 4538 re-

2155 4565 2516 4622 surrectionis
2561 4565 2766 4620 mortui
2811 4565 3070 4622 astabunt
3109 4567 3165 4622 in
3217 4575 3513 4638 conspectu
3539 4569 3661 4635 Dei,
3696 4588 3768 4628 ea

2156 4659 2419 4716 videlicet
2447 4665 2622 4714 morte
2677 4675 2838 4730 quam
2869 4659 3106 4730 primam
3159 4675 3272 4717 esse
3312 4660 3578 4728 diximus,
3631 4672 3766 4734 post

2155 4748 2440 4820 paululum
2485 4748 2542 4802 in
2596 4755 2830 4802 mortem
2889 4747 3182 4804 secundam
3238 4748 3590 4820 dejiciendi:
3652 4768 3759 4822 per

2155 4846 2402 4892 mortuos
2446 4852 2575 4890 vero
2609 4851 2832 4908 magnos
2891 4851 2982 4891 eos
3029 4837 3303 4908 designari
3333 4847 3485 4910 puto,
3535 4838 3630 4911 qui
3661 4850 3766 4897 aut

2155 4926 2387 4998 majores
2435 4926 2666 4981 fuerunt
2713 4925 2769 4980 in
2827 4925 3143 4993 sceleribus,
3176 4935 3270 4983 aut
3299 4927 3521 4983 altiores
3573 4928 3631 4982 in
3661 4946 3765 4985 sa-

2152 5016 2266 5072 culi
2296 5015 2699 5088 dignitatibus:
2751 5031 2846 5085 per
2878 5015 3107 5086 pusillos
3147 5024 3329 5071 autem
3367 5016 3405 5071 ii
3451 5016 3755 5088 designan—

2153 5115 2262 5173 tur,
2322 5106 2417 5177 qui
2476 5103 2554 5160 eis
2608 5101 2842 5174 subjecti
2889 5104 3132 5172 fuerunt,
3199 5105 3284 5160 vel
3345 5112 3490 5160 certe
3545 5104 3586 5159 ii
3657 5108 3759 5177 qui

2153 5197 2336 5252 minus
2388 5202 2770 5267 peccaverunt.
2814 5197 2888 5251 Ει
2937 5196 3060 5250 libri
3097 5194 3270 5265 aperti
3319 5202 3488 5251 sunt:
3519 5201 3568 5250 et
3612 5199 3764 5253 alius

2154 5287 2286 5341 liber
2335 5291 2549 5356 apertus
2603 5291 2697 5350 est,
2750 5285 2842 5355 qui
2894 5291 2971 5339 est
3032 5285 3169 5340 vita.
3237 5283 3390 5341 Libri
3457 5285 3621 5340 multi
3679 5287 3754 5344 ad

2150 5376 2415 5448 reprobos
2469 5393 2480 5431 :
2537 5392 2683 5432 unus
2739 5377 2834 5448 qui
2892 5383 2973 5432 est
3027 5376 3176 5441 vitae,
3235 5374 3303 5430 ad
3359 5376 3564 5432 electos
3632 5393 3755 5448 per-

2149 5464 2332 5521 tinet.
2404 5465 2639 5538 Reprobi
2705 5465 2908 5520 multos
2969 5463 3140 5520 libros
3205 5463 3429 5531 habent,
3491 5465 3623 5538 quia
3691 5467 3748 5522 in

2219 5690 2335 5760 (74)
2368 5688 2516 5744 Edit.
2541 5687 3019 5760 praterxniserant,
3053 5687 3144 5760 qui
3167 5694 3510 5760 [imparatus
3529 5693 3607 5743 cst
3636 5689 3755 5745 dia-

2147 5760 2262 5818 bolo
2291 5759 2338 5817 et
2366 5760 2564 5833 angelis
2595 5759 2726 5829 ejus.
