3964 6374
222 449 363 541 ᾳοει

220 576 422 633 multis
511 573 792 632 erroribus
862 582 992 631 sunt
1055 572 1342 641 devoluti;

218 666 431 722 multos
461 663 592 721 deos
620 665 933 732 coluerunt,
972 669 1029 718 et
1075 661 1135 717 in
1169 659 1364 717 multis
1418 659 1698 716 erroribus
1725 674 1820 715 se-

219 754 489 826 metipsos
518 752 875 825 dejecerunt:
931 750 1191 808 similiter
1245 758 1300 806 et
1348 749 1593 806 haeretici
1646 750 1824 804 multa

220 842 485 915 dogmata
530 859 698 915 prava
754 850 808 898 et
862 844 978 899 Deo
1019 840 1253 897 odibilia
1281 840 1635 906 invenerunt;
1695 836 1823 893 falsi

218 933 392 988 etiam
421 932 725 991 Christiani
757 931 814 987 in
860 931 1052 988 multis
1097 929 1399 986 sceleribus
1436 928 1683 1001 quotidie
1724 927 1824 983 in—

216 1022 550 1077 volvuntur.
605 1022 810 1077 Multos
866 1036 995 1092 ergo
1056 1018 1227 1075 libros
1274 1017 1490 1090 reprobi
1521 1015 1821 1089 possident,

219 1111 356 1185 quia
412 1111 604 1166 multis
652 1110 833 1166 modis
887 1111 1061 1165 Deum
1119 1108 1435 1174 offendunt;
1492 1106 1653 1163 electi
1692 1122 1823 1161 vero

217 1218 395 1258 unum
456 1201 659 1257 librum
719 1200 944 1267 habent,
998 1199 1128 1272 quia
1183 1214 1357 1253 unum
1405 1200 1579 1253 Deum
1610 1196 1820 1264 colunt,

220 1308 391 1347 unam
441 1291 607 1347 ﬁdem
651 1290 980 1347 catholicam
1027 1287 1382 1357 conﬁtentur,
1432 1304 1545 1344 uno
1598 1288 1824 1344 vinculo

218 1383 512 1441 charitatis
590 1388 1015 1439 connectuntur.
1095 1379 1204 1436 Sed
1254 1378 1609 1452 quaerendum
1664 1380 1864 1437 nobis.

220 1481 327 1541 est,
359 1472 454 1545 qui
512 1472 628 1528 sint
678 1470 807 1527 libri
848 1470 975 1525 isti:
1022 1468 1296 1540 numquid
1349 1484 1414 1523 ex
1465 1469 1651 1541 aliqua
1698 1485 1824 1525 ma-

219 1562 363 1619 teria
386 1560 624 1630 visibili,
686 1567 783 1615 aut
837 1557 1133 1625 invisibili,
1192 1557 1328 1613 ﬁent
1385 1557 1537 1626 libri,
1601 1558 1659 1614 in
1689 1558 1824 1631 qui—

220 1652 328 1708 bus
372 1652 716 1723 singulorum
767 1648 912 1706 facta
962 1646 1394 1704 describantur?
1451 1646 1605 1703 Libri
1656 1647 1825 1720 igitur

221 1740 385 1797 multi
418 1748 547 1797 sunt
575 1740 721 1796 facta
747 1738 1140 1811 reproborum:
1198 1737 1328 1793 libri
1373 1738 1534 1793 multi
1563 1738 1823 1810 aperien—

218 1838 333 1897 tur,
378 1846 504 1885 cum
559 1830 764 1884 scelera
820 1825 1177 1897 reproborum
1207 1824 1465 1882 omnibus
1512 1825 1823 1881 manifesta-

1104 444 1558 505 BEBENGAUDI
1595 442 1969 501 EXPOSITIO
2008 444 2077 500 IN
2116 442 2617 502 APOCALYPSIN.

1432 587 1560 628 nam
1624 570 1819 644 pagani
1846 570 1898 630 A
1924 570 2054 642 quia
2092 570 2162 625 ad
2191 568 2297 625 hoc
2325 579 2625 642 resurgant,
2671 579 2732 628 ut
2762 570 2817 625 in
2846 569 3167 642 corporibus
3209 571 3267 626 in
3330 569 3535 644 quibus

3400 444 3534 503 1022

1930 658 2129 715 animai
2160 668 2545 731 peccaverunt,
2576 659 2636 716 in
2667 658 2801 732 ipsis
2826 667 2880 715 et
2902 658 3226 730 judicentur
3256 677 3270 726 ;
3300 667 3364 716 ut
3393 674 3532 731 quos

1931 747 2246 804 habuerunt
2287 748 2466 804 socios
2512 748 2572 803 iu
2624 747 3034 820 iniquitatibus,
3084 746 3321 805 habeant
3367 748 3532 820 parti-

1932 836 2084 908 cipes
2132 837 2192 892 in
2237 836 2551 894 tormentis.
2600 838 2846 894 Praesens
2895 852 3112 910 quoque
3160 837 3326 893 lectio
3386 835 3530 908 quod

1930 931 2058 981 ante
2101 923 2378 996 judicium
2445 925 2634 981 futura
2688 924 2760 981 sit
2811 925 3141 983 resurrectio
3179 968 3198 991 ,
3266 924 3529 992 ostendit,

1933 1029 2059 1070 cum
2115 1021 2239 1085 post
2303 1013 2672 1070 redditiouem
2731 1022 3097 1082 mortuorum,
3161 1030 3299 1088 quos
3355 1030 3529 1083 mare,

1933 1108 2168 1158 mortem
2197 1110 2252 1157 et
2304 1102 2584 1158 infernum
2638 1101 2942 1158 reddidisse
2969 1101 3127 1169 dicit,
3187 1102 3387 1176 impios
3416 1118 3531 1158 esse

1926 1190 2257 1263 judicandos
2310 1200 2514 1247 narrat.
2574 1191 2679 1248 Sed
2733 1200 2788 1248 et
2840 1191 2976 1248 ﬁdes
3029 1191 3301 1249 catholica
3357 1208 3523 1265 quam

1932 1279 2247 1353 frequenter
2324 1280 2699 1348 decantamus,
2762 1279 2866 1338 hoc
2943 1280 3283 1336 demonstrat
3330 1298 3344 1347 ;
3402 1296 3526 1335 cum

1932 1369 2070 1425 dicit
2098 1369 2165 1425 de
2192 1370 2431 1426 Domino
2455 1387 2467 1425 :
2501 1368 2587 1424 Ad
2615 1369 2771 1441 cujus
2798 1369 3097 1425 adventum
3127 1383 3321 1424 omnes
3349 1367 3528 1424 homi-

1930 1474 2028 1514 nes
2056 1474 2335 1530 resurgere
2384 1457 2588 1514 habent
2614 1474 2740 1514 cum
2786 1456 3109 1529 corporibus
3160 1457 3296 1524 suis,
3328 1463 3383 1512 et
3411 1454 3529 1511 red-

1932 1544 2105 1601 dituri
2158 1553 2287 1601 sunt
2348 1545 2415 1601 de
2468 1544 2629 1602 factis
2680 1546 2919 1618 propriis
2975 1545 3245 1601 rationem
3303 1545 3527 1619 (Athan.

1934 1634 2162 1706 Symb.).
2522 1688 2531 1693 .

2004 1731 2211 1788 Verum
2265 1732 2622 1805 quaerendum
2674 1731 2834 1789 nobis
2890 1741 2990 1802 est,
3051 1732 3186 1805 quid
3215 1732 3533 1811 signiﬁcent

1932 1840 2100 1893 mors,
2144 1842 2313 1896 mare,
2345 1836 2399 1883 et
2447 1828 2716 1885 infernus.
2768 1828 2982 1885 Scimus
3017 1828 3221 1902 quippe
3264 1843 3432 1900 aquas
3462 1827 3531 1884 ad

218 1917 454 1974 buntur.
491 1916 594 1972 Per
640 1915 845 1971 librum
891 1920 1075 1970 autem
1125 1914 1253 1969 vitae
1283 1912 1820 1985 praedestinationem
1855 1924 1901 1985 Β
1931 1912 2271 1972 ablutionem
2316 1925 2663 1988 peccatorum
2712 1925 3028 1974 nostrorum
3078 1932 3195 1973 esse
3246 1932 3530 1973 consecra-

216 2007 320 2063 Dei
354 2004 754 2078 omnipotentis
780 2019 1073 2076 possumus
1101 2002 1429 2073 intelligere.
1458 2005 1520 2059 In
1554 2003 1657 2060 hoc
1678 2003 1821 2060 libro

218 2096 450 2152 nomina
478 2095 879 2167 discipulorum
935 2109 1051 2148 esse
1106 2092 1418 2164 conscripta
1456 2091 1727 2147 Dominus
1765 2092 1823 2147 in

217 2184 527 2259 Evangelio
574 2183 915 2249 manifestat,
967 2197 1095 2238 cum
1136 2181 1307 2237 dicit:
1355 2204 1372 2226 ι
1405 2179 1670 2247 Gaudete,
1694 2179 1824 2251 quia

215 2280 448 2335 nomina
466 2284 649 2333 vestra
663 2276 866 2347 scripta
886 2280 1016 2330 sunt
1037 2272 1095 2328 in
1111 2272 1266 2330 caalis
1288 2273 1439 2343 (Luc.
1455 2288 1514 2339 x,
1529 2271 1646 2342 20).
1680 2294 1698 2318 ›
1744 2273 1823 2325 De

216 2367 327 2424 hoc
356 2367 499 2424 libro
527 2367 809 2440 apostolus
834 2366 1037 2421 Paulus
1080 2363 1328 2436 loquitur
1355 2363 1544 2420 dicens
1570 2381 1581 2418 :
1627 2386 1645 2409 ι
1674 2361 1822 2430 Quos

217 2466 401 2514 autem
450 2457 750 2531 praescivit,
810 2456 912 2512 hos
956 2462 1010 2511 et
1065 2453 1513 2527 przedestinavit:
1576 2458 1632 2508 et
1685 2468 1822 2524 quos

217 2550 654 2622 praedestinavit,
688 2549 789 2605 hos
808 2557 864 2605 et
881 2547 1137 2604 vocavit:
1170 2554 1225 2602 et
1248 2562 1388 2619 quos
1415 2546 1665 2616 vocavit,
1693 2547 1820 2604 illos

217 2646 275 2695 et
306 2638 635 2711 gloriﬁcavit
655 2640 832 2711 (Rom.
864 2656 989 2706 vm,
1017 2637 1137 2708 30).
1170 2661 1188 2683 ι

298 2742 480 2814 (Vers.
518 2741 629 2814 13.)
652 2743 727 2797 Et
745 2740 980 2810 judicati
1038 2745 1163 2794 sunt
1215 2736 1415 2793 mortui
1449 2737 1731 2792 secundum
1759 2753 1821 2792 ea

217 2848 341 2902 qua
367 2830 566 2902 scripta
619 2835 773 2884 erant
802 2828 859 2883 in
921 2826 1091 2892 libris,
1131 2826 1413 2881 secundum
1468 2842 1628 2897 opera
1682 2824 1819 2895 ipso-

217 2938 366 2978 rum.
395 2920 631 2977 Judicati
686 2926 809 2974 sunt
834 2917 1035 2973 mortui
1059 2917 1341 2972 secundum
1369 2932 1429 2971 ea
1477 2932 1594 2986 quia
1621 2915 1821 2986 scripta

215 3016 376 3066 erant
402 3011 459 3065 in
490 3010 640 3065 libris
673 3008 791 3081 (75)
816 3026 830 3075 ;
856 3008 984 3081 quia
1004 3005 1308 3063 secundum
1331 3021 1542 3061 errores
1570 3004 1820 3077 proprios

217 3107 278 3156 et
300 3098 462 3171 juxta
496 3099 811 3173 qualitatem
843 3098 1114 3154 scelerum
1162 3112 1388 3152 suorum
1434 3094 1640 3167 singuli
1669 3092 1818 3165 judi-

215 3186 495 3245 cabuntur
519 3206 532 3256 ;
557 3188 718 3244 aliter
750 3186 897 3243 enim
922 3184 1323 3258 judicabuntur
1360 3184 1629 3253 haeretici,
1658 3184 1820 3241 aliter

214 3276 438 3350 pagani,
487 3278 649 3335 aliter
711 3277 837 3334 falsi
899 3275 1224 3334 christiani:
1284 3274 1380 3332 sed
1412 3274 1814 3347 unusquisque
1844 3276 1890 3339 (Γ.

214 3365 465 3438 ipsorum
520 3374 724 3439 quanto
777 3366 1018 3424 deterior
1076 3363 1247 3421 fuerit
1325 3364 1382 3420 in
1439 3364 1663 3437 proprio
1718 3378 1815 3418 er-

214 3470 362 3517 rore.
387 3462 542 3511 tanto
572 3464 626 3513 et
653 3456 835 3513 acrius
861 3452 1228 3527 judicabitur.

289 3545 366 3601 Et
414 3545 557 3600 dedit
611 3562 760 3601 mare
785 3550 1024 3601 mortuos
1077 3558 1220 3609 suos,
1251 3546 1299 3595 et
1324 3555 1467 3595 mors
1495 3544 1543 3594 et
1571 3538 1813 3609 infernus

211 3633 475 3691 dederunt
496 3640 733 3691 mortuos
760 3633 854 3706 qui
900 3633 958 3687 in
1012 3632 1165 3705 ipsis,
1222 3636 1416 3687 erant:
1446 3635 1496 3683 et
1512 3627 1814 3697 judicatum

212 3729 294 3780 est
320 3712 391 3780 de
412 3724 638 3796 singulis
682 3724 968 3780 secundum
1016 3740 1176 3794 opera
1207 3737 1407 3777 eorum.
1461 3720 1620 3776 Nunc
1649 3718 1717 3775 ad
1751 3735 1814 3775 ea

211 3828 339 3885 quae
367 3814 809 3885 praetermiserat,
842 3811 1170 3879 revertitur;
1203 3810 1356 3884 prius
1386 3809 1588 3883 quippe
1621 3826 1813 3865 resur-

209 3904 390 3962 rectio
411 3906 682 3979 generalis
711 3906 828 3976 ﬁet,
877 3914 932 3963 et
980 3913 1170 3980 postea
1215 3904 1491 3978 judicium
1522 3904 1813 3961 exercebi-

211 4004 325 4053 tur.
359 3995 517 4065 Quod
548 3997 626 4055 ita
651 4014 767 4056 esse
823 3998 1094 4056 Dominus
1123 3999 1180 4055 in
1237 3995 1540 4070 Evangelio
1568 3996 1813 4053 manife-

207 4090 342 4156 stat,
373 4085 563 4143 diceus
590 4086 881 4160 discipulis
906 4106 918 4144 ε
967 4112 986 4137 ι
1013 4089 1077 4144 In
1122 4086 1533 4160 regeneratioue
1561 4100 1688 4143 cum
1718 4102 1813 4141 se-

209 4172 360 4230 derit
386 4176 564 4233 Filius
597 4177 843 4234 hominis
871 4176 930 4234 in
976 4178 1104 4235 sede
1145 4176 1452 4249 majestatis
1495 4191 1627 4244 sum,
1664 4175 1813 4232 sede-

207 4262 347 4321 bitis
375 4274 429 4321 et
456 4283 558 4323 vos
586 4284 749 4339 super
775 4267 930 4324 sedes
963 4266 1278 4336 duodecim,
1320 4273 1469 4331 574
1502 4265 1815 4339 judicantes

208 4362 506 4422 duodecim
527 4366 708 4422 tribus
752 4368 916 4423 Israel
955 4367 1168 4439 (Matth.
1209 4383 1331 4435 xix,
1382 4366 1500 4437 28).
1549 4391 1569 4412 ι
1628 4367 1813 4424 Primo

210 4454 680 4526 regenerationem
712 4455 919 4529 posuit,
942 4455 998 4510 id
1032 4463 1135 4524 est,
1181 4455 1636 4511 resurrectionem
1669 4456 1810 4529 (76);

210 4549 403 4620 postea
447 4543 515 4600 ad
564 4543 898 4616 judicandos
939 4545 1170 4618 populos
1219 4560 1312 4600 eos
1384 4559 1628 4599 sessuros
1699 4560 1816 4602 esse

1932 2010 2036 2070 tas,
2086 2003 2230 2060 sicut
2258 2004 2396 2062 dicit
2423 2006 2691 2062 Dominus
2721 2007 2779 2062 iu
2808 2005 3113 2078 Evangelio
3150 2021 3161 2059 :
3210 2028 3229 2052 ι
3258 2003 3378 2060 Nisi
3407 2002 3531 2077 quis

1931 2101 2153 2150 renatus
2181 2095 2349 2151 fuerit
2377 2112 2444 2151 ex
2469 2112 2611 2169 aqua
2645 2105 2700 2153 et
2728 2097 2936 2168 Spiritu
2964 2103 3174 2163 sancto,
3206 2111 3319 2152 non
3352 2102 3530 2166 potest

1930 2179 2160 2238 introire
2215 2184 2274 2238 in
2329 2201 2555 2255 regnum
2614 2186 2715 2241 Dei
2778 2186 2961 2256 (Joan.
3020 2202 3106 2251 nr,
3164 2185 3245 2256 5).
3309 2209 3327 2232 ι
3383 2184 3531 2239 Mare

1929 2268 2114 2342 itaque
2164 2272 2234 2327 ad
2281 2274 2739 2329 resurrectionem
2778 2275 3089 2329 electorum
3127 2291 3140 2340 ;
3195 2289 3348 2330 mors
3398 2288 3531 2329 vero

1930 2364 2093 2430 atque
2122 2358 2394 2428 infernus,
2414 2360 2484 2416 ad
2513 2360 2871 2432 reproborum
2903 2360 3020 2433 (77)
3051 2360 3350 2432 pertinent.
3382 2360 3530 2415 Mare

1931 2461 2060 2517 ergo
2123 2447 2183 2503 in
2250 2447 2357 2505 hoc
2436 2450 2556 2505 loco
2618 2448 2954 2520 baptismum
3020 2448 3290 2520 designat.
3359 2447 3527 2516 Quasi

1930 2532 2101 2604 igitur
2153 2553 2303 2593 mare
2390 2532 2637 2593 mortuos
2699 2554 2828 2593 suos
2895 2536 3105 2604 reddet,
3177 2552 3304 2593 cum
3368 2536 3527 2592 electi

1930 2622 2025 2693 qui
2084 2623 2141 2678 in
2171 2639 2233 2679 ea
2283 2625 2557 2680 munditia
2582 2640 2745 2697 quam
2801 2624 2860 2679 in
2916 2624 3243 2696 baptismate
3274 2640 3524 2696 percepe-

1928 2718 2079 2778 runt,
2130 2712 2186 2767 in
2236 2727 2299 2768 ea
2345 2714 2508 2768 etiam
2553 2720 2606 2767 et
2649 2720 2952 2785 resurgant,
2991 2713 3200 2767 nullam
3251 2713 3521 2769 maculam

1929 2799 2137 2870 peccati
2181 2799 2463 2857 habentes.
2510 2802 2657 2857 Mare
2692 2808 2938 2857 mortuos
2984 2817 3112 2856 suos
3160 2800 3369 2870 reddet,
3398 2801 3527 2875 quia

1929 2888 2071 2944 sacri
2110 2889 2455 2962 baptismatis
2485 2890 2715 2959 ablutio,
2756 2899 2810 2948 et
2837 2891 3013 2946 sancti
3043 2891 3284 2962 Spiritus
3322 2893 3518 2965 gratia,

1929 2980 2131 3036 electos
2185 2998 2375 3039 omnes
2430 2990 2674 3055 tempore
2720 2982 3139 3039 resurrectionis
3187 2982 3245 3039 in
3288 3000 3525 3054 conspe-

1928 3076 2019 3124 ctu
2066 3067 2338 3127 Creatoris
2383 3071 2468 3127 sui
2499 3070 2733 3127 mundos
2786 3079 2840 3127 et
2876 3070 3262 3127 immaculatos
3287 3072 3526 3127 exhibe-

1927 3157 2031 3215 bit.
2081 3160 2184 3215 Per
2228 3170 2460 3218 mortem
2516 3170 2698 3217 autem
2743 3176 2975 3232 corpora
3022 3159 3345 3233 impiorum,
3404 3177 3525 3232 quae

1928 3245 1985 3302 in
2017 3254 2174 3304 terrae
2201 3248 2416 3306 sinibus
2459 3257 2676 3305 mortua
2716 3247 3037 3304 detinentur
3069 3265 3082 3304 :
3115 3265 3212 3321 per
3238 3248 3521 3305 infernum

1922 3351 2053 3390 vero
2100 3352 2287 3393 eorum
2312 3337 2541 3405 animas,
2592 3352 2656 3393 eo
2700 3337 2847 3410 quod
2894 3336 2952 3392 in
2993 3335 3197 3391 inferni
3264 3335 3522 3391 claustris

1923 3428 2292 3499 detineantur,
2337 3430 2644 3501 intelligere
2686 3444 2994 3500 possumus.
3042 3426 3296 3482 Infernus
3337 3426 3522 3499 itaque

1927 3526 2177 3576 mortuos
2222 3536 2351 3576 suos
2397 3519 2587 3588 dabit;
2616 3518 2746 3593 quia
2766 3517 2977 3574 animas
3008 3516 3187 3590 prima
3229 3522 3405 3571 morte
3432 3514 3521 3570 de-

1927 3616 2164 3678 voratas,
2220 3625 2355 3681 quas
2392 3608 2620 3677 detinet,
2664 3607 2731 3663 ad
2770 3605 3112 3678 recipiendia
3154 3604 3377 3677 propria
3404 3620 3521 3660 cor-

1922 3714 2053 3770 pora
2092 3700 2354 3756 remittet.
2408 3700 2554 3756 Mors
2606 3695 2770 3754 etiam
2829 3704 3075 3753 mortuos
3131 3711 3261 3751 suos
3331 3692 3511 3760 dabit;

1922 3787 2052 3859 quia
2096 3804 2325 3862 corpora
2368 3806 2489 3865 quae
2527 3789 2584 3844 in
2634 3789 2917 3861 pulverem
2964 3785 3266 3858 redegerat,
3318 3791 3379 3839 ut
3407 3780 3518 3836 vir-

1919 3882 2036 3931 tute
2070 3875 2260 3933 divina
2298 3893 2393 3949 per
2440 3876 2749 3933 animarum
2780 3874 3182 3947 susceptionem
3232 3871 3521 3929 vivificen-

1919 3972 2031 4034 tur,
2063 3965 2370 4023 exhibebit.

1994 4073 2178 4146 (Vers.
2223 4074 2308 4143 14,
2360 4074 2474 4146 15.)
2516 4076 2589 4131 Et
2628 4089 2772 4128 mors
2822 4078 2869 4127 et
2912 4070 3156 4141 infernus
3200 4068 3351 4125 missi
3398 4074 3522 4123 sunt

1920 4160 1980 4215 in
2033 4168 2275 4234 stagnum
2330 4162 2537 4234 ignis...
2575 4167 2623 4217 et
2672 4161 2847 4216 omnis
2882 4159 2976 4231 qui
3026 4176 3134 4215 non
3172 4165 3247 4214 est
3293 4158 3353 4213 in
3384 4158 3519 4214 libro

1922 4249 2042 4306 vitae
2085 4251 2334 4323 scriptus,
2388 4251 2579 4307 missus
2629 4255 2704 4305 est
2755 4249 2813 4303 in
2861 4248 3125 4305 caminum
3172 4247 3327 4318 ignis.
3366 4247 3513 4304 Mors

1923 4345 1976 4394 et
2024 4338 2270 4395 infernus
2318 4338 2473 4396 missi
2518 4345 2649 4395 sunt
2687 4337 2747 4392 in
2795 4343 3048 4410 stagnum
3097 4335 3264 4408 ignis,
3306 4333 3363 4390 id
3414 4341 3517 4403 est,

1923 4427 2122 4484 animae
2167 4444 2293 4485 cum
2343 4427 2685 4501 corporibus.
2735 4425 3035 4482 Possumus
3081 4431 3134 4480 et
3161 4440 3258 4495 per
3285 4431 3516 4479 mortem

1922 4524 2220 4594 daemones,
2269 4541 2333 4581 eo
2397 4523 2543 4599 quod
2584 4522 2690 4597 ipsi
2734 4530 2986 4579 auctores
3036 4520 3245 4576 fuerint
3298 4519 3515 4587 mortis,

210 4607 380 4691 dixit.
413 4634 484 4690 Et
537 4607 596 4690 in
641 4607 1141 4707 Evangeliahujus
1175 4632 1401 4689 Joannis
1429 4634 1702 4690 Dominus
1735 4637 1811 4691 lo-
1842 4642 1890 4700 1)
1926 4614 2250 4707 im_e”i8_01‘e-
2298 4615 2446 4671 Mors
2474 4621 2527 4670 et
2556 4613 2807 4707 infernus
2832 4611 3171 4707 instagnum
3202 4607 3511 4707 mittentur,

210 4723 425 4797 quitur,
455 4722 679 4780 dicens:
748 4747 767 4769 ι
825 4723 992 4779 Venit
1044 4722 1181 4779 hora
1228 4721 1446 4796 quando
1476 4738 1685 4792 omnes,
1717 4724 1812 4798 qui

210 4812 273 4869 in
322 4814 698 4871 monumentis
737 4822 887 4884 sunt,
918 4812 1145 4871 audient
1174 4829 1368 4871 vocem
1408 4812 1538 4869 Filii
1570 4813 1709 4883 Dei;
1760 4823 1813 4872 et

211 4903 511 4977 procedent
563 4905 658 4979 qui
713 4904 860 4962 bona
899 4906 1169 4975 fecerunt,
1229 4905 1288 4962 in
1354 4906 1811 4963 resurrectionem

209 4991 377 5048 vitae:
443 4993 538 5067 qui
594 5010 726 5050 vero
762 4994 906 5050 mala
935 5003 1182 5067 egerunt,
1242 4994 1300 5050 in
1354 4994 1809 5051 resurrectionem

203 5080 407 5155 judicii
428 5084 610 5157 (Joan.
629 5101 685 5154 v,
701 5083 790 5153 28,
811 5083 926 5157 29).
945 5110 964 5133 ι
995 5084 1081 5141 Ad
1100 5084 1391 5158 imperium
1406 5083 1574 5157 igitur
1588 5084 1809 5141 Domini

211 5170 281 5228 de
312 5173 688 5230 monumentis
742 5172 857 5229 suis
902 5172 1198 5246 procedent
1243 5172 1482 5239 mortui;
1540 5173 1670 5247 quia
1694 5189 1810 5229 cor-

210 5277 345 5336 pora
370 5262 620 5320 omnium
668 5269 1013 5320 mortuorum
1065 5278 1161 5335 per
1205 5262 1572 5335 receptionem
1602 5264 1808 5319 anima-

208 5368 333 5411 rum
359 5352 655 5423 viviﬁcata,
704 5353 771 5410 de
827 5352 1092 5427 sepulcris
1140 5351 1254 5408 suis
1300 5352 1506 5409 exierit.
1538 5352 1644 5421 Qui
1678 5369 1809 5410 vero

210 5442 354 5498 mala
377 5443 646 5513 fecerunt,
676 5442 734 5499 in
764 5442 1219 5501 resurrectionem
1249 5441 1449 5515 judicii
1481 5443 1799 5516 procedent,

214 5636 219 5641 .
285 5589 402 5660 (75)
424 5589 827 5661 Ιαάὶσαεξνειιηι
875 5591 1154 5661 secundum
1183 5606 1246 5645 ea
1274 5606 1393 5661 qua:
1427 5590 1626 5661 scripta
1656 5596 1809 5644 erant

210 5661 466 5745 inlibris,
502 5660 559 5715 in
606 5660 740 5716 edit.
779 5678 889 5716 non
929 5660 1251 5730 iterabatur,
1290 5660 1388 5716 sed
1439 5661 1519 5717 sic
1572 5660 1806 5717 iteratur

209 5749 747 5877 mgis-Omiseram
774 5801 934 5872 edit.,
961 5804 1019 5860 id
1045 5811 1140 5874 est,
1171 5805 1622 5864 resurrectionem.

1921 4703 2051 4776 quia
2111 4703 2387 4760 daemones
2453 4693 2579 4759 cum
2627 4699 2839 4757 caeteris
2895 4697 3083 4770 impiis
3130 4696 3189 4753 in
3235 4695 3513 4751 infernum

1920 4791 2326 4865 demergentur.

1991 4897 2218 4956 CAPUT
2256 4896 2408 4952 XXI.
2448 4925 2519 4937 —
2574 4893 2756 4965 (Vers.
2792 4892 2871 4964 l.)
2925 4894 2997 4948 Et
3032 4891 3143 4948 vidi
3183 4892 3367 4950 calum
3405 4909 3512 4949 no-

1918 5008 2042 5047 vum
2086 4997 2134 5046 et
2194 4997 2390 5045 terram
2437 5003 2671 5052 novam;
2718 4986 2955 5058 primum
3012 4985 3151 5040 enim
3208 4984 3411 5052 calum,
3466 4989 3513 5039 et

1913 5082 2097 5154 prima
2155 5087 2298 5136 terra
2375 5078 2526 5147 abiit,
2583 5084 2631 5133 et
2686 5093 2833 5133 mare
2901 5075 3022 5147 jam
3077 5091 3184 5131 non
3239 5080 3331 5130 est.
3396 5072 3512 5131 Cm-

1919 5171 2031 5227 lum
2101 5178 2157 5227 et
2208 5179 2374 5238 terra,
2446 5177 2499 5224 et
2548 5176 2743 5225 czetera
2801 5168 3091 5236 elementa,
3162 5181 3282 5239 quae
3347 5163 3513 5220 modo

1921 5259 2197 5328 videmus,
2267 5258 2336 5315 ab
2394 5258 2517 5331 igne
2585 5265 3002 5326 consumentur,
3082 5271 3193 5312 non
3246 5261 3308 5309 ut
3361 5253 3513 5326 peni-

1917 5359 2008 5408 tus
2051 5350 2357 5419 deleantur,
2411 5347 2504 5406 sed
2552 5356 2615 5405 ut
2662 5348 2719 5404 in
2778 5347 3056 5404 meliorem
3105 5352 3331 5414 statum,
3367 5342 3512 5399 sicut

1916 5441 2166 5513 superius
2207 5439 2320 5513 jam
2371 5439 2638 5507 diximus,
2679 5455 2775 5512 per
2831 5438 3009 5510 ignem
3050 5441 3393 5509 reparentur,
3439 5432 3510 5490 si-

1990 5589 2107 5661 (77)
2157 5587 2383 5661 Eadem‘
2410 5585 2566 5655 edit.,
2614 5583 3078 5661 adreproborum
3124 5579 3463 5651 dejectionem
3490 5624 3504 5647 ,

1916 5652 2044 5715 mss.
2088 5652 2238 5727 vero,
2280 5658 2322 5714 si
2358 5658 2488 5730 Reg.
2540 5652 2801 5728 excipias,
2832 5652 3319 5730 dejectionem__non
3345 5668 3505 5730 agno-

1913 5739 2109 5788 scunt:
2159 5724 2252 5786 sed
2302 5724 2490 5788 vocein
2540 5724 2870 5782 mortuorum
2917 5724 3120 5782 referre
3172 5724 3302 5782 licet
3327 5724 3397 5781 ad
3424 5742 3503 5779 re-

1913 5802 2304 5859 surrectionem.
