3964 6408
547 435 684 494 1023

541 567 635 618 cut
678 559 968 618 Psalmista
1011 559 1220 618 indicat
1255 559 1444 617 dicens
1487 575 1500 616 :

540 657 723 707 autem
766 649 1156 724 permanebis:
1215 657 1270 708 et
1298 664 1488 706 omnes
1529 657 1592 706 ut
1621 648 2010 704 vestimentum
2045 662 2136 702 ve-

536 747 844 808 terascent;
880 747 934 797 et
961 741 1112 797 velut
1162 739 1425 798 amictum
1458 738 1696 796 mutabis
1730 755 1842 807 eos,
1879 745 1934 794 et
1961 742 2136 794 muta-

535 829 746 886 buntur
776 830 950 903 (Psai.
973 847 1046 898 cr,
1079 829 1195 902 27).
1227 853 1247 879 ι
1281 827 1439 897 Quod
1467 828 1639 886 dicit:
1667 829 1917 885 Primum
1945 831 2134 886 costum

534 926 588 976 et
615 921 798 994 prima
827 927 971 978 terra
997 921 1147 989 abiit,
1177 919 1414 994 speciem
1442 919 1685 994 ejusdem
1715 920 1840 976 cceli
1868 936 1932 978 ac
1970 929 2131 977 terras

533 1009 891 1067 transituram
945 1025 1058 1066 esse
1087 1009 1462 1077 demonstrat;
1499 1009 1706 1083 species
1733 1011 1883 1067 enim
1917 1025 2130 1080 eorum,

533 1116 646 1156 non
705 1099 938 1156 essentia
981 1099 1262 1170 transibit,
1309 1115 1436 1158 cum
1487 1099 1547 1155 in
1593 1099 1880 1156 meliorem
1925 1106 2132 1156 statum

533 1189 1037 1248 commutabantur.
1092 1188 1250 1258 Quod
1296 1205 1428 1246 vero
1457 1189 1669 1246 infert:
1717 1192 1791 1247 Et
1834 1176 2127 1260 mare'jam

536 1295 643 1336 non
669 1285 764 1348 est,
793 1295 1084 1352 possumus
1110 1281 1413 1338 secundum
1439 1281 1678 1338 litteram
1711 1279 2040 1352 intelligere,
2071 1287 2134 1337 ut

540 1387 689 1428 mare
717 1372 936 1446 penitus
961 1372 1228 1429 deleatur.
1262 1373 1442 1430 Aliter
1473 1389 1486 1428 :
1516 1389 1664 1429 mare
1688 1371 1805 1444 jam
1833 1388 1946 1428 non
1977 1373 2084 1430 erit
2111 1392 2124 1443 ;

539 1461 669 1536 quia
713 1463 991 1536 propriam
1045 1463 1277 1536 figuram
1329 1463 1565 1532 amittet,
1631 1463 1775 1520 sicut
1823 1463 2024 1519 cmlum
2083 1470 2136 1520 et

537 1559 702 1622 terra,
721 1562 784 1610 ut
804 1553 862 1609 in
880 1553 1250 1628 pulchriorem
1278 1552 1510 1609 formam
1531 1561 1830 1624 reparetur.
1847 1551 1950 1608 Sed
1976 1552 2135 1625 spiri-

539 1642 724 1700 taliter
741 1643 848 1700 hoc
869 1643 1285 1718 intelligendum
1303 1651 1436 1717 puto
1460 1663 1474 1712 ;
1498 1641 1769 1718 quidquid
1789 1643 1935 1698 enim
1962 1642 2030 1699 de
2053 1643 2136 1700 in-

538 1734 834 1790 novatione
866 1733 991 1791 coeli
1021 1743 1075 1790 et
1119 1742 1276 1792 terra:
1306 1733 1518 1792 dictum
1549 1742 1650 1803 est,
1683 1742 1738 1790 et
1765 1733 2128 1792 historialiter

537 1822 957 1896 intelligendum
977 1831 1080 1893 est,
1109 1823 1252 1882 sicut
1273 1824 1522 1898 superius
1543 1824 1810 1895 diximus,
1831 1834 1885 1883 et
1913 1827 2134 1900 spirita-

1573 433 1671 489 AD
1709 430 1944 489 OPERA
1982 430 2038 488 S.
2077 427 2411 490 AMBROSII
2448 429 2828 488 APPENDIX.

1549 584 1567 608 ι
1612 559 1720 632 Ipsi
1751 557 2034 632 peribunt,
2067 563 2132 613 tu
2159 559 2212 620 Α
2244 556 2412 613 oculis
2438 573 2638 612 eorum.
2668 555 2885 614 Anima
2905 556 3156 614 omnium
3185 557 3479 616 hominum
3512 557 3838 618 immortales

3713 433 3838 494 1024

2245 655 2438 705 creata:
2477 654 2626 715 sunt,
2683 647 2833 704 sicut
2881 647 3152 706 Dominus
3203 649 3343 707 dicit
3397 650 3456 706 in
3507 649 3832 724 Evangelio:

2258 759 2278 784 ι
2311 737 2494 794 Nolite
2516 736 2711 792 timere
2760 751 2852 792 eos
2893 737 2990 810 qui
3037 728 3298 797 occidunt
3342 754 3564 812 corpus,
3601 739 3830 796 animam

2245 837 2427 887 autem
2455 846 2566 885 non
2588 837 2820 901 possunt
2847 830 3095 888 occidere
3131 831 3344 905 (Matth.
3365 847 3427 899 ι,
3454 829 3570 903 28).
3594 854 3614 878 ι
3648 830 3832 899 Quam-

2246 919 2332 976 vis
2357 918 2504 976 enim
2533 919 2844 976 moriantur
2897 929 3141 993 peccato,
3199 926 3296 976 aut
3357 935 3422 976 ea
3467 926 3646 976 morte
3676 936 3830 994 quam

2245 1009 2477 1083 primam
2509 1017 2563 1066 et
2592 1009 2889 1066 secundam
2923 1009 3210 1078 diximus;
3245 1017 3434 1066 tamen
3471 1025 3586 1066 non
3619 1009 3700 1066 ita
3724 1027 3827 1066 mo-

2245 1099 2488 1167 riuntur,
2523 1106 2587 1156 ut
2616 1100 2836 1172 penitus
2864 1115 2980 1156 non
3004 1101 3155 1156 sint:
3193 1099 3284 1156 sed
3321 1115 3510 1156 earum
3538 1100 3683 1156 male
3727 1115 3832 1158 esse

2246 1205 2393 1245 mors
2429 1196 2676 1251 vocatur.
2726 1191 2849 1246 Duo
2878 1205 3094 1264 quoque
3131 1195 3383 1262 tempora
3437 1187 3510 1244 iis
3551 1189 3832 1246 constituit

2244 1282 2422 1338 Deus:
2458 1280 2744 1353 praesentis
2773 1281 2924 1350 vitae,
2958 1280 3105 1354 quod
3138 1279 3250 1338 cito
3286 1279 3502 1350 ﬁnitur,
3533 1286 3588 1335 et
3616 1280 3828 1349 futuras,

2245 1371 2392 1446 quod
2419 1370 2573 1427 ﬁniri
2602 1387 2714 1427 non
2746 1379 2956 1444 potest;
2987 1385 3269 1443 unumque
3317 1368 3472 1426 ﬂetui
3511 1375 3566 1424 et
3594 1368 3828 1438 mmrori,

2245 1461 2475 1518 alterum
2506 1461 2706 1534 gaudio
2735 1469 2898 1534 atque
2925 1461 3131 1518 iustitiae
3161 1458 3466 1533 deputavit.
3501 1463 3648 1522 575
3667 1459 3829 1516 Verbi

2245 1556 2437 1630 gratia,
2468 1555 2513 1612 si
2543 1557 2667 1629 quis
2687 1557 2856 1613 vellet
2884 1557 2943 1614 in
2971 1555 3078 1614 hoc
3113 1565 3381 1629 tempore,
3407 1554 3555 1630 quod
3583 1553 3830 1612 brevissi-

2245 1662 2396 1704 mum
2426 1654 2530 1715 est,
2561 1663 2660 1718 pro
2693 1646 2930 1718 peccatis
2968 1646 3084 1703 suis
3121 1645 3251 1701 ﬂere
3287 1654 3342 1702 et
3378 1645 3583 1718 lugere,
3620 1651 3677 1701 et
3703 1641 3829 1699 afﬂi-

2245 1735 2422 1809 gendo
2472 1735 2824 1810 semetipsum
2879 1735 3122 1794 carnalia
3148 1733 3420 1792 desideria
3464 1733 3828 1805 exstinguere,

2244 1833 2302 1889 in
2334 1832 2444 1890 alio
2473 1840 2716 1906 tempore
2749 1831 2900 1906 quod
2937 1831 3082 1888 istud
3117 1830 3386 1904 sequitur,
3425 1829 3683 1904 quodque
3715 1828 3829 1886 inii-

537 1913 680 1970 liter.
697 1913 990 1971 Possumus
1008 1913 1190 1987 itaque
1219 1931 1315 1987 per
1333 1916 1535 1974 coelum
1557 1915 1768 1972 animas
1786 1924 2125 1990 sanctorum,
2161 1925 2208 1988 B
2237 1923 2418 1979 nitum
2462 1932 2564 1993 est,
2614 1921 2872 1996 gauderet
2909 1929 2962 1977 et
3003 1921 3304 1978 exsultaret
3340 1919 3398 1976 in
3445 1927 3748 1985 aeternum;
3787 1917 3830 1974 si

537 2018 633 2076 per
658 2009 858 2059 terram
903 2019 1132 2076 corpora
1155 2004 1482 2077 intelligere.
1513 2005 1722 2063 Caelum
1768 2021 1977 2064 novum
2006 2007 2120 2078 ﬁet,

534 2108 662 2148 cum
699 2091 897 2148 animm
933 2101 1245 2151 sanctorum
1287 2111 1383 2166 per
1424 2095 1792 2168 receptionem
1831 2112 2125 2169 corporum

533 2179 594 2237 in
641 2180 884 2238 hominis
927 2191 1177 2240 naturam
1206 2184 1584 2242 restituentur.
1633 2185 1799 2242 Terra
1825 2202 1970 2242 nova
1998 2186 2125 2243 eiii-

533 2271 728 2342 cietur,
783 2289 908 2330 cum
961 2290 1190 2347 corpora
1243 2281 1557 2331 sanctorum
1613 2291 1734 2348 qua:
1764 2283 1928 2331 antea
1965 2285 2124 2336 erant

532 2361 788 2418 mortalia
814 2370 976 2436 atque
1025 2363 1430 2437 corruptibilis,
1479 2363 1817 2420 immortalia
1859 2371 1911 2420 et
1943 2363 2121 2422 incor-

533 2453 817 2527 ruptibilia
867 2455 1183 2514 reddentur.
1239 2457 1389 2530 Saepe
1431 2471 1562 2513 vero
1614 2473 1710 2528 per
1765 2472 1914 2514 mare
1960 2458 2121 2532 impii

533 2541 908 2618 designantur,
965 2547 1180 2605 dicente
1209 2547 1348 2605 Isaia
1376 2545 1667 2620 propheta:
1741 2570 1760 2595 ι
1792 2549 1955 2621 Impii
1985 2565 2119 2622 qua-

533 2636 579 2692 si
610 2652 758 2692 mare
795 2630 1032 2707 fervens,
1063 2637 1208 2712 quod
1261 2637 1538 2712 quiescere
1583 2653 1696 2693 non
1725 2646 1928 2710 potest,
1955 2649 2009 2698 et
2040 2658 2120 2698 re-

533 2725 783 2783 dundant
831 2726 1030 2784 ﬂuctus
1073 2725 1190 2800 ejus
1237 2725 1296 2783 in
1340 2725 1810 2784 conculcationem
1861 2737 1914 2786 et
1939 2730 2118 2788 lutum

535 2814 668 2888 (Isa.
719 2833 854 2885 Lvn,
903 2816 1019 2890 20).
1065 2839 1084 2864 ι
1141 2815 1286 2871 Mare
1314 2814 1486 2886 igitur
1521 2814 1640 2888 jam
1667 2833 1779 2873 non
1805 2818 1956 2889 erit;
1991 2820 2120 2894 quia

533 2905 714 2963 omnis
757 2906 1053 2962 multitudo
1099 2904 1395 2978 impiorum
1424 2921 1550 2962 cum
1596 2904 1978 2980 deceptoribus
2003 2910 2120 2968 suis

528 2994 871 3054 daemonibus
900 2995 960 3050 in
987 2993 1264 3050 infernum
1295 2993 1533 3064 detrusa,
1565 3005 1888 3068 praesentem
1919 3001 2114 3058 mundi

527 3085 724 3143 faciem
771 3101 802 3141 a
841 3100 941 3142 sua
981 3083 1267 3158 inquinata
1317 3083 1657 3142 habitatione
1686 3087 1950 3146 mundam
1979 3106 2114 3163 prae-

527 3174 771 3232 stabunt.

2235 2011 2362 2086 quis
2392 2020 2576 2068 autem
2606 2011 2710 2067 hoc
2761 2009 3005 2082 elegerit,
3056 2017 3120 2066 ut
3171 2009 3230 2066 in
3280 2009 3535 2082 praesenti
3589 2015 3830 2080 tempore

2235 2100 2484 2174 gaudeat,
2509 2107 2564 2156 et
2591 2098 2866 2156 desideria
2891 2099 3075 2158 carnis
3103 2115 3214 2156 suas
3242 2097 3508 2170 perficiat,
3548 2098 3609 2154 in
3638 2098 3829 2154 futuro

2233 2191 2462 2264 lugebit,
2493 2199 2548 2247 et
2577 2189 2891 2246 tristabitur
2915 2189 2974 2246 in
3004 2189 3420 2262 sempiternum.
3460 2191 3540 2246 De
3582 2189 3655 2246 iis
3679 2189 3826 2246 duo-

2230 2280 2335 2337 bus
2364 2279 2703 2354 temporibus
2733 2279 2952 2336 videtur
3005 2278 3146 2335 mihi
3199 2279 3550 2335 Salomonem
3582 2277 3822 2336 dixisse:

2247 2395 2264 2417 ι
2304 2370 2539 2441 Tempus
2568 2367 2762 2436 ﬂendi,
2793 2375 2848 2424 et
2869 2375 3086 2440 tempus
3113 2367 3332 2423 ridendi
3361 2369 3558 2441 (Ere-le.
3587 2385 3678 2436 III,
3701 2367 3781 2438 4).
3799 2391 3816 2414 ι

2230 2459 2466 2530 Tempus
2486 2456 2659 2512 ﬂendi
2681 2457 2982 2512 electorum
3011 2471 3160 2512 nunc
3211 2465 3330 2512 est:
3362 2463 3583 2530 tempus
3612 2454 3825 2513 ridendi

2228 2554 2364 2603 tunc
2384 2545 2510 2614 erit,
2552 2544 2774 2619 quando
2803 2543 2944 2600 illud
2987 2542 3330 2616 implebitur,
3382 2545 3531 2617 quod
3560 2545 3827 2602 Dominus

2229 2635 2366 2694 dicit
2402 2633 2463 2690 in
2491 2634 2792 2707 Evangelio
2817 2653 2830 2692 :
2889 2659 2908 2683 ι
2933 2633 3089 2690 Beati
3119 2634 3217 2708 qui
3246 2635 3436 2708 lugent
3467 2651 3644 2704 nunc,
3668 2640 3827 2709 'quo-

2229 2727 2380 2782 niam
2406 2723 2514 2797 ipsi
2539 2723 2977 2782 consolabuntur
2999 2724 3213 2796 (Matth.
3255 2741 3312 2792 v,
3342 2725 3422 2796 5).
3463 2749 3482 2773 ι
3521 2725 3826 2783 Peccatori-

2226 2814 2330 2871 bus
2358 2830 2488 2870 vero
2520 2813 2658 2870 dicit
2685 2829 2697 2869 :
2741 2837 2760 2862 ι
2791 2814 2888 2872 Vae
2918 2812 3076 2870 vobis
3104 2813 3200 2886 qui
3253 2812 3447 2870 ridetis
3487 2828 3661 2883 nunc,
3703 2813 3826 2888 quia

2226 2903 2518 2978 plorabitis
2547 2909 2600 2960 et
2629 2901 2836 2960 ﬂebitis
2865 2903 3019 2978 (Luc.
3051 2920 3132 2973 vr,
3153 2903 3282 2975 25M
3317 2927 3336 2950 ι
3378 2901 3672 2976 Absterget
3702 2919 3826 2976 ergo

2225 3003 2372 3058 Deus
2401 3015 2620 3057 omnem
2665 2997 2970 3072 lacrymam
3007 2997 3076 3054 ab
3102 2995 3280 3054 oculis
3310 3003 3662 3064 sanctorum;
3699 2994 3826 3068 quia

2225 3103 2350 3168 post
2401 3093 2860 3151 resurrectionem
2919 3091 3062 3149 nihil
3116 3090 3276 3148 triste
3313 3091 3518 3149 sanctis
3578 3090 3826 3148 accidere

2227 3184 2446 3259 poterit,
2481 3182 2628 3240 unde
2658 3181 3079 3256 lacrymaa‘oriri
3109 3181 3342 3254 possint.

601 3265 780 3336 (Vers-
829 3261 911 3336 2ο)
963 3263 1038 3320 Et
1081 3262 1337 3320 Civitatem
1385 3270 1620 3320 δαησίατη
1664 3265 1959 3324 Jerusalem
2003 3268 2116 3324 vidi
2150 3289 2194 3352 ο
2298 3277 2373 3334 Et
2391 3291 2536 3330 mors
2563 3275 2712 3330 ultra
2738 3288 2846 3327 non
2888 3270 3008 3327 erit.
3041 3269 3262 3326 Primus
3299 3269 3467 3326 homo
3493 3267 3825 3325 immortalis

525 3352 904 3410 descendentem
938 3353 1000 3409 de
1037 3353 1164 3408 caelo
1193 3371 1228 3410 α
1271 3354 1402 3424 Deo,
1427 3360 1681 3426 paratam
1709 3356 1842 3412 sicut
1870 3373 2116 3428 sponsam

523 3449 770 3498 ornatam
797 3442 915 3499 viro
945 3460 1060 3500 suo.
1099 3442 1310 3502 Civitas
1337 3446 1634 3502 Jerusalem
1663 3445 1910 3504 Ecclesia
1937 3455 2019 3504 est
2047 3464 2116 3504 ex

523 3531 779 3588 omnibus
835 3531 1000 3606 justis
1045 3541 1358 3592 constructa
1393 3552 1406 3592 :
1459 3535 1526 3592 de
1572 3535 1710 3592 coelo
1757 3535 2048 3594 descendet
2097 3553 2112 3604 ;

522 3620 652 3695 quia
673 3621 912 3679 Domino
937 3623 1006 3680 ad
1027 3623 1302 3697 judicium
1331 3625 1606 3695 veniente,
1635 3642 1762 3685 cum
1804 3626 1904 3682 illo
1933 3625 2116 3682 omnis

523 3710 822 3768 multitudo
869 3721 1182 3770 sanctorum
1221 3715 1424 3784 veniet,
1461 3714 1604 3772 sicut
1631 3713 1768 3772 dicit
1797 3715 1964 3772 Isaias
1992 3731 2113 3786 pro-

521 3799 686 3872 pheta
715 3816 728 3855 :
771 3826 790 3850 ι
809 3802 1079 3860 Dominus
1101 3803 1170 3860 ad
1193 3802 1467 3876 judicium
1497 3805 1683 3860 veniet
1711 3821 1836 3862 cum
1866 3805 2115 3861 sensibus

522 3890 712 3963 populi
763 3891 872 3962 sui,
911 3900 965 3949 et
1000 3893 1341 3968 principibus
1385 3893 1501 3967 ejus
1534 3895 1666 3967 (Isa.
1719 3913 1804 3964 III,
1839 3895 1952 3968 14).
1979 3920 1998 3942 ι
2044 3895 2115 3951 Et

523 3979 956 4053 sapientissimus
979 3984 1238 4040 Salomon
1266 3985 1324 4040 in
1354 3985 1668 4042 Proverbiis
1698 4001 1710 4039 :
1757 4009 1776 4034 α
1805 3985 2024 4043 Nobilis
2053 3985 2110 4042 in

521 4070 694 4142 portis
739 4071 828 4127 vir
872 4071 1009 4144 ejus,
1065 4075 1284 4146 quando
1329 4074 1532 4132 sederit
1579 4091 1706 4132 cum
1763 4076 2111 4132 senatoribus

520 4166 678 4215 terrae
724 4162 911 4232 (Prov.
949 4179 1112 4231 xxxx,
1143 4163 1266 4236 23).
1291 4189 1308 4211 ι
1349 4164 1480 4231 Quae
1511 4165 1655 4221 sicut
1699 4181 1898 4237 sponsa
1925 4173 2112 4237 parata

521 4255 576 4304 et
613 4258 806 4306 ornata
845 4266 962 4308 esse
1006 4251 1248 4320 dicitur;
1283 4253 1412 4326 quia
1458 4253 1602 4309 sicut
1643 4270 1842 4326 sponsa
1872 4253 2110 4312 diversis

520 4337 822 4395 monilibus
875 4349 928 4396 et
977 4341 1315 4398 ornamentis
1364 4343 1710 4415 semetipsam
1768 4353 2014 4412 exornat,
2048 4351 2110 4400 ut

520 4443 720 4502 sponso
767 4445 868 4486 suo
897 4431 1108 4502 placeat
1139 4448 1152 4486 :
1198 4431 1274 4487 ita
1305 4438 1359 4488 et
1384 4432 1630 4490 Ecclesia
1671 4432 1906 4490 diversis
1933 4433 2108 4491 virtu-

519 4516 668 4574 tibus
710 4519 1018 4590 decoratur,
1073 4529 1136 4578 ut
1188 4519 1432 4578 Creatori
1478 4538 1598 4590 suo,
1631 4521 1726 4596 qui
1754 4530 1836 4579 est
1876 4539 2108 4596 sponsus

519 4606 566 4681 ej
575 4625 658 4678 us,
690 4611 903 4682 placere
933 4613 1132 4669 valeat.

592 4709 772 4781 (Vera.
804 4711 886 4784 3.)
924 4715 991 4768 Et
1031 4713 1215 4770 audivi
1239 4731 1405 4770 vocem
1437 4729 1684 4785 magnam
1709 4713 1772 4768 de
1798 4713 1984 4768 throno
2013 4712 2108 4768 di-

515 4805 706 4856 centem
739 4817 752 4857 :
803 4803 937 4858 Ecce
977 4803 1370 4860 tabernaculum
1417 4803 1517 4859 Dei
1544 4817 1662 4858 cum
1707 4797 2022 4868 hominibus,
2059 4805 2108 4854 et

517 4891 772 4947 habitabit
816 4908 930 4947 cum
960 4893 1032 4949 eis
1059 4911 1074 4962 ;
1104 4900 1153 4948 et
1177 4894 1280 4966 ipsi
1304 4894 1536 4966 populus
1579 4891 1692 4962 ejus
1719 4896 1894 4958 erunt,
1924 4894 1972 4944 et
1997 4888 2107 4960 ipse

517 4980 776 5039 Dominus
821 4999 938 5037 cum
964 4983 1037 5038 eis
1081 4984 1183 5038 erit
1226 5000 1408 5039 eorum
1453 4983 1614 5039 Deus.
1648 4980 1862 5038 Scimus
1907 4997 2004 5054 per
2030 4979 2105 5036 ei-

516 5073 744 5128 vitatem
787 5073 1087 5130 Jerusalem
1116 5083 1170 5131 et
1196 5075 1612 5132 tabernaculum
1650 5071 1874 5130 Domini
1903 5072 2106 5128 Eccle-

517 5159 655 5218 siam
703 5177 844 5234 saepe
889 5178 1004 5218 esse
1048 5162 1404 5237 designatum.
1455 5165 1664 5224 Civitas
1705 5178 1833 5236 ergo
1884 5161 1944 5218 in
2000 5160 2106 5217 hoc

518 5249 640 5308 loco
669 5259 722 5308 et
750 5251 1164 5310 tabernaculum
1195 5253 1442 5312 Ecclesia
1468 5261 1697 5311 vocatur
1729 5269 1744 5321 ;
1781 5268 1846 5309 eo
1875 5249 2103 5326 quodin

517 5338 616 5397 illa
658 5333 872 5399 habitet
897 5344 1063 5412 Deus,
1117 5341 1262 5401 sicut
1289 5343 1406 5418 ipse
1445 5343 1582 5401 dicit
1609 5359 1706 5416 per
1745 5341 2100 5416 prophetam:

533 5455 552 5477 ι
581 5431 908 5490 Inhabitabo
935 5433 993 5489 in
1027 5433 1162 5502 illis,
1193 5441 1247 5490 et
1272 5432 1649 5500 inambulabo,
1680 5441 1735 5490 et
1763 5448 1856 5487 ero
1879 5431 2104 5487 illorum

519 5521 683 5591 Deus,
713 5531 766 5578 et
796 5522 902 5594 ipsi
927 5533 1090 5580 erunt
1117 5523 1256 5580 mihi
1279 5523 1516 5596 populus
1547 5521 1736 5593 (Lee-it.
1766 5537 1925 5588 xxvr,
1955 5519 2089 5589 i2).-

592 5610 776 5680 (Vers.
817 5611 898 5684 4.)
927 5614 1006 5670 Et
1045 5613 1300 5686 absterget
1324 5612 1466 5669 Deus
1493 5627 1696 5666 omnem
1725 5611 2012 5682 lacrymam
2041 5608 2105 5663 ab

2135 4656 2185 4716 D

2228 3365 2405 3422 factus
2463 3370 2584 3420 est:
2651 3359 2927 3435 peccando
2999 3369 3182 3418 autem
3241 3367 3294 3416 et
3347 3357 3823 3416 immortalitatem

2226 3454 2433 3524 amisit,
2469 3461 2524 3510 et
2579 3459 2817 3508 mortem
2873 3451 3086 3509 mundo
3131 3450 3346 3508 intulit.
3407 3449 3538 3506 Post
3581 3463 3825 3504 resurre-

2224 3545 2464 3603 ctionem
2497 3549 2679 3598 autem
2711 3557 2868 3597 mors
2897 3557 3011 3597 non
3039 3540 3172 3609 erit;
3201 3539 3332 3613 quia
3350 3547 3404 3596 et
3432 3538 3550 3610 ipse
3563 3537 3824 3612 princeps

2224 3632 2421 3689 mortis
2458 3629 2714 3688 diabolus
2754 3647 2882 3688 cum
2925 3629 3184 3686 omnibus
3230 3625 3560 3686 satellitibus
3611 3627 3734 3682 suis
3767 3627 3824 3682 in

2223 3721 2503 3778 infernum
2535 3728 2800 3794 perpetuo
2846 3720 3095 3778 reclusus
3126 3717 3423 3786 tenebitur,
3458 3723 3512 3772 et
3541 3714 3824 3772 immorta-

2223 3811 2348 3868 litas
2376 3826 2539 3884 quam
2585 3809 2798 3883 primus
2852 3808 3018 3865 homo
3063 3805 3341 3880 peccando
3391 3803 3598 3873 amisit,
3655 3803 3824 3877 justis

2226 3900 2516 3958 reddetur:
2567 3909 2621 3957 et
2676 3898 3014 3972 possibilitas
3069 3897 3354 3970 peccandi,
3407 3911 3528 3968 quae
3582 3902 3823 3952 mortem

2222 3989 2431 4046 mundo
2482 3988 2696 4057 intulit,
2751 3987 2819 4042 ab
2894 3985 2972 4042 eis
3024 3985 3323 4044 auferetur.
3389 3985 3568 4054 Neque
3629 3985 3818 4040 luctus.

2221 4079 2360 4138 Cum
2388 4077 2638 4151 superius
2691 4075 2838 4132 dicat
2883 4073 3029 4148 quod
3087 4073 3358 4144 absterget
3407 4073 3554 4128 Deus
3595 4089 3820 4131 omnem

2220 4171 2520 4242 lacrymam
2569 4165 2638 4222 ab
2677 4163 2853 4222 oculis
2891 4172 3230 4230 sanctorum,
3280 4159 3415 4234 quid
3459 4176 3692 4220 necesse
3720 4162 3821 4218 fuit

2219 4262 2280 4318 in
2308 4260 2414 4316 hoc
2454 4257 2575 4314 loco
2605 4257 2817 4314 luctum
2856 4254 3102 4328 ponere?
3143 4251 3250 4310 Sed
3296 4251 3442 4308 inter
3489 4251 3818 4310 eﬂ‘usionem

2218 4353 2586 4422 lacrymarum
2641 4354 2697 4403 et
2731 4346 2944 4403 luctum
2993 4343 3179 4416 aliqua
3229 4339 3500 4398 distantia
3529 4348 3657 4410 est;
3694 4359 3816 4399 nam

2215 4437 2443 4494 tristitia
2467 4451 2610 4507 saepe
2639 4436 2914 4508 lacrymas
2943 4431 3151 4501 educit,
3198 4446 3340 4504 saepe
3368 4427 3656 4502 gaudium,
3681 4446 3816 4503 saepe

2215 4525 2576 4595 desiderium,
2608 4540 2749 4597 saepe
2789 4523 2982 4580 laetitia
3027 4521 3144 4595 (78)
3173 4538 3187 4588 ;
3217 4520 3402 4576 luctus
3443 4534 3574 4574 vero
3602 4535 3816 4592 semper

2215 4633 2284 4673 ex
2340 4631 2539 4686 magno
2585 4629 2820 4670 maerore
2873 4610 3148 4677 nascitur;
3209 4609 3390 4664 luctus
3444 4622 3688 4679 namque
3738 4615 3816 4664 est

2215 4707 2376 4763 ﬂetus
2405 4705 2624 4763 dierum
2647 4699 3224 4773 multorum.Lugebat
3253 4697 3460 4754 Paulus
3478 4696 3678 4770 eosqtti
3696 4713 3812 4771 pec-

2215 4805 2500 4864 caverunt,
2530 4803 2584 4850 et
2613 4810 2726 4850 non
2745 4799 2973 4866 egerunt
3001 4787 3403 4863 pmnitentiam.
3436 4787 3508 4842 Et
3545 4785 3809 4843 Salomon

2215 4887 2462 4966 loquitur
2489 4885 2708 4942 dicens:
2758 4909 2776 4932 ς
2815 4883 3022 4939 Luctus
3069 4878 3274 4936 mortui
3329 4885 3536 4966 septem
3590 4875 3808 4966 diebus,

2215 4963 2397 5034 luctus
2416 4985 2597 5032 autem
2628 4973 2767 5030 fatui
2793 4969 3054 5028 omnibus
3081 4966 3278 5024 diebus
3305 4965 3434 5022 vita:
3464 4965 3582 5038 ejus
3614 4963 3806 5037 (Eccii.

2213 5083 2358 5136 χχιι,
2392 5065 2504 5137 13).
2539 5091 2558 5113 ι
2616 5061 2863 5120 Ecclesia
2915 5075 3064 5116 nunc
3119 5058 3180 5114 in
3214 5057 3368 5112 luctu
3415 5062 3516 5123 est,
3568 5069 3634 5110 eo
3665 5053 3809 5128 quod

2214 5154 2347 5229 perd
2375 5153 2685 5226 eceptiones
2715 5151 3028 5208 daemonum
3057 5144 3304 5220 quotidie
3342 5141 3645 5199 maximam
3693 5157 3807 5217 par-

2212 5255 2325 5302 tem
2354 5261 2424 5300 ex
2451 5243 2566 5300 suis
2593 5239 2837 5298 amittit:
2872 5239 2932 5295 in
2977 5237 3076 5294 illa
3107 5242 3292 5292 autem
3320 5232 3439 5289 vita
3485 5233 3670 5289 luctus
3699 5247 3806 5288 non

2214 5334 2341 5404 erit,
2380 5333 2477 5407 qui
2539 5347 2634 5404 per
2689 5327 3039 5402 deceptiones
3091 5325 3404 5382 daemonum
3459 5321 3685 5378 nullum
3741 5334 3804 5407 ex

2215 5425 2329 5481 suis
2363 5406 2614 5479 amittere
2677 5416 2896 5492 poterit.
2960 5417 3140 5486 Neque
3209 5414 3430 5468 clamor.
3493 5411 3556 5467 In
3611 5406 3802 5466 Genesi

2214 5514 2478 5586 scriptum
2509 5521 2591 5568 est
2611 5509 2758 5583 quod
2786 5507 2994 5564 dixerit
3021 5507 3168 5562 Deus
3187 5503 3254 5559 ad
3283 5500 3564 5560 Abraham
3588 5519 3599 5555 :
3642 5525 3660 5547 ι
3690 5499 3802 5555 Cla-

2215 5621 2336 5660 mor
2363 5603 2727 5660 Sodomorum
2756 5606 2808 5654 et
2838 5593 3160 5654 Gomorrhae
3213 5591 3368 5650 venit
3402 5590 3471 5648 ad
3527 5605 3616 5645 me
3645 5589 3799 5660 (Gen.

595 5808 710 5878 (78)
755 5810 834 5865 Ita
863 5825 992 5866 mss.
1025 5827 1042 5878 ;
1083 5810 1216 5868 edit.
1262 5820 1464 5882 autem,
1491 5829 1624 5886 swpe
1659 5811 1934 5885 gaudium,
1963 5825 2098 5884 saepe
2133 5807 2392 5868 iwtitiam.
2421 5806 2544 5864 Non
2571 5804 2733 5862 bene.
