3964 6372
166 367 197 421 1
210 367 321 424 025

1060 362 1515 421 BERENGAUDI
1556 361 1927 418 EXPOSITIU
1969 360 2038 416 IN
2076 357 2583 416 APOCALYPSIN.

167 510 341 561 xvm,
391 491 507 561 20).
539 516 558 538 ι
603 491 767 545 Isaias
813 505 943 544 vero
986 488 1250 561 propheta
1299 488 1429 559 quid
1462 487 1533 542 sit
1575 488 1782 542 clamor
1811 490 1860 546 Α
1894 487 2012 552 tris,
2052 492 2100 539 ct
2134 485 2372 538 omnibus
2419 485 2797 539 mendacibus:
2846 503 2978 557 pars
3023 487 3241 542 illorum
3285 490 3386 544 erit
3428 488 3489 543 in

166 581 564 648 Sodomorum,
621 578 869 651 exponit,
929 594 1053 636 cum
1123 577 1368 652 loquitur
1418 578 1486 634 de
1541 577 1704 632 Israel
1761 593 1773 631 :

185 696 208 718 ιι
267 672 556 727 Peccatum
606 686 765 725 suum
817 668 971 742 quasi
1028 668 1264 725 Sodoma
1317 667 1779 741 praedicaverunt,

168 776 281 816 nec
330 759 738 816 absconderant
783 759 921 831 (Isa.
954 776 1036 823 Ill,
1067 758 1148 829 9).
1182 783 1201 806 ι
1249 757 1571 813 Praedicatio
1614 756 1784 828 igitur

167 850 389 922 peccati
437 850 646 905 clamor
686 856 934 905 vocatur.
967 849 1261 904 Possumus
1292 847 1455 903 etiam
1487 848 1781 902 clamorem

169 941 342 995 aliter
390 939 737 1011 intelligere;
792 937 1081 995 Psalmista
1125 953 1362 1010 namque
1409 935 1590 992 dicit:
1649 960 1665 982 ι
1698 934 1783 990 Ad

167 1030 501 1099 Dominum,
524 1047 651 1087 cum
672 1030 990 1097 tribularer,
1012 1029 1271 1095 clamavi,
1301 1037 1355 1085 et
1382 1027 1670 1085 exaudivit
1700 1043 1784 1081 me

175 1121 358 1193 (Psal.
410 1136 563 1187 cxrx,
600 1120 676 1191 1).
708 1143 727 1165 ι
783 1120 855 1174 Et
900 1120 1117 1192 Moyses
1166 1119 1225 1174 in
1277 1118 1528 1191 angustia
1573 1116 1785 1189 positus

170 1210 451 1268 clamabat
495 1208 561 1264 ad
607 1208 930 1264 Dominum.
956 1208 1067 1265 'Ubi
1116 1225 1243 1280 ergo
1272 1224 1449 1281 neque
1478 1215 1780 1280 peccatum,

175 1300 330 1375 quod
361 1299 707 1373 praedicetur,
740 1314 914 1371 neque
942 1298 1232 1355 tribulatio
1268 1298 1376 1354 erit
1408 1299 1542 1365 ulla,
1575 1298 1784 1354 clamor

173 1391 332 1447 ullus
380 1387 719 1444 necessarius
765 1404 876 1444 non
925 1389 1049 1444 erit.
1091 1390 1267 1458 Neque
1314 1388 1470 1443 dolor
1515 1388 1635 1442 erit.
1687 1387 1787 1443 Est

175 1481 342 1537 dolor
379 1479 643 1552 corporis,
697 1487 779 1536 est
825 1486 878 1535 et
926 1479 1146 1534 mentis.
1199 1478 1404 1551 Istique
1452 1476 1667 1532 dolores
1711 1476 1788 1533 ita

176 1578 311 1626 sunt
340 1568 598 1637 connexi,
627 1576 690 1624 ut
726 1584 870 1624 unus
899 1567 1016 1623 sine
1051 1568 1225 1623 altero
1272 1583 1388 1623 esse
1417 1581 1529 1622 non
1574 1565 1783 1638 possit;

175 1658 341 1715 dolor
370 1658 571 1731 quippe
601 1657 848 1730 corporis
878 1657 1073 1729 afﬂigit
1122 1666 1365 1713 mentem
1391 1674 1403 1724 ;
1437 1654 1695 1712 similiter
1735 1661 1789 1709 et

178 1750 344 1807 dolor
387 1750 587 1806 mentis
630 1766 830 1822 corpus
872 1749 1171 1806 excruciat.
1214 1750 1277 1805 In
1326 1748 1424 1803 illa
1462 1746 1629 1819 igitur
1675 1744 1790 1800 vita

178 1840 344 1895 dolor
382 1854 495 1893 non
544 1837 669 1907 erit,
708 1837 804 1894 ubi
854 1855 1031 1911 neque
1085 1837 1322 1911 corpori,
1371 1851 1547 1909 neque
1591 1833 1788 1890 animai

180 1928 300 1983 ulla
345 1926 647 1982 adversitas
690 1925 937 1983 accidere
978 1927 1199 1999 poterit.
1259 1927 1386 1994 Quae
1426 1925 1609 1997 prima
1649 1923 1786 1979 abie-

178 2023 332 2072 runt.
365 2016 548 2072 Prima
576 2015 681 2072 ista
708 2015 981 2085 abierunt,
1013 2015 1143 2089 quia
1187 2031 1312 2072 cum
1361 2015 1561 2072 saeculo
1599 2020 1789 2069 trans-

184 2107 407 2174 ierunt;
467 2105 626 2162 electi
678 2105 825 2161 enim
878 2104 971 2178 qui
1029 2112 1353 2177 praesentem
1399 2104 1593 2171 vitam,
1647 2102 1789 2158 sicut

184 2194 439 2267 superius
461 2192 575 2265 jam
611 2193 881 2261 diximus,
911 2192 964 2247 in
999 2192 1286 2250 doloribus
1314 2202 1369 2249 et
1396 2190 1789 2249 afﬂictionibus

184 2285 611 2357 deputaverunt,
644 2290 766 2354 post
813 2282 978 2338 linem
1028 2283 1311 2355 praesentis
1356 2282 1486 2338 vitae
1529 2279 1788 2354 gaudium

185 2371 585 2445 sempiternum
616 2370 968 2428 invenerunt.

263 2470 445 2543 (Vers.
478 2470 531 2538 5,
573 2468 653 2540 6.)
685 2471 761 2525 Et
788 2469 929 2525 dixit
952 2470 1045 2540 qui
1072 2469 1277 2526 sedebat
1304 2469 1360 2526 in
1390 2470 1577 2526 throno
1613 2486 1625 2525 :
1658 2470 1790 2526 Ecce

184 2578 326 2615 nova
355 2559 497 2628 facio
525 2560 724 2615 omnia.
757 2561 833 2615 De
860 2559 1218 2616 innovatione
1263 2568 1635 2617 creaturarum
1686 2577 1785 2617 su-

185 2649 373 2722 perius
402 2649 585 2722 aliqua
613 2648 878 2705 diximus.
928 2651 1003 2706 Et
1048 2650 1188 2704 dixit
1231 2650 1364 2705 mihi
1395 2667 1407 2705 :
1443 2649 1621 2706 Scribe
1662 2649 1790 2719 quia

186 2745 295 2799 hau:
324 2744 481 2799 verba
510 2729 819 2815 fidelissima
855 2750 999 2810 sunt,
1045 2750 1094 2799 et
1127 2761 1273 2800 vera.
1323 2743 1428 2800 Sed
1474 2752 1528 2800 et
1570 2743 1677 2799 hoc
1703 2759 1792 2798 su-

187 2833 376 2907 perius
418 2832 630 2889 dictum
676 2840 777 2890 est.
818 2835 894 2890 Et
933 2834 1072 2889 dixit
1100 2834 1231 2889 mihi
1268 2852 1279 2890 :
1314 2835 1428 2905 Ego
1466 2850 1581 2887 sum
1614 2833 1792 2904 Alpha

186 2930 239 2979 et
270 2924 480 2995 Omega.
515 2922 659 2990 Quid
705 2923 778 2979 sit
821 2924 999 2995 Alpha
1029 2930 1076 2979 et
1106 2924 1297 2994 Omega
1342 2922 1625 2979 subdeudo
1665 2938 1793 2978 ma-

189 3016 437 3084 nifestat,
490 3032 615 3072 cum
659 3014 839 3072 dicit:
874 3016 1096 3073 Initium
1149 3022 1198 3070 et
1251 3015 1392 3088 ﬁnis.
1435 3017 1549 3086 Ego
1597 3013 1792 3069 sitienti

188 3105 328 3162 dabo
370 3104 432 3159 de
476 3103 620 3175 fonte
661 3122 813 3176 aqua:
857 3106 988 3160 viva:
1032 3105 1221 3178 gratis.
1256 3104 1359 3161 Per
1399 3103 1607 3161 fontem
1640 3118 1793 3177 aqua

188 3195 338 3250 vivae
386 3212 524 3267 saepe
572 3194 853 3268 Scriptura
894 3202 1081 3252 sancta
1121 3195 1455 3267 designatur,
1490 3195 1634 3251 sicut
1670 3195 1795 3250 Do-
1825 3228 1869 3290 Ο

190 3286 379 3342 minus
426 3285 563 3343 dicit
612 3286 671 3343 in
721 3286 1023 3359 Evangelia
1062 3304 1074 3343 :
1132 3312 1151 3335 ι
1199 3286 1305 3355 Qui
1354 3286 1529 3343 credit
1576 3285 1635 3341 in
1684 3302 1790 3353 me,

188 3374 340 3431 sicut
369 3375 651 3447 Scriptura
692 3375 850 3445 dicit,
880 3376 1112 3432 ﬂumina
1152 3375 1219 3433 de
1248 3384 1439 3433 ventre
1470 3375 1586 3447 ejus
1627 3373 1799 3432 ﬂuent

188 3480 350 3537 aqua:
379 3464 524 3520 vivas
561 3465 742 3537 (Joan.
773 3482 875 3533 vn,
907 3465 1023 3537 38).
1055 3489 1073 3513 ι
1120 3464 1227 3522 Sed
1272 3474 1334 3522 ut
1378 3464 1628 3521 ordinem
1674 3481 1799 3519 ser-

187 3572 410 3624 vemus,
463 3572 559 3628 per
613 3556 822 3611 fontem
871 3566 1025 3629 aqua;
1077 3556 1222 3611 viva:
1278 3555 1505 3628 gloriam
1562 3554 1798 3611 cmlestis

186 3646 386 3719 patriae
415 3644 679 3701 debemus
708 3644 1015 3717 intelligere
1049 3662 1060 3701 :
1096 3645 1191 3718 qui
1218 3644 1343 3701 fons
1370 3644 1438 3699 ab
1466 3645 1584 3716 ipso
1614 3643 1798 3699 Domi-

188 3751 270 3791 no
297 3734 619 3806 procedens,
651 3744 864 3790 montes
911 3733 1160 3791 omnium
1205 3732 1482 3805 justorum
1530 3748 1628 3789 sua
1670 3732 1799 3788 ine-

188 3823 462 3883 narrabili
517 3822 809 3879 dulcedine
865 3824 1063 3880 satiare
1128 3840 1239 3880 non
1298 3823 1531 3880 desistit.
1592 3822 1796 3880 Verum

190 3911 475 3986 quomodo
505 3912 679 3986 gloria
720 3911 824 3969 ista
872 3913 1042 3985 gratis
1082 3912 1248 3985 justis
1289 3913 1471 3981 datur,
1505 3927 1604 3984 pro
1642 3910 1799 3983 cujus

191 4001 515 4074 acceptione
560 4003 737 4058 multa
781 4002 1010 4060 adversa
1056 4004 1358 4076 perferunt,
1397 4003 1598 4059 multas
1627 4004 1800 4074 lacry-

172 4108 317 4157 .mas
367 4092 628 4162 fundunt,
689 4092 1005 4149 innumeras
1057 4108 1241 4166 preces
1296 4092 1552 4161 offerunt,
1598 4092 1801 4148 multas

193 4184 577 4257 eleemosynas
633 4185 991 4258 largiuntur:
1029 4194 1084 4242 et
1132 4185 1344 4242 caeteris
1392 4184 1551 4241 bonis
1609 4183 1802 4256 operi-

191 4276 303 4333 bus
326 4275 646 4347 semetipsos
674 4275 982 4331 exercent?
1011 4274 1117 4331 Sed
1146 4276 1313 4347 gratis
1338 4275 1509 4331 vitam
1539 4283 1797 4331 aeternam

193 4362 517 4440 percipiunt
551 4381 561 4419 :
596 4363 727 4435 quia
759 4363 995 4435 pretium
1024 4363 1154 4419 vita
1186 4372 1423 4431 aeternae,
1471 4362 1619 4436 quod
1668 4369 1799 4418 sunt

196 4455 347 4511 bona
394 4467 576 4523 opera,
622 4449 689 4505 ab
740 4450 858 4522 ipso
904 4451 1201 4523 accipiunt,
1234 4452 1329 4524 qui
1376 4451 1568 4506 dixit:
1620 4474 1640 4498 ι
1669 4450 1799 4507 Sine

198 4559 291 4601 me
342 4541 485 4598 nihil
541 4538 772 4612 potestis
826 4539 1002 4596 facere
1061 4540 1241 4611 (Joan.
1300 4555 1397 4608 xv,
1454 4539 1535 4610 5).
1593 4563 1613 4587 ι
1678 4540 1799 4611 Ipse

199 4596 405 4706 qﬁuiippe
434 4596 817 4700 dat.pretium,
847 4630 963 4702 ipse
1009 4596 1077 4685 et‘
1095 4644 1193 4702 pro
1237 4596 1411 4701 pretio
1461 4596 1579 4701 (’79)
1629 4596 1801 4685 vitam
1829 4596 1878 4656 Β

206 4729 471 4779 aeternam
501 4720 751 4791 largitur.

277 4816 460 4889 (Vers.
494 4816 544 4884 7,
585 4815 669 4887 8.)
718 4815 821 4883 Qui
873 4815 1073 4887 eriserit,
1124 4815 1410 4889 possidebit
1453 4815 1578 4885 huic,
1624 4822 1670 4871 et
1714 4833 1803 4872 ero

200 4908 288 4965 illi
333 4909 495 4977 Deus,
528 4914 576 4963 et
616 4909 729 4981 ipse
770 4909 873 4964 erit
916 4909 1048 4964 mihi
1092 4910 1255 4982 ﬁlius.
1309 4910 1415 4978 Qui
1454 4910 1650 4967 vicerit
1690 4909 1802 4969 dia-

200 4997 417 5068 bolum,
446 4999 741 5072 omniaque
786 4999 923 5055 vitia
965 5016 1246 5072 superans,
1303 5000 1361 5056 in
1408 5000 1569 5058 bonis
1613 5001 1804 5074 operi-

200 5086 311 5142 bus
379 5088 827 5160 perseveraverit,
905 5088 1207 5161 possidebit
1274 5088 1411 5158 haec,
1470 5090 1527 5146 id
1584 5098 1685 5161 est,
1742 5108 1805 5148 ea

203 5191 327 5249 quae
374 5178 622 5249 superius
668 5177 816 5234 dicta
870 5186 1035 5247 sunt;
1084 5178 1345 5235 videlicet
1390 5186 1453 5235 ut
1491 5178 1644 5237 bibat
1688 5180 1803 5254 ipse

204 5265 274 5325 de
303 5266 455 5323 fonte
482 5269 611 5324 vitae
638 5276 873 5338 aeternae,
907 5268 1052 5341 quod
1080 5277 1161 5326 est
1186 5270 1359 5343 gloria
1383 5278 1662 5343 perpetua.

284 5356 506 5414 Timidis
558 5365 751 5428 autem,
812 5364 861 5414 et
930 5359 1234 5430 incredulis,
1292 5368 1339 5417 et
1391 5362 1691 5430 ert-socratis,
1758 5366 1808 5417 et

204 5444 503 5516 homicidis,
552 5453 598 5503 et
640 5447 1074 5520 fornicatoribus,
1123 5455 1171 5506 et
1207 5451 1468 5524 veneﬁcis,
1498 5458 1547 5507 et
1581 5451 1803 5509 idolola~

281 5608 400 5690 (7.9)
438 5606 590 5689 Edit.
624 5609 755 5668 Gill.
790 5610 847 5667 in
886 5621 1170 5690 contextu,
1202 5613 1313 5690 dat_
1335 5615 1587 5687 pretium,
1623 5621 1669 5671 et
1695 5614 1806 5690 sine

203 5685 423 5762 pretio;
461 5685 520 5762 in
549 5696 720 5755 marg.
762 5691 965 5762 autem,
999 5694 1056 5743 et
1096 5686 1253 5744 Rom.
1298 5685 1357 5762 iri
1398 5694 1681 5762 contextu,
1713 5689 1808 5744 dat

205 5755 435 5824 pretium
463 5758 511 5809 et
534 5768 630 5811 suo
653 5755 826 5826 pretio
839 5773 861 5823 ;
886 5773 1015 5816 mss.
1062 5774 1193 5817 vero
1230 5757 1390 5819 nobis
1416 5755 1801 5835 suffragantur.

1897 581 2140 646 stagnum
2165 575 2304 645 ignis
2337 574 2574 629 ardentis
2611 575 2881 645 sulphure,
2920 577 3062 647 quod
3098 584 3171 631 est
3210 595 3354 632 mors
3397 596 3488 635 se-

1888 665 2061 719 cunda
2091 664 2229 736 (80).
2273 664 2412 723 Cum
2450 664 2620 722 timor
2647 665 2807 722 valde
2835 666 3169 724 necessarius
3198 666 3269 723 sit
3293 668 3489 725 homi-

1891 752 2078 822 nibus,
2109 770 2210 810 cur
2233 755 2490 810 timorem
2520 755 2665 812 inter
2693 765 2817 813 octo
2855 755 2994 813 vitia
3042 757 3201 814 valde
3253 758 3489 830 pessima

1892 843 2131 914 primum
2182 844 2413 916 posuit?
2464 845 2568 901 Sed
2609 853 2737 902 sunt
2782 846 3007 904 timores
3053 847 3208 916 boni,
3258 857 3387 905 sunt
3436 856 3488 905 et

1891 932 2044 988 mali.
2080 933 2177 990 Est
2205 934 2374 989 timor
2413 934 2572 991 valde
2601 937 2866 1006 optimus,
2896 935 2964 991 de
2993 952 3102 1008 quo
3147 936 3285 993 dicit
3330 937 3490 993 Psal-

1892 1026 2055 1081 mista
2083 1044 2094 1082 :
2140 1051 2158 1075 ι
2188 1028 2376 1083 Timor
2403 1026 2626 1085 Domini
2658 1039 2898 1099 sanctus,
2941 1047 3266 1103 permanens
3302 1034 3359 1090 in
3393 1051 3488 1089 sa:-

1891 1116 2078 1172 culum
2106 1116 2291 1172 saeculi
2324 1118 2497 1190 (Psal.
2532 1135 2696 1189 xvm,
2733 1120 2861 1189 10);
2895 1145 2913 1169 ι
2952 1128 3035 1176 est
3061 1130 3114 1177 et
3140 1122 3307 1178 timor
3346 1139 3487 1179 mor-

1894 1204 1964 1260 tis
2015 1206 2174 1261 valde
2226 1209 2585 1277 necessarius,
2634 1209 2911 1283 timorque
2948 1210 3093 1282 ignis
3145 1212 3372 1267 mterni:
3406 1211 3490 1267 ti-

1895 1311 2014 1349 mor
2068 1296 2232 1352 etiam
2293 1298 2563 1355 bonorum
2611 1298 2923 1368 hominum,
2972 1301 3191 1373 quando
3237 1309 3491 1358 amantur

1893 1383 1961 1439 ab
2008 1384 2077 1440 iis
2122 1402 2154 1441 a
2199 1387 2400 1459 quibus
2445 1389 2758 1447 timentur:
2809 1396 2939 1446 sunt
2991 1397 3048 1446 et
3089 1390 3186 1446 alii
3242 1390 3486 1459 timores,

1895 1472 1991 1544 qui
2019 1474 2314 1547 aliquando
2337 1477 2554 1549 juvant,
2596 1478 2893 1551 aliquando
2940 1488 3172 1549 nocent;
3220 1481 3363 1538 sicut
3408 1488 3491 1536 est

1896 1561 2064 1617 timor
2106 1564 2375 1621 malorum
2426 1565 2737 1637 hominum,
2788 1569 2957 1625 timor
2996 1569 3272 1641 judicum,
3323 1572 3491 1628 timor

1896 1651 2251 1710 dominorum
2287 1673 2299 1712 :
2358 1666 2490 1714 sunt
2531 1658 2627 1713 alii
2672 1658 2900 1716 timores
2943 1661 3101 1717 valde
3147 1663 3390 1734 pessimi,
3422 1664 3491 1720 de

1897 1743 2099 1815 quibus
2125 1743 2217 1801 hic
2259 1744 2471 1802 dictum
2520 1763 2635 1803 esse
2683 1764 2840 1817 reor;
2885 1759 3015 1806 sunt
3059 1766 3295 1823 namque
3339 1768 3489 1807 non-

1898 1832 2062 1900 nulli,
2103 1834 2197 1905 qui
2236 1833 2433 1891 timore
2461 1853 2745 1908 pmnarum
2771 1854 2913 1911 saepe
2948 1839 3008 1895 in
3055 1838 3276 1896 ﬂetibus
3328 1857 3490 1897 com-

1898 1930 2217 1995 punguntur
2250 1943 2261 1981 :
2294 1924 2388 1981 sed
2417 1926 2545 1999 quia
2570 1927 2769 1984 timent
2791 1928 3136 2000 asperitatem
3175 1929 3281 1985 vias
3314 1929 3486 1999 illius,

1898 2030 2018 2085 quae
2074 2013 2232 2070 ducit
2279 2014 2348 2071 ad
2393 2016 2587 2085 vitam,
2635 2018 2774 2074 vitia
2819 2018 3087 2087 deserere,
3145 2018 3489 2093 rigoremque

1899 2103 2027 2159 vitae
2078 2103 2237 2160 bonas
2290 2106 2697 2179 apprehendere
2752 2108 3028 2181 trepidant
3070 2126 3081 2165 :
3142 2116 3271 2165 sunt
3319 2110 3486 2166 etiam

1898 2193 2083 2261 multi,
2111 2192 2313 2265 quibus
2348 2195 2501 2251 dedit
2547 2198 2692 2252 Deus
2736 2197 3023 2254 scientiam
3068 2198 3249 2271 legum
3283 2206 3489 2270 tempo-

1898 2286 2119 2354 ralium,
2154 2287 2249 2360 qui
2280 2287 2337 2343 in
2362 2287 2592 2360 judiciis
2620 2290 2805 2360 positi,
2838 2290 2973 2347 dum
3002 2290 3197 2348 vident
3226 2290 3489 2365 quosdam

1898 2392 1930 2431 a
1964 2376 2364 2448 potentioribus
2394 2376 2596 2451 injuste
2636 2380 2893 2453 opprimi,
2928 2382 3051 2453 plus
3081 2381 3339 2437 timentes
3384 2380 3493 2437 iras

1898 2466 2189 2525 hominum
2220 2485 2383 2542 quam
2415 2469 2552 2527 iram
2586 2472 2707 2539 Dei,
2739 2487 2832 2527 eos
2860 2487 2996 2543 quos
3039 2488 3135 2545 per
3179 2470 3488 2527 doctrinam

1898 2572 2063 2628 quam
2100 2568 2445 2629 acceperunt,
2486 2558 2681 2630 juvare
2731 2568 3002 2631 poterant,
3059 2568 3114 2616 et
3162 2577 3194 2616 a
3247 2559 3491 2632 periculo

1898 2646 2151 2715 liberare,
2192 2646 2421 2703 tacendo
2452 2648 2510 2703 in
2534 2648 2797 2713 damnum
2843 2665 3101 2721 magnum
3150 2648 3341 2705 sinunt
3385 2649 3492 2705 de—

1899 2736 2088 2792 venire
2113 2754 2126 2791 :
2159 2745 2289 2793 sunt
2317 2737 2413 2792 alii
2441 2738 2536 2811 qui
2561 2754 2671 2794 non
2700 2740 2879 2794 solum
2910 2754 3022 2795 non
3043 2755 3137 2795 eos
3150 2737 3371 2810 juvant,
3398 2736 3492 2794 sed

1900 2833 2125 2897 propter
2154 2826 2411 2883 timorem
2441 2827 2731 2886 hominum
2760 2830 3087 2886 sententiam
3122 2827 3493 2887 damnationis

1901 2916 1959 2971 in
1989 2933 2081 2973 eos
2109 2918 2395 2990 proferunt
2429 2938 2441 2977 :
2486 2929 2568 2977 est
2592 2929 2645 2977 et
2675 2921 2844 2979 timor
2878 2939 3039 2996 quem
3069 2920 3299 2979 avaritia
3329 2921 3490 2993 parit,

1900 3007 2104 3081 aliique
2132 3011 2358 3067 timores
2386 3010 2545 3068 valde
2574 3011 2822 3078 inutiles,
2839 3012 2908 3069 de
2929 3012 3130 3087 quibus
3159 3012 3381 3085 longum
3411 3014 3493 3068 est

1900 3097 2101 3153 dicere.
2502 3150 2515 3164 ,

1972 3186 2291 3246 Incredulos
2327 3197 2509 3247 autem
2536 3207 2649 3249 non
2670 3208 2764 3249 eos
2797 3190 3177 3249 tantummodo
3206 3198 3370 3250 vocat
3399 3187 3494 3264 qui

1903 3290 2016 3331 non
2059 3277 2310 3347 credunt,
2361 3279 2505 3336 sicut
2545 3288 2675 3336 sunt
2710 3279 2887 3337 ,Ιαᾱωὶ
2933 3290 3094 3354 atque
3128 3282 3350 3353 pagani;
3397 3279 3493 3337 sed

1904 3371 1958 3419 et
1985 3382 2078 3422 eos
2106 3366 2202 3440 qui
2230 3382 2342 3423 non
2372 3369 2604 3425 credunt
2630 3371 3104 3426 resurrectionem.
3152 3370 3291 3426 Sunt
3326 3367 3492 3426 etiam

1904 3454 2002 3509 alii
2032 3455 2193 3511 multi
2224 3455 2320 3530 qui
2348 3456 2649 3515 Christiani
2676 3467 2964 3525 vocantur,
3003 3457 3100 3531 qui
3128 3473 3241 3514 non
3263 3457 3496 3514 credunt

1905 3550 2050 3608 576
2080 3553 2178 3611 Dei
2202 3552 2431 3625 justitiae
2459 3572 2471 3622 ;
2506 3571 2605 3627 pro
2632 3571 2697 3612 eo
2721 3555 2869 3612 enim
2895 3556 3041 3629 quod
3070 3556 3209 3613 vitia
3231 3554 3492 3628 diligunt,

1906 3650 1961 3697 et
1987 3642 2259 3699 desideria
2287 3644 2468 3701 carnis
2496 3661 2608 3702 suae
2644 3646 2903 3719 perﬁcere
2952 3646 3169 3715 volunt,
3218 3661 3331 3702 non
3381 3661 3495 3703 cre-

1906 3730 2048 3788 dunt
2091 3732 2549 3791 comminationes
2589 3734 2906 3791 divinarum
2954 3735 3382 3808 Scripturarum,
3435 3742 3497 3791 ut

1907 3829 2104 3893 putent
2131 3839 2187 3879 se
2216 3839 2316 3896 pro
2351 3824 2421 3879 iis
2453 3840 2569 3881 esse
2611 3824 2982 3895 damnandos;
3032 3841 3160 3882 nam
3213 3824 3496 3884 libidinosi

1908 3910 2101 3967 dicunt
2129 3914 2285 3968 nullo
2312 3913 2476 3970 modo
2503 3930 2601 3986 pro
2620 3931 2725 3971 usu
2748 3914 3150 3973 concumbeudi
3167 3930 3497 3988 quemquam

1909 4018 2023 4059 esse
2052 4004 2357 4077 periturum
2391 4023 2403 4062 :
2440 4005 2535 4063 sed
2564 4014 2618 4064 et
2644 4007 2849 4065 ebriosi
2895 4007 3090 4065 dicunt
3134 4008 3288 4065 nullo
3335 4006 3499 4063 modo

1907 4107 1964 4146 se
1992 4109 2092 4165 pro
2121 4096 2294 4152 nimia
2319 4096 2439 4154 vini
2470 4097 2748 4170 potatione
2775 4114 2893 4155 esse
2930 4098 3241 4171 puniendos
3272 4113 3285 4153 :
3334 4094 3502 4152 simi-

1911 4182 2035 4238 liter
2064 4191 2119 4240 et
2154 4186 2326 4254 avari,
2374 4186 2669 4257 luxuriosi,
2716 4196 2880 4262 atque
2925 4187 3147 4261 superbi
3198 4184 3502 4243 defendunt

1906 4273 2044 4328 vitia
2072 4289 2189 4331 sua.

1978 4364 2304 4421 Exsecratos
2332 4373 2514 4422 autem
2545 4382 2637 4422 eos
2675 4382 2791 4423 esse
2825 4375 2982 4440 puto,
3022 4366 3119 4441 qui
3149 4374 3503 4425 exsecrantur

1907 4453 2164 4510 mandata
2192 4454 2509 4513 divinarum
2566 4457 2996 4530 Scripturarum,
3029 4458 3501 4529 correctionesque

1908 4542 2197 4600 hominum
2226 4544 2518 4602 bonorum.
2549 4546 2844 4602 Possumus
2868 4553 2921 4602 et
2950 4562 3046 4618 per
3072 4553 3379 4602 exsecratos
3407 4560 3499 4602 eos

1910 4632 2217 4706 intelligere
2245 4635 2341 4708 qui
2370 4636 2429 4691 in
2461 4643 2675 4692 tantum
2708 4643 2837 4692 sunt
2866 4635 3247 4701 inverecundi,
3287 4642 3351 4690 ut
3388 4649 3501 4691 non

1910 4725 2112 4797 pudeat
2138 4741 2231 4783 eos
2259 4724 2505 4798 quaedam
2545 4722 2902 4781 exsecrabilia
2943 4722 3002 4779 in
3044 4730 3341 4795 conspectu
3385 4738 3500 4779 om-

1910 4814 2067 4871 nium
2106 4822 2413 4887 perpetrare
2446 4832 2458 4871 :
2500 4813 2596 4888 qui
2631 4830 2744 4870 non
2780 4815 2958 4870 solum
3002 4829 3034 4870 a
3067 4811 3255 4884 justis,
3307 4827 3500 4869 verum

1909 4904 2076 4961 etiam
2104 4922 2136 4961 a
2165 4903 2491 4978 quibusdam
2522 4901 2745 4974 injustis
2773 4918 2912 4975 saepe
2945 4909 3319 4959 exsecrantur.

1982 4993 2302 5050 Homicidas
2330 5000 2511 5049 autem
2540 5000 2703 5049 vocat
2733 5009 2846 5049 non
2903 4993 3082 5049 solum
3127 4990 3503 5048 interfectores

1910 5084 2272 5159 quorumdam
2317 5085 2629 5156 hominum,
2659 5086 2755 5144 sed
2781 5094 2837 5144 et
2861 5102 2955 5143 eos
2990 5086 3087 5161 qui
3133 5085 3322 5143 odium
3376 5098 3504 5156 por-

1911 5183 2030 5232 tant
2059 5176 2117 5232 in
2146 5175 2405 5234 cordibus
2448 5176 2584 5247 suis,
2641 5177 2785 5236 sicut
2828 5177 2931 5234 iste
2979 5177 3213 5234 Joannes
3261 5173 3506 5248 loquitur

1910 5266 2136 5325 dicens:
2185 5292 2203 5315 ι
2233 5268 2425 5325 Omnis
2453 5267 2550 5341 qui
2579 5267 2697 5327 odit
2725 5268 2952 5327 fratrem
2996 5284 3178 5337 suum,
3225 5264 3506 5325 homicida

1910 5363 1994 5414 est
2026 5356 2084 5429 (Ι
2106 5357 2263 5415 Joau.
2305 5376 2389 5427 ιιι,
2432 5359 2545 5431 15).
2584 5382 2604 5408 ι

1983 5446 2240 5522 Sequitur
2267 5448 2578 5507 fornicatio.
2612 5448 3060 5507 Fornicationum
3099 5460 3295 5520 genera
3332 5445 3507 5503 multa

1988 5611 2107 5686 (80)
2135 5612 2294 5686 Rom.
2324 5611 2458 5670 edit.
2488 5612 2609 5670 loco
2637 5618 2904 5686 moverat,
2922 5609 3224 5670 etomnibus
3248 5610 3507 5670 mendaci-

1913 5683 2246 5757 bus...'quod
2274 5690 2350 5742 est
2370 5701 2513 5743 mors
2540 5685 2782 5742 secunda.

3350 360 3489 416 1026
3562 422 3573 437 ,
