3964 6412
537 371 673 428 1027

1564 375 1659 430 AD
1699 375 1930 432 OPERA
1970 376 2024 432 S.
2069 374 2401 433 AMBROSII
2437 375 2816 438 APPENDIX.

3692 385 3818 443 1028

533 506 690 553 sunt;
725 496 1144 570 quibuscumque
1173 498 1321 553 enim
1364 498 1563 568 modis,
1611 511 1836 572 excepta
1883 501 2126 571 legitima
2154 505 2204 562 Α
2232 501 2432 572 quibus
2468 504 2684 558 nullum
2735 513 2867 576 puto
2893 502 3174 560 hominem
3205 521 3276 560 ex
3303 512 3421 561 toto
3460 521 3618 577 posse
3653 507 3821 566 absti-

532 601 724 656 uxore,
795 586 1129 644 desiderium
1201 590 1454 646 libidinis
1510 593 1781 664 expletur,
1842 592 2132 647 fornicatio

530 685 780 734 vocatur.
837 680 916 734 De
971 680 1357 736 fornicationis
1414 682 1560 737 malo
1607 681 1808 738 Paulus
1853 681 2131 752 apostolus

531 766 796 840 loquitur,
828 768 1050 825 dicens:
1086 795 1104 817 ‹
1135 770 1239 837 Qui
1271 778 1452 825 autem
1483 770 1812 834 fornicatur,
1842 770 1899 824 in
1932 785 2129 840 corpus

527 869 690 910 suum
738 863 925 927 peccat
968 857 1024 927 (Ι
1064 858 1187 913 Cor.
1242 875 1320 925 vr,
1367 859 1478 927 18).
1534 884 1551 906 ι
1611 860 1672 913 In
1719 873 1916 928 corpus
1967 873 2126 912 suum

529 952 736 1015 peccat,
768 945 898 1017 quia
927 946 1296 1017 integritatem
1333 945 1450 1017 ejus
1486 947 1656 1002 violat
1689 953 1851 1017 atque
1885 963 2125 1002 corrum-

526 1032 608 1104 pit
636 1051 649 1100 ;
683 1051 809 1090 cum
843 1034 1100 1090 humores
1129 1033 1248 1105 ejus
1274 1033 1533 1090 innoxios
1577 1035 1631 1089 vi
1684 1035 1924 1090 extrahit
1965 1043 2127 1106 atque

526 1122 782 1178 effundit.
825 1124 924 1178 Est
953 1131 1008 1178 et
1051 1124 1346 1179 fornicatio
1376 1122 1746 1194 cogitationis,
1778 1125 1843 1179 de
1873 1140 1979 1195 qua
2005 1126 2126 1179 Do-

529 1211 714 1267 minus
740 1213 986 1284 loquitur
1015 1212 1204 1268 dicens
1233 1231 1243 1267 :
1282 1236 1301 1259 ι
1333 1213 1438 1280 Qui
1471 1212 1676 1268 viderit
1718 1213 2008 1268 mulierem
2057 1213 2125 1268 ad

522 1303 1019 1375 concupiscendum
1071 1321 1210 1373 eam,
1259 1304 1372 1376 jam
1429 1305 1731 1360 moechatus
1776 1311 1856 1358 est
1903 1320 2020 1358 eam
2065 1303 2123 1358 in

521 1392 684 1449 corde
710 1409 809 1448 suo
846 1393 1057 1464 (Matth.
1094 1410 1152 1462 v,
1187 1393 1301 1464 28).
1336 1419 1354 1442 ι
1394 1393 1665 1465 Propheta
1704 1409 1919 1466 quoque
1959 1393 2124 1448 Jeru—

520 1482 686 1538 salem
718 1481 1123 1538 fornicatricem
1156 1482 1394 1550 vocavit,
1448 1498 1512 1538 eo
1561 1481 1712 1554 quod
1754 1485 1929 1538 Deum
1975 1483 2124 1538 dere-

520 1569 776 1643 linquens
803 1570 953 1627 idola
981 1572 1215 1627 coluerit
1250 1570 1467 1643 (Ezech.
1500 1587 1619 1639 xvr,
1657 1571 1863 1642 15-22).
1919 1570 2124 1628 Simili-

520 1669 603 1718 ter
630 1669 682 1717 et
712 1678 811 1717 nos
836 1662 1278 1734 suggestionibus
1314 1662 1630 1719 daemonum
1672 1662 2120 1735 obtemperando,

517 1766 643 1808 cum
675 1751 1038 1823 nosmetipsos
1083 1751 1163 1807 eis
1212 1750 1564 1823 subjicimus,
1609 1751 1970 1809 fornicatores
2011 1769 2122 1809 non

516 1838 969 1895 inconvenienter
993 1856 1278 1897 vocamur.

2240 606 2368 646 nere
2400 608 2412 646 :
2446 601 2575 648 sunt
2621 602 2674 649 et
2721 594 2925 666 gravia,
2975 610 3095 667 qua:
3141 600 3393 666 mergunt
3441 594 3723 654 hominem
3774 601 3822 655 in

2239 684 2644 742 damnationem
2677 689 2892 744 mortis.

2309 775 2411 832 Sed
2442 777 2569 849 quia
2597 777 2685 832 his
2713 778 3055 849 temporibus
3084 771 3245 834 multi
3275 786 3407 835 sunt
3443 779 3539 854 qui
3575 781 3695 838 sine
3722 784 3823 839 ali-

2238 879 2344 935 qua
2371 866 2676 922 reverentia
2706 867 2800 921 Dei
2831 867 3225 938 omnipotentis
3259 884 3395 939 pene
3423 869 3642 926 assidue
3673 889 3822 928 men—

2236 952 2470 1022 tiuntur,
2505 956 2710 1027 placuit
2741 956 2899 1012 nobis
2942 967 3004 1013 ut
3033 957 3099 1012 de
3137 959 3242 1013 hoc
3279 957 3419 1012 vitio
3460 959 3647 1032 aliqua
3690 961 3822 1018 dica-

2235 1057 2376 1096 mus.
2412 1043 2616 1098 Verum
2651 1045 2802 1116 prius
2843 1045 2909 1100 de
2952 1045 3168 1102 levibus
3217 1045 3518 1103 mendaciis
3564 1049 3822 1119 dicamus,

2234 1139 2420 1201 postea
2447 1133 2514 1188 de
2540 1135 2901 1205 gravioribus.
2936 1135 3087 1206 Saepe
3114 1135 3477 1191 aestimatione
3506 1139 3822 1208 mentimur,

2234 1225 2566 1282 aestimantes
2621 1244 2719 1282 nos
2775 1227 2962 1283 videre
3017 1228 3165 1300 quod
3230 1246 3342 1284 non
3403 1230 3678 1298 videmus,
3737 1241 3824 1288 aut

2233 1314 2422 1369 audire
2479 1315 2625 1387 quod
2675 1332 2786 1372 non
2839 1315 3115 1384 audimus,
3173 1325 3268 1372 aut
3331 1318 3468 1374 scire
3521 1318 3668 1390 quod
3722 1334 3822 1375 non

2234 1403 2453 1460 scimus.
2502 1405 2653 1476 Saepe
2700 1422 2935 1478 namque
2981 1423 3108 1462 cum
3138 1407 3356 1478 alonge
3403 1409 3669 1480 quosdam
3712 1427 3823 1482 pro-

2232 1493 2512 1564 spicimus,
2546 1493 2687 1549 fallit
2717 1511 2816 1550 nos
2837 1502 3086 1566 aspectus
3116 1502 3322 1563 noster,
3349 1504 3404 1551 et
3425 1495 3667 1554 dicimus
3692 1515 3819 1567 esse,

2233 1580 2328 1652 qui
2357 1597 2468 1636 non
2495 1589 2641 1638 sunt.
2672 1582 2822 1654 Saepe
2863 1584 3029 1638 etiam
3077 1592 3131 1640 et
3176 1583 3426 1640 obscuris
3463 1587 3819 1658 temporibus,

2231 1685 2356 1726 cum
2399 1673 2587 1741 procul
2637 1672 2844 1743 lapides
2885 1681 2980 1729 aut
3023 1672 3244 1729 arbusta
3289 1673 3682 1746 conspicimus,
3714 1675 3823 1749 ipsa

2232 1759 2563 1817 obscuritate
2591 1761 2860 1830 fallimur,
2889 1769 2943 1817 et
2993 1761 3231 1818 dicimus
3274 1762 3527 1819 homines
3575 1780 3693 1820 esse
3735 1773 3822 1822 aut

2231 1845 2450 1904 bestias.
2483 1848 2633 1920 Saepe
2662 1849 2943 1906 oblivione
2972 1849 3239 1922 fallimur,
3271 1867 3400 1906 cum
3438 1851 3822 1910 obliviscimur

586 1929 830 1988 Venetici
861 1937 1043 1986 autem
1073 1937 1220 1998 sunt,
1251 1931 1344 2003 qui
1371 1947 1602 2003 corpora
1627 1930 1918 1987 hominum
1955 1946 2112 1986 vene-
2143 1907 2190 1967 Β
2226 1952 2345 2008 quae
2372 1937 2607 1994 fecimus
2641 1947 2695 1994 et
2724 1939 2992 2009 vidimus,
3023 1948 3116 1996 aut
3167 1941 3336 1998 locuti
3381 1941 3612 2011 fuimus,
3645 1951 3701 1999 et
3744 1941 3819 1998 di-

515 2034 587 2074 no
617 2017 892 2086 inﬁciunt,
925 2026 985 2073 ut
1013 2035 1105 2075 eos
1130 2021 1502 2092 exstinguaut.
1545 2019 1684 2075 Sunt
1723 2027 1777 2075 et
1813 2019 1907 2074 alii
1936 2019 2113 2074 multo

515 2107 811 2164 deteriores
841 2108 1096 2178 venefici,
1127 2109 1166 2164 ii
1198 2108 1478 2177 videlicet,
1517 2109 1611 2180 qui
1648 2109 1924 2164 seminant
1969 2108 2113 2164 inter

515 2197 712 2253 fratres
749 2197 1084 2255 discordias:
1142 2197 1227 2253 illi
1275 2198 1422 2253 enim
1471 2214 1699 2270 corpora
1744 2196 2108 2265 interﬁciunt,

517 2289 608 2346 isti
634 2289 843 2344 animas
868 2297 966 2345 :et
987 2289 1159 2345 multo
1189 2288 1428 2345 deterior
1454 2296 1536 2345 est
1564 2305 1710 2344 mors
1731 2287 1926 2342 animae
1946 2301 2109 2358 quam

514 2379 782 2450 corporis.
1071 2367 1074 2370 ’

585 2475 890 2530 Idololatrae
918 2490 1048 2529 vero
1077 2483 1206 2530 sunt
1244 2490 1355 2529 non
1394 2474 1571 2530 solum
1604 2473 1644 2528 ii
1675 2472 1769 2546 qui
1816 2471 1967 2528 idola
2021 2489 2106 2527 co-

533 2573 655 2633 unt,
683 2564 776 2619 sed
824 2571 878 2619 et
925 2580 1117 2620 omnes
1163 2564 1336 2632 avari,
1377 2563 1481 2621 hoc
1528 2563 1936 2620 demonstrante
1983 2578 2106 2634 apo-

521 2653 663 2708 stolo
719 2652 909 2720 Paulo,
967 2653 1062 2724 qui
1124 2652 1410 2710 avaritiam
1467 2653 1744 2710 idolorum
1787 2652 2104 2708 servitutem

517 2750 677 2798 Vocat
708 2743 936 2813 (Coloss.
973 2759 1056 2811 ιιι,
1085 2742 1167 2814 ὅ).

583 2841 687 2897 Sed
718 2840 876 2896 valde
906 2840 1153 2896 terribile
1181 2848 1261 2896 est
1292 2840 1439 2913 quod
1468 2841 1716 2912 sequitur
1741 2858 1752 2894 :
1779 2842 1852 2896 Et
1867 2840 2104 2894 omnibus

510 2932 842 2986 mendae-ibus
859 2949 878 2996 ,'
907 2930 1106 2987 deinde
1134 2931 1418 3004 subjungit
1449 2949 1459 2987 :
1501 2933 1640 2987 Pars
1668 2931 1886 2986 illorum
1917 2930 2018 2984 erit
2046 2930 2102 2984 in

510 3026 692 3091 stagno
719 3021 856 3092 ignis
885 3021 1121 3075 ardentis
1151 3022 1420 3090 sulphure,
1451 3020 1590 3090 quod
1610 3026 1684 3073 est
1703 3036 1844 3074 mors
1855 3019 2096 3085 sec-unda;

509 3117 564 3166 et
590 3111 877 3167 Psalmista
903 3111 1039 3168 dicit
1068 3110 1135 3166 ad
1164 3110 1463 3166 Dominum
1489 3127 1500 3165 :
1539 3133 1558 3155 ι
1578 3107 1775 3164 Perdes
1794 3124 1983 3163 omnes
2005 3109 2099 3180 qui

510 3200 810 3274 loquuntur
839 3201 1184 3259 mendacium
1210 3201 1380 3271 (Psal.
1404 3215 1464 3264 v,
1493 3199 1546 3270 7)
1574 3217 1587 3267 ;
1621 3224 1639 3247 ι
1673 3200 1798 3254 etin
1819 3198 1928 3255 alio
1955 3200 2092 3256 loco:

2225 2025 2400 2080 cimus
2429 2043 2530 2083 nos
2557 2028 2750 2085 fecisse
2779 2029 2925 2101 quod
2952 2046 3064 2086 non
3093 2029 3344 2096 fec-imus,
3368 2039 3462 2087 aut
3490 2046 3600 2086 non
3633 2031 3820 2088 fecisse

2224 2115 2370 2186 quod
2416 2116 2678 2185 fecimus;
2721 2125 2816 2173 aut
2861 2118 3078 2175 audisse
3123 2117 3269 2190 quod
3321 2135 3432 2174 non
3482 2119 3818 2190 audivimus,

2223 2211 2318 2258 aut
2346 2220 2456 2260 non
2486 2207 2700 2263 audisse
2729 2208 2877 2281 quod
2908 2209 3260 2276 audivimus;
3307 2217 3402 2264 aut
3439 2209 3647 2266 vidisse
3678 2211 3818 2282 quod

2222 2309 2333 2349 non
2361 2295 2625 2362 vidimus,
2656 2306 2749 2351 aut
2795 2314 2906 2352 non
2955 2298 3157 2353 vidisse
3206 2299 3353 2370 quod
3401 2298 3683 2366 vidimus;
3727 2307 3814 2353 aut

2220 2380 2446 2450 dixisse,
2479 2385 2626 2454 quod
2657 2401 2768 2439 non
2795 2384 3062 2452 diximus,
3097 2393 3192 2441 aut
3233 2402 3347 2442 non
3393 2387 3624 2454 dixisse,
3674 2387 3817 2460 quod

2219 2469 2482 2526 diximus.
2515 2471 2666 2543 Saepe
2696 2479 2748 2527 et
2775 2489 2900 2528 cum
2930 2473 3209 2540 audimus,
3241 2475 3391 2546 quod
3419 2475 3814 2542 desideramus,

2219 2559 2453 2615 dicimus
2500 2576 2690 2615 verum
2737 2578 2870 2628 esse,
2917 2561 3063 2634 quod
3108 2562 3402 2630 audimus;
3437 2573 3489 2620 et
3520 2582 3668 2637 saepe
3699 2581 3817 2621 con-

2217 2648 2381 2719 tingit
2419 2647 2563 2720 quod
2603 2647 2803 2704 falsum
2839 2650 2910 2704 sit
2958 2667 2969 2705 :
3012 2657 3065 2705 et
3109 2667 3234 2707 cum
3281 2650 3628 2722 audivimus,
3680 2654 3817 2726 quod

2145 2746 2148 2750 '
2216 2737 2494 2804 nolumus,
2527 2735 2764 2793 dicimus
2796 2737 2993 2794 falsum
3026 2755 3160 2807 esse,
3203 2741 3457 2812 quamvis
3495 2757 3696 2797 verum
3731 2743 3816 2798 sit.

2215 2828 2366 2900 Saepe
2409 2829 2572 2884 etiam
2617 2828 2745 2901 joco
2794 2831 3114 2900 mentimur,
3144 2839 3206 2887 ut
3247 2832 3421 2888 risum
3460 2833 3816 2890 audientibus

2215 2917 2538 2975 excitemus.
2582 2919 2732 2990 Saepe
2781 2936 2911 2975 vero
2959 2937 3028 2975 ex
3075 2919 3249 2976 nimia
3293 2920 3620 2976 credulitate
3669 2940 3817 2978 men-

2213 3005 2412 3074 timur;
2473 3024 2600 3062 nam
2657 3025 2782 3063 cum
2841 3009 3155 3066 audivimus
3213 3009 3476 3082 quosdam
3532 3009 3812 3080 homines,

2212 3113 2349 3169 quos
2380 3116 2598 3156 veraces
2627 3101 3028 3177 existimamus,
3059 3100 3243 3173 aliqua
3290 3111 3572 3158 narrantes
3603 3105 3816 3161 verisi-

2211 3185 2383 3257 milia,
2416 3190 2696 3246 credentes
2726 3191 2872 3263 quod
2900 3189 3178 3259 audimus,
3209 3207 3335 3246 cum
3365 3207 3427 3247 ea
3455 3190 3579 3248 aliis
3615 3191 3813 3249 referi-

523 3314 540 3336 ε
569 3267 762 3347 Omnis
790 3291 956 3347 homo
986 3267 1225 3345 mendax'
1254 3289 1427 3360 (Ρεαι,
1463 3267 1592 3358 ωέν,
1625 3287 1737 3359 11),
1772 3313 1789 3335 ι
1824 3285 1881 3344 si
1928 3287 2097 3360 igitur
2132 3267 2179 3330 C
2209 3292 2350 3344 mus,
2385 3277 2620 3335 dicimus
2646 3295 2775 3335 vera
2803 3296 2940 3348 esse,
2969 3278 3220 3351 quamvis
3249 3279 3361 3335 sint
3391 3278 3554 3348 falsa;
3589 3289 3648 3337 et
3691 3279 3812 3337 fre-

507 3381 686 3437 omnis
716 3381 881 3436 homo
903 3379 1159 3446 mendax,
1183 3385 1237 3433 et
1265 3377 1310 3432 si
1340 3375 1530 3447 perdet
1567 3379 1712 3432 Deus
1758 3393 1947 3432 omnes
2002 3377 2096 3450 qui

503 3471 806 3544 loquuntur
835 3468 1200 3536 mendacium,
1241 3474 1295 3523 et
1323 3467 1369 3522 si
1407 3482 1597 3523 omnes
1643 3467 1932 3525 mendaces
1978 3484 2095 3540 par-

425 3622 434 3630 .
503 3567 614 3617 tem
665 3561 943 3618 habebunt
991 3559 1050 3613 in
1092 3555 1400 3628 perditione
1450 3573 1576 3613 cum
1626 3557 1834 3614 caeteris
1885 3556 2091 3629 impiis,

501 3649 571 3706 de
606 3649 807 3721 quibus
838 3648 1099 3702 hactenus
1129 3646 1300 3703 locuti
1324 3662 1542 3714 sumus;
1584 3647 1706 3719 quis
1751 3647 1936 3702 salvus
1979 3662 2094 3702 esse

503 3737 751 3811 poterit?
787 3737 1002 3793 Scimus
1048 3752 1282 3809 namque
1343 3737 1561 3792 nullum
1617 3736 1897 3793 hominem
1950 3737 2094 3794 hanc

504 3825 671 3881 vitam
706 3841 862 3897 posse
894 3825 1144 3895 transire,
1175 3835 1236 3882 ut
1265 3826 1561 3898 aliquando
1607 3843 1717 3883 non
1758 3829 2087 3894 mentiatur;

500 3914 607 3970 nisi
630 3914 796 3970 fuerit
815 3914 1016 3983 infans,
1041 3915 1136 3987 qui
1152 3915 1255 3970 fari
1276 3932 1387 3971 non
1410 3923 1605 3988 potest.
1626 3916 1730 3972 Sed
1751 3932 1862 3973 non
1890 3917 1956 3973 de
1976 3933 2088 3972 om-

499 4006 663 4062 nibus
681 4005 978 4063 mendaciis
997 4007 1102 4065 hoc
1125 4007 1333 4065 dictum
1347 4025 1462 4063 esse
1482 4009 1789 4081 intelligere
1805 4008 2085 4077 debemus,

497 4096 641 4154 sicut
667 4113 768 4152 nec
799 4096 938 4152 illud
977 4097 1045 4153 de
1087 4097 1344 4153 erunibus
1389 4098 1784 4170 peccatoribus,
1828 4097 1975 4172 quod
2029 4098 2087 4153 in

497 4187 706 4259 psalmo
729 4185 1004 4242 tricesimo
1025 4197 1178 4244 sexto
1197 4187 1441 4247 canitur:
1475 4212 1493 4234 ε
1516 4189 1656 4256 Quia
1676 4198 1984 4261 peccatores
1999 4204 2085 4260 pe-

496 4275 687 4330 ribunt
713 4276 891 4343 (Psal.
925 4292 1125 4345 xxxvr,
1155 4276 1283 4347 20);
1315 4301 1333 4323 ι
1379 4285 1432 4333 et
1463 4277 1519 4332 in
1550 4277 1759 4349 psalmo
1789 4277 2086 4334 centesimo

493 4365 910 4440 quadragesimo
932 4375 1125 4439 quarto
1152 4388 1163 4425 :
1198 4394 1214 4416 ι
1237 4368 1489 4425 Custodit
1514 4369 1781 4424 Dominus
1798 4385 1986 4424 omnes
2006 4368 2084 4424 di-

494 4456 722 4528 ligentes
765 4471 844 4524 se,
892 4464 946 4512 et
993 4475 1181 4514 omnes
1229 4465 1540 4530 peccatores
1587 4458 1863 4531 disperdet
1907 4459 2080 4530 (Psal.

491 4568 677 4620 cxmv,
709 4551 822 4623 20).
854 4576 872 4599 ι
916 4551 973 4608 Si
1001 4562 1310 4624 peccatores
1335 4553 1613 4625 peribunt,
1645 4561 1699 4608 et
1727 4569 1918 4608 omnes
1949 4569 2084 4624 pec-

2207 3375 2437 3436 quenter
2464 3385 2590 3424 cum
2611 3367 2926 3439 juramento
2958 3368 3314 3425 atﬁrmamus.

2276 3465 2414 3521 Sunt
2442 3473 2496 3522 et
2524 3466 2705 3535 multi,
2741 3466 2835 3539 qui
2865 3472 3012 3538 gesta
3052 3467 3275 3522 Patrum
3323 3483 3442 3540 quae
3490 3463 3549 3523 in
3591 3461 3810 3526 divinis

2203 3555 2501 3626 Scripturis
2550 3565 2644 3612 aut
2690 3556 2959 3628 legerunt,
3009 3563 3103 3611 aut
3155 3554 3469 3624 audierunt,
3525 3570 3595 3612 ex
3656 3563 3812 3629 parte

2203 3645 2627 3713 obliviscentes;
2673 3662 2799 3703 cum
2844 3662 2906 3701 ea
2951 3645 3077 3702 aliis
3124 3661 3344 3701 narrare
3391 3642 3684 3718 coeperint,
3719 3655 3812 3703 aut

2202 3737 2451 3810 quaedam
2484 3735 2769 3793 mendacia
2798 3736 3198 3807 intermiscent,
3232 3741 3325 3791 aut
3363 3751 3431 3791 ex
3461 3731 3660 3792 multis
3688 3753 3810 3794 nar-

2200 3827 2508 3883 rationibus
2537 3843 2703 3883 unam
2735 3827 2911 3884 facere
2941 3836 3246 3885 conantur:
3276 3834 3329 3882 et
3359 3826 3502 3883 sicut
3529 3827 3627 3898 qui
3661 3837 3811 3885 stan-

2200 3932 2332 3971 num
2362 3932 2495 3971 auro
2527 3916 2612 3970 vel
2643 3925 2866 3988 argento
2891 3915 3175 3984 admiscet,
3207 3915 3462 3971 inutilem
3513 3919 3806 3974 materiam

2198 4010 2361 4078 facit;
2403 4010 2478 4066 ita
2503 4017 2556 4065 et
2587 4009 2677 4065 isti
2708 4025 2833 4065 cum
2863 4024 2932 4063 ex
2966 4007 3155 4065 multis
3183 4007 3598 4064 narrationibus
3634 4025 3806 4066 unam

2195 4100 2372 4156 facere
2400 4106 2669 4170 satagunt,
2700 4096 3016 4154 mentiendo
3061 4097 3316 4152 inutilem
3358 4095 3643 4166 reddunt;
3698 4115 3803 4156 me-

2196 4190 2304 4246 lius
2332 4198 2412 4245 est
2439 4189 2583 4244 enim
2624 4188 2803 4255 silere,
2835 4203 2997 4260 quam
3031 4195 3177 4258 gesta
3221 4194 3540 4242 sanctorum
3573 4189 3805 4246 menda-

2194 4280 2331 4336 citer
2381 4278 2644 4350 proferre.
2705 4276 2843 4333 Sunt
2895 4275 3061 4331 etiam
3118 4275 3281 4332 multi
3333 4275 3544 4331 divinis
3596 4276 3803 4334 litteris

2193 4367 2415 4436 eruditi,
2449 4366 2545 4439 qui
2585 4365 2787 4422 Iudaeis
2828 4366 2976 4422 ultra
3018 4382 3181 4439 quam
3229 4371 3445 4437 oportet
3487 4363 3798 4434 credentes,

2192 4457 2453 4530 quasdam
2503 4473 2692 4512 eorum
2739 4456 2951 4512 fabulas
3001 4454 3328 4511 vanissimas
3369 4454 3708 4526 suscipiunt,
3751 4463 3801 4512 et

2191 4547 2305 4601 suis
2330 4545 2723 4601 traditionibus
2743 4545 3099 4601 interserunt.
3123 4543 3339 4601 Scimus
3359 4542 3508 4599 enim
3528 4545 3798 4615 quoniam

489 4650 698 4699 catores
727 4643 1024 4716 disperdet,
1057 4653 1110 4700 et
1139 4661 1327 4701 omnes
1348 4661 1538 4700 sumus
1562 4652 1869 4716 peccatores
1889 4660 2076 4700 secun-
2106 4632 2161 4694 D
2189 4636 2360 4692 Judaei
2393 4637 2579 4692 omnia
2608 4653 2727 4709 qua;
2767 4637 2834 4692 de
2883 4635 3102 4693 Christo
3132 4635 3190 4690 in
3221 4634 3391 4691 veteri
3439 4633 3798 4692 Testamento

490 4731 622 4788 dum
654 4733 863 4790 dictum
893 4734 1055 4790 istius
1074 4736 1330 4792 Joannis:
1369 4760 1387 4784 ‹
1411 4735 1467 4791 Si
1487 4735 1792 4791 dixerimus
1813 4735 1940 4808 quia
1961 4750 2080 4805 pec-

489 4834 670 4881 catum
705 4843 818 4882 non
849 4827 1135 4896 habemus,
1185 4845 1285 4884 nos
1334 4829 1481 4902 ipsos
1515 4829 1844 4897 seducimus,
1878 4835 1931 4884 et
1974 4844 2080 4883 ve-

487 4913 621 4969 ritas
650 4913 707 4969 in
737 4915 897 4972 nobis
926 4933 1035 4972 non
1069 4924 1149 4972 est
1189 4918 1246 4988 (Ι
1269 4919 1424 4975 Joan.
1461 4937 1500 4985 1,
1528 4919 1584 4992 8)
1611 4938 1625 4987 ;
1677 4943 1694 4966 ι
1735 4934 1861 4990 ergo
1891 4932 2080 4973 omnes

487 5003 810 5073 peribimus.
865 5006 968 5060 Sed
1009 5023 1120 5062 non
1155 5006 1260 5064 hoc
1297 5009 1363 5064 de
1403 5007 1658 5064 omnibus
1706 5007 2079 5080 peccatoribus

486 5095 699 5152 dictum
730 5113 845 5153 esse
876 5098 1186 5172 intelligere
1213 5101 1494 5170 debemus,
1540 5103 1632 5159 sed
1679 5103 1745 5159 de
1785 5105 1900 5160 illis
1944 5114 2077 5162 tan—

487 5185 773 5240 tummodo
802 5185 896 5256 qui
931 5185 985 5239 in
1017 5189 1272 5258 gravibus
1301 5191 1534 5262 peccatis
1573 5193 1891 5265 semetipsos
1930 5212 2078 5267 prae-

485 5272 794 5344 cipitantes,
833 5275 1032 5331 nolunt
1061 5293 1216 5349 agere
1260 5279 1636 5352 paenitentiam
1689 5282 1756 5337 de
1803 5282 2078 5356 iniquita—

482 5360 632 5416 tibus
660 5362 794 5419 suis.
824 5364 1090 5422 Similiter
1119 5375 1173 5422 et
1199 5367 1290 5424 hic
1319 5386 1430 5424 non
1455 5369 1523 5425 de
1544 5370 1801 5426 omnibus
1835 5373 2075 5429 menda-

481 5449 638 5506 cibus
664 5451 873 5509 dictum
902 5472 1015 5511 esse
1059 5456 1366 5530 intelligere
1408 5459 1700 5528 debemus;
1753 5471 1881 5518 sunt
1928 5463 2075 5519 enim

484 5539 767 5596 mendacia
802 5559 921 5614 quae
970 5544 1113 5602 inter
1166 5547 1309 5602 levia
1364 5556 1582 5620 peccata
1632 5548 1987 5621 deputantur,
2045 5567 2077 5608 a

2191 4725 2574 4794 inveniuntur,
2602 4725 2661 4781 in
2699 4743 2894 4798 pravos
2928 4741 3118 4781 sensus
3151 4732 3461 4797 pervertere
3490 4722 3792 4792 nituntur;

2188 4822 2250 4869 ut
2322 4814 2550 4886 gloriam
2627 4814 2869 4871 nominis
2943 4813 3154 4872 Christi
3205 4811 3356 4886 apud
3429 4828 3793 4886 quoscunque

2188 4919 2434 4980 possunt,
2509 4909 2861 4980 exstinguant
2921 4925 2932 4962 :
3002 4917 3054 4964 et
3129 4923 3240 4963 non
3298 4907 3477 4962 solum
3553 4906 3791 4979 prophe-

2191 4998 2290 5055 tias
2341 4998 2407 5054 de
2463 4998 2681 5056 Christo
2721 5005 2996 5066 evertunt,
3040 4997 3133 5053 sed
3179 5005 3231 5053 et
3279 4997 3338 5052 in
3380 4995 3592 5053 caeteris
3652 4997 3790 5052 locis

2187 5088 2388 5144 multas
2445 5089 2769 5144 vanissimas
2822 5097 2874 5145 et
2930 5086 3350 5145 absurdissimas
3408 5085 3624 5142 fabulas
3665 5087 3783 5158 (81)

2187 5181 2564 5253 interponunt.
2605 5180 2773 5237 Miror
2820 5197 2945 5252 ergo
2993 5196 3091 5236 cur
3136 5177 3380 5234 inimicis
3409 5176 3638 5245 Christi,
3671 5194 3788 5233 om-

2186 5272 2380 5346 nisque
2408 5273 2692 5344 religionis
2722 5279 2921 5328 nostrae
2952 5271 3232 5339 creditur;
3269 5279 3362 5326 aut
3391 5269 3458 5325 ab
3488 5270 3567 5325 eis
3598 5270 3785 5343 aliqua

2185 5363 2581 5435 suscipiuntur,
2596 5365 2704 5421 nisi
2725 5363 3106 5420 tantummodo
3122 5378 3184 5418 ea
3204 5379 3324 5435 quae
3338 5361 3405 5416 ab
3426 5359 3672 5432 antiquis
3689 5361 3784 5415 Pa-

2184 5452 2365 5509 tribus
2393 5456 2618 5526 probata
2645 5471 2761 5511 esse
2791 5458 2935 5518 577
2965 5453 3383 5525 dignoscuntur.
3433 5450 3543 5522 Ipsi
3577 5451 3782 5523 quippe

2182 5561 2398 5626 patrem
2429 5553 2631 5610 habent
2659 5552 2964 5623 diabolum,
2996 5552 3091 5626 qui
3119 5552 3177 5610 in
3209 5550 3436 5608 veritate
3460 5564 3573 5604 non
3602 5548 3780 5619 stetit,

557 5731 674 5802 (81)
706 5731 881 5805 Edit.,
904 5747 957 5795 et
976 5741 1370 5801 obscurissimas
1389 5742 1644 5816 fabulas;
1673 5763 1829 5816 mss.,
1847 5755 1893 5808 et
1910 5749 2316 5811 absurdissimas
2344 5753 2577 5825 fabulas.
