3964 6384
244 345 382 403 1029

1128 355 1585 415 BERENGAUDI
1622 359 1997 419 EXPOSITIO
2038 365 2107 421 IN
2149 365 2651 427 APOCALYPSIN.

3404 383 3538 440 1030

239 471 369 541 quia
401 469 636 526 mendax
667 479 748 528 est
778 474 912 544 ipse,
948 483 1001 530 et
1036 486 1188 549 pater
1211 480 1328 552 ejus
1361 481 1540 552 (Joan.
1574 502 1693 552 vin,
1717 485 1833 558 at);
1865 491 1915 548 Α
1949 488 2162 543 Talium
2211 490 2394 562 itaque
2453 494 2862 552 mendaciorum
2923 501 3146 556 maculae
3197 518 3228 556 a
3272 503 3540 561 charitate

238 567 294 615 et
324 575 680 634 quoscunque
706 561 962 619 diabolus
992 567 1255 638 possidet,
1289 571 1578 628 mendaces
1611 573 1763 631 facit.

309 670 462 743 Saepe
508 680 562 728 et
603 672 801 730 timore
849 678 1188 748 mentimur;
1243 699 1368 737 nam
1398 700 1523 740 cum
1555 685 1837 752 timemus,

239 775 308 816 ne
329 777 360 816 a
389 762 791 834 potentioribus
807 767 1005 840 aliquae
1027 771 1292 827 molestiae
1317 773 1474 830 nobis
1496 774 1837 846 ingerantur,

240 849 542 922 aliquando
581 853 866 910 mendacia
914 859 1306 930 cxcogitamus,
1357 878 1454 933 per
1483 879 1601 934 quae
1632 863 1841 919 libere-

237 955 383 993 mur.
417 939 520 995 Sed
570 949 622 996 et
671 943 907 1000 viatores
959 949 1206 1018 quaedam
1259 950 1541 1006 mendacia
1590 951 1838 1008 invenire

240 1027 444 1095 solent,
477 1036 538 1083 ut
566 1045 596 1083 a
626 1031 936 1089 latronibus
964 1036 1287 1094 liberentur.
1323 1039 1592 1096 Similiter
1611 1049 1664 1096 et
1695 1042 1836 1096 servi

235 1121 292 1169 et
323 1117 477 1187 pueri
509 1118 693 1190 aliqua
725 1123 1006 1180 mendacia
1047 1125 1377 1199 interpolare
1406 1129 1604 1194 solent,
1638 1146 1704 1184 ne
1733 1147 1837 1185 va—

233 1205 449 1274 pulent.
485 1206 623 1262 Sunt
657 1210 820 1265 etiam
854 1213 1014 1269 multi
1057 1215 1152 1286 qui
1182 1215 1239 1270 in
1273 1217 1548 1272 extraneis
1580 1218 1715 1274 locis
1746 1236 1836 1290 po-

234 1291 353 1359 siti,
387 1294 641 1364 egestatis
687 1304 781 1352 aut
827 1298 1063 1371 alicujus
1114 1302 1456 1358 necessitatis
1485 1321 1645 1360 causa
1674 1322 1838 1360 men-

234 1379 491 1450 tiuntur;
526 1392 588 1439 ut
627 1385 856 1456 victum,
901 1398 994 1445 aut
1024 1391 1206 1465 aliqua
1246 1379 1491 1466 corporis
1533 1395 1838 1452 necessaria

234 1468 344 1524 sibi
375 1477 683 1544 acquirant.
732 1475 883 1550 Saepe
931 1487 984 1534 et
1015 1497 1116 1536 nos
1143 1497 1326 1538 amore
1365 1491 1529 1555 atque
1557 1483 1638 1539 ira
1672 1501 1836 1539 men-

233 1557 424 1628 timur,
459 1561 744 1620 laudantes
792 1583 883 1622 eos
914 1585 1049 1641 quos
1093 1569 1376 1642 diligimus
1407 1573 1550 1628 ultra
1589 1573 1833 1642 modum,

236 1655 293 1702 et
321 1646 698 1720 vituperantes
727 1669 818 1710 eos
856 1657 1056 1728 quibus
1091 1658 1220 1714 irati
1258 1677 1467 1730 sumus,
1518 1662 1642 1734 plus
1671 1679 1833 1735 quam

233 1744 491 1808 oportet:
544 1741 638 1796 sed
696 1741 802 1798 ista
857 1745 1108 1816 graviora
1169 1747 1310 1803 mihi
1362 1749 1622 1806 videntur
1669 1767 1830 1824 quam

1947 595 2016 634 ex
2045 595 2152 652 qua
2181 583 2504 654 procedunt,
2541 585 2829 655 delentur;
2864 590 2994 662 quia
3036 616 3054 638 -
3083 593 3323 653 charitas
3362 600 3540 670 operit

1947 670 2365 728 multitudinem
2389 683 2737 746 peccatorum
2767 679 2825 750 (Ι
2850 681 2995 738 Petr.
3027 700 3104 751 1v,
3136 684 3216 757 8).
3258 711 3276 734 ι

2017 761 2176 818 Nunc
2222 762 2288 819 de
2335 767 2678 837 gravioribus
2734 772 3034 830 mendaciis
3079 775 3360 847 dicamus;
3411 790 3540 838 sunt

1949 865 2184 923 namque
2213 852 2556 912 inﬁdelitatis
2585 860 2889 930 mendacia,
2923 872 3052 919 sunt
3072 873 3126 921 et
3158 867 3536 940 blasphemiae,

1947 949 2076 996 sunt
2104 949 2156 996 et
2178 942 2284 997 alia
2310 960 2429 1016 quae
2450 962 2519 1000 ex
2542 947 2670 1003 odio
2698 951 3020 1021 procedunt,
3043 955 3152 1011 alia
3178 973 3297 1029 quae
3327 958 3540 1015 invidia

1947 1040 2186 1103 generat,
2219 1035 2327 1090 alia
2364 1053 2484 1109 quas
2513 1041 2763 1110 avaritia,
2805 1044 2914 1099 alia
2960 1062 3081 1118 quae
3140 1067 3280 1106 vana
3323 1052 3534 1124 gloria;

1947 1119 2152 1177 habent
2181 1124 2549 1183 nihilominus
2576 1137 2768 1186 caetera
2798 1133 2936 1189 vitia
2966 1138 3251 1194 mendacia
3277 1119 3382 1197 sibi
3413 1159 3540 1199 con-

1947 1210 2245 1300 venientia.
2299 1215 2554 1273 Inﬁdeles
2617 1220 2820 1293 quippe
2875 1223 3048 1280 Judaei
3109 1235 3274 1300 atque
3328 1231 3537 1289 ethnici

1945 1298 2148 1356 habent
2169 1303 2408 1373 plurima
2441 1307 2726 1366 mendacia
2757 1329 2770 1378 ;
2806 1329 2930 1368 nam
2961 1298 3351 1390 excepto‘quod
3380 1319 3535 1376 Chri-

1947 1395 2090 1443 stum
2121 1401 2320 1464 negant
2342 1397 2554 1452 venisse
2583 1398 2641 1453 in
2671 1416 2851 1470 carne,
2902 1402 3106 1461 habent
3145 1409 3347 1464 multos
3376 1426 3537 1466 erro-

1946 1494 2052 1546 res,
2092 1482 2293 1553 quibus
2323 1484 2537 1557 decepti
2568 1498 2816 1558 pereunt.
2850 1491 2988 1550 Sunt
3008 1503 3062 1549 et
3081 1496 3367 1553 mendacia
3395 1497 3536 1554 blas-

1945 1567 2312 1659 phemiarum,
2344 1575 2542 1648 quibus
2589 1577 2756 1634 iidem
2787 1581 2963 1637 Judaei
2991 1591 3153 1656 atque
3185 1588 3402 1659 pagani,
3436 1605 3536 1646 nec

1943 1671 2054 1712 non
2081 1666 2134 1713 et
2164 1658 2409 1718 haeretici
2441 1665 2612 1721 Deum
2642 1675 2694 1722 et
2719 1668 3022 1726 Ecclesiam
3069 1672 3208 1743 ejus,
3239 1658 3535 1748 omniaque
3612 1710 3623 1718 -

1941 1744 2132 1804 divina
2190 1752 2450 1822 mysteria
2503 1755 2693 1812 multis
2738 1758 2917 1814 modis
2947 1759 3349 1833 blasphemant.
3397 1744 3536 1821 sunt

234 1826 542 1896 superiora.
577 1828 715 1886 Sunt
744 1831 851 1887 alia
890 1834 1174 1891 mendacia
1204 1838 1578 1910 superioribus
1607 1840 1830 1910 similia,
1863 1845 1906 1904 B
1940 1837 2103 1893 etiam
2153 1841 2436 1900 mendacia
2507 1861 2626 1918 quae
2693 1863 2762 1903 ex
2824 1849 2952 1906 odio
3016 1851 3348 1924 procedunt;
3405 1869 3532 1910 nam

229 1926 352 1985 quae
376 1915 597 1988 longum
625 1928 707 1975 est
727 1922 980 1994 prosequi
1009 1943 1022 1992 ;
1057 1925 1114 1980 in
1139 1925 1272 1981 talia
1292 1942 1528 2000 namque
1551 1928 1834 1986 mendacia

231 2018 346 2057 non
396 2005 574 2060 solum
623 2007 838 2079 injusti,
893 2012 986 2068 sed
1034 2022 1087 2069 et
1113 2012 1251 2084 justi
1302 2032 1443 2089 saepe
1484 2017 1828 2074 dilabuntur.

230 2095 305 2152 Et
335 2105 555 2169 propter
601 2096 705 2155 hoc
751 2099 974 2156 videtur
1021 2103 1160 2158 mihi
1188 2105 1534 2163 Psalmistam
1583 2107 1829 2166 dixisse:

243 2211 261 2233 ι
298 2187 492 2243 Omnis
520 2187 686 2244 homo
717 2190 952 2247 mendax
987 2192 1159 2265 (Psal.
1193 2211 1323 2264 cxv,
1360 2197 1472 2268 11).
1515 2221 1532 2244 ι

303 2296 401 2350 Est
441 2305 495 2352 et
522 2296 674 2352 aliud
713 2315 882 2370 genus
913 2301 1208 2372 mendacii,
1240 2303 1387 2376 quod
1432 2305 1637 2377 absque
1671 2305 1834 2377 culpa

228 2384 533 2454 videretur,
583 2387 692 2443 nisi
739 2388 1019 2461 Scriptura
1046 2391 1273 2461 diceret,
1305 2393 1433 2466 quia
1462 2409 1625 2449 omne
1667 2410 1833 2449 men-

225 2473 453 2531 dacium
502 2493 533 2531 a
574 2478 718 2533 malo
748 2485 830 2534 est
875 2481 1056 2550 (Joan.
1107 2499 1168 2549 ΙΙ,
1218 2482 1334 2554 21),
1378 2499 1446 2538 ex
1495 2500 1604 2556 quo
1649 2483 1833 2556 aliqua

227 2563 292 2618 in
322 2564 532 2620 divinis
571 2566 870 2638 Scripturis
916 2569 1292 2628 invenientur.
1338 2573 1401 2628 In
1446 2571 1673 2649 Genessi
1712 2572 1827 2644 (82)

229 2668 473 2726 namque
503 2655 770 2727 scriptum
817 2665 898 2713 est
943 2659 1089 2731 quod
1134 2661 1453 2732 praeceperit
1495 2661 1706 2716 Pharao
1737 2661 1829 2717 ob-

226 2741 553 2799 stetricibus
593 2744 970 2815 Ilebrznorum,
1022 2756 1082 2804 ut
1124 2749 1396 2806 masculos
1434 2748 1827 2820 interﬁcerent,

229 2838 288 2887 et
319 2833 551 2890 feminas
581 2846 922 2894 reservarent
969 2838 1175 2910 (Exod.
1219 2857 1258 2907 ι,
1292 2840 1399 2911 16)
1433 2857 1444 2894 ;
1479 2839 1574 2895 sed
1611 2840 1718 2896 illa
1751 2840 1830 2896 ti-

229 2931 445 2979 mentes
496 2925 695 2994 Deum,
745 2927 1144 2984 conservabant
1194 2945 1388 2985 mares.
1441 2930 1546 2986 Pro
1595 2948 1701 3004 qua
1748 2947 1827 2998 re,

223 3035 359 3075 cum
419 3037 449 3076 a
502 3021 784 3078 Pharaone
860 3023 1297 3095 increparentur,
1364 3023 1626 3081 dixerunt
1682 3024 1830 3098 quod

222 3126 417 3166 omnes
479 3111 720 3168 Hebraeae
793 3113 1052 3169 mulieres
1117 3113 1508 3171 obstetricandi
1566 3115 1830 3172 haberent

1943 1931 2198 1986 nonnulli
2257 1950 2356 2006 pro
2407 1951 2472 1991 eo
2505 1937 2650 2009 quod
2704 1939 2894 1995 odium
2948 1941 3007 1996 in
3061 1942 3320 2000 cordibus
3345 1955 3534 2003 contra

1943 2019 2227 2089 proximos
2257 2032 2488 2095 gestant,
2529 2025 2666 2084 falsa
2710 2028 2944 2085 crimina
2983 2031 3061 2087 eis
3103 2032 3428 2092 innectunt:
3479 2046 3534 2094 et

1943 2124 2079 2181 quos
2104 2129 2214 2168 non
2245 2127 2474 2186 possunt
2513 2119 2694 2190 gladio
2725 2120 3053 2193 interﬁcere,
3085 2125 3238 2182 falsis
3273 2128 3532 2185 crimina-

1941 2199 2189 2257 tionibus
2221 2203 2278 2258 in
2307 2203 2596 2263 damnum-
2630 2226 2910 2282 magnum,
2967 2231 3110 2286 saepe
3158 2216 3323 2272 etiam
3373 2225 3427 2274 et
3474 2218 3532 2275 in

1942 2297 2174 2347 mortem
2229 2294 2590 2366 praecipitant.
2640 2298 2780 2355 Sunt
2821 2310 2875 2357 et
2921 2302 3028 2358 alia
3092 2304 3378 2362 mendacia
3409 2323 3532 2380 quae

1940 2378 2084 2448 parit
2106 2379 2318 2438 invidia
2348 2404 2364 2450 ;
2394 2384 2659 2443 invidiosi
2687 2387 2887 2461 quippe
2927 2407 3051 2447 cum
3088 2393 3280 2451 vident
3315 2378 3532 2470 aliquos

1939 2475 2033 2522 aut
2061 2468 2423 2540 dignitatibus
2452 2476 2660 2544 saeculi,
2690 2487 2784 2534 aut
2812 2479 3099 2551 sapientia,
3133 2492 3228 2540 aut
3250 2468 3530 2558 aliquibus

1939 2556 2148 2614 artibus
2203 2563 2542 2633 praepollere,
2611 2581 2703 2620 eos
2757 2565 3032 2638 despicere
3088 2577 3142 2625 et
3197 2556 3530 2632 subsannare

1939 2661 2051 2701 non
2103 2657 2335 2718 cessant,
2395 2668 2560 2725 seque
2614 2654 2760 2726 ipsos
2810 2656 2925 2712 illis
2973 2659 3270 2729 praferre;
3329 2671 3390 2719 ut
3423 2666 3528 2738 ipsi

1939 2734 2199 2792 clariores
2236 2739 2382 2809 apud
2429 2757 2521 2797 eos
2577 2743 2671 2815 qui
2702 2759 2892 2801 eorum
2928 2747 3228 2806 mendaciis
3274 2734 3525 2824 credunt,

1939 2822 2251 2895 videantur,
2279 2843 2442 2899 quam
2477 2829 2556 2886 illi
2605 2848 2741 2905 quos
2790 2833 3119 2906 despiciunt.
3152 2837 3291 2895 Sunt
3341 2850 3396 2898 et
3423 2822 3528 2900 de;

1939 2913 2161 2972 risionis
2182 2918 2483 2988 mendacia,
2507 2937 2626 2995 qua
2644 2925 2861 2996 proprie
2889 2925 2958 2982 ad
2974 2926 3195 2984 invidos
3214 2931 3520 3005 pertinent;
3603 3001 3616 3012 κ

1937 3003 2189 3062 derident
2225 3025 2459 3082 namque
2488 3013 2702 3085 Semper
2731 3014 2908 3073 invidi
2961 3017 3104 3074 facta
3135 3021 3445 3092 meliorum,
3475 3003 3528 3083 et

1937 3095 2137 3167 quibus
2195 3101 2467 3172 coaequari
2523 3119 2634 3159 non
2690 3113 2938 3176 possunt,
2998 3124 3187 3165 eorum
3235 3121 3390 3170 actus
3413 3115 3527 3172 suis

233 3199 546 3268 scientiam,
616 3200 840 3273 illisque
883 3202 1274 3272 nescientibus,
1318 3212 1588 3276 parerent.
1637 3205 1829 3262 Nonne

1941 3185 2242 3244 mendaciis
2281 3189 2604 3249 obnubilare
2652 3203 2925 3266 quierunt.
2985 3197 3125 3256 Sunt
3151 3202 3297 3258 enim
3339 3205 3522 3276 multi,

222 3289 426 3344 melius
455 3289 563 3345 fuit
592 3291 913 3367 mentiendo
955 3309 1153 3364 pueros
1182 3310 1481 3364 reservare,
1506 3311 1668 3367 quam
1699 3311 1827 3353 vera

221 3377 460 3434 dicendo
491 3387 573 3435 tot
602 3379 905 3446 homicidia
940 3391 1248 3453 perpetrare
1276 3384 1302 3439 ’ἲ
1331 3386 1394 3440 In
1424 3385 1586 3441 Iosue
1609 3401 1825 3458 quoque

224 3467 492 3539 scriptum
526 3476 608 3523 est
635 3468 782 3540 quod
812 3469 1025 3525 miserit
1054 3471 1192 3526 duos
1221 3471 1593 3544 exploratores
1622 3473 1690 3529 ad
1718 3491 1826 3530 ex-

223 3557 550 3630 plorandam
590 3559 807 3616 Iericho
839 3561 1020 3632 (Iosue
1047 3579 1109 3630 ir,
1139 3563 1338 3634 seqq.);
1400 3571 1453 3619 at
1483 3565 1566 3619 illi
1596 3564 1825 3637 ingressi

225 3659 359 3708 sunt
401 3653 628 3708 domum
669 3652 955 3724 cujusdam
1001 3656 1324 3724 meretricis,
1382 3657 1606 3713 nomine
1637 3657 1824 3714 Rahab

222 3756 349 3812 quae
377 3741 667 3797 abscondit
696 3759 787 3798 eos
830 3743 886 3798 in
918 3743 1277 3801 interioribus
1323 3745 1520 3801 domus
1556 3763 1686 3814 suae,
1720 3763 1825 3802 ve-

223 3829 622 3902 nientibusque
652 3831 1096 3902 persecutoribus
1130 3850 1319 3890 eorum
1349 3833 1496 3890 dixit
1524 3835 1671 3907 quod
1697 3852 1822 3892 cum

225 3926 389 3990 porta
418 3919 783 3988 clauderetur,
827 3922 884 3976 in
915 3923 1154 3978 tenebris
1181 3923 1523 3996 aufugissent
1550 3926 1730 3996 (Iosue
1758 3943 1820 3995 ιι,

227 4007 384 4078 1-5).
419 4007 599 4080 Atque
627 4025 726 4081 pro
755 4009 862 4066 hoc
890 4010 1178 4068 mendacio
1207 4029 1238 4067 a
1271 4014 1712 4084 persecutoribus
1731 4031 1823 4071 eos

221 4094 486 4164 liberans,
518 4096 635 4168 ipsa
683 4113 808 4153 cum
858 4105 971 4154 tota
1018 4100 1343 4171 cognatione
1403 4117 1501 4158 sua
1545 4119 1576 4158 a
1629 4103 1823 4159 mortis

220 4188 470 4260 periculo
499 4188 728 4246 liberata
753 4198 852 4246 est.
883 4191 954 4247 Et
982 4207 1081 4262 pro
1111 4191 1217 4249 hoc
1245 4191 1388 4248 facto
1419 4208 1452 4246 a
1475 4191 1635 4249 beato
1655 4193 1824 4249 Paulo

220 4277 473 4347 apostolo
528 4277 588 4332 in
645 4279 894 4349 Epistola
945 4279 1013 4334 ad
1071 4280 1326 4336 Hebraeos
1383 4281 1687 4350 laudatur;
1746 4283 1824 4337 ait

224 4365 415 4420 enim:
490 4390 510 4414 ‹
567 4365 701 4420 Fide
754 4366 942 4423 Bahab
999 4369 1263 4424 meretrix
1313 4386 1424 4425 non
1485 4371 1648 4442 periit
1697 4389 1824 4428 cum

223 4451 444 4510 caeteris
470 4452 792 4522 incredulis,
819 4455 1102 4526 excipiens
1127 4457 1502 4527 exploratores
1539 4476 1664 4514 cum
1696 4477 1824 4531 pace

227 4542 414 4613 (Hebr.
450 4558 529 4610 χι,
554 4541 669 4613 31).
702 4567 720 4591 ι
759 4544 821 4598 In
844 4544 1049 4616 Regum
1067 4545 1231 4600 etiam
1249 4547 1532 4602 volumine
1560 4549 1824 4621 scriptum
1858 4570 1905 4628 ι)

225 4637 309 4686 est
340 4630 487 4702 quod
535 4630 714 4687 David
758 4631 976 4703 fugiens
1006 4633 1249 4689 Absalon
1278 4633 1456 4690 ﬁlium
1488 4653 1669 4705 suum,
1713 4639 1830 4694 mi-

227 4717 361 4774 serit
412 4719 712 4774 Jerusalem
761 4720 899 4776 duos
928 4722 1302 4793 exploratores
1348 4725 1416 4780 ad
1459 4726 1824 4797 explorandos

225 4820 379 4869 actus
418 4811 664 4883 ejusdem
709 4813 812 4870 ﬁlii
859 4816 945 4871 sui
979 4816 1066 4888 (II
1107 4819 1231 4888 Reg.
1263 4835 1359 4886 xv,
1409 4816 1634 4891 32-36).
1667 4821 1825 4888 Quod

227 4916 352 4957 cum
383 4901 625 4958 audisset
666 4902 930 4974 Absalon,
977 4905 1128 4961 misit
1160 4906 1255 4979 qui
1302 4924 1393 4963 eos
1435 4917 1691 4980 caperent
1723 4929 1735 4967 :
1769 4919 1825 4967 at

228 4989 312 5045 illi
342 4988 630 5061 fugientes,
676 4992 906 5064 ingressi
954 5002 1082 5050 sunt
1125 4995 1349 5051 domum
1377 4996 1663 5070 cujusdam
1694 5000 1822 5070 viri,

231 5075 389 5148 cujus
419 5095 561 5136 uxor
608 5080 894 5137 abscondit
944 5098 1037 5138 eos
1081 5083 1137 5138 in
1178 5094 1363 5156 puteo,
1398 5102 1557 5158 quem
1591 5087 1824 5146 habebat

227 5167 288 5224 in
320 5169 615 5241 vestibulo,
649 5173 827 5244 posito
874 5173 1106 5246 desuper
1134 5175 1494 5247 operimento.
1527 5179 1824 5236 Venienti—

228 5259 333 5316 bus
379 5278 509 5319 vero
555 5265 996 5336 persecutoribus
1025 5283 1237 5335 eorum,
1283 5285 1482 5341 eosque
1530 5271 1824 5343 requiren-

230 5351 396 5421 tibus,
433 5354 528 5409 illa
569 5357 852 5428 respondit
879 5375 890 5413 :
949 5382 968 5406 ι
996 5357 1369 5414 Transierunt
1399 5368 1610 5432 gustata
1637 5363 1824 5433 paulu-

229 5441 344 5497 lum
374 5458 515 5514 aqua
543 5445 629 5516 (ΙΙ
646 5447 771 5518 Reg.
798 5463 940 5513 xvn,
971 5446 1086 5520 20).
1120 5472 1137 5494 ν
1167 5448 1371 5507 Verum
1395 5449 1564 5522 igitur
1589 5449 1822 5508 dicendo

230 5545 322 5586 eos
369 5532 636 5602 potuisset
691 5535 936 5607 perdere,
997 5552 1134 5610 quos
1192 5537 1510 5595 mentiendo
1557 5539 1818 5598 servavit.

302 5656 422 5740 (82)
453 5657 602 5740 Egit:
635 5659 765 5719 Gill.
811 5662 870 5740 in
914 5680 1084 5737 marg.
1135 5681 1198 5722 ac
1236 5667 1392 5724 Rom.
1441 5667 1499 5723 in
1541 5684 1716 5740 corp.,
1757 5670 1823 5726 In

229 5729 421 5788 Exodo
447 5745 459 5787 :
494 5728 626 5788 Gill.
657 5747 788 5792 vero
816 5733 875 5793 in
903 5728 1061 5810 corp:
1086 5753 1213 5798 cum
1243 5755 1374 5798 mss.
1407 5740 1475 5798 In
1509 5728 1712 5799 Genesi:

1939 3274 2033 3345 qui
2065 3291 2156 3332 eos
2198 3293 2334 3349 quos
2391 3279 2518 3337 odio
2566 3281 2790 3353 habent,
2848 3292 2942 3342 aut
2996 3287 3196 3359 quibus
3247 3274 3521 3362 invident,

1937 3369 2205 3444 ﬁngentes
2235 3391 2290 3431 se
2341 3394 2455 3434 esse
2501 3379 2726 3448 amicos,
2776 3381 2891 3437 suis
2917 3384 3132 3440 callidis
3180 3388 3528 3448 suasionibus

1938 3460 2005 3515 ad
2029 3462 2276 3534 quaedam
2302 3463 2530 3540 [ﬂagitia
2581 3470 2942 3541 perpetranda
2983 3473 3309 3544 pertrahunt
3343 3494 3355 3532 :
3393 3495 3532 3551 quos

1937 3565 2063 3606 cum
2093 3552 2152 3608 in
2187 3553 2410 3626 aliquod
2431 3557 2608 3614 scelus
2627 3559 2802 3614 veluti
2824 3559 2881 3614 in
2911 3560 3128 3618 foveam
3151 3565 3528 3638 praecipitaveo

1937 3633 2070 3703 rint,
2102 3645 2293 3694 contra
2319 3656 2410 3696 eos
2440 3642 2584 3698 versi
2631 3645 2872 3702 atrocius
2906 3661 3068 3719 quam
3123 3633 3528 3724 caeteri-perse-

1936 3733 2217 3796 quuntur;
2278 3737 2333 3785 et
2379 3732 2471 3803 qui
2516 3731 2848 3790 videbantur
2895 3736 3080 3804 amici,
3128 3741 3276 3812 quod
3321 3742 3530 3801 fuerint

1935 3815 2161 3884 pessimi
2209 3817 2424 3875 inimici
2473 3824 2918 3895 comprobantur.
2971 3825 3147 3883 Habet
3194 3837 3248 3885 et
3298 3833 3531 3890 avaritia

1936 3904 2220 3961 mendacia
2238 3925 2354 3964 sua.
2375 3909 2548 3977 Quam
2578 3913 2740 3968 multi
2765 3915 2966 3988 quippe
2995 3925 3144 3988 sunt,
3176 3921 3271 3992 qui
3308 3931 3532 3995 propter

1935 3992 2170 4049 aliorum
2206 3997 2567 4056 substantiam
2599 4003 2899 4060 tollendam
2931 4007 3132 4064 multas
3185 3992 3433 4068 fallacias
3470 4023 3532 4071 et

1936 4080 2179 4140 diversas
2225 4088 2661 4147 machinationes
2704 4105 3078 4166 componunt;
3131 4105 3194 4152 ut
3254 4099 3379 4156 aliis
3427 4117 3534 4156 au-

1935 4170 2112 4228 ferant
2140 4174 2284 4231 unde
2309 4177 2556 4234 avaritiae
2588 4197 2699 4235 suae
2728 4180 3008 4252 barathro,
3042 4184 3190 4256 quod
3222 4186 3533 4244 insatiabile

1935 4269 2037 4329 est,
2081 4263 2484 4335 aliquantulum
2543 4269 2924 4327 satisfaciant!
2979 4273 3118 4329 Sunt
3167 4275 3330 4332 etiam
3365 4277 3530 4333 multi

1938 4351 2032 4421 qui
2063 4368 2161 4423 pro
2192 4355 2542 4425 praemiorum
2579 4360 2990 4431 acceptionibus
3033 4363 3157 4418 falsi
3201 4371 3367 4420 testes
3405 4382 3534 4422 con-

1943 4448 2022 4496 tra
2077 4443 2362 4513 proximos
2401 4463 2530 4503 suos
2579 4448 2914 4519 efﬁciuntur,
2970 4458 3023 4506 et
3071 4468 3165 4508 eos
3213 4454 3533 4510 mentiendo

1937 4537 2030 4585 aut
2058 4531 2115 4585 in
2147 4533 2434 4590 servitium
2478 4537 2840 4609 praecipitant,
2887 4545 2980 4594 aut
3011 4537 3384 4597 haereditatem
3414 4542 3532 4600 sive

1938 4618 2302 4681 substantiam
2351 4625 2630 4695 auferunt,
2681 4643 2821 4698 saepe
2855 4642 2985 4682 vero
3020 4635 3072 4683 et
3111 4637 3344 4686 mortem
3394 4629 3530 4689 infe-

1937 4719 2072 4766 runt
2104 4712 2242 4784 (83).

2005 4807 2144 4864 Sunt
2173 4810 2282 4866 alia
2311 4810 2616 4881 mendacia,
2637 4828 2757 4885 quae
2786 4811 3018 4884 gignunt
3046 4829 3242 4870 vanam
3263 4815 3526 4888 gloriam;

1933 4905 2064 4952 sunt
2119 4899 2266 4955 enim
2325 4901 2487 4956 multi
2540 4917 2693 4956 vanae
2743 4901 2929 4973 gloriae
2973 4911 3262 4974 amatores,
3315 4906 3411 4978 qui
3469 4914 3534 4964 ut

1934 4988 2117 5058 magni
2166 4997 2217 5044 et
2249 4989 2450 5061 egregii
2480 4989 2547 5045 ab
2604 4989 2922 5049 horninibus
2978 4991 3303 5063 habeantur,
3333 4994 3531 5054 dicunt

1933 5093 1990 5132 se
2018 5094 2212 5150 magna
2243 5080 2488 5152 quaedam
2535 5079 2750 5149 fecisse,
2801 5098 2920 5156 quae
2968 5100 3080 5140 non
3132 5083 3400 5155 fecerunt,
3437 5094 3532 5142 aut

1932 5187 2088 5243 posse
2139 5173 2285 5244 quod
2315 5189 2426 5229 non
2475 5184 2724 5247 possunt,
2774 5185 2868 5234 aut
2920 5177 3198 5251 possidere
3243 5178 3387 5251 quod
3418 5193 3530 5234 non

1937 5261 2239 5334 possident,
2269 5273 2363 5321 aut
2391 5281 2576 5338 sapere
2607 5265 2755 5340 quod
2784 5285 2896 5324 non
2926 5271 3148 5342 sapiunt
3188 5289 3202 5336 ;
3234 5276 3295 5324 ut
3330 5267 3398 5324 ad
3425 5268 3530 5325 cel-

1930 5350 2251 5424 situdinem,
2283 5355 2350 5411 ad
2371 5372 2532 5429 quam
2555 5357 2918 5415 conscendere
2935 5365 3236 5432 nequeunt,
3255 5373 3352 5415 sua
3378 5374 3530 5414 men-

1931 5439 2088 5498 dacia
2116 5459 2206 5498 eos
2236 5444 2470 5502 elevent.
2495 5447 2566 5504 Et
2587 5447 2715 5521 quia
2743 5447 2850 5506 hoc
2875 5448 3075 5504 vitium
3096 5447 3240 5520 apud
3262 5447 3530 5521 quosdam

1932 5547 2029 5604 pro
2077 5533 2257 5591 nihilo
2306 5534 2559 5607 habetur,
2597 5535 2760 5594 etiam
2820 5535 2879 5594 in
2936 5537 3285 5594 monasteriis
3327 5538 3532 5596 scimus

1931 5743 1955 5796 ι
2000 5665 2123 5796 (‘83)
2159 5669 2302 5742 Swpe
2324 5687 2444 5727 vero
2491 5675 2538 5726 et
2584 5677 2802 5728 mortem
2835 5669 3074 5742 inferunt
3104 5687 3133 5728 e
3172 5687 3303 5730 mss.
3363 5668 3532 5728 resti—

1958 5755 2015 5796 ui
2045 5755 2128 5796 ur.

1958 5755 2015 5797 ιιι
2022 5755 2128 5798 ῑΠΓ.
