3964 6424
496 345 629 406 1031

1515 345 1610 402 ΑΙ)
1650 346 1882 404 OPERA
1923 347 1979 404 S.
2024 347 2356 408 AMBROSII
2392 350 2770 410 APPENDIX.

3660 357 3817 418 1032

495 493 757 570 quosdam
803 490 908 546 hoc
961 487 1100 543 \itio
1128 502 1243 543 esse
1290 485 1607 543 maculatos.
1667 489 1826 544 Multi
1883 489 2084 562 quippe
2111 475 2163 538 A
2195 475 2416 548 (μύω)ίῦ
2439 477 2691 570 {inﬁnitis
2718 477 2792 534 Sit
2819 490 2916 570 PP?
2941 477 3128 570 οιηηίει
3153 477 3267 534 Βθο
3296 478 3546 570 ράίξὶίιίε,
3565 480 3815 538 Videtur

494 591 624 642 sunt
666 582 760 656 qui
815 588 1102 653 postquam
1149 577 1410 632 saeculum
1464 577 1750 650 reliquisse
1803 579 2084 648 videntur,

492 683 555 732 ut
584 687 812 746 magnos
840 679 894 728 et
922 669 1162 742 inclytos
1205 683 1260 724 se
1298 666 1443 740 apud
1493 667 1769 740 simplices
1816 684 2084 742 quosque,

492 773 546 822 et
573 781 666 821 eos
693 761 790 836 qui
825 761 883 816 in
937 757 1286 815 monasteriis
1320 758 1535 814 educati
1573 758 1818 828 fuerunt,
1867 759 2088 815 consti-

491 861 651 911 tuant
687 870 700 920 ;
734 851 930 908 dicunt
953 865 1010 906 se
1052 863 1384 920 possessores
1433 847 1602 904 fuisse
1643 863 1965 920 magnarum
1995 847 2079 903 di-

490 942 776 1010 vitiarum,
819 938 1028 1011 jactant
1079 951 1134 990 se
1161 935 1330 991 fuisse
1381 935 1735 1006 prteliatores,
1761 943 2069 1002 venatores,

489 1041 546 1091 et
588 1033 764 1088 multa
813 1029 919 1084 alia
967 1026 1034 1082 de
1087 1041 1144 1081 se
1182 1026 1556 1092 mentiuntur;
1607 1033 1668 1080 ut
1711 1025 1892 1097 magni
1939 1025 2084 1098 apud

489 1141 600 1192 eos,
625 1139 760 1196 quos
786 1119 900 1176 suis
944 1115 1252 1173 mendaciio
1281 1113 1530 1186 decipere
1565 1125 1812 1187 possunt,
1847 1115 2082 1172 habean.

488 1221 600 1270 tur.
632 1211 717 1268 Ad
752 1217 803 1264 te
823 1223 950 1280 ergo
980 1208 1178 1278 loquor
1206 1203 1300 1278 qui
1329 1205 1456 1260 talis
1484 1221 1574 1260 es:
1608 1205 1750 1263 Ecce
1779 1205 1874 1279 qui
1912 1205 1970 1260 in
1987 1223 2082 1262 εω-

487 1302 614 1360 culo
642 1299 855 1374 positus
881 1297 980 1352 vix
1004 1295 1312 1369 simplicem
1355 1295 1562 1364 cibum,
1607 1297 1702 1368 qui
1729 1295 1832 1352 tibi
1861 1295 2082 1368 tuisque

487 1391 743 1450 omnibus
787 1387 1079 1455 sufficeret,
1139 1401 1236 1458 per
1287 1391 1467 1440 totum
1527 1401 1735 1440 annum
1793 1384 2080 1441 elaborare

488 1489 726 1557 poteras,
752 1479 810 1535 in
867 1475 1195 1534 monasteris
1223 1475 1452 1546 positus,
1483 1491 1756 1546 possessor
1783 1475 2079 1532 thesauro-

486 1588 636 1641 rum,
655 1568 990 1643 praediorum
1013 1579 1442 1638 magnarumque
1469 1564 1792 1621 divitiarum
1805 1561 2073 1621 ‘efﬁceris:

486 1669 540 1718 et
567 1658 661 1733 qui
689 1657 788 1714 vix
817 1671 980 1712 unam
1029 1652 1374 1725 vulpeculam
1405 1668 1594 1724 capere
1630 1661 1864 1725 poteras,
1892 1668 2076 1709 mona-

485 1747 622 1806 chus
649 1746 892 1811 eﬁ‘ectus,
925 1748 1154 1799 venator
1202 1740 1616 1813 potentissimus
1661 1743 1837 1798 factus
1866 1757 1958 1810 es;
2023 1750 2077 1798 et

2199 573 2384 624 tamen
2411 567 2622 641 aliquid
2652 568 2870 641 corpori
2905 567 3154 626 conferre
3179 587 3194 637 ;
3225 569 3358 643 quia
3383 567 3614 626 divitias
3651 585 3814 627 con-

2201 664 2400 727 gregat,
2433 672 2502 712 ex
2548 657 2748 729 quibus
2787 657 3056 713 desideria
3095 657 3212 730 ejus
3243 659 3482 731 expleat.
3523 657 3813 715 Similiter

2198 753 2252 800 et
2301 745 2477 802 libido
2522 745 2743 802 videtur
2784 747 2996 820 aliquid
3036 747 3255 820 corpori
3309 749 3607 816 conferre;
3663 749 3812 823 quia

2197 832 2255 888 in
2303 835 2638 906 perfectione
2692 834 2810 906 ejus
2857 837 3110 908 voluptas
3163 836 3346 892 carnis
3390 836 3808 910 exstinguitur.

2197 922 2267 979 Et
2295 922 2528 979 ebrietas
2557 925 2808 996 quamvis
2835 926 3008 980 Deum
3051 925 3310 994 offendat,
3347 926 3488 997 gulae
3516 926 3813 982 desideria

2198 1010 2429 1080 perficit.
2477 1011 2744 1067 Similiter
2773 1019 2826 1068 et
2873 1021 3069 1071 caetera
3115 1014 3256 1071 vitia
3299 1015 3368 1070 ad
3410 1016 3597 1072 carnis
3635 1016 3812 1072 desi-

2195 1098 2347 1154 deria
2393 1101 2722 1172 perﬁcienda
2768 1112 3144 1160 assumuntur.
3209 1104 3350 1160 Sunt
3405 1105 3574 1162 etiam
3629 1123 3811 1180 quas—-

2194 1189 2318 1244 dam
2349 1189 2633 1246 mendacia
2671 1207 2790 1263 quae
2833 1192 3050 1264 corpori
3088 1192 3301 1265 aliquid
3341 1193 3608 1250 videntur
3635 1195 3811 1268 adji-

2193 1294 2332 1346 cere,
2363 1278 2506 1334 sicut
2551 1287 2680 1335 sunt
2708 1281 2976 1350 avaritiae,
3023 1281 3090 1337 de
3123 1281 3324 1355 quibus
3351 1284 3608 1356 superius
3635 1283 3808 1342 dixi-

2193 1383 2334 1424 mus.
2367 1368 2448 1422 Tu
2477 1375 2659 1424 autem
2685 1369 2828 1424 nihil
2857 1370 3074 1443 corpori
3101 1372 3360 1445 acquiris,
3385 1379 3439 1428 et
3459 1374 3639 1429 Deum
3672 1374 3810 1430 sine

2192 1456 2598 1514 intermissione
2635 1458 2910 1515 offendere
2951 1477 3063 1516 non
3105 1460 3325 1517 metuis.
3374 1463 3520 1519 Ecce
3560 1463 3807 1520 menda-

2189 1547 2336 1603 cium
2385 1554 2544 1602 tuum
2577 1547 2696 1603 leve
2736 1557 2898 1617 esset,
2937 1549 2984 1604 si
3033 1548 3186 1606 tarde
3223 1550 3554 1622 accidisset;
3589 1569 3807 1612 verum

2188 1652 2258 1691 ex
2280 1634 2400 1708 jugi
2429 1637 2845 1696 continuatione
2874 1639 3257 1712 gravissimum
3299 1648 3463 1714 atque
3506 1641 3806 1716 importa-

2188 1724 2298 1781 bile
2336 1725 2588 1782 efﬁcitur.
2646 1727 2785 1784 Nam
2835 1729 2978 1786 sicut
3032 1729 3209 1786 lutum
3263 1729 3441 1786 levius
3491 1738 3576 1788 est
3619 1749 3804 1807 quam

485 1835 579 1910 qui
607 1832 871 1908 quosdam
905 1848 974 1888 ex
1003 1829 1214 1886 inﬁmis
1250 1829 1452 1887 vicinis
1487 1829 1597 1886 tuis
1658 1830 1978 1900 formidaas,
2014 1831 2069 1887 in

2188 1813 2506 1887 plumbum,
2541 1815 2635 1872 sed
2687 1833 2758 1873 ex
2803 1817 3266 1891 multiplicatione
3314 1835 3411 1876 sua
3457 1822 3694 1894 gravius
3742 1832 3805 1880 et

485 1924 814 1983 monasterio
884 1922 1116 1996 positus,
1187 1921 1548 1994 praaliatorem
1613 1921 1976 1980 fortissimum
2023 1933 2076 1982 te

485 2014 684 2074 fecisti.
735 2014 876 2069 Ecce
929 2011 1034 2067 hoc
1059 2026 1173 2066 non
1201 2010 1310 2068 fuit
1335 2012 1596 2069 saeculum
1641 2012 1951 2086 reliquisse,
1981 2013 2076 2070 sed

484 2103 800 2178 acquisisse.
831 2100 983 2158 Dicis
1020 2109 1074 2157 te
1121 2099 1405 2157 hominem
1449 2101 1809 2172 interfecisse,
1843 2107 1987 2166 578
2019 2111 2074 2160 et

485 2199 776 2258 homicidii
805 2205 1012 2255 reatum
1040 2213 1204 2270 super
1229 2205 1283 2254 te
1311 2198 1644 2271 imposuisti.
1690 2201 1900 2273 Lingua
1925 2218 2072 2260 men-

484 2293 595 2351 dax
623 2290 771 2360 fecit,
800 2288 948 2362 quod
980 2305 1171 2344 manus
1200 2305 1313 2344 non
1340 2289 1646 2362 praevaluit.
1669 2291 1742 2346 Et
1763 2291 1850 2346 vis
1871 2299 1932 2346 ut
1951 2307 2072 2364 pro.

484 2384 608 2441 bern
637 2382 784 2456 quod
821 2389 875 2438 te
912 2380 1227 2437 mentiendo
1266 2397 1420 2437 reum
1467 2380 1754 2438 homicidii
1812 2381 2006 2438 feceris
2043 2381 2074 2440 ?

484 2475 633 2543 Saul,
661 2480 722 2528 ut
752 2473 808 2528 in
829 2469 970 2526 libro
998 2471 1203 2542 Regum
1233 2470 1463 2542 legimus
1485 2471 1543 2542 (Ι
1552 2472 1674 2542 Reg.
1705 2486 1866 2539 xxxx,
1886 2469 1965 2541 4),
1989 2470 2072 2526 ti-

485 2578 634 2619 more
660 2559 1078 2616 Philistinorum
1140 2575 1308 2614 manu
1345 2559 1564 2632 propria
1593 2558 1943 2631 semetipsum
1973 2561 2072 2616 in-

484 2651 732 2719 terfecit;
777 2649 932 2706 venit
962 2649 1184 2722 quidam
1235 2649 1402 2706 homo
1457 2650 1527 2706 ad
1574 2657 1822 2706 sanctum
1869 2649 2065 2719 David,
2123 2705 2136 2715 ,

483 2750 538 2800 et
565 2741 708 2798 dixit
735 2739 882 2814 quod
911 2739 1024 2812 ipse
1060 2739 1299 2808 Saulem,
1333 2739 1427 2813 qui
1461 2757 1585 2796 eum
1622 2739 2068 2813 persequebatur,

485 2831 884 2890 interfecisset:
918 2831 1013 2888 sed
1043 2830 1376 2904 ille~spiritu
1429 2830 1728 2904 prophetiae
1773 2815 2068 2888 mentitum

482 2937 594 2980 esse
619 2938 742 2978 eum
773 2921 1105 2994 intelligens,
1137 2919 1311 2976 veluti
1341 2919 1673 2976 homicidam
1720 2921 1916 2992 punire
1939 2919 2070 2992 jus-

481 3013 572 3084 sit,
620 3021 937 3086 reatumque
997 3011 1285 3069 homicidii
1339 3027 1504 3084 super
1548 3009 1708 3066 illum
1755 3011 2065 3084 imponens,

479 3104 660 3162 dixit:
709 3129 728 3154 ι
754 3103 986 3176 Sanguis
1028 3113 1156 3162 tuus
1195 3117 1357 3173 super
1387 3110 1548 3174 caput
1592 3110 1750 3159 tuum
1781 3120 1796 3170 ;
1829 3119 1890 3159 os
1919 3105 2068 3160 enim
2145 3099 2148 3104 ’
2189 3131 2204 3150 ε

2185 1904 2550 1976 periculosius
2581 1905 2665 1974 ﬁt,
2709 1906 2788 1964 ita
2832 1915 2895 1964 ut
2927 1907 2985 1964 in
3033 1902 3118 1965 eo'
3143 1925 3284 1982 saepe
3324 1926 3522 1982 pecora
3567 1911 3804 1970 demer-

2187 1999 2420 2063 gantur:
2475 1993 2557 2050 sic
2598 2001 2653 2050 et
2681 1994 2930 2067 quaedam
2972 1995 3118 2052 levia
3162 2005 3495 2070 peccata.ex
3523 2001 3804 2074 congerie

2184 2097 2282 2136 sua
2311 2083 2562 2154 graviora
2582 2083 2934 2156 quibusdam,
2979 2101 3100 2158 quae
3137 2087 3326 2160 gravia
3365 2089 3800 2162 existimantur,

2183 2169 2524 2228 efﬁciuntur.
2567 2173 2640 2228 Et
2683 2174 2824 2231 scito
2865 2174 2995 2248 quia
3031 2175 3175 2232 sicut
3202 2177 3318 2250 ipse
3346 2178 3492 2235 dixit
3524 2198 3537 2236 :
3585 2204 3605 2228 α
3635 2183 3802 2238 Deus

2183 2259 2386 2318 veritas
2429 2270 2510 2318 est
2559 2261 2616 2334 (Ι
2653 2264 2810 2320 Joan.
2861 2281 2940 2332 IV,
2972 2263 3030 2335 8)
3065 2283 3080 2333 ;
3124 2291 3142 2314 ι
3203 2266 3347 2322 nihil
3393 2269 3520 2341 plus
3547 2279 3800 2328 contra-

2182 2348 2326 2405 rium
2359 2357 2538 2422 potest
2560 2367 2676 2407 esse
2706 2353 2926 2410 veritati
2952 2370 3116 2426 quam
3147 2355 3516 2415 mendacium.

2251 2439 2456 2495 Horum
2485 2458 2604 2512 ergo
2627 2459 2762 2512 pars
2807 2443 2909 2497 erit
2933 2442 2991 2496 in
3018 2449 3200 2514 stagno
3235 2445 3373 2516 ignis
3402 2447 3644 2502 ardentis
3675 2451 3798 2508 sul-

2176 2529 2369 2601 phure,
2401 2531 2542 2600 quod
2567 2537 2640 2585 est
2666 2547 2809 2584 mors
2837 2532 3082 2587 secunda.
3116 2531 3260 2598 Quid
3288 2533 3360 2588 sit
3390 2551 3538 2593 mors
3568 2553 3797 2594 secun—

2181 2617 2268 2686 da,
2318 2617 2377 2673 in
2428 2617 2533 2675 hoc
2583 2619 2702 2675 loco
2747 2619 3032 2676 manifeste
3081 2621 3440 2680 demonstrat.
3492 2627 3544 2681 A
3591 2643 3796 2700 supra-

2179 2705 2342 2764 dictis
2371 2707 2541 2780 igitur
2580 2708 2734 2765 vitiis
2763 2726 2832 2766 ne
2874 2709 2934 2766 in
2963 2718 3196 2766 mortem
3226 2712 3524 2769 secundam
3564 2716 3793 2775 incida-

2178 2812 2320 2866 mus,
2367 2797 2744 2854 misericordia
2783 2799 3162 2872 Redemptoris
3199 2799 3375 2856 nostri
3405 2817 3506 2858 nos
3541 2802 3795 2862 liberare

2177 2885 2454 2958 dignetur,
2483 2888 2577 2960 qui
2607 2905 2734 2946 cum
2778 2887 2935 2946 Patre
2967 2899 3020 2947 et
3063 2889 3273 2962 Spiritu
3301 2899 3492 2949 sancto
3537 2892 3699 2952 vivit
3732 2903 3794 2952 et

2179 2985 2366 3050 regnat
2395 2978 2454 3035 in
2482 2981 2684 3036 saecula
2709 2981 3059 3050 saeculorum,
3088 2997 3266 3038 amen.

2596 3105 2692 3162 DE
2722 3105 3005 3164 VISIONE
3029 3104 3351 3164 SEPTIMA.

485 3194 922 3287 tnumJQcmum
953 3200 1032 3287 ῥεῖ
1059 3193 1464 3287 εμᾱγθιξξιξω-ιὴ
1495 3191 1712 3287 ἀίοθῖιῇτ
1758 3193 1875 3287 E89
1904 3193 2070 3287 imer-
2097 3201 2141 3262 C
2245 3213 2487 3286 Septima
2531 3212 2674 3269 visio
2703 3211 2773 3268 ad
2823 3228 3008 3286 quam,
3057 3211 3296 3269 Domino
3341 3211 3603 3280 donante,
3648 3230 3782 3287 per-

477 3285 582 3344 feci
609 3284 891 3346 Christum
940 3281 1164 3342 Domini
1197 3283 1288 3355 (II
1334 3282 1458 3354 Reg.
1513 3301 1552 3353 ι,
1612 3283 1723 3356 16).
1772 3308 1791 3334 ι
1849 3283 2064 3344 Scimus

475 3382 657 3432 autem
700 3374 901 3432 divites
939 3372 1126 3431 saeculi
1177 3371 1247 3428 ad
1293 3373 1707 3430 conversionem
1757 3373 2060 3445 venientes,

479 3467 718 3541 graviter
755 3481 995 3539 peccare,
1049 3463 1096 3520 si
1153 3478 1209 3519 se
1256 3463 1324 3520 de
1353 3463 1568 3521 divitiis
1605 3481 1670 3522 ac
1698 3465 1942 3538 potentia
1968 3483 2066 3522 sua

469 3555 676 3628 jactare
700 3553 999 3628 cmperint:
1031 3559 1086 3608 et
1137 3551 1184 3608 si
1215 3553 1310 3609 ille
1338 3569 1464 3610 reus
1509 3561 1609 3623 est,
1640 3555 1735 3628 qui
1762 3571 1955 3610 verum
1983 3554 2064 3611 di-

473 3645 569 3716 cit,
605 3653 810 3720 quanto
837 3643 1008 3716 magis
1031 3651 1114 3714 tu,
1151 3644 1244 3718 qui
1271 3661 1408 3718 pene
1432 3661 1528 3719 per
1559 3646 1747 3703 omnia
1775 3646 2060 3704 mentiris!

545 3739 684 3794 Sunt
713 3737 881 3792 etiam
911 3733 1026 3804 alii,
1058 3737 1155 3810 qui
1189 3753 1361 3811 prope
1388 3737 1763 3796 indesinenter
1789 3740 2064 3796 mentiun-

470 3837 581 3900 tur,
638 3835 694 3885 et
742 3828 842 3883 vix
895 3826 1106 3902 aliquid
1153 3828 1306 3904 loqui
1363 3837 1592 3904 possunt
1627 3832 1745 3888 sine
1791 3831 2063 3890 mendacii

469 3916 818 3978 admistione.
849 3916 957 3986 Qui
995 3919 1066 3976 ad
1119 3921 1314 3977 omnia
1369 3939 1582 3996 semper
1629 3939 1749 3997 quae
1807 3923 2061 3994 audiunt,

467 4008 720 4082 quaedam
748 4009 1034 4068 mendacia
1071 4011 1392 4086 conﬁngunt
1427 4031 1439 4070 :
1473 4020 1528 4070 et
1553 4012 1750 4072 dicunt
1774 4031 1831 4072 se
1859 4013 2066 4072 vidisse

469 4111 596 4170 quas
650 4116 761 4156 non
827 4100 1108 4174 viderunt,
1171 4112 1226 4161 et
1275 4103 1490 4161 audisse
1545 4121 1670 4178 quae
1718 4123 1830 4164 non
1881 4105 2065 4162 audie-

469 4196 636 4260 runt;
687 4199 741 4248 et
797 4191 989 4250 fecisse
1048 4211 1168 4270 quae
1231 4213 1348 4253 non
1409 4197 1678 4256 fecerunt.
1743 4199 1989 4274 Cumque
2033 4214 2066 4254 a

467 4282 756 4341 veracibus
808 4284 1134 4358 deprehensi
1198 4288 1425 4358 fuerint,
1483 4289 1678 4347 dicunt
1733 4307 1843 4346 non
1905 4307 2063 4364 posse

467 4375 759 4450 quemdam
803 4377 941 4434 bene
987 4397 1118 4436 vera
1165 4381 1338 4452 loqui,
1389 4380 1484 4454 qui
1537 4397 1649 4437 non
1696 4383 1870 4454 possit
1923 4382 2062 4440 bene

469 4471 712 4527 mentiri.
767 4471 812 4528 Ο
869 4472 1054 4541 stulte,
1104 4488 1266 4545 quam
1311 4488 1452 4529 vana
1501 4481 1584 4530 est
1643 4475 1873 4532 assertio
1927 4475 2056 4534 tua!

2173 3300 2447 3369 venimus,
2492 3307 2610 3358 tota
2659 3297 2728 3355 ad
2775 3298 2919 3355 illud
2969 3306 3184 3372 tempus
3235 3297 3382 3372 quod
3429 3306 3552 3372 post
3588 3315 3784 3359 resur-

2173 3391 2473 3449 rectionem
2507 3389 2759 3446 futurum
2788 3396 2870 3446 est
2903 3388 3074 3463 (supr.
3108 3405 3222 3460 cap.
3255 3389 3381 3462 xx),
3403 3389 3667 3462 pertinet.
3699 3392 3784 3449 Et

2173 3480 2308 3539 ordo
2339 3478 2612 3552 poscebat,
2647 3487 2729 3548 ut,
2760 3478 2999 3552 generali
3036 3478 3437 3536 resurrectione
3465 3477 3780 3554 descripta,

2173 3569 2402 3644 gloriam
2435 3577 2775 3640 sanctorum,
2808 3586 2971 3644 quam
3003 3576 3124 3641 post
3161 3568 3618 3626 resurrectionem
3645 3573 3782 3630 sine

2174 3663 2282 3722 ﬁne
2308 3663 2684 3738 possidebunt,
2731 3663 3096 3730 describeret;
3130 3679 3250 3736 quae
3295 3661 3398 3720 sub
3427 3661 3604 3736 ﬁgura
3630 3663 3784 3724 civi-

2171 3755 2304 3812 tatis
2331 3755 2634 3812 Jerusalem
2665 3754 2726 3810 in
2743 3753 2847 3812 hac
2877 3753 3088 3810 visione
3117 3751 3466 3810 describitur.

2247 3845 2429 3918 (Vere.
2475 3845 2556 3918 9.)
2600 3845 2675 3900 Et
2717 3843 2857 3900 venit
2894 3859 3032 3898 unus
3083 3842 3146 3897 de
3186 3847 3374 3914 septem
3423 3841 3624 3913 angelis
3675 3845 3785 3914 qui

2172 3933 2428 3991 habebant
2479 3935 2712 4006 phialas,
2782 3937 2830 3988 et
2887 3933 3090 3988 locutus
3149 3937 3227 3986 est
3289 3946 3486 3986 mecum
3548 3929 3780 3991 dicens:

2179 4025 2324 4095 Veni,
2367 4031 2416 4081 et
2458 4025 2727 4080 ostendam
2759 4021 2852 4077 tibi
2882 4035 3128 4093 sponsam
3156 4035 3378 4075 uxorem
3403 4019 3564 4092 Agni.
3597 4021 3784 4097 Supe-

2171 4120 2288 4178 rius
2321 4122 2379 4178 in
2415 4121 2608 4195 quinta
2634 4117 2849 4174 visione
2877 4116 3112 4172 Joannes
3139 4115 3276 4172 dicit
3303 4124 3510 4188 septem
3537 4120 3783 4192 angelos

2173 4211 2434 4268 habentes
2480 4216 2686 4282 septem
2735 4205 2948 4278 phialas
2987 4204 3095 4262 sibi
3134 4203 3302 4260 fuisse
3331 4203 3781 4280 demonstratae,

2171 4301 2312 4358 etin
2341 4297 2694 4372 sequentibus
2734 4311 2906 4352 unum
2955 4311 3025 4351 ex
3067 4294 3179 4350 illis
3224 4292 3506 4350 civitatem
3553 4294 3781 4356 diaboli

2171 4389 2688 4460 damnationemque
2707 4384 2824 4458 ejus
2845 4383 2948 4440 sub
2969 4383 3149 4457 specie
3180 4382 3430 4440 mulieris
3455 4386 3783 4445 meretricis

2169 4477 2274 4534 sibi
2304 4477 2639 4534 ostendisse:
2694 4475 2951 4532 similiter
2987 4481 3042 4530 et
3086 4473 3178 4530 hic
3223 4489 3396 4529 unum
3453 4487 3522 4528 ex
3562 4473 3782 4536 iisdem

466 4559 606 4618 Ecce
639 4560 894 4619 Christus
933 4562 1107 4618 multa
1135 4562 1273 4619 bene
1316 4570 1370 4619 et
1417 4565 1686 4620 veraciter
1714 4565 1929 4622 locutus
1956 4572 2055 4633 est,
2086 4576 2136 4636 1)
2169 4574 2375 4639 septem
2421 4566 2628 4639 angelis
2673 4565 2810 4622 dicit
2855 4563 2961 4620 sibi
2989 4562 3273 4620 civitatem
3323 4559 3422 4618 Dei
3453 4560 3554 4618 sub
3583 4560 3781 4634 ﬁgura

397 4677 409 4692 -
467 4652 560 4724 qui
591 4667 872 4724 nunquam
905 4652 1084 4724 potuit
1114 4653 1354 4722 mentiri,
1389 4653 1550 4726 cujus
1569 4655 1798 4727 vestigia
1815 4663 1868 4710 te
1896 4655 2051 4728 sequi

467 4738 640 4812 magis
678 4741 1030 4812 oportuisset,
1081 4741 1140 4796 in
1193 4749 1458 4815 quantum
1498 4743 1678 4799 virtus
1721 4748 2050 4815 suppeteret.

466 4827 736 4886 Similiter
781 4832 1035 4904 apostoli,
1105 4841 1160 4888 et
1209 4833 1393 4890 caeteri
1450 4835 1832 4906 praedicatores
1885 4833 2060 4889 multa

465 4918 772 4977 docuerunt
799 4930 854 4978 et
873 4922 1208 4996 scripserunt
1237 4924 1356 4979 sine
1385 4923 1742 4996 permistione
1763 4922 2058 4980 mendacii.

464 5013 538 5069 Et
564 5013 845 5088 Scriptura
886 5017 1023 5072 dicit
1071 5018 1201 5091 quia
1235 5033 1396 5072 omne
1441 5016 1788 5073 mendacium
1837 5031 1868 5072 a
1915 5015 2059 5072 malo

381 5127 388 5133 ν
465 5109 546 5159 est
576 5103 634 5176 (Ι
657 5104 813 5159 Joan.
836 5121 898 5173 ιι,
929 5105 1022 5176 21)
1059 5123 1071 5162 :
1107 5107 1153 5162 si
1176 5107 1524 5164 mendacium
1554 5107 1758 5162 malum
1791 5113 1896 5173 est,
1926 5122 2059 5180 quo-

462 5193 630 5272 modo
661 5196 866 5251 malum
897 5195 1036 5252 bene
1067 5205 1244 5270 potest
1274 5199 1505 5272 proferri
1535 5199 1562 5256 ?
1591 5199 1636 5256 Ο
1659 5198 2059 5271 infelix,quam

463 5282 650 5340 vicina
705 5292 786 5340 est
819 5283 936 5356 (84)
991 5285 1096 5342 tibi
1156 5286 1237 5343 ira
1292 5289 1390 5344 Dei
1448 5287 1861 5360 omnipotentis,
1897 5303 2058 5360 quem

462 5373 680 5430 assidue
708 5375 827 5431 sine
857 5391 1020 5432 causa
1083 5376 1360 5434 offendere
1415 5395 1526 5435 non
1579 5377 1863 5449 trepidas!
1921 5377 2060 5434 Nam

462 5471 659 5520 caetera
686 5464 825 5521 vitia
853 5481 1165 5540 quanquam
1216 5467 1456 5524 Domino
1494 5467 1768 5524 contraria
1807 5467 1939 5535 sint,
1971 5465 2058 5521 vi-

463 5547 664 5608 dentur
713 5559 897 5612 tamen
951 5555 1162 5630 aliquid
1221 5557 1437 5630 corpori
1492 5557 1759 5614 conferre.
1810 5557 2061 5614 Avaritia

2161 4657 2455 4714 Jerusalem
2485 4655 2908 4712 demonstrasse.
2944 4652 3208 4709 Eamdem
3241 4666 3369 4723 ergo
3399 4649 3778 4723 signiﬁcatio-

2167 4762 2290 4802 nem
2323 4744 2528 4800 habent
2566 4743 2769 4816 singuli
2801 4741 2893 4799 isti
2936 4757 3098 4815 quam
3140 4739 3224 4795 illi
3251 4747 3454 4811 septem
3486 4755 3501 4807 ;
3546 4739 3776 4812 signiﬁ-

2167 4844 2294 4892 cant
2323 4851 2559 4908 namque
2605 4833 3008 4908 przedicatores,
3045 4831 3144 4904 qui
3193 4830 3440 4898 fuerunt,
3492 4837 3549 4886 et
3597 4840 3780 4890 erunt

2167 4943 2340 5000 usque
2369 4926 2427 4982 in
2475 4925 2640 4981 ﬁnem
2672 4943 2684 4982 :
2738 4924 2974 4980 Joannes
3000 4939 3132 4980 vero
3179 4929 3372 4995 typum
3419 4927 3570 4978 tenet
3605 4930 3776 4980 cate-

2167 5033 2354 5074 rorum
2385 5014 2653 5072 ﬁdelium.
2708 5014 2952 5085 Angelus
2997 5011 3168 5084 igitur
3209 5009 3406 5068 Joanni
3449 5025 3506 5066 se
3535 5009 3778 5069 demon-

2169 5112 2468 5162 straturum
2498 5103 2777 5159 civitatem
2804 5102 2904 5158 Dei
2936 5098 3306 5173 repromittit:
3341 5097 3471 5170 quia
3500 5099 3774 5170 praedica-

2167 5205 2314 5254 tores
2358 5193 2531 5252 sancti
2561 5193 2772 5252 caeteris
2817 5191 3075 5250 ﬁdelibus
3123 5195 3325 5264 quanta
3371 5188 3444 5244 sit
3475 5187 3774 5247 beatitudo

2164 5287 2464 5360 justorum,
2523 5284 2582 5341 in
2639 5292 2903 5360 quantum
2957 5287 3207 5356 possunt,
3261 5278 3484 5337 student
3534 5278 3774 5338 demon.

2169 5384 2363 5447 strare,
2416 5381 2480 5431 ut
2527 5390 2619 5431 eos
2677 5373 2747 5430 ad
2811 5371 2982 5428 vitam
3035 5377 3294 5427 aeternam
3346 5367 3773 5441 percipiendam

2168 5465 2488 5524 accendant.
2547 5463 2722 5532 Quam
2775 5463 2942 5519 etiam
3018 5474 3272 5534 sponsam
3323 5469 3554 5514 uxorem
3615 5459 3773 5532 Agni

2167 5563 2348 5615 vocat.
2403 5554 2562 5624 Quod
2625 5569 2824 5628 sponsa
2871 5549 3017 5626 Agni
3065 5549 3314 5611 Ecclesia
3336 5546 3463 5622 jure
3499 5556 3768 5622 vocetur,

535 5740 650 5814 (84)
678 5741 830 5800 Edit.
861 5753 916 5803 et
937 5748 1160 5820 quidam
1177 5766 1329 5820 mss.,
1358 5768 1518 5823 quam
1541 5767 1682 5809 vana
1708 5758 1823 5820 est;
1852 5751 2050 5811 melius
2082 5749 2260 5822 Gem.,
2292 5767 2452 5824 quam
2479 5749 2656 5808 vicina
2683 5753 2776 5806 est.
