3964 6404
109 384 257 441 1033

1006 384 1462 443 BERENGAUDI
1498 383 1871 441 EXPOSITIO
1910 384 1982 441 IN
2020 384 2524 444 APOCALYPSIN.

3279 384 3419 445 1034

106 511 341 567 Joannes
368 510 610 583 Baptista
637 511 975 569 demonstrat
1012 512 1238 569 dicens;
1300 536 1319 560 ι
1367 513 1474 581 Qui
1527 511 1692 569 habet
1737 516 1781 574 A
1823 512 1984 569 nobis
2030 521 2111 569 est
2158 512 2435 586 quomodo
2495 511 2563 568 de
2617 514 2757 569 coelo
2809 512 3138 570 descendere
3180 513 3418 584 dicatur,

105 616 382 673 sponsam,
414 616 645 674 sponsus
674 610 756 657 est
790 601 970 674 (Joan.
1004 619 1090 670 nr,
1122 602 1237 674 29).
1270 628 1289 650 ι
1333 601 1492 671 Quod
1520 611 1703 660 autem

105 699 161 746 et
218 707 361 746 uxor
414 690 649 761 dicatur,
717 691 1002 765 Scriptura
1057 692 1398 749 demonstrat
1473 691 1698 750 dicens:

119 804 139 829 ε
163 781 393 853 Propter
440 781 544 839 hoc
582 781 856 857 relinquet
900 782 1069 838 homo
1111 789 1321 855 patrem
1367 790 1421 839 et
1471 790 1703 838 matrem

103 887 283 939 suam,
330 878 384 927 et
430 870 732 927 adhaerebit
779 872 942 927 uxori
986 889 1116 941 suae,
1168 879 1223 928 et
1269 879 1433 928 erunt
1484 872 1595 928 duo
1643 872 1701 927 in

103 980 269 1019 carne
296 979 407 1019 una
438 963 594 1032 (Gen.
630 980 688 1030 ιι,
722 963 837 1034 24).
873 989 892 1011 ι
936 962 1102 1030 Quasi
1132 980 1259 1036 ergo
1288 964 1505 1018 Patrem
1536 977 1696 1019 suum

103 1053 286 1108 Filius
313 1053 413 1108 Dei
443 1052 758 1125 dereliquit,
810 1070 937 1110 cum
981 1053 1048 1108 de
1077 1053 1173 1109 illa
1205 1053 1413 1109 caelesti
1453 1054 1702 1111 beatitu-

104 1140 238 1197 dine
294 1141 361 1197 ad
409 1148 582 1197 terras
631 1140 987 1211 descendens,
1038 1141 1321 1198 hominem
1387 1142 1698 1214 assumpsit,

104 1247 270 1304 quem
327 1248 426 1303 pro
475 1248 673 1304 sponsa
711 1248 831 1300 sua,
881 1248 1001 1305 quae
1055 1240 1136 1288 est
1187 1231 1454 1301 Ecclesia,
1511 1231 1697 1288 daret:

103 1329 339 1377 matrem
369 1321 681 1394 dereliquit,
728 1321 858 1394 quia
887 1320 1146 1378 affectum
1176 1321 1369 1377 matris
1412 1318 1701 1392 abjiciens,

104 1428 307 1483 corpus
335 1411 481 1485 quod
511 1428 579 1467 ex
611 1428 672 1467 ea
700 1412 1016 1484 assumpsit,
1046 1429 1146 1485 pro
1177 1412 1423 1468 Ecclesia
1456 1427 1553 1466 sua
1580 1418 1704 1466 tra-

106 1500 290 1569 didit;
340 1517 504 1574 quam
536 1499 644 1556 sibi
673 1499 752 1556 ita
780 1500 985 1570 univit,
1040 1508 1103 1558 ut
1146 1502 1260 1574 ipse
1298 1500 1371 1558 sit
1412 1508 1599 1572 caput,
1651 1508 1705 1556 et

105 1591 225 1663 ipsa
255 1608 473 1664 corpus.

178 1680 360 1752 (Vers.
424 1682 534 1755 10.)
598 1684 672 1739 Et
705 1681 920 1737 sustulit
964 1697 1043 1735 me
1077 1679 1135 1734 in
1184 1686 1412 1735 montem
1456 1696 1705 1753 magnum

103 1776 152 1825 et
190 1772 379 1827 altum.
445 1771 603 1827 Mons
638 1771 739 1827 iste
778 1770 1033 1828 Christus
1082 1776 1182 1826 est.
1232 1772 1312 1826 De
1365 1769 1471 1826 hoc
1518 1779 1704 1827 monte

102 1860 372 1933 propheta
401 1860 647 1934 loquitur
670 1860 895 1918 dicens:
959 1884 977 1908 ε
1007 1860 1079 1916 Et
1125 1859 1230 1916 erit
1275 1860 1336 1916 in
1382 1859 1706 1917 novissimis
1734 1894 1781 1954 B

103 1949 302 2007 diebus
363 1959 699 2024 praeparatus
754 1967 913 2007 mons
992 1950 1191 2007 domus
1246 1949 1474 2006 Domini
1544 1966 1709 2023 super

101 2040 370 2097 verticem
427 2041 699 2096 montium
759 2041 896 2112 (Isa.
940 2056 1004 2109 II,
1048 2040 1128 2112 2).
1188 2064 1207 2089 ι
1276 2040 1491 2098 Montes
1544 2056 1708 2112 super

100 2146 337 2203 quorum
368 2130 632 2187 verticem
665 2147 825 2187 mons
853 2130 1051 2186 domus
1092 2128 1319 2187 Domini
1367 2137 1705 2203 praeparatus

101 2240 219 2281 esse
249 2223 476 2292 dicitur,
529 2230 710 2296 patres
751 2223 954 2279 veteris
1002 2223 1339 2280 Testamenti
1395 2222 1701 2296 designant.

101 2313 278 2386 Super
319 2313 518 2369 horum
562 2331 689 2386 ergo
724 2313 987 2371 verticem
1035 2331 1193 2370 mons
1237 2314 1435 2370 domus
1480 2312 1705 2370 Domini

103 2411 441 2478 preparatus
469 2420 585 2460 esse
613 2404 857 2473 dicitur;
907 2403 1036 2478 quia
1063 2411 1118 2460 et
1147 2403 1215 2459 ab
1244 2403 1379 2475 ipsis
1410 2402 1705 2475 praedictus

102 2501 209 2563 est,
269 2501 323 2549 et
371 2493 427 2548 in
457 2510 619 2550 carne
649 2493 898 2563 veniens,
948 2510 1039 2549 eos
1087 2493 1227 2549 mira
1272 2491 1572 2548 altitudine
1624 2499 1705 2548 cst

102 2591 472 2656 transgressus
495 2584 635 2655 (85).
660 2584 833 2655 Super
864 2583 1011 2639 hunc
1043 2583 1213 2655 igitur
1240 2590 1486 2637 montem
1508 2581 1704 2637 domus

102 2674 349 2743 Domini,
400 2673 457 2729 id
486 2682 568 2729 est
593 2673 863 2742 Ecclesia,
921 2672 1189 2728 aediﬁcata
1221 2680 1334 2737 est;
1386 2671 1515 2743 quia
1543 2687 1704 2742 super

103 2764 387 2820 Christum
420 2764 648 2821 fundata
680 2771 782 2831 est,
813 2762 955 2818 sicut
984 2762 1187 2831 Paulus
1216 2761 1494 2832 apostolus
1527 2760 1701 2831 loqui-

99 2860 194 2907 tur
250 2853 475 2909 dicens:
547 2880 564 2901 ι
618 2852 1067 2909 Fundamentum
1131 2851 1276 2905 enim
1330 2848 1482 2905 aliud
1541 2864 1703 2905 nemo

99 2950 279 3014 potest
307 2960 528 3015 ponere,
580 2952 776 3015 praeter
822 2943 879 2998 id
918 2941 1065 3016 quod
1105 2940 1348 3013 positum
1395 2946 1497 3008 est,
1554 2938 1702 3011 quod

102 3040 183 3088 est
214 3032 468 3090 Christus
503 3033 657 3087 Jesus
688 3033 744 3103 (Ι
775 3033 900 3088 Cor.
934 3048 1017 3095 In,
1050 3031 1162 3100 11).
1191 3055 1210 3079 ι

174 3123 353 3195 (Vers.
409 3122 521 3193 11.)
569 3124 645 3177 Et
698 3121 921 3176 ostendit
972 3120 1102 3174 mihi
1158 3120 1415 3175 civitatem
1467 3124 1701 3175 sanctam

97 3212 395 3267 Jerusalem
449 3211 831 3265 descendentem
882 3209 944 3263 de
991 3210 1116 3264 ccelo
1171 3227 1205 3264 α
1251 3210 1379 3277 Deo,
1433 3209 1699 3263 habentem

103 3300 403 3356 claritatem
434 3301 553 3356 Dei.
573 3299 890 3355 Notandum
922 3300 1053 3371 quia
1072 3298 1376 3355 Ezechielis
1403 3297 1599 3353 ultima
1618 3298 1696 3353 vi-

99 3388 183 3444 sio
213 3404 341 3444 cum
370 3387 473 3443 hac
501 3386 727 3443 Joannis
756 3386 971 3442 visione
1005 3385 1302 3442 concordat
1332 3385 1390 3441 in
1419 3384 1699 3458 aliquibus

98 3478 238 3535 locis
264 3496 278 3547 ;
306 3477 431 3534 ideo
460 3478 670 3549 placuit
696 3485 759 3533 ut
784 3476 851 3532 de
881 3477 977 3532 illa
1007 3475 1140 3533 huic
1169 3476 1323 3548 operi
1353 3492 1525 3548 pauca
1556 3474 1696 3530 inse-

96 3585 306 3625 ramus.
353 3568 502 3624 Dicit
532 3583 770 3640 namque
795 3573 1038 3622 montem
1068 3566 1237 3621 fuisse
1266 3571 1410 3629 579
1455 3564 1698 3621 demon-

95 3648 355 3733 stratum,
407 3682 572 3737 super
608 3680 770 3737 quem
824 3670 940 3719 erat
973 3662 1191 3729 civitas,
1247 3670 1301 3719 et
1346 3662 1405 3719 in
1460 3678 1523 3718 ea
1562 3669 1695 3733 tem-

94 3754 284 3825 plum:
309 3770 499 3810 verum
523 3752 800 3809 civitatem
819 3751 1204 3808 tantummodo
1238 3766 1693 3821 commemorans,

94 3842 160 3899 de
184 3843 382 3915 templi
407 3848 685 3898 structura
728 3842 904 3897 multa
943 3849 1025 3898 est
1063 3842 1280 3898 locutus
1331 3841 1550 3912 (Ezech.
1600 3856 1691 3910 XL,

92 3931 286 4002 2-49).
334 3931 600 3988 Eamdem
654 3947 782 4004 ergo
839 3929 1299 4003 signiﬁcationem
1357 3928 1523 3986 habet
1577 3928 1695 3986 illic

92 4022 384 4094 templum,
443 4038 607 4095 quam
651 4027 706 4077 et
753 4020 847 4077 hic
888 4021 1124 4087 civitas;
1183 4018 1500 4092 signiﬁcant
1544 4019 1691 4074 enim

92 4111 436 4168 Ecclesiam:
490 4109 586 4166 sed
613 4126 709 4182 per
737 4109 1005 4182 templum
1036 4107 1178 4165 illud
1218 4105 1503 4182 praesentis
1542 4114 1692 4164 tem-

92 4200 243 4272 poris
294 4201 562 4269 Ecclesia,
635 4216 731 4272 per
786 4199 1073 4257 civitatem
1150 4206 1335 4253 autem
1390 4196 1691 4253 Jerusalem

94 4289 341 4347 Ecclesia
397 4289 640 4362 quidem,
699 4288 794 4345 sed
851 4288 1030 4362 qualis
1094 4294 1218 4359 post
1270 4286 1438 4343 ﬁnem
1494 4285 1691 4342 mundi

90 4377 281 4435 futura
309 4385 412 4445 est,
445 4377 783 4449 designatur.
833 4376 938 4433 Sed
961 4376 1099 4433 dicit
1124 4375 1326 4449 aliquis
1354 4394 1364 4431 :
1401 4375 1690 4442 Quomodo

93 4466 397 4538 descriptio
451 4465 557 4522 ista
618 4466 943 4534 Jerusalem,
1015 4464 1074 4520 id
1138 4471 1219 4518 est
1269 4463 1551 4531 Ecclesiae,
1620 4463 1689 4520 ad

92 4564 346 4620 futurum
378 4569 594 4633 tempus
625 4561 882 4633 pertinet,
933 4575 1060 4616 cum
1103 4557 1385 4630 praesentis
1426 4558 1688 4629 temporis

93 4653 210 4726 ejus
247 4653 426 4709 forma
479 4629 537 4707 in
590 4629 694 4707 hac
735 4650 989 4706 videatur
1024 4629 1240 4703 visione
1270 4645 1557 4704 describi?
1601 4647 1689 4703 Ad
1717 4629 1765 4686 D
1796 4657 1850 4705 et
1890 4651 2232 4706 antemurale
2280 4651 2416 4724 (Isa.
2444 4629 2627 4719 vxxvr,
2671 4629 2816 4721 1).-.

94 4742 241 4816 quod
273 4758 373 4798 nos
413 4741 808 4813 respondemus
846 4739 979 4812 quia
1014 4737 1282 4805 Ecclesia,
1331 4734 1579 4808 quandiu
1630 4736 1688 4791 in

93 4830 196 4889 hac
223 4832 340 4888 vita
364 4830 639 4899 consistit,
688 4828 910 4902 agnosci
937 4827 1173 4900 perfecte
1202 4840 1313 4880 non
1344 4830 1542 4897 potest,
1594 4823 1687 4880 sed

94 4923 248 4994 quasi
316 4922 420 4978 sub
477 4919 714 4994 quodam
768 4918 1042 4974 velamine
1103 4916 1366 4972 absconsa
1429 4922 1682 4981 tenetur;

93 5030 220 5072 cum
250 5014 533 5086 ignoretur
559 5011 682 5085 quis
710 5010 783 5066 sit
811 5009 1096 5082 reprobus,
1144 5016 1239 5065 aut
1284 5006 1409 5081 quis
1456 5006 1683 5075 electus,

93 5120 188 5169 aut
232 5109 302 5166 ad
331 5124 491 5182 quem
523 5108 687 5165 ﬁnem
718 5114 872 5163 actus
901 5124 1029 5163 suos
1059 5105 1438 5178 unusquisque
1468 5102 1683 5175 perdu-

93 5208 204 5258 cat:
245 5200 302 5255 in
330 5199 427 5254 illa
453 5205 637 5255 autem
668 5197 781 5253 vita
811 5195 929 5268 ejus
958 5196 1135 5252 forma
1164 5194 1422 5251 omnibus
1454 5193 1681 5266 patebit;

93 5297 225 5345 tunc
259 5287 407 5345 enim
440 5286 653 5359 liquido
692 5285 951 5342 omnibus
994 5283 1295 5356 apparebit,
1348 5282 1471 5355 quis
1515 5282 1684 5339 fuerit
1722 5338 1727 5341 _

93 5394 302 5446 murus,
353 5376 448 5450 qui
495 5384 684 5448 portae,
742 5374 839 5448 qui
889 5372 1267 5442 fundamenta,
1321 5372 1418 5446 qui
1473 5371 1682 5445 lapides

93 5476 405 5534 structurae,
458 5464 555 5539 qui
608 5464 817 5538 lapides
864 5462 1112 5538 pretiosi.
1169 5462 1276 5520 Sed
1322 5462 1680 5536 quaerendum

166 5620 282 5694 (85)
325 5621 715 5703 superborum
740 5625 1057 5703 ergo.....est
1084 5624 1523 5703 transgresmﬁe
1551 5617 1676 5676 cod.

92 5690 613 5823 ge?.'trestituitur,
661 5708 786 5748 cum
802 5690 876 5749 in
903 5690 1028 5750 aliis
1055 5700 1108 5750 et
1139 5690 1355 5750 cunctis
1383 5690 1515 5748 edit.
1567 5706 1679 5748 non

132 5781 163 5821 a
202 5781 265 5822 ea
290 5780 376 5822 ur.

411 5859 653 5918 Panos.
693 5858 869 5918 XVII.

1814 617 1941 656 cum
1996 601 2064 656 ad
2109 603 2396 659 caelestem
2428 601 2825 658 habitationem
2857 601 3103 676 quotidie
3147 617 3421 660 conscen-

1814 688 1927 758 dat,
1971 690 2029 745 in
2070 706 2178 763 qua
2241 692 2360 747 sine
2419 690 2526 746 ﬁne
2582 707 2939 763 permansura
2982 690 3243 750 creditur.
3290 692 3419 751 San.

1813 786 2028 836 ctorum
2070 789 2227 836 actus
2274 788 2442 852 atque
2511 780 2706 838 merita
2760 781 3006 854 quandiu
3068 789 3251 837 mente
3301 799 3418 855 per-

1813 875 2137 934 tractamus,
2193 884 2413 941 semper
2461 878 2731 941 augentur
2774 870 2833 925 in
2881 869 3139 927 cordibus
3178 870 3414 926 nostris;

1816 965 1868 1012 et
1898 964 2105 1029 quanto
2152 958 2273 1029 plus
2302 974 2364 1013 ea
2404 958 2847 1024 consideramus,
2877 966 3030 1016 tanto
3057 959 3293 1031 amplius
3319 976 3420 1016 co-

1820 1062 1943 1100 rum
1975 1045 2386 1117 magniﬁcentia
2434 1046 2598 1103 nobis
2646 1048 2936 1104 elevatur:
2981 1055 3037 1104 at
3078 1065 3205 1105 cum
3230 1051 3420 1107 oculos

1818 1134 2018 1190 mentis
2060 1143 2262 1191 nostra
2297 1134 2366 1191 ad
2411 1136 2853 1209 magnitudinem
2896 1137 2997 1193 Dei
3025 1138 3420 1211 omnipotentis

1814 1225 2265 1282 considerandam
2331 1228 2668 1298 attollimus,
2727 1229 3049 1302 magnitudo
3102 1238 3417 1287 sanctorum

1814 1314 2185 1386 magnitudini
2205 1316 2305 1372 Dei
2338 1325 2675 1390 comparata,
2706 1318 2866 1375 valde
2886 1318 3047 1375 nobis
3067 1318 3417 1375 humiliatur.

1812 1403 2133 1461 Ascendunt
2159 1404 2330 1478 igitur
2360 1406 2522 1462 nobis
2558 1406 2754 1477 sancti,
2791 1424 2918 1464 cum
2947 1424 3138 1465 eorum
3185 1415 3337 1465 actus
3365 1414 3419 1465 et

1814 1494 2008 1549 merita
2066 1494 2522 1552 consideramus:
2575 1497 2928 1555 descendunt
2977 1514 3128 1568 vero,
3176 1515 3304 1579 cum
3350 1496 3419 1554 ad

1814 1583 2272 1641 considerandam
2302 1586 2401 1641 Dei
2462 1586 2936 1659 omnipotentiam
2993 1589 3181 1646 oculos
3218 1588 3419 1645 mentis

1815 1680 2015 1728 nostrae
2069 1674 2396 1731 attollimus.
2447 1674 2667 1731 Dicitur
2708 1692 2927 1749 quoque
2978 1677 3286 1733 claritatem
3316 1676 3418 1734 Dei

1813 1761 2090 1819 habuisse.
2148 1762 2393 1820 Habebat
2443 1765 2687 1837 profecto
2749 1765 3056 1823 claritatem
3117 1766 3237 1835 Dei,
3302 1782 3416 1823 non

1817 1869 1993 1909 suam.
2025 1853 2176 1926 Saepe
2205 1854 2411 1911 etenim
2442 1855 2523 1911 sol
2553 1855 2613 1911 in
2641 1872 2781 1929 aqua
2805 1854 3043 1927 fulgens,
3076 1870 3233 1911 suam
3256 1854 3413 1912 clari-

1815 1949 1985 1998 tatem
2020 1959 2176 2016 aquae
2205 1943 2439 2016 largitur
2466 1943 2576 2012 ;ita
2609 1951 2672 2000 ut
2701 1960 2840 2018 aqua
2860 1944 3048 2001 oculos
3076 1942 3413 2000 intuentium

1816 2031 2148 2101 reverberet,
2201 2033 2364 2089 sicuti
2424 2042 2477 2090 et
2542 2034 2667 2090 sol:
2730 2033 3196 2108 quemadmodum
3246 2033 3415 2107 igitur

1818 2137 1958 2194 aqua
2000 2121 2305 2178 claritatem
2335 2122 2467 2179 solis
2495 2123 2681 2193 habet,
2711 2124 2807 2180 sed
2853 2140 2965 2180 non
2994 2139 3026 2179 a
3053 2139 3110 2180 se
3139 2123 3276 2196 ipsa,
3318 2122 3414 2179 sed

1813 2228 1845 2267 a
1878 2212 1995 2268 sole
2027 2229 2039 2267 :
2073 2212 2152 2268 ita
2179 2220 2232 2267 et
2262 2213 2439 2270 sancti
2463 2213 2669 2270 habent
2699 2213 3005 2270 claritatem
3028 2214 3150 2283 Dei,
3178 2212 3275 2270 sed
3302 2228 3413 2269 non

1813 2324 1845 2363 a
1872 2323 1928 2363 se
1961 2306 2115 2378 ipsis,
2145 2306 2241 2363 sed
2268 2324 2299 2362 a
2328 2311 2463 2377 Deo,
2494 2325 2525 2365 a
2554 2325 2663 2381 quo
2697 2307 3108 2365 illuminantur.

1883 2406 2082 2461 Lumen
2111 2406 2224 2476 ejus
2253 2408 2424 2463 simile
2459 2409 2630 2480 lapidi
2653 2409 2906 2480 pretioso,
2939 2414 3192 2479 tanquam
3217 2408 3413 2479 lapidis

1803 2495 2057 2567 jaspidis,
2106 2497 2279 2553 simile
2306 2502 2584 2569 crystallo.
2616 2500 2759 2556 Ecce
2802 2507 2912 2555 tres
2956 2498 3163 2570 lapides
3204 2498 3408 2569 posuit,

1811 2601 2047 2657 quorum
2078 2586 2280 2642 lumini
2331 2587 2519 2643 lumen
2568 2588 2827 2644 Ecclesiae
2880 2587 3207 2644 assimilavit
3241 2587 3356 2659 (86)
3392 2603 3404 2643 :

1811 2690 1985 2730 unum
2034 2675 2153 2731 sine
2204 2676 2450 2744 nomine,
2503 2677 2643 2733 duos
2688 2693 2820 2734 vero
2853 2677 3176 2733 nominatim
3229 2677 3409 2748 expri-

1811 2780 1985 2820 mens.
2059 2765 2357 2821 Possumus
2410 2766 2595 2839 itaque
2653 2783 2749 2839 per
2803 2767 3039 2839 lapidem
3106 2766 3405 2838 pretiosum

1810 2853 2049 2921 Patrem,
2084 2871 2180 2926 per
2194 2852 2464 2927 jaspidem
2496 2856 2723 2923 Filium,
2754 2872 2850 2927 per
2877 2856 3199 2927 crystallum
3235 2856 3406 2927 Spiri-

1810 2949 1929 2997 tum
1962 2950 2216 2999 sanctum
2245 2944 2570 3017 intelligere.
2616 2944 2834 3001 Primus
2884 2944 3003 3000 sine
3049 2944 3273 3001 nomine
3301 2953 3403 3015 est,

1810 3032 1939 3104 quia
1968 3032 2127 3089 Pater
2158 3050 2190 3089 a
2215 3050 2275 3089 se
2314 3034 2433 3105 ipso
2462 3044 2544 3091 est
2574 3053 2589 3102 ;
2654 3033 2927 3092 secundus
2977 3042 3032 3091 et
3080 3034 3274 3091 tertius
3312 3053 3406 3093 no-

1809 3121 2063 3178 minatim
2122 3123 2534 3194 exprimuntur,
2597 3123 2733 3195 quia
2786 3123 2963 3179 Filius
3010 3140 3043 3179 a
3096 3123 3253 3179 Patre
3302 3133 3403 3195 est,

1808 3209 2047 3282 Spiritus
2099 3227 2229 3267 vero
2259 3220 2481 3269 sanctus
2511 3212 2578 3268 ab
2624 3221 2859 3285 utroque
2903 3211 3170 3284 procedit.
3213 3213 3405 3269 Possu-

1810 3314 1934 3354 mus
1973 3299 2137 3355 etiam
2168 3316 2265 3372 per
2294 3301 2535 3373 lapidem
2583 3301 2886 3374 pretiosum
2912 3317 3087 3373 spem,
3120 3317 3215 3373 per
3238 3301 3403 3373 jaspi-

1808 3387 1933 3444 dem
1959 3388 2148 3455 ﬁdem,
2179 3405 2277 3462 per
2305 3391 2630 3462 crystallum
2658 3406 2788 3446 vero
2828 3389 3153 3448 charitatem
3183 3390 3405 3447 intelli—

1809 3492 1950 3549 gere.
2009 3478 2114 3534 Sed
2142 3487 2320 3550 potest
2372 3479 2573 3552 aliquis
2621 3479 2803 3538 dicere
2851 3479 2982 3552 quia
3028 3478 3087 3534 in
3142 3477 3240 3534 illa
3288 3479 3403 3537 vita

1807 3569 2124 3626 necessaria)
2171 3587 2286 3627 non
2321 3579 2486 3628 erunt
2529 3570 2666 3628 ﬁdes
2713 3579 2767 3628 et
2802 3587 2944 3644 spes.
3003 3595 3023 3620 ‹
3067 3569 3226 3638 Quod
3252 3571 3403 3628 enim

1805 3658 1959 3717 videt
1983 3659 2126 3733 quis,
2154 3660 2287 3733 quid
2315 3668 2497 3733 sperat
2528 3661 2706 3734 (Rom.
2746 3677 2871 3730 VIII,
2895 3660 2987 3732 24)
3016 3661 3045 3718 ?
3078 3685 3097 3711 ι
3137 3660 3223 3717 Ad
3253 3660 3402 3734 quod

1806 3750 2200 3822 respondemus
2222 3752 2351 3824 quia
2372 3751 2517 3809 sicut
2543 3751 2733 3820 vestis,
2766 3766 2887 3825 quae
2918 3767 2989 3808 ex
3023 3751 3208 3824 aliqua
3238 3758 3404 3807 mate-

1807 3840 1889 3896 ria
1942 3838 2196 3912 tingitur,
2230 3848 2353 3913 post
2398 3840 2727 3899 tinctionem
2758 3840 2987 3897 materia
3011 3839 3226 3913 abjecta
3252 3841 3401 3898 colo-

1804 3945 1919 3985 rem
1953 3929 2389 4002 pulcherrimum
2419 3930 2478 3987 in
2511 3947 2568 3988 se
2610 3930 2842 3999 retinet;
2876 3932 2956 3988 ita
2981 3937 3037 3988 et
3073 3931 3135 3988 in
3161 3932 3259 3989 illa
3284 3933 3402 3990 vita

1802 4017 1932 4087 ﬁde,
1955 4034 2071 4090 spe,
2104 4019 2443 4089 humilitate,
2491 4019 2845 4090 abstinentia,
2876 4019 3197 4093 caeterisque
3224 4022 3398 4078 virtu-

1800 4105 1950 4163 tibus
1978 4107 2182 4181 absque
2206 4109 2477 4167 charitate
2492 4109 2661 4167 ﬁnem
2683 4111 3105 4184 accipientibus,
3134 4109 3396 4183 splendor

1800 4211 1963 4269 quem
2001 4213 2070 4252 ex
2099 4197 2415 4270 operatione
2442 4197 2666 4257 illarum
2698 4201 2873 4259 sancti
2901 4200 3298 4275 acquisierunt,
3338 4199 3399 4255 in

1800 4285 1881 4342 eis
1907 4285 2026 4342 sine
2055 4285 2165 4343 ﬁne
2196 4288 2560 4360 permanebit.

1873 4380 2054 4453 (Vers.
2089 4382 2204 4453 12.)
2235 4384 2311 4439 Et
2338 4382 2557 4439 habebat
2583 4399 2799 4439 murum
2828 4399 3077 4455 magnum
3111 4389 3161 4439 et
3205 4384 3392 4440 altum.

1799 4471 1905 4526 Iste
1930 4479 2017 4527 est
2044 4488 2255 4539 murus,
2285 4471 2354 4529 de
2385 4488 2494 4545 quo
2522 4472 2661 4530 dicit
2677 4472 2942 4545 propheta
2974 4491 2987 4529 :
3034 4497 3053 4521 ι
3096 4472 3234 4528 Urbs
3273 4472 3398 4529 for-

1797 4559 2054 4617 titudinis
2081 4568 2282 4618 nostrae
2305 4561 2460 4632 Sion,
2489 4562 2740 4618 Salvator
2768 4569 3004 4636 ponetur
3017 4560 3076 4616 in
3097 4577 3160 4616 ea
3180 4577 3391 4630 murus,

2874 4649 2976 4705 Per
3031 4649 3181 4706 hunc
3221 4648 3393 4721 igitur

1802 4754 2020 4794 murum
2065 4738 2317 4796 Christus
2354 4756 2481 4797 cum
2520 4737 2781 4795 omnibus
2822 4736 3083 4793 membris
3111 4737 3226 4793 suis
3250 4737 3391 4793 desi-

1797 4836 2020 4899 gnatur;
2052 4828 2128 4884 ita
2148 4837 2209 4885 ut
2238 4829 2505 4901 perillum
2529 4827 2971 4894 fundamentum,
2990 4844 3085 4899 per
3115 4827 3389 4900 reliquam
3460 4864 3465 4869 ο

1796 4934 1926 4974 vero
1955 4926 2289 4975 structuram
2318 4918 2436 4990 ejus
2465 4917 2711 4973 membra
2739 4916 3063 4990 ﬁgurentur.
3095 4917 3383 4973 Habentem

1788 5015 1975 5080 portas
2020 5009 2309 5065 duodecim.
2356 5010 2421 5065 In
2459 5007 2745 5064 Ezechiele
2801 5006 3069 5079 scriptum
3112 5014 3193 5063 est
3239 5006 3389 5081 quod

1794 5100 2081 5170 templum,
2134 5097 2282 5171 quod
2326 5097 2377 5154 ei
2425 5097 2860 5154 demonstratum
2890 5106 2973 5154 est
3017 5099 3233 5171 (Ezech.
3292 5114 3383 5166 XL,

1791 5187 1825 5243 5
1852 5188 2010 5259 seq.),
2063 5196 2176 5244 tres
2228 5196 2414 5260 portas
2442 5187 2721 5257 habuerit,
2749 5187 3074 5245 orientalem
3102 5188 3379 5256 videlicet,

1790 5276 2104 5342 australem,
2163 5284 2217 5332 et
2272 5277 2672 5350 aquilonarem.
2722 5276 3087 5350 Praecipitque
3132 5279 3278 5333 Deus
3322 5284 3385 5333 ut

1790 5375 1947 5441 porta
2002 5367 2286 5424 orientalis
2342 5369 2527 5426 clausa
2574 5385 2791 5442 semper
2846 5375 3091 5426 maneret
3159 5368 3379 5440 (Ezech.

1788 5476 1943 5529 κων,
1978 5460 2053 5532 1),
2095 5459 2349 5532 Principe
2378 5461 2762 5518 tantummodo
2789 5476 2887 5532 per
2913 5475 3032 5515 eam
3063 5458 3306 5515 intrante
3326 5465 3382 5515 et

1861 5616 1978 5689 (86)
2008 5617 2090 5673 Ita
2112 5633 2265 5683 mss.;
2298 5615 2431 5689 edit.
2459 5632 2612 5683 vero,
2639 5621 2688 5669 et
2714 5611 3171 5689 tanquam_lapid_i
3185 5610 3379 5689 jaspi__

1787 5685 2079 5818 disiaa’t‘que
2123 5688 2455 5761 crystalli...
2486 5703 2714 5759 quorum
2756 5687 2930 5742 lumen
2957 5685 3205 5742 Ecclesia:
3231 5685 3380 5741 assi-

1785 5776 1859 5817 mi
1918 5776 1971 5817 m
1998 5803 2011 5816 .

2988 5853 3058 5911 33
