3964 6376
569 343 706 438 1033

1574 371 1667 426 AD
1706 368 1940 426 OPERA
1977 367 2031 423 S.
2075 366 2405 423 AMBROSII
2443 364 2820 422 APPENDIX.

3729 355 3878 413 1036

562 511 819 568 exeunte.
866 497 971 555 Per
1021 484 1233 570 portam
1278 493 1600 550 orientalem
1633 494 1787 550 beata
1816 503 1869 550 et
1913 493 2146 565 gloriosa
2181 495 2230 552 Α
2261 506 2610 562 quoscunque
2659 495 2971 560 potuerunt,
3029 485 3097 542 ad
3147 484 3311 540 ﬁdem
3363 482 3574 540 Christi
3639 480 3877 538 trahere

558 591 714 664 virgo
745 589 920 645 Maria
963 586 1248 658 ﬁguratur,
1283 600 1402 658 quae
1448 584 1632 640 clausa
1677 592 1802 638 ante
1841 584 2143 654 ingressum

557 676 859 751 Principis,
897 665 956 732 id
984 681 1066 731 est
1113 672 1357 742 Christi,
1387 689 1600 745 semper
1642 671 1855 728 exstitit
1887 689 1898 726 :
1933 679 1985 726 et
2025 677 2146 741 post

556 783 830 841 egressum
872 759 988 836 ejus
1039 763 1223 818 clausa
1278 761 1334 816 in
1389 778 1567 817 aevum
1621 759 1940 832 permansit.
1983 759 2146 813 Porta

556 861 737 915 autem
787 853 1041 912 australis
1099 847 1269 908 vetus
1303 851 1751 917 Testamentum,
1804 856 1961 921 porta
2015 863 2145 902 vero

556 945 892 1021 aquilonaris‘
957 957 1163 998 novum
1219 940 1484 1011 designat.
1535 939 1602 994 Hi
1642 955 1774 994 vero
1812 939 1905 1010 qui
1949 937 2015 992 ab
2053 953 2145 992 au-

557 1035 715 1093 Strali
747 1041 898 1108 parte
925 1025 1115 1087 venire
1145 1029 1427 1096 dicuntur,
1457 1027 1671 1085 Iudaeos
1695 1028 1836 1108 :_qui
1868 1035 2048 1082 autem
2080 1024 2147 1080 ab

555 1105 885 1200 aquilonari,
954 1119 1139 1194 gentes
1206 1107 1514 1190 designant.
1580 1105 1756 1174 Judaei
1812 1117 1995 1189 itaque
2053 1114 2147 1188 qui

555 1205 924 1287 cognitionem
976 1210 1076 1266 Dei
1135 1207 1430 1276 habebant,
1489 1216 1542 1263 et
1597 1206 1800 1279 quibus
1856 1206 1968 1261 Lex
2023 1204 2150 1260 data

556 1304 734 1359 fuerat
778 1311 809 1356 a
854 1307 1005 1373 parte
1042 1297 1194 1365 solis,
1243 1296 1300 1352 id
1343 1304 1444 1364 est,
1493 1295 1560 1350 ab
1599 1297 1823 1351 australi
1874 1302 2045 1366 parte,
2088 1293 2148 1348 in

555 1401 663 1470 qua
690 1391 778 1448 sol
816 1389 1054 1462 amplius
1080 1388 1288 1454 fervet;
1324 1402 1435 1441 non
1466 1385 1919 1442 inconvenienter
1949 1383 2018 1438 ad
2047 1385 2148 1440 Ec-
2234 1398 2243 1407 '

557 1479 779 1539 clesiam
853 1477 1041 1534 venire
1098 1475 1380 1532 dicuntur.
1432 1475 1533 1530 Per
1581 1482 1793 1546 portam
1851 1473 2146 1527 australem

557 1569 1023 1642 ingrediebantur,
1055 1564 1184 1638 quia
1234 1573 1620 1636 cognoscentes
1649 1564 1706 1618 in
1736 1564 1909 1619 veteri
1952 1561 2148 1616 Testa-

556 1667 742 1717 mento
796 1656 1180 1729 multipliciter
1227 1644 1521 1712 Christum
1558 1669 1673 1710 esse
1729 1653 2137 1726 prophetatum,

556 1747 896 1818 diversisque
946 1744 1124 1800 modis
1184 1742 1622 1816 praeﬁguratum,
1689 1757 1781 1798 eos
1842 1742 1908 1798 ad
1972 1741 2136 1798 ﬁdem

2254 578 2602 634 studuerunt.
2641 579 2714 633 Et
2759 577 2971 631 nomina
3031 575 3229 646 scripta
3285 573 3558 629 duodecim
3621 572 3878 626 tribuum

2255 668 2490 740 ﬁliorum
2545 669 2735 724 Israel.
2801 667 2904 721 Per
2954 664 3181 720 nomina
3251 662 3544 719 duodecim
3606 661 3874 718 tribuum

2256 769 2435 831 patres
2463 758 2663 815 veteris
2692 757 3025 813 Testamenti
3058 771 3350 827 possumus
3377 754 3654 826 accipere,
3706 752 3811 825 qui
3848 768 3877 806 a

2258 849 2363 905 ﬁde
2395 857 2592 905 sanctae
2624 847 2911 903 Trinitatis
2950 863 3061 902 non
3107 845 3509 901 deviaverunt:
3563 858 3876 916 possumus

2257 939 2420 994 etiam
2467 947 2520 995 et
2562 956 2655 1010 per
2704 937 2891 993 eadem
2943 937 3172 992 nomina
3227 944 3386 991 vetus
3441 935 3873 990 Testamentum

2258 1026 2583 1100 intelligere.
2634 1027 2868 1084 Nomina
2922 1025 3214 1081 duodecim
3262 1023 3511 1079 tribuum
3570 1022 3631 1077 in
3695 1020 3878 1094 portis

2258 1118 2461 1189 scripta
2487 1125 2641 1174 erant
2672 1136 2685 1185 ;
2737 1116 2865 1189 quia
2908 1115 3162 1172 doctrina
3196 1115 3570 1186 apostolorum
3625 1120 3878 1168 caetero-

2259 1229 2490 1285 rumque
2536 1209 2955 1283 praedicatorum
3001 1209 3166 1280 plena
3209 1216 3293 1264 est
3347 1207 3622 1280 exemplis
3663 1205 3880 1263 veteris

2259 1302 2611 1357 Testamenti.
3595 1344 3597 1347 .

2332 1391 2512 1462 (Vers.
2558 1389 2670 1461 13.)
2709 1389 2791 1445 Ab
2820 1389 3016 1444 oriente
3039 1395 3208 1460 portae
3234 1394 3357 1457 tres,
3405 1393 3453 1442 et
3503 1387 3571 1443 ab
3607 1387 3881 1458 aquilone

2253 1486 2424 1551 portae
2470 1486 2588 1547 tres,
2633 1485 2682 1533 et
2723 1479 2788 1534 ab
2833 1485 3017 1534 austro
3067 1483 3237 1548 porta:
3288 1484 3412 1544 tres,
3465 1483 3513 1532 et
3555 1477 3624 1532 ab
3683 1493 3880 1530 occasu

2253 1575 2423 1639 partes
2453 1575 2572 1623 tres.
2597 1568 2848 1635 Quatuor
2879 1569 3064 1639 plagas
3091 1565 3287 1622 mundi
3319 1565 3523 1638 posuit,
3560 1572 3626 1621 ut
3658 1565 3884 1620 indicet

2261 1673 2395 1730 pene
2424 1673 2614 1713 omnes
2646 1664 2852 1729 gentes,
2876 1673 2997 1730 quae
3023 1657 3168 1711 inter
3190 1663 3425 1726 quatuor
3453 1654 3642 1726 plagas
3673 1653 3883 1709 mundi

2259 1749 2633 1817 continentur,
2661 1748 2731 1804 ad
2753 1747 3056 1804 Ecclesiam
3077 1746 3418 1803 convenisse.
3443 1744 3656 1802 Contra
3679 1759 3883 1799 unam-

557 1833 764 1894 Christi
809 1832 1211 1905 suscipiendam
1262 1845 1379 1888 suae
1410 1831 1695 1904 scripturae
1723 1831 2136 1904 pertrahebant.
2179 1857 2225 1916 Β
2261 1854 2532 1912 quamque
2557 1853 2689 1894 vero
2722 1835 2933 1909 plagam
2964 1845 3146 1892 ternas
3171 1842 3354 1909 portas
3378 1851 3435 1890 se
3462 1833 3680 1889 vidisse
3703 1832 3881 1900 dixit,

556 1923 800 1980 Gentiles
827 1935 959 1978 vero
988 1919 1357 1977 idololatriam
1387 1920 1716 1992 deserentes,
1748 1921 1945 1995 illique
1974 1921 2148 1977 abre-

560 2013 897 2081 nuntiantes,
939 2011 1034 2085 qui
1080 2009 1272 2068 dixit:
1337 2037 1356 2059 ‹
1393 2011 1601 2068 Sedebo
1649 2012 1705 2066 in
1754 2020 1941 2068 monte
1974 2012 2154 2068 Testa-

562 2102 733 2160 menti
765 2104 823 2158 in
852 2101 1119 2158 lateribus
1147 2091 1421 2174 aquilonis
1456 2119 1466 2157 :
1502 2100 1788 2158 ascendam
1825 2117 1986 2174 super
2035 2100 2153 2156 alti-

563 2193 814 2252 tudinem
859 2189 1113 2258 nubium,
1164 2189 1362 2246 similis
1408 2206 1501 2247 ero
1547 2191 1834 2247 Altissimo
1867 2193 2002 2263 (Isa.
2036 2207 2155 2260 xxv,

565 2285 654 2354 13,
715 2283 854 2354 id);
907 2301 936 2337 »
995 2282 1460 2353 non‘incongrue
1515 2281 1579 2337 ab
1636 2281 1944 2354 aquilonari
2005 2289 2156 2352 parte

567 2375 756 2430 venire
784 2373 1064 2429 dicuntur.
1108 2372 1212 2427 Per
1240 2379 1454 2442 portam
1484 2371 1857 2442 aquilonarem
1890 2369 2156 2441 ingredie-

565 2464 803 2530 bantur;
829 2461 1289 2535 quia.doctrinam
1334 2460 1620 2532 Evangelii
1651 2459 1954 2528 audientes,
1981 2461 2156 2515 virtu-

568 2560 650 2610 tes
677 2552 841 2608 etiam
868 2568 988 2624 qua:
1012 2566 1106 2622 per
1135 2549 1417 2606 Christum
1449 2559 1501 2605 et
1523 2549 1805 2606 ministros
1835 2549 1953 2621 ejus
1999 2549 2156 2605 factae

570 2650 702 2699 sunt
756 2640 1112 2709 admirantes,
1167 2639 1236 2694 ad
1284 2638 1448 2694 ﬁdem
1493 2638 1697 2695 Christi
1755 2639 2156 2710 suscipiendam

578 2731 890 2789 currebant.
935 2732 1272 2802 Praeceptum
1317 2737 1405 2785 est
1462 2731 1648 2797 etiam,
1677 2738 1738 2785 ut
1762 2745 1862 2801 per
1907 2731 2012 2784 iter
2049 2743 2156 2800 quo

573 2823 806 2896 quisque
836 2821 1159 2888 intraverat,
1191 2834 1301 2875 non
1333 2820 1728 2891 regrederetur,
1761 2819 1850 2874 sed
1883 2834 1913 2872 e
1939 2817 2161 2889 regione

571 2911 689 2984 ejus
719 2912 1066 2983 egrederetur
1091 2928 1105 2978 ;
1139 2910 1395 2966 videlicet
1425 2916 1485 2964 ut
1511 2910 1603 2981 qui
1631 2906 2036 2979 ingrediebatur
2064 2922 2160 2978 per

570 3009 785 3075 portam
815 3000 1198 3067 meridianam,
1221 2997 1568 3070 egrederetur
1593 3013 1688 3068 per
1717 3004 1930 3067 portam
1948 3001 2157 3066 septen-

571 3093 864 3150 trionalem
905 3110 916 3148 :
944 3100 999 3148 et
1035 3090 1129 3162 qui
1160 3086 1566 3160 ingrediebatur
1589 3101 1689 3157 per
1715 3093 1923 3157 portam
1950 3092 2162 3156 septen-

575 3181 891 3250 trionalem,
922 3179 1268 3252 egrederetur
1297 3191 1391 3246 per
1420 3182 1628 3245 portam
1665 3173 2044 3230 meridianam.
2067 3174 2157 3228 Ju-

573 3271 679 3328 daei
716 3287 854 3345 quos
900 3267 1260 3340 intelligentia
1289 3264 1491 3319 veteris
1521 3261 1855 3320 Testamenti
1900 3263 1966 3319 ad
1996 3265 2160 3320 ﬁdem

571 3360 777 3417 Christi
806 3355 1205 3430 suscipiendam
1233 3351 1582 3425 perducebat,
1631 3368 1746 3407 non
1777 3352 2049 3409 debebant
2081 3369 2160 3408 re-

569 3448 715 3505 verti
755 3461 819 3503 ea
864 3453 1034 3518 parte,
1079 3457 1186 3515 qua
1222 3446 1509 3508 venerant,
1540 3439 1752 3496 scilicet
1819 3447 1880 3496 ut
1908 3441 2161 3496 obserVa-

567 3537 770 3594 tiones
804 3534 999 3606 legales
1050 3529 1344 3588 carnaliter
1401 3529 1694 3602 implerent
1746 3547 1756 3584 :
1820 3529 1914 3585 sed
1977 3529 2161 3602 egredi

570 3628 755 3700 potius
791 3641 888 3698 per
915 3631 1128 3697 portam
1159 3623 1559 3696 aquilonarem,
1591 3622 1659 3678 ad
1689 3621 1977 3694 Evangelii
2007 3620 2158 3678 vide-

569 3715 701 3772 licet
749 3711 1057 3769 doctrinam
1089 3711 1460 3768 meditandam
1499 3719 1558 3767 et
1602 3709 2050 3784 perscrutandam
2099 3727 2161 3768 se

570 3802 900 3869 transferre;
947 3808 1010 3857 ut
1046 3801 1318 3858 discerent
1369 3801 1698 3873 spiritaliter
1733 3801 1980 3872 imple-re,
2015 3799 2162 3872 quod

570 3897 730 3946 antea
783 3888 1076 3945 carnaliter
1131 3889 1307 3945 facere
1353 3888 1686 3960 satagebant.
1737 3886 1982 3943 Gentiles
2030 3903 2163 3944 vero

572 3981 668 4052 qui
699 3993 797 4052 per
824 3985 1035 4051 portam
1064 3979 1438 4052 aquilonarem
1473 3975 2029 4050 ingrediebantur,id
2055 3985 2160 4047 est,

572 4071 668 4145 qui
722 4083 820 4143 per
860 4070 1169 4126 doctrinam
1211 4070 1499 4142 Evangelii
1539 4069 1641 4124 ﬁlii
1673 4069 1932 4126 Ecclesiae
1967 4069 2165 4125 elﬁcie-

569 4161 792 4230 bantur,
834 4175 947 4216 non
995 4159 1268 4216 debebant
1296 4159 1608 4215 reverti-ea
1645 4165 1818 4231 parte,
1865 4173 1972 4231 qua
2004 4175 2163 4217 vene-

570 4259 732 4317 rant;
766 4249 1027 4306 videlicet
1081 4257 1142 4304 ut
1195 4248 1264 4303 ad
1312 4263 1520 4303 errores
1562 4248 2014 4320 philosophorum
2049 4265 2165 4322 per-

573 4340 923 4400 scrutandos-
947 4339 1402 4412 regrederentur;
1453 4338 1546 4395 sed
1585 4339 1770 4411 potius
1813 4349 1936 4411 post
1973 4356 2166 4396 susce-

572 4433 817 4506 ptionem
844 4429 972 4486 ﬁdei
1009 4437 1172 4502 atque
1195 4427 1464 4484 doctrinas
1493 4428 1832 4499 evangelicae
1851 4427 1920 4483 ad
1951 4437 2172 4501 portam-

573 4524 957 4590 meridi-anam,
989 4521 1046 4577 id
1092 4529 1208 4590 est,
1256 4521 1326 4576 ad
1380 4520 1687 4576 doctrinam
1734 4521 1934 4576 veteris
1981 4521 2164 4575 Testa-

575 4612 749 4669 menti
803 4611 1248 4685 perscrutandam
1279 4625 1335 4666 se
1362 4609 1666 4665 transferre
1695 4625 1706 4663 :
1740 4616 1800 4664 ut
1846 4623 1970 4665 cum
2017 4611 2166 4664 inve-

577 4701 765 4758 nirent
810 4700 870 4755 in
911 4715 977 4755 eo
1020 4699 1300 4756 Christum
1349 4699 1540 4754 multis
1594 4697 1770 4753 modis
1817 4709 1933 4753 esse
1973 4697 2166 4770 praedi-

577 4799 750 4859 ctum,
794 4789 1145 4846 roboraretur
1183 4788 1243 4844 in
1286 4786 1365 4844 eis
1412 4785 1548 4842 ﬁdes
1577 4785 1810 4843 Christi.
1853 4787 1955 4840 Per
1985 4793 2168 4857 portas

581 4887 759 4936 autem
818 4877 1131 4948 duodecim,
1187 4893 1324 4952 quas
1365 4877 1662 4933 Jerusalem
1711 4875 1908 4930 habere
1935 4875 2164 4945 dicitur,

580 4969 872 5028 duodecim
915 4969 1148 5040 apostoli
1203 4981 1501 5040 eorumque
1553 4967 1802 5024 doctrina
1831 4965 2164 5037 designatur.

642 5061 726 5115 *Et
749 5057 805 5111 in
839 5058 1009 5128 portis
1037 5059 1248 5127 angelos
1277 5057 1388 5111 uidi
1415 5056 1711 5111 duodecim.
1735 5055 1929 5127 Angeli
1959 5055 2168 5110 duode-

580 5147 705 5206 cim-
769 5145 886 5218 (87)
954 5153 1183 5201 caeteros
1228 5146 1630 5217 praedicatores,
1706 5149 1850 5207 580
1913 5143 2171 5200 videlicet

582 5243 955 5317 apostoldrum
1012 5255 1294 5315 sequaces,
1355 5239 1664 5315 designant.
1725 5241 1830 5309 Qui
1883 5241 1941 5297 in
1995 5240 2170 5314 portis

581 5331 752 5389 fuisse
777 5329 1076 5400 'dicuntur,
1109 5331 1240 5404 quia
1269 5331 1432 5388 ﬁdem
1462 5333 1835 5404 apostolorum
1884 5331 2170 5388 inconcus-

581 5433 696 5478 sam
760 5429 1010 5480 tenentes
1041 5463 1056 5491 ,
1113 5432 1426 5494 eorumque
1490 5421 1800 5477 doctrinam
1863 5429 2168 5494 sequentes,

610 5592 631 5642 χ
654 5562 954 5642 (87)7Mss.,
981 5565 1222 5642 ungulas
1245 5562 1363 5642 vidi
1387 5562 1655 5642 duodecim
1678 5605 1692 5631 ,
1725 5563 1927 5642 anguli
1963 5563 2172 5620 duode-

581 5634 872 5705 ἀνηρέθιαά
907 5634 1002 5690 sed
1031 5635 1230 5690 melius
1257 5634 1650 5705 edit.,angelos
1681 5634 1827 5704 vidi,
1851 5643 1957 5692 etc.
2034 5661 2036 5664 -
2121 5673 2123 5675 ι
2168 5655 2170 5658 ν

651 5703 769 5774 (88)
823 5705 998 5775 Edit.,
1037 5706 1171 5766 Vera
1205 5713 1281 5766 est
1325 5721 1445 5779 ergo
1478 5703 1637 5779 hujus
1668 5703 1894 5767 Joannis
1940 5722 2174 5782 presens

2195 4581 2243 4639 Β

2264 1927 2321 1984 id
2350 1936 2450 1998 est,
2503 1928 2668 1983 simul
2713 1925 3039 1993 duodecim;
3095 1933 3157 1981 ut
3203 1924 3412 1980 indicet
3443 1924 3671 1979 nullum
3730 1921 3885 1977 intra

2264 2019 2567 2075 Ecclesiam
2626 2017 2838 2089 ingredi
2898 2033 3075 2088 posse,
3147 2015 3254 2072 nisi
3312 2031 3408 2087 per
3458 2013 3882 2070 confessionem

2265 2116 2463 2164 sanctae
2511 2107 2816 2163 Trinitatis.
2867 2107 2938 2161 Et
2995 2104 3126 2178 quia
3180 2103 3432 2161 doctrina
3485 2102 3883 2174 apostolorum

2265 2197 2408 2252 nihil
2437 2205 2519 2253 est
2548 2196 2698 2252 aliud
2730 2195 2836 2251 nisi
2867 2194 3252 2266 Evangelium,
3297 2202 3351 2250 et
3383 2193 3564 2264 ipsum
3601 2193 3889 2262 Evange-

2266 2287 2401 2342 lium
2434 2288 2490 2342 in
2524 2294 2758 2357 quatuor
2789 2284 2957 2340 libros
2986 2284 3278 2350 dividitur,
3333 2292 3386 2338 et
3426 2281 3888 2353 uniuscujusque

2267 2374 2394 2429 libri
2433 2374 2685 2430 doctrina
2732 2373 2789 2428 in
2833 2372 2941 2427 ﬁde
2987 2379 3186 2427 sanctae
3247 2371 3534 2426 Trinitatis
3587 2371 3885 2436 consistit,

2267 2472 2410 2520 recte
2458 2462 2575 2517 haec
2620 2462 2816 2518 civitas
2873 2468 3108 2532 quatuor
3163 2461 3333 2516 latera
3385 2461 3589 2516 habere
3638 2461 3884 2528 dicitur,

2268 2561 2319 2607 et
2358 2569 2452 2622 per
2480 2550 2716 2621 singula,
2764 2555 2948 2606 ternas
2977 2558 3201 2621 portas;
3253 2566 3375 2622 quae
3419 2551 3592 2605 simul
3637 2549 3882 2622 junctae,

2268 2641 2406 2698 ﬁunt
2437 2639 2749 2696 duodecim.

2342 2733 2523 2802 (Vers.
2562 2730 2673 2802 14.)
2714 2731 2789 2786 Et
2822 2746 3008 2784 murus
3036 2729 3261 2784 civitatis
3294 2729 3486 2785 habens
3514 2728 3883 2798 fundamenta

2268 2821 2554 2888 duodecim,
2619 2827 2665 2875 et
2703 2819 2758 2874 in
2787 2819 2919 2890 ipsis
2943 2819 3140 2889 scripta
3171 2818 3437 2873 duodecim
3470 2819 3695 2874 nomina
3736 2836 3888 2889 apo—

2267 2912 2524 2966 stolorum
2553 2917 2599 2964 et
2626 2909 2785 2980 Agni.
2819 2908 2964 2975 Quid
2995 2908 3307 2980 signiﬁcent
3334 2907 3625 2964 duodecim
3655 2909 3891 2966 funda-

2268 3009 2471 3069 menta,
2521 3000 2635 3072 ipse
2675 2999 2950 3071 exposuit,
2995 3014 3120 3054 cum
3162 2996 3452 3069 subjunxit
3492 2998 3641 3070 quod
3693 3000 3756 3054 in
3803 2999 3890 3055 eis

2268 3090 2470 3161 scripta
2519 3095 2701 3144 essent
2761 3088 2989 3143 nomina
3042 3086 3335 3144 duodecim
3396 3088 3779 3160 apostolorum
3833 3098 3890 3144 et

2273 3181 2436 3253 Agni.
2489 3180 2871 3252 Reprehensus
2915 3196 3036 3235 sum
3092 3196 3124 3235 a
3181 3179 3438 3252 quodam,
3496 3195 3597 3234 cur
3641 3179 3886 3235 Petrum

2271 3268 2694 3325 fundamentum
2751 3267 3010 3323 Ecclesiae
3056 3267 3326 3336 dixerim;
3386 3267 3446 3323 in
3491 3285 3556 3324 eo
3602 3268 3730 3324 loco
3781 3268 3886 3324 ubi

2271 3359 2541 3416 Dominus
2567 3358 2737 3414 dicit:
2777 3383 2794 3404 ι
2813 3358 2894 3414 Tu
2913 3375 2972 3414 es
3001 3358 3213 3427 Petrus,
3237 3368 3288 3414 et
3308 3374 3470 3429 super
3490 3357 3633 3413 hanc
3653 3366 3882 3430 petram

2271 3448 2553 3504 aediﬁcabo
2580 3447 2881 3504 Ecclesiam
2913 3465 3088 3503 meam
3114 3449 3325 3519 (Matth.
3362 3464 3480 3516 xvr,
3506 3446 3652 3518 i8)»
3699 3447 3764 3503 Si
3785 3448 3885 3504 Pe-

2270 3546 2390 3594 trus
2419 3537 2844 3593 fundamentum
2875 3546 2956 3593 est
2985 3537 3264 3606 Ecclesiae,
3287 3538 3429 3593 sicut
3449 3544 3502 3592 et
3527 3536 3716 3592 caeteri
3747 3553 3885 3609 apo-

2271 3626 2420 3695 stoli,
2452 3626 2918 3699 quemadmodum
2951 3643 3190 3698 praesens
3218 3627 3380 3683 lectio
3411 3631 3596 3698 aperte
3627 3625 3889 3682 demon-
3919 3637 3925 3644 '

2271 3726 2443 3786 strat;
2504 3735 2631 3791 ergo
2662 3734 2826 3791 super
2863 3719 3043 3791 ipsum
3075 3717 3342 3775 aedificata
3370 3725 3469 3786 est,
3525 3717 3670 3773 sicut
3701 3727 3761 3774 et
3793 3735 3888 3775 su-

2272 3825 2369 3881 per
2397 3815 2657 3865 caeteros:
2715 3809 2761 3864 si
2792 3824 2922 3864 vero
2959 3823 3122 3880 super
3157 3807 3375 3863 Petrum
3406 3805 3660 3863 Ecclesia
3703 3807 3887 3864 aediﬁ-

2271 3907 2391 3955 cata
2435 3915 2546 3954 non
2577 3906 2676 3968 est,
2735 3914 2863 3969 ergo
2910 3913 3012 3952 nec
3063 3913 3228 3969 super
3277 3905 3536 3963 caeteros;
3598 3895 3749 3954 falsa
3804 3905 3886 3955 est

2272 4005 2398 4061 ergo
2453 3987 2619 4059 hujus
2669 3987 2895 4043 Joannis
2949 4004 3186 4060 praesens
3239 3987 3486 4053 assertio,
3544 3986 3680 4058 quia
3743 3987 3885 4045 dicit

2273 4077 2592 4143 duodecim
2635 4076 2910 4146 apostolos
2965 4076 3256 4131 duodecim
3321 4073 3692 4132 fundamenta
3767 4094 3886 4134 esse

2273 4164 2533 4223 Ecclesiae
2566 4165 2704 4235 (88).
2751 4165 2861 4219 Nec
2885 4163 3104 4234 repellit
3139 4179 3238 4219 nos
3281 4179 3312 4217 a
3358 4170 3550 4219 nostro
3582 4163 3885 4223 intellectu

2273 4254 2430 4321 illud,
2464 4254 2609 4326 quod
2639 4253 2935 4324 Apostolus
2961 4253 3096 4310 dicit
3122 4272 3133 4310 :
3200 4279 3218 4303 ι
3244 4253 3693 4310 Fundamentum
3729 4257 3881 4312 enim

2273 4343 2423 4400 aliud
2454 4359 2615 4398 nemo
2648 4351 2825 4415 potest
2861 4359 3061 4415 ponere
3090 4353 3287 4416 praeter
3317 4343 3396 4412 id,
3448 4344 3596 4416 quod
3630 4345 3882 4416 positum

2273 4439 2373 4501 est,
2408 4432 2559 4505 quod
2594 4442 2673 4488 est
2715 4432 2966 4489 Christus
2994 4434 3150 4489 Jesus
3184 4434 3242 4504 (Ι
3271 4435 3396 4490 Cor.
3432 4450 3513 4500 III,
3549 4434 3665 4505 11).
3688 4457 3708 4480 υ
3762 4437 3880 4491 Non

2273 4526 2420 4582 enim
2474 4525 2626 4581 aliud
2698 4525 3119 4582 fundamentum
3172 4535 3254 4582 est
3306 4527 3518 4596 Petrus,
3590 4534 3648 4581 et
3724 4529 3881 4584 aliud

2279 4615 2533 4672 Christus
2562 4615 2753 4682 Iesus;
2807 4616 2935 4687 quia
2963 4617 3155 4671 Petrus
3185 4616 3490 4671 membrum
3537 4624 3619 4671 est
3665 4616 3881 4673 Christi

2275 4705 2421 4772 Jesu,
2452 4704 2595 4759 sicut
2626 4703 2740 4776 ipse
2769 4703 2915 4760 dixit
2944 4704 3231 4776 discipulis
3261 4705 3408 4760 suis:
3477 4730 3494 4752 ι
3523 4705 3638 4760 Vos
3673 4707 3735 4762 in
3773 4726 3878 4777 me,

2275 4805 2328 4851 et
2357 4811 2453 4866 ego
2484 4793 2542 4849 in
2572 4793 2734 4849 vobis
2768 4795 2947 4865 (Joan.
2984 4811 3102 4862 xiv,
3133 4793 3245 4865 20).
3282 4817 3299 4841 ι
3345 4793 3601 4851 Christus
3633 4811 3879 4869 namque

2275 4883 2696 4939 fundamentum
2753 4891 2833 4938 est
2885 4883 3133 4939 omnium
3189 4886 3563 4955 apostolorum
3619 4902 3876 4956 suorum,

2277 4974 2532 5031 similiter
2560 4982 2613 5028 et
2639 4973 2739 5045 ipsi
2764 4973 3120 5029 fundamenta
3147 4983 3274 5029 sunt
3304 4989 3515 5042 eorum,
3538 4976 3635 5047 qui
3664 4993 3768 5048 per
3790 4995 3878 5034 eos

2277 5059 2645 5121 crediderunt.
2698 5063 2877 5117 Unum
2909 5071 2990 5118 est
3020 5063 3188 5134 igitur
3216 5063 3661 5132 fundamentum,
3710 5067 3770 5122 id
3803 5076 3878 5123 est

2279 5153 2547 5220 Christus,
2595 5168 2630 5208 ra
2686 5169 2793 5225 quo
2851 5155 3205 5210 continentur
3264 5154 3452 5209 omnia
3489 5154 3872 5225 fundamenta,

2277 5257 2438 5314 super
2465 5257 2627 5315 quem
2647 5241 2812 5297 etiam
2835 5251 2950 5298 tota
2969 5260 3256 5315 compages
3276 5244 3536 5299 Ecclesiae
3557 5254 3875 5304 constructa

2277 5342 2377 5390 est.
2431 5337 2509 5390 De
2562 5333 2667 5389 hoc
2705 5333 3063 5389 fundamento
3102 5334 3302 5390 Paulus
3349 5334 3595 5405 loquitur
3644 5337 3872 5395 dicens:

2291 5443 2312 5468 ‹
2340 5422 2397 5479 Si
2423 5423 2548 5496 quis
2586 5431 2769 5479 autem
2797 5422 3034 5479 aediﬁcat
3070 5437 3234 5494 supra
3281 5422 3708 5480 fundamentum
3749 5425 3873 5497 hoc,

2275 5563 2516 5632 assertio,
2570 5564 2699 5634 quia
2749 5563 3020 5619 duodecim
3065 5563 3412 5634 fundamenta
3467 5567 3721 5624 Ecclesiae
3774 5587 3876 5625 esse

2278 5635 2457 5694 dixit:
2485 5635 2691 5709 optime
2726 5651 2858 5694 vero
2887 5652 3019 5694 mss.
3052 5645 3115 5695 ut
3142 5635 3202 5692 in
3228 5645 3405 5697 textu.
