3964 6400
156 451 293 510 1037

1045 454 1503 518 BEBENGAUDI
1538 454 1913 521 EXPOSI'I‘IO
1950 467 2024 524 IN
2062 459 2563 528 APOCALYPSIN.
2726 444 2739 447 “

3306 470 3445 537 1038

141 593 356 646 aurum,
400 586 708 651 argentum,
743 579 952 653 lapides
998 584 1288 656 pretiosos,
1317 585 1486 659 ligna,
1517 586 1730 658 fenum,
1761 593 1813 651 Α
1842 592 2152 662 salvandos,
2194 594 2251 650 id
2290 603 2389 664 est,
2437 613 2534 669 per
2565 597 2747 670 ignem
2779 598 3183 672 purgat'd'rium.
3234 603 3307 660 Et
3339 604 3444 665 hoc

141 667 434 739 stipulam;
473 669 908 745 uniuscujusque
934 690 1071 745 opus
1099 677 1261 747 quale
1288 675 1382 744 sit,
1416 675 1560 748 ignis
1597 693 1736 749 pro-

139 755 291 813 babit
324 758 383 829 (Ι
410 757 536 814 Cor.
569 775 654 829 in,
684 760 798 832 i2).
831 786 850 810 ι
892 761 1000 818 Sex
1027 762 1119 820 hic
1148 764 1334 836 posuit
1363 765 1591 837 species,
1624 774 1735 824 tres

140 846 431 919 speciosas,
462 853 517 902 et
548 856 656 904 tres
699 849 860 906 viles.
893 850 1043 923 Saepe
1086 868 1181 925 per
1229 869 1421 909 aurum
1471 855 1739 926 sapientia

140 934 477 1005 designatur.
531 936 745 993 Aurum
816 955 984 1012 supra
1050 941 1470 998 fundamentum
1533 944 1739 1001 Christi

140 1023 393 1093 aediﬁcat,
423 1025 518 1097 qui
552 1020 877 1098 sapientiam
911 1045 1033 1109 qua_
1056 1031 1195 1087 vitia
1225 1039 1495 1102 conterat,
1527 1041 1580 1090 et
1610 1035 1736 1090 vir-

140 1125 283 1174 tutes
312 1117 545 1187 nutriat,
578 1117 637 1173 in
672 1120 837 1176 corde
875 1137 975 1177 suo
1024 1121 1295 1191 recondit,
1328 1124 1553 1179 imitans
1580 1124 1741 1179 Psal-

140 1207 379 1276 mistam,
412 1207 507 1280 qui
536 1206 719 1264 dixit:
765 1233 784 1258 ι
804 1211 868 1266 In
895 1210 1059 1267 corde
1088 1227 1210 1267 meo
1237 1212 1500 1269 abscondi
1521 1212 1743 1285 eloquia

141 1304 255 1364 tua,
295 1303 360 1351 ut
405 1311 517 1351 non
557 1312 775 1369 peccem
828 1298 934 1354 tibi
974 1301 1147 1371 (Psat.
1198 1317 1395 1369 cxvm,
1430 1301 1541 1372 11).
1575 1326 1595 1349 ι
1637 1302 1740 1357 Per

140 1395 428 1461 argentum
476 1404 608 1445 vero
655 1405 835 1446 sermo
889 1391 1300 1464 praedicationis
1354 1392 1737 1465 exprimitur:

139 1483 205 1539 de
247 1499 361 1556 quo
410 1480 557 1538 idem
605 1482 897 1541 Psalmista
945 1483 1128 1543 dicit:
1181 1507 1201 1532 ε
1235 1485 1473 1558 Eloquia
1517 1483 1744 1542 Domini

141 1576 360 1650 eloquia
404 1584 572 1646 casta,
619 1585 906 1651 argentum
948 1577 1076 1651 igne
1122 1579 1507 1635 examinatum
1563 1577 1741 1649 (Psal.

140 1691 223 1742 x1,
274 1676 352 1747 7).
401 1698 420 1723 ι
481 1675 787 1747 Argentum
845 1690 1009 1746 supra
1064 1674 1488 1731 fundamentum
1537 1671 1744 1732 Christi

142 1762 396 1834 aediﬁcat,
427 1763 524 1836 qui
569 1762 779 1819 bonum
832 1762 979 1835 quod
1026 1761 1244 1832 didicit,
1277 1763 1417 1820 alios
1454 1762 1650 1830 docet;
1682 1766 1746 1817 ut

141 1874 234 1916 eos
278 1859 348 1916 ad
392 1859 537 1915 bona
579 1874 743 1930 opera
790 1859 1000 1931 agenda
1036 1858 1318 1932 pertrahat
1356 1876 1369 1915 :
1402 1874 1499 1932 per
1531 1859 1744 1932 lapides

1843 682 1955 751 ﬁet,
1985 684 2031 739 si
2063 701 2094 739 a
2123 686 2383 755 gravibus
2413 688 2653 759 peccatis
2696 705 2751 745 se
2807 691 3197 762 abstinuerint,
3251 701 3305 751 et
3348 713 3446 768 per

1845 770 2321 844 eleemosynarum
2367 775 2715 849 largitionem
2768 775 2874 835 hoc
2928 782 3352 851 promeruerint,
3382 791 3447 839 ut

1845 866 1968 930 post
1998 868 2226 917 mortem
2261 879 2357 935 per
2386 864 2565 936 ignem
2589 868 2965 938 purgatorium
2988 870 3185 926 salvari
3212 873 3443 944 possint.

1846 946 2005 1004 Sicut
2060 951 2208 1006 enim
2266 968 2461 1008 aurum
2510 954 2657 1027 quod
2700 972 2769 1011 ex
2818 957 2944 1013 aliis
2996 959 3449 1031 permistionibus

1848 1038 2137 1094 sordidum
2168 1040 2430 1110 eﬂicitur,
2488 1059 2584 1114 per
2608 1043 2790 1115 ignem
2824 1055 3125 1118 purgatur:
3156 1048 3233 1105 ita
3260 1058 3314 1104 et
3355 1048 3469 1106 isti.

1849 1141 1881 1180 a
1907 1126 2163 1183 sordibus
2192 1144 2327 1201 quas
2351 1146 2420 1185 ex
2443 1132 2741 1189 mundanis
2768 1135 2984 1191 actibus
3027 1144 3447 1209 contraxerunt,

1848 1230 1945 1286 per
1981 1215 2161 1287 ignem
2198 1219 2560 1290 mundantur,
2585 1230 2648 1279 ut
2679 1222 2835 1297 digni
2864 1223 3002 1281 ﬁant
3032 1226 3332 1284 electorum
3349 1243 3448 1285 nu-

1849 1318 1999 1359 mero
2037 1321 2234 1361 SOClaI'l
2243 1351 2255 1364 .

1924 1409 2105 1481 (Vers.
2153 1413 2265 1485 15.)
2313 1416 2388 1471 Et
2440 1417 2533 1487 qui
2587 1418 2899 1489 loquebatur
2939 1436 3160 1491 mecum,
3226 1420 3451 1478 habebat

1849 1499 2162 1555 arundinem
2192 1520 2432 1572 auream,
2466 1512 2523 1561 ut
2560 1508 2832 1564 metiretur
2867 1510 3148 1577 civitatem,
3196 1515 3244 1566 et
3264 1516 3453 1582 portas

1851 1587 1985 1658 ejus,
2016 1596 2064 1644 et
2089 1607 2320 1649 murum.
2353 1594 2599 1667 Angelus
2630 1597 2726 1669 qui
2784 1597 3108 1671 loquebatur
3133 1616 3258 1657 cum
3279 1599 3455 1656 Joan-

1851 1693 1943 1748 ne,
1976 1678 2036 1735 in
2071 1678 2178 1738 hoc
2197 1682 2319 1740 loco
2341 1683 2623 1742 Christum
2656 1685 2952 1760 signiﬁcat,
2981 1688 3079 1763 qui
3110 1688 3276 1745 modo
3314 1688 3455 1762 regit

1852 1782 2043 1826 omnes
2075 1777 2264 1842 gentes
2307 1771 2365 1828 in
2423 1773 2578 1846 virga
2623 1774 2820 1845 ferrea,
2853 1775 2998 1834 sicut
3039 1778 3293 1850 superius
3335 1777 3453 1850 jam

1851 1857 2061 1915 dictum
2089 1867 2203 1917 est:
2265 1861 2321 1917 in
2355 1861 2544 1919 futuro
2591 1871 2774 1921 autem
2831 1865 3113 1923 civitatem
3158 1866 3279 1935 Dei,
3332 1882 3453 1940 quae

140 1956 323 2006 autem
368 1947 636 2021 pretiosos
683 1946 829 2003 bona
873 1963 1036 2019 opera
1079 1947 1458 2021 designantur.
1511 1947 1745 2021 Lapides
1774 1946 1820 2010 B
1849 1962 1919 2003 ex
1985 1948 2243 2006 omnibus
2298 1951 2554 2024 gentibus
2608 1953 2907 2025 constabit,
2973 1954 3245 2012 arundine
3292 1971 3457 2013 aurea

139 2038 410 2110 pretiosos
451 2052 617 2109 supra
663 2035 1086 2094 fundamentum
1120 2037 1329 2096 Christi
1359 2036 1614 2108 aediﬁcat,
1650 2039 1745 2112 qui

141 2126 349 2183 bonum
398 2127 546 2199 quod
595 2125 773 2194 docet,
804 2126 1061 2198 operibus
1105 2128 1319 2201 implet.
1350 2126 1489 2183 Sunt
1518 2126 1743 2201 quidam

143 2217 237 2291 qui
292 2218 461 2274 verba
508 2217 933 2289 exhortationis,
979 2220 1181 2294 quibus
1227 2230 1452 2279 caeteros
1502 2222 1745 2295 perfecte

146 2316 440 2386 instruant,
472 2332 583 2372 non
615 2315 819 2372 habent
849 2335 861 2373 :
894 2318 989 2374 sed
1019 2335 1143 2375 cum
1184 2334 1240 2375 se
1281 2333 1377 2391 per
1404 2317 1551 2375 bona
1580 2333 1746 2390 opera

143 2416 440 2477 exercent,
495 2406 703 2480 lapides
779 2408 1047 2480 pretiosos
1101 2426 1265 2482 super
1322 2408 1743 2466 fundamentum

144 2495 351 2555 Christi
381 2498 674 2556 azdiﬁcant.
705 2500 972 2558 Similiter
1006 2510 1061 2560 et
1092 2502 1187 2577 qui
1240 2520 1408 2577 parva
1455 2505 1661 2573 sciunt,
1691 2511 1745 2560 et

145 2605 208 2644 ea
245 2588 382 2644 alios
425 2588 647 2659 docent,
679 2599 966 2663 argentum
1018 2593 1210 2666 utique
1257 2611 1420 2666 super
1462 2594 1745 2652 Christum

146 2676 451 2745 aediﬁcant;
477 2677 522 2733 si
544 2687 726 2735 tamen
748 2681 1006 2753 operibus
1028 2683 1262 2754 implent
1283 2699 1363 2751 ea,
1385 2700 1505 2755 quae
1526 2683 1746 2740 docent.

146 2765 303 2823 Multi
335 2765 482 2822 enim
513 2767 857 2825 intellectum
889 2787 1049 2843 quem
1094 2780 1441 2853 acceperunt,
1468 2770 1606 2828 alios
1636 2772 1746 2827 do-

146 2858 342 2928 cendo,
391 2877 553 2932 super
600 2860 883 2919 Christum
930 2861 1205 2918 aediﬁcant
1256 2879 1268 2918 :
1320 2861 1415 2917 sed
1461 2876 1556 2933 per
1603 2862 1747 2917 mala

148 2965 312 3021 opera
340 2950 632 3008 destruunt
657 2953 713 3009 in
738 2970 813 3022 se,
840 2955 986 3027 quod
1017 2953 1450 3011 zediﬁcaverunt.
1478 2956 1579 3011 Per
1601 2955 1747 3028 ligna

150 3055 301 3109 vero,
332 3041 520 3098 fenum
573 3052 736 3116 atque
778 3046 1062 3118 stipulam,
1097 3053 1317 3119 peccata
1363 3046 1595 3103 minima
1642 3045 1750 3102 de-

153 3129 460 3202 signantur.
492 3132 599 3188 Sed
631 3134 771 3190 alius
801 3134 1115 3192 intellectus
1153 3143 1255 3205 est,
1292 3135 1387 3208 qui
1413 3152 1513 3191 nos
1541 3136 1610 3191 ab
1639 3135 1746 3191 hoc

152 3235 315 3276 sensu
344 3222 592 3278 excludit
619 3241 632 3290 ;
666 3239 777 3279 non
808 3224 957 3280 enim
996 3242 1160 3299 super
1189 3225 1471 3283 Christum
1499 3233 1749 3299 peccata,

151 3308 247 3365 sed
265 3309 535 3367 virtutum
558 3329 722 3385 opera
736 3314 1097 3371 aediﬁcantur.
1113 3316 1184 3371 Et
1196 3316 1415 3388 quando
1430 3332 1740 3388 peccamus,
1777 3307 1820 3368 C

151 3397 219 3454 ab
245 3398 613 3456 aediﬁcatione
643 3417 763 3474 qua).
792 3401 856 3458 ﬁt
883 3419 1046 3475 super
1074 3402 1377 3473 Christum,
1404 3404 1745 3461 recedimus:

149 3497 203 3546 et
251 3498 458 3563 quanto
500 3492 719 3563 gravius
763 3509 1070 3564 peccamus,
1117 3501 1272 3550 tanto
1320 3495 1540 3566 longius
1586 3512 1752 3567 sepa-

149 3593 359 3636 ramur.
397 3578 500 3635 Sed
530 3596 655 3635 cum
705 3598 803 3654 per
846 3583 1228 3655 poenitentiam
1281 3583 1349 3640 ad
1394 3582 1540 3639 bona
1590 3599 1753 3654 opera

145 3666 353 3740 agenda
381 3670 737 3740 recurrimus,
771 3670 838 3727 ad
866 3672 1309 3741 aediﬁcationem,
1345 3689 1466 3746 quaa
1496 3672 1559 3729 ﬁt
1587 3689 1752 3746 super

147 3755 452 3827 Christum,
504 3760 854 3817 revertimur.
904 3761 1203 3819 Possumus
1257 3778 1385 3835 ergo
1446 3779 1544 3837 per
1602 3763 1753 3835 ligna

148 3850 368 3902 terrena
410 3863 575 3918 opera
621 3848 951 3923 intelligere,
983 3851 1117 3908 dum
1165 3853 1290 3926 quis
1340 3860 1555 3908 terreno
1595 3851 1751 3924 operi

150 3933 381 4004 insistit,
412 3944 476 3993 ut
512 3936 709 3995 habeat
740 3940 887 3997 unde
915 3940 1102 4010 vivat;
1135 3958 1206 3998 ne
1254 3942 1395 3998 forte
1423 3940 1749 3999 necessitate

147 4024 484 4095 compulsus,
518 4023 692 4081 furari
721 4034 966 4101 cogatur.
987 4028 1124 4084 Nam
1151 4029 1449 4102 Apostolus
1474 4027 1748 4101 praecipit,

148 4122 211 4172 ut
237 4135 364 4174 cum
395 4118 621 4177 silentio
640 4129 946 4192 operantes,
969 4121 1351 4195 unusquisque
1373 4137 1533 4176 suum
1555 4133 1751 4192 panem

148 4208 478 4278 manducet;
512 4220 568 4267 et
587 4211 786 4267 iterum
809 4230 822 4268 :
857 4236 876 4260 ‹
896 4211 1002 4280 Qui
1018 4229 1129 4269 non
1150 4213 1273 4268 vult
1288 4210 1525 4285 operari,
1545 4209 1750 4281 inquit,

148 4317 260 4358 non
287 4303 580 4361 manducet
612 4305 728 4377 (89)
767 4307 857 4377 (II
897 4308 1075 4364 Thess.
1109 4324 1192 4376 in,
1224 4307 1335 4379 10).
1370 4332 1388 4355 ι
1433 4307 1536 4362 Per
1562 4305 1751 4361 fenum

148 4408 281 4451 vero
337 4411 579 4450 amorem
638 4404 915 4453 terrenum
968 4415 1260 4470 possumus
1315 4398 1580 4470 accipere,
1626 4413 1753 4454 cum

150 4485 275 4556 quis
321 4499 420 4556 pro
469 4484 669 4540 affectu
709 4486 893 4542 carnis
937 4502 1191 4554 uxorem,
1232 4486 1398 4554 ﬁlios,
1447 4486 1753 4557 fratresque

150 4572 353 4646 diligit.
387 4572 492 4629 Sed
522 4581 575 4629 et
606 4573 713 4632 hoc
742 4575 922 4647 ipsum
944 4577 1242 4648 Apostolus
1269 4574 1539 4647 praecipit,
1558 4582 1618 4631 ut
1644 4573 1753 4630 viri

150 4677 351 4719 uxores
384 4663 604 4736 (Ephes.
636 4679 715 4731 v1,
746 4662 903 4736 1-4),
923 4681 1125 4721 uxores
1154 4664 1303 4719 viros
1336 4663 1553 4736 (Ephes.
1587 4682 1643 4732 v,
1665 4663 1757 4733 25,
1783 4691 1830 4748 Ι)

152 4748 255 4821 28;
291 4753 393 4809 Tit.
428 4769 492 4821 II,
530 4752 612 4826 4),
669 4752 772 4809 ﬁlii
814 4762 1084 4827 parentes,
1135 4762 1389 4827 parentes
1439 4753 1586 4809 ﬁlios
1631 4768 1758 4809 suos

153 4837 403 4912 diligant.
436 4840 539 4898 Per
579 4841 839 4913 stipulam
888 4849 1091 4911 autem,
1141 4859 1234 4899 eos
1273 4842 1421 4914 ipsos
1468 4857 1758 4915 possumus

154 4925 484 5001 intelligere,
534 4931 630 5004 qui
689 4947 785 5004 pro
828 4946 893 4988 eo
947 4932 1094 5005 quod
1135 4949 1226 4989 eos
1275 4931 1448 4989 libido
1496 4931 1755 5003 exagitat,

154 5023 208 5072 et
234 5034 292 5074 se
322 5019 605 5075 continere
634 5035 744 5076 non
786 5028 1036 5093 possunt,
1066 5038 1267 5078 uxores
1315 5020 1616 5092 accipiunt.
1651 5019 1757 5075 Sed

154 5113 208 5163 et
234 5108 341 5165 hoc
370 5109 667 5181 Apostolus
695 5110 943 5182 praecipit
972 5110 1160 5168 dicens
1187 5130 1200 5167 :
1233 5111 1496 5183 «Propter
1522 5109 1756 5165 fornica-

154 5198 362 5255 tionem
400 5209 582 5256 autem
630 5200 1009 5273 unuSquisque
1054 5217 1208 5256 suam
1258 5218 1491 5258 uxorem
1535 5200 1754 5271 habeat,

156 5295 209 5344 et
237 5303 577 5362 unaquaeque
609 5306 770 5345 suum
801 5290 983 5346 virum
1015 5289 1214 5346 habeat
1240 5291 1299 5362 (Ι
1324 5291 1450 5347 Cor.
1483 5308 1585 5359 vn,
1616 5290 1695 5363 2).
1722 5315 1741 5338 ι

157 5376 227 5431 Et
257 5376 384 5449 quia
412 5378 549 5434 tales
578 5379 1024 5435 conversationes
1053 5379 1174 5434 sine
1202 5378 1413 5436 crebris
1441 5377 1756 5435 offensioni-

163 5464 264 5522 bus
300 5482 418 5523 esse
457 5483 571 5523 non
618 5475 865 5540 possunt,
913 5467 1050 5526 dicit
1094 5485 1191 5542 per
1236 5467 1419 5541 ignem
1462 5468 1599 5525 tales
1639 5483 1755 5526 esse

230 5606 349 5696 (θεξ)
376 5610 451 5696 Et
482 5610 677 5665 itmm
708 5627 726 5665 :
890 5629 995 5696 non
1021 5614 1139 5670 vult
1161 5611 1397 5696 operari,
1426 5610 1620 5683 inquit,
1649 5627 1758 5666 non

159 5682 453 5749 manducet,
486 5696 557 5737 ex
591 5696 721 5738 mss.
753 5682 812 5739 in
838 5691 1050 5742 textum
1084 5682 1429 5752 restituitur;
1461 5682 1572 5739 nOn
1600 5698 1757 5740 secus

159 5765 261 5882 1:th
263 5752 415 5884 230d
458 5752 695 5812 habetur
732 5753 897 5827 infra,
926 5763 976 5815 et
1020 5774 1346 5833 unaquaeque
1382 5755 1562 5815 virum
1599 5770 1759 5814 suum

1854 2037 2133 2096 metietur.
2187 2039 2446 2098 Diximus
2491 2043 2743 2116 superius
2800 2061 2898 2117 per
2954 2045 3167 2118 virgam
3221 2045 3454 2101 ferream

1855 2128 2205 2202 disciplinam
2236 2132 2526 2205 Evangelii
2547 2151 2663 2190 esse
2693 2134 3052 2209 designatam:
3085 2137 3292 2193 ferrum
3326 2149 3457 2194 vero

1856 2233 2017 2290 grave
2063 2228 2144 2276 est
2203 2228 2257 2278 et
2307 2222 2686 2280 durissimum.
2737 2225 2815 2281 De
2857 2225 3066 2283 duritia
3094 2234 3276 2284 autem
3309 2233 3450 2292 581

1854 2313 2024 2386 virgae
2045 2314 2234 2372 ferreaa
2264 2316 2402 2375 dicit
2424 2320 2695 2377 Dominus
2711 2320 2769 2376 in
2790 2321 3093 2395 Evangelia
3121 2342 3134 2380 :
3178 2348 3196 2371 ι
3216 2325 3383 2381 Arcta
3401 2332 3457 2382 et

1855 2411 2083 2474 angusta
2104 2405 2196 2461 via
2210 2414 2446 2481 est,quae
2466 2408 2619 2466 ducit
2639 2409 2707 2465 ad
2724 2409 2897 2467 vitam
2918 2414 3132 2484 (Matth.
3151 2429 3253 2481 vn,
3283 2413 3396 2487 14).
3425 2439 3446 2465 ι

1856 2490 1960 2547 Sed
1989 2492 2133 2550 hanc
2153 2493 2417 2560 duritiam
2444 2512 2599 2553 amor
2625 2498 2725 2553 Dei
2755 2505 2809 2553 et
2839 2515 2961 2571 spes
2999 2502 3235 2559 cmlestis
3266 2507 3459 2575 patria;

1856 2596 2076 2637 suavem
2108 2590 2162 2639 et
2220 2585 2396 2640 levem
2462 2586 2613 2653 facit,
2682 2586 2825 2644 sicut
2864 2589 2979 2660 ipse
3036 2590 3239 2648 iterum
3285 2592 3455 2650 dicit:

1870 2692 1889 2716 ι
1920 2670 2119 2742 Jugum
2157 2671 2306 2727 enim
2337 2689 2521 2729 meum
2550 2692 2717 2731 suave
2745 2685 2845 2745 est,
2869 2686 2923 2733 et
2952 2696 3094 2735 onus
3120 2697 3304 2736 meum
3340 2681 3459 2738 leve

1860 2758 2075 2831 (Matth.
2100 2777 2182 2826 xr,
2216 2761 2332 2834 30).
2365 2787 2383 2810 ι
2429 2762 2600 2834 Virga
2628 2763 2812 2838 itaque
2837 2766 3012 2823 ferrea
3040 2768 3099 2824 in
3128 2769 3456 2828 arundinem

1858 2849 2037 2903 levem
2068 2891 2084 2917 ,
2140 2865 2388 2919 suavem,
2458 2859 2620 2926 atque
2695 2871 2916 2911 auream
2986 2859 3456 2930 commutabitur;

1858 2936 1989 3008 quia
2014 2937 2189 2992 sancti
2218 2955 2317 3010 pro
2342 2941 2631 3012 angustiis,
2663 2957 2798 3015 quas
2828 2960 2926 3017 pro
2956 2944 3176 3003 Christo
3222 2950 3460 3021 pertule-

1858 3034 2009 3096 runt,
2052 3028 2381 3084 suavitatem
2419 3036 2473 3085 et
2528 3031 2758 3103 gloriam
2813 3043 3129 3106 perpetuam
3167 3037 3454 3111 recipient.

1858 3116 2118 3173 Metietur
2151 3134 2283 3173 vero
2313 3117 2598 3177 civitatem
2647 3128 2701 3178 et
2727 3133 2911 3195 portas
2939 3124 3079 3197 ejus,
3111 3135 3166 3183 et
3194 3145 3415 3185 murum
3442 3148 3457 3200 ;

1861 3205 2083 3278 quando
2132 3206 2435 3264 secundum
2493 3211 2814 3282 qualitatem
2874 3229 3101 3286 operum
3154 3216 3455 3292 unicuique

1862 3295 2168 3351 mercedem
2197 3299 2469 3355 restituet.
2503 3299 2608 3356 Sed
2629 3303 2984 3373 quaerendum
3005 3305 3167 3361 nobis
3197 3315 3299 3375 est,
3332 3323 3459 3364 cum

1858 3384 2145 3442 civitatem
2171 3403 2393 3444 mensus
2422 3388 2595 3445 fuisse
2623 3389 2861 3461 dicatur,
2905 3409 3005 3450 cur
3041 3401 3226 3466 portas
3255 3403 3309 3452 et
3339 3412 3460 3456 mu.

1860 3490 1982 3529 rum
2007 3474 2347 3547 adjunxerit,
2407 3494 2535 3534 cum
2565 3478 2810 3536 civitatis
2838 3482 3061 3538 nomine
3113 3482 3232 3541 haec
3274 3485 3462 3542 omnia

1859 3564 2421 3637 comprehendantur.
2466 3567 2673 3625 Verum
2714 3571 2860 3629 sicut
2887 3572 3164 3643 praeterita
3191 3581 3245 3630 et
3274 3574 3462 3632 futura

1858 3652 2079 3722 docent,
2108 3671 2205 3727 per
2233 3661 2415 3728 portas
2447 3657 2701 3730 apostoli,
2728 3676 2826 3732 per
2843 3659 3125 3719 civitatem
3157 3679 3287 3736 apos
3314 3663 3463 3721 tolici

1860 3742 1989 3812 viri,
2043 3760 2138 3816 per
2169 3761 2359 3803 muros
2390 3762 2520 3804 vero
2545 3755 2742 3805 caetera
2762 3750 3065 3807 multitudo
3092 3752 3341 3810 ﬁdelium
3372 3754 3461 3810 de-

1859 3839 2127 3911 signatur.
2208 3839 2314 3898 Sed
2388 3840 2508 3900 htec
2575 3842 2860 3918 sequentia
2933 3842 3152 3916 plenius
3233 3844 3464 3902 manife-

1857 3935 2027 3984 stant.

1933 4033 2117 4106 (Vers.
2142 4034 2258 4108 16.)
2290 4034 2587 4108 Sequitur:
2640 4037 2715 4092 Et
2750 4036 2938 4093 civitas
2966 4036 3022 4093 in
3050 4038 3259 4109 quadra
3281 4039 3462 4109 posita

1859 4128 1954 4187 est,
1986 4127 2035 4177 et
2076 4123 2346 4195 longitudo
2375 4124 2489 4195 ejus
2538 4131 2690 4182 tanta
2740 4133 2833 4193 est,
2893 4132 3094 4198 quanta
3118 4133 3168 4182 et
3198 4127 3452 4188 latitudo.

1859 4210 1962 4267 Per
1985 4211 2375 4284 quadraturam
2405 4214 2651 4271 civitatis
2689 4216 2954 4287 perfectio
2991 4216 3107 4289 (90)
3140 4226 3460 4275 sanctorum

1860 4298 2177 4374 designatur
2198 4321 2214 4371 ς
2240 4303 2568 4376 quadratum
2593 4303 2795 4378 quippe
2826 4304 3063 4377 lapidem
3085 4305 3145 4361 in
3165 4321 3462 4387 quamcun-

1859 4405 1966 4462 que
1994 4397 2199 4461 partem
2230 4392 2483 4461 verteris,
2511 4400 2693 4449 rectus
2724 4394 2907 4451 stabit.
2941 4394 3013 4450 Et
3039 4394 3085 4451 si
3129 4397 3458 4469 quadratum

1861 4478 2122 4550 lapidem,
2150 4487 2245 4536 aut
2267 4481 2420 4537 aliud
2455 4481 2589 4555 quid
2623 4482 2771 4556 quod
2792 4483 3049 4556 quadrari
3099 4492 3297 4555 potest,
3333 4484 3458 4540 dili-

1862 4577 2049 4641 genter
2078 4570 2406 4643 inspexeris,
2447 4573 2841 4645 perfectionem
2878 4571 3136 4629 Ecclesiae
3167 4573 3225 4628 in
3247 4589 3312 4630 eo
3342 4589 3458 4631 esse

1861 4658 2134 4731 depictam
2163 4660 2571 4733 deprehendere
2617 4662 2851 4734 poteris;
2886 4660 3051 4717 habet
3100 4678 3335 4735 namque
3361 4679 3458 4721 sex

1866 4747 2074 4819 facies,
2122 4757 2248 4806 octo
2293 4766 2500 4806 cornua
2527 4792 2543 4818 ,
2604 4748 2914 4821 crepidines
2971 4748 3282 4808 duodecim.
3350 4754 3458 4809 Sex

1867 4839 2035 4894 facies
2084 4838 2477 4911 perfectionem
2536 4839 2915 4895 demonstrant
2969 4839 3244 4896 bonorum
3318 4852 3475 4914 ope-‘

1866 4945 2022 4998 rum;
2057 4931 2187 5004 quia
2238 4932 2490 4988 senarius
2544 4946 2807 4986 numerus
2849 4930 3122 5003 perfectus
3151 4940 3251 4989 est.
3284 4933 3460 4991 Habet

1864 5028 1990 5076 octo
2037 5036 2263 5088 cornua,
2315 5035 2385 5075 ex
2425 5019 2627 5093 quibus
2681 5028 2917 5092 quatuor
2971 5020 3193 5090 coelum,
3225 5029 3460 5094 quatuor

1865 5118 2065 5166 terram
2097 5108 2421 5180 respiciunt.
2453 5110 2700 5177 Quatuor
2728 5109 2899 5181 igitur
2934 5126 3144 5167 cornua
3168 5111 3460 5183 designant

1864 5198 2182 5269 Evangelia,
2214 5215 2335 5271 qum
2366 5198 2742 5270 duplicamur;
2796 5199 2927 5271 quia
2955 5199 3303 5256 dilectionem
3358 5200 3457 5257 Dei

1864 5294 1919 5343 et
1943 5286 2182 5359 proximi
2205 5287 2515 5358 specialiter
2541 5288 2951 5345 commendant.
2982 5289 3229 5356 Quatuor
3256 5290 3457 5345 omium

1864 5377 2189 5450 respiciunt,
2221 5386 2283 5434 ut
2312 5378 2561 5436 indicent
2606 5379 2784 5434 Deum
2829 5393 2992 5452 super
3020 5379 3209 5435 omnia
3236 5394 3350 5434 esse
3379 5377 3461 5435 dia

1864 5452 2180 5539 ligendum:
2212 5475 2449 5542 quatuor
2496 5475 2693 5524 terram
2741 5467 3064 5541 respiciunt,
3097 5476 3160 5524 ut
3211 5468 3460 5526 indiCent

1937 5611 2056 5683 (90)
2114 5610 2316 5668 Omnes
2353 5611 2513 5680 edit.,
2560 5606 2812 5683 perfectio
2866 5609 3310 5683 designatur.....,
3365 5617 3462 5668 aut

1864 5680 2019 5740 aliud
2034 5680 2303 5754 quidquid
2329 5680 2602 5754 quadrari
2617 5687 2851 5754 potest...
2888 5680 3059 5736 Habet
3091 5697 3318 5754 namque
3367 5698 3461 5740 sea:

1869 5752 2103 5827 laterafu
2144 5752 2235 5809 sed
2264 5752 2434 5812 latera
2479 5752 2870 5827 per/actionem,
2916 5759 3045 5822 etc.;
3101 5752 3243 5815 mss.
3273 5762 3456 5813 autem

1864 5826 2028 5885 nobis
2053 5831 2384 5899 congruunt.
