3964 6348
512 385 651 445 1039

1545 381 1643 438 AD
1681 379 1912 437 OPERA
1954 377 2011 434 S.
2054 376 2384 434 AMBROSII
2420 375 2798 434 APPENDIX.

3687 370 3834 428 1040

507 511 794 586 proximos
865 517 1140 582 tanquam
1194 507 1560 580 nosmetipsos
1610 522 1725 562 esse
1782 503 2109 576 diligendos.
2139 499 2198 562 A
2225 503 2400 559 multo
2419 502 2566 558 enim
2596 500 2772 574 majus
2799 507 2881 556 est
2900 499 3136 571 spatium
3159 497 3464 553 stadiorum
3495 494 3829 563 duodecim,

506 601 812 660 Duodecim
834 617 966 655 vero
993 597 1304 670 crepidines
1345 597 1506 653 ﬁdem
1538 595 1914 651 demonstrant
1939 593 2092 648 duo-

507 689 685 748 decim
719 690 1114 762 apostolorum.
1146 689 1195 742 A
1214 686 1449 758 singulis
1487 692 1669 742 autem
1699 683 1960 740 cornibus
1989 689 2098 738 tres

507 779 818 854 crepidines
847 778 1140 852 prodeunt,
1167 785 1227 833 ut
1246 777 1496 833 indicent
1523 793 1555 832 a
1592 775 1843 832 doctrina
1870 771 2097 840 Christi,

508 887 630 944 quae
663 877 745 927 est
773 869 1160 941 Evangelium,
1189 883 1310 940 quae
1354 867 1517 922 etiam
1566 866 1624 921 in
1671 871 1904 938 quatuor
1931 863 2102 918 libros

510 959 786 1016 dividitur
816 1003 834 1028 ,
886 959 1052 1014 ﬁdem
1105 967 1307 1014 sanctas
1361 955 1650 1012 Trinitatis
1705 954 1763 1010 in
1827 952 2102 1026 apostolos

510 1049 790 1117 transisse,
822 1055 884 1104 ut
931 1065 1028 1120 per
1079 1047 1205 1103 illos
1255 1045 1324 1102 ad
1372 1061 1563 1101 omnes
1609 1051 1794 1116 gentes
1823 1041 2097 1113 migraret.

509 1137 627 1194 Hoc
671 1145 848 1194 totum
879 1137 948 1194 de
981 1135 1248 1210 quadrato
1303 1135 1483 1208 lapide
1530 1133 1654 1190 ideo
1718 1132 1984 1199 diximus,
2037 1137 2101 1184 ut

508 1227 1013 1282 demonstraremus
1061 1242 1158 1298 per
1203 1223 1589 1298 quadraturam
1628 1222 1872 1280 civitatis
1911 1221 2102 1294 perfe-

509 1319 753 1378 ctionem
782 1319 1042 1376 Ecclesiae
1070 1335 1187 1376 esse
1220 1319 1578 1392 designatam.
1606 1319 1678 1373 Et
1706 1315 1838 1390 quia
1866 1315 1984 1372 haec
2010 1314 2102 1371 ci-

509 1410 656 1467 vitas
687 1411 1077 1484 quadraturam
1139 1412 1403 1484 aequalem
1457 1409 1642 1477 habet,
1671 1406 1960 1480 longitudo
1984 1403 2102 1477 ejus

509 1507 666 1556 tanta
695 1515 810 1556 esse
837 1499 1062 1568 dicitur,
1087 1506 1291 1573 quanta
1320 1507 1374 1555 et
1395 1497 1646 1556 latitudo:
1676 1511 1772 1568 per
1802 1494 2103 1567 longitudi-

507 1603 636 1646 nem
667 1603 905 1662 namque
931 1596 1134 1643 aaterna
1161 1587 1354 1660 gloria,
1395 1605 1490 1661 per
1519 1586 1868 1643 latitudinem
1921 1593 2102 1641 autem

505 1675 747 1735 charitas
776 1674 1114 1748 designatur.
1137 1675 1450 1748 Longitudo
1480 1676 1649 1750 igitur
1677 1674 1844 1749 hujus
1863 1674 2105 1732 civitatis

507 1777 660 1828 tanta
683 1780 787 1841 est,
817 1779 1023 1846 quanta
1051 1781 1106 1829 et
1137 1771 1374 1829 latitudo
1401 1791 1416 1840 ;
1463 1773 1594 1847 quia
1643 1779 1912 1846 quantum
1935 1789 2102 1828 unus-

2212 610 2376 666 quam
2409 594 2646 666 spatium
2673 601 2891 649 centum
2925 590 3289 665 quadraginta
3325 597 3564 662 quatuor
3600 587 3826 646 cubito-

2207 695 2329 740 rum
2363 702 2375 741 :
2408 683 2639 758 ideoque
2683 700 2778 755 per
2808 681 2984 754 majus
3021 681 3258 753 spatium
3289 697 3402 746 eos,
3434 680 3532 753 qui
3578 678 3820 751 majoris

2209 774 2391 832 meriti
2443 782 2573 830 sunt
2621 774 2761 845 (91),
2821 771 3126 843 intelligere
3184 787 3496 844 possumus.
3548 768 3824 825 Diximus

2209 865 2462 940 superius
2491 882 2586 937 per
2621 863 2913 921 duodecim
2964 863 3143 922 stadia
3187 863 3479 921 duodecim
3535 864 3824 936 apostolos

2211 975 2326 1014 esse
2371 957 2680 1028 designatos
2715 973 2727 1011 :
2762 963 3032 1028 martyres
3079 969 3208 1024 ergo
3250 961 3306 1009 et
3351 952 3723 1022 confessores,
3769 964 3824 1010 et

2210 1046 2392 1104 caeteri
2446 1045 2674 1118 perfecti
2730 1044 2860 1113 viri,
2921 1042 3018 1116 qui
3069 1045 3444 1115 apostolorum
3496 1043 3820 1100 doctrinam

2211 1157 2307 1214 per
2345 1140 2531 1196 omnia
2574 1145 2706 1195 sunt
2739 1135 2933 1202 secuti,
2963 1145 3018 1193 et
3051 1152 3240 1192 eorum
3285 1141 3440 1191 actus
3491 1134 3724 1202 imitati,
3761 1135 3820 1189 in

2212 1246 2401 1287 eorum
2431 1229 2642 1285 ambitu
2665 1225 2992 1292 metientur;
3012 1224 3142 1297 quia
3169 1223 3412 1280 eamdem
3437 1223 3672 1296 gloriam
3693 1239 3822 1296 pos-

2211 1320 2488 1388 sidebunt,
2509 1335 2670 1392 quam
2701 1325 2754 1374 et
2783 1317 2888 1374 illi.
2908 1316 3010 1372 Per
3027 1331 3214 1371 muros
3242 1331 3397 1383 vero,
3424 1313 3518 1386 qui
3539 1329 3612 1369 ex
3633 1314 3822 1370 mino-

2212 1409 2365 1466 ribus
2393 1409 2670 1482 lapidibus
2698 1408 2862 1478 ﬁunt,
2887 1415 3080 1465 caetera
3117 1404 3418 1462 multitudo
3443 1402 3700 1461 ﬁdelium
3723 1403 3820 1460 de-

2211 1502 2460 1574 signatur
2493 1519 2506 1558 :
2539 1501 2636 1575 qui
2684 1499 2954 1556 minorem
3002 1497 3272 1554 ambitum
3320 1495 3610 1566 tenebunt,
3643 1511 3819 1568 quam

2212 1591 2296 1648 illi
2327 1591 2394 1648 de
2425 1591 2626 1664 quibus
2663 1589 2914 1662 superius
2947 1585 3231 1659 diximus;
3261 1585 3390 1660 quia
3435 1585 3532 1660 qui
3573 1583 3823 1641 minoris

2211 1688 2378 1738 erunt
2402 1679 2608 1748 meriti,
2639 1681 2854 1736 minora
2883 1677 3186 1752 percipient
3206 1683 3260 1732 et
3287 1675 3532 1750 praemia.
3555 1673 3822 1744 Quorum

2212 1788 2469 1828 mensura
2526 1771 2586 1827 in
2636 1768 2975 1827 duodenario
3028 1783 3260 1824 numero
3315 1764 3573 1824 consistit
3610 1784 3628 1834 ;
3681 1764 3823 1838 quia

508 1861 742 1936 quisque
769 1862 950 1920 ﬁdelis
981 1863 1038 1920 in
1069 1863 1172 1920 hac
1198 1863 1315 1920 vita
1359 1865 1569 1937 positus
1629 1866 1805 1940 major
1847 1864 2013 1924 fuerit
2038 1867 2096 1924 in
2124 1867 2173 1930 B
2211 1861 2377 1918 ﬁdem
2407 1860 2766 1934 apostolicam
2785 1859 3165 1916 intemeratam
3188 1861 3576 1923 servaverunt;
3599 1853 3822 1911 duode-

505 1953 794 2024 charitate,
827 1961 982 2012 tanto
1023 1953 1287 2027 majorem
1334 1955 1563 2028 gloriam
1592 1957 1652 2014 in
1679 1959 1886 2016 caelesti
1914 1957 2100 2015 beati-

503 2043 698 2101 tudine
723 2044 1026 2118 possidebit
1050 2063 1062 2102 :
1096 2053 1150 2102 et
1179 2055 1384 2120 quanto
1415 2047 1598 2104 minor
1625 2047 1792 2104 fuerit
1839 2048 2095 2120 cbaritas,

503 2139 659 2190 tanto
688 2133 872 2190 minor
886 2135 994 2191 erit
1014 2135 1072 2191 in
1102 2135 1295 2208 gloria.

475 2246 481 2257 '
573 2233 648 2288 Et
674 2248 881 2288 mensus
909 2237 983 2288 e'st
1001 2233 1262 2290 civitatem
1284 2250 1384 2306 per
1405 2233 1581 2290 stadia
1604 2233 1873 2290 duodecim
1896 2235 2095 2291 millia:

505 2321 773 2394 longitudo
801 2329 849 2378 et
885 2323 1110 2380 latitudo
1159 2330 1209 2379 et
1250 2323 1480 2379 altitudo
1515 2322 1632 2392 ejus
1689 2323 1918 2393 aequalia
1949 2331 2091 2382 sunt.

499 2411 766 2469 Eamdem
795 2411 1261 2485 signiﬁcationem
1317 2410 1521 2467 habent
1568 2409 1743 2466 stadia
1779 2410 2092 2482 duodecim,

500 2519 666 2577 quam
688 2511 742 2559 et
767 2509 938 2576 portas
975 2501 1268 2559 duodecim
1305 2499 1507 2556 habent
1537 2517 1550 2566 ;
1585 2498 1897 2570 signiﬁcant
1939 2516 2092 2556 nam-

499 2607 606 2666 que
641 2593 938 2665 apostolos.
970 2591 1076 2648 Sed
1119 2588 1371 2662 superius
1401 2587 1804 2660 longitudinem
1825 2596 1878 2648 et
1906 2591 2091 2647 latitu-

498 2681 687 2740 dinem
718 2683 861 2740 hanc
889 2681 1170 2740 civitatem
1197 2679 1462 2752 aequalem
1491 2677 1691 2736 habere
1721 2679 1964 2738 dicitur:
1999 2680 2092 2738 hic

497 2789 630 2830 vero
685 2773 894 2830 dicitur
926 2770 1074 2845 quod
1124 2767 1430 2841 longitudo,
1483 2769 1717 2826 latitudo
1771 2778 1826 2826 et
1853 2771 2090 2829 altitudo

494 2861 614 2934 ejus
665 2863 898 2935 aequalia
925 2866 1074 2918 sunt.
1131 2858 1428 2915 Possumus
1453 2876 1581 2928 ergo
1617 2859 1677 2916 in
1705 2859 1812 2918 hoc
1850 2861 1972 2918 loco
1995 2878 2092 2934 per

493 2950 602 3008 tria
627 2950 746 3008 haec
789 2965 910 3024 quae
965 2945 1167 3020 posuit,
1231 2947 1419 3017 ﬁdem,
1465 2964 1639 3020 spem,
1669 2956 1724 3005 et
1765 2949 2088 3008 charitatem

495 3037 842 3108 intelligere;
872 3035 949 3092 ita
977 3043 1041 3092 ut
1069 3052 1164 3108 per
1190 3034 1597 3108 longitudinem
1625 3035 1814 3103 ﬁdem,
1843 3053 1941 3110 per
1968 3039 2088 3095 lati-

392 3165 397 3170 -
491 3125 747 3182 tudinem
777 3123 1122 3195 charitatem,
1155 3143 1252 3200 per
1278 3124 1631 3183 altitudinem
1661 3143 1792 3182 vero
1813 3144 1964 3201 spem
2006 3129 2088 3184 in-

2205 1951 2316 2008 cies
2363 1966 2601 2024 namque
2645 1947 2938 2006 duodecim
2986 1946 3130 2002 ﬁunt
3174 1951 3398 2002 centum
3441 1942 3821 2017 quadraginta

2204 2048 2460 2115 quatuor.
2481 2039 2639 2108 Quod
2667 2046 2853 2096 autem
2883 2037 3022 2095 dicit
3049 2035 3333 2093 civitatem
3363 2041 3417 2091 et
3441 2050 3634 2090 muros
3656 2049 3820 2089 men-

2204 2147 2332 2187 sura
2372 2130 2637 2197 hominis,
2685 2145 2809 2202 quae
2861 2135 2944 2184 est
2991 2125 3194 2200 angeli,
3234 2124 3406 2181 fuisse
3458 2130 3822 2180 mensuratos

2207 2220 2349 2292 (92),
2381 2219 2721 2275 demonstrat
2749 2218 3005 2290 angelum
3054 2216 3113 2271 in
3150 2212 3577 2271 similitudinem
3607 2211 3822 2268 homi-

2202 2308 2289 2364 nis
2313 2307 2419 2363 sibi
2448 2307 2782 2380 apparuisse.
2815 2307 3109 2362 Possumus
3137 2303 3244 2360 hoc
3277 2303 3438 2360 aliter
3465 2301 3815 2374 intelligere.

2199 2398 2510 2454 Mensuram
2543 2395 2790 2452 hominis
2837 2393 2974 2452 dicit
3010 2409 3126 2450 esse
3155 2409 3473 2450 mensuram
3508 2391 3726 2464 angeli,
3761 2399 3820 2448 et

2199 2503 2262 2543 ea
2291 2503 2547 2543 mensura
2568 2485 2853 2542 civitatem
2883 2491 2938 2539 et
2968 2499 3155 2538 muros
3189 2482 3326 2539 dicit
3355 2499 3470 2539 esse
3503 2497 3817 2538 mensura-

2197 2584 2309 2644 tos;
2361 2576 2492 2650 quia
2536 2574 2711 2631 sancti
2762 2573 2871 2629 viri
2924 2571 3292 2646 aequalitatem
3341 2571 3634 2628 habebunt
3678 2588 3816 2628 cum

2197 2668 2426 2742 angelis,
2475 2674 2529 2723 et
2574 2682 2766 2722 eorum
2814 2679 3072 2720 mensura
3112 2661 3623 2732 mensurabuntur;
3678 2664 3820 2736 quia

2197 2764 2445 2823 eamdem
2477 2764 2705 2836 gloriam
2735 2761 3115 2835 possidebunt,
3131 2776 3296 2834 quam
3317 2767 3370 2814 et
3391 2759 3498 2829 illi,
3519 2760 3674 2817 sicut
3703 2760 3818 2816 Do-

2198 2855 2384 2911 minus
2414 2853 2551 2910 dicit
2581 2853 2638 2909 in
2668 2851 2970 2924 Evangelia
3002 2869 3014 2909 :
3063 2851 3159 2906 «In
3189 2848 3591 2906 resurrectione
3619 2865 3819 2922 neque

2197 2944 2430 3013 nubent,
2460 2959 2636 3016 neque
2666 2958 2870 2998 uxores
2898 2940 3102 2997 ducent
3125 2957 3140 3008 ;
3173 2938 3269 2996 sed
3295 2946 3458 2996 erunt
3493 2938 3642 2996 sicut
3693 2954 3818 2996 an-

2198 3034 2305 3106 geli
2333 3033 2433 3090 Dei
2471 3032 2529 3088 in
2556 3031 2694 3088 ccelo
2727 3030 2939 3104 (Matth.
2970 3047 3114 3098 XXII,
3143 3028 3260 3102 30).
3291 3052 3310 3077 ι

2271 3133 2451 3207 (Vers.
2495 3131 2608 3203 18.)
2635 3132 2711 3188 Et
2737 3135 2853 3186 erat
2895 3135 3166 3185 structura
3200 3126 3346 3182 muri
3374 3125 3487 3196 ejus
3517 3142 3584 3181 ea:
3616 3126 3816 3198 lapide

491 3215 824 3289 telligamus.
891 3217 997 3274 Sed
1053 3217 1330 3291 quomodo
1377 3218 1609 3291 aequalia
1657 3235 1772 3276 esse
1825 3229 2075 3292 possunt,
2105 3228 2150 3290 ο
2185 3221 2426 3299 iaspide;
2457 3221 2574 3292 ipsa
2603 3236 2724 3275 vero
2767 3218 2953 3274 civitas
2993 3234 3130 3272 auro
3171 3215 3370 3270 mundo
3420 3213 3612 3270 similis
3659 3215 3817 3271 vitro

491 3324 618 3366 cum
650 3307 952 3381 Apostolus
969 3307 1146 3366 dicat:
1194 3332 1214 3357 ι
1241 3309 1400 3365 Nunc
1435 3316 1617 3365 autem
1666 3317 1890 3366 manent
1925 3311 2080 3382 ﬁdes,
2189 3312 2411 3369 mundo.
2444 3309 2549 3366 Sed
2577 3318 2632 3366 et
2663 3309 2756 3366 hic
2789 3308 3034 3381 aliquam
3062 3305 3383 3364 distantiam
3420 3305 3566 3360 inter
3607 3321 3815 3362 muros

491 3413 634 3471 spes,
664 3399 924 3470 Charitas,
965 3399 1070 3456 tria
1113 3399 1268 3459 haec:
1325 3401 1500 3474 major
1539 3411 1723 3460 autem
1775 3403 1976 3462 horum
2004 3413 2086 3462 est

489 3487 731 3546 cbaritas
761 3490 820 3562 (Ι
849 3489 974 3547 Cor.
1007 3507 1134 3561 xm,
1165 3491 1302 3564 13)?
1330 3516 1350 3541 ι
1392 3494 1530 3551 Nam
1570 3495 1823 3568 quamvis
1849 3495 2086 3553 charitas

489 3577 666 3650 major
683 3579 759 3636 sit
785 3579 1048 3638 omnibus
1076 3581 1399 3652 virtutibus,
1444 3600 1509 3640 eo
1551 3583 1700 3656 quod
1747 3585 1865 3657 ipsa
1903 3595 2088 3644 manet

488 3674 550 3732 in
586 3683 892 3744 aeternum;
933 3675 1237 3733 secundum
1283 3685 1466 3734 tamen
1512 3678 1802 3751 quemdam
1859 3681 2086 3738 modum

493 3763 539 3820 is
567 3761 745 3820 tribus
773 3763 1075 3822 virtutibus
1123 3766 1410 3839 aqualitas
1463 3767 1667 3823 ascribi
1709 3776 1907 3840 potest.
1939 3771 2088 3830 Dicit

487 3851 692 3926 quippe
722 3853 1023 3926 Apostolus
1047 3855 1178 3927 quia
1191 3854 1327 3911 ﬁdes
1351 3871 1448 3928 per
1465 3854 1790 3914 charitatem
1811 3868 2084 3931 operatur,

488 3948 544 3996 et
586 3939 724 4000 ﬁdes
778 3941 900 3999 sine
955 3943 1215 4016 operibus
1255 3953 1476 4001 mortua
1512 3953 1594 4002 est
1626 3947 1764 4018 (Jac.
1795 3965 1857 4017 ιι,
1885 3949 2000 4021 26).
2029 3949 2087 4005 Si

487 4039 707 4089 mortua
725 4041 827 4103 est,
861 4033 957 4090 ille
993 4034 1084 4092 cui
1115 4041 1334 4092 mortua
1362 4043 1463 4104 est,
1489 4035 1633 4092 nihil
1652 4044 1736 4094 est
1761 4055 1774 4094 :
1815 4045 1868 4094 et
1883 4037 1930 4094 si
1954 4038 2090 4098 ﬁdes

487 4137 584 4194 per
611 4120 935 4178 charitatem
982 4131 1264 4196 operatur,
1315 4133 1370 4182 et
1409 4124 1494 4180 illi
1555 4133 1773 4182 mortua
1819 4133 1900 4183 est
1923 4171 1940 4198 ,
1991 4145 2089 4204 qui

485 4208 773 4268 eharitatis
821 4227 986 4284 opera
1031 4228 1144 4268 non
1181 4211 1368 4280 habet,
1417 4228 1544 4284 ergo
1599 4213 1736 4270 ﬁdes
1782 4222 1932 4274 tanta
1986 4228 2087 4289 est,

486 4305 691 4374 quanta
717 4307 847 4356 sunt
865 4307 922 4356 et
949 4316 1114 4372 opera
1157 4299 1466 4357 charitatis.
1498 4301 1768 4359 Similiter
1795 4322 1917 4378 spes
1937 4315 2092 4366 tanta

486 4396 590 4458 est,
621 4395 824 4462 quanta
852 4389 990 4446 ﬁdes
1017 4397 1072 4446 et
1100 4389 1360 4458 charitas;
1395 4390 1525 4463 quia
1553 4400 1761 4464 quanta
1779 4404 1910 4452 sunt
1928 4415 2092 4471 opera

487 4477 639 4547 ﬁdei,
671 4495 792 4552 quae
840 4485 922 4536 est
952 4479 1213 4548 Charitas,
1261 4487 1413 4536 tanta
1470 4489 1551 4538 est
1595 4489 1649 4536 et
1699 4499 1820 4554 spes
1861 4485 2084 4557 gloriae:

2192 3413 2248 3462 et
2301 3402 2586 3461 civitatem
2635 3399 2788 3457 fecit.
2830 3399 3018 3456 Muros
3068 3396 3214 3454 dixit
3246 3413 3317 3454 ex
3370 3393 3549 3468 lapide
3579 3393 3815 3468 jaspide

2193 3510 2309 3551 esse
2338 3497 2704 3559 constructos,
2743 3489 2917 3562 ipsam
2949 3503 3080 3544 vero
3109 3486 3390 3544 civitatem
3419 3500 3554 3542 auro
3585 3483 3815 3542 mundo

2193 3593 2249 3642 et
2278 3581 2422 3638 vitro
2453 3577 2661 3637 mundo
2690 3578 2835 3636 dixit
2863 3593 2980 3635 esse
3008 3575 3248 3633 similem
3284 3593 3297 3634 :
3327 3590 3424 3646 per
3450 3573 3814 3632 viriditatem

2195 3687 2435 3745 namque
2478 3668 2711 3742 jaspidis
2769 3667 2905 3724 ﬁdes
2960 3665 3324 3740 designatur;
3374 3681 3470 3738 per
3517 3663 3813 3738 jaspidem

2193 3788 2322 3844 ergo
2361 3766 2507 3824 582
2549 3769 2828 3843 simplices
2857 3767 3062 3842 quique
3099 3774 3154 3822 et
3193 3763 3502 3838 imperfecti
3538 3764 3654 3820 viri
3685 3782 3814 3824 non

2195 3860 2652 3918 inconvenienter
2706 3858 3106 3930 designantur;
3155 3856 3252 3928 qui
3306 3854 3415 3912 ﬁde
3464 3854 3810 3926 salvantur,

2195 3951 2339 4009 sicut
2385 3949 2524 4006 dicit
2565 3947 2876 4021 propheta:
2921 3971 2941 3994 ε
2967 3947 3155 4002 Justus
3201 3951 3387 4001 autem
3434 3943 3494 4000 in
3540 3943 3654 4001 ﬁde
3703 3961 3814 4003 sua.

2194 4039 2349 4096 vivet
2379 4038 2602 4112 (Habac.
2635 4054 2697 4106 ιι,
2729 4035 2812 4108 4).
2837 4059 2856 4084 ι
2892 4035 3078 4092 Sancti
3105 4041 3290 4090 autem
3321 4039 3376 4088 et
3404 4031 3635 4106 perfecti
3661 4033 3808 4104 viri,

2193 4129 2293 4202 qui
2319 4145 2414 4200 per
2441 4126 2728 4183 civitatem
2757 4124 3134 4198 designantur,
3165 4140 3301 4179 auro
3330 4123 3542 4180 mundo
3568 4139 3688 4180 non
3719 4123 3808 4180 in-

2196 4215 2590 4274 convenienter
2639 4214 3056 4282 assimilantur;
3107 4229 3172 4269 eo
3229 4211 3381 4286 quod
3424 4219 3480 4269 et
3524 4213 3810 4285 sapientia

2198 4305 2404 4360 fuerint
2441 4302 2654 4375 repleti,
2689 4319 2808 4375 quae
2851 4317 2946 4374 per
2991 4317 3186 4357 aurum
3230 4317 3372 4373 saepe
3418 4300 3716 4374 ﬁguratur,
3751 4311 3807 4360 et

2197 4393 2432 4450 diversis
2461 4391 2923 4449 tribulationibus
2966 4391 3203 4465 probati,
3236 4391 3382 4448 sicut
3416 4405 3616 4446 aurum
3646 4389 3807 4464 quod

2195 4501 2293 4557 per
2336 4484 2516 4556 ignem
2563 4490 2846 4555 purgatur.
2890 4481 2992 4537 Per
3047 4482 3254 4536 vitrum
3310 4496 3442 4536 vero
3494 4481 3804 4550 mundum,

471 4567 547 4634 in
575 4577 842 4642 quantum
867 4586 1102 4643 namque
1130 4570 1508 4644 unusquisque
1528 4569 1708 4628 ﬁdelis
1722 4589 1818 4645 per
1837 4575 2090 4636 charita-
2119 4595 2169 4655 D
2199 4574 2346 4648 quod
2375 4573 2578 4631 clarius
2611 4581 2694 4629 est
2723 4571 2982 4630 omnibus
3011 4571 3270 4640 metallis,
3298 4570 3477 4644 angeli
3505 4570 3804 4643 designan-

485 4658 559 4715 tis
586 4677 748 4732 opera
787 4677 845 4718 se
891 4660 1127 4718 dilatare
1163 4662 1534 4734 praevaluerit,
1585 4663 1645 4718 in
1701 4672 1920 4724 tantum
1973 4671 2083 4731 sibi

487 4751 716 4824 gloriam
754 4752 944 4827 patriae
973 4753 1210 4810 caelestis
1235 4769 1541 4810 accrescere
1561 4769 1671 4809 non
1701 4754 1938 4818 dubitet.

559 4850 742 4924 (Vera.
770 4851 884 4925 17.)
915 4853 991 4908 Et
1014 4869 1222 4908 mensus
1249 4857 1323 4908 est
1349 4870 1528 4908 muros
1556 4852 1668 4923 ejus
1689 4871 1790 4926 per
1807 4855 2086 4914 circuitum

489 4945 693 4995 centum
717 4940 1081 5011 quadraginta
1109 4947 1341 5012 quatuor
1381 4941 1672 4996 cubitorum
1703 4960 1950 5000 mensura
1983 4948 2088 5001 1ιο-

485 5028 665 5099 minis,
689 5045 808 5102 quae
834 5036 908 5085 est
927 5031 1123 5102 angeli.
1157 5026 1294 5099 Hoc,
1331 5031 1376 5087 si
1409 5031 1688 5104 superiora
1715 5033 2080 5104 attendamus,

486 5117 794 5176 secundum
827 5118 1066 5176 litteram
1098 5127 1240 5176 stare
1273 5137 1384 5176 non
1412 5129 1610 5193 potest;
1652 5122 1904 5194 superius
1933 5139 2084 5178 nam-

486 5223 592 5283 que
616 5206 754 5266 dicit
779 5207 910 5282 quia
944 5225 1167 5265 mensus
1185 5217 1268 5266 est
1297 5209 1579 5268 civitatem
1609 5227 1706 5284 per
1733 5211 1908 5268 stadia
1951 5213 2085 5267 duo-

486 5297 698 5370 decim;
731 5299 825 5358 hic
858 5309 1043 5358 autem
1075 5317 1263 5359 muros
1297 5301 1541 5361 civitatis
1585 5311 1808 5360 centum
1841 5303 2086 5376 quadra-

486 5390 640 5464 ginta
693 5398 930 5465 quatuor
977 5393 1297 5451 cubitorum
1351 5392 1488 5450 dicit
1545 5409 1661 5451 esse
1699 5403 2080 5462 mensuratos;

560 5531 679 5612 (91)
708 5532 929 5616 Eaedem
1137 5535 1314 5619 majus
1333 5545 1409 5619 est
1434 5537 1664 5610 spatium
1683 5554 1783 5609 per
1809 5539 1950 5610 quod
1975 5555 2081 5619 eos,

488 5615 594 5726 gs;
596 5613 846 5729 $131!?“
881 5613 1059 5662 meriti
1104 5615 1244 5678 sunt,
1294 5617 1422 5678 etc.;
1481 5626 1613 5667 mss.
1679 5619 1882 5679 autem,
1911 5619 1974 5668 ut
2022 5613 2081 5668 in

565 5741 682 5814 (92)
705 5743 864 5815 Gill.,
893 5752 942 5801 et
965 5762 1148 5806 muros
1173 5766 1424 5811 mensura
1449 5751 1676 5811 hominis
1701 5758 1797 5824 est,
1832 5754 1916 5812 vel
1938 5769 2080 5814 men-

2194 4677 2304 4736 tur,
2345 4682 2482 4739 quos
2533 4665 2687 4722 nulla
2729 4665 2944 4721 macula
2989 4663 3198 4737 peccati
3236 4676 3478 4736 unquam
3507 4661 3805 4720 sordidare

2194 4756 2392 4829 potuit.

2269 4845 2450 4919 (Vers.
2491 4846 2602 4911 19.)
2630 4844 2995 4901 Fundamenta
3022 4841 3166 4897 muri
3191 4839 3417 4896 civitatis
3441 4840 3588 4895 omni
3620 4841 3806 4912 lapide

2189 4936 2418 5008 pretioso
2469 4941 2684 4991 ornata.
2731 4933 2993 5006 Superius
3045 4931 3292 4988 diximus
3347 4947 3442 5003 per
3491 4930 3802 4988 duodecim

2195 5025 2552 5081 fundamenta
2601 5023 2894 5079 duodecim
2941 5022 3216 5094 apostolos
3263 5036 3378 5076 esse
3424 5018 3800 5088 designatos;

2194 5131 2290 5188 per
2360 5114 2566 5186 lapides
2624 5121 2808 5171 autem
2883 5111 3150 5184 pretiosos
3191 5125 3394 5166 omnes
3437 5107 3577 5181 justi
3633 5108 3802 5165 desi-

2193 5213 2450 5278 gnantur.
2481 5204 2786 5261 Duodecim
2817 5219 2944 5274 ergo
2973 5201 3332 5258 fundamenta
3359 5198 3659 5256 duodecim
3703 5201 3802 5256 la—

2194 5296 2416 5368 pidibus
2445 5295 2827 5362 ornabuntur;
2857 5292 2987 5366 quia
3033 5291 3093 5348 in
3131 5291 3229 5347 illa
3269 5289 3614 5348 beatitudine
3657 5308 3800 5364 apo-

2193 5388 2319 5444 stoli
2349 5395 2404 5443 et
2441 5386 2625 5443 caeteri
2666 5384 3047 5458 praadicatores
3093 5397 3193 5454 pro
3239 5390 3564 5438 ornamento
3616 5380 3798 5439 habe-

2192 5555 2377 5594 suram
2403 5537 2630 5594 hominis
2669 5537 2796 5593 dicit
2835 5539 3046 5607 angelos
3087 5536 3252 5608 fuisse
3290 5540 3644 5608 mensuratos.
3687 5538 3798 5596 R0-

2191 5609 2340 5666 mani
2369 5617 2750 5678 correxerunt,
2774 5615 2822 5664 et
2864 5606 3046 5664 muros
3084 5606 3334 5664 mensura
3367 5606 3612 5680 immittis
3661 5627 3796 5680 esse,

2190 5684 2551 5812 vfltmen:ura
2579 5677 2823 5752 hominis,
2845 5688 2982 5751 etc.;
3005 5680 3099 5740 sed
3119 5698 3248 5740 mss.
3276 5677 3478 5734 melius
3497 5679 3688 5740 locum
3711 5677 3799 5742 rei

2189 5770 2216 5811 s
2243 5770 2261 5810 ι
2290 5770 2404 5812 nun
2435 5776 2448 5812 ι
