3964 6398
234 390 380 450 1041

1125 396 1584 457 BERENGAUDI
1620 397 1723 456 EX
1752 398 2023 457 POSITIO
2062 397 2134 457 ΙΝ
2169 398 2675 459 APOCALYPSIN.

3356 403 3366 413 '
3401 396 3544 456 1042

233 519 381 577 bunt
420 535 534 592 eos,
581 522 677 597 qui
722 539 819 597 per
864 539 959 582 eos
1003 522 1377 593 crediderunt,
1424 523 1686 598 quoniam
1732 540 1832 598 pro
1859 525 1912 586 A
1940 532 2068 581 tuor
2118 524 2291 582 libros
2358 525 2653 594 dividitur,
2693 541 2790 599 per
2831 525 3008 583 multa
3055 526 3199 585 loca'
3220 523 3539 583 dissemina-

235 611 357 668 illis
384 614 650 673 omnibus
687 616 999 675 mercedem
1028 616 1315 691 recipient.

309 710 733 769 Fundamentum
779 712 1018 786 primum
1053 712 1249 785 jaspis.
1304 711 1481 784 Jaspis
1524 711 1725 769 viridis
1780 727 1844 769 ac

235 801 413 872 pressi
442 802 644 860 coloris
670 812 753 861 est
785 804 901 876 (93)
937 821 949 859 :
995 803 1267 876 signiﬁcat
1320 812 1501 859 autem
1531 802 1721 859 ﬁdeles
1748 819 1842 858 sa-

234 890 474 958 culares,
523 892 617 964 qui
667 908 699 947 a
746 878 910 949 vitiis.
943 892 1303 961 abstinentes,
1354 891 1606 965 quamvis
1652 908 1839 948 eorum

238 979 515 1051 viriditas,
569 982 624 1038 id
670 989 751 1039 est
795 982 953 1052 ﬁdes,
1004 999 1074 1039 ex
1122 982 1317 1038 mundi
1356 982 1567 1039 actibus
1596 982 1842 1054 aliquan-

240 1070 421 1126 tulum
471 1070 837 1141 obfuscetur;
894 1074 1259 1147 eleemosynis
1304 1080 1492 1129 tamen
1531 1080 1585 1128 et
1631 1073 1842 1130 cateris

236 1158 633 1217 misericordia
689 1163 948 1234 operibus
994 1170 1214 1236 peccata
1258 1179 1356 1219 sna
1407 1162 1675 1218 redimere
1730 1178 1843 1217 non

236 1258 473 1306 cessant.
519 1251 631 1309 Nec
674 1251 771 1309 abs
818 1270 875 1310 re
920 1260 1001 1310 est
1031 1254 1178 1327 quod
1223 1254 1357 1309 tales
1407 1253 1465 1308 in
1512 1252 1692 1326 primo
1721 1252 1842 1309 loco

236 1350 524 1410 ponantur
558 1360 570 1398 :
606 1343 841 1414 apostoli
871 1359 1129 1417 namque,
1163 1343 1305 1400 sicut
1332 1360 1474 1415 sape
1507 1341 1621 1414 jam
1669 1341 1845 1398 incul-

235 1437 424 1485 catum
477 1437 578 1499 est,
634 1431 897 1488 timentes
942 1431 1011 1490 iis
1073 1432 1169 1505 qui
1225 1449 1296 1488 ex
1354 1431 1607 1505 gentibus
1663 1432 1843 1503 primo

235 1516 607 1588 crediderant,
650 1521 955 1578 austeriora
1000 1520 1226 1579 Domini
1279 1530 1547 1595 praecepta
1593 1520 1842 1577 commit-

235 1612 353 1661 tere
382 1624 397 1675 ;
426 1622 495 1663 ne
527 1608 669 1665 forte
699 1609 906 1666 duritia
934 1619 1333 1683 praeceptorum
1363 1610 1566 1679 territi,
1600 1627 1711 1665 non
1740 1626 1840 1666 an-

235 1694 433 1752 derent
488 1697 557 1753 ad
610 1699 1017 1772 suscipiendam
1074 1698 1281 1757 Christi
1331 1699 1494 1755 ﬁdem
1566 1698 1838 1767 accedere,

232 1786 577 1859 scripserunt
605 1789 685 1845 eis
734 1808 747 1846 :
804 1813 823 1836 ε
870 1790 1085 1846 Placuit
1120 1790 1349 1863 Spiritui
1382 1796 1569 1846 sancto
1599 1796 1652 1844 et
1682 1788 1841 1845 nobis

1948 626 2168 674 verunt.

2024 714 2205 787 (Vers.
2244 713 2360 786 20.)
2396 712 2621 782 Quintus
2657 712 2935 769 sardoniis.
2971 712 3246 770 Sardonix
3273 712 3542 771 candidus

1951 812 2053 874 est,
2084 805 2144 861 in
2165 805 2397 861 rubeam
2426 805 2665 861 colorem
2687 820 2983 877 parumper
3010 803 3296 862 declinans
3329 822 3341 861 :
3375 803 3540 877 signi-

1951 895 2078 951 ﬁcat
2106 902 2290 950 autem
2320 894 2600 965 simplices
2636 908 2881 966 quosque
2911 901 2966 949 et
3016 894 3337 951 innocentes
3366 894 3538 962 viros,

1949 982 2045 1057 qui
2092 991 2314 1056 propter
2360 984 2490 1039 vita
2521 983 2816 1055 puritatem
2846 1000 2942 1056 per
2974 984 3213 1056 lapidem
3242 982 3540 1040 candidum

1949 1074 2321 1147 designantur.
2352 1074 2458 1142 Qui
2487 1090 2585 1146 pro
2614 1089 2679 1129 eo
2707 1073 2853 1147 quod
2884 1074 3188 1149 vigilando,
3215 1071 3538 1146 jejunando,

1948 1164 2293 1233 abstinendo,
2324 1180 2389 1221 ac
2441 1164 2675 1220 diversis
2727 1164 2906 1222 modis
2961 1181 3192 1238 corpora
3242 1181 3341 1221 sua
3392 1163 3542 1220 aﬁli-

1950 1257 2146 1329 gendo,
2201 1254 2471 1327 martyria
2538 1254 2645 1310 sibi
2701 1254 3017 1326 imponunt,
3089 1255 3245 1328 quasi
3300 1256 3540 1312 colorem

1949 1345 2181 1401 ruheum
2219 1342 2418 1399 habere
2458 1342 2720 1398 videntur
2751 1360 2762 1399 :
2802 1342 2898 1416 qui
2935 1359 3049 1399 non
3086 1344 3542 1401 inconvenienter

1950 1433 2009 1488 in
2038 1434 2233 1506 quinto
2283 1434 2403 1489 loco
2434 1440 2752 1505 ponuntur;
2799 1449 2895 1505 per
2923 1434 3239 1506 quinarinm
3273 1434 3421 1491 enim
3442 1451 3540 1491 nu-

1950 1539 2161 1579 merum
2193 1539 2333 1595 sape
2372 1523 2616 1597 quinque
2663 1538 2853 1579 sensus
2889 1526 3136 1597 corporis
3163 1524 3538 1598 designantur.

1949 1613 2148 1669 Beatus
2195 1629 2415 1686 quoque
2459 1612 2754 1685 Gregorius
2793 1611 2951 1681 dicit,
3000 1614 3131 1687 quia
3174 1631 3272 1687 per
3298 1614 3543 1689 quinque

1949 1700 2195 1775 corporis
2255 1702 2372 1775 (95)
2434 1718 2626 1757 sensus
2682 1701 3018 1757 exteriorum
3087 1702 3320 1759 scientia
3387 1703 3543 1761 desi-

1949 1800 2147 1865 gnatur
2178 1809 2190 1848 :
2225 1800 2279 1848 et
2300 1791 2429 1864 quia
2446 1790 2537 1846 isti
2555 1790 2891 1847 exteriorum
2912 1790 3199 1847 scientiam
3247 1809 3409 1865 quam
3424 1809 3542 1865 per-

233 1879 385 1935 nihil
416 1881 701 1952 imponere
738 1881 897 1939 vobis
926 1881 1131 1952 oneris,
1162 1882 1361 1939 nisiut
1393 1881 1711 1937 abstineatis
1740 1898 1838 1938 vos
1872 1886 1919 1948 B
1952 1887 2232 1954 ceperunt,
2265 1879 2390 1936 aliis
2427 1878 2708 1953 impertire
2737 1879 3088 1947 studuerunt,
3126 1887 3270 1936 recte
3301 1881 3361 1936 in
3398 1880 3543 1937 adi—

236 1972 631 2029 tantummodo
660 1989 692 2028 a
723 1972 1109 2043 fornicatione,
1152 1981 1207 2030 et
1244 1973 1311 2029 ab
1351 1973 1489 2031 escis
1517 1990 1638 2048 qua
1676 1972 1841 2029 idolis

233 2061 621 2134 immolantur,
670 2070 724 2120 et
752 2078 783 2119 a
811 2064 1097 2134 suﬁ‘ocato,
1139 2072 1195 2120 et
1239 2063 1506 2137 sanguine
1558 2064 1700 2135 (Act.
1742 2081 1838 2132 xv,

236 2153 331 2223 28,
378 2154 495 2227 29).
527 2179 546 2204 ›
590 2157 662 2211 Et
699 2155 760 2212 in
801 2156 914 2213 alio
961 2156 1082 2214 loco
1128 2157 1323 2212 Petrus
1369 2154 1842 2213 conversationem

236 2246 490 2319 gentium
520 2262 771 2313 narrans,
793 2246 931 2305 dicit
954 2246 1157 2304 Judais
1191 2266 1203 2303 :
1251 2270 1270 2295 ι
1298 2248 1371 2303 Et
1391 2245 1486 2319 qui
1508 2244 1665 2302 novit
1679 2246 1844 2302 corda

233 2336 406 2404 Deus,
454 2336 833 2393 testimonium
878 2336 1181 2409 perhibuit,
1239 2336 1374 2392 dans
1420 2336 1534 2391 illis
1574 2334 1841 2406 Spiritum

234 2432 489 2483 sanctum
519 2426 663 2484 sicut
688 2436 742 2484 et
768 2425 952 2496 nobis,
990 2426 1097 2483 ﬁde
1128 2425 1426 2500 puriﬁcans
1456 2424 1623 2482 corda
1650 2440 1839 2480 eorum

237 2514 405 2587 (Ibid.
438 2514 493 2583 8,
525 2515 605 2586 9).
636 2540 656 2564 ι
702 2515 1027 2590 Quicunque
1058 2533 1185 2590 ergo
1214 2517 1348 2572 istos
1372 2514 1665 2572 imitantur
1698 2513 1837 2588 (94),

236 2601 299 2659 in
330 2601 503 2674 ﬁgura
540 2603 740 2677 lapidis
762 2605 999 2680 jaspidis
1029 2607 1410 2663 continentur.

316 2699 581 2755 Secundus
635 2703 939 2773 sapphirus.
1007 2701 1310 2775 Sapphirus
1367 2699 1586 2757 carnlei
1642 2698 1841 2757 coloris

236 2796 344 2857 est,
375 2788 519 2845 sicut
548 2788 890 2861 hyacinthus
924 2808 935 2845 :
968 2790 1062 2846 sed
1093 2797 1274 2862 guttas
1300 2790 1465 2846 habet
1495 2789 1838 2844 intermistas

235 2877 485 2951 ejusdem
515 2878 737 2947 coloris,
771 2878 865 2934 sed
896 2878 1174 2951 nigrioris.
1209 2879 1485 2935 Videntur
1505 2878 1668 2934 etiam
1702 2877 1840 2932 mihi

236 2983 338 3041 per
367 2967 517 3023 hunc
554 2967 790 3040 lapidem
821 2969 1110 3024 saeculares
1138 2968 1364 3041 quidam
1402 2966 1511 3023 viri
1540 2966 1839 3044 designari,

240 3056 490 3115 calestia
521 3055 746 3129 quidem
775 3055 1167 3126 desiderantes,
1200 3056 1295 3112 sed
1325 3056 1383 3112 in
1415 3056 1601 3112 saeculi
1631 3055 1844 3112 actibus

239 3146 427 3202 adhuc
454 3145 727 3216 occupati,
758 3161 827 3201 ex
857 3162 964 3219 qua
1007 3145 1365 3218 occupatione
1408 3146 1667 3219 quasdam
1715 3161 1883 3225 ma-\

1951 1970 2078 2028 ﬁcio
2113 1968 2355 2027 civitatis
2388 1977 2587 2025 sancta
2615 1967 2872 2040 quintum
2904 1968 3087 2023 locum
3117 1968 3396 2025 obtinent.

2024 2068 2211 2123 Sea-tus
2240 2065 2479 2122 sardius.
2513 2064 2740 2121 Sardius
2768 2064 2911 2120 fulvi
2949 2065 3152 2121 coloris
3190 2073 3293 2135 est,
3324 2066 3418 2138 qui
3444 2081 3543 2138 pro

1952 2172 2016 2212 eo
2061 2155 2209 2229 quod
2239 2155 2298 2210 in
2329 2153 2703 2211 rubicundum
2744 2154 2986 2210 colorem
3017 2154 3425 2227 aliquantulum
3454 2154 3543 2211 de-

1951 2248 2159 2303 clinare
2202 2246 2442 2314 videtur,
2492 2260 2786 2318 parumper
2819 2244 3164 2302 obscuratur.
3193 2247 3296 2303 Per
3325 2245 3543 2301 fulvum

1952 2336 2136 2411 itaque
2165 2337 2425 2405 colorem,
2461 2334 2557 2408 qui
2586 2350 2751 2391 aureo
2782 2333 2956 2390 colori
2991 2336 3414 2409 appropinquat,
3444 2333 3541 2390 tri-

1950 2423 2263 2481 bulationes
2289 2438 2423 2496 quas
2450 2421 2625 2479 sancti
2653 2422 2721 2478 ab
2752 2420 3007 2479 hostibus
3030 2424 3400 2495 pertulerunt,
3434 2420 3544 2477 de-

1951 2514 2237 2587 signantur
2269 2531 2281 2568 :
2314 2512 2517 2568 rubens
2549 2528 2683 2567 vero
2720 2513 2873 2569 color
2911 2512 3239 2585 martyrium
3269 2510 3537 2583 designat.

1949 2605 2052 2660 Per
2081 2602 2324 2660 sardium
2353 2602 2524 2674 igitur
2552 2601 2728 2658 sancti
2755 2609 2809 2657 et
2845 2600 3073 2673 perfecti
3094 2600 3200 2657 viri
3240 2599 3543 2671 designan-

1950 2704 2059 2764 tur,
2093 2699 2188 2768 qui
2214 2702 2338 2766 post
2375 2693 2772 2766 experientiam
2810 2692 3061 2747 omnium
3091 2690 3385 2757 virtutum,
3418 2698 3541 2762 post

1948 2786 2192 2843 diversas
2219 2783 2643 2857 persecutiones,
2674 2792 2794 2856 post
2824 2782 3092 2838 immania
3114 2788 3392 2837 tormenta
3417 2797 3539 2854 qua

1950 2878 2017 2934 ab
2047 2876 2288 2933 inimicis
2333 2877 2697 2948 pertulerunt,
2737 2875 2805 2931 ad
2850 2874 3103 2947 martyrii
3131 2875 3369 2947 palmam
3408 2889 3542 2946 per-

1952 2966 2142 3023 venire
2184 2973 2507 3022 mernernnt
2540 2982 2551 3021 :
2586 2965 2680 3037 qui
2727 2980 2838 3020 non
2887 2963 3187 3035 incongrue
3222 2963 3281 3019 in
3321 2960 3541 3019 senario

1953 3074 2204 3126 numero,
2233 3056 2326 3129 qui
2374 3056 2647 3127 perfectus
2677 3062 2779 3124 est,
2826 3061 3142 3127 ponuntur;
3186 3053 3315 3125 quia
3341 3060 3395 3109 et
3431 3051 3542 3108 vir-

1956 3148 2167 3205 tutibus
2195 3145 2423 3218 perfecti
2455 3145 2808 3214 exstiterunt,
2863 3153 2918 3200 et
2946 3142 3121 3216 ipsam
3150 3142 3539 3215 perfectionem

237 3238 394 3295 culas
439 3235 763 3293 contrahere
803 3234 1084 3293 videntur.
1131 3236 1239 3304 Qui
1284 3252 1382 3309 pro
1430 3254 1493 3292 eo
1537 3235 1685 3308 quod
1726 3252 1839 3291 om-
1869 3249 1914 3311 ο
1955 3238 2221 3309 martyrio
2242 3242 2598 3291 ornaverunt.
2979 3256 2988 3263 ·

234 3326 406 3383 nibus
459 3326 607 3384 curis
654 3325 898 3382 coelestia
938 3333 1299 3398 anteponunt,
1330 3325 1455 3383 coeli
1510 3325 1711 3381 habere
1754 3342 1841 3382 co-

235 3419 414 3474 lorem
445 3415 708 3473 dicuntur
738 3435 749 3473 ς
783 3416 879 3491 qui
916 3416 976 3473 in
1014 3418 1256 3474 secundo
1303 3434 1536 3474 numero
1584 3416 1708 3473 ideo
1749 3432 1841 3488 po-

236 3513 470 3575 nuntur,
504 3506 633 3580 quia
663 3509 839 3563 Deum
868 3523 1030 3580 super
1060 3507 1268 3578 omnia,
1299 3514 1354 3564 et
1390 3506 1673 3581 proximos
1700 3506 1844 3563 sicut

235 3601 448 3675 seipsos
477 3601 701 3658 student
729 3601 979 3675 diligere.

321 3701 529 3760 Tertius
558 3702 944 3758 Chalcedonius.
986 3700 1388 3759 Chalcedonius
1417 3700 1652 3758 rubeam
1678 3700 1843 3757 habet

238 3791 508 3859 colorem,
557 3792 651 3849 sed
700 3800 879 3849 tamen
927 3792 1242 3863 obscurum,
1295 3792 1404 3849 nisi
1447 3791 1691 3849 cavendo
1712 3799 1843 3849 atte-

239 3890 449 3941 nuetnr
483 3901 494 3940 :
530 3884 649 3956 ipsa
694 3900 827 3940 vero
867 3885 1181 3942 concavitas
1215 3883 1651 3957 pulcherrimum
1684 3884 1844 3940 colo-

240 3989 362 4029 rem
411 3980 465 4029 et
516 3973 884 4046 gratissimum
946 3975 996 4029 ei
1047 3974 1279 4030 confert.
1331 3973 1614 4045 Signiﬁcat
1662 3980 1843 4029 autem

243 4074 302 4123 et
333 4066 435 4123 iste
485 4067 772 4122 sacnlares
814 4066 1079 4138 quosdam
1125 4066 1296 4134 viros,
1340 4064 1436 4138 qui
1478 4071 1694 4137 quanta
1725 4080 1844 4120 san-

243 4157 453 4215 ctitatis
479 4165 604 4213 ante
634 4156 1034 4229 persecutionis
1072 4162 1289 4228 tempus
1333 4153 1560 4222 fuerint,
1592 4153 1846 4209 homines

246 4246 413 4306 latuit
454 4246 587 4303 :sed
646 4262 677 4301 a
720 4244 1161 4318 persecutoribus
1208 4245 1322 4301 suis
1352 4243 1586 4300 diversis
1620 4242 1846 4299 tribula-

247 4336 497 4393 tionibus
541 4336 831 4402 attenuati,
877 4343 1114 4408 quantus
1153 4335 1412 4408 splendor
1453 4333 1760 4391 sanctitatis
1789 4334 1844 4390 in

248 4428 333 4486 eis
362 4424 603 4493 latuerit,
634 4424 849 4481 cunctis
877 4424 1055 4496 patuit
1093 4442 1105 4481 :
1136 4425 1231 4497 qui
1263 4441 1375 4480 non
1396 4425 1849 4481 inconvenienter

250 4520 313 4576 in
349 4516 511 4573 tertio
553 4516 674 4571 loco
706 4521 990 4587 ponuntur
1030 4532 1044 4581 ;
1105 4530 1169 4570 eo
1213 4514 1361 4588 quod
1402 4515 1462 4569 in
1506 4515 1849 4573 confessione

2024 3336 2286 3408 Septimus
2330 3334 2700 3405 Chrysolithus.
2751 3330 3141 3405 Chrysolithus
3168 3335 3319 3383 totus
3346 3341 3545 3382 aureus

1952 3433 2053 3494 est,
2085 3434 2140 3481 et
2183 3440 2323 3496 sape
2372 3439 2468 3496 per
2513 3438 2709 3478 aurum
2760 3420 3028 3493 sapientia
3068 3416 3403 3489 designatur.
3443 3415 3546 3470 Per

1952 3511 2360 3586 chrysolithnm
2410 3528 2537 3584 ergo
2582 3511 2855 3583 sapientes
2895 3508 2953 3563 in
2999 3504 3247 3564 Ecclesia
3274 3503 3385 3559 viri
3439 3502 3545 3558 de-

1952 3608 2267 3680 signantur,
2330 3606 2426 3679 qui
2475 3611 2699 3678 propter
2734 3603 3005 3674 fulgorem
3065 3595 3345 3670 sapientia
3392 3591 3543 3649 aurei

1954 3696 2099 3770 apud
2133 3695 2387 3752 homines
2424 3702 2568 3752 recte
2596 3693 2708 3749 dici
2739 3698 3004 3766 possunt;
3054 3687 3148 3763 qui
3178 3691 3546 3759 congruenter

1954 3787 2012 3842 in
2046 3786 2276 3859 septimo
2316 3786 2438 3843 loco
2489 3792 2812 3858 ponuntur;
2863 3797 2928 3839 eo
2971 3780 3116 3856 quod
3145 3784 3351 3852 septem
3385 3775 3546 3833 donis

1952 3876 2190 3949 Spiritus
2221 3875 2394 3933 sancti
2441 3875 2658 3948 repleti,
2705 3873 2910 3929 multos
2953 3869 3139 3927 verbis
3180 3875 3236 3924 et
3278 3863 3547 3937 exemplis

1952 3967 2021 4023 ab
2043 3965 2345 4051 iniquitate.
2359 3963 2663 4022 averterint
2676 4008 2689 4022 .

2029 4076 2253 4131 Octavus
2282 4074 2533 4145 beryllus.
2565 4070 2821 4143 Beryllus
2856 4067 3075 4125 eximia
3116 4063 3386 4123 claritatis
3440 4069 3542 4132 est,

1954 4164 2246 4222 caruleum
2300 4164 2538 4220 colorem
2599 4160 2810 4217 habens
2878 4156 3212 4221 admistum;
3273 4150 3548 4225 signiﬁcat

1954 4261 2136 4309 autem
2177 4267 2327 4324 pura
2364 4251 2494 4307 vita
2539 4249 2814 4315 homines,
2852 4253 2903 4302 et
2938 4262 2970 4301 a
2998 4244 3187 4301 saculi
3215 4242 3425 4300 actibus
3454 4259 3551 4315 per

1956 4344 2144 4400 omnia
2184 4342 2393 4398 alienos
2427 4360 2439 4398 :
2480 4341 2574 4414 qui
2603 4357 2673 4396 ne
2702 4337 3010 4395 claritatem
3047 4336 3178 4392 vita
3222 4351 3332 4391 sua
3361 4334 3548 4407 aliquo

1958 4432 2121 4488 modo
2151 4432 2509 4499 macularent,
2540 4429 2704 4486 etiam
2727 4444 2758 4482 a
2779 4424 3056 4483 consortio
3085 4429 3407 4481 caterorum
3438 4421 3550 4478 ho-

1958 4521 2173 4576 minum
2222 4520 2553 4594 sequestrari
2601 4517 2896 4573 valuerunt
2929 4532 2941 4570 :
2976 4528 3211 4587 quorum
3241 4512 3461 4568 claritas
3491 4508 3549 4564 in

251 4614 453 4666 sancta
479 4604 766 4662 Trinitatis
792 4604 1173 4678 perdurantes,
1218 4603 1286 4661 ad
1316 4604 1569 4678 martyrii
1608 4605 1845 4679 palmam
1881 4616 1930 4677 D
1962 4611 2257 4668 caruleum
2312 4611 2553 4666 colorem
2581 4606 2933 4673 vertebatur;
2991 4603 3121 4677 quia
3158 4603 3296 4658 calo
3339 4615 3552 4672 semper

254 4695 543 4770 pervenire
573 4694 896 4751 meruerint.

330 4798 565 4866 Quartus
617 4795 950 4868 zmaragdus.
1007 4793 1245 4850 Eximia
1293 4792 1727 4867 pulchritudinis
1772 4802 1851 4851 at-

256 4904 363 4962 que
406 4887 711 4945 viriditatis
748 4894 850 4954 est,
900 4885 959 4941 in
1005 4892 1217 4942 tantum
1261 4894 1325 4942 ut
1366 4901 1431 4940 ea
1459 4900 1579 4957 qua
1621 4884 1768 4941 circa
1794 4901 1851 4941 se

257 4985 407 5047 sunt,
437 4994 538 5035 sua
566 4975 847 5033 viriditate
876 4974 1107 5031 inﬁciat.
1141 4973 1425 5047 Signiﬁcat
1447 4981 1630 5029 autem
1658 4972 1851 5046 pradi-

258 5077 470 5127 catores
497 5073 734 5135 sanctos,
755 5065 849 5138 qui
866 5073 920 5121 et
943 5064 1050 5120 ﬁde
1071 5063 1297 5131 virides,
1320 5070 1374 5119 et
1397 5063 1701 5120 virtutibus
1721 5080 1852 5136 pra-

259 5157 418 5225 clari,
473 5155 819 5229 splendorem
867 5170 979 5210 sua
1025 5153 1153 5209 ﬁdei
1200 5152 1551 5225 praedicando
1605 5153 1854 5209 circum-

261 5262 476 5321 quaque
525 5251 841 5319 sparserunt
875 5262 887 5301 :
920 5243 1016 5317 qui
1071 5243 1195 5300 ideo
1252 5242 1310 5297 in
1361 5251 1553 5316 quarto
1609 5244 1731 5300 loco
1762 5260 1853 5316 po-

262 5344 494 5404 nuntur,
521 5353 585 5393 eo
613 5336 760 5410 quod
788 5334 1095 5392 doctrinam
1127 5332 1435 5406 Evangelii,
1468 5349 1589 5406 qua
1618 5332 1678 5388 in
1711 5348 1856 5406 qna-

172 5568 179 5571 _
342 5497 457 5571 (93)
485 5499 565 5571 Ita
591 5513 719 5571 mss.
750 5515 766 5567 ;
807 5494 940 5554 edit.
971 5502 1176 5565 autem,
1206 5496 1387 5569 Jaspis
1412 5512 1533 5551 vero
1561 5494 1755 5552 uiridis
1796 5511 1858 5550 ac

265 5568 427 5644 spissi
442 5568 643 5644 (ceteris
671 5576 761 5626 est.

341 5641 458 5715 (94)
491 5641 694 5715 Omnes
725 5642 883 5709 edit.,
909 5642 1075 5698 Deum
1107 5641 1389 5696 imitantur
1418 5658 1432 5708 ;
1475 5656 1668 5696 omnes
1696 5654 1853 5705 mss.,

266 5712 394 5772 istas
421 5712 719 5768 imitantur.

343 5786 460 5859 (95)
508 5782 729 5841 Eadem
773 5782 930 5855 edit.,
976 5784 1337 5857 designantur.
1384 5784 1525 5853 Quia
1562 5782 1728 5856 igitur
1761 5796 1861 5853 per

1958 4701 2180 4770 intenti,
2242 4699 2543 4770 angelicam
2594 4695 2767 4751 vitam
2823 4692 2967 4749 inter
3023 4689 3276 4746 homines
3326 4687 3553 4746 duxisse

1956 4790 2427 4863 comprobantur:
2462 4785 2554 4860 qui
2601 4800 2714 4840 non
2764 4780 3224 4838 inconvenienter
3266 4780 3325 4835 in
3355 4787 3553 4836 octavo

1959 4882 2079 4939 loco
2110 4887 2423 4954 ponuntur;
2449 4876 2535 4933 bis
2558 4888 2791 4945 namque
2813 4870 3063 4944 quaterni
3095 4868 3236 4925 ﬁunt
3256 4876 3380 4926 octo
3408 4869 3549 4940 (96).

1959 4968 2380 5039 Quaternarium
2428 4966 2612 5035 itaque
2668 4975 2959 5016 numerum
3002 4958 3098 5014 isti
3142 4957 3549 5029 impleverunt;

1963 5060 2092 5133 quia
2121 5054 2409 5126 Evangelii
2440 5057 2770 5125 praceptum
2800 5046 2973 5104 secuti
3002 5052 3150 5115 sunt,
3192 5045 3339 5119 quod
3367 5044 3504 5101 dicit
3537 5063 3550 5102 :

1976 5174 1995 5198 ι
2032 5148 2206 5215 Vade,
2235 5144 2410 5201 vende
2439 5140 2625 5199 omnia
2653 5156 2774 5213 qua
2802 5137 2993 5207 habes,
3024 5144 3080 5194 et
3106 5135 3175 5193 da
3203 5134 3550 5209 pauperibus,

1962 5246 2016 5294 et
2042 5235 2270 5293 habebis
2316 5234 2636 5289 thesaurum
2665 5230 2723 5285 in
2754 5228 2915 5296 calo,
2943 5235 2997 5283 et
3028 5227 3177 5295 veni,
3214 5241 3437 5298 sequere
3469 5241 3554 5281 me

1966 5327 2179 5402 (Matth.
2235 5339 2355 5391 xix,
2404 5320 2520 5392 21).
2563 5344 2582 5368 ι
2634 5316 3055 5386 Quaternarium
3110 5329 3403 5370 numerum
3457 5312 3557 5370 du-

1964 5486 2192 5559 quinque
2214 5501 2392 5561 sensus
2419 5482 2686 5561 corporis;
2729 5488 2921 5561 contra
2949 5492 3080 5561 vero
3108 5474 3297 5534 cuncti
3326 5489 3457 5530 mss.
3494 5472 3555 5530 in

1965 5554 2206 5615 nostram
2239 5554 2644 5613 restitutionem
2678 5554 3046 5608 consentiunt.

2041 5629 2177 5702 (96)
2215 5629 2312 5685 Bis
2360 5640 2585 5698 namque
2631 5622 2878 5696 quaterni
2929 5621 3066 5693 ﬁunt
3108 5624 3241 5688 octo,
3299 5633 3370 5674 ex
3424 5633 3555 5674 mss.

1968 5701 2299 5760 restituitur.
