3964 6376
511 353 648 412 1043

1521 352 1618 410 AD
1654 351 1892 412 OPEBA
1923 351 1983 408 S.
2023 347 2356 408 AMBROSII
2386 345 2766 406 APPENDIX.

3672 348 3816 408 ιω

509 480 886 552 plicaverunt;
919 477 1050 552 quia
1075 476 1146 536 ad
1165 480 1312 542 583
1331 477 1476 536 idem
1493 476 1846 552 perfectionis
1871 475 2093 534 culmen
2121 478 2173 538 Α
2199 473 2387 532 uarius
2441 471 2641 546 quippe
2688 485 2950 530 numerus
2997 469 3206 528 dividit
3247 477 3304 528 et
3347 469 3568 544 perficit
3613 489 3818 532 omnes

507 581 715 637 multos
759 579 897 634 alios
925 593 1108 634 secum
1141 575 1507 634 conscendere
1533 581 1842 633 suaserunt.

576 670 763 728 Nouus
779 667 1042 741 topazius.
1065 667 1332 740 Topazius
1349 666 1474 722 aerei
1490 665 1750 739 aureique
1767 662 1970 721 coloris
1985 677 2100 718 esse

509 757 736 826 dicitur,
753 756 922 830 jubar
967 773 1129 812 suum
1167 756 1593 829 circumquaque
1639 769 1914 827 spargens.
1947 751 2100 824 Saepe

507 862 608 922 per
635 863 834 906 aurum
867 847 1082 921 probati
1107 846 1238 915 viri,
1277 845 1372 918 qui
1399 845 1525 918 igne
1559 842 1936 900 tribulationis
1964 857 2102 914 pro-

508 933 732 1004 bantur,
765 935 1150 1009 designantur:
1184 934 1426 1007 ipsaaque
1451 932 1842 990 tribulationes
1867 930 2099 988 diversa:

510 1032 680 1092 sunt;
712 1023 1009 1098 aliquando
1037 1040 1272 1096 namque
1301 1023 1476 1080 sancti
1520 1021 1627 1078 viri
1653 1021 1890 1078 diversis
1911 1027 2102 1076 tenta—

510 1113 760 1186 tionibus
788 1129 922 1186 quas
962 1128 996 1168 a
1037 1111 1381 1181 daemonibus
1411 1111 1719 1184 patiuntur,
1750 1107 2054 1183 probantur
2082 1123 2094 1162 :

511 1200 808 1274 aliquando
838 1216 934 1272 per
961 1200 1368 1268 tribulationes,
1400 1217 1520 1274 quae
1551 1198 1631 1256 eis
1662 1215 1695 1255 a
1743 1197 1902 1254 malis
1925 1195 2100 1253 homi-

507 1291 676 1347 nibus
704 1291 1064 1364 ingeruntur;
1113 1289 1412 1364 aliquando
1442 1305 1538 1362 per
1585 1288 1936 1356 aﬂlictiones,
1967 1303 2102 1360 quas

512 1381 615 1454 ipsi
665 1379 773 1437 sibi
805 1381 1102 1453 ingerunt;
1161 1379 1458 1454 aliquando
1513 1379 1746 1452 ﬂagellis
1791 1379 1890 1436 Dei
1938 1378 2102 1434 etiam

488 1516 498 1521 _
511 1469 839 1546 probantur,
885 1477 940 1526 et
981 1487 1078 1543 per
1123 1471 1318 1527 activae
1348 1469 1477 1526 vitae
1517 1469 1797 1527 exercitia.
1829 1468 2105 1526 Videntur

512 1560 703 1633 itaque
732 1559 872 1616 mihi
901 1577 996 1634 per
1025 1559 1261 1633 lapidem
1295 1559 1568 1633 topazium
1607 1558 1650 1615 ii
1677 1557 1976 1631 designari,
2007 1557 2102 1632 qui

513 1650 668 1722 prius
715 1666 811 1722 per
855 1649 1048 1706 activa:
1107 1649 1224 1722 (97)
1283 1649 1412 1706 vitae
1467 1666 1632 1722 opera
1685 1649 2021 1721 probantur;
2051 1655 2105 1704 et

513 1745 703 1809 postea
727 1744 1012 1794 transeunt
1040 1737 1761 1810 ad'contemplativamJlle
1790 1737 1938 1794 enim
1959 1754 2106 1794 com-

512 1826 721 1898 petenti
747 1827 918 1900 gradu
946 1828 1014 1886 ad
1039 1827 1527 1902 contemplativam
1556 1826 1726 1882 vitam
1760 1825 2102 1894 conscendit,

513 1917 608 1988 qui
681 1917 838 1990 prius
913 1934 1012 1992 per
1067 1919 1264 1976 activa;
1328 1919 1458 1976 vitae
1523 1917 1790 1976 exercitia
1848 1917 2110 1990 probatus

513 2005 720 2074 fuerit;
762 2023 891 2062 nam
921 2008 1018 2080 qui
1044 2008 1229 2065 subito
1256 2009 1327 2066 ad
1354 2007 1796 2080 contemplativa
1827 2007 1954 2064 vitae
1985 2008 2110 2065 cel-

515 2093 814 2152 situdinem
845 2097 964 2152 sine
991 2097 1272 2154 exercitiis
1315 2099 1509 2154 activae
1539 2098 1668 2154 vitae
1696 2097 1916 2166 transit,
1948 2095 2110 2154 facile

515 2185 740 2242 labitur.
761 2187 921 2254 Quod
941 2195 1122 2244 autem
1144 2189 1238 2247 hic
1257 2189 1394 2262 lapis
1413 2189 1594 2245 radios
1615 2205 1744 2245 suos
1763 2189 2109 2262 circumqua-

516 2291 622 2350 que
656 2291 908 2348 spargere
932 2276 1159 2347 dicitur,
1204 2277 1480 2349 significat
1516 2277 1642 2334 illos
1671 2277 1842 2346 viros,
1891 2276 1986 2350 qui
2016 2293 2112 2350 per
2155 2335 2158 2338 ,

517 2381 642 2422 eum
661 2365 1097 2440 designantur,et
1114 2368 1183 2425 ad
1212 2369 1404 2426 activae
1429 2369 1558 2427 vitae
1581 2387 1747 2443 opera
1765 2369 2111 2443 praedicando

518 2455 721 2510 multos
749 2457 1104 2528 pertraxisse,
1132 2467 1187 2514 et
1212 2458 1283 2515 ad
1315 2459 1758 2532 contemplativa;
1787 2460 1916 2515 vita)
1954 2459 2110 2516 celsi-

518 2542 767 2600 tudinem
798 2546 1004 2602 multos
1039 2547 1204 2603 etiam
1243 2548 1675 2616 secumduxisse
1706 2567 1720 2616 ;
1753 2549 1851 2622 qui
1877 2565 1990 2606 non
2009 2549 2114 2604 in-

517 2647 757 2704 congrue
811 2633 871 2690 in
915 2651 1062 2692 nono
1101 2637 1233 2694 loco
1279 2646 1598 2710 ponuntur:
1650 2647 1733 2694 ter
1769 2638 1917 2694 enim
1964 2636 2112 2694 terni

519 2719 670 2777 ﬁunt
705 2737 929 2780 novem.
971 2723 1160 2781 Sancti
1198 2741 1325 2798 ergo
1355 2725 1462 2780 viri
1491 2727 1587 2800 qui
1618 2734 1840 2799 propter
1865 2741 2111 2782 amorem

522 2817 724 2867 sanctae
745 2811 1030 2870 Trinitatis
1051 2813 1110 2870 in
1130 2813 1324 2870 activae
1345 2813 1472 2871 vitae
1492 2814 1654 2871 bonis
1684 2814 1940 2887 operibus
1961 2814 2114 2887 prius

525 2898 832 2972 aﬂligentes
849 2903 1189 2974 semetipsos,
1209 2903 1324 2960 suis
1340 2903 1822 2962 exhortationibus
1843 2920 2113 2978 quoscun-

522 3005 629 3062 que
661 2998 979 3064 potuerunt,
1009 2993 1082 3048 ad
1107 3009 1262 3050 suam
1289 2993 1658 3050 imitationem
1688 3001 2110 3065 pertraxerunt;

521 3084 576 3132 et
606 3077 806 3134 iterum
829 3079 896 3134 ad
921 3080 1398 3152 contemplandam
1429 3078 1675 3153 ejusdem
1701 3089 1902 3138 sanctae
1933 3081 2112 3138 Trini-

519 3164 653 3258 tatis
681 3163 1032 3223 divinitatem
1059 3169 1509 3258 conscendentes,
1541 3170 1745 3226 multos
1776 3185 1963 3226 secum
1993 3187 2112 3242 per-
2143 3196 2189 3258 ρ

519 3251 938 3322 duxerunt,non
954 3253 1408 3314 inconvenienter
1425 3259 1485 3314 in
1507 3274 1654 3314 nono
1669 3259 1788 3315 loco
1805 3267 2110 3332 ponuntur;

520 3353 586 3396 eo
641 3341 787 3413 quod
841 3344 1110 3400 talentum
1161 3345 1308 3419 quod
1360 3362 1392 3402 a
1445 3345 1685 3403 Domino
1731 3357 2112 3418 perceperunt,

520 3445 633 3486 non
685 3431 866 3488 solum
903 3433 1348 3506 duplicaverunt,
1405 3434 1500 3492 sed
1558 3443 1612 3492 et
1665 3435 2112 3510 triplicaverunt.

588 3527 832 3584 Decimus
869 3530 1268 3604 chrysoprasus.
1311 3532 1716 3606 Chrysoprasus
1753 3534 1891 3608 lapis
1919 3533 2116 3591 viridis

519 3617 779 3691 aureique
821 3617 1024 3676 coloris
1057 3637 1173 3677 esse
1202 3618 1524 3695 perhibetur
1556 3641 1568 3680 :
1606 3622 1702 3697 qui
1740 3640 1838 3697 pro
1868 3639 1933 3680 eo
1968 3623 2116 3698 quod

519 3705 579 3762 in
605 3705 820 3762 decimo
848 3708 970 3766 loco
991 3709 1237 3782 ponitur,
1268 3729 1559 3785 possumus
1578 3730 1674 3786 per
1691 3729 1816 3770 eum
1847 3713 2114 3788 quosdam

519 3793 770 3854 doctores
795 3797 1056 3857 Ecclesiae
1086 3800 1416 3874 intelligere,
1446 3805 1542 3878 qui
1573 3813 1627 3861 et
1657 3803 1840 3860 verbis
1885 3804 1945 3860 in
1983 3819 2117 3862 cor-

519 3887 747 3960 poribus
793 3890 958 3962 positi
1006 3895 1212 3952 multos
1243 3895 1572 3963 docuerunt,
1615 3905 1672 3953 et
1709 3896 1888 3953 multo
1931 3897 2117 3968 plures

521 3975 638 4033 suis
684 3979 905 4051 scriptis
950 3981 1276 4040 erudierunt
1318 3991 1372 4040 et
1404 3985 1668 4041 erudiunt
1696 3983 1943 4058 quotidie
1973 3983 2115 4056 (98),

473 4073 497 4084 “
519 4075 582 4122 ut
630 4065 854 4124 fuerunt
905 4067 1300 4144 Hieronymus,
1332 4071 1695 4145 Augustinus,
1725 4071 2018 4144 Gregorius
2062 4080 2117 4128 et

520 4155 684 4210 multi
722 4155 850 4222 alii;
890 4158 985 4228 qui
1015 4159 1179 4214 etiam
1218 4167 1275 4214 et
1303 4159 1516 4216 lumina
1538 4159 1799 4216 Ecclesiae
1829 4167 1978 4216 recte
2005 4159 2116 4216 dici

515 4247 749 4313 possunt
781 4259 792 4296 :
827 4241 922 4314 qui
951 4260 1050 4316 per
1088 4245 1328 4302 viridem
1370 4253 1423 4302 et
1462 4263 1692 4302 aureum
1730 4245 1972 4302 colorem
2011 4247 2116 4304 de-

517 4328 842 4399 signantur;
885 4345 949 4386 eo
997 4331 1146 4404 quod
1186 4331 1485 4390 viriditate
1517 4333 1646 4390 ﬁdei
1691 4332 1901 4390 fuerint
1945 4334 2112 4404 ﬁrmi,

519 4424 573 4473 et
600 4416 888 4490 sapientia,
919 4429 982 4477 ut
1011 4437 1207 4477 aurum
1249 4421 1470 4494 fulgidi.
1502 4423 1606 4480 Per
1651 4421 1939 4481 denarium
1985 4442 2116 4483 vero

518 4523 810 4564 numerum
840 4517 999 4567 vetus
1029 4510 1460 4584 Testamentum,
1492 4520 1715 4585 propter
1745 4512 1935 4570 decem
1964 4515 2114 4572 vide-

516 4597 647 4656 licet
674 4609 942 4674 praecepta
971 4599 1149 4674 Legis,
1180 4617 1472 4674 possumus
1501 4603 1828 4676 intelligere.
1870 4605 1942 4660 Et
1984 4607 2114 4680 quia

518 4697 684 4746 vetus
711 4689 1120 4747 Testamentum
1159 4689 1278 4746 sine
1321 4690 1572 4750 doctrina
1606 4693 1742 4749 novi
1781 4693 2113 4751 Testamenti

513 4780 702 4836 nullus
730 4779 1036 4854 intelligere
1069 4789 1268 4854 potest,
1301 4799 1366 4840 eo
1409 4784 1555 4856 quod
1595 4784 1862 4856 spiritalis
1891 4783 2111 4840 intelli-

513 4869 697 4942 gentia
747 4869 805 4924 in
842 4870 1016 4924 veteri
1048 4869 1398 4926 Testamento
1439 4871 1582 4926 nihil
1627 4871 1700 4928 sit
1738 4869 1912 4941 aliud,
1945 4887 2111 4945 quam

509 4973 720 5014 novum
753 4959 1194 5027 Testamentum;
1247 4976 1362 5016 non
1407 4960 1868 5025 inconvenienter
1907 4961 1965 5017 in
2005 4959 2109 5016 de-

509 5049 656 5106 cimo
711 5047 834 5105 loco
883 5056 1187 5120 ponuntur,
1243 5063 1308 5104 eo
1363 5049 1511 5121 quod
1567 5049 1853 5106 scientiam
1907 5050 2110 5108 veteris

507 5135 846 5194 Testamenti
875 5149 940 5192 ac
969 5135 1102 5192 novi
1128 5135 1503 5208 plenissimam
1549 5137 1866 5196 habuerint.
1899 5140 2110 5196 Possu-

507 5239 631 5280 mus
667 5229 722 5278 et
764 5221 1051 5280 denarium
1097 5237 1389 5280 numerum
1427 5224 1590 5282 aliter
1635 5225 1978 5300 intelligere;
2016 5223 2106 5284 de-

575 5423 693 5496 (97)
715 5424 853 5496 Mss.
875 5425 1044 5496 etiam
1064 5422 1331 5496 omnibus
1360 5422 1592 5496 debetur
1629 5424 1747 5484 haec
1775 5425 2058 5483 restitutio
2087 5444 2100 5483 :

500 5493 568 5569 in_
585 5493 720 5550 edit.
769 5493 925 5569 enim
946 5494 1245 5569 legebatur,
1275 5494 1370 5566 qui
1403 5497 1722 5569 perAactivaz
1767 5498 1906 5569 vitae,
1935 5515 2102 5569 opera

497 5565 1049 5689 ad‘contenttpiativam
1075 5567 1240 5622 vitam
1278 5565 1651 5634 conscendunt,
1688 5569 1782 5640 qui
1812 5565 1981 5641 prius
1995 5585 2100 5640 per

496 5653 558 5691 ac
585 5652 702 5691 ww.
733 5652 762 5690 e
789 5652 838 5691 c.

571 5705 687 5774 (98)
719 5705 800 5760 Ita
826 5721 992 5774 mss.;
1027 5707 1159 5764 edit.
1191 5723 1346 5779 vero,
1364 5714 1414 5766 et
1432 5708 1702 5767 erudiunt.
1733 5710 1838 5780 Qui
1865 5710 2024 5768 etiam
2047 5716 2096 5768 et

2210 578 2468 619 numeros
2497 577 2510 616 :
2543 560 2620 618 ita
2647 569 2704 618 et
2726 561 2839 634 _isti
2869 560 3184 617 diviserunt
3209 559 3622 636 quodammodo
3655 561 3817 620 Scri-

2210 663 2418 728 pturas,
2447 669 2574 710 cum
2603 668 2694 710 eas
2719 651 3047 724 exponendo
3089 667 3186 724 per
3227 652 3530 710 sententias
3559 659 3616 709 et
3639 653 3816 712 libros

2213 742 2406 817 partiti
2437 751 2568 801 sunt
2598 758 2610 798 :
2645 741 3043 798 ordinaverunt
3083 757 3192 810 eas,
3224 757 3350 798 cum
3389 757 3577 798 earum
3607 741 3818 800 obscu-

2211 832 2400 890 ritates
2425 838 2756 906 aperuerunt
2789 848 2803 898 ;
2844 838 2898 887 et
2935 847 3055 904 quae
3103 829 3420 888 inordinata
3456 831 3814 902 videbantur,

2211 936 2376 996 quam
2404 927 2616 976 rectum
2645 918 2896 980 ordinem
2927 917 3247 990 habuerint,
3272 919 3814 978 manifestaverunt:

2211 1009 2558 1082 perfecerunt
2583 1015 2789 1074 autem,
2817 1023 2945 1064 cum
2977 1023 3042 1064 ea
3085 1024 3208 1082 quae
3235 1007 3422 1066 deesse
3453 1007 3814 1079 videbantur,

2213 1099 2632 1170 suppleverunt.

2291 1187 2598 1245 Undecimus
2649 1185 2978 1258 hyacinthus.
3029 1185 3378 1259 Hyacinthus
3421 1185 3578 1258 cujus
3607 1185 3821 1260 species

2214 1274 2582 1349 hyacinthina
2611 1275 2785 1332 colori
2831 1289 3032 1330 nomen
3062 1273 3348 1346 imposuit,
3382 1275 3820 1348 pretiosissimus

2214 1373 2314 1434 est,
2359 1364 2484 1420 coeli
2529 1362 2710 1421 sereni
2757 1363 2997 1420 colorem
3028 1363 3256 1430 habens,
3289 1363 3433 1420 sicut
3472 1363 3772 1436 sapphirus
3803 1380 3814 1419 :

2215 1452 2310 1509 sed
2355 1451 2452 1509 ille
2498 1451 2742 1508 maculas
2793 1451 2976 1520 habet,
3025 1449 3188 1508 istius
3229 1451 3587 1524 pulchritudo
3644 1451 3820 1509 nullis

2218 1541 2448 1599 maculis
2493 1540 2840 1614 deturpatur.
2876 1538 3162 1612 Signiﬁcat
3199 1549 3382 1596 autem
3411 1547 3629 1598 sanctos
3667 1541 3820 1598 viros

2215 1629 2283 1686 ab
2339 1628 2598 1686 omnibus
2649 1627 2905 1685 sordibus
2943 1636 3294 1701 peccatorum
3332 1628 3565 1696 alienos,
3614 1634 3819 1686 terram

2217 1718 2561 1793 corporibus,
2593 1718 2792 1774 caelum
2831 1717 3114 1776 mentibus
3140 1735 3356 1791 semper
3392 1718 3773 1776 inhabitantes
3801 1737 3818 1788 ;

2217 1811 2284 1866 de
2315 1811 2568 1884 qualibus
2611 1811 2718 1867 fuit
2764 1811 3078 1886 Apostolus,
3127 1811 3223 1885 qui
3266 1811 3522 1869 dicebat:
3570 1835 3591 1860 ι
3619 1812 3822 1868 Nostra

2217 1909 2402 1957 autem
2417 1899 2836 1957 conversatioin
2854 1901 3007 1957 caelis
3024 1909 3106 1958 est
3129 1900 3389 1974 (Philipp.
3419 1919 3502 1970 III,
3527 1899 3646 1973 20).
3663 1925 3684 1950 ι
3716 1901 3822 1970 Qui

2219 2006 2332 2046 non
2375 1988 2832 2046 inconvenienter
2877 1988 2936 2044 in
2981 1989 3278 2048 undecimo
3321 1991 3442 2048 loco
3483 1999 3818 2063 ponuntur;

2218 2096 2314 2152 per
2333 2075 2519 2136 decem
2539 2094 2778 2153 namque
2795 2079 3026 2135 scientia
3045 2079 3362 2136 divinarum
3385 2081 3820 2156 Scripturarum,

2218 2167 2362 2224 sicut
2390 2169 2642 2240 superius
2670 2167 2936 2236 diximus,
2962 2165 3078 2240 jam
3109 2167 3468 2244 designatur;
3509 2185 3656 2226 unus
3688 2187 3824 2228 vero

2219 2257 2314 2330 qui
2344 2255 2472 2313 dece
2491 2273 2529 2311 n
2560 2256 2828 2330 sequitur,
2863 2265 2924 2314 ut
2954 2257 3210 2316 undecim
3242 2259 3398 2328 ﬁant,
3429 2260 3498 2317 ad
3525 2260 3696 2316 unius
3723 2261 3824 2319 Dei

2219 2345 2736 2417 contemplationem
2759 2346 3017 2417 pertinet.
3048 2347 3144 2403 Isti
3177 2365 3303 2421 ergo
3333 2348 3508 2406 sancti
3537 2349 3822 2406 decimum

2219 2451 2513 2493 numerum
2567 2435 2684 2507 (99)
2733 2437 3196 2509 compleverunt;
3231 2441 3360 2512 quia
3407 2441 3640 2498 scientia
3679 2442 3822 2500 divi-

2218 2541 2416 2581 narum
2474 2523 2882 2596 Scripturarum
2953 2525 3168 2598 repleti,
3240 2531 3446 2586 multos
3513 2530 3630 2588 suis
3685 2548 3822 2604 prae-

2221 2612 2591 2671 dicationibus
2655 2613 2725 2670 ad
2783 2612 2956 2671 vitam
3037 2624 3296 2673 aeternam
3367 2618 3754 2690 perduxerunt
3807 2637 3820 2678 :

2221 2717 2398 2760 unum
2455 2721 2750 2762 numerum
2817 2707 3231 2780 compleverunt
3282 2727 3297 2777 ;
3378 2711 3508 2784 quia
3563 2711 3624 2768 in
3681 2728 3826 2768 con-

2220 2793 2578 2865 templatione
2607 2794 2707 2851 Dei
2736 2795 3132 2869 omnipotentis
3161 2797 3367 2855 assidui
3416 2799 3642 2856 fuerunt
3676 2817 3690 2854 :
3725 2817 3830 2856 nec

2221 2885 2487 2942 instantia
2531 2887 2938 2960 praedicationis
2980 2905 3012 2945 a
3057 2891 3538 2962 contemplatione,
3595 2907 3702 2948 nec
3729 2909 3830 2948 as-

2226 2975 2386 3031 sidua
2435 2977 2828 3050 contemplatio
2873 2995 2904 3034 a
2949 2978 3337 3052 praedicatione
3380 2996 3472 3037 eos
3527 2979 3767 3036 retraxit
3805 2997 3821 3047 ;

2224 3063 2649 3120 similitudinem
2703 3072 2970 3138 gestantes
3016 3067 3356 3140 angelorum,
3408 3067 3503 3142 qui
3551 3075 3605 3124 et
3651 3083 3832 3140 ange-

2224 3151 2394 3208 licum
2451 3153 2694 3209 oﬂicium
2757 3171 2970 3228 semper
3025 3153 3278 3228 implent,
3349 3161 3404 3211 et
3473 3171 3504 3212 a
3571 3163 3828 3213 contem-

2223 3247 2468 3320 platione
2513 3247 2615 3303 Dei
2660 3248 3056 3321 omnipotentis
3101 3265 3385 3323 nunquam
3438 3247 3606 3305 alieni
3663 3249 3829 3306 exsi-

2223 3345 2396 3393 stunt.
2443 3337 2523 3392 De
2565 3335 2770 3393 talibus
2807 3337 3028 3394 videtur
3065 3337 3205 3393 mihi
3253 3337 3519 3411 propheta
3561 3337 3774 3395 dixisse
3811 3357 3824 3395 :

2238 3447 2258 3472 ι
2287 3424 2453 3480 Labia
2490 3425 2787 3482 sacerdotis
2827 3426 3150 3484 custodiunt
3189 3427 3502 3498 scientiam,
3545 3435 3600 3483 et
3647 3429 3828 3502 legem

2224 3515 2514 3588 requirunt
2543 3530 2614 3570 ex
2639 3531 2731 3570 ore
2759 3515 2878 3588 ejus
2905 3535 2918 3585 ;
2970 3515 3100 3590 quia
3126 3518 3350 3589 angelus
3393 3516 3618 3574 Domini
3653 3534 3829 3574 exer-

2223 3603 2435 3660 cituum
2464 3611 2546 3660 est
2577 3605 2832 3677 (Malach.
2867 3623 2928 3674 ιι,
2963 3607 3042 3678 7).
3066 3631 3084 3654 ι
3117 3608 3196 3662 De
3219 3607 3420 3663 talibus
3448 3607 3558 3663 fuit
3585 3605 3832 3666 Joannes

2223 3691 2488 3764 Baptista,
2521 3691 2589 3748 de
2615 3710 2723 3768 quo
2749 3693 3018 3751 Dominus
3039 3695 3256 3752 dicebat
3286 3713 3298 3751 :
3347 3719 3366 3744 ι
3397 3695 3500 3752 Hic
3519 3703 3601 3752 est
3625 3695 3694 3753 de
3715 3713 3831 3770 quo

2223 3779 2491 3854 scriptum
2539 3790 2621 3838 est
2671 3801 2684 3840 :
2735 3784 2875 3841 Ecce
2933 3783 3094 3839 mitto
3147 3784 3402 3858 angelum
3454 3799 3640 3840 meum
3698 3794 3832 3843 ante

2224 3867 2421 3926 faciem
2473 3877 2648 3939 tuam,
2693 3871 2789 3945 qui
2833 3871 3160 3944 pmpambit
3193 3872 3344 3929 viam
3389 3879 3540 3930 tuam
3585 3883 3716 3932 ante
3769 3885 3822 3932 te

2227 3957 2379 4028 (Luc.
2411 3975 2510 4025 vn,
2541 3959 2656 4030 27).
2697 3984 2716 4006 ι

2294 4047 2644 4102 Duodecimus
2723 4049 3058 4118 amethystus.
3137 4047 3290 4120 Saepe
3359 4063 3458 4120 per
3527 4049 3831 4111 duodena-

2223 4134 2368 4190 rium
2412 4150 2704 4190 numerum
2750 4136 2983 4208 apostoli
3009 4135 3366 4208 designantur
3411 4155 3423 4194 :
3473 4139 3831 4215 amethystus

2225 4238 2354 4278 vero
2385 4237 2692 4294 purpureus
2719 4231 2802 4280 est
2829 4241 2844 4291 ;
2883 4231 2938 4280 et
2965 4225 3172 4280 scimus
3209 4225 3338 4298 quia
3377 4243 3620 4300 purpura
3649 4247 3830 4290 orna-

2223 4323 2471 4370 mentum
2503 4319 2584 4368 est
2615 4315 2813 4386 regale.
2844 4313 2946 4370 Per
2979 4313 3356 4388 amethystum
3388 4315 3557 4390 igitur
3584 4321 3826 4391 apostoli

2223 4419 2522 4476 eorumque
2577 4403 2786 4460 similes
2841 4403 3216 4477 designantur,
3278 4405 3374 4478 qui
3431 4419 3826 4467 ornamentum

2222 4494 2450 4550 fuerunt
2493 4492 2640 4561 Dei;
2687 4493 2818 4566 quia
2863 4509 2988 4550 eum
3035 4509 3129 4566 per
3175 4494 3497 4552 universum
3549 4499 3826 4558 mundum

2143 4557 2192 4618 D
2225 4557 3128 4656 praedicaverunt-Grumentum
3180 4583 3279 4640 Dei
3321 4583 3429 4642 fuit
3479 4585 3697 4658 Petrus,
3751 4589 3823 4645 de

2221 4689 2330 4748 quo
2383 4673 2646 4746 scriptum
2694 4679 2776 4728 est
2829 4672 2977 4746 quod
3032 4671 3417 4730 clarificaverit
3442 4675 3617 4731 Deum
3645 4685 3827 4734 morte

2219 4777 2318 4818 sua
2365 4762 2548 4834 (Joan.
2596 4777 2720 4830 xxr,
2769 4761 2860 4833 19)
2911 4779 2924 4818 :
2964 4759 3223 4818 similiter
3261 4771 3316 4819 et
3357 4764 3538 4819 caeteri
3586 4765 3825 4837 apostoli

2218 4857 2602 4906 ornamentum
2632 4850 2731 4906 Dei
2759 4849 2988 4906 fuerunt
3041 4867 3052 4905 :
3097 4851 3230 4922 quia
3273 4866 3398 4908 eum
3444 4852 3824 4927 pradicando,

2219 4941 2484 4998 miracula
2511 4938 2784 5009 faciendo,
2816 4955 2915 5012 pro
2948 4937 3173 4994 nomine
3203 4938 3322 5012 ejus
3349 4941 3661 5016 moriendo,
3693 4946 3821 5003 cla-

2217 5029 2594 5086 riﬁcaverunt.

2290 5127 2473 5202 (Vere.
2503 5126 2623 5199 21.)
2665 5127 2740 5184 Et
2767 5126 3040 5184 duodecim
3073 5133 3246 5200 portat
3275 5127 3550 5184 duodecim
3585 5145 3824 5204 marga-

2212 5223 2332 5278 rita:
2356 5239 2454 5296 per
2487 5223 2724 5296 singulas
2755 5239 2774 5280 :
2809 5229 2859 5280 et
2883 5223 3106 5296 singular
3125 5229 3300 5296 portis
3327 5229 3486 5280 erant
3531 5241 3598 5280 ea:
3625 5225 3822 5299 singu-

2215 5425 2416 5482 lumiua
2450 5427 2788 5482 Ecclesia...
2816 5441 2876 5480 eo
2903 5421 3342 5496 quodprviriditate
3387 5422 3532 5496 fidei,
3563 5423 3818 5496 ﬁrmitate

2209 5503 2258 5552 et
2278 5497 2558 5568 sapientia,
2587 5504 2644 5552 ut
2669 5513 2865 5552 aurum
2891 5493 3092 5566 fulgidi
3118 5493 3360 5568 fuerunt.

2281 5565 2398 5641 (99)
2423 5565 2630 5641 Omnes
2659 5568 2816 5636 edit.,
2865 5565 3219 5641 undengtg‘ium
3275 5583 3590 5641 numerum;
3624 5583 3816 5641 omnes

2207 5637 2658 5708 mss.,'decimum
2701 5655 2996 5695 numerum.
3038 5637 3258 5708 Melius,
3310 5653 3437 5696 cum
3484 5637 3554 5696 de
3601 5640 3815 5698 unitate

2204 5710 2351 5769 infra
2387 5709 2626 5770 dicatur.
