3964 6374
176 394 322 457 1048

1091 395 1550 469 BERENGAUDI
1586 396 1960 457 EXPOSITIO
1995 397 2069 457 IN
2098 397 2612 475 APOCALYPSIN.

3337 397 3479 491 1.056

178 523 245 581 lis
292 521 625 595 margaritis.
676 520 792 578 Hoc
835 519 1137 578 secundum
1185 520 1423 581 litteram
1471 530 1614 581 stare
1658 539 1769 599 non
1797 525 1848 605 ᾼ
1877 521 2127 599 incedere
2157 541 2266 581 non
2298 533 2476 598 potest
2508 544 2520 589 ;
2549 526 2605 583 in
2636 525 2734 587 illa
2759 532 2944 584 autem
2973 525 3339 599 beatitudine,
3371 524 3478 607 ubi

177 619 377 687 potest.
408 611 465 669 Si
494 610 724 686 singulae
763 618 934 684 portas
964 617 1121 671 erant
1147 627 1217 669 ex
1241 612 1477 686 singulis
1517 611 1774 686 margari-

178 704 272 771 tis,
304 702 581 777 quomodo
611 718 706 776 per
744 718 1190 777 unamquamque
1219 703 1514 761 duodecim
1554 719 1776 775 marga-

179 793 301 851 ritae
329 793 498 850 fuisse
527 792 791 849 dicuntur
811 793 838 849 ‘P
863 792 967 847 Sed
998 792 1321 864 spiritaliter
1352 793 1775 867 intelligendum

180 891 300 952 est;
346 883 641 951 duodecim
670 900 905 957 namque
949 884 1254 956 margaritae
1283 890 1435 950 sunt,
1479 900 1548 939 ex
1577 882 1779 957 quibus

180 973 413 1049 singulae
444 980 645 1046 portem
691 988 806 1029 esse
835 972 1125 1043 dicuntur,
1146 1016 1149 1021 .
1168 972 1225 1029 id
1250 980 1350 1038 est,
1383 978 1603 1029 centum
1633 988 1779 1046 qua-

182 1062 434 1137 draginta
461 1070 716 1135 quatuor,
748 1078 845 1134 per
873 1078 1006 1134 quas
1035 1063 1407 1133 apostolorum
1440 1077 1778 1119 successores

182 1150 435 1213 doctores
481 1153 742 1215 Ecclesiae
784 1152 1164 1225 designantur,
1210 1152 1304 1226 qui
1353 1150 1517 1208 ﬁdem
1561 1149 1778 1209 doctri-

182 1257 419 1317 namque
464 1242 839 1316 apostolorum
868 1250 997 1299 sunt
1037 1241 1232 1308 secuti,
1262 1248 1316 1296 et
1340 1248 1493 1297 actus
1528 1240 1728 1297 imitati
1759 1258 1774 1308 ;

183 1331 279 1406 qui
330 1341 555 1407 propter
594 1330 1087 1389 vitamunditiam
1118 1338 1173 1386 et
1198 1328 1541 1397 sanctitatem
1576 1328 1779 1401 praeci-

173 1438 347 1499 puam
380 1438 510 1497 per
554 1421 846 1483 candorem
910 1419 1325 1492 margaritarum
1373 1418 1776 1490 signiﬁcantur.

181 1510 256 1566 Et
274 1511 465 1581 platea:
490 1508 718 1569 civitatis
747 1525 942 1565 aurum
970 1507 1249 1575 mundum,
1292 1515 1547 1578 tanquam
1582 1508 1781 1562 vitrum

174 1598 529 1673 perlucidum.
563 1596 826 1673 Superius
852 1614 947 1671 per
974 1614 1171 1653 aurum
1194 1596 1463 1657 mundum
1490 1604 1544 1652 et
1574 1596 1781 1651 vitrum

181 1687 453 1747 mundum
501 1688 767 1762 perfectos
822 1686 970 1757 viros
1000 1694 1053 1742 et
1096 1693 1313 1742 sanctos
1360 1686 1581 1759 angelos
1624 1683 1782 1740 dixi-

184 1795 308 1855 mus
363 1777 745 1851 signiﬁcatos:
802 1776 896 1834 sed
956 1775 1050 1833 hic
1105 1793 1201 1849 per
1256 1775 1488 1850 plateam
1541 1772 1782 1830 civitatis

184 1877 396 1925 mentes
418 1867 667 1925 ﬁdelium
706 1887 720 1941 ;
754 1885 851 1943 per
875 1883 1072 1925 aurum
1104 1882 1235 1921 vero
1269 1864 1650 1933 mundum,_et
1688 1863 1784 1919 vi-
1810 1888 1858 1952 B

181 1968 330 2031 trum
364 1958 709 2033 perlucidum
739 1954 1016 2014 munditia
1044 1956 1314 2013 mentium
1358 1954 1648 2011 hominum
1679 1953 1784 2009 de—
1810 1954 1836 1983 “¹

182 2046 449 2120 signatur,
498 2055 661 2123 atque
706 2047 1067 2119 angelorum;
1110 2045 1241 2119 quia
1284 2045 1430 2101 sicut
1481 2044 1549 2100 ad
1578 2050 1785 2099 mentes

180 2145 503 2215 angelorum
531 2146 686 2201 nulla
718 2160 963 2218 unquam
988 2160 1130 2200 vana
1159 2139 1307 2198 584
1333 2140 1607 2214 cogitatio.
1623 2156 1787 2197 acce-

182 2233 312 2291 dere
337 2234 538 2311 potuit,
572 2250 692 2307 quas
725 2251 817 2290 eos
850 2233 1150 2305 macularet
1180 2251 1196 2300 ;
1230 2232 1306 2288 ita
1334 2240 1387 2288 et
1418 2231 1633 2289 sanctis
1667 2238 1787 2303 post

184 2323 671 2382 ressurrectionem
687 2323 840 2379 nulla
856 2338 1099 2396 unquam
1116 2322 1333 2378 inutilis
1350 2320 1612 2394 cogitatio
1627 2317 1787 2373 adve-

178 2413 320 2483 niet,
351 2430 475 2486 quae
502 2429 693 2469 eorum
723 2421 935 2469 mentes
965 2413 1350 2469 commaculet.
1574 2476 1577 2481 ι

256 2503 442 2575 (Vers.
487 2502 604 2575 22.)
635 2504 707 2561 Et
738 2505 982 2575 templum
1014 2518 1120 2557 non
1148 2500 1260 2557 vidi
1303 2502 1361 2556 in
1389 2517 1447 2556 ea
1481 2517 1495 2568 ;
1528 2499 1788 2556 Dominus

184 2592 327 2648 enim
370 2592 691 2665 omnipotens
731 2593 978 2662 templum
1015 2590 1166 2646 illius
1211 2596 1303 2660 est,
1358 2596 1405 2644 et
1449 2588 1653 2660 Agnus.
1686 2587 1788 2643 Per

179 2684 476 2755 templum,
527 2682 586 2738 in
615 2697 724 2756 quo
774 2680 969 2739 hostiae
999 2679 1345 2739 etsacriﬁcia
1391 2678 1784 2745 offerebantur,

181 2791 425 2850 praesens
469 2773 716 2831 Ecclesia
757 2773 1094 2844 designatur,
1144 2770 1202 2827 in
1229 2785 1336 2843 qua
1383 2785 1493 2825 non
1523 2766 1783 2835 carnalia,

179 2861 279 2918 sed
350 2860 623 2935 spiritalia
662 2859 930 2917 sacriﬁcia
978 2856 1225 2932 quotidie
1282 2858 1396 2913 Deo
1453 2854 1781 2910 oﬁ‘eruntur.

176 2951 321 3006 Nam
367 2949 511 3009 sicut
557 2949 677 3009 illic
715 2947 1018 3006 secundum
1069 2946 1393 3020 qualitatem
1434 2953 1783 3018 peccatorum

177 3041 540 3098 exercebatur
588 3040 729 3095 ritus
768 3037 1201 3104 sacriﬁciorum;
1254 3034 1330 3091 ita
1359 3044 1414 3092 et
1444 3033 1502 3091 in
1539 3033 1787 3089 Ecclesia

177 3129 489 3188 secundum
532 3128 756 3203 modum
805 3126 1092 3200 culparum
1123 3125 1324 3182 debent
1362 3141 1477 3180 esse
1511 3121 1782 3179 sacriﬁcia

1882 614 2050 679 nullae
2078 614 2315 673 tenebrae
2345 624 2529 686 erunt,
2562 616 2718 683 nulla
2764 610 3017 684 offensio,
3045 612 3190 672 nihil
3224 614 3479 674 incorre-

1883 696 2039 761 ctum'
2063 705 2209 778 quod
2239 705 2440 778 corrigi
2468 706 2667 779 possit,
2694 706 2790 763 lux
2820 706 2952 763 novi
2981 722 3044 765 ac
3065 706 3269 765 veteris
3297 707 3478 765 Testa-

1886 794 2057 849 menti
2083 793 2387 851 necessaria
2422 811 2533 850 non
2565 795 2671 853 erit
2711 813 2725 863 ;
2760 793 2915 852 illius
2948 793 3098 861 enim
3120 795 3330 854 lumine
3357 812 3480 855 san-

1885 882 1960 947 cti
1990 882 2107 939 sine
2138 882 2245 941 ﬁne
2283 884 2655 957 perfruentur,
2686 884 2781 958 qui
2827 892 3021 941 auctor
3066 892 3147 942 est
3185 885 3346 957 lucis,
3384 884 3482 958 qui

1899 971 2226 1031 «illuminat
2279 990 2499 1031 omnem
2547 973 2832 1032 hominem
2866 973 3181 1032 venientem
3234 974 3292 1030 in
3333 973 3485 1035 hunc

1887 1060 2155 1119 mundum
2189 1060 2368 1134 (Joan.
2401 1080 2443 1129 ι,
2464 1062 2545 1133 9).
2579 1086 2597 1110 ι

1961 1150 2142 1222 (Vers.
2169 1150 2286 1223 24.)
2324 1154 2397 1207 Et
2435 1152 2783 1210 ambulabunt
2834 1157 3007 1225 gentes
3043 1168 3137 1224 per
3172 1152 3346 1208 lumen
3373 1149 3487 1221 ejus

1887 1244 1935 1295 et
1978 1258 2118 1311 reges
2171 1248 2326 1298 terra!
2352 1244 2579 1312 afferent
2617 1240 2846 1316 gloriam
2878 1262 3032 1301 suam
3080 1250 3128 1300 et
3153 1245 3401 1305 honorem
3430 1243 3489 1298 in

1887 1329 2059 1386 illam.
2110 1331 2212 1386 Per
2256 1340 2442 1404 gentes
2497 1350 2687 1391 omnes
2742 1335 2902 1391 electi
2960 1335 3338 1409 designantur.
3380 1318 3489 1390 Sed

1889 1418 2166 1491 quomodo
2210 1421 2575 1483 ambulabunt
2602 1421 2631 1478 ‘l
2678 1422 3062 1479 Ambulabunt
3108 1431 3311 1490 mente,
3375 1437 3489 1481 non

1889 1527 2158 1582 corpore:
2210 1528 2324 1569 non
2370 1512 2635 1571 mutando
2685 1513 2889 1578 locum,
2949 1514 3044 1571 sed
3091 1511 3491 1572 considerando

1890 1600 2367 1671 omnipotentiam,
2407 1601 2760 1657 divinitatem
2790 1611 2953 1679 atque
2984 1601 3351 1675 majestatem.
3389 1600 3493 1656 Per

1892 1688 2078 1745 lumen
2106 1690 2368 1746 Ecclesia:
2396 1689 2759 1749 ambulabunt
2792 1709 2806 1758 ;
2841 1690 2970 1764 quia
2995 1698 3057 1747 ut
3085 1690 3192 1748 hoc
3222 1690 3329 1763 iter
3356 1706 3493 1763 per-

1892 1776 2052 1836 ﬁcere
2098 1777 2329 1850 possint,
2384 1778 2484 1836 illo
2547 1779 2758 1835 lumine
2806 1777 3298 1845 illuminabuntur,
3342 1776 3492 1850 quod

1893 1875 2105 1925 cuncta
2155 1866 2414 1926 Ecclesiae
2483 1867 2836 1941 omnipotens
2880 1869 3025 1927 Deus
3077 1865 3309 1923 daturus
3358 1873 3488 1922 est:

1894 1972 1989 2029 per
2018 1973 2169 2029 reges
2208 1964 2390 2013 autem
2437 1964 2595 2012 terrae
2632 1955 2867 2031 apostoli
2915 1950 2971 2012 et
3000 1955 3181 2012 caeteri
3219 1942 3486 2028 praedica-

1892 2054 2039 2102 tores
2067 2046 2425 2121 designantur
2455 2064 2467 2103 :
2502 2044 2732 2120 gloriam
2777 2061 2910 2102 vero
2946 2052 3000 2101 et
3043 2045 3310 2101 honorem
3337 2061 3491 2117 prae-

1895 2142 2203 2203 dicatorum
2232 2160 2324 2201 eos
2352 2151 2532 2213 vocat,
2566 2140 2661 2216 qui
2691 2157 2786 2216 per
2814 2159 2906 2199 eos
2927 2141 3305 2211 crediderunt,
3338 2141 3486 2199 sicut

1895 2236 2175 2307 apostolus
2208 2236 2413 2292 Paulus
2451 2234 2588 2291 dicit
2638 2231 2929 2307 discipulis
2958 2233 3104 2301 suis;
3148 2249 3278 2305 nam
3321 2230 3497 2305 gloria

1896 2333 2083 2383 nostra
2110 2342 2209 2382 vos
2236 2326 2368 2382 estis
2396 2326 2458 2382 in
2484 2324 2724 2385 Domino
2759 2323 2848 2397 (ΙΙ
2877 2324 3002 2381 Cor.
3030 2321 3211 2395 1,14).
3245 2321 3497 2379 Aﬂ‘erent

1898 2430 2025 2489 ergo
2076 2415 2309 2487 gloriam
2357 2431 2512 2472 suam
2559 2422 2614 2471 et
2677 2413 2943 2470 honorem
2988 2412 3048 2469 in
3094 2411 3249 2471 illam
3302 2428 3317 2478 ;
3367 2404 3494 2473 cum

1897 2523 1989 2564 eos
2033 2509 2127 2583 qui
2173 2526 2271 2583 per
2319 2525 2412 2567 eos
2449 2507 2821 2575 crediderunt,
2862 2506 3102 2565 Domino
3126 2513 3497 2579 repraesenta-

1896 2595 2063 2654 bunt.
2444 2650 2447 2653 ,

1969 2688 2153 2759 (Vers.
2179 2687 2296 2760 25.)
2316 2688 2393 2744 Et
2414 2692 2588 2759 porta;
2611 2685 2723 2756 ejus
2741 2683 3182 2742 nonclaudeutur
3200 2699 3302 2755 per
3325 2682 3497 2749 diem;

1894 2795 2002 2833 ηοω
2017 2777 2154 2832 enim
2172 2793 2280 2831 non
2298 2776 2399 2830 eicit
2413 2776 2545 2833 illic.
2568 2775 2831 2848 Superius
2856 2789 2953 2847 per
2972 2772 3265 2829 duodecim
3287 2777 3493 2844 portas,

1896 2881 2019 2938 quat
2034 2880 2105 2920 ex
2119 2863 2410 2920 duodecim
2427 2862 2736 2936 margaritis
2748 2862 2919 2919 fuisse
2928 2860 3499 2933 dicuntur,apostolos

1896 2955 2065 3012 fuisse
2094 2955 2342 3032 diximus
2370 2954 2685 3028 designatos
2709 2972 2720 3009 :
2755 2953 2851 3010 sed
2878 2952 2972 3010 hic
2991 2951 3088 3009 ubi
3108 2950 3229 3009 sine
3257 2966 3491 3007 numero

1893 3052 2195 3117 ponuntur,
2218 3044 2384 3102 aliam
2414 3042 2876 3117 signiﬁcationem
2899 3042 3140 3117 habent;
3176 3040 3492 3113 signiﬁcant

1894 3149 2130 3205 namque
2146 3133 2311 3190 corda
2331 3134 2601 3199 ﬁdelium,
2614 3133 2805 3190 ﬁdeles
2820 3147 3058 3204 namque
3074 3130 3132 3186 in
3145 3129 3249 3189 hac
3264 3130 3381 3187 vita
3398 3146 3496 3202 po-

178 3208 544 3291 paanitentiaa,
592 3216 860 3275 sacrificia
911 3216 1245 3284 orationum,
1298 3213 1549 3281 ﬂetuum,
1601 3211 1784 3268 cordis

1896 3225 1991 3282 siti
2018 3231 2233 3280 noctem
2251 3225 2558 3298 patiuntur,
2579 3223 2636 3279 id
2659 3230 2761 3291 est,
2783 3222 3062 3279 daemones
3085 3228 3140 3277 et
3162 3220 3364 3293 impios
3386 3220 3483 3277 ho-

177 3306 695 3379 compunctionum;
764 3308 842 3362 De
898 3304 1102 3360 talibus
1171 3302 1454 3360 sacriﬁciis
1507 3301 1783 3375 Propheta

178 3396 431 3473 loquitur
472 3395 696 3454 dicens:
763 3419 782 3443 ι
827 3393 1169 3451 Sacriﬁcium
1211 3394 1325 3449 Deo
1371 3392 1597 3465 spiritus
1640 3407 1783 3448 con-

176 3492 481 3553 tribulatus
530 3494 703 3571 (Psal.
737 3509 789 3561 L,
838 3489 928 3560 19)
955 3508 968 3557 ;
1000 3512 1019 3537 ι
1078 3498 1132 3546 et
1161 3489 1399 3545 iterum:
1450 3510 1469 3535 ι
1499 3487 1653 3543 Tunc
1681 3503 1783 3542 ac-

175 3584 424 3658 ceptabis
480 3582 811 3640 sacriﬁcium
847 3578 1080 3652 justitia)
1125 3574 1287 3651 (Ibid.
1345 3577 1461 3649 21).
1513 3600 1532 3625 ι
1602 3575 1659 3633 Si
1701 3583 1784 3631 est

176 3660 515 3739 sacriﬁcium
564 3670 815 3743 justitiae,
873 3676 955 3723 est
1009 3674 1063 3722 et
1116 3664 1394 3738 patientiae
1456 3666 1561 3738 (1),
1621 3672 1703 3720 est
1729 3671 1784 3719 et

176 3762 550 3830 abstinentiae,
602 3770 683 3816 est
732 3766 787 3815 et
832 3757 1164 3814 humilitatis
1200 3764 1629 3827 cmterarumque
1658 3754 1783 3808 vir-

176 3860 385 3911 tutum.
428 3851 555 3905 Haec
603 3856 733 3905 sunt
786 3845 1073 3915 sacriﬁcia,
1105 3862 1223 3918 quae
1254 3842 1478 3900 odorem
1507 3841 1783 3898 suavissi-

179 3960 333 3999 mum
378 3940 624 4016 praebent
656 3939 917 4007 Domino,
948 3954 1061 3993 non
1107 3953 1296 3993 carnes
1324 3932 1619 4009 pecudum,
1661 3949 1782 4007 quae

178 4032 239 4089 in
295 4031 457 4090 altari
491 4029 895 4089 cremabantur.
938 4028 1194 4097 Joannes,
1236 4043 1366 4099 ergo
1422 4027 1689 4098 templum
1720 4024 1779 4080 in

178 4130 371 4179 sancta
398 4119 622 4178 civitate
653 4134 709 4175 se
743 4133 855 4173 non
885 4114 1091 4172 vidisse
1120 4115 1266 4173 dixit
1300 4134 1313 4183 ;
1348 4114 1477 4190 quia
1505 4115 1621 4170 haec
1651 4130 1781 4169 om-

178 4211 276 4269 nia
304 4226 423 4284 quaa
450 4208 717 4276 diximus,
739 4206 798 4263 in
826 4207 923 4267 illa
947 4192 1292 4265 beatitudine
1332 4205 1640 4263 necessaria
1669 4220 1781 4261 non

178 4307 388 4357 erunt:
442 4298 711 4372 Absterget
753 4297 903 4353 enim
954 4296 1098 4354 Deus
1143 4314 1347 4352 omnem
1396 4298 1684 4368 lacrymam
1715 4295 1781 4351 ab

179 4390 347 4459 oculis
377 4394 699 4458 sanctorum,
728 4394 776 4442 et
793 4402 935 4442 mors
962 4388 1109 4441 ultra
1137 4403 1243 4455 non
1271 4386 1391 4454 erit,
1423 4402 1585 4456 neque
1616 4386 1783 4440 luctus

177 4470 346 4548 neque
391 4477 616 4542 clamor,
675 4493 837 4547 neque
882 4475 1037 4531 dolor
1081 4474 1182 4531 erit
1228 4476 1396 4542 ultra,
1444 4490 1562 4544 qua
1598 4474 1781 4545 prima

176 4569 430 4661 abieruut
463 4569 636 4641 (supr.
668 4585 805 4623 vers.
836 4565 917 4661 4)‘.
950 4565 1221 4661 Dominus
1262 4581 1394 4620 vero
1422 4566 1691 4637 templum
1717 4563 1779 4661 il-
1808 4602 1857 4661 Β

181 4659 293 4715 lius
319 4658 426 4716 erit
453 4669 507 4717 et
547 4661 776 4731 Agnus;
810 4656 939 4731 quia
979 4656 1038 4711 in
1069 4654 1167 4711 illo
1215 4662 1378 4712 erunt
1407 4657 1603 4727 sancti,
1639 4665 1692 4713 et
1722 4652 1829 4713 inf:

182 4747 283 4817 illo
338 4744 687 4815 habitabant,
736 4744 880 4803 sicut
928 4745 1043 4819 ipse
1093 4742 1239 4802 dixit
1288 4743 1578 4821 discipulis
1623 4745 1772 4802 suis:

194 4861 215 4887 ε
245 4838 398 4907 Sicut
423 4853 519 4911 ego
562 4835 623 4892 in
650 4836 828 4905 Patre,
860 4843 915 4891 et
944 4851 1040 4891 vos
1068 4832 1128 4889 in
1169 4849 1278 4903 me,
1308 4841 1363 4890 et
1390 4848 1489 4908 ego
1523 4834 1585 4890 in
1617 4833 1779 4891 vobis

184 4925 368 5001 (Joan.
400 4942 518 4994 xw,
552 4922 668 5001 20).
710 4949 727 4971 ι

259 5014 441 5095 (Vers.
487 4994 724 5093 23.)'Et
766 5013 951 5067 civitas
1002 5028 1109 5067 non
1139 5018 1244 5083 eget
1280 5012 1407 5078 sole,
1436 5027 1597 5082 neque
1628 4994 1775 5080 luna,

183 5110 242 5162 ut
274 5106 479 5161 luceant
504 5106 557 5160 in
595 5122 693 5173 ea;
741 5120 867 5159 nam
899 5102 1121 5157 claritas
1149 5102 1249 5157 Dei
1289 5102 1615 5158 illuminabit
1642 5119 1775 5170 eam,

182 5201 232 5253 et
261 5197 476 5253 lucerna
523 5194 636 5266 ejus
664 5199 739 5249 est
766 5190 967 5266 Agnus.
1018 5190 1121 5247 Per
1150 5189 1319 5246 solem
1346 5206 1551 5246 novum
1582 5189 1779 5245 Testa-

183 5290 455 5353 mentum,
507 5300 602 5359 per
627 5284 814 5339 lunam
854 5289 1012 5337 vetus
1040 5279 1377 5352 designatur.
1406 5279 1627 5353 Absque
1657 5277 1779 5334 istis

183 5366 403 5435 duobus
452 5358 819 5429 luminaribus
847 5368 1092 5427 Ecclesia
1118 5386 1213 5442 per
1241 5358 1387 5425 viam
1428 5364 1779 5425 rectitudinis

186 5465 245 5521 in
287 5452 539 5522 tenebris
571 5460 736 5535 hujus
760 5458 949 5519 saeculi
975 5460 1095 5517 sine
1132 5459 1339 5517 crebris
1383 5456 1780 5517 oﬁ‘ensionibus

218 5682 342 5774 [(1)
384 5682 795 5774 Εεξᾶειξξθᾷξῐά
839 5676 914 5745 est
939 5692 988 5746 et
1013 5686 1311 5763 summa;
1348 5702 1475 5747 mss.
1509 5693 1777 5765 econtra-

186 5767 291 5834 rio,
322 5770 398 5821 est
423 5770 472 5820 et
492 5767 782 5837 patientiae.

1894 3315 2093 3375 mines.
2120 3316 2313 3370 Portas
2342 3321 2524 3369 autem
2555 3312 2612 3368 in
2643 3319 2804 3368 nocte
2832 3309 3117 3376 claudunt,
3150 3324 3277 3367 cum
3299 3316 3494 3367 contra

1894 3403 2082 3460 omnia
2116 3408 2455 3458 tentamenta
2479 3399 2797 3459 damonum
2822 3397 3004 3455 aditus
3048 3396 3320 3453 mentium
3351 3412 3489 3453 sua-

1892 3510 2013 3549 rum
2043 3493 2354 3560 obstruunt,
2383 3507 2551 3564 eaque
2572 3507 2603 3546 a
2621 3507 2678 3547 se
2701 3490 2994 3563 repellunt.
3022 3485 3306 3544 Claudunt
3325 3486 3492 3541 etiam

1886 3592 2076 3656 portas
2106 3582 2164 3637 in
2195 3590 2374 3649 nocte,
2407 3597 2533 3637 cum
2557 3586 2749 3636 contra
2768 3576 3037 3634 malitiam
3068 3592 3365 3651 pravorum
3395 3571 3493 3631 ho-

1894 3672 2108 3727 minum
2131 3669 2296 3727 corda
2318 3687 2417 3727 sua
2436 3667 2727 3736 muniunt;
2762 3674 2955 3723 utnon
2984 3665 3215 3725 audiant
3244 3663 3490 3737 linguam

1891 3761 2293 3832 detrahentem,
2344 3776 2465 3827 non
2496 3757 2729 3815 reddant
2775 3758 2982 3813 malum
3032 3772 3132 3831 pro
3179 3757 3346 3823 malo,
3395 3756 3484 3811 vel

1892 3852 2247 3908 maledictum
2268 3867 2368 3924 pro
2389 3847 2709 3917 maledicto,
2731 3855 2793 3904 ut
2811 3844 3113 3904 secundum
3136 3846 3490 3919 prophetam:

1905 3966 1924 3989 ‹
1954 3940 2259 3998 Excutiaut
2291 3924 2486 3995 manus
2513 3955 2638 3994 suas
2664 3936 2733 3994 ab
2773 3928 2933 3992 omni
2956 3950 3203 4005 munere,
3235 3942 3290 3991 et
3316 3934 3491 3990 obtu-

1891 4039 2013 4088 rent
2041 4048 2198 4088 aures
2226 4047 2370 4098 suas,
2404 4045 2473 4085 ne
2496 4028 2723 4084 audiant
2751 4026 3077 4100 sanguinem
3101 4044 3121 4103 ;Δ
3147 4016 3201 4082 et
3229 4020 3492 4083 claudant

1891 4121 2079 4176 oculos
2108 4137 2254 4188 suos,
2289 4136 2358 4175 ne
2386 4118 2611 4174 videant
2643 4119 2852 4173 malum
2897 4116 3032 4189 (Isa.
3064 4132 3272 4185 xxxm,
3311 4112 3424 4185 15).
3454 4106 3475 4164 ὲ

1891 4208 2060 4264 Porro
2080 4208 2139 4263 in
2167 4207 2264 4265 illa
2291 4206 2657 4272 beatitudine,
2686 4204 2784 4261 ubi
2810 4202 3000 4260 nullus
3020 4201 3261 4279 daemon,
3289 4202 3481 4259 nullus

1892 4295 2156 4369 reprobus
2204 4311 2319 4352 esse
2362 4293 2588 4370 poterit,
2636 4293 2732 4368 qui
2781 4293 2925 4350 mala
2969 4292 3215 4363 suadeat,
3266 4293 3362 4366 qui
3392 4308 3491 4367 per

1892 4394 2108 4443 noctem
2166 4383 2545 4457 designantur,
2598 4390 2904 4456 portarum,
2964 4380 3024 4438 id
3068 4388 3170 4448 est,
3214 4383 3487 4441 mensium

1890 4462 2203 4532 observatio
2240 4474 2546 4531 necessaria
2595 4489 2706 4530 non
2754 4473 2895 4539 erit;
2928 4487 3056 4529 nam
3100 4478 3154 4528 et
3183 4469 3486 4531 secundum

1890 4565 2132 4621 litteram
2155 4564 2260 4622 erit
2287 4563 2363 4621 ibi
2404 4563 2521 4621 dies
2568 4569 2880 4634 perpetuus,
2919 4561 3073 4616 nulla
3101 4568 3260 4617 nocte
3288 4575 3487 4641 succes-

1889 4653 2074 4710 dente.
2966 4718 2971 4723 ,
3208 4718 3211 4725 ,
3294 4636 3299 4641 ⁷
3416 4636 3447 4735 ’ζ

1960 4744 2143 4817 (Vers.
2177 4740 2292 4816 26.)
2322 4745 2395 4799 Et
2445 4742 2667 4814 a/ferent
2707 4734 3293 4813 gloriam‘gentium,‘et
3318 4732 3484 4797 hono-

1885 4850 1997 4888 rem
2022 4832 2078 4888 in
2104 4833 2277 4889 illam.
2325 4831 2584 4904 Superius
2615 4847 2764 4903 reges
2792 4838 2974 4898 terrae,
3018 4827 3077 4884 id
3121 4835 3223 4897 est,
3273 4827 3486 4901 praedi-

1886 4932 2097 4983 catores
2130 4910 2365 4991 sanctos,
2397 4922 2627 4996 gloriam
2653 4938 2808 4979 suam
2837 4921 2901 4976 in
2923 4906 3203 4976 civitatem
3237 4908 3484 4978 sanctam

1888 5014 2153 5087 detulisse
2185 5015 2321 5071 dicit
2355 5032 2365 5068 :
2408 5008 2505 5086 per
2533 5012 2696 5088 quam
2727 5010 2957 5087 gloriam
3000 5019 3207 5087 gentes,
3241 5006 3361 5086 quae
3386 5012 3487 5085 per

1886 5123 1978 5163 eos
2007 5105 2381 5172 crediderunt,
2404 5102 2651 5159 diximus
2693 5101 2862 5158 fuisse
2905 5099 3236 5174 designatas.
3267 5100 3325 5157 Si
3355 5115 3485 5174 ergo

1887 5194 2060 5267 gloria
2111 5192 2533 5269 praedicatorum
2584 5199 2770 5266 gentes
2821 5199 2970 5261 sunt,
3020 5186 3199 5265 gloria
3237 5190 3483 5264 gentium

1887 5303 2007 5361 quae
2035 5286 2162 5349 est?
2187 5285 2306 5345 Nisi
2346 5286 2486 5347 forte
2532 5282 2851 5363 secundum,
2881 5278 3228 5363 Salomonem
3260 5282 3365 5339 hoc
3396 5281 3482 5361 di-

1886 5356 2036 5434 ctum
2071 5377 2468 5459 intelligamus,
2514 5375 2609 5449 qui
2640 5362 2777 5435 dicit
2810 5393 2822 5430 :
2848 5358 2851 5363 λ
2881 5399 2899 5422 ι
2921 5356 3113 5433 Gloria
3154 5356 3348 5431 senum
3378 5356 3484 5445 ﬁlii

1886 5462 2129 5524 ﬁliorum
2162 5485 2174 5525 :
2207 5475 2263 5523 et
2291 5465 2463 5540 gloria
2492 5463 2737 5523 ﬁliorum
2761 5464 2841 5538 (2)
2872 5472 3051 5539 patres
3078 5482 3268 5523 eorum
3291 5464 3491 5538 (Prov:

1942 5678 2043 5762 (2)
2082 5688 2300 5763 Omnes
2330 5688 2488 5758 edit.,
2532 5694 2741 5763 patres:
2768 5666 2997 5763 eorum.“
3026 5686 3384 5761 Gloriaeero
3426 5688 3487 5763 [i-

1891 5756 2086 5818 nosam
2113 5777 2136 5828 ;
2163 5760 2258 5819 sed
2286 5756 2779 5836 lacunam'egregie
2820 5756 3081 5837 supplent
3125 5756 3316 5831 omnes
