3964 6386
504 443 641 504 1047

1539 439 1638 496 AD
1676 435 1912 496 OPEBA
1948 435 2006 494 S.
2043 432 2378 493 AMBROSII
2415 430 2793 490 APPENDIX.

3684 425 3843 485 1048

501 587 648 642 xvn,
678 569 762 644 6.)
792 591 813 620 ι
857 567 1045 627 Gloria
1081 579 1319 641 namque
1369 579 1586 635 senum,
1614 562 1674 621 id
1698 569 1800 634 est,
1832 561 2100 637 apostolo-
2134 565 2185 626 Α
2218 557 2278 616 id
2326 565 2428 628 est,
2476 557 2544 615 de
2588 554 2836 616 Ecclesia
2863 555 3164 630 egreditur,
3209 555 3278 612 ab
3305 570 3400 614 ore
3436 552 3656 612 scilicet
3679 568 3842 627 pra—

503 677 648 731 rum,
680 659 786 716 ﬁlii
816 665 944 716 sunt
959 657 1228 726 ﬁliorum,
1250 655 1309 712 id
1339 661 1442 725 est,
1465 661 1650 728 gentes
1671 669 1792 727 qua
1812 667 1908 724 per
1937 651 2102 724 ipsos,

505 757 560 808 et
585 767 684 824 per
713 749 881 820 ﬁlios,
907 749 967 806 id
995 755 1096 813 est,
1129 745 1431 820 discipulos
1461 761 1656 802 eorum
1711 741 2102 808 crediderunt;

505 839 681 913 gloria
734 855 866 894 vero
917 837 1160 893 ﬁliorum
1219 841 1381 890 erunt
1436 841 1615 906 patres
1663 848 1853 888 eorum
1907 849 1921 898 ;
1979 830 2109 903 quia

507 927 824 1002 gaudebunt
851 935 1058 1000 gentes,
1111 941 1176 981 eo
1218 923 1373 998 quod
1418 923 1560 978 tanti
1601 920 1786 977 meriti
1829 927 2107 992 tantaeque

507 1019 847 1076 excellentia
875 1025 1056 1090 patres
1086 1015 1346 1083 habeant,
1379 1030 1502 1070 cum
1537 1029 1730 1068 eorum
1761 1010 1947 1084 gloria
1977 1025 2104 1082 par-

505 1108 702 1180 ticipes
745 1123 860 1162 esse
901 1105 1223 1162 meruerint.
1274 1101 1433 1170 Quod
1479 1110 1660 1157 autem
1700 1100 1838 1157 dicit
1865 1100 2107 1170 afferent,

507 1212 798 1272 possumus
835 1194 903 1250 ad
955 1193 1180 1266 angelos
1225 1192 1472 1258 referre;
1531 1189 1626 1262 qui
1670 1189 1729 1245 in
1775 1188 1865 1244 die
1908 1185 2109 1260 judicii

507 1295 724 1345 sanctos
771 1287 870 1344 Dei
919 1285 988 1343 ad
1017 1283 1372 1359 percipienda
1393 1280 1620 1355 praemia
1646 1279 1978 1353 repromissa
2005 1273 2112 1335 de-

508 1379 735 1447 ducent,
767 1378 912 1434 sicut
938 1377 1209 1432 Dominus
1237 1372 1376 1429 dicit
1405 1371 1464 1427 in
1493 1369 1798 1442 Evangelio
1823 1387 1836 1425 :
1883 1392 1902 1416 ι
1931 1369 2112 1426 Mittet

507 1470 686 1528 Filius
715 1467 959 1526 hominis
1005 1466 1227 1538 angelos
1277 1479 1424 1529 suos,
1467 1467 1520 1516 et
1550 1457 1960 1532 congregabunt
1991 1458 2112 1513 ele-

509 1569 628 1617 ctos
656 1557 774 1632 ejus
803 1573 836 1612 a
863 1563 1099 1629 quatuor
1122 1551 1304 1611 ventis
1332 1549 1480 1618 coeli,
1511 1555 1566 1604 et
1598 1565 1630 1604 a
1659 1564 1780 1604 sum
1791 1547 1982 1604 mitate
2007 1563 2111 1604 cce-

513 1649 696 1706 lorum
726 1646 941 1718 (Matth.
977 1661 1138 1710 xxrv,
1168 1640 1284 1714 31),
1317 1665 1336 1690 ι

583 1736 766 1808 (Vers.
798 1733 914 1802 27.)
944 1733 1049 1790 Nec
1074 1729 1298 1786 intrabit
1333 1729 1392 1784 in
1429 1745 1542 1784 eam
1566 1726 1776 1799 aliquid
1803 1723 2109 1796 coinquina-

511 1830 640 1892 tum,
690 1828 738 1878 et
783 1821 986 1892 faciens
1023 1819 1467 1876 abominationem
1507 1823 1556 1872 et
1602 1815 1954 1885 mendacium,
2009 1814 2115 1869 nisi

509 1915 604 1986 qui
632 1913 819 1986 scripti
845 1917 969 1968 sunt
994 1912 1050 1968 in
1083 1911 1219 1968 libro
1247 1909 1368 1964 vita:
1391 1908 1556 1982 Agni.
1599 1907 1923 1981 Inquinatos
1949 1915 2112 1964 vocat
2138 1945 2184 2005 Β

513 2019 625 2072 eos,
663 2001 759 2076 qui
793 2017 850 2059 se
878 2000 1114 2058 diversis
1153 1997 1453 2057 sceleribus
1481 1997 1950 2072 inquinaverunt:
1983 1996 2108 2054 abo-

513 2095 874 2154 minationem
904 2101 1086 2150 autem
1116 2091 1348 2160 faciunt,
1389 2091 1486 2166 qui
1517 2092 1724 2148 malum
1755 2098 2052 2164 operantur
2095 2107 2106 2146 :

514 2186 659 2242 nihil
689 2185 836 2241 enim
864 2183 1215 2240 abominetur
1241 2183 1408 2250 Deus,
1438 2180 1546 2236 nisi
1570 2179 1858 2249 malitiam,
1890 2179 2034 2236 sicut
2053 2179 2112 2236 in

519 2277 672 2334 libro
705 2273 997 2348 Sapientia
1027 2272 1296 2345 scriptum
1321 2279 1404 2328 est
1433 2288 1445 2327 :
1487 2294 1506 2318 ι
1534 2270 1808 2327 Misereris
1837 2270 2110 2340 omnium,

515 2365 774 2434 Domine,
809 2370 862 2420 et
887 2363 1030 2420 nihil
1056 2379 1248 2419 eorum
1279 2358 1466 2429 odisti,
1498 2375 1618 2432 qua
1641 2359 1820 2417 fecisti
1852 2359 2004 2431 (Sap.
2028 2375 2111 2428 x1,

517 2453 639 2526 25).
670 2477 690 2501 ›
746 2451 928 2520 Quari
976 2457 1158 2508 autem
1215 2457 1396 2523 potest
1447 2465 1547 2507 cur
1585 2447 1933 2505 mendacium
1988 2447 2111 2504 ﬁeri

516 2543 756 2600 dicatur.
790 2541 948 2610 Quod
976 2549 1157 2598 autem
1191 2539 1444 2610 facimus,
1475 2537 1592 2611 jam
1625 2555 1738 2596 non
1764 2551 1846 2596 est
1891 2539 2110 2596 menda-

517 2633 692 2700 cium,
726 2631 855 2704 quia
883 2631 1030 2704 quod
1079 2631 1284 2688 factum
1315 2636 1418 2698 est,
1458 2645 1568 2686 non
1607 2637 1786 2703 potest
1837 2646 1948 2686 non
1997 2645 2112 2686 esse

521 2722 752 2790 factum,
783 2727 845 2775 ut
875 2719 948 2776 sit
975 2719 1344 2776 mendacium.
1377 2717 1483 2774 Sed
1511 2717 1716 2774 factum
1748 2735 1847 2792 pro
1875 2718 2112 2774 locutio-

521 2827 593 2868 ne
648 2809 865 2883 posuit;
916 2817 1201 2882 peccatum
1261 2807 1460 2881 quippe
1509 2805 1784 2863 mendacii
1837 2805 2114 2880 loquendo

523 2901 776 2969 facimus,
809 2916 921 2956 non
949 2898 1247 2974 operando.
1278 2898 1575 2953 Possumus
1612 2896 1777 2952 etiam
1821 2910 1918 2968 per
1963 2911 2112 2950 men-

522 2993 742 3050 dacium
785 3008 946 3048 omne
990 2997 1274 3064 peccatum
1309 2987 1642 3059 intelligere;
1705 2987 1910 3044 scimus
1965 2986 2114 3043 enim

531 3082 658 3157 quia
698 3084 845 3139 Deus
875 3081 1078 3138 veritas
1125 3086 1226 3147 est,
1279 3084 1560 3148 peccatum
1600 3091 1730 3132 vero
1759 3075 2007 3150 deceptio
2036 3084 2116 3132 est

529 3171 862 3228 animarum.
892 3167 1174 3242 Quidquid
1199 3182 1326 3237 ergo
1354 3163 1694 3222 contrarium
1746 3175 1828 3223 est
1869 3167 2112 3236 veritati,

2217 651 2524 708 dicatorum
2559 666 2571 704 :
2601 647 2826 721 angelus
2855 663 2987 703 vero
3015 647 3314 704 Dominum
3345 646 3626 720 signiﬁcat
3652 661 3666 700 :
3699 658 3844 716 pro-

2216 739 2380 813 pheta
2407 746 2587 795 autem
2631 745 2828 810 typum
2869 742 3020 792 tenet
3062 751 3253 792 eorum
3282 735 3379 810 qui
3410 734 3635 790 divinas
3679 731 3848 789 Scri-

2218 837 2406 902 pturas
2427 827 2496 883 ad
2516 826 2624 883 hoc
2647 825 2855 882 discere
2872 825 3088 894 volunt,
3110 833 3174 880 ut
3199 823 3305 898 ipsi
3326 825 3386 879 in
3401 824 3481 880 eis
3497 821 3838 896 proﬁciant,

2217 927 2272 974 et
2295 917 2434 973 alios
2460 933 2557 988 per
2581 931 2768 972 earum
2791 913 3079 970 scientiam
3103 913 3382 970 instruant
3417 931 3429 970 :
3463 911 3832 968 millenarius

2218 1024 2348 1064 vero
2366 1023 2628 1063 numerus
2645 1004 3034 1078 perfectionem
3051 1002 3288 1075 alicujus
3308 1001 3387 1058 rei
3420 1018 3562 1075 sape
3581 1000 3832 1057 demon-

2217 1098 2448 1155 strat.Et
2463 1096 2640 1168 prima
2655 1093 2996 1150 transductio
3015 1092 3082 1148 ad
3099 1091 3344 1148 historia
3362 1089 3802 1163 intelligentiam
3813 1131 3835 1157 ,

2218 1185 2458 1243 secunda
2503 1183 2574 1240 ad
2607 1183 2894 1252 moralem,
2924 1180 3088 1238 tertia
3115 1181 3353 1254 pertinet
3385 1179 3454 1236 ad
3481 1178 3836 1253 spiritalem.

2289 1274 2532 1347 Angelus
2575 1273 2745 1346 igitur
2790 1271 3114 1344 prophetam
3170 1271 3323 1326 mille
3377 1270 3598 1326 cubitos
3642 1269 3839 1337 ducit,

2219 1379 2345 1420 cum
2376 1362 2644 1420 Dominus
2671 1360 2874 1418 alicubi
2903 1361 3057 1417 ﬁdeli
3089 1377 3189 1416 suo
3218 1358 3555 1416 desiderium
3580 1359 3842 1432 largitur

2221 1459 2566 1532 intelligendi
2590 1459 2897 1532 Scripturas
2919 1458 3000 1530 (3)
3029 1456 3366 1515 :transducit
3395 1473 3520 1514 eum
3550 1472 3730 1530 usque
3762 1455 3844 1512 ad

2220 1555 2379 1622 talos,
2435 1569 2562 1610 cum
2607 1551 2658 1608 ei
2707 1551 2952 1608 historia
2999 1550 3346 1608 intellectum
3392 1549 3594 1605 tribuit
3629 1567 3644 1618 ;
3674 1548 3842 1621 quis-

2221 1645 2346 1719 quis
2361 1644 2509 1700 enim
2531 1642 2790 1699 moralem
2815 1650 2869 1698 et
2891 1640 3193 1714 spiritalem
3213 1637 3641 1712 intelligentiam
3661 1639 3724 1694 in
3749 1636 3843 1694 di-

2222 1735 2370 1792 vinis
2395 1735 2694 1808 Scripturis
2713 1733 3044 1806 investigare
3083 1731 3375 1800 desiderat,
3399 1747 3620 1788 necesse
3650 1737 3739 1786 est
3771 1736 3843 1785 ut

2222 1825 2467 1882 historia
2523 1823 2947 1896 intelligentiam
3018 1822 3170 1896 prius
3213 1819 3520 1895 possideat:
3580 1819 3842 1877 secundo

2223 1916 2448 1988 angelus
2475 1913 2797 1987 prophetam
2828 1911 2982 1968 mille
3024 1911 3240 1968 cubitos
3270 1909 3444 1978 ducit,
3475 1927 3605 1967 cum
3635 1910 3841 1966 Domi-

2222 2021 2326 2061 nus
2356 2003 2574 2060 tidelem
2603 2019 2764 2058 suum
2802 2001 2870 2058 ad
2902 2001 3167 2056 moralem
3197 1999 3620 2074 intelligentiam
3652 1998 3839 2072 perci-

2221 2095 2481 2168 piendam
2513 2092 2796 2151 accendit:
2829 2109 2925 2166 per
2961 2109 3159 2166 aquam
3187 2109 3362 2167 usque
3391 2091 3460 2149 ad
3487 2109 3670 2166 genua
3702 2108 3838 2148 eum

2220 2185 2548 2254 transducit,
2597 2201 2722 2242 cum
2769 2184 2995 2240 moralis
3039 2184 3281 2242 scientia
3329 2200 3524 2242 sensus
3553 2183 3603 2240 ei
3651 2181 3840 2238 mani-

2220 2275 2398 2332 festat.
2429 2276 2614 2331 Tertio
2659 2275 2884 2347 angelus
2930 2274 3252 2348 prophetam
3285 2273 3366 2347 (4)
3409 2273 3562 2330 mille
3595 2273 3834 2330 cubitos

2221 2365 2396 2434 ducit,
2445 2380 2570 2420 cum
2618 2363 2888 2418 Dominus
2931 2372 3054 2436 post
3084 2365 3347 2420 moralem
3392 2363 3838 2436 intelligentiam

2223 2453 2439 2510 ﬁdelem
2483 2467 2644 2507 suum
2709 2451 2780 2506 ad
2838 2451 3145 2522 spiritualis
3188 2452 3571 2525 intelligentia
3627 2467 3837 2508 sensus

2221 2539 2587 2598 enucleandos
2641 2556 2737 2612 per
2765 2539 3099 2596 desiderium
3133 2540 3340 2596 evehit.
3373 2541 3476 2596 Per
3503 2538 3713 2615 aquam
3743 2558 3835 2597 us-

2221 2647 2325 2704 que
2353 2628 2422 2686 ad
2456 2645 2612 2685 renes
2639 2645 2765 2684 eum
2797 2629 3128 2698 transducit,
3165 2645 3292 2686 cum
3314 2629 3628 2702 spiritualis
3653 2631 3836 2689 scien-

2221 2723 2312 2778 tia
2372 2736 2562 2776 sensus
2615 2719 2667 2776 ei
2719 2719 2913 2792 aperit.
2972 2719 3178 2788 Quarto
3239 2719 3562 2792 prophetam
3598 2723 3838 2793 angelus

2225 2812 2377 2867 mille
2415 2811 2630 2868 cubitos
2676 2809 2850 2880 ducit,
2900 2826 3026 2866 cum
3056 2817 3178 2882 post
3225 2809 3652 2882 intelligentiam
3689 2812 3842 2868 Scri-

2225 2910 2511 2975 pturarum
2541 2900 2760 2956 ﬁdelem
2781 2917 2942 2956 suum
2989 2899 3259 2956 Dominus
3288 2899 3357 2956 ad
3387 2901 3837 2973 contemplanda

2228 2991 2422 3048 divina
2450 2999 2503 3047 et
2522 2990 2766 3046 coelestia
2793 2995 3132 3046 sacramenta
3161 2989 3358 3044 elevat.
3389 2989 3837 3062 Torrentemque

2227 3097 2339 3138 non
2367 3079 2549 3154 potuit
2575 3078 2950 3145 transvadare;
2985 3077 3114 3150 quia
3145 3077 3576 3149 profunditatem
3607 3078 3840 3136 divino-

2224 3189 2349 3229 rum
2393 3171 2808 3244 coelestiumque
2857 3171 3247 3243 mysteriorum
3293 3172 3502 3241 nullus,
3535 3173 3682 3229 sicut
3725 3182 3836 3243 est,

520 3269 683 3335 atque
713 3259 780 3317 ad
811 3259 1187 3332 deceptionem
1226 3255 1535 3311 animarum
1563 3254 1822 3328 pertinet,
1865 3257 2117 3330 quamvis
2149 3308 2193 3367 Ο
2227 3262 2558 3338 perscrutari
2603 3269 2818 3334 potest:
2878 3284 2897 3308 ι
2925 3261 3012 3316 Ex
3059 3270 3210 3333 parte
3240 3262 3386 3318 enim
3413 3263 3836 3335 cognoscimus,

567 3353 613 3367 οι
689 3361 700 3367 -
989 3366 995 3367 ,
1081 3345 1421 3367 μ--...1--2--..-
1477 3354 1615 3367 .._-n_
1664 3347 1764 3367 .12-!
1815 3357 1986 3367 a__.__.
2051 3349 2107 3367 IL-
2259 3361 2270 3367 -
2525 3358 2536 3367 ι
2737 3349 2770 3367 ,I
2807 3357 2926 3367 IA-,,
3129 3349 3164 3367 -'
3245 3358 3259 3367 .
3321 3349 3364 3367 3'
3405 3349 3440 3367 ἰ
3493 3351 3508 3367 Δ
3630 3359 3642 3367 .
3691 3353 3706 3367 ιι

522 3353 776 3410 videatur
814 3366 1029 3418 verum,
1080 3345 1427 3403 mendacium
1476 3354 1620 3404 recte
1657 3347 1767 3404 dici
1815 3357 2010 3421 potest.
2051 3349 2115 3404 In

521 3441 620 3499 illa
643 3443 828 3515 itaque
853 3446 1039 3496 sancta
1069 3435 1292 3492 civitate
1313 3451 1426 3491 non
1456 3435 1688 3494 intrabit
1716 3437 1930 3511 aliquid
1960 3436 2111 3494 coin-

521 3538 832 3613 quinatum,
864 3543 918 3590 et
946 3531 1150 3589 faciens
1179 3537 1324 3594 585
1354 3531 1823 3589 abominationem
1883 3539 1938 3588 et
1966 3549 2114 3590 men-

513 3619 738 3692 dacium
771 3648 784 3697 ;
818 3629 947 3703 quia
997 3627 1057 3682 in
1112 3629 1202 3686 die
1237 3627 1438 3702 judicii
1497 3653 1516 3677 ι
1544 3629 1778 3686 exibunt
1813 3629 2018 3703 angeli,
2060 3638 2114 3686 et

521 3721 852 3796 separabunt
902 3718 1076 3774 malos
1130 3718 1198 3774 de
1253 3719 1437 3775 medio
1474 3718 1776 3792 justorum,
1807 3729 1860 3777 et
1892 3723 2115 3777 mittent

521 3829 614 3871 eos
641 3810 699 3864 in
729 3807 1007 3865 caminum
1022 3807 1165 3880 ignis
1193 3807 1436 3864 ardentis
1455 3808 1666 3882 (Matth.
1691 3826 1817 3879 x111,
1837 3809 2057 3884 49,50.)
2081 3833 2099 3859 ι

509 3898 655 3959 ’Νδῐῐι
685 3905 739 3954 et
767 3897 880 3954 illis
909 3897 1004 3971 qui
1031 3899 1210 3955 oleum
1257 3897 1542 3956 charitatis
1573 3899 1628 3955 in
1674 3900 1818 3956 vasis
1851 3901 1963 3958 suis
2002 3916 2114 3956 non

521 3987 836 4058 habuerint,
880 3986 1349 4060 claudeturjanua
1376 3987 1529 4060 regni
1557 3989 1796 4046 caelestis
1829 4007 1843 4058 ;
1875 3989 2116 4046 dicetur-

523 4093 628 4152 que
652 4077 766 4133 illis
793 4093 824 4132 a
859 4075 1097 4132 Domino
1123 4094 1135 4132 :
1182 4101 1200 4125 ι
1229 4078 1407 4134 Amen
1431 4078 1557 4136 dico
1587 4079 1765 4148 vobis,
1798 4079 1985 4136 nescio
2015 4095 2115 4134 vos

526 4167 740 4240 (Matth.
766 4182 903 4233 xxv,
930 4165 1045 4240 12).
1073 4189 1092 4214 ι

591 4254 818 4312 CAPUT
848 4255 1029 4312 XXII.
1060 4284 1132 4296 —
1163 4255 1346 4327 (Vers.
1391 4256 1469 4330 1.)
1499 4257 1576 4313 Et
1596 4256 1822 4314 ostendit
1843 4257 1973 4312 mihi
2001 4259 2116 4328 ﬂu—

521 4345 667 4400 vium
709 4361 862 4415 aqua
910 4344 1052 4413 vita,
1106 4345 1440 4416 splendidum
1504 4351 1758 4416 tanquam
1802 4347 2116 4418 crystallum

515 4433 879 4508 procedentem
929 4433 991 4488 de
1019 4433 1134 4489 sede
1174 4433 1273 4488 Dei
1327 4440 1374 4488 et
1403 4433 1564 4506 Agni,
1598 4435 1656 4489 in
1708 4435 1878 4490 medio
1925 4437 2116 4508 platea;

521 4525 652 4595 ejus.
685 4525 964 4582 Ezechieli
988 4526 1046 4580 in
1067 4525 1264 4582 ultima
1291 4525 1507 4580 visione
1536 4532 1749 4580 torrens
1777 4525 2114 4580 demonstra-

522 4624 612 4673 tus
629 4623 730 4686 est,
767 4616 863 4689 qui
891 4615 958 4672 de
977 4615 1183 4687 templo
1197 4615 1405 4682 exibat,
1430 4621 1486 4669 et
1511 4611 1835 4670 decurrebat
1864 4613 1922 4668 in
1942 4629 2111 4683 mare,

523 4704 590 4761 de
613 4721 721 4778 quo
753 4705 829 4761 ita
859 4703 1106 4778 loquitur
1138 4722 1150 4760 :
1189 4727 1208 4751 ‹
1237 4705 1310 4760 Ει
1337 4703 1500 4760 duxit
1529 4719 1635 4772 me,
1659 4703 1862 4776 inquit,
1886 4703 2115 4774 angelus

521 4793 677 4850 mille
710 4793 949 4862 cubitos,
1003 4799 1058 4850 et
1113 4791 1431 4849 transduxit
1461 4807 1548 4846 me
1587 4807 1683 4862 per
1714 4806 1910 4861 aquam
1941 4807 2114 4864 usque

521 4882 590 4939 ad
618 4883 778 4939 talos.
797 4883 868 4938 Et
889 4881 1054 4938 duxit
1075 4897 1163 4937 me
1179 4881 1334 4936 mille
1353 4879 1589 4949 cubitos,
1613 4888 1667 4936 et
1692 4879 2008 4936 transduxit
2025 4897 2112 4936 me

519 4987 617 5044 per
630 4988 824 5045 aquam
844 4987 1016 5046 usque
1032 4971 1101 5026 ad
1115 4987 1309 5043 genua.
1333 4971 1404 5026 Et
1423 4968 1586 5026 duxit
1600 4985 1686 5025 me
1705 4968 1858 5024 mille
1872 4968 2110 5040 cubitos,

519 5069 574 5118 et
598 5059 914 5117 transduxit
929 5076 1014 5114 me
1035 5076 1130 5132 per
1143 5075 1341 5132 aquam
1370 5073 1542 5130 usque
1563 5057 1632 5114 ad
1652 5073 1828 5114 renes.
1850 5058 1922 5112 Et
1949 5057 2114 5113 duxit

531 5166 621 5206 me
639 5149 792 5205 mille
810 5147 1046 5216 cubitos,
1064 5154 1472 5222 torrentemque
1485 5163 1593 5202 non
1622 5145 1778 5220 potui
1799 5146 2112 5204 transvade-

519 5253 598 5305 re;
623 5237 752 5310 quia
767 5235 1144 5292 intumuerunt
1161 5251 1316 5308 aqua
1343 5235 1626 5304 torrentis,
1647 5234 1740 5308 qui
1767 5233 2112 5292 transvadari
2148 5303 2150 5306 ν

519 5341 630 5381 non
663 5331 840 5398 potest
853 5323 1064 5396 (Ezech.
1095 5338 1268 5390 xnvn,
1303 5322 1440 5396 3-5).
1465 5348 1484 5372 ι
1522 5324 1624 5378 Per
1645 5330 1940 5380 terrentem
1968 5321 2110 5379 Scri-

517 5423 736 5487 pturam
751 5413 999 5472 divinam
1021 5412 1328 5486 intelligere
1349 5413 1632 5482 debemus,
1657 5429 1777 5486 quae
1795 5414 1863 5470 de
1877 5401 2108 5486 templo,

592 5577 768 5650 (3)_ln
795 5577 930 5634 edit.
961 5576 1079 5636 hac
1093 5577 1282 5646 verba,
1306 5577 1524 5650 angelus
1542 5575 1710 5650 igitur
1741 5577 2104 5635 transducit...

518 5647 846 5726 intelligendi
877 5649 1204 5726 Scripturas,
1228 5647 1396 5726 supra
1417 5647 1772 5726 ponebantur
1794 5657 1916 5720 post
1944 5665 2104 5726 voces

519 5718 806 5794 Dominum
843 5718 1139 5791 signiﬁcat;
1184 5718 1386 5779 sed—in
1417 5718 1566 5776 'mss.
1616 5718 1722 5778 hoc
1759 5718 1880 5778 loco
1925 5721 2107 5794 aptius

517 5787 874 5845 collocantur.

2223 3361 2278 3409 et
2305 3368 2375 3407 ex
2422 3358 2574 3424 parte
2617 3349 3027 3422 prophetamus,
3060 3372 3078 3395 ι
3123 3349 3265 3406 sicut
3309 3349 3446 3406 dicit
3475 3351 3785 3423 Apostolus
3821 3371 3833 3410 :

2239 3468 2260 3493 ι
2289 3444 2427 3502 Cum
2480 3451 2662 3500 autem
2691 3442 2906 3498 venerit
2954 3441 3102 3515 quod
3129 3441 3431 3514 perfectum
3461 3451 3560 3512 est,
3593 3461 3836 3502 evacua-

2225 3532 2377 3589 bitur
2405 3531 2554 3606 quod
2580 3548 2650 3588 ex
2677 3538 2830 3604 parte
2853 3538 2936 3587 est
2965 3530 3023 3602 (Ι
3043 3531 3168 3588 Cor.
3199 3546 3322 3599 xm,
3351 3532 3404 3600 9,
3431 3533 3520 3606 10)
3554 3551 3568 3600 ;
3593 3557 3610 3580 ι
3642 3540 3696 3588 et
3729 3533 3835 3590 ite-

2223 3639 2348 3678 rum
2375 3640 2386 3680 :
2435 3647 2452 3670 ι
2503 3621 2772 3682 Videmus
2801 3637 2950 3676 nunc
2979 3637 3074 3693 per
3101 3623 3385 3693 speculum
3415 3621 3472 3676 in
3503 3621 3829 3694 anigmate,

2223 3719 2359 3769 tunc
2395 3720 2577 3770 autem
2608 3711 2746 3767 facie
2773 3709 2842 3765 ad
2873 3709 3068 3766 faciem
3103 3710 3265 3781 (Ibid.
3298 3709 3410 3782 12).
3443 3734 3462 3758 ι
3507 3711 3668 3766 Hunc
3712 3719 3833 3768 tor-

2226 3807 2437 3858 rentem
2485 3799 2631 3855 idem
2663 3799 2864 3856 Paulus
2909 3807 3241 3856 transmeare
3279 3815 3336 3856 se
3369 3816 3481 3855 non
3509 3816 3666 3872 posse
3695 3817 3831 3858 con-

2223 3892 2469 3950 siderans
2497 3891 2710 3948 dicebat
2737 3909 2748 3947 :
2792 3915 2812 3939 σ
2839 3891 2884 3948 O
2912 3891 3148 3947 altitudo
3186 3890 3510 3948 divitiarum
3541 3893 3832 3964 sapientia

2224 3989 2278 4038 et
2311 3982 2554 4038 scientia
2573 3981 2692 4048 Dei,
2724 3997 2885 4052 quam
2921 3980 3505 4052 incomprehensibilia
3525 3980 3830 4054 suntjudi-

2223 4075 2310 4131 cia
2337 4071 2473 4144 ejus,
2505 4079 2560 4127 et
2605 4069 3017 4141 investigabiles
3059 4070 3164 4124 via
3187 4068 3304 4141 ejus
3337 4070 3350 4125 l
3383 4069 3520 4136 Quis
3549 4071 3704 4127 enim
3736 4089 3829 4130 co-

2225 4161 2416 4234 gnovit
2463 4173 2683 4214 sensum
2723 4157 2968 4225 Domini,
3014 4163 3108 4212 aut
3151 4156 3276 4229 quis
3303 4157 3656 4216 consiliarius
3703 4161 3828 4234 ejus

2225 4248 2350 4316 fuit,
2397 4255 2492 4302 aut
2537 4245 2660 4318 quis
2707 4243 2856 4317 prior
2898 4244 3051 4301 dedit
3097 4245 3204 4314 illi,
3247 4253 3302 4302 et
3350 4247 3687 4306 retribuetur
3719 4250 3770 4306 ei
3797 4252 3828 4308 ?

2224 4335 2494 4404 Quoniam
2545 4350 2614 4390 ex
2659 4333 2798 4406 ipso,
2853 4341 2908 4388 et
2955 4349 3052 4406 per
3091 4333 3292 4406 ipsum,
3343 4343 3396 4392 et
3435 4335 3494 4391 in
3543 4335 3662 4410 ipso
3691 4349 3827 4398 sunt

2225 4425 2442 4482 omnia:
2469 4425 2574 4499 ipsi
2595 4425 2768 4498 gloria
2787 4425 2846 4481 in
2867 4427 3066 4482 saecula
3085 4427 3435 4495 saculorum,
3456 4443 3616 4482 amen
3640 4427 3819 4500 (Rom.

2220 4531 2301 4582 xr,
2331 4514 2544 4588 33-36).
2575 4541 2594 4564 ι
2641 4519 2714 4573 Et
2750 4517 3018 4590 propheta
3064 4517 3232 4574 Isaias
3257 4536 3268 4574 :
3309 4544 3328 4567 ι
3357 4518 3565 4576 Oculus
3595 4535 3708 4576 non
3738 4522 3819 4578 vi-

2226 4605 2329 4676 dit,
2353 4607 2516 4676 Deus,
2544 4604 2748 4681 absque
2775 4615 2849 4676 te,
2879 4625 2999 4682 qua
3040 4610 3354 4684 praparasti
3373 4610 3820 4682 exspectantibus

2227 4702 2281 4751 te
2313 4695 2446 4768 (Isa.
2477 4714 2632 4767 Lxrv,
2673 4697 2752 4770 4).
2776 4722 2795 4746 ι
2839 4699 2980 4755 Ecce
3027 4699 3254 4772 angelus
3289 4700 3615 4773 prophetam
3644 4717 3818 4775 usque

2219 4784 2290 4842 ad
2317 4787 2498 4844 locum
2527 4789 2860 4862 praﬁnitum
2881 4789 3062 4860 duxit,
3086 4801 3140 4848 et
3169 4808 3281 4848 non
3305 4809 3428 4848 eum
3459 4793 3811 4864 transduxit;

2221 4877 2348 4951 quia
2391 4877 2739 4951 omnipotens
2779 4881 2925 4936 Deus
2969 4897 3096 4936 suos
3125 4888 3340 4938 sanctos
3369 4897 3542 4954 usque
3587 4881 3657 4938 ad
3684 4898 3811 4939 con-

2223 4971 2540 5042 teznplanda
2584 4981 2791 5030 secreta
2820 4981 2874 5030 et
2917 4985 3115 5030 arcana
3143 4972 3406 5046 mysteria
3453 4989 3564 5029 sua
3611 4971 3813 5030 divini-

2227 5060 2357 5116 tatis
2383 5061 2666 5133 perducit:
2707 5062 2802 5119 sed
2828 5079 3174 5137 nequaquam
3199 5080 3290 5120 eos
3308 5061 3652 5130 transducit;
3687 5065 3812 5137 quia

2220 5149 2488 5222 fragilitas
2536 5150 2778 5208 humana
2809 5153 3047 5226 perfecte
3086 5169 3198 5209 non
3235 5158 3412 5225 potest
3459 5151 3811 5224 comprehen-

2220 5239 2347 5298 dere
2389 5240 2487 5298 illa
2524 5242 2910 5300 inscrutabilia
2951 5249 3006 5298 et
3029 5241 3226 5299 divina
3255 5240 3538 5314 mysteria.
3569 5242 3642 5297 Et
3672 5242 3809 5300 sicut

2220 5331 2315 5404 qui
2361 5331 2538 5406 regios
2587 5333 2740 5390 cibos
2783 5333 3044 5389 odoratus
3085 5339 3186 5401 est,
3235 5341 3289 5388 et
3329 5347 3520 5387 eorum
3567 5329 3806 5388 dulcedi-

2219 5437 2346 5476 nem
2391 5421 2768 5495 pragustavit,
2799 5422 3038 5496 amplius
3066 5439 3158 5480 eos
3189 5420 3486 5492 desiderat,
3518 5436 3683 5494 quam
3717 5421 3805 5477 ille

2290 5581 2370 5654 (li)
2395 5582 2680 5656 Quidquid
2706 5600 2738 5639 a
2759 5583 3006 5652 vocibus,
3037 5583 3209 5640 Tertio
3239 5585 3455 5656 angelus
3471 5584 3801 5655 prophetam,

2189 5669 2388 5725 usque
2431 5654 2499 5711 ad
2547 5654 2876 5712 sacramenta
2931 5657 3094 5712 elevat
3130 5655 3445 5725 intercedit,
3470 5654 3500 5712 e
3524 5671 3658 5713 mss.
3691 5671 3800 5712 om-

2215 5725 2380 5782 nibus
2403 5726 2730 5784 restituitur.
