3964 6370
244 439 390 499 1049

1141 433 1603 493 BERENGAUDI
1642 432 2015 492 EXPOSITIO
2049 433 2122 492 IN
2157 433 2661 494 APOCALYPSIN.

3410 433 3548 494 1050

242 566 347 640 qui
373 580 475 622 nec
505 579 597 620 eos
627 562 792 632 vidit,
824 578 927 620 nec
950 562 1210 619 odoratus
1238 570 1340 630 est,
1389 577 1492 618 nec
1536 561 1714 634 qualis
1753 578 1848 617 es-
1875 571 1925 631 Α
1958 561 2119 618 illum
2153 560 2371 631 tendit,
2417 562 2514 636 qui
2566 578 2711 618 unus
2750 570 2853 631 est,
2901 571 2956 620 et
2996 562 3058 619 in
3085 578 3194 637 quo
3239 562 3408 620 etiam
3438 561 3546 637 ipsi

242 664 332 713 set
360 670 548 712 eorum
578 652 816 710 dulcedo
853 651 1121 725 gustando
1164 650 1336 708 sensit
1366 668 1379 706 :
1430 650 1507 705 ita
1552 658 1607 707 et
1651 650 1846 719 sancti,

244 745 348 818 qui
376 760 472 817 per
498 741 980 814 contemplationis
1012 739 1242 814 gratiam
1281 738 1631 796 dulcedinem
1661 740 1850 811 patriae

244 834 487 891 cwlestis
535 848 674 904 saepe
722 830 1034 903 degustant,
1097 831 1275 885 multo
1333 829 1570 902 amplius
1622 828 1681 885 in
1733 828 1849 900 ejus

241 941 432 981 amore
455 921 702 996 quotidie
730 920 1118 988 exardescunt,
1152 935 1314 992 quam
1354 918 1441 973 illi
1485 918 1579 990 qui
1626 927 1850 991 propter

242 1011 597 1069 dulcedinem
629 1009 817 1066 saeculi
865 1008 1214 1065 dulcedinem
1263 1022 1375 1063 non
1421 1007 1668 1063 sentiunt
1718 1007 1847 1063 vitae

242 1110 486 1157 ωῐθΐηω.

320 1189 468 1246 Dicit
520 1187 666 1244 idem
714 1186 984 1260 propheta
1029 1185 1090 1242 in
1138 1186 1492 1259 sequentibus
1532 1186 1739 1242 vidisse
1790 1202 1846 1242 se

246 1280 400 1351 ligna
454 1278 512 1333 in
568 1284 800 1350 utraque
856 1276 977 1349 ripa
1024 1276 1305 1345 torrentis,
1353 1294 1587 1350 quorum
1634 1277 1848 1333 fructus

243 1382 404 1429 erant
433 1372 493 1427 in
523 1371 732 1439 cibum,
762 1376 816 1425 et
845 1368 980 1424 folia
1007 1369 1076 1425 ad
1099 1368 1478 1425 'medicinam.
1528 1370 1661 1424 Duae
1714 1367 1845 1439 ripae

243 1465 358 1521 duo
388 1464 733 1519 Testamenta
769 1460 1127 1533 signiﬁcant:
1177 1461 1322 1516 inter
1370 1460 1466 1516 has
1517 1460 1655 1515 duas
1702 1461 1846 1532 ripas

243 1571 476 1628 magnus
504 1562 718 1610 torrens
755 1552 1182 1624 Scripturarum,
1215 1550 1310 1623 qui
1340 1567 1372 1606 a
1402 1552 1609 1607 sanctis
1655 1552 1845 1608 Patri-

242 1645 350 1702 bus
389 1644 570 1702 editus
599 1652 699 1725 est,
740 1642 1029 1700 decurrit:
1080 1659 1178 1715 per
1225 1643 1373 1714 ligna
1418 1660 1549 1699 vero
1594 1644 1844 1701 doctores

238 1736 506 1794 Ecclesiae
536 1734 911 1807 designantur,
942 1733 1036 1806 qui
1066 1733 1124 1789 in
1154 1733 1439 1806 utriusque
1462 1733 1619 1805 ripis,
1650 1733 1709 1789 id
1736 1742 1839 1805 est,

242 1830 305 1886 in
334 1830 585 1888 doctrina
612 1827 815 1885 veteris
842 1844 906 1883 ac
942 1826 1074 1882 novi
1095 1825 1427 1882 Testamenti
1461 1824 1695 1896 plantati
1726 1842 1841 1881 esse

241 1921 544 1989 dicuntur;
598 1919 745 1975 unde
784 1934 949 1990 aquas
987 1932 1130 1972 verae
1171 1915 1416 1972 scientias
1461 1913 1760 1982 trahentes,
1789 1922 1842 1971 et

239 2009 457 2066 fructus
487 2009 743 2082 gignunt,
775 2016 828 2062 et
855 2005 992 2062 folia
1016 2023 1027 2061 :
1062 2022 1158 2077 per
1178 2006 1392 2061 fructus
1416 2019 1652 2076 namque
1681 2020 1846 2076 opera

238 2098 407 2170 bona,
456 2115 554 2172 per
598 2098 732 2155 folia
775 2105 958 2153 autem
1008 2095 1177 2152 verba
1215 2093 1627 2168 praedicationis
1687 2094 1845 2150 desi-

237 2203 499 2269 gnantur.
533 2198 769 2252 Fructus
797 2193 858 2249 in
887 2193 1098 2260 cibum,
1133 2201 1187 2249 et
1228 2191 1363 2248 folia
1396 2191 1466 2247 ad
1512 2191 1841 2248 medicinam

237 2287 541 2361 proﬁciunt
565 2305 579 2354 ;
610 2284 741 2358 quia
769 2284 1149 2358 unusquisque
1178 2283 1371 2340 doctor
1399 2284 1684 2356 languenti
1712 2283 1845 2339 ani-

238 2393 345 2432 mae
386 2375 715 2433 medicinam
767 2375 1063 2432 verborum
1106 2374 1444 2430 salutiferam
1487 2382 1622 2430 tunc
1668 2374 1846 2429 mini—

241 2474 399 2534 strat,
429 2481 557 2522 cum
608 2481 728 2522 eam
777 2463 933 2538 prius
972 2463 1242 2536 exemplis
1288 2463 1565 2520 bonorum
1617 2480 1845 2537 operum

238 2552 474 2628 paverit.

312 2650 455 2705 Ecce
509 2647 766 2705 Ezechiel
821 2653 1121 2702 torrentem
1168 2645 1236 2702 de
1282 2645 1491 2717 templo
1540 2646 1740 2702 exiisse
1788 2663 1844 2702 se

244 2736 452 2793 vidisse
480 2737 626 2794 dixit
657 2737 872 2807 (Επειδὴ.
906 2752 1082 2803 XLVII,
1114 2735 1208 2803 5):
1252 2734 1488 2790 Joannes
1517 2741 1699 2790 autem
1730 2752 1843 2791 non

245 2834 569 2894 torrentem,
618 2825 712 2882 sed
737 2823 973 2880 ﬂuvium
1003 2840 1034 2878 a
1062 2824 1188 2880 sede
1214 2824 1314 2879 Dei
1353 2833 1407 2879 et
1452 2823 1595 2895 Agni
1643 2840 1845 2895 proce-

243 2915 465 2972 dentem
490 2915 597 2972 sibi
623 2924 901 2972 ostensum
929 2916 1097 2972 fuisse
1125 2915 1282 2972 dicit.
1315 2917 1548 2973 Torrens
1569 2934 1637 2973 ex
1667 2916 1842 2972 nimio

242 3006 438 3063 ardore
468 3006 600 3062 solis
630 3007 769 3063 solet
796 3006 1014 3076 siccari,
1066 3005 1271 3062 ﬂuvius
1304 3024 1435 3063 vero
1465 3007 1622 3063 nullo
1650 3006 1844 3063 ardore

241 3097 595 3154 exsiccatur:
633 3114 745 3154 non
793 3098 1251 3154 inconvenienter
1299 3114 1427 3171 ergo
1479 3114 1575 3170 per
1633 3105 1842 3153 torren-

242 3196 355 3245 tem
414 3188 607 3246 divina
659 3190 943 3263 Scriptura
990 3189 1342 3262 exprimitur,
1409 3207 1530 3264 quae
1585 3192 1844 3248 veniente

1960 666 2131 706 unum
2161 650 2323 707 ﬁunt.

2030 768 2263 825 Fluvius
2317 786 2443 842 ergo
2491 770 2613 838 iste,
2655 769 2750 843 qui
2805 769 3033 842 gloriam
3062 776 3379 826 sanctorum
3407 772 3550 828 desi-

1959 865 2105 929 gnat,
2155 859 2500 931 splendorem
2550 859 2799 933 crystalli
2832 858 3037 915 habere
3089 858 3297 916 dicitur
3344 878 3360 928 ;
3424 861 3553 934 quia

1958 947 2255 1021 unicuique
2295 948 2543 1006 ﬁdelium
2596 948 2899 1005 secundum
2944 948 3269 1021 qualitatem
3323 965 3550 1022 operum

1957 1055 2185 1094 suorum
2234 1039 2484 1112 refulget,
2537 1039 2679 1096 sicut
2729 1039 2866 1097 dicit
2910 1041 3210 1112 Apostolus
3244 1057 3339 1094 ει(
3384 1039 3553 1095 Stella

1957 1127 2103 1182 enim
2132 1128 2200 1183 ab
2233 1129 2389 1184 stella
2417 1129 2600 1185 diﬂ‘ert
2630 1129 2687 1185 in
2717 1129 2986 1196 claritate,
3017 1128 3097 1185 sic
3134 1137 3189 1184 et
3219 1127 3551 1184 resurrectio

1958 1227 2302 1277 mortuorum
2354 1222 2411 1294 (Ι
2454 1222 2579 1278 Cor.
2612 1238 2709 1290 xv,
2742 1221 2858 1293 41).
2886 1246 2905 1269 ι
2953 1220 3058 1288 Qui
3105 1219 3172 1276 de
3215 1220 3340 1276 sede
3366 1219 3467 1275 Dei
3494 1226 3551 1274 et

1954 1311 2098 1384 Agni
2130 1313 2421 1385 procedere
2441 1313 2674 1381 dicitur;
2697 1313 2825 1387 quia
2851 1312 2918 1369 ab
2947 1313 3064 1384 ipso
3093 1310 3349 1386 procedet
3366 1310 3548 1366 omnis

1955 1402 2127 1472 gloria
2156 1411 2493 1473 sanctorum,
2527 1404 2619 1476 qui
2642 1412 2835 1460 auctor
2854 1414 2938 1460 est
2968 1403 3217 1459 omnium
3244 1402 3542 1458 bonorum:

1959 1491 2052 1562 qui
2084 1492 2249 1547 etiam
2281 1493 2340 1548 in
2372 1493 2553 1550 medio
2583 1494 2773 1565 plateae
2804 1493 3049 1550 civitatis
3076 1493 3367 1549 decurrere
3415 1488 3548 1546 dici-

1953 1585 2044 1633 tur
2069 1596 2083 1646 ;
2116 1581 2245 1652 quia
2267 1582 2432 1637 corda
2461 1590 2775 1638 sanctorum
2806 1591 3066 1656 perpetua
3095 1580 3385 1639 suavitatis
3427 1578 3550 1636 dul-

1952 1670 2144 1727 cedine
2174 1672 2497 1728 laetiﬁcabit.

2021 1779 2095 1833 Et
2120 1796 2186 1833 ea:
2214 1785 2438 1850 utraque
2489 1786 2645 1852 parte
2693 1780 2927 1851 ﬂuminis
2986 1780 3183 1851 lignum
3230 1781 3370 1837 vitaz.
3400 1781 3548 1837 Eze-

1950 1866 2119 1925 chieli
2160 1869 2217 1924 in
2263 1876 2494 1943 utraque
2540 1870 2659 1943 ripa
2687 1870 2948 1927 torrentis
2979 1870 3195 1943 (Ezech.
3228 1887 3402 1939 XLVII,
3467 1871 3546 1942 7),

1954 1959 2192 2030 plurima
2220 1958 2367 2032 ligna
2386 1959 2759 2017 demonstrata
2788 1968 2936 2029 sunt,
2968 1959 3036 2017 de
3066 1959 3267 2033 quibus
3297 1959 3551 2033 superius

1955 2049 2128 2105 locuti
2178 2067 2368 2107 sumus
2412 2068 2423 2106 :
2463 2051 2554 2108 hic
2594 2059 2776 2107 autem
2806 2053 2934 2108 vita;
2990 2052 3205 2125 lignum
3257 2058 3549 2124 utramque

1955 2150 2161 2211 partem
2191 2141 2441 2198 ﬂuminis
2466 2159 2757 2214 occupasse
2786 2142 2943 2199 dicit.
2976 2142 3081 2198 Sed
3106 2142 3224 2198 illic
3252 2157 3349 2214 per
3378 2143 3554 2198 multa

1956 2229 2105 2300 ligna
2133 2230 2297 2285 multi
2328 2231 2712 2302 praedicatores
2737 2250 2748 2287 :
2773 2231 2867 2288 hic
2891 2240 3074 2288 autem
3101 2247 3195 2303 per
3223 2247 3397 2286 unum
3421 2230 3550 2290 vita:

1955 2318 2166 2390 lignum
2196 2336 2340 2376 unus
2367 2320 2618 2378 Christus
2648 2321 2989 2392 designatur,
3020 2322 3118 2394 qui
3147 2328 3233 2377 est
3258 2321 3373 2376 vita
3400 2336 3553 2377 cun-

1954 2414 2172 2464 ctorum
2206 2407 2455 2465 ﬁdelium
2483 2426 2610 2481 :per
2640 2418 2929 2483 utramque
2958 2426 3089 2465 vero
3129 2417 3338 2481 partem
3371 2408 3551 2465 ﬂumi-

1955 2496 2040 2552 nis
2065 2513 2356 2568 possumus
2383 2500 2605 2570 angelos
2620 2506 2674 2554 et
2694 2499 2947 2555 homines
2969 2497 3296 2570 intelligere.
3320 2498 3550 2555 Utram-

1954 2604 2059 2660 que
2107 2588 2277 2660 igitur
2305 2600 2511 2661 partem
2543 2591 2792 2647 ﬂuminis
2820 2590 3034 2662 lignum
3064 2590 3193 2646 vitae
3234 2591 3545 2647 obtinebit:

1954 2676 2082 2747 quia
2110 2684 2163 2731 et
2195 2679 2416 2749 angelos
2456 2687 2509 2735 et
2546 2679 2800 2737 homines
2830 2690 3046 2737 sanctos
3075 2680 3331 2738 Christus
3371 2697 3547 2754 aequa-

1955 2765 2081 2820 liter
2113 2766 2433 2837 possidebit.
2472 2769 2712 2839 A/ferens
2747 2769 2955 2844 fruetus
2982 2770 3273 2827 duodecim.
3309 2772 3549 2827 Fructus

1956 2853 2247 2911 duodecim
2295 2856 2529 2929 apostoli
2570 2866 2719 2928 sunt,
2772 2874 3072 2932 omnesque
3104 2859 3201 2933 qui
3232 2876 3422 2916 eorum
3453 2860 3547 2916 do-

1954 2943 2188 3000 ctrinam
2220 2955 2349 3002 sunt
2377 2947 2579 3003 secuti:
2611 2947 2824 3004 fructus
2853 2947 3148 3005 duodecim
3181 2949 3393 3021 lignum
3417 2949 3548 3007 vita:

1954 3033 2185 3101 aﬂ‘eret;
2219 3036 2348 3107 quia
2393 3036 2452 3092 in
2496 3037 2594 3093 illa
2633 3038 2978 3094 beatitudine
3030 3039 3285 3096 Christus
3324 3056 3544 3096 omnem

1954 3124 2370 3181 multitudinem
2418 3126 2666 3183 ﬁdelium
2715 3128 3028 3185 collocabit.
3061 3130 3167 3185 Per
3214 3148 3410 3185 menses
3441 3131 3545 3185 sin-

1952 3215 2104 3285 gulos
2131 3216 2352 3271 reddens
2396 3217 2632 3289 fructum
2678 3236 2848 3275 suum.
2867 3220 3080 3275 Menses
3107 3220 3309 3294 singuli
3339 3228 3546 3294 tempo-

240 3281 378 3382 sole,
412 3280 470 3337 id
500 3289 601 3349 est,
631 3282 867 3382 Domino
895 3280 1662 3382 ad.judiciulu,'siccabilur;
1706 3284 1836 3382 quia
1871 3300 1914 3360 C
1946 3280 2007 3359 ra
2037 3311 2166 3360 sunt
2196 3305 2262 3361 ab
2316 3280 2477 3362 initio
2531 3308 2725 3365 mundi
2755 3325 2928 3382 usque
2979 3308 3050 3365 ad
3096 3280 3266 3365 ﬁnevm
3300 3280 3547 3380 ejus,-de

238 3380 365 3446 post
430 3373 888 3431 resurrectionem
947 3371 1139 3429 divina
1198 3372 1482 3444 Scriptura
1536 3375 1840 3431 necessaria

239 3489 354 3529 non
381 3472 505 3529 erit.
539 3472 708 3527 Porro
738 3487 833 3544 per
862 3469 1117 3538 ﬂuvium,
1167 3468 1262 3542 qui
1312 3469 1469 3524 nullo
1514 3468 1708 3524 ardore
1749 3484 1840 3525 so-

237 3566 309 3623 lis
359 3566 688 3633 exsiccatur,
745 3564 917 3635 gloria
956 3569 1271 3619 sanctorum
1323 3569 1584 3632 perpetua
1636 3560 1840 3616 intelli-

236 3665 408 3737 gitur,
439 3663 535 3738 qui
588 3680 620 3719 a
666 3661 791 3718 sede
820 3662 917 3717 Dei
968 3668 1022 3716 et
1067 3659 1211 3732 Agni
1258 3659 1552 3731 procedere
1597 3657 1836 3728 dicitur;

235 3756 367 3830 quia
403 3756 599 3814 abillo
629 3753 832 3810 ﬂuvius
878 3752 1065 3824 gloriae
1116 3759 1431 3809 sanctorum
1480 3748 1758 3820 procedet,
1809 3765 1841 3805 a

234 3870 365 3928 quo,
398 3853 513 3908 illis
541 3852 602 3908 in
629 3866 791 3908 carne
817 3848 1031 3922 positis,
1073 3848 1339 3921 processit
1384 3846 1540 3903 rivus
1585 3846 1837 3903 omnium

232 3948 529 4005 bonorum.

307 4037 413 4105 Qui
452 4034 659 4092 ﬂuvius
706 4033 1029 4108 splendidus
1070 4041 1331 4107 tanquam
1381 4033 1676 4106 crystallus
1721 4047 1837 4087 esse

236 4127 444 4184 dicitur
470 4143 481 4182 :
517 4141 709 4182 verum
736 4124 866 4197 quia
901 4124 1068 4197 hujus
1097 4120 1297 4197 lapidis
1326 4122 1384 4178 in
1405 4122 1510 4178 hoc
1530 4122 1672 4178 libro
1692 4136 1836 4192 saepe

236 4227 300 4283 ﬁt
330 4224 558 4293 mentio,
601 4223 811 4297 placuit
856 4230 918 4279 ut
965 4222 1032 4278 de
1081 4230 1278 4277 natura
1332 4228 1387 4275 et
1434 4217 1835 4292 signiﬁcatione

233 4316 353 4389 ejus
382 4332 551 4388 pauca
581 4315 848 4371 dicamus.
902 4312 1002 4368 Hic
1031 4312 1170 4384 lapis
1200 4310 1402 4369 clarior
1447 4317 1530 4365 est
1577 4308 1835 4365 omnibus

236 4408 513 4480 lapidibus
546 4426 558 4463 :
593 4406 838 4462 nascitur
874 4412 1057 4461 autem
1102 4404 1161 4460 in
1205 4403 1585 4478 frigidissimis
1617 4402 1776 4470 locis,
1803 4419 1835 4457 a

234 4501 436 4575 quibus
464 4500 641 4574 frigus
681 4514 963 4571 nunquam
1012 4496 1239 4554 recedit.
1287 4496 1428 4564 Quia
1470 4511 1539 4550 ex
1583 4494 1833 4552 inferiori

234 4598 384 4664 parte
422 4607 554 4648 saxo
592 4586 997 4662 aliquantulum
1028 4586 1273 4643 molliori
1306 4585 1557 4652 inhaeret,
1590 4586 1831 4644 radicem

1950 3393 2153 3465 quibus
2181 3395 2496 3469 frequenter
2524 3398 2788 3454 diximus.
2819 3399 2923 3454 Per
2968 3414 3183 3454 menses
3209 3414 3335 3469 ergo
3361 3398 3545 3469 singu-

1950 3481 2032 3537 los
2082 3483 2275 3540 reddet
2327 3486 2569 3542 fructum
2628 3504 2790 3543 suum
2835 3505 2849 3555 ;
2909 3487 3037 3560 quia
3092 3502 3284 3542 omnes
3341 3487 3547 3543 electos

1949 3569 2044 3644 qui
2075 3571 2308 3645 singulis
2336 3574 2677 3647 temporibus
2706 3576 2950 3644 fuerunt,
2981 3582 3034 3631 et
3073 3582 3235 3630 erunt
3272 3592 3447 3648 usque
3475 3575 3544 3631 ad

1948 3660 2137 3731 ﬁnem,
2181 3664 2239 3718 in
2267 3663 2365 3718 illa
2411 3663 2755 3721 beatitudine
2801 3665 2951 3721 Patri
2989 3663 3418 3737 repraesentabit.
3471 3666 3546 3720 Et

1946 3750 2083 3822 folia
2127 3753 2258 3825 ligni
2303 3755 2376 3809 ad
2424 3754 2700 3810 sanitatem
2744 3755 2991 3827 gentium.
3026 3754 3180 3809 Folia
3210 3753 3347 3826 ligni
3378 3751 3544 3809 verba

1947 3849 2077 3896 sunt
2106 3842 2414 3915 Evangelii,
2447 3860 2566 3917 quae
2597 3844 2886 3907 sanitatem
2910 3844 3101 3899 multis
3131 3843 3385 3915 gentibus
3410 3858 3542 3914 prae-

1946 3930 2225 3986 stiterunt.
2257 3931 2330 3987 Et
2382 3939 2463 3986 est
2509 3949 2700 3988 sensus
2742 3950 2752 3988 :
2789 3933 2992 3989 Omnes
3042 3940 3229 4005 gentes
3278 3948 3398 4005 quae
3447 3945 3543 4002 per

1946 4017 2255 4074 doctrinam
2284 4018 2571 4093 Evangelii
2598 4039 2630 4077 a
2650 4021 3008 4094 languoribus
3035 4023 3345 4078 animarum
3376 4020 3541 4078 salva:

1944 4107 2101 4165 facta)
2132 4116 2283 4177 sunt,
2316 4108 2374 4164 in
2404 4109 2613 4166 caelesti
2642 4109 2987 4167 beatitudine
3014 4112 3333 4168 constituet.

2019 4225 2201 4295 (Vers.
2250 4227 2330 4299 3.)
2380 4230 2454 4283 Et
2480 4244 2630 4282 omne
2657 4227 2995 4283 maledictum
3020 4244 3126 4297 non
3154 4229 3258 4283 erit
3282 4225 3537 4301 amplius.

1944 4313 2080 4372 Cum
2114 4315 2270 4384 dicit,
2328 4333 2476 4371 omne
2503 4317 2864 4387 maledictum,
2898 4316 3238 4375 demonstrat
3273 4318 3541 4392 plurimas

1944 4420 2056 4461 esse
2088 4405 2525 4464 maledictiones.
2577 4408 3023 4466 Maledictionem
3076 4408 3269 4464 mortis
3326 4410 3541 4481 primus

1942 4493 2109 4549 homo
2146 4495 2385 4554 incurrit
2424 4498 2578 4570 (Gen.
2630 4515 2712 4566 III,
2765 4497 2879 4569 19),
2917 4495 3138 4568 quando
3166 4498 3433 4569 peccavit,
3486 4507 3541 4557 et

1945 4588 2013 4643 ab
2037 4588 2136 4645 illo
2164 4590 2225 4646 in
2255 4607 2445 4647 omnes
2471 4589 2723 4646 homines
2752 4589 3106 4661 pertransivit
3131 4589 3306 4660 (Rom.
3339 4606 3397 4659 v,
3423 4591 3536 4664 12).

235 4680 292 4736 in
318 4697 383 4737 eo
421 4695 714 4754 parumper
759 4676 1020 4747 deﬁgens,
1065 4692 1392 4748 sursumque
1432 4691 1680 4732 crescens
1715 4677 1834 4733 eri—
1863 4664 1912 4723 D
1945 4679 2019 4735 Et
2044 4678 2111 4735 de
2141 4679 2358 4737 Christo
2406 4681 2609 4736 Paulus
2656 4679 2792 4735 dicit
2822 4676 2967 4752 quod
3002 4678 3179 4736 factus
3207 4679 3280 4735 sit
3307 4680 3537 4737 maledic

234 4770 397 4843 gitur,
431 4786 525 4825 sex
558 4769 788 4841 angulos
818 4766 1028 4823 habens
1051 4765 1109 4821 in
1140 4766 1459 4822 summitate
1506 4782 1637 4821 vero
1684 4766 1831 4822 acui-

234 4870 356 4927 tur;
389 4859 641 4917 eumdem
669 4868 852 4915 tamen
882 4856 1134 4912 ordinem
1164 4872 1262 4911 sex
1292 4855 1619 4927 angulorum
1659 4871 1830 4928 usque

233 4949 300 5007 ad
349 4948 722 5005 summitatem
775 4962 1018 5003 servans.
1070 4944 1356 5018 Signiﬁcat
1397 4952 1580 5000 autem
1630 4958 1831 4999 unum-

232 5055 502 5114 quemque
530 5040 834 5112 perfectum
857 5037 1042 5094 virum
1068 5055 1079 5093 :
1109 5037 1249 5109 lapis
1270 5052 1422 5105 vero,
1456 5035 1545 5092 cui
1576 5035 1828 5105 inhaeret,
1862 5110 1869 5117 ἱ

231 5130 513 5189 Christum
569 5128 819 5200 designat
876 5146 888 5184 :
953 5126 1175 5183 claritas
1225 5125 1474 5198 crystalli
1531 5125 1825 5197 puritatem

232 5227 499 5284 mentium
526 5223 673 5283 586
701 5232 1017 5283 sanctorum
1045 5241 1057 5279 :
1094 5242 1190 5282 sex
1219 5222 1405 5296 anguli
1433 5223 1824 5296 perfectionem

228 5318 607 5376 demonstrant
636 5335 865 5393 operum
893 5318 1189 5375 bonorum.
1232 5317 1495 5374 Ordinem
1532 5334 1630 5375 sex
1660 5334 1827 5391 angu-

230 5410 404 5466 lorum
432 5426 605 5484 usque
634 5411 704 5467 ad
731 5408 1105 5467 summitatem
1136 5408 1321 5477 ducit;
1364 5408 1494 5482 quia
1520 5408 1696 5465 sancti
1722 5408 1826 5464 hoc

228 5497 475 5568 student;
500 5507 562 5556 ut
590 5500 983 5573 perfectionem
1010 5498 1281 5555 bonorum
1312 5514 1542 5571 operum
1562 5513 1738 5572 usque
1757 5499 1825 5554 ad

227 5590 386 5647 ﬁnem
418 5591 549 5648 vitae
578 5591 879 5664 perducant
907 5610 918 5648 :
952 5591 1009 5647 in
1036 5590 1411 5664 superioribus
1430 5606 1562 5646 vero
1592 5590 1824 5647 summi-

227 5689 332 5738 tate
382 5682 632 5751 acuitur;
696 5682 824 5755 quia
875 5682 1061 5740 omnis
1110 5683 1347 5739 intentio
1394 5688 1709 5739 sanctorum
1756 5679 1824 5735 ad

1941 4780 2092 4828 ctum
2134 4788 2233 4844 pro
2270 4772 2431 4829 nobis
2471 4772 2678 4839 (Gn-lat.
2710 4788 2794 4839 III,
2828 4770 2940 4842 l3);
2971 4770 3100 4843 quia
3126 4778 3383 4838 mortem,
3414 4788 3536 4845 quas

1941 4870 2023 4918 est
2066 4860 2382 4918 maledictio
2432 4860 2598 4933 primi
2641 4859 2905 4929 hominis,
2964 4875 3064 4931 pro
3115 4868 3304 4917 nostra
3358 4862 3535 4920 salute

1940 4951 2199 5025 suscepit.
2233 4951 2337 5007 Sed
2366 4957 2419 5006 et
2435 4949 2569 5008 Cain
2591 4936 2689 5022 pro
2712 4958 2866 5006 reatu
2892 4948 3185 5006 homicidii
3206 4950 3534 5008 maledictus

1942 5052 2024 5100 est
2072 5059 2104 5098 a
2148 5044 2262 5098 Deo
2307 5040 2462 5113 (Gen.
2498 5056 2573 5108 Iv,
2612 5040 2727 5113 11).
2777 5040 2850 5096 Et
2879 5039 3349 5111 contemptoribus
3374 5040 3533 5113 Legis

1941 5131 2080 5189 dicit
2106 5133 2323 5204 Moyses
2352 5148 2363 5186 :
2413 5153 2432 5177 ‹
2461 5129 2785 5187 Maledictus
2816 5130 2911 5203 qui
2950 5145 3063 5186 non
3092 5130 3527 5202 permanseritin

1940 5220 2285 5278 sermonibus
2322 5219 2451 5276 libri
2503 5218 2670 5292 hujus
2697 5220 2778 5293 (5)
2813 5220 2993 5294 (Deut.
3030 5237 3208 5289 xxvn,
3242 5220 3357 5291 26).
3389 5244 3408 5268 ι
3452 5220 3532 5278 Si-

1936 5311 2145 5368 militer
2167 5319 2221 5367 et
2251 5327 2353 5367 nos
2381 5327 2507 5367 cum
2540 5310 2778 5383 graviter
2804 5327 3110 5383 peccamus,
3141 5309 3248 5382 ipsi
3276 5325 3377 5367 nos
3394 5320 3530 5369 met-

1937 5401 2085 5475 ipsos
2139 5399 2375 5473 pessima
2404 5400 2791 5457 maledictione
2840 5400 3185 5457 damnamus.
3226 5399 3400 5457 Omne
3427 5400 3527 5474 igi-

1934 5502 2028 5549 tur
2066 5490 2420 5548 maledictum
2448 5507 2560 5546 non
2606 5491 2711 5547 erit
2738 5491 3006 5565 amplius;
3051 5490 3182 5562 quia
3232 5498 3520 5563 peccatum

1936 5601 2049 5642 non
2100 5583 2224 5650 erit,
2275 5598 2377 5639 nec
2430 5582 2642 5655 aliquid
2689 5581 2835 5653 quod
2886 5580 3228 5639 occasionem
3286 5580 3527 5655 praebeat

1936 5671 2216 5747 peccandi.
2266 5673 2582 5731 Maledictio
2612 5688 2828 5747 quoque
2869 5672 3033 5746 primi
3063 5672 3310 5732 hominis
3356 5672 3414 5728 in
3443 5689 3470 5727 r
3497 5689 3526 5729 e

295 5819 378 5893 (ὅ)
406 5819 611 5879 Omnes
641 5818 800 5890 edit.,
830 5819 887 5876 in
917 5820 1159 5879 omnibus
1189 5821 1256 5878 iis
1277 5838 1298 5888 ;
1345 5836 1533 5878 omnes
1574 5836 1703 5878 mss.
1713 5862 1729 5891 ,
1759 5819 1816 5876 in
1854 5819 2181 5877 sermonibus
2211 5818 2336 5875 libri
2368 5818 2544 5887 hujus.
