3964 6370
452 422 586 483 1051

1462 425 1559 481 AD
1597 422 1831 481 OPERA
1867 422 1925 479 S.
1966 418 2300 477 AMBROSII
2338 416 2714 477 APPENDIX.

3604 417 3756 477 1082

444 549 783 607 surrectione
826 550 1118 620 delebitur,
1172 566 1300 608 cum
1344 550 1729 607 immortalitas
1767 549 2025 605 omnibus
2058 550 2110 610 Α
2136 546 2269 614 cito,
2303 562 2335 602 a
2363 548 2475 603 Deo
2514 562 2571 603 se
2607 545 2745 603 dicit
2786 562 2905 603 esse
2951 544 3232 602 missum?
3291 544 3430 612 Quia
3478 544 3753 604 nimirum

446 638 632 695 electis
658 638 825 696 fuerit
853 640 1136 697 attributa.
1170 642 1243 696 Et
1278 642 1419 696 sedes
1449 641 1547 696 Dei
1592 646 1640 694 et
1684 639 1824 710 Agni
1850 639 1909 693 in
1933 638 2036 694 illa

445 734 619 791 erunt.
665 729 723 785 Si
752 729 918 787 modo
959 740 1089 787 sunt
1136 731 1310 787 sancti
1356 731 1456 786 Dei
1505 730 1564 787 in
1592 729 1695 786 hac
1722 730 1839 786 vita
1870 728 2035 801 positi

446 817 600 874 sedes
618 816 739 886 Dei,
766 826 981 890 [quanto
1013 818 1184 889 magis
1216 827 1367 887 tunc,
1398 836 1521 874 cum
1552 818 1912 890 corruptibile
1932 817 2038 874 hoc

445 903 691 962 induerit
714 906 1206 978 incorruptionem,
1221 913 1275 962 et
1298 908 1529 962 mortale
1548 906 1655 963 hoc
1678 906 1922 963 induerit
1939 906 2037 961 im-

447 996 837 1053 mortalitatem
861 998 920 1069 (I
936 996 1296 1069 Cor.xv,53)?
1314 999 1389 1053 Et
1405 997 1669 1068 serviejus
1688 997 1913 1052 servient
1932 996 2035 1053 illi.

447 1084 581 1152 Quae
607 1092 690 1140 est
714 1086 822 1142 ista
847 1087 1106 1155 servitus,
1137 1102 1246 1159 qua
1292 1086 1438 1143 servi
1467 1086 1567 1143 Dei
1596 1085 1840 1142 servient
1868 1087 1981 1142 Deo
2010 1085 2040 1142 Ῡ

445 1170 700 1231 Amando
746 1173 1005 1233 videlicet
1033 1192 1181 1244 eum,
1211 1183 1267 1232 et
1295 1176 1414 1232 sine
1438 1176 1548 1232 ﬁne
1580 1192 1706 1232 eum
1740 1175 2034 1233 laudando.

521 1264 701 1336 (Vers.
740 1266 822 1341 4.)
851 1268 927 1324 Ει
952 1268 1198 1325 videbunt
1227 1267 1417 1340 faciem
1445 1268 1580 1338 ejus,
1627 1273 1676 1323 et
1701 1283 1889 1322 nomen
1926 1266 2040 1337 ejus

448 1356 504 1411 in
538 1356 805 1427 frontibus
849 1376 1049 1416 eorum.
1099 1361 1312 1428 Quanta
1357 1360 1434 1416 sit
1470 1359 1644 1432 gloria
1693 1367 1747 1415 et
1797 1357 2039 1414 suavitas

449 1464 568 1521 quae
598 1448 802 1506 sanctis
840 1450 1264 1519 ministrabitnr,
1318 1466 1475 1505 mens
1527 1449 1770 1504 humana
1795 1462 2038 1520 compre-

448 1537 687 1596 hendere
723 1556 835 1597 non
864 1549 1061 1613 potest,
1114 1540 1260 1597 sicut
1300 1538 1436 1598 dicit
1477 1538 1760 1609 apostolus
1792 1536 2034 1592 Paulus:

462 1652 481 1677 ε
508 1628 666 1696 Quod
695 1630 886 1687 oculus
914 1647 1026 1686 non
1056 1629 1218 1698 vidit,
1252 1645 1352 1687 nec
1381 1628 1531 1683 auris
1582 1627 1820 1695 audivit,
1851 1643 1953 1683 nec
1978 1627 2038 1682 in

446 1736 540 1776 cor
560 1719 801 1776 hominis
820 1719 1084 1788 ascendit,
1117 1735 1236 1793 qua:
1266 1716 1594 1791 praeparavit
1612 1719 1786 1773 Deum
1808 1715 2039 1788 diligen-

446 1808 593 1865 tibus
631 1826 687 1867 se
736 1811 795 1881 (Ι
832 1810 956 1867 Cor.
990 1827 1049 1880 Il,
1082 1810 1162 1881 9).
1212 1833 1230 1858 ι
1287 1809 1393 1865 Sed
1440 1823 1658 1864 omnem
1688 1804 2038 1863 dulcedinem

2144 636 2418 709 pneterita
2452 635 2612 694 facile
2639 635 3044 708 dignoscuntur
3079 653 3091 691 :
3137 634 3327 691 futura
3352 642 3536 692 autem
3566 644 3623 693 et
3651 635 3754 692 in-

2144 728 2362 799 cognita
2376 726 2693 783 hominibus
2712 743 2825 783 non
2840 725 2948 782 nisi
2975 742 3072 798 per
3100 724 3493 782 revelationem
3506 725 3754 799 Spiritus

2144 817 2341 884 sancti,
2384 824 2479 872 aut
2517 833 2613 889 per
2652 818 2973 889 angelorum
3018 815 3394 873 ministerium
3439 816 3754 889 intelligere

2145 921 2455 977 possumus.
2523 906 2701 963 Aliter
2758 905 3031 979 quidquid
3093 907 3433 979 ignoramus,
3494 904 3753 963 futurum

2146 995 2307 1051 nobis
2346 1003 2464 1064 est;
2515 996 2644 1069 quia
2693 997 2943 1053 futurum
2992 1005 3074 1054 est
3111 1003 3173 1051 ut
3229 996 3300 1052 ad
3348 1013 3445 1054 cor
3494 1007 3752 1055 nostrum

2145 1084 2354 1155 veniat,
2385 1086 2532 1159 quod
2561 1086 2871 1155 nescimus;
2917 1087 3059 1144 illud
3095 1087 3379 1157 videlicet,
3420 1088 3569 1162 quod
3600 1090 3755 1145 Deus

2147 1174 2559 1245 praedestinavit
2589 1185 2652 1232 ut
2679 1176 2985 1242 sciremus;
3027 1192 3140 1232 non
3169 1177 3319 1233 enim
3351 1177 3582 1234 scientia
3615 1176 3752 1233 mali

2146 1264 2308 1321 nobis
2336 1266 2719 1338 pradestinata
2744 1273 2848 1335 est,
2884 1265 2980 1323 sed
3007 1282 3078 1322 ex
3107 1266 3366 1340 originali
3396 1266 3753 1341 peccatodes-

2146 1355 2353 1412 cendit.

2226 1449 2372 1507 587
2411 1453 2593 1525 (Vers.
2625 1452 2704 1526 7.)
2747 1455 2821 1510 Et
2873 1469 2979 1509 ecce
3018 1453 3167 1508 venio
3212 1451 3474 1510 velociter.
3530 1453 3648 1511 Hoc
3690 1454 3753 1509 in

2147 1557 2379 1614 persona
2418 1543 2664 1617 loquitur
2693 1542 2923 1610 Christi,
2961 1542 3281 1615 signiﬁcans
3317 1560 3441 1600 eum
3490 1542 3561 1599 ad
3598 1541 3753 1614 judi-

2147 1632 2295 1687 cium
2323 1632 2435 1689 cito
2459 1648 2576 1689 esse
2604 1640 2922 1689 venturum.
2965 1634 3162 1689 Beatus
3193 1619 3287 1703 qui
3330 1632 3556 1688 custodit
3591 1633 3755 1690 verba

2142 1723 2433 1793 prophetia:
2471 1722 2599 1779 libri
2644 1723 2824 1795 hujus.
2868 1721 2968 1779 Ille
3009 1729 3192 1778 servat
3222 1720 3390 1778 verba
3417 1722 3753 1794 prophetiae,

2145 1809 2205 1866 id
2232 1818 2314 1867 est
2338 1812 2593 1869 mandata
2631 1813 2752 1882 Dei,
2782 1813 2879 1885 qui
2906 1829 2971 1869 ea
3010 1811 3287 1883 operando
3328 1811 3543 1882 implet,
3587 1819 3643 1868 et
3692 1812 3755 1873 in

443 1905 605 1970 atque
633 1896 957 1955 suavitatem
988 1898 1129 1954 illud
1175 1897 1541 1963 transcendet,
1590 1895 1738 1971 quod
1770 1895 2039 1951 videbunt
2062 1906 2109 1967 Β
2145 1898 2503 1956 meditatione
2529 1917 2720 1958 eorum
2753 1901 3004 1958 assiduus
3035 1909 3137 1969 est,
3168 1900 3407 1971 implens
3431 1899 3575 1958 illud
3603 1900 3754 1959 Psal-

443 1987 617 2043 Deum
645 1985 783 2043 facie
821 1985 890 2043 ad
942 1986 1160 2045 faciem.
1202 1987 1413 2044 Nomen
1445 2002 1577 2043 vero
1605 1984 1707 2041 Dei
1750 1990 1830 2039 est
1859 1982 2036 2038 Filius

442 2076 581 2133 Dei:
631 2090 832 2132 nomen
882 2076 1067 2150 itaque
1111 2076 1218 2134 erit
1264 2076 1323 2132 in
1371 2076 1652 2132 frontibus
1681 2081 2035 2141 sanctorum;

443 2164 573 2237 quia
626 2165 743 2239 ipsa
794 2165 1015 2223 claritas
1060 2175 1223 2241 atque
1271 2166 1481 2240 species
1518 2162 1920 2221 demonstrabit
1948 2178 2040 2219 eos

442 2270 559 2311 esse
585 2253 729 2311 ﬁlios
762 2253 883 2311 Dei.

517 2343 696 2415 (Vers.
729 2343 810 2415 5.)
860 2344 935 2400 Et
977 2359 1087 2398 nos:
1131 2344 1279 2399 ultra
1318 2358 1426 2398 non
1477 2342 1598 2399 erit.
1630 2341 1780 2399 Dicit
1829 2341 1887 2397 in
1927 2340 2038 2398 alio

442 2430 566 2488 loco
593 2432 827 2488 Joannes
860 2448 873 2486 :
921 2457 939 2480 ι
967 2433 1113 2489 Deus
1143 2433 1241 2488 lux
1271 2439 1371 2501 est,
1403 2439 1456 2488 et
1486 2431 1724 2488 tenebrae
1756 2431 1811 2486 in
1840 2446 1905 2487 eo
1926 2446 2038 2486 non

442 2528 571 2578 sunt
599 2520 726 2577 ullae
757 2521 815 2595 (Ι
837 2522 994 2578 Joan.
1027 2539 1068 2590 ι,
1099 2521 1179 2594 5).
1219 2546 1238 2571 ι
1299 2521 1445 2590 Quas
1473 2536 1600 2593 ergo
1648 2505 1896 2577 tenebras
1923 2518 2037 2592 pati

444 2617 722 2683 poterunt,
777 2629 809 2668 a
861 2611 1063 2685 quibus
1099 2613 1245 2669 Deus
1273 2610 1492 2668 assidue
1521 2609 1804 2666 videbitur
1823 2609 1852 2665 ‘i
1880 2607 2037 2676 Quod

443 2700 490 2754 si
522 2700 589 2756 de
624 2700 966 2758 daemonibus
1013 2709 1068 2758 et
1105 2701 1291 2775 impiis
1340 2699 1649 2773 intelligere
1694 2697 2037 2767 voluerimus

439 2791 546 2848 hoc
573 2792 806 2862 dictum,
838 2810 950 2849 nox
970 2808 1084 2848 non
1109 2793 1214 2848 erit
1246 2809 1258 2848 :
1293 2790 1423 2865 quia
1450 2791 1728 2847 daemones
1765 2805 1892 2845 cum
1923 2804 2036 2842 om-

440 2881 606 2937 nibus
633 2882 819 2954 impiis
859 2883 916 2937 in
963 2883 1150 2939 cloaca
1179 2879 1384 2937 inferni
1428 2879 1489 2936 in
1532 2886 1858 2951 perpetuum
1885 2885 2035 2933 tene-

439 2970 648 3027 buntur
677 2970 897 3027 reclusi.
922 2973 998 3027 Et
1013 2988 1119 3025 non
1147 2971 1359 3042 egebunt
1381 2970 1574 3025 lumine
1605 2970 1851 3036 lucernae,
1874 2984 2036 3037 neque

443 3060 637 3117 lumine
679 3061 827 3116 solis.
877 3060 1136 3117 Diximus
1167 3060 1419 3132 superius
1448 3076 1544 3131 per
1574 3059 1760 3113 lumen
1800 3058 1945 3114 lunae
1974 3073 2036 3113 ac

441 3148 629 3203 lumen
686 3146 818 3203 solis
870 3153 1028 3204 vetus
1075 3164 1139 3204 ac
1183 3164 1389 3203 novum
1451 3147 1857 3202 Testamentum
1921 3160 2035 3205 esse

440 3235 784 3309 designatum
819 3257 831 3295 :
891 3237 1138 3294 eamdem
1168 3238 1354 3311 itaque
1379 3234 1842 3309 signiﬁcationem
1867 3230 2034 3289 habet

440 3327 664 3384 lucerna
692 3328 751 3383 in
778 3327 884 3384 hoc
912 3328 1053 3397 loco,
1088 3332 1251 3402 quam
1277 3326 1530 3399 superius
1560 3324 1808 3407 diXimus
1842 3324 2029 3407 lunam

439 3417 713 3475 habuisse.
763 3419 842 3474 De
889 3418 1099 3474 lumine
1126 3425 1311 3474 autem
1357 3415 1490 3472 solis
1518 3431 1582 3472 ac
1611 3414 1779 3483 lunae,
1823 3410 1882 3470 id
1928 3420 2029 3480 est,

439 3509 639 3565 veteris
658 3525 721 3565 ac
734 3507 867 3565 novi
888 3505 1250 3577 Testamenti,
1269 3504 1521 3580 superius
1536 3502 1725 3578 aliqua
1755 3492 2029 3559 diximus.

440 3596 555 3653 Hoc
601 3596 770 3669 igitur
814 3596 1023 3652 lumine
1077 3612 1189 3655 non
1238 3594 1488 3668 egebunt
1524 3593 1720 3651 sancti.
1769 3592 2034 3659 Quoniam

437 3686 697 3743 Dominus
725 3686 864 3741 Deus
896 3683 1220 3741 illuminabit
1246 3686 1388 3749 illos,
1437 3672 1484 3739 et
1524 3684 1815 3757 regnabant
1840 3682 1897 3737 in
1925 3671 2035 3738 see?-

439 3775 560 3829 cula
588 3775 922 3829 saeculorum.
955 3774 1248 3847 Hucusque
1291 3772 1433 3829 visio
1482 3772 1736 3849 septima.
1776 3768 1915 3845 Quae
1950 3789 2029 3828 se-

439 3870 704 3936 quuntur,
736 3862 803 3918 ad
828 3860 1262 3919 admonitionem
1294 3854 1579 3936 pertinenti
1603 3862 1775 3934 ipsius
1804 3861 2031 3918 Joannis

426 3958 869 4024 paeterorumque
898 3950 1170 4007 ﬁdelium.
1768 3944 1772 3953 ’
1912 3942 1913 3945 Ἴ
1988 4012 1993 4021 .

513 4049 701 4121 (Vers.
728 4049 807 4127 ti.)
833 4050 906 4107 Et
933 4050 1084 4127 dixit
1101 4048 1230 4104 mihi
1256 4066 1272 4103 :
1323 4048 1444 4105 Hac
1472 4046 1631 4103 verba
1656 4044 1965 4123 ﬁdelissima
1985 4051 2032 4109 et

438 4155 565 4193 vera
593 4145 733 4193 sunt.
758 4124 875 4194 Hoc
901 4139 988 4195 bis
1008 4124 1131 4195 ideo
1162 4138 1378 4211 repetit,
1396 4146 1457 4193 ut
1476 4138 1664 4193 nullus
1680 4128 2032 4192 considerans

439 4222 798 4282 obscuritates
844 4222 1178 4296 dictionum,
1210 4233 1265 4282 et
1294 4243 1359 4297 ea
1387 4242 1506 4300 qum
1536 4212 1843 4280 secundum
1874 4220 2033 4278 litte-

438 4334 555 4376 ram
603 4311 1004 4378 irrationabilia
1040 4308 1330 4389 videntur,
1381 4306 2026 4387 incredulusfexsistat‘;

432 4402 664 4466 'fueru'nt
692 4410 839 4466 enim
871 4402 1118 4484 quidam,
1142 4414 1143 4417 ‘
1167 4406 1261 4486 qui
1290 4410 1401 4466 no‘n
1431 4406 1799 4482 intelligentes
1838 4406 2033 4465 divina

434 4497 721 4579 mysteria,
752 4504 883 4574 qua:
908 4494 988 4554 'in
1018 4498 1123 4557 hoc
1152 4496 1294 4556 libro
1320 4500 1696 4569 continentur,
1726 4504 1765 4557 a'
1781 4494 2030 4572 catalogo

2148 1987 2436 2061 mographi
2460 1988 2709 2046 dictum:
2757 2015 2777 2039 ι
2813 1988 2918 2046 Sed
2947 1988 3006 2045 in
3054 1990 3170 2061 lege
3219 1986 3445 2047 Domini
3484 1988 3753 2047 voluntas

2148 2075 2287 2147 ejus,
2345 2087 2401 2134 et
2455 2078 2515 2135 in
2572 2080 2687 2152 lege
2743 2077 2861 2151 ejus
2913 2076 3277 2135 meditabitur
3328 2075 3437 2137 die.
3470 2094 3537 2153 ac
3588 2085 3756 2139 nocte

2152 2170 2562 2242 (Psal.'r,2).s
3282 2214 3283 2221 η
3384 2208 3429 2229 γτ
3504 2204 3510 2215 .
3592 2226 3593 2233 γ
3706 2210 3709 2219 .

2220 2268 2403 2338 (Vers.
2446 2268 2499 2337 8,
2540 2268 2621 2339 9.)
2670 2269 2747 2323 Et
2784 2284 2872 2338 ego
2913 2267 3145 2323 Joannes
3184 2264 3278 2336 qui
3323 2264 3601 2325 audiuiglet
3631 2267 3758 2327 nidi

2146 2357 2271 2425 haec,
2326 2363 2374 2411 et
2416 2363 2702 2428 postquam
2750 2346 3023 2411 audissem
3060 2360 3110 2409 et
3154 2354 3422 2419 vidissem,
3470 2353 3642 2413 cecidi
3694 2361 3759 2411 ut

2145 2446 2428 2501 adorarent
2455 2452 2576 2501 ante
2596 2446 2751 2517 pedes
2786 2444 2981 2516 angeli,
3027 2442 3293 2513 quimihi
3345 2444 3452 2499 haec
3500 2444 3757 2505 ostende—

2147 2534 2253 2604 bat,
2280 2541 2330 2590 et
2355 2534 2497 2590 dixit
2538 2534 2716 2589 mihi:
2756 2534 2880 2593 Vide
2911 2549 2976 2587 ne
3023 2531 3231 2602 feceris,
3287 2548 3569 2591 conservus
3613 2538 3756 2591 tuus

2142 2640 2259 2679 sum
2285 2631 2332 2679 et
2359 2623 2597 2694 fratrum
2634 2622 3278 2694 tuorampmphclarum,
3304 2626 3605 2679 eteorum
3643 2621 3758 2693 qui

2144 2722 2357 2770 servant
2383 2715 2551 2770 verba
2577 2714 2703 2769 libri
2727 2713 2908 2783 hujus.
2957 2713 3126 2768 Deum
3152 2711 3355 2769 adora.
3373 2709 3493 2771 ,Cur
3519 2712 3748 2785 angelus

2143 2819 2176 2858 a
2202 2803 2411 2865 Joanne
2438 2802 2664 2859 adorari.
2685 2801 2949 2869 noluerit,
3000 2800 3207 2857 beatus
3238 2799 3750 2870 Gregoriusqsuﬂiy-

2144 2893 2353 2951 cienter
2374 2894 2637 2966 exposuit
2676 2893 2759 2966 (6)
2790 2912 2802 2950 :
2855 2892 3219 2967 quaerendum
3256 2908 3386 2949 vero
3416 2890 3744 2962 rnobisest,

2143 2999 2242 3040 cur
2271 2982 2648 3055 repetitaquod
2691 2990 2852 3040 antea
2872 2981 2948 3037 vei
2983 2980 3343 3053 prohibitum
3374 2980 3588 3039 fuerat.
3630 2981 3749 3045 Sed

2144 3072 2191 3128 si
2218 3071 2510 3144 diligenter
2557 3071 2888 3143 scripturam
2938 3068 3069 3127 libri
3101 3068 3270 3141 hujus
3304 3069 3747 3142 inspexerimus,

2144 3178 2255 3223 non
2282 3164 2342 3219 in
2366 3177 2576 3219 vanum
2600 3177 2725 3219 esse.
2745 3160 2951 3217 factum
2974 3159 3345 3228 intuebimur;
3383 3175 3663 3223 mmacum
3695 3159 3748 3219 ei

2070 3266 2113 3329 α
2138 3250 2569 3315 demonstrasset
2593 3252 2820 3324 angelus
2851 3249 3134 3311 Christum
3164 3250 3224 3306 in
3253 3265 3352 3316 sua
3383 3248 3510 3309 sede
3538 3249 3749 3319 sedet).-

2143 3349 2277 3410 tem,
2303 3350 2646 3415 quatuorque
2693 3340 2976 3409 animalia,
3019 3347 3074 3395 et
3122 3337 3325 3411 viginti
3354 3346 3615 3411 quatuor,
3640 3355 3749 3401 se—

2130 3433 2348 3502 niores,
2391 3431 2992 3506 nequaquamdicitur
3042 3429 3310 3500 angelum,
3352 3427 3577 3497 adorare
3631 3445 3747 3503 vo-

2144 3523 2330 3587 luisse.
2379 3522 2647 3580 Similiter
2674 3538 2807 3579 cum
2844 3521 2921 3591 ei
2943 3520 3370 3592 demonstrasset
3398 3516 3647 3593 qualiter
3675 3514 3748 3593 ab

2143 3612 2301 3685 Agno
2329 3618 2535 3684 septem
2575 3611 2755 3685 sigilla
2800 3618 3035 3675 reserata
3077 3614 3227 3683 sunt,
3262 3613 3328 3690 et
3370 3622 3617 3691 eaquae.
3641 3604 3750 3663 sub

2144 3709 2310 3773 cantu
2338 3700 2599 3759 tubarum.
2623 3707 2831 3773 septem
2874 3698 3196 3777 angelorum
3246 3700 3393 3769 gesta
3441 3700 3590 3777 sunt,
3640 3702 3750 3777 nec

2143 3776 2255 3846 non
2281 3770 2334 3846 et
2363 3807 2426 3845 ea
2453 3807 2573 3864 quae
2612 3770 2713 3853 sub
2748 3770 3012 3845 effusione
3055 3782 3365 3859 phialarum
3405 3770 3611 3857 septem
3636 3774 3752 3839 an-

2144 3881 2387 3952 gelorum
2436 3889 2584 3953 gesta
2625 3864 2797 3936 fuisse.
2839 3874 3502 3949 leguntur,'nequaquam
3538 3871 3753 3951 dicitur

2143 3970 2289 4044 quod
2314 3970 2567 4043 angelum
2611 3968 2840 4023 adorare
2876 3965 3143 4043 .voluerit.
3194 3963 3295 4018 Ubi
3337 3979 3469 4018 vero
3512 3966 3752 4020 ventum

2142 4069 2225 4116 est
2260 4060 2327 4116 ad
2357 4075 2482 4116 eum
2514 4058 2718 4123 locum,
2748 4055 2807 4109 in
2836 4052 2946 4129 quo
2984 4051 3034 4107 ei
3070 4048 3142 4105 ab
3178 4044 3379 4122 angelo
3402 4050 3753 4129 demonStra-

2142 4134 2259 4206 tum
2289 4138 2399 4219 est,
2434 4144 2669 4218 qualiter
2714 4124 2911 4213 sponsa
2959 4137 3188 4205 Christi,
3235 4136 3292 4194 id
3342 4145 3425 4194 est
3469 4124 3754 4209 Ecclesia,

2143 4228 2362 4295 Christo
2391 4232 2686 4305 conjuncta
2711 4224 2811 4297 est,
2846 4228 2906 4284 in
2936 4244 3001 4285 eo
3031 4224 3291 4284 videlicet
3322 4227 3463 4295 loco,
3485 4226 3752 4285 ubiscri-

2142 4333 2296 4399 ptum
2327 4329 2409 4379 est
2443 4340 2454 4378 :
2502 4316 2835 4377 Gaudeamus
2877 4320 2926 4373 et
2968 4318 3304 4382 exsultemus,
3326 4316 3386 4371 et
3411 4317 3591 4372 demus
3616 4319 3753 4388 glo-

2141 4414 2283 4470 riam
2311 4412 2358 4467 ei
2385 4409 2465 4483 (7)
2491 4427 2505 4478 ;
2539 4409 2668 4481 quia
2694 4412 2950 4465 venerunt
2972 4407 3172 4479 nuptiae
3199 4407 3360 4478 Agni,
3386 4412 3434 4462 et
3451 4418 3601 4461 tuear
3620 4406 3749 4476 ejus

2134 4500 2467 4576 prmparavit
2495 4516 2581 4556 se:
2618 4506 2665 4555 et
2692 4500 2874 4568 datum
2904 4505 2979 4554 est
3000 4520 3001 4523 η
3020 4498 3089 4565 ei,
3121 4502 3182 4552 ut
3214 4497 3422 4568 aperiat
3448 4510 3499 4550 se
3529 4496 3747 4567 byssina

439 4582 754 4687 divinarum
806 4586 1210 4663 Scripturarum
1243 4589 1365 4646 eum
1397 4590 1679 4661 amputare
1708 4590 2025 4646 voluerunt.
2050 4628 2106 4687 ,Β
2140 4590 2436 4664 splendente
2463 4590 2708 4646 candido.
2754 4589 3041 4661 Byssinum
3082 4587 3240 4653 enim,
3290 4585 3493 4659 inquit,
3526 4584 3748 4657 justiﬁe-

437 4666 514 4735 Et
529 4668 790 4737 Dominus
815 4678 955 4751 Deus
988 4676 1275 4755 spirituum
1296 4680 1677 4757 praphetarum
1707 4674 1851 4738 misit
1871 4684 2024 4752 ange-

428 4770 549 4826 lum
576 4770 729 4828 suum
757 4770 1025 4830 ostendere
1044 4775 1211 4829 servis
1241 4772 1370 4841 suis,
1393 4788 1508 4843 quae
1540 4776 1739 4843 oportet
1764 4771 2017 4843 ﬁeri'cité;

438 4858 624 4930 id'est,
650 4862 926 4941 Dominus
944 4862 1113 4932 Deus,
1147 4860 1241 4936 qui
1273 4862 1529 4935 spiritum
1548 4850 1849 4935 prophetiae
1874 4859 2025 4916 dedit

437 4944 694 5007 omnibus
758 4948 962 5009 s'anCtis
1021 4952 1325 5026 prophetis,
1354 4952 1517 5024 ipse
1549 4949 1703 5006 misit
1769 4944 2025 5021 angelum

434 5032 692 5109 suum,’id
720 5034 823 5109 est,
858 5032 1038 5112 ipsum
1071 5040 1166 5113 qui
1188 5026 1297 5097 hoc
1317 5034 1660 5114 loquebatur,
1684 5032 1854 5110 quiet
1868 5037 2026 5092 Joan-

434 5125 495 5186 ni
516 5122 766 5187 ostendit
788 5126 1288 5204 ‘omnia'my'ster‘ia,
1323 5118 1443 5204 quae
1470 5120 1531 5183 in
1580 5127 1685 5184 hoc
1715 5124 1857 5183 libro
1883 5116 2029 5183 'cori-

434 5212 704 5288 tinentur,
730 5214 997 5276 ostendere
1022 5217 1334 5274 servis‘suis
1373 5232 1494 5289 quae
1533 5217 1879 5289 oportet'ﬁeri
1904 5218 2026 5273 cito.

436 5300 571 5365 Cum
612 5306 743 5364 haec
776 5304 1048 5380 scriptura
1090 5314 1203 5361 non
1241 5310 1459 5362 tantum
1487 5304 1571 5360 ad“
1600 5304 1848 5360 futurum
1880 5298 2030 5361 tem-‘-

437 5392 558 5468 pus,
576 5388 873 5454 'sedletiam
903 5395 971 5453 ad
993 5394 1330 5469 praeteritum
1364 5394 1654 5466 pertineat,
1697 5408 1797 5448 cur
1826 5394 1895 5451 ad
1921 5394 2030 5450 des

437 5486 789 5543 monstranda
833 5498 897 5542 ea
924 5481 1346 5565 tantummodo,
1403 5496 1525 5556 quas
1580 5480 1881 5554 oportebat:
1910 5483 2030 5539 ﬁeri

438 5664 461 5688 -ν
502 5630 593 5703 (6)
623 5607 707 5687 Ita
736 5645 886 5703 mssa
908 5629 1058 5703 edit.
1097 5646 1227 5703 vero
1258 5647 1271 5686 :
1296 5629 1423 5687 ,σαν
1454 5629 1695 5703 angelus
1734 5610 1963 5703 [Domini
1990 5647 2027 5683 α

406 5704 407 5707 “
435 5698 638 5759 Joanne
692 5700 916 5772 adorari
974 5700 1224 5768 noluerit,
1285 5698 1528 5772 superius
1556 5698 1561 5700 Ἴ
1591 5698 1651 5753 in
1684 5700 2032 5772 expositione

436 5774 632 5848 quintw
668 5771 889 5829 Visionis
924 5772 1236 5843 sufficienter
1286 5770 1646 5843 exposuimus.
1683 5771 1832 5833 Mera
1856 5770 2032 5845 impo-
2062 5826 2085 5837 ,,

2134 4679 2361 4736 sationes
2389 4680 2512 4735 sunt
2538 4680 2842 4735 sanctorum
2859 4694 2880 4743 ;
2917 4676 3184 4735 continuo
3227 4675 3482 4747 angelum
3512 4673 3745 4733 adorare

2131 4767 2331 4826 voluit.
2364 4768 2544 4826 Simili
2572 4762 2737 4824 modo
2767 4775 2820 4824 et
2851 4767 2911 4822 in
2947 4764 3336 4838 sequentibus,
3376 4778 3517 4820 "cum
3554 4764 3619 4820 ei.
3652 4763 3748 4821 de-

2133 4866 2435 4915 monstrata
2468 4844 2613 4914 esset
2647 4857 2882 4930 dejectio
2929 4846 3285 4922 Antichristi,
3338 4853 3581 4926 alligatio
3624 4853 3743 4910 dia.

2133 4944 2246 5004 b‘oli
2274 4948 2336 5002 in
2365 4947 2644 5018 abyssum,
2679 4944 2853 5017 gloria
2882 4943 3335 5012 resurrectionis,
3367 4943 3523 4999 nullo
3565 4943 3744 5000 modo

2132 5038 2389 5109 angelum
2416 5036 2645 5092 adorare
2667 5034 2855 5090 voluit
2887 5052 2898 5089 ;
2935 5046 3063 5091 cum
3093 5042 3277 5089 autem
3316 5032 3378 5087 in
3423 5031 3533 5091 ﬁne
3570 5030 3743 5104 hujus

2132 5126 2370 5183 Visionis
2394 5124 2877 5181 demonstratum-
2916 5129 3058 5179 esset
3115 5122 3165 5177 ei
3214 5120 3745 5194 qualiter-'Eccleﬁa

2134 5222 2261 5288 post
2313 5212 2731 5271 resurrectionis
2780 5211 3024 5286 gloriam
3081 5210 3319 5268 Christo:
3338 5210 3421 5265 ein“.
3458 5218 3729 5267 mte‘rnum

2136 5316 2275 5363 cum
2321 5304 2419 5359 illo
2463 5309 2771 5374 eregnatnra
2812 5299 3137 5367 sociabitur,
3186 5299 3451 5357 continuo
3480 5298 3741 5372 angelum

2139 5396 2366 5453 adorare
2395 5392 2609 5460 voluit;
2644 5391 3007 5465 conjungitur
3042 5403 3281 5462 namque
3311 5389 3737 5461 Ecclesia»un

2138 5484 2277 5544 tidie
2314 5482 2535 5541 Christo
2558 5498 2659 5555 per
2684 5482 2877 5550 ﬁdem,
2901 5478 3370 5553 castemquebona
3394 5493 3595 5551 opera,
3610 5496 3738 5552 quis

3248 5604 3366 5643 ,Ὗ

2136 5637 2500 5828 ΒῃῗῆἘόίιη
2527 5704 2575 5752 et
2593 5694 2772 5753 demus
2799 5692 3023 5768 gloriam
3053 5693 3120 5776 ei,
3151 5671 3199 5748 et
3225 5694 3412 5749 cratera
3432 5710 3455 5758 ;
3476 5684 3737 5750 continuo

2139 5787 2270 5828 anae
2294 5787 2383 5828 um
2408 5788 2425 5828 :
2450 5785 2584 5828 mss.
2617 5776 2821 5828 autem.
2851 5775 2915 5825 ut
2943 5782 3044 5824 nos
3075 5782 3133 5823 in
3160 5774 3339 5828 textu.
3504 5824 3507 5828 λ
3534 5818 3539 5828 ,
3618 5814 3623 5817 .

2139 5766 2383 5846 angelum
2403 5766 2584 5837 ;,mss.
2617 5766 2821 5838 autem,
2851 5775 2915 5825 ut
2943 5782 3044 5824 nos
3072 5766 3133 5841 in
3160 5774 3339 5829 textu.
3468 5842 3471 5847 ν
3504 5818 3541 5851 Η
3602 5814 3623 5853 τ,
