3964 6408
208 419 348 479 1053

1108 418 1565 479 BERENGAUDI
1602 418 1976 479 EXPOSITIO
2014 421 2088 481 IN
2125 421 2631 481 APOCALYPSIN.

3379 424 3518 485 ωδε

208 561 306 620 per
331 545 561 619 byssum
588 542 964 617 designantur.
993 544 1370 620 Conjungetur
1396 562 1528 603 vero
1574 547 1625 605 ei
1676 546 1883 625 posth
1916 562 2225 619 peccamus,
2281 562 2501 604 necesse
2554 555 2635 604 est
2690 554 2754 603 ut
2811 549 3000 617 stolas,
3049 548 3109 605 id
3154 557 3256 617 est,
3303 548 3519 606 animas

209 634 666 693 resurrectionem
697 634 874 691 multo
904 634 1176 692 excelsius
1203 644 1366 708 atque
1396 636 1661 705 nobilius,
1693 653 1805 693 non

203 725 322 798 jam
368 741 465 798 per
527 734 726 797 partes,
766 724 911 781 sicut
957 723 1121 781 modo
1175 742 1188 782 :
1236 726 1331 782 sed
1377 734 1493 784 tota
1534 726 1701 784 simul
1748 727 1807 782 in

209 821 478 871 mternum
506 830 632 870 cum
662 813 761 869 illo
793 829 1071 881 mansura,
1100 822 1155 871 et
1196 814 1315 871 sine
1349 813 1459 870 ﬁne
1498 824 1806 887 regnatura.

211 903 387 977 Igitur
415 905 655 960 Joannes
680 902 766 959 his
793 904 1049 975 angelum
1083 903 1309 961 adorare
1338 904 1540 973 voluit,
1573 903 1703 976 quia
1728 903 1810 959 bi-

212 1010 314 1050 nas
339 992 761 1066 conjunctiones
791 991 1053 1050 Ecclesiae
1081 1009 1209 1050 cum
1243 993 1467 1061 Christo,
1492 993 1544 1050 ei
1572 992 1812 1053 demon-

210 1080 428 1137 stravit.

286 1169 471 1242 (Vers.
516 1168 628 1241 10.)
677 1169 753 1224 Et
791 1167 931 1223 dixit
982 1167 1113 1224 mihi
1144 1187 1156 1225 :
1191 1169 1269 1226 Ne
1314 1169 1606 1240 signaveris
1655 1169 1815 1224 verba

209 1262 501 1334 prophetia:
550 1261 676 1317 libri
708 1261 913 1331 hujus:
954 1268 1151 1334 tempus
1200 1261 1337 1317 enim
1382 1280 1550 1335 prope
1599 1269 1691 1319 est.
1718 1261 1816 1318 Si-

215 1360 378 1426 gnata
419 1343 522 1409 est.
547 1352 829 1424 Scriptura
856 1351 991 1421 illis,
1027 1368 1059 1407 a
1087 1351 1287 1425 quibus
1320 1368 1431 1409 non
1464 1352 1812 1425 intelligitur.

211 1442 540 1516 Praecipitur
562 1442 731 1516 igitur
759 1441 957 1498 Joanni
995 1458 1064 1498 ne
1110 1443 1288 1514 signet
1317 1442 1485 1499 verba
1514 1441 1816 1516 prophetiae

216 1532 346 1589 libri
401 1532 588 1606 hujus,
633 1533 690 1590 id
747 1540 848 1601 est,
896 1548 964 1588 ne
1010 1532 1244 1590 tacendo
1291 1534 1651 1592 obscuritates
1700 1533 1817 1605 ejus

214 1621 532 1692 abscondat,
564 1623 656 1681 sed
686 1620 1012 1694 exponendo
1042 1622 1224 1695 potius
1245 1624 1505 1680 omnibus
1526 1641 1644 1680 eam
1677 1623 1818 1680 scire

214 1711 532 1768 volentibus
562 1711 910 1779 manifestat;
943 1728 1008 1767 eo
1038 1711 1185 1785 quod
1218 1712 1335 1768 dies
1363 1710 1589 1783 judicii,
1623 1712 1716 1786 qui
1757 1713 1815 1768 in

216 1800 324 1858 hoc
369 1801 513 1859 libro
542 1800 777 1859 diversis
819 1800 998 1858 modis
1044 1802 1398 1872 describitur,
1425 1819 1595 1875 prope
1639 1801 1731 1871 sit,
1764 1813 1819 1863 et

1915 644 2149 703 nostras,
2183 636 2411 705 orando,
2448 636 2754 709 vigilando,
2774 635 3101 708 jejunando,
3143 638 3516 712 eleemosynas

1918 725 2200 797 largiendo
2226 725 2444 782 assidue
2473 727 2740 782 lavemus.
2773 726 2877 782 Per
2907 727 3121 798 lignum
3152 728 3281 784 vitae
3314 744 3518 799 possu—

1918 831 2043 871 mus
2099 814 2425 887 sapientiam
2487 816 2816 889 intelligere,
2883 816 3102 873 dicente
3168 817 3514 874 Salomone:

1934 929 1953 953 ι
1981 904 2216 975 Lignum
2247 905 2377 962 vitae
2406 911 2487 961 est
2532 904 2667 972 illis,
2709 904 2803 978 qui
2854 906 3320 978 apprehenderint
3367 921 3517 974 eam;

1921 1000 1975 1049 et
2002 993 2096 1066 qui
2123 993 2364 1050 tenuerit
2389 1009 2530 1061 eam,
2558 993 2752 1050 beatus
2784 992 2972 1065 (Prov.
3005 1012 3090 1062 n.1,
3132 995 3246 1066 18).
3287 1020 3308 1043 ι
3349 997 3521 1051 Pote-

1921 1088 2116 1139 statem
2158 1082 2216 1138 in
2256 1083 2405 1154 ligno
2444 1083 2595 1152 vitae,
2644 1083 2702 1139 id
2745 1092 2846 1151 est,
2896 1082 2954 1139 in
3002 1084 3275 1157 sapientia
3320 1084 3524 1142 habent

1921 1170 2135 1239 sancti;
2188 1172 2319 1244 quia
2364 1171 2681 1244 quicunque
2730 1173 3055 1244 sapientiam
3104 1173 3367 1246 possidet,
3415 1189 3526 1246 po-

1922 1267 2045 1316 tens
2071 1267 2154 1317 est
2181 1259 2250 1315 ad
2281 1259 2470 1317 omnia
2512 1260 2651 1317 vitia
2680 1261 3062 1333 exstirpanda,
3095 1262 3164 1320 ad
3193 1261 3523 1319 tentationes

1924 1351 2236 1408 daemonum
2276 1351 2664 1421 devincendas,
2717 1360 2771 1408 et
2817 1351 2886 1409 ad
2933 1352 3120 1409 omnia
3170 1352 3316 1409 bona
3359 1368 3526 1425 opera

1924 1441 2247 1513 peragenda,
2281 1441 2425 1498 sicut
2450 1440 2590 1498 dicit
2612 1442 2870 1498 Salomon
2895 1459 2906 1498 :
2943 1465 2962 1490 ι
2996 1441 3191 1498 Melior
3210 1450 3292 1498 est
3311 1442 3525 1513 patiens

1923 1529 2047 1584 viro
2078 1529 2228 1597 forti,
2262 1538 2315 1586 et
2343 1531 2436 1603 qui
2458 1530 2778 1587 dominatur
2804 1530 2992 1587 animo
3020 1548 3121 1588 suo
3150 1538 3526 1605 expugnatore

1925 1618 2146 1675 urbium
2180 1620 2367 1690 (Prov.
2404 1635 2524 1688 xv1,
2556 1618 2672 1691 32).
2710 1644 2729 1668 ι
2776 1619 2933 1676 Tales
2961 1636 3088 1693 ergo
3107 1638 3205 1694 per
3227 1629 3413 1693 portas
3442 1621 3522 1678 in-

1925 1715 2076 1765 trant
2103 1710 2163 1763 in
2193 1707 2497 1777 civitatem,
2530 1725 2626 1781 per
2654 1709 2807 1765 illam
2837 1708 3100 1766 videlicet
3130 1718 3367 1783 portam,
3403 1727 3525 1784 qum

1926 1798 2063 1856 dicit
2090 1798 2150 1854 in
2177 1798 2481 1871 Evangelio
2511 1816 2524 1855 :
2567 1821 2586 1845 ι
2616 1800 2745 1870 Ego,
2774 1815 2894 1859 sum
2934 1799 3169 1868 ostium;
3220 1816 3316 1872 per
3346 1816 3435 1856 me
3477 1799 3525 1856 si

215 1907 435 1949 necesse
457 1891 755 1963 habeamus
774 1899 835 1947 ut
857 1891 1186 1963 periculum,
1203 1891 1351 1965 quod
1369 1893 1642 1961 imminet,
1656 1893 1819 1949 corde
1846 1906 1892 1968 Β
1927 1887 2053 1960 quis
2079 1887 2377 1956 introierit,
2408 1887 2745 1957 salvabitur;
2793 1896 2847 1944 et
2889 1887 3250 1960 ingredietur,
3278 1898 3334 1946 et
3361 1904 3524 1961 egre-

214 1978 525 2050 videamus,
556 1996 623 2036 ne
651 1981 796 2037 sicut
824 1980 915 2035 fur
945 1980 1193 2036 incautos
1236 1990 1468 2055 occupet
1505 1990 1559 2037 et
1600 1981 1810 2055 perdat.

214 2068 322 2125 Sed
364 2085 465 2126 cur
501 2069 736 2124 Joannes
788 2067 1089 2124 secundum
1143 2077 1475 2141 praeceptum
1504 2070 1813 2143 angelicum

215 2157 583 2215 obscuritates
614 2156 745 2212 libri
774 2156 943 2229 hujus
988 2156 1315 2230 exponendo
1361 2163 1416 2213 et
1455 2157 1815 2214 describendo

217 2248 569 2304 manifestare
598 2248 781 2302 noluit
800 2248 829 2303 ‘l
858 2247 1162 2319 praesertim
1191 2265 1317 2305 cum
1350 2256 1572 2321 propter
1598 2249 1815 2304 easdem

217 2337 579 2394 obscuritates
616 2335 840 2409 quidam
877 2334 936 2390 in
967 2352 1203 2392 errorem
1255 2346 1310 2393 et
1359 2336 1614 2392 haeresim
1658 2336 1818 2392 deci-

214 2427 423 2494 derint,
452 2426 698 2482 dicentes
735 2424 1017 2482 Christum
1054 2433 1176 2498 post
1216 2426 1674 2484 resurrectionem
1722 2442 1819 2500 per

217 2516 375 2573 mille
428 2530 701 2570 annorum
741 2513 980 2586 spatium
1028 2529 1154 2569 cum
1203 2515 1463 2571 omnibus
1516 2517 1718 2573 sanctis
1761 2516 1820 2571 in

216 2602 427 2661 mundo
470 2603 766 2681 carnaliter
809 2619 926 2660 esse
979 2611 1356 2677 regnaturum.
1416 2604 1622 2662 Verum
1673 2605 1819 2678 quod

222 2711 336 2751 non
384 2694 516 2751 fecit
554 2690 868 2762 scribendo,
913 2692 1191 2749 credimus
1251 2709 1377 2749 eum
1425 2692 1618 2750 fecisse
1673 2711 1824 2768 prae-

223 2782 480 2841 dicando.

300 2873 481 2945 (Vers.
543 2872 655 2944 11.)
709 2870 813 2939 Qui
853 2876 1017 2938 nocet,
1064 2876 1245 2926 noceat
1286 2871 1458 2927 adhuc
1487 2888 1499 2927 :
1533 2877 1582 2926 et
1629 2871 1721 2943 qui
1764 2871 1825 2927 in

224 2965 470 3023 sordibus
518 2969 611 3031 est,
655 2962 920 3019 sordescat
965 2960 1137 3016 adhuc
1176 2960 1257 3034 (8)
1296 2968 1387 3017 :et
1431 2970 1640 3019 sanctus
1690 2980 1826 3019 san-

224 3058 481 3130 ctiﬁcetur
519 3056 710 3111 adhuc.
753 3054 861 3123 Qui
906 3054 1043 3112 dicit
1079 3073 1090 3111 :
1129 3055 1233 3124 Qui
1276 3064 1440 3126 nocet,
1488 3061 1678 3114 noceat
1718 3061 1827 3115 ad-

225 3147 370 3203 huc:
408 3151 456 3200 et
500 3145 595 3217 qui
636 3144 695 3199 in
737 3144 982 3199 sordibus
1020 3150 1113 3212 est,
1161 3147 1427 3202 sordescat
1465 3147 1636 3202 adhuc
1655 3165 1677 3213 ;
1715 3164 1825 3203 non

229 3232 627 3309 praecipiendo,
657 3232 752 3290 sed
782 3233 1172 3290 comminando
1202 3234 1367 3291 dixit.
1401 3235 1590 3291 Solent
1627 3235 1827 3311 quippe

228 3323 488 3381 homines
510 3323 616 3379 hoc
645 3339 839 3395 genere
868 3323 1166 3381 locutionis
1192 3332 1397 3381 terrere
1426 3325 1688 3398 quosdam
1717 3325 1823 3383 sibi

226 3414 524 3487 subjectos,
544 3414 689 3471 sicut
709 3412 956 3485 magistri
985 3414 1080 3488 qui
1110 3415 1286 3471 solent
1311 3414 1492 3472 dicere
1522 3417 1706 3490 pueris
1736 3433 1825 3472 va-

227 3502 484 3563 cantibus
518 3521 529 3559 :
563 3503 738 3560 Nolite
771 3504 951 3574 legere,
981 3504 1142 3559 nolite
1183 3504 1343 3574 legere
1373 3521 1391 3560 .'
1422 3503 1505 3561 illi
1556 3522 1686 3561 vero
1730 3505 1828 3560 in-

225 3594 539 3666 telligentes
579 3591 1069 3650 comminationem
1098 3608 1214 3648 esse
1245 3591 1371 3662 hoc,
1404 3609 1514 3648 non
1566 3593 1828 3666 prohibi-

225 3684 463 3753 tionem,
493 3684 679 3741 statim
727 3682 1004 3758 incipiunt
1050 3686 1245 3757 legere.
1291 3686 1408 3743 Hoc
1454 3686 1618 3743 etiam
1663 3688 1828 3744 modo

226 3774 447 3833 domini
474 3791 660 3831 servos
689 3777 803 3832 otio
834 3783 1112 3848 torpentes
1137 3782 1343 3833 terrere
1363 3778 1568 3847 solent,
1599 3785 1661 3834 ut
1692 3796 1830 3852 opus

227 3863 337 3922 sibi
368 3862 676 3935 injunctum
709 3863 873 3920 citius
902 3865 1159 3937 expleant
1191 3864 1295 3938 (9).

305 3952 491 4025 (Vers.
524 3951 638 4024 12.)
679 3953 811 4008 Ecce
854 3953 1001 4008 venio
1047 3953 1170 4023 cito,
1217 3961 1267 4010 et
1315 3971 1505 4011 merces
1551 3972 1667 4011 mea
1715 3972 1833 4011 me-

228 4061 350 4101 cum
379 4048 454 4099 est
495 4043 710 4099 reddere
737 4043 1020 4114 unicuique
1049 4044 1331 4100 secundum
1371 4063 1531 4117 opera
1569 4063 1686 4102 sua.
1712 4047 1833 4103 Sae-

229 4133 347 4192 culi
403 4130 656 4188 homines
713 4131 1028 4200 mercedes,
1087 4149 1222 4205 quas
1294 4133 1398 4190 sibi
1465 4134 1834 4191 servientibus

230 4222 436 4279 debent
464 4219 694 4277 reddere
723 4228 819 4277 aut
862 4220 921 4277 in
951 4221 1206 4290 sacculis,
1237 4230 1333 4278 aut
1374 4223 1432 4278 in
1479 4222 1712 4292 horreis,
1742 4232 1836 4280 aut

233 4313 295 4369 in
322 4310 650 4384 quibusdam
698 4319 855 4368 terra:
899 4310 1038 4366 locis
1068 4310 1276 4368 habent
1308 4331 1320 4368 :
1357 4312 1609 4371 Christus
1653 4324 1834 4371 autem

230 4400 461 4476 praemia
487 4417 771 4457 servorum
803 4417 1032 4458 suorum
1072 4416 1259 4456 secum
1288 4418 1503 4474 semper
1532 4402 1730 4471 habet;
1769 4403 1837 4459 ab

230 4492 355 4564 ipso
382 4489 530 4546 enim
560 4490 809 4562 procedit
842 4488 1007 4546 modo
1037 4488 1218 4546 omnis
1250 4490 1467 4547 bonitas
1496 4501 1835 4561 sanctorum,

1920 1977 2123 2045 dietur,
2154 1986 2207 2034 et
2236 1994 2436 2050 pascua
2466 1976 2714 2033 inveniet
2748 1978 2930 2051 (Joan.
2962 1995 3022 2047 x,
3051 1978 3133 2050 9).
3164 2003 3184 2027 ι
3230 1979 3527 2036 Possumus

1922 2066 2030 2124 hoc
2057 2074 2111 2122 et
2129 2066 2198 2123 ad
2224 2066 2474 2122 futurum
2502 2073 2719 2138 tempus
2739 2067 2971 2133 referre;
3001 2082 3097 2138 per
3124 2066 3340 2139 lignum
3371 2082 3524 2122 nam-

1924 2172 2029 2229 que
2056 2155 2186 2211 vitaa
2214 2154 2471 2212 Christus
2497 2154 2839 2227 designatur,
2868 2163 2931 2212 ut
2951 2171 3095 2227 saepe
3113 2154 3227 2227 jam
3257 2154 3528 2213 diximus.

1925 2250 2079 2308 Sicut
2097 2249 2244 2305 enim
2260 2266 2330 2304 ex
2357 2264 2471 2303 uno
2501 2247 2687 2319 stipite
2708 2247 2842 2319 ligni
2872 2247 3037 2303 multi
3063 2247 3203 2304 rami
3234 2247 3528 2321 prodeunt,

1927 2341 2003 2396 ita
2030 2346 2084 2395 et
2117 2355 2187 2394 ex
2226 2354 2339 2393 uno
2378 2335 2601 2394 Christo
2647 2337 2949 2393 multitudo
3002 2346 3339 2394 sanctorum.
3385 2336 3533 2404 Qui-

1928 2444 2144 2502 cunque
2197 2443 2325 2500 ergo
2382 2425 2618 2483 lavacris
2665 2425 3032 2498 spiritalibus,
3095 2426 3152 2482 id
3210 2437 3313 2494 est,
3368 2426 3533 2483 bonis

1929 2520 2187 2593 operibus
2236 2517 2449 2574 animas
2503 2534 2628 2573 suas
2673 2517 2896 2573 abluere
2953 2517 3071 2590 (10)
3130 2534 3241 2575 non
3292 2526 3527 2586 cessant,

1926 2617 2255 2685 potestatem
2284 2606 2567 2664 habebunt
2591 2606 2650 2662 in
2681 2606 2831 2678 ligno
2861 2605 3020 2675 vitae;
3052 2607 3187 2680 quia
3214 2606 3335 2679 ejus
3360 2624 3532 2664 mem-

1926 2700 2029 2757 bra
2055 2700 2260 2767 effecti,
2292 2714 2389 2769 per
2412 2698 2574 2754 illurn
2620 2712 2814 2769 magna
2861 2704 3167 2769 poterunt:
3211 2713 3336 2754 nam
3388 2697 3532 2755 sicut

1930 2804 2001 2845 ex
2026 2804 2140 2845 uno
2167 2787 2358 2859 stipite
2385 2787 2596 2843 arboris
2625 2785 2807 2843 omnis
2834 2786 3013 2843 virtus
3058 2803 3338 2845 ramorum
3388 2804 3532 2860 pro-

1930 2877 2114 2947 cedit;
2149 2878 2224 2935 ita
2252 2884 2306 2933 et
2345 2893 2415 2933 ex
2453 2892 2566 2933 uno
2615 2876 2837 2936 Christo
2884 2877 3068 2934 omnis
3111 2886 3351 2950 potestas
3394 2894 3531 2935 san-

1932 2987 2168 3035 ctorum.
2219 2979 2321 3034 Per
2365 2984 2578 3050 portam
2630 2984 2815 3033 autem
2853 2974 3000 3033 588
3041 2975 3284 3033 civitatis
3326 2993 3530 3049 possu-

1934 3086 2057 3126 mus
2076 3068 2323 3141 accipere
2342 3066 2776 3125 misericordiam
2804 3075 2859 3124 et
2888 3067 3238 3126 clementiam
3258 3068 3382 3125 Dei.
3406 3068 3536 3125 Haec

1933 3170 2016 3219 est
2042 3171 2220 3235 porta,
2247 3178 2368 3235 quae
2390 3160 2558 3233 justis
2576 3159 2870 3232 aperietur,
2891 3168 2946 3217 et
2961 3159 3184 3232 injustis
3208 3159 3528 3227 claudatur;

1856 3263 1899 3324 ο
1931 3251 2060 3329 quia
2081 3251 2261 3324 justos
2308 3251 2455 3306 intra
2495 3250 2678 3305 aulam
2716 3248 2955 3322 paradisi
3000 3247 3381 3306 misericordia
3430 3247 3536 3303 di-

1931 3342 2063 3398 vina
2104 3339 2330 3413 recipiet
2355 3339 2472 3409 (11)
2508 3357 2520 3395 :
2553 3355 2586 3394 a
2612 3355 2721 3411 qua
2750 3338 3133 3399 misericordia
3172 3337 3327 3409 impii
3361 3337 3530 3393 alieni

1932 3431 2217 3489 exsistent.
2250 3428 2338 3485 Ah
2372 3428 2478 3485 hac
2506 3436 2663 3501 porta
2697 3429 2862 3484 fatum
2889 3428 3131 3499 virgines
3177 3429 3535 3499 repellentur,

1934 3537 2054 3595 quae
2083 3521 2266 3576 oleum
2305 3517 2591 3575 charitatis
2634 3518 2694 3574 in
2736 3517 2884 3574 vasis
2928 3518 3044 3574 suis
3090 3528 3202 3574 neu
3254 3515 3537 3573 habebunt

1939 3610 2155 3683 (Matth.
2186 3625 2328 3676 xxv,
2361 3608 2474 3679 12).
2757 3668 2761 3673 ,

2010 3698 2192 3770 (Vers.
2226 3698 2340 3770 15.)
2373 3696 2531 3754 Unde
2558 3702 2612 3753 et
2641 3696 2925 3770 sequitur:
2968 3695 3126 3753 Foris
3166 3712 3342 3762 canes,
3369 3697 3417 3751 et
3442 3712 3540 3749 ve-

1935 3788 2106 3862 neﬁci,
2137 3793 2187 3843 et
2222 3786 2498 3860 impudici,
2542 3793 2589 3843 et
2627 3787 2920 3854 homicidas,
2966 3793 3015 3841 et
3054 3786 3215 3842 idolis
3241 3785 3536 3854 servientes,

1939 3884 1988 3935 et
2032 3878 2201 3934 omnis
2242 3879 2335 3950 qui
2378 3884 2526 3934 amat
2572 3885 2621 3933 et
2662 3877 2795 3948 facit
2837 3877 3183 3933 mendacium.
3233 3876 3337 3932 Per
3379 3891 3541 3933 canes

1940 3968 2108 4025 falsos
2135 3968 2524 4039 praedicatores
2555 3983 2845 4039 possumus
2882 3966 3211 4037 intelligere,
3242 3965 3311 4021 de
3339 3965 3542 4038 quibus

1941 4058 2079 4116 dicit
2101 4058 2382 4131 apostolus
2409 4058 2647 4114 Paulus:
2703 4081 2722 4104 ι
2753 4056 2951 4114 Videte
2979 4073 3161 4125 canes,
3208 4055 3392 4113 videte
3431 4072 3541 4111 ma-

1942 4148 2025 4203 los
2051 4148 2352 4220 operarios,
2382 4146 2567 4203 videte
2591 4146 2966 4204 concisionem
2999 4145 3255 4218 (Philipp.
3292 4162 3375 4213 ru,
3406 4144 3487 4217 2),
3509 4169 3528 4192 ι

1942 4245 1999 4292 et
2015 4235 2280 4308 propheta
2305 4254 2315 4291 :
2354 4258 2374 4283 ι
2401 4235 2575 4293 Canes
2599 4235 2741 4292 muti
2764 4251 2877 4291 non
2903 4235 3148 4291 valentes
3176 4235 3374 4291 latrare
3405 4235 3539 4307 (Isa.

1945 4325 2192 4397 LV1,10);
2217 4348 2235 4372 ›
2262 4331 2315 4379 et
2336 4323 2570 4380 iterum:
2610 4348 2629 4370 ι
2652 4322 2825 4381 Canes
2846 4321 3315 4395 impudentissimi
3340 4323 3544 4380 nescie-

1946 4421 2078 4470 runt
2106 4412 2472 4479 saturitatem,
2505 4411 2609 4485 ipsi
2638 4421 2884 4485 pastores
2912 4410 3303 4483 ignoraverunt
3343 4410 3545 4467 intelli-

1946 4503 2184 4577 gentiam
2229 4502 2400 4574 (Ibid.
2445 4501 2557 4574 11).
2612 4526 2631 4549 ι
2696 4503 2775 4558 De
2825 4500 3038 4557 caeteris
3076 4499 3247 4568 vitiis,
3290 4515 3412 4572 quae
3452 4499 3546 4557 hic

235 4579 308 4637 ab
364 4578 483 4650 ipso
532 4585 587 4636 et
640 4570 700 4635 in
772 4577 1025 4635 futurum
1083 4579 1343 4651 Ρτοοθάθτ
1413 4580 1594 4637 omnis
1665 4581 1839 4654 ειοτὶα
1868 4619 1918 4681 D
1948 4570 2327 4659 continentur,
2358 4570 2609 4663 superius
2646 4589 2910 4646 diximus.
2949 4589 3151 4645 Omnes
3176 4570 3425 4661 ergo—qui
3456 4587 3545 4645 his

238 4684 428 4727 eorum
441 4712 453 4724 .

313 4768 495 4841 (Vers.
522 4766 608 4836 13,
641 4766 756 4839 ili.)
786 4768 903 4838 Ego
930 4782 1049 4822 sum
1075 4766 1121 4823 Α
1151 4772 1196 4822 et
1224 4772 1295 4833 Ω,
1322 4766 1538 4839 primus
1561 4773 1611 4822 et
1651 4768 1840 4823 novis-

237 4858 425 4924 simus,
465 4857 793 4930 principium
834 4862 885 4911 et
931 4856 1073 4928 ﬁnis.
1122 4857 1276 4914 Beati
1318 4857 1411 4927 qui
1458 4858 1639 4913 lavant
1676 4860 1839 4914 stolas

239 4965 388 5016 suas,
413 4954 473 5004 ut
513 4949 583 5003 sit
603 4954 837 5019 potestas
878 4947 988 5004 illis
1014 4948 1073 5002 in
1108 4947 1249 5020 ligno
1276 4948 1413 5017 vita,
1443 4955 1491 5004 et
1530 4964 1629 5020 per
1651 4956 1839 5021 portas

237 5037 440 5092 intrent
478 5037 536 5092 in
582 5037 871 5093 civitatem.
907 5037 1206 5093 Possumus
1252 5053 1349 5109 per
1406 5039 1574 5095 stolas
1628 5036 1688 5093 in
1734 5038 1838 5095 hoc

239 5126 367 5184 loco
417 5127 628 5185 animas
684 5135 903 5185 nostras
953 5125 1287 5199 intelligere,
1329 5135 1384 5184 et
1439 5126 1569 5201 quia
1622 5128 1838 5186 assidue

317 5350 399 5424 (8)
441 5350 661 5408 Eaedem
711 5350 871 5419 edit.,
920 5351 1184 5424 sordescat
1237 5350 1429 5408 adhuc.
1482 5353 1603 5411 Non
1650 5351 1837 5424 princi-

236 5423 434 5495 piendo
458 5441 476 5487 ;
503 5432 702 5495 caetera
728 5439 797 5480 ex
826 5439 956 5479 mss.
1001 5422 1255 5479 restituta
1283 5430 1431 5480 sunt.
1474 5450 1481 5463 -

318 5492 400 5567 (9)
432 5495 592 5567 Rom.
624 5494 755 5567 edit.
797 5495 931 5563 sola,
960 5496 1135 5567 icilius
1179 5495 1440 5567 expleant.
1492 5496 1566 5551 Et
1602 5497 1694 5566 qui
1729 5496 1837 5566 ju-

241 5570 358 5641 stus
379 5565 510 5641 est,
538 5565 861 5641 justiﬁcetur
901 5566 1074 5623 adhuc
1111 5584 1123 5623 :
1155 5572 1203 5621 et
1229 5565 1438 5623 sanctus
1485 5565 1838 5641 sanctiﬁcetur

243 5638 433 5694 adhuc.
458 5639 590 5694 Ecce
615 5638 787 5706 venio,
824 5647 928 5694 etc.

319 5709 437 5779 (10)
467 5708 617 5765 Edit.
648 5709 805 5777 Gill.,
837 5710 983 5765 bonis
1009 5710 1255 5782 operibus
1294 5710 1550 5776 abluere;
1579 5712 1831 5779 Rom.,...

244 5797 297 5838 se
319 5781 560 5850 abluere;
596 5798 819 5851 mss.,...
848 5781 1057 5841 animas
1084 5800 1209 5840 suas
1245 5782 1485 5847 abluere.
1511 5783 1661 5845 Infra
1704 5800 1835 5849 vero

1947 4682 2104 4740 vitiis
2132 4682 2341 4738 fuerint
2373 4679 2663 4748 sordidati,
2694 4678 2763 4736 ab
2790 4678 2888 4734 illa
2912 4676 3255 4734 beatitudine
3282 4677 3544 4751 repellen-

1944 4779 2060 4841 tur,
2089 4780 2141 4828 et
2168 4779 2373 4829 aeterna
2402 4785 2564 4843 poena
2597 4768 3026 4826 damnabuntur.

2020 4862 2204 4932 (Vers.
2247 4860 2360 4931 16.)
2389 4862 2503 4931 Ego
2532 4859 2682 4914 Iesus
2721 4857 2841 4912 misi
2877 4857 3123 4929 angelum
3155 4872 3324 4912 meum
3354 4856 3547 4930 testiﬁ-

1945 4950 2061 5006 cari
2098 4949 2243 5005 vobis
2269 4950 2376 5004 hac
2411 4948 2470 5003 in
2497 4946 2763 5003 Ecclesiis.
2801 4947 2915 5018 Ego
2950 4961 3067 5000 sum
3099 4945 3266 5002 rudia:
3307 4952 3546 5017 mgnas

1944 5039 2138 5105 David,
2189 5039 2344 5093 stella
2397 5036 2677 5108 splendida
2722 5041 2771 5091 et
2814 5036 3096 5091 matutina.
3152 5034 3334 5093 David
3386 5034 3545 5092 radix

1945 5135 2027 5185 est
2052 5126 2327 5184 universae
2355 5124 2545 5198 stirpis
2573 5140 2685 5183 sua
2710 5143 2725 5194 ;
2778 5125 2909 5198 quia
2936 5123 3101 5185 sient
3127 5136 3198 5185 ex
3225 5139 3337 5185 una
3362 5122 3545 5197 radice

1945 5361 2174 5427 utraque
2202 5351 2362 5427 edit.,
2403 5351 2694 5427 aperietur,
2739 5351 2869 5427 quia
2904 5350 3115 5427 justas;
3161 5365 3292 5407 mss.
3338 5365 3368 5404 e
3417 5365 3546 5407 con-

1944 5422 2133 5493 trario,
2165 5422 2533 5497 aperieturget
2560 5422 2775 5497 iniustis
2796 5423 3293 5497 claudeturhetc;
3360 5464 3412 5497 ..Δ

2018 5486 2135 5576 (li)
2185 5486 2336 5559 Edit.
2383 5486 2573 5576 Gil-1.,“
2588 5486 2827 5576 fecipiet.
2874 5486 3125 5576 sequitur
3156 5488 3329 5571 :lEg'Q
3364 5486 3546 5576 gestiet,

1944 5569 2059 5629 edit
2099 5565 2284 5636 Rom.,
2315 5565 2543 5641 recipiet.
2577 5565 2829 5641 sequitur
2855 5583 2873 5621 :
2902 5565 3060 5622 Foris
3087 5565 3385 5641 capes...‘et'
3417 5565 3552 5637 facit

1943 5635 2291 5720 mendacium.
2321 5635 2436 5713 Ego
2472 5635 2875 5720 (estis.:Verum
2906 5642 3118 5705 tantam
3147 5635 3402 5705 lacunam
3420 5635 3551 5713 Om,-

1945 5713 2101 5791 nium
2132 5728 2265 5775 mss.
2296 5717 2510 5787 reparat
2543 5713 2889 5785 auctpritas‘.‘
2942 5770 2949 5779 ,
3000 5768 3029 5783 _
3074 5762 3087 5791 ,δ
3188 5758 3193 5789 ζ
3296 5754 3299 5793 τ
3407 5748 3447 5787 ς,

3055 5832 3356 5867 ’¹λτα“1ι⁹ῙΗ
3442 5846 3477 5857 ν·
