3964 6382
475 411 614 472 1065

1487 414 1584 472 AD
1621 412 1856 472 OPEBA
1892 411 1949 470 S.
1985 411 2318 472 AMBROSII
2354 413 2734 472 APPENDIX.

3633 416 3784 478 1056

471 536 635 594 multi
677 537 816 594 rami
855 537 1134 607 oriuntur,
1183 538 1264 594 ita
1303 547 1360 596 et
1401 553 1472 595 ex
1516 554 1631 596 uno
1672 537 1851 595 David
1883 552 2080 610 magna
2106 538 2159 598 A
2189 537 2470 610 expositor
2493 555 2730 612 namque
2753 537 2897 595 nihil
2935 537 3089 595 addit
3133 545 3229 594 aut
3266 537 3514 597 minuit:
3543 539 3640 597 sed
3686 547 3796 598 aut

471 627 756 701 progenies
784 635 866 685 est
893 637 1106 686 exorta.
1139 627 1277 687 Cum
1308 645 1437 702 ergo
1474 626 1653 685 David
1700 626 1870 684 fuerit
1909 626 2070 690 radix

469 717 700 788 Christi,
725 735 792 775 eo
820 718 968 792 quod
996 719 1064 776 de
1091 719 1261 791 stirpe
1289 718 1409 791 ejus
1445 717 1659 777 Christi
1705 717 1874 773 fuerit
1917 732 2074 772 exor-

470 816 601 874 tus;
633 809 912 881 quomodo
948 807 1204 866 Christus
1247 807 1486 864 radicem
1531 824 1588 864 se
1626 807 1764 864 dicit
1813 823 1928 862 esse
1970 808 2072 862 Da-

471 897 607 953 vid?
646 896 900 956 Christus
937 897 1110 970 igitur
1152 904 1206 954 et
1247 898 1408 954 radix
1447 905 1504 954 et
1547 897 1698 953 ﬁlius
1743 903 1825 952 est
1873 894 2070 954 David.

471 986 650 1043 Radix
677 995 760 1044 est
788 986 987 1056 David,
1019 986 1150 1060 quia
1195 986 1264 1042 ab
1311 987 1430 1059 ipso
1477 985 1660 1044 David
1711 991 1794 1041 est
1837 991 2070 1054 creatus,

470 1075 614 1134 sicut
659 1085 713 1132 et
757 1077 938 1134 ceteri
978 1075 1235 1134 homines
1269 1095 1281 1134 :
1313 1076 1463 1134 ﬁlius
1490 1084 1572 1132 est
1603 1075 1805 1144 David,
1847 1075 1978 1149 quia
2004 1092 2074 1131 ex

469 1164 587 1238 ejus
649 1165 906 1240 progenie
959 1167 1223 1240 processit
1286 1169 1589 1225 secundum
1656 1181 1896 1224 carnem.
1964 1165 2072 1234 Qui

468 1255 634 1312 etiam
663 1257 876 1312 stellam
900 1257 1232 1314 matutinam
1265 1273 1322 1314 se
1355 1267 1534 1316 vocat.
1565 1256 1738 1313 Stella
1770 1255 2066 1326 matutina,

470 1363 634 1421 quam
664 1347 958 1405 luciferum
997 1363 1280 1416 vocamus,
1330 1356 1478 1405 recte
1525 1347 1776 1406 Christus
1823 1346 2068 1402 dicitur;

471 1437 604 1512 quia
629 1436 774 1494 sicut
800 1436 899 1494 illa
937 1453 1096 1493 mane
1139 1437 1324 1494 oriens
1368 1438 1720 1511 splendorem
1767 1453 1928 1494 suum
1977 1451 2073 1510 per

462 1525 785 1582 universum
817 1527 1085 1584 mundum
1117 1527 1344 1600 spargit,
1377 1527 1454 1584 ita
1481 1535 1536 1584 et
1563 1526 1816 1586 Christus
1843 1526 2072 1582 veniens

467 1613 528 1672 in
582 1615 872 1686 mundum,
925 1617 1245 1674 universam
1297 1617 1493 1674 mundi
1543 1617 1739 1674 faciem
1789 1617 2070 1673 illumina-

465 1704 588 1762 vit:
631 1705 726 1778 qui
769 1721 881 1762 non
927 1705 1356 1780 incongruenter
1402 1707 1601 1764 lucifer
1647 1714 1914 1775 vocatur;
1965 1721 2072 1779 qua

466 1795 697 1850 veniens
751 1793 810 1851 in
866 1795 1160 1866 mundum,
1211 1797 1388 1854 lucem
1438 1813 1622 1854 secum
1668 1795 1891 1864 detulit,
1941 1795 2073 1870 quia

465 1883 718 1940 tenebras
771 1883 939 1957 hujus
987 1885 1183 1942 mundi
1233 1885 1526 1944 exstinxit.
1575 1888 1653 1943 De
1701 1885 1808 1943 hoc
1835 1885 2071 1942 lucifero

463 1973 566 2030 Joh
591 1975 842 2048 loquitur
867 1975 1094 2034 dicens:
1151 2001 1169 2024 α
1199 1977 1308 2045 Qui
1359 1975 1618 2050 producit
1663 1975 1959 2033 luciferum
2005 1976 2065 2031 in

464 2069 710 2136 tempore
737 2081 838 2121 suo
869 2065 988 2136 (Iob
1018 2083 1262 2135 xxxvm,
1295 2065 1411 2138 32).
1445 2089 1464 2112 ι
1499 2065 1814 2122 Luciferum
1841 2065 1900 2121 in
1934 2073 2066 2121 tem-

465 2169 596 2226 pore
623 2170 724 2210 suo
754 2155 900 2211 Deus
923 2155 1082 2211 Pater
1111 2155 1395 2228 produxit,
1423 2154 1643 2228 quando
1667 2154 1874 2211 Filium
1903 2171 2064 2210 suum

465 2250 712 2317 tempore
733 2244 1035 2302 constituto
1059 2243 1129 2301 ad
1148 2243 1529 2301 redimendum
1560 2260 1730 2317 genus
1760 2244 2065 2300 humanum

472 2331 698 2389 direxit.

539 2421 722 2495 (Vers.
777 2421 890 2493 17.)
944 2423 1019 2479 Et
1065 2437 1287 2494 sponsus
1333 2429 1384 2477 et
1429 2437 1623 2494 sponsa
1655 2420 1878 2477 dicunt:
1920 2419 2062 2480 Veni.

465 2511 710 2585 Sponsus
739 2519 792 2567 et
819 2526 1034 2584 sponsa,
1062 2510 1121 2567 id
1149 2519 1252 2580 est,
1285 2509 1540 2568 Christus
1569 2509 1685 2583 (12)
1713 2517 1767 2567 et
1797 2509 2061 2578 Ecclesia,

468 2618 662 2659 omnes
690 2602 942 2660 homines
981 2618 1080 2676 per
1121 2601 1430 2675 Scripturas
1459 2609 1514 2659 et
1543 2617 1639 2674 per
1684 2599 2066 2674 praedicatores

467 2693 537 2750 ad
584 2692 937 2767 percipienda
979 2692 1206 2766 prasmia
1251 2691 1586 2765 sempiterna
1631 2689 1878 2764 quotidie
1924 2691 2064 2748 invi-

462 2792 604 2842 tant.
635 2786 709 2841 Et
732 2783 826 2855 qui
851 2783 1005 2840 audit
1031 2784 1176 2839 dicat
1204 2800 1222 2838 :
1260 2783 1404 2842 Veni.
1454 2782 1710 2840 Audiunt
1737 2789 1922 2838 autem
1952 2797 2062 2837 non

467 2875 649 2930 solum
675 2874 760 2930 illi
795 2873 890 2947 qui
915 2874 1134 2930 divinas
1161 2873 1473 2946 Scripturas
1501 2872 1841 2945 intelligunt,
1880 2871 1976 2928 sed
2009 2877 2064 2926 et

470 2963 556 3020 illi
587 2963 681 3036 qui
712 2979 776 3020 ea
806 2963 952 3019 bona
1001 2964 1206 3032 sciunt,
1257 2979 1354 3036 per
1396 2979 1519 3036 quae
1561 2961 1763 3019 salvari
1815 2967 2060 3033 possunt.

471 3053 636 3110 Multi
664 3061 798 3109 sunt
835 3067 970 3108 vero
1015 3053 1112 3126 qui
1163 3051 1417 3118 audiunt,
1467 3051 1526 3106 id
1578 3058 1679 3120 est,
1728 3050 1823 3123 qui
1871 3049 2066 3106 divina

471 3141 729 3199 mandata
755 3140 1071 3198 didicerunt
1099 3159 1112 3197 ε
1145 3140 1239 3197 sed
1265 3157 1377 3196 non
1396 3139 1652 3209 veniunt,
1673 3139 1803 3212 quia
1822 3155 1884 3196 ea
1902 3155 2065 3214 opere

467 3231 698 3306 implere
721 3233 1026 3304 negligant.
1059 3232 1165 3301 Qui
1195 3231 1365 3305 igitur
1401 3231 1576 3300 audit,
1626 3246 1843 3288 necesse
1882 3238 1966 3287 est
2003 3239 2064 3287 ut

465 3323 654 3382 veniat
679 3339 691 3379 :
722 3331 776 3380 et
806 3323 902 3396 qui
923 3322 1038 3397 jam
1065 3323 1231 3396 cmpit
1258 3321 1447 3378 venire
1484 3321 1551 3378 ad
1590 3323 1763 3378 Deum
1797 3337 1892 3393 per
1915 3321 2060 3378 viam

457 3429 696 3488 operum
725 3413 1021 3482 bonorum,
1051 3429 1271 3470 necesse
1297 3411 1463 3468 habet
1499 3419 1562 3468 ut
1599 3419 1654 3467 et
1693 3411 1832 3466 alios
1879 3426 2064 3468 secum

457 3504 804 3562 admonendo
833 3503 1130 3577 pertrahat.
1169 3505 1246 3560 Et
1291 3503 1388 3574 qui
1432 3503 1561 3570 sitit,
1611 3503 1808 3572 veniat,
1857 3502 1914 3559 id
1959 3511 2064 3572 est,

463 3595 558 3669 qui
583 3595 704 3651 sitit
727 3595 901 3650 vitam
929 3601 1211 3662 aeternam,
1241 3592 1311 3648 ad
1343 3609 1461 3648 eam
1493 3609 1589 3664 per
1613 3591 1761 3648 viam
1789 3591 2062 3649 bonorum

467 3699 696 3756 operum
726 3683 916 3739 venire
941 3697 998 3738 se
1033 3681 1232 3738 debere
1262 3691 1552 3754 cognoscat
1577 3698 1588 3737 :
1621 3681 1726 3750 Qui
1752 3683 1888 3751 vult,
1918 3683 2066 3737 acci—

458 3773 580 3844 piat
595 3789 792 3843 aquam
819 3771 938 3827 vita;
965 3770 1151 3844 gratis.
1181 3771 1298 3828 Hoc
1325 3771 1578 3842 superius
1594 3772 1741 3844 (cap.
1779 3771 1869 3843 12)
1901 3788 2066 3846 expo-

465 3861 636 3918 situm
667 3867 770 3918 est.

538 3951 719 4023 (Vers.
754 3949 843 4016 18,
876 3948 990 4021 19.)
1027 3949 1301 4007 Contestor
1331 3948 1477 4004 omni
1497 3948 1736 4005 audienti
1759 3949 1919 4006 verba
1939 3965 2066 4021 pro-

458 4041 648 4113 phetia:
676 4039 804 4095 libri
831 4037 1030 4107 hujus:
1061 4038 1108 4094 si
1129 4039 1249 4110 quis
1281 4039 1588 4110 apposuerit
1621 4039 1695 4094 ad
1731 4039 1858 4107 haec,
1891 4055 2068 4110 appo-

463 4137 560 4186 nat
588 4130 729 4185 Deus
770 4145 931 4199 super
970 4127 1126 4184 illum
1169 4129 1360 4200 plagas
1393 4129 1619 4199 scriptas
1659 4127 1717 4183 in
1757 4128 1890 4185 libro
1927 4128 2062 4194 isto;

465 4225 513 4275 et
539 4219 587 4275 si
613 4219 733 4290 quis
759 4217 1071 4274 diminuerit
1115 4217 1177 4272 de
1220 4217 1390 4272 verbis
1425 4218 1550 4274 libri
1568 4217 1857 4290 prophetia:
1883 4218 2068 4288 hujuse

467 4307 686 4379 auferat
718 4308 860 4364 Deus
883 4313 1093 4380 partem
1119 4305 1232 4376 ejus
1261 4307 1323 4362 de
1354 4308 1489 4364 libro
1517 4308 1656 4376 vitae,
1688 4313 1737 4364 et
1767 4308 1830 4364 de
1869 4307 2049 4363 civilat

463 4406 667 4469 sancta,
697 4405 747 4454 et
766 4399 828 4455 de
851 4399 933 4454 his
952 4415 1070 4470 qua:
1101 4398 1298 4470 scripta
1327 4405 1450 4455 sunt
1491 4399 1548 4454 in
1591 4399 1726 4455 libro
1760 4399 1880 4454 isto.
1929 4399 2067 4458 Cum

461 4489 712 4563 superius
777 4489 1059 4562 praecipiat
1125 4489 1350 4563 angelus
1407 4489 1628 4558 Joanni,
1685 4488 1878 4546 dicens
1919 4505 1932 4544 :
1991 4489 2068 4544 Ne

464 4579 754 4653 signaveris
807 4580 966 4636 verba
1014 4579 1306 4652 praphetiie
1357 4578 1482 4635 libri
1520 4577 1681 4648 hujus
1721 4595 1742 4644 ;
1797 4577 1931 4650 quid
1987 4585 2069 4633 est

465 4651 614 4742 quod
641 4669 786 4725 idem
815 4651 1057 4724 Joannes
1081 4669 1137 4724 in
1154 4667 1261 4726 hoc
1277 4667 1397 4724 loco
1411 4666 1801 4724 maledictione
1823 4664 2062 4723 terribili
2091 4651 2140 4710 D

465 4757 689 4814 damnat
713 4775 805 4815 eos
823 4757 917 4831 qui
939 4757 1008 4814 ad
1026 4757 1353 4831 scripturam
1375 4756 1504 4812 libri
1526 4755 1694 4827 hujus
1715 4755 1900 4828 aliqua
1909 4755 2061 4812 addi-

465 4845 648 4903 derint
680 4864 694 4902 :
727 4846 967 4902 maxime
987 4863 1111 4904 cum
1134 4845 1192 4901 in
1213 4845 1318 4902 hoc
1339 4843 1483 4900 libro
1509 4844 1686 4900 multa
1706 4842 2068 4898 inveniantur

467 4953 586 5009 quae
607 4936 910 4994 secundum
927 4936 1164 4992 litteram
1187 4935 1410 4993 inutilia
1429 4942 1484 4991 et
1508 4950 1648 4990 vana
1665 4949 1780 4990 esse
1801 4932 2068 4989 videbun-

466 5033 579 5094 tur,
613 5024 721 5081 nisi
750 5025 830 5080 eis
861 5025 1124 5097 spiritalis
1173 5023 1542 5097 intelligentia
1581 5021 1929 5091 adhibeatur,
1971 5038 2067 5094 per

465 5131 632 5190 quam
652 5115 1070 5188 intelligantur?
1084 5114 1288 5174 Verum
1311 5131 1422 5171 non
1442 5113 1509 5172 de
1529 5112 1955 5188 expositoribus,
1972 5113 2064 5168 sed

477 5203 545 5263 de
573 5203 847 5263 haereticis
873 5202 979 5262 hoc
1005 5202 1212 5262 dictum
1253 5220 1367 5260 esse
1410 5203 1716 5277 intelligere
1759 5203 2060 5268 debemus;

546 5439 662 5512 (12)
694 5437 826 5512 Gill.
859 5439 918 5494 in
954 5445 1143 5512 textu:
1176 5439 1265 5512 Ει⁸
1285 5451 1508 5512 sponsus
1553 5439 1849 5512 et_sponsa,
1897 5432 1958 5487 id
1994 5438 2069 5512 est

471 5505 717 5584 Christus
747 5529 761 5579 ;
793 5510 850 5566 in
881 5510 1144 5584 margine,
1185 5509 1266 5564 vel
1293 5505 1516 5584 spiritus
1544 5505 1748 5584 ;__Rom.
1786 5519 1937 5584 vero,
1969 5505 2066 5584 ‘Et

469 5581 689 5652 spiritus
733 5575 780 5637 et
824 5575 1027 5653 sponsa
1071 5575 1489 5653 dicuntheni,
1532 5575 1599 5653 id
1650 5581 1741 5642 est,
1799 5575 2064 5643 Christus,

471 5648 575 5707 etc.
615 5653 718 5706 Sed
752 5648 942 5708 omnes
971 5669 1102 5707 mss.
1124 5652 1411 5708 nobiscum
1440 5648 1672 5705 faciunt.

548 5722 664 5790 (13)
691 5723 867 5789 Edit.,
897 5723 1021 5777 Iesu
1043 5724 1266 5780 Christe.
1298 5723 1480 5780 Dicit:
1519 5717 1673 5778 Venio
1693 5717 1793 5774 cito
1823 5734 1835 5774 :
1870 5716 2066 5775 melius

478 5809 606 5850 mss.
639 5799 701 5848 ut
723 5792 780 5848 in
806 5799 1090 5852 contextu.

2184 630 2546 688 obscuritates
2599 630 2848 688 historias
2906 627 3232 703 exponendo
3289 629 3631 698 manifestat,
3685 641 3796 690 aut

2183 721 2447 777 moralem
2486 727 2582 777 aut
2609 720 2911 793 spiritalem
2943 718 3366 795 intelligentiam
3415 719 3791 780 demonstrat.

2185 808 2480 866 Haereticos
2506 826 2633 881 ergo
2664 809 2964 876 maledicit,
2999 809 3095 882 qui
3133 809 3192 864 in
3227 809 3530 882 Scripturis
3572 810 3796 869 divinis

2183 899 2251 954 ad
2299 897 2734 954 confirmandam
2791 898 3044 954 haeresim
3109 915 3264 954 suam
3320 899 3572 972 quaedam
3645 901 3797 958 falsa

2182 987 2546 1060 apponebant,
2578 996 2633 1044 et
2683 987 2933 1060 quaedam
2982 987 3369 1058 detrahebant,
3417 1005 3539 1062 quas
3589 1005 3792 1046 eorum

2182 1078 2378 1135 haeresi
2411 1077 2740 1134 videbantur
2759 1093 2882 1134 esse
2910 1077 3205 1134 contraria.

2256 1193 2436 1264 (Vers.
2467 1193 2583 1266 20.)
2607 1193 2749 1249 Dicit
2770 1194 2864 1265 qui
2886 1193 3236 1249 testimonium
3260 1191 3498 1264 perhibet
3518 1193 3788 1252 istorum:

2182 1284 2365 1341 Etiam
2400 1286 2550 1340 venio
2592 1285 2710 1352 cito,
2755 1303 2927 1343 amen.
2985 1285 3131 1352 Veni,
3172 1287 3400 1342 Domine
3435 1286 3581 1342 Iesu.
3625 1284 3794 1343 Chri-

2183 1382 2299 1430 stus
2344 1373 2483 1432 dicit
2531 1393 2543 1431 :
2605 1375 2759 1433 Venio
2799 1375 2898 1430 cito
2944 1374 3089 1447 (l3),
3129 1375 3365 1430 Joannes
3413 1374 3593 1447 petit:
3635 1373 3792 1444 Veni,

2181 1463 2406 1520 Domine
2431 1465 2596 1528 Iesu;
2624 1473 2678 1520 et
2705 1479 2806 1519 nos
2837 1462 3139 1520 adventum
3189 1461 3398 1521 Christi
3437 1461 3630 1520 multis
3669 1479 3795 1519 mo-

2182 1551 2268 1609 dis
2323 1555 2601 1626 postulare
2662 1552 2946 1610 debemus.
3006 1554 3352 1610 Postulamus
3398 1567 3637 1626 namque
3693 1549 3794 1608 ad-

2182 1649 2410 1700 ventum
2440 1641 2558 1715 ejus
2595 1641 2653 1698 in
2685 1641 2933 1698 oratione
2956 1641 3270 1711 Dominica,
3303 1640 3552 1715 quotidie
3597 1641 3794 1698 dicen-

2181 1741 2308 1790 tes:
2350 1757 2370 1780 ι
2419 1732 2695 1789 Adveniet
2742 1747 2971 1804 regnum
3026 1738 3185 1787 tuum
3236 1731 3448 1800 (Matth.
3482 1749 3560 1800 v1,
3604 1731 3720 1803 10),
3755 1756 3777 1780 ι

2181 1823 2238 1880 id
2268 1832 2370 1892 est,
2402 1832 2622 1896 tempus
2665 1821 2814 1896 quod
2861 1829 2984 1895 post
3027 1821 3485 1878 resurrectionem
3530 1820 3792 1878 futurum

2099 1916 2143 1976 B
2177 1923 2281 1984 est,
2329 1913 2388 1969 in
2445 1930 2554 1988 quo
2602 1928 2794 1969 omnes
2848 1912 3023 1968 sancti
3068 1928 3197 1968 cum
3251 1910 3468 1968 Christo
3508 1911 3630 1966 sine
3673 1909 3795 1968 ﬁne

2175 2005 2502 2078 regnabunt.
2539 2006 2601 2061 In
2651 2003 2890 2078 peccatis
2923 2003 3211 2076 jacemus;
3257 2019 3476 2060 necesse
3516 2001 3796 2061 habemus

2175 2104 2238 2152 ut
2284 2094 2622 2168 pmnitendo,
2679 2093 2969 2166 plorando,
3017 2093 3256 2160 orando,
3296 2091 3644 2162 abstinendo,
3678 2093 3794 2149 ele-

2176 2201 2466 2257 emosynas
2485 2184 2788 2256 largiendo,
2821 2185 3120 2240 adventum
3151 2183 3267 2256 ejus
3289 2183 3648 2256 deprecemur
3677 2201 3692 2251 ;
3725 2190 3796 2240 ut

2175 2273 2246 2330 ad
2272 2290 2372 2330 nos
2407 2273 2840 2330 misericordiam
2884 2289 3039 2329 suam
3092 2271 3466 2346 impendendo
3513 2271 3726 2341 redeat,
3758 2289 3796 2329 a

2175 2361 2376 2436 quibus
2405 2362 2565 2418 malis
2595 2362 2800 2420 nostris
2842 2362 3096 2418 irritatus
3146 2362 3489 2422 discesserat.
3519 2363 3584 2418 In
3633 2369 3792 2420 tene-

2173 2449 2288 2508 bris
2342 2451 2664 2522 ignorantiae
2739 2451 2908 2523 positi
2977 2467 3208 2518 sumus;
3263 2450 3641 2523 deprecandus
3705 2460 3793 2508 est

2175 2539 2464 2609 Dominus,
2497 2547 2559 2596 ut
2586 2539 2794 2609 veniat,
2827 2547 2880 2596 et
2912 2539 3122 2596 lumine
3153 2539 3433 2612 sapientiae
3464 2557 3578 2597 sua)
3613 2541 3791 2598 corda

2175 2636 2362 2686 nostra
2392 2629 2690 2686 illuminet.
2723 2631 2808 2688 Ab
2847 2628 3232 2686 invisibilibus
3278 2627 3536 2686 hostibus
3588 2631 3794 2704 impu-

2175 2732 2407 2788 gnamur
2428 2717 2738 2790 rrogandus
2767 2726 2850 2775 est
2879 2717 3172 2783 Dominus,
3201 2724 3262 2774 ut
3281 2716 3489 2786 veniat,
3516 2725 3572 2774 et
3599 2719 3671 2774 ab
3706 2719 3791 2776 eis

2175 2809 2446 2868 invisibili
2493 2809 2738 2884 potentia
2791 2827 2892 2866 nos
2946 2808 3224 2866 defendat.
3271 2807 3536 2866 Visibiles
3593 2809 3791 2868 hostes

2175 2901 2440 2975 patimur,
2492 2898 2876 2972 implorandus
2927 2905 3009 2956 est
3062 2897 3374 2967 Dominus;
3425 2905 3486 2954 ut
3529 2900 3790 2972 veniens,

2175 2992 2503 3066 patientiam
2525 3000 2580 3048 et
2606 2993 2956 3050 tolerantiam
2993 2990 3161 3047 nobis
3190 2989 3246 3046 in
3278 2990 3521 3048 adversis
3549 2991 3788 3063 tribuat,

2173 3091 2236 3140 ut
2281 3099 2394 3140 non
2442 3082 2732 3140 vincamur
2759 3100 2792 3138 a
2835 3083 3001 3151 malo,
3049 3081 3145 3139 sed
3189 3079 3478 3137 vincamus
3523 3079 3583 3137 in
3631 3081 3790 3141 bono

2174 3172 2408 3228 malum.
2449 3171 2591 3228 Sunt
2619 3171 2714 3228 alii
2755 3171 2937 3230 hostes
2967 3173 3282 3246 interiores,
3313 3185 3368 3234 et
3405 3179 3584 3236 multo
3631 3179 3790 3240 dete-

2174 3261 2366 3330 riores,
2411 3276 2443 3316 a
2483 3260 2685 3334 quibus
2718 3260 3094 3320 indesinenter
3133 3265 3494 3336 debellamur,
3537 3271 3784 3330 avaritia

2173 3349 2450 3418 videlicet,
2509 3351 2658 3422 gula,
2715 3350 2912 3420 libido,
2966 3351 3203 3424 invidia,
3265 3355 3368 3426 ira,
3429 3356 3642 3425 odium,
3685 3377 3782 3417 su-

2173 3439 2382 3514 perbia,
2409 3456 2552 3497 vana
2577 3440 2772 3514 gloria,
2803 3450 2989 3498 tumor
3017 3443 3240 3514 mentis,
3273 3445 3551 3519 despectio
3588 3435 3783 3521 proxi-

2174 3550 2414 3602 morum,
2443 3532 2819 3606 blasphemiae,
2851 3542 2904 3590 et
2923 3534 3019 3590 alii
3049 3536 3236 3606 multi,
3268 3552 3406 3610 quos
3436 3538 3662 3612 longum
3695 3551 3784 3599 est

2173 3638 2396 3696 ponere.
2426 3623 2522 3680 Isti
2550 3631 2680 3680 sunt
2707 3623 2890 3697 itaque
2918 3623 3100 3681 hostes
3119 3625 3364 3698 pessimi,
3389 3627 3488 3700 qui
3509 3644 3580 3684 ex
3611 3629 3784 3687 nobis

2173 3714 2468 3788 prodeunt,
2498 3723 2552 3771 et
2577 3715 2867 3772 nobiscum
2898 3725 3204 3786 morantur,
3236 3726 3289 3774 et
3313 3717 3520 3792 jugiter
3548 3735 3650 3776 nos
3681 3718 3780 3776 de-

2172 3805 2400 3863 bellant.
2433 3806 2648 3862 Habent
2686 3815 2867 3864 autem
2897 3814 2951 3862 et
2979 3807 3410 3865 innumerabilia
3432 3808 3620 3882 jacula
3661 3826 3782 3868 ma-

2174 3892 2352 3949 larum
2384 3892 2806 3966 cogitationum,
2843 3895 3044 3968 quibus
3071 3893 3291 3951 assidue
3319 3912 3420 3953 nos
3456 3897 3778 3954 vulnerant.

2175 3984 2234 4041 Si
2279 4001 2407 4056 ergo
2451 3985 2742 4042 interiores
2781 3985 2966 4041 hostes
3010 3984 3280 4052 deessent,
3331 3985 3634 4042 exteriores
3677 3985 3784 4046 ho-

2176 4082 2284 4130 stes
2332 4073 2473 4128 nihil
2521 4073 2683 4128 nobis
2729 4090 2924 4130 nocere
2973 4082 3226 4145 possent;
3278 4073 3371 4129 isti
3434 4083 3568 4132 sunt
3623 4077 3783 4134 enim

2176 4171 2482 4243 proditores
2534 4170 2776 4226 civitatis
2835 4179 3056 4239 nostras,
3115 4178 3170 4227 et
3226 4172 3528 4230 exteriores
3584 4171 3782 4235 hostes

2176 4260 2332 4316 nullo
2387 4259 2571 4329 modo,
2613 4259 2720 4316 nisi
2772 4276 2867 4332 per
2905 4259 3062 4330 istos,
3111 4260 3393 4318 civitatem
3441 4262 3559 4335 (lli)
3591 4267 3783 4325 cordis

2175 4349 2350 4407 nostri
2398 4356 2627 4422 possunt
2685 4366 2894 4422 capere.
2945 4351 3218 4422 Rogemus
3261 4351 3431 4424 igitur
3469 4353 3820 4413 Dominum.

2175 4447 2240 4496 ut
2289 4439 2492 4507 veniat,
2521 4447 2576 4495 et
2624 4439 2760 4495 istos
2801 4438 3236 4496 immanissimos
3275 4439 3462 4496 hostes
3507 4441 3568 4496 in
3614 4443 3780 4501 nobis

2175 4525 2429 4582 funditus
2475 4523 2808 4597 exstinguat,
2845 4524 2976 4598 quia
3021 4524 3131 4582 nisi
3182 4524 3630 4598 exstinguuntur,
3675 4544 3781 4585 nos

2175 4615 2314 4675 salvi
2342 4631 2457 4672 esse
2481 4631 2592 4672 non
2621 4631 2932 4688 possumus.

2249 4743 2435 4816 (Vers.
2472 4741 2589 4812 2i.)
2625 4741 2817 4798 Gratia
2846 4739 3061 4796 Domini
3083 4739 3200 4811 (15)
3225 4741 3396 4796 nostri
3417 4741 3542 4797 Iesu
3575 4741 3778 4802 Christi

2174 4841 2242 4897 sit
2269 4857 2387 4897 cum
2413 4837 2653 4894 omnibus
2693 4838 2854 4894 vobis.
2886 4839 3074 4894 Amen.
3107 4837 3190 4894 Sit
3217 4845 3273 4894 et
3301 4834 3445 4894 589
3483 4839 3774 4897 nobiscum

2175 4932 2354 5006 gratia
2395 4928 2619 4986 Domini
2647 4929 2774 4984 .lesu
2801 4927 3030 4995 Christi,
3061 4935 3115 4983 et
3143 4927 3237 4984 det
3276 4929 3438 4986 nobis
3475 4945 3629 4986 arma
3659 4929 3777 4987 vir-

2173 5026 2378 5088 tutum,
2420 5017 2622 5092 quibus
2659 5017 2884 5084 muniti,
2929 5016 3050 5089 ipso
3095 5017 3234 5074 duce
3279 5025 3442 5090 atque
3481 5017 3768 5090 signifero,

2175 5119 2228 5168 et
2272 5109 2342 5166 ab
2386 5107 2742 5166 interioribus
2775 5106 3048 5176 hostibus,
3082 5115 3136 5162 et
3173 5107 3242 5163 ab
3284 5107 3654 5165 exterioribus
3684 5108 3774 5164 de-

2177 5203 2497 5269 fendamur;
2530 5209 2592 5257 ut
2628 5199 2758 5255 vitae
2787 5206 3004 5256 aeternae
3046 5198 3344 5272 participes
3383 5215 3500 5257 esse
3550 5217 3774 5258 merea-

2248 5427 2362 5500 (14)
2394 5421 2612 5500 Eandem
2660 5422 2816 5500 edit.,
2863 5423 3145 5478 exteriores
3187 5423 3354 5478 hostes
3397 5424 3550 5479 nullo
3598 5425 3770 5500 modo,

2175 5495 2279 5556 nisi
2318 5495 2412 5571 per
2458 5495 2904 5571 istos‘civilalem,
2935 5502 3078 5562 etc.;
3112 5509 3241 5550 mss.
3291 5511 3444 5564 vero,
3489 5497 3775 5552 exteriores

2175 5567 2340 5628 hostes
2366 5570 2499 5625 nihil
2526 5567 2673 5622 nobis
2713 5584 2914 5635 nocere,
2945 5574 3050 5622 etc.

2249 5643 2365 5715 (15)
2408 5643 2496 5715 Ita
2551 5656 2681 5715 mss.
2730 5638 2878 5715 Edit.
2935 5645 3159 5715 autem,_
3186 5640 3505 5715 exstinguat,
3557 5644 3605 5693 et
3666 5639 3772 5694 illis

2175 5711 2476 5784 exstinctis,
2503 5711 3160 5784 perducereaigneturad
3198 5712 3396 5781 gaudia
3433 5713 3553 5767 vita:
3593 5728 3772 5784 perpe-

2179 5792 2297 5842 tuis.
2323 5781 2571 5856 Sequitur
2603 5799 2614 5839 :
2650 5781 2841 5840 Gratia
2868 5781 3108 5850 Domini,
3141 5791 3247 5842 etc.
