3964 6376
251 390 397 449 1057
750 418 757 431 ·
1352 391 1448 448 DE
1483 390 1951 449 POENITENTIA
1988 391 2199 451 LIBER
2234 392 2435 450 UNUS.
3414 398 3552 458 1058

249 534 415 575 mur:
464 517 738 591 qui-cum
789 516 945 573 Patre
1000 521 1054 571 et
1113 515 1323 588 Spiritu
1376 524 1564 573 sancto
1603 517 1747 574 vivit
1790 525 1844 573 et
1869 520 1924 579 Α
1958 517 2379 588 intelligentiam
2412 517 2542 574 libri
2574 518 2739 591 hujus
2764 536 2834 576 ex
2867 529 3019 593 parte
3063 522 3267 580 donare
3294 522 3553 596 dignatus

249 615 442 681 regnat
472 606 530 663 in
550 606 749 663 saecula
778 604 1128 662 saeculorum.
1152 606 1351 661 Amen.
1957 614 2059 663 est.
2092 608 2211 678 Ego
2237 616 2419 663 autem
2449 615 2687 664 tractans
2715 609 2859 680 apud
2889 626 2975 666 me
3005 609 3145 666 illud
3194 612 3501 669 Salomonis
3535 632 3546 669 :

1970 721 1989 745 ι
2033 696 2313 770 Sapientia
2354 697 2692 765 abscondita,
2745 708 2800 755 et
2837 697 3126 757 thesaurus
3166 702 3400 769 invisus,
3430 722 3550 777 quas

579 744 926 802 AUCTORIS
964 744 1356 802 ADMONITIO
1386 746 1526 819 (16).
1957 744 2142 844 uti};

1985 744 1988 745 ν
2033 744 2313 770 “Tum-..
2354 744 2692 765 ..υνυς-...πη
2746 744 2800 755 ν.
2841 744 3126 757 mw--.“
3166 744 3400 769 ...κωκυ
3472 744 3549 760 μου

1985 787 2172 843 ιῑίιίῑειε
2226 788 2285 844 in
2332 789 2580 861 utrisque
2630 789 2822 860 (Eccl-oi.
2863 806 2963 858 xx,
3020 789 3204 861 32)?»
3268 744 3550 865 Simul‘ijue

320 873 586 949 Quisquis
623 890 827 929 nomen
860 873 1102 930 auctoris
1138 873 1277 929 scire
1308 872 1601 944 desideras,
1636 875 1850 933 litteras
1956 877 2310 935 considerans
2356 894 2519 951 grave
2579 877 2720 934 mihi
2774 877 3082 951 periculum
3138 877 3444 947 imminere,
3504 879 3549 934 si

244 965 659 1037 expositionum
691 963 747 1019 in
777 963 1048 1036 capitibus
1085 971 1290 1035 septem
1321 964 1613 1021 Visionum
1643 967 1848 1038 primas
1955 968 2344 1041 parvissimum
2399 968 2741 1038 thesaurum,
2798 983 2960 1040 quem
3009 965 3153 1023 mihi
3206 967 3553 1039 omnipotens

243 1052 486 1122 attende.
518 1053 791 1108 Numerus
818 1060 1054 1125 quatuor
1094 1054 1370 1109 vocalium
1401 1071 1523 1128 quae
1554 1055 1772 1125 desunt,
1798 1056 1845 1112 si
1954 1060 2100 1115 Deus
2148 1057 2334 1131 largiri
2390 1057 2648 1129 dignatus
2699 1064 2803 1123 est,
2848 1056 3081 1113 tacendo
3127 1056 3548 1124 absconderem;

244 1140 461 1198 Graecas
492 1142 761 1213 posueris,
821 1149 903 1196 est
945 1140 1199 1196 LXXXI.
1244 1143 1385 1199 Ecce
1433 1151 1638 1216 quanta
1692 1145 1849 1217 potui
1955 1147 2309 1207 considerans
2337 1148 2505 1204 etiam
2566 1164 2678 1203 non
2732 1164 2819 1203 me
2872 1163 2989 1203 esse
3044 1146 3303 1203 idoneum
3360 1146 3429 1203 ad
3458 1146 3553 1203 do-

243 1230 523 1288 brevitate
581 1231 731 1287 hunc
788 1230 991 1286 librum
1038 1231 1363 1303 conscripsi.
1397 1232 1635 1291 Obsecro
1663 1244 1846 1292 autem
1955 1240 2128 1297 cenda
2172 1256 2235 1295 ea
2282 1256 2401 1314 quas
2444 1238 2838 1312 intelligebam,
2891 1255 2955 1295 eo
2992 1239 3137 1312 quod
3166 1240 3355 1296 nullus
3401 1240 3551 1295 inve-

242 1326 316 1388 te,
357 1320 449 1377 cui
475 1319 629 1376 dedit
651 1321 794 1376 Deus
824 1319 1111 1377 scientiam
1146 1321 1479 1391 litterarum,
1511 1330 1564 1379 et
1594 1323 1652 1379 in
1685 1324 1848 1397 cujus
1954 1330 2188 1400 niretur,
2220 1330 2315 1403 qui
2335 1346 2489 1387 more
2514 1328 2800 1402 discipuli,
2838 1327 3156 1401 dignaretur
3205 1328 3373 1385 verba
3401 1327 3552 1384 insi-

245 1410 509 1466 manibus
565 1409 662 1497 hic
695 1409 837 1466 liber
864 1408 934 1464 ad
981 1409 1267 1481 legendum
1298 1410 1600 1482 devenerit,
1640 1420 1701 1469 ut
1734 1431 1845 1471 non
1954 1420 2175 1493 pientiae
2204 1437 2340 1475 meae
2402 1418 2637 1487 audire;
2700 1418 2930 1475 deﬁnivi
2982 1418 3126 1491 apud
3181 1434 3289 1487 me,
3317 1426 3380 1474 ut
3407 1417 3552 1475 hanc

241 1509 470 1573 propter
497 1501 749 1558 fmtidam
780 1518 842 1559 ac
869 1500 1299 1557 rusticissimam
1332 1502 1698 1558 elocutionem
1737 1520 1844 1562 ser.
1954 1528 2179 1583 parvam
2210 1509 2520 1579 scientiam,
2569 1525 2730 1581 quam
2765 1507 2905 1564 mihi
2934 1507 3123 1563 divina
3175 1506 3554 1565 misericordia

240 1606 436 1648 mones
463 1590 632 1663 hujus
660 1591 790 1648 libri
812 1589 1075 1662 abjicias:
1112 1589 1208 1645 sed
1225 1589 1640 1663 imitarepotius
1662 1591 1843 1661 illum,
1955 1600 2211 1669 contulit,
2289 1599 2658 1672 qualicunque
2712 1598 2858 1671 stylo
2924 1613 3315 1671 prosequerer;
3348 1613 3417 1653 ne
3455 1604 3551 1652 ta-

242 1683 343 1758 qui
402 1701 673 1757 gemmam
705 1683 763 1739 in
793 1682 1145 1757 sterquilinio
1175 1688 1446 1753 repertam
1480 1683 1677 1739 tandiu
1706 1699 1847 1756 aqua
1956 1691 2164 1746 lentum
2220 1689 2443 1746 Domini
2499 1688 2607 1745 mei
2665 1686 3024 1756 abscondens,
3056 1705 3183 1745 cum
3241 1688 3340 1744 illo
3391 1704 3551 1745 servo

239 1773 421 1831 nitida
451 1774 647 1843 abluit,
680 1790 852 1847 usque
881 1773 1013 1829 dum
1057 1771 1127 1828 ad
1159 1771 1506 1843 splendorem
1548 1772 1844 1844 pristinum
1953 1778 2262 1847 damnarer,
2294 1778 2396 1853 qui
2440 1776 2661 1834 cabiens
2681 1775 2822 1832 fodit
2853 1777 2912 1833 in
2931 1783 3157 1845 terram,
3179 1783 3232 1831 et
3258 1775 3552 1833 abscondit

239 1865 592 1938 perveniret;
626 1865 703 1921 ita
730 1872 784 1921 et
830 1873 892 1921 tu
921 1880 1062 1936 aqua
1090 1862 1371 1935 sapientiae
1404 1871 1513 1920 tuae
1540 1862 1701 1919 ablue
1731 1863 1839 1919 im-
1873 1879 1920 1941 Β
1952 1869 2239 1942 pecuniam
2288 1866 2501 1924 domini
2546 1865 2634 1923 sui
2675 1867 2891 1939 (Matth.
2925 1882 3062 1936 xxv,
3112 1866 3226 1937 18),
3256 1889 3279 1914 ι
3320 1867 3394 1923 Et
3421 1865 3552 1939 quia

238 1954 450 2028 peritiae
482 1971 621 2010 mea
647 1953 852 2021 sordes,
896 1953 1114 2025 tuisque
1145 1950 1392 2023 pulchris
1428 1958 1483 2007 et
1523 1952 1841 2023 compositis
1954 1958 2182 2015 idoneus
2210 1973 2324 2013 non
2351 1973 2473 2012 sum
2499 1955 2567 2012 ad
2589 1953 2978 2028 duplicandam
3010 1954 3300 2029 pecuniam
3322 1953 3550 2012 Domini

236 2044 424 2100 verbis
478 2060 758 2101 sermones
812 2040 979 2113 hujus
1050 2040 1179 2097 libri
1234 2039 1567 2098 necessarios
1612 2042 1837 2113 adorna,
1953 2049 2083 2118 mei,
2143 2046 2300 2103 trado
2347 2062 2467 2103 eam
2522 2046 2913 2103 nummulariis
2933 2064 2949 2115 ;
3011 2054 3074 2103 ut
3128 2044 3244 2118 ipse
3298 2045 3546 2115 veniens,

235 2142 510 2208 quatenus
566 2151 677 2190 non
726 2132 842 2205 jam
891 2148 924 2187 a
973 2131 1225 2204 superbis
1281 2130 1577 2188 lectoribus
1627 2132 1840 2189 utilitas
1955 2137 2183 2210 recipiat
2209 2136 2357 2211 quod
2385 2152 2548 2194 suum
2602 2143 2685 2192 est
2712 2153 2841 2194 cum
2882 2152 3068 2193 usura.
3108 2136 3183 2192 Te
3220 2142 3429 2205 autem,
3458 2134 3551 2194 cui

236 2222 367 2280 libri
400 2240 561 2280 causa
611 2221 937 2278 rusticitatis
975 2220 1284 2293 abjiciatur.
1344 2220 1469 2277 Scio
1498 2219 1645 2277 enim
1693 2221 1841 2294 quod
1954 2228 2106 2301 loqui
2146 2228 2307 2301 ccepi,
2340 2227 2779 2283 nummularium
2810 2242 2987 2296 voco;
3021 2224 3151 2299 quia
3195 2226 3342 2284 sicut
3376 2242 3551 2282 num-

233 2310 355 2369 hzec
376 2328 496 2367 mea
526 2312 785 2384 impolita
805 2310 1035 2368 dictatio
1064 2327 1096 2366 a
1125 2310 1317 2366 multis
1345 2310 1577 2367 scientia
1620 2311 1841 2367 littera—
1952 2316 2223 2372 mularius
2271 2316 2563 2389 pecuniam
2602 2316 3027 2389 incompositam
3074 2314 3191 2371 suis
3237 2313 3549 2389 superscri-

233 2418 359 2458 rum
388 2400 619 2458 tumidis
647 2401 943 2473 despuetur
970 2407 1133 2474 atque
1176 2398 1623 2455 subsannabitur.
1669 2400 1839 2457 Indi—
1950 2407 2236 2480 ptionibus
2260 2406 2513 2478 adornat,
2542 2414 2604 2463 ut
2640 2415 2764 2481 apta
2792 2405 2866 2463 sit
2892 2404 2961 2462 ad
3016 2405 3170 2463 lucra
3198 2405 3505 2478 peragenda
3533 2420 3547 2463 :

234 2489 555 2564 gnabuntur
582 2491 746 2548 etiam
777 2498 970 2548 contra
994 2504 1102 2558 me,
1135 2505 1234 2545 cur
1263 2505 1360 2561 ego
1382 2486 1578 2554 idiota,
1608 2496 1661 2544 et
1695 2488 1837 2545 nihil
1949 2495 2028 2552 ita
2055 2504 2108 2553 et
2138 2504 2196 2553 tu
2234 2497 2377 2553 hanc
2418 2497 2708 2570 pecuniam
2761 2495 3009 2561 Domini,
3041 2511 3204 2568 quam
3260 2494 3362 2551 tibi
3391 2511 3553 2552 com-

236 2579 438 2648 sciens,
522 2580 962 2653 prazsumpserim
1035 2594 1199 2651 super
1251 2585 1417 2634 tanta;
1483 2578 1837 2636 obscuritatis
1950 2587 2133 2656 mitto,
2166 2596 2359 2660 potens
2412 2603 2470 2643 es
2507 2595 2604 2643 tua
2660 2584 2928 2658 sapientia
2978 2584 3196 2656 tuisque
3226 2582 3548 2656 compositis

235 2667 446 2724 librum
496 2670 757 2725 volumen
804 2666 1186 2742 Expositionis
1229 2666 1448 2723 cudere.
1497 2666 1709 2733 Quibus
1756 2684 1836 2725 re-
1949 2673 2132 2730 verhis
2192 2672 2485 2741 adornare;
2540 2681 2604 2730 ut
2658 2680 2785 2745 apta
2837 2672 2932 2731 ﬁat
2994 2671 3062 2728 ad
3113 2672 3265 2728 lucra
3320 2669 3546 2728 Domini

236 2758 482 2832 spondeo
526 2760 674 2832 quia,
729 2760 872 2817 sicut
912 2767 1071 2815 terrae
1119 2757 1292 2814 sterili
1341 2757 1580 2828 amplius
1619 2757 1837 2830 proﬁcit
1947 2761 2123 2820 nostri
2163 2762 2291 2818 Jesu
2321 2762 2531 2821 Christi
2559 2761 2893 2834 perﬁcienda
2925 2779 2937 2817 :
2971 2761 3217 2835 scitoque
3244 2769 3298 2817 te
3329 2778 3548 2819 merce-

236 2848 483 2922 aspersio
517 2849 794 2918 stercoris,
827 2863 990 2922 quam
1020 2846 1258 2919 alicujus
1306 2849 1516 2903 metalli
1563 2848 1830 2920 pretiosi;
1946 2851 2071 2908 dem
2129 2852 2394 2924 optimam
2449 2852 2517 2908 ab
2558 2851 2676 2924 ipso
2732 2867 2847 2908 esse
2893 2858 3260 2924 recepturum,
3329 2851 3375 2906 si
3450 2851 3542 2909 hic

236 2941 317 2997 ita
343 2948 399 2997 et
437 2941 678 2998 indoctis
705 2941 1027 2997 hominibus
1057 2941 1181 3012 plus
1210 2939 1428 3012 proﬁcit
1471 2939 1663 2996 divina
1693 2939 1835 2997 Scri-
1947 2940 2106 3010 liber,
2138 2948 2200 2996 ut
2238 2948 2391 3013 puto,
2422 2941 2683 2998 Ecclesiae
2712 2940 2812 2997 Dei
2856 2940 3213 3009 necessarius,
3243 2957 3339 3012 per
3369 2940 3543 2996 indu-

232 3038 401 3104 ptura
428 3029 783 3087 mediocriter
820 3030 1052 3102 prolata,
1076 3045 1239 3102 quam
1260 3028 1303 3084 si
1334 3027 1719 3101 philosophica
1740 3038 1836 3087 aut
1948 3031 2139 3088 striam
2195 3038 2347 3087 tuam
2402 3039 2565 3104 atque
2619 3030 2930 3087 doctrinam
2994 3032 3181 3087 sordes
3228 3030 3538 3087 dictionum

231 3120 451 3194 poetico
501 3136 751 3177 sermone
802 3120 1110 3191 proferatur
1143 3136 1155 3174 :
1215 3119 1497 3190 sciantque
1532 3118 1833 3177 Dominum
1946 3121 2214 3189 amiserit,
2247 3122 2467 3195 tuisque
2494 3120 2678 3178 verbis
2705 3120 3026 3177 decentibus
3069 3128 3388 3189 exornatus,
3419 3120 3542 3175 uti-

233 3218 487 3267 nostrum
525 3210 708 3266 Iesum
749 3209 1032 3268 Christum
1062 3218 1401 3265 sacramenta
1427 3207 1691 3265 doctrinae
1722 3227 1833 3267 suae
1872 3230 1916 3291 ο
1950 3210 2059 3266 lior
2103 3210 2171 3267 ad
2228 3209 2649 3268 aediﬁcationem
2699 3209 2996 3283 legentium
3042 3208 3160 3265 sive
3199 3208 3541 3266 audientium

231 3315 348 3356 non
374 3297 553 3372 primo
592 3298 961 3371 philosophis,
1004 3297 1099 3355 sed
1133 3297 1498 3371 piscatoribus
1541 3303 1687 3360 590
1727 3307 1837 3355 tra-
1949 3300 2119 3356 fuerit
2144 3301 2389 3357 eﬁ‘ectus.
2423 3301 2538 3358 Hoc
2567 3308 2751 3357 tamen
2782 3316 2894 3355 non
2932 3298 3209 3371 permitto,
3260 3306 3322 3355 ut
3352 3314 3544 3358 sensus

232 3395 463 3465 didisse,
495 3404 557 3452 ut
603 3411 700 3469 per
752 3394 1049 3467 piscatores
1090 3395 1306 3450 veniret
1352 3394 1422 3451 ad
1450 3392 1831 3467 philosophos.
1947 3389 2117 3463 hujus
2150 3390 2283 3446 libri
2308 3391 2367 3446 in
2397 3390 2535 3446 alios
2564 3406 2755 3447 sensus
2776 3396 3190 3461 permutentur;
3240 3387 3349 3443 nisi
3375 3387 3539 3457 forte,

232 3486 457 3543 Etenim
491 3484 585 3541 ille
633 3485 727 3558 qui
757 3483 908 3541 dedit
954 3484 1119 3539 asinae
1164 3490 1407 3539 sensatos
1436 3499 1713 3541 sermones
1769 3486 1837 3543 ad
1946 3481 2097 3557 quod
2130 3481 2291 3549 absit,
2323 3481 2536 3555 aliquid
2561 3481 2619 3537 in
2648 3498 2711 3537 eo
2738 3479 2884 3554 quod
2916 3479 3254 3538 contrarium
3284 3479 3358 3536 sit
3398 3477 3541 3535 veri-

229 3573 613 3647 corrigendam
635 3574 917 3646 prophetaa
937 3572 1312 3645 insipientiam
1343 3571 1526 3643 (Num.
1551 3590 1692 3642 χχιι,
1718 3573 1836 3647 30).
1945 3572 2067 3641 tati,
2098 3570 2417 3628 inveniatur
2446 3588 2463 3626 .·
2488 3569 2637 3644 quod
2673 3570 2925 3627 funditus
2954 3585 3069 3625 esse
3096 3567 3391 3625 delendum
3431 3567 3539 3624 de-

228 3666 350 3739 ipse
378 3664 517 3722 mihi
561 3662 794 3738 indigno
836 3672 890 3721 et
919 3662 1169 3719 omnium
1216 3659 1506 3718 hominum
1560 3663 1837 3720 vilissimo
1946 3677 2141 3731 cerno,
2174 3662 2264 3718 vel
2293 3668 2440 3718 certe
2476 3660 2536 3716 in
2556 3660 2757 3717 melius
2784 3658 3259 3717 commutandam.

307 3810 427 3885 (16)
462 3809 657 3885 Isthagc
687 3807 929 3885 auctoris
954 3807 1288 3885 __admonitio
1335 3807 1701 3885 praetermissa
1757 3815 1839 3865 est
1949 3807 2205 3885 avulsum
2250 3805 2380 3885 fuit,
2410 3812 2890 3885 repraasentamus:
2922 3802 3144 3885 Videsis
3181 3818 3321 3885 quas.
3344 3801 3543 3885 deca-

231 3881 294 3938 in
313 3873 710 3953 superioribus
737 3879 1077 3953 editionibus
1106 3897 1119 3934 :
1178 3886 1233 3953 at
1278 3873 1678 3953 ea'mecunctis
1709 3896 1838 3935 ma-
1945 3879 2070 3953 dem
2098 3873 2493 3950 praemisimus
2514 3877 2572 3933 in
2602 3876 2998 3934 Admonitione
3025 3873 3216 3933 nostra
3257 3873 3327 3931 ad
3371 3873 3539 3931 istum

230 3949 559 4025 nuscr'iptis,
592 3960 821 4025 excepto
869 3950 1257 4020 Gemeticensi,
1288 3951 1381 4009 cui
1426 3951 1623 4007 folium
1662 3967 1835 4008 unum
1948 3949 2177 4007 librum.

3476 4124 3544 4134 --—-

543 4272 707 4391 IN,
766 4272 1287 4359 LIBRUM
1375 4271 1540 4359 DE
1625 4269 2520 4359 POENITENTIA
2601 4266 3238 4359 MONITUM

320 4593 486 4650 Hunc
528 4589 747 4648 librum
788 4590 851 4646 de
879 4588 1196 4646 Punitentia
1231 4605 1261 4644 e
1288 4586 1477 4645 codice
1515 4585 1827 4644 Sorbonicae
1880 4585 2234 4645 bibliotheca
2261 4589 2320 4646 in
2360 4606 2470 4664 quo
2500 4604 2703 4646 nomen
2730 4582 3010 4642 Ambrosii
3036 4590 3298 4654 tanquam
3328 4583 3548 4641 auctori

238 4683 381 4739 falso
415 4681 765 4747 inscribitur,
798 4677 1061 4736 Gillotius
1088 4677 1301 4751 primus
1326 4677 1522 4745 edidit;
1544 4675 1636 4732 sed
1668 4675 1746 4732 ita
1779 4682 1965 4733 tamen
1991 4685 2053 4735 ut
2082 4680 2132 4736 ei
2164 4681 2346 4739 locum
2380 4697 2492 4736 non
2536 4678 2824 4744 tribueret,
2848 4674 2958 4731 nisi
2977 4680 3101 4746 post
3144 4674 3321 4746 Opera
3353 4675 3540 4732 omnia

237 4771 416 4831 sancti
446 4770 720 4838 Doctoris,
755 4778 809 4826 et
856 4767 1110 4825 eumdem
1159 4765 1570 4840 supposititium
1601 4781 1717 4822 esse
1761 4765 1963 4822 validis
2008 4767 2305 4825 admodum
2350 4768 2660 4826 rationibus
2704 4766 3122 4823 demonstraret.
3178 4760 3316 4833 Ejus
3354 4772 3537 4819 autem

238 4868 371 4918 sunt
402 4860 520 4919 hac
550 4860 923 4928 ﬁrmamenta,
979 4857 1247 4915 nimirum
1299 4856 1446 4930 quod
1495 4854 1735 4912 elocutio
1790 4855 1863 4911 sit
1909 4856 2180 4929 affectata,
2224 4867 2281 4916 et
2333 4857 2712 4915 Ambrosianaa
2766 4869 2988 4928 prorsus
3033 4850 3345 4920 dissimilis,
3390 4851 3538 4924 quod

235 4952 428 5009 eadem
458 4952 556 5007 illa
583 4949 832 5023 asperior
862 4948 954 5016 sit,
983 4956 1037 5003 et
1064 4945 1392 5020 quibusdam
1427 4945 1628 5012 verbis,
1659 4959 1780 5015 quae
1801 4944 2131 5004 Africanum
2162 4948 2487 5021 scriptorem
2537 4947 2797 5013 referant,
2862 4941 3062 5016 passim
3119 4957 3354 5014 aspersa,
3387 4940 3538 5013 quod

234 5042 564 5099 Ambrosius
594 5057 706 5096 non
737 5039 845 5095 nisi
885 5038 1120 5094 duorum
1152 5037 1426 5093 librorum
1454 5035 1853 5093 dePwnitentia
1880 5034 1976 5092 abs
2005 5053 2061 5092 se
2085 5037 2360 5093 editorum
2391 5036 2726 5093 mentionem
2757 5032 2944 5099 faciat,
2975 5031 3124 5105 quod
3155 5029 3321 5103 hujus
3347 5038 3538 5086 auctor

234 5134 453 5189 nullam
485 5130 677 5188 fecerit
700 5126 1159 5197 Novatianorum,
1189 5127 1427 5201 denique
1456 5127 1603 5200 quod
1633 5126 1779 5184 idem
1810 5139 2001 5186 auctor
2044 5130 2151 5187 sibi
2181 5131 2395 5190 Victori
2442 5146 2645 5187 nomen
2676 5129 2844 5185 fuisse
2897 5127 2958 5182 in
3002 5125 3151 5184 calce
3180 5124 3307 5182 libri
3354 5131 3537 5195 aperte

236 5222 451 5297 prodat.
485 5222 628 5279 Satis
656 5220 878 5294 quidem
907 5227 1021 5275 erat
1047 5219 1306 5275 ultimum
1334 5219 1439 5275 hac
1468 5229 1829 5289 momentum,
1862 5228 1924 5277 ut
1963 5219 2056 5277 hic
2089 5227 2355 5278 tractatus
2399 5218 2468 5276 ab
2514 5217 2810 5275 Ambrosio
2868 5215 3082 5272 alienus
3135 5230 3249 5270 esse
3298 5212 3537 5269 declara-

238 5321 414 5383 retur,
453 5311 548 5369 sed
586 5318 649 5368 ut
685 5317 1045 5385 cognoscatur
1072 5308 1197 5382 quis
1224 5308 1320 5365 ille
1340 5309 1551 5378 Victor,
1582 5310 1762 5366 solum
1788 5327 1902 5368 non
1931 5310 2157 5368 sufﬁcit.
2207 5311 2539 5368 Memoratus
2578 5307 2840 5365 Gillotius
2868 5322 2995 5363 cum
3041 5321 3112 5361 ex
3152 5302 3437 5360 Gennadio
3473 5318 3539 5360 ac

238 5402 572 5460 Tritthemio
600 5408 946 5475 compertum
978 5399 1205 5457 haberet
1236 5416 1268 5455 a
1296 5399 1519 5458 Victore
1544 5399 1831 5458 Cartennaa
1862 5401 1920 5458 in
1939 5402 2130 5460 Africa
2171 5401 2428 5474 episcopo
2448 5400 2653 5457 librum
2671 5399 2733 5455 de
2759 5395 3073 5456 Paenitentia
3108 5392 3275 5451 fuisse
3301 5409 3538 5466 compo-

237 5494 430 5562 situm,
461 5509 575 5550 non
608 5491 703 5549 alii
735 5492 949 5550 Victori
976 5490 1127 5548 hunc
1155 5489 1517 5547 tribuendum
1542 5490 1889 5548 existimavit
1923 5510 1934 5548 :
1976 5508 2141 5566 quam
2193 5491 2546 5561 sententiam,
2605 5496 2796 5564 utpote
2847 5484 3097 5545 veritatis
3149 5485 3333 5543 colore
3387 5481 3537 5540 haud

238 5584 583 5652 destitutam,
604 5583 954 5655 postmodum
990 5581 1230 5655 amplexi
1256 5590 1382 5639 sunt
1411 5597 1524 5637 non
1562 5579 1743 5653 pauci.
1780 5581 1986 5639 Verum
2035 5589 2221 5639 tamen
2275 5581 2468 5656 opinio
2514 5580 2620 5637 ista
2672 5578 2893 5635 demum
2946 5573 3191 5644 evanuit,
3223 5580 3533 5647 postquam,

239 5673 627 5747 sagacissimus
654 5673 749 5732 ille
792 5682 1040 5732 veterum
1070 5672 1327 5730 codicum
1383 5672 1668 5746 indagator
1721 5668 2049 5727 Sirmondus
2102 5669 2310 5729 hancce
2371 5669 2605 5744 opellam
2658 5663 2875 5725 Victori
2930 5661 3442 5721 Tunonensi‘etiam
3474 5660 3534 5716 in

240 5767 433 5828 Africa
468 5766 723 5843 pontiﬁci
776 5767 837 5827 in
864 5767 1242 5842 manuscripto
1290 5768 1355 5826 B.
1403 5766 1586 5827 Mariae
1623 5764 1927 5838 Bemeusis,
1973 5771 2029 5823 et
2093 5762 2153 5820 in
2192 5760 2302 5819 alio
2353 5757 2584 5818 abbatiaa
2636 5753 3032 5815 Herivallensis
3079 5751 3373 5827 ascriptam
3425 5747 3549 5819 legiJ
