3964 6374
426 393 562 452 1059
1441 392 1538 446 AD
1576 389 1811 447 OPERA
1848 389 1903 446 S.
1947 389 2038 447 AM

2150 387 2277 446 OSII
2316 387 2692 446 APPENDIX.
3583 387 3733 448 {060

432 519 901 594 quemadmodum
933 518 1196 575 Labbaeus
1252 518 1594 577 testiﬁcatur.
1624 522 1702 576 De
1739 520 1928 577 codice
1957 519 2179 593 quidem
2222 521 2607 590 Herivallensi,
2627 535 2787 594 quem
2811 535 2922 576 non
2950 518 3113 576 licuit
3142 519 3305 574 nobis
3327 519 3537 587 videre,
3573 519 3731 574 nihil

429 611 666 668 dicimus
695 617 751 666 at
779 609 846 665 de
876 610 1148 678 Remensi,
1177 609 1244 666 ad
1275 625 1436 682 quem
1469 609 1617 666 hunc
1649 609 1850 666 librum
1882 609 2317 678 emendavimus,
2375 609 2757 665 lubentissime
2786 607 3067 664 Sirmondi
3107 608 3491 665 testimonium
3523 617 3722 664 nostro

427 699 830 772 prosequimur.
863 699 988 755 Haec
1013 700 1160 754 enim
1193 699 1267 753 ibi
1313 707 1492 754 exstat
1529 699 1860 770 inscriptio:
1896 700 2090 770 Incipit
2147 700 2278 754 liber
2331 700 2498 754 sancti
2545 700 2766 757 Victoris
2822 700 2883 754 de
2947 699 3138 777 Lapsis
3187 699 3437 755 Tonansis
3496 697 3736 770 episropi

428 789 885 860 historiographi;
914 805 1038 844 nam
1069 789 1213 861 quod
1271 789 1519 844 Tonansis
1544 804 1655 844 non
1695 789 2018 844 Tunonensis
2076 788 2277 843 ibidem
2332 787 2612 856 scribitur,
2663 788 2880 844 notario
2934 788 3052 843 sine
3107 787 3278 844 dubio
3337 787 3733 860 imputandum

428 888 508 934 est
541 899 552 934 :
597 879 743 951 quod
775 895 904 934 vero
934 880 1095 934 etiam
1125 878 1349 934 additur
1375 878 1807 949 historiographi,
1842 877 1983 933 illud
2016 877 2144 933 inde
2173 885 2276 945 est,
2307 878 2452 949 quod
2482 876 2787 934 chronicon
2839 876 2907 932 ab
2960 875 3155 933 eodem
3210 876 3594 932 elucubratum
3655 874 3734 931 ad

432 976 680 1040 posteros
712 968 1086 1024 transmissum
1120 967 1246 1024 fuit.

1471 1111 3722 1126 ~~u———_——————————————.———I‘

972 1269 1293 1441 DE
1459 1267 3174 1446 POENITENTIA

1621 1545 2020 1629 LIBER
2133 1543 2531 1630 UNUS.

519 1877 663 1935 589
689 1870 920 1931 CAPUT
945 1873 1238 1929 PRIMUM.
1271 1902 1343 1914 —
1384 1872 1727 1930 Pwnitentiaa
1759 1871 1942 1929 ofﬁcia
1975 1881 2031 1928 et
2055 1876 2107 1938 Α
2142 1872 2245 1929 bus
2292 1873 2583 1930 hominum
2639 1876 2996 1946 conscientia,
3049 1877 3260 1934 mavult
3289 1879 3478 1951 lingua
3506 1878 3744 1951 prodere

435 1969 632 2025 merita
659 1979 976 2025 narraturus
1003 1968 1163 2037 mihi,
1193 1970 1362 2026 frater
1382 1969 1725 2038 cbarissime,
1757 1977 1890 2040 puto
1918 1984 2030 2024 non

436 2059 624 2116 verbis
654 2075 789 2128 esse,
829 2060 925 2114 sed
970 2059 1128 2115 factis
1177 2076 1332 2131 opus.
1374 2060 1478 2116 Res
1521 2060 1669 2115 enim
1708 2058 1941 2114 salubris
1969 2075 2033 2115 ac

438 2151 745 2206 necessaria
799 2165 910 2204 non
944 2158 1057 2204 tam
1113 2149 1346 2206 dicenda
1394 2158 1494 2217 est,
1551 2165 1714 2221 quam
1743 2149 2026 2205 docenda:

436 2255 557 2313 quae
612 2247 788 2294 totum
845 2237 1043 2294 habeat
1107 2237 1338 2292 insitum
1392 2237 1782 2293 amaritudinis
1827 2246 2028 2305 actum,

438 2330 680 2385 fructum
735 2327 940 2400 perfert
995 2327 1052 2382 in
1111 2327 1308 2382 effectu
1358 2326 1705 2394 dulcedinis;
1759 2334 1812 2382 et
1865 2326 2035 2382 haeret

438 2418 710 2486 faucibus,
742 2435 867 2475 cum
913 2417 1066 2474 cordi
1137 2418 1382 2491 impertit
1432 2421 1666 2474 salutare
1705 2419 2030 2476 remedium.

437 2509 780 2578 Panitentia,
823 2509 1072 2582 inquam,
1104 2518 1188 2566 est
1238 2511 1440 2581 prioris
1469 2510 1574 2566 aevi
1627 2511 1926 2579 damnatio,
1982 2519 2035 2566 et

439 2601 497 2658 in
548 2601 734 2657 futuro
781 2603 1048 2673 promissa
1100 2602 1406 2658 correctio:
1450 2611 1504 2658 et
1560 2603 1712 2658 velut
1765 2603 1823 2657 in
1869 2603 2030 2658 aliam

438 2691 609 2747 vitam
639 2689 862 2747 ducitur
891 2707 1020 2746 usus
1048 2690 1296 2759 vivendi,
1329 2690 1460 2746 dum
1492 2690 1580 2763 pia
1611 2708 1787 2760 mens,
1818 2707 1880 2747 ea
1915 2708 2034 2764 qua

439 2791 649 2840 sunt-a
698 2791 867 2854 tergo,
926 2799 1036 2837 non
1088 2782 1329 2854 respicit.
1391 2783 1542 2839 Hanc
1603 2799 1715 2839 non
1766 2781 1842 2838 ita
1871 2782 2036 2838 dictis

439 2869 630 2940 doceo,
663 2871 806 2928 sicut
835 2871 1000 2942 gestis
1031 2888 1260 2927 exerceo
1293 2889 1305 2927 :
1350 2879 1403 2926 et
1446 2871 1699 2944 quamvis
1735 2870 1873 2943 justi
1906 2887 2038 2944 per-

447 2978 580 3020 sona
616 2980 728 3018 non
758 2971 1049 3034 competat,
1075 2980 1160 3018 me
1193 2972 1376 3019 tamen
1408 2963 1465 3017 in
1489 2964 1648 3019 initio
1681 2964 1788 3019 mei
1837 2980 2038 3019 sermo-

443 3052 532 3108 nis
561 3069 776 3108 accuso.
818 3051 991 3105 Habet
1023 3051 1167 3105 enim
1189 3051 1419 3121 justitiaa
1450 3059 1655 3122 partem
1686 3051 1850 3108 errati
1880 3059 2041 3108 cauta

443 3141 714 3200 confessio
742 3139 919 3213 ;.quia
974 3140 1124 3208 licet,
1171 3149 1233 3196 ut
1283 3148 1344 3196 tu
1391 3139 1573 3209 doces,
1607 3143 1704 3197 Dei
1739 3143 1811 3198 sit
1844 3143 2038 3215 punire

2141 1962 2286 2034 quod
2317 1980 2427 2019 non
2465 1973 2695 2036 possunt
2724 1967 2938 2023 occulta
2967 1967 3148 2023 cordis
3177 1969 3372 2024 celare.
3406 1968 3746 2025 Poenitentia

2140 2053 2323 2126 itaque
2355 2065 2457 2125 est,
2491 2074 2611 2130 qua:
2641 2075 2754 2114 uno
2775 2067 2901 2116 actu
2921 2060 3138 2116 diversa
3166 2061 3347 2120 oﬂicia
3365 2062 3743 2132 congeminat;

2141 2141 2272 2199 hinc
2328 2145 2473 2200 enim
2543 2147 2787 2217 publicat
2841 2149 3218 2220 conﬁtentem,
3269 2149 3396 2206 inde
3424 2151 3746 2208 confessum

2141 2239 2360 2287 revocat
2389 2233 2782 2292 innocentem:
2833 2237 2967 2294 hinc
3007 2248 3215 2294 reatum
3265 2239 3559 2308 nundinat,
3612 2240 3748 2296 inde

2139 2318 2348 2374 crimen
2377 2333 2600 2378 excusat
2633 2341 2644 2378 :
2683 2322 2816 2379 hinc
2845 2325 3038 2396 objicit
3069 2328 3292 2399 propius
3341 2336 3561 2400 peccata
3606 2346 3749 2401 peo-

2141 2409 2307 2474 canti,
2346 2409 2471 2464 inde
2503 2411 2903 2484 indulgentiam
2933 2416 3110 2486 exigit
3131 2419 3420 2488 pmnitenti
3447 2439 3460 2487 ;
3496 2435 3595 2476 nec
3626 2435 3747 2491 per-

2143 2496 2314 2552 mittit
2345 2499 2616 2556 Dominus
2642 2502 2828 2573 puniri
2857 2505 3192 2574 confessum,
3239 2507 3334 2579 qui
3383 2509 3746 2578 pmnitentem

2142 2589 2319 2644 noscit
2345 2605 2602 2646 revocare
2630 2592 2971 2650 damnatum.
3006 2596 3050 2652 Ο
3092 2597 3444 2669 magniﬁcum
3477 2598 3753 2654 bonitatis

2143 2676 2347 2732 divinae
2373 2677 2690 2736 thesaurum
2714 2684 2725 2737 l
2754 2700 2786 2738 ο
2809 2686 3084 2755 singulare
3105 2686 3520 2742 clementissimi
3539 2687 3754 2758 judicis

2147 2765 2498 2823 institutum!
2561 2768 2647 2824 Ad
2701 2770 2803 2827 hoc
2845 2771 2912 2827 de
2940 2774 3047 2828 reis
3079 2775 3199 2830 vult
3254 2777 3616 2833 confessionis
3647 2794 3751 2833 ex-

2146 2857 2392 2928 sculpere
2439 2875 2654 2928 vocem,
2698 2869 2761 2916 ut
2807 2878 2924 2918 non
2958 2863 3225 2932 inveniat,
3260 2866 3409 2937 quod
3465 2867 3644 2922 ultum
3679 2867 3754 2924 iri

2146 2947 2340 3003 debeat
2373 2967 2384 3004 :
2417 2959 2470 3005 et
2496 2966 2620 3005 cum
2653 2952 2796 3024 apud
2820 2954 3021 3011 saeculi
3049 2954 3265 3027 judices
3296 2957 3577 3014 confessus
3616 2974 3755 3013 mox

2148 3036 2416 3108 dirigatur
2465 3038 2534 3094 ad
2587 3055 2826 3111 poenam,
2887 3044 3030 3114 apud
3109 3046 3408 3102 Dominum
3475 3047 3756 3104 conﬁtens

2148 3127 2331 3182 statim
2373 3126 2549 3198 pergit
2604 3129 2672 3184 ad
2725 3129 2989 3189 veniam:
3042 3150 3143 3190 nec
3190 3135 3297 3191 hoc
3323 3135 3454 3192 ullis
3499 3135 3652 3192 elicit
3683 3136 3756 3192 de

444 3231 755 3298 Commissa,
813 3227 1140 3285 sententiam
1193 3237 1379 3285 tamen
1423 3231 1723 3302 cognitoris
1772 3233 2038 3304 praevenit

2150 3215 2442 3270 conﬁtente
2460 3217 2801 3289 "tormentis,
2857 3237 2984 3277 cum
3039 3223 3251 3294 patiens
3322 3224 3380 3279 in
3452 3224 3754 3297 semetipso

443 3319 500 3376 in
549 3317 862 3375 humilitate
919 3317 1159 3374 exercita
1216 3319 1568 3391 paenitentia;
1638 3321 1902 3392 scriptum
1958 3329 2039 3378 est

441 3411 637 3466 enim:
705 3434 724 3456 ε
781 3407 1181 3464 Paenitentibus
1236 3407 1387 3463 dedit
1429 3415 1635 3480 partem
1687 3408 1940 3480 justitiaa,
1984 3419 2037 3468 et

439 3499 750 3570 corrogavit
781 3497 1100 3554 deﬁcientes
1134 3497 1424 3566 sustinere,
1469 3505 1523 3553 et
1565 3497 1866 3554 destinavit
1911 3499 2038 3556 illos

441 3588 498 3644 in
529 3595 730 3644 sortem
760 3587 1011 3642 veritatis
1043 3587 1232 3657 (Eccli.
1266 3603 1407 3655 xvii,
1457 3585 1572 3657 20).
1622 3611 1641 3635 ι
1686 3590 1798 3658 Age
1847 3588 2034 3661 igitur,

442 3677 734 3749 pcenitens,
769 3676 986 3748 propria
1014 3677 1219 3732 scelera
1246 3675 1526 3743 conﬁtere,
1570 3675 1746 3747 pande
1787 3677 1898 3732 Deo
1929 3685 2037 3735 tuae

444 3767 758 3839 iniquitatis
784 3783 1002 3837 arcana,
1036 3767 1255 3823 denuda
1296 3773 1502 3824 secreta
1540 3767 1782 3838 pectoris
1835 3768 1932 3838 tui,
1985 3779 2040 3826 et

442 3873 635 3912 amove
691 3857 920 3913 internae
977 3857 1446 3928 praevaricationis
1488 3858 1830 3928 operculum.
1899 3858 2040 3914 Nota

447 3953 576 4001 sunt
605 3947 718 4002 Deo
746 3955 964 4013 cuncta,
987 3963 1106 4018 quae
1129 3946 1186 4000 in
1220 3947 1438 4003 occulto
1457 3945 1636 4002 fecisti
1661 3965 1673 4002 :
1699 3963 1818 4019 quae
1849 3947 1895 4002 si
1925 3964 2037 4003 non

446 4033 650 4090 dixerit
680 4036 884 4108 lingua,
917 4053 1028 4091 non
1044 4043 1222 4107 potest
1251 4037 1426 4092 celare
1453 4036 2040 4093 conscientia.Frustra

445 4130 500 4178 te
539 4124 731 4178 latenti
767 4125 1144 4180 consolatione
1175 4124 1411 4193 deludis,
1448 4133 1502 4180 et
1527 4124 1852 4180 absconsum
1883 4133 2038 4197 putas

446 4233 563 4273 esse
590 4233 765 4288 posse,
799 4219 945 4290 quod
977 4219 1094 4274 sine
1141 4226 1278 4276 teste
1328 4219 1688 4276 commiseris.
1744 4221 1896 4276 Patet
1925 4221 2038 4275 Deo

447 4320 610 4361 omne
642 4305 788 4376 quod
809 4308 1052 4361 clausum
1075 4314 1177 4374 est,
1204 4317 1257 4363 et
1288 4307 1346 4362 in
1376 4315 1563 4379 aperto
1594 4310 1739 4364 lucet
1769 4305 2038 4380 quidquid

448 4411 561 4451 nox
591 4394 853 4450 abstrusas
883 4394 1230 4466 cogitationis
1261 4395 1588 4453 intenebrat.
1625 4399 1797 4453 Reum
1849 4406 1899 4454 te
1934 4397 2039 4454 tibi

448 4487 629 4544 ofﬁcio
658 4486 1018 4542 confessionis
1055 4487 1304 4555 institue,
1337 4503 1557 4543 causam
1602 4495 1753 4542 tuam
1801 4487 1860 4543 in
1894 4505 2040 4544 con-

447 4586 635 4648 spectu
674 4585 790 4643 tuo,
837 4575 1125 4648 temetipso
1182 4585 1489 4646 accusante,
1523 4593 1794 4649 compone
1825 4596 1837 4634 :
1892 4577 2042 4634 dicta
2078 4602 2121 4664 ο

449 4671 508 4726 in
560 4673 613 4721 te
663 4665 766 4722 sub
823 4666 1116 4722 severitate
1170 4667 1521 4736 sententiam,
1568 4672 1712 4729 590
1753 4675 2043 4738 antequam

441 4762 648 4834 judicis
678 4764 881 4820 sentias
924 4763 1266 4820 iracundiam
1302 4783 1314 4820 :
1366 4773 1420 4820 et
1473 4774 1536 4820 ut
1588 4767 1832 4837 mulgeas
1870 4766 2045 4821 mise—
2086 4821 2105 4834 ,

450 4852 768 4920 ricordiam,
813 4870 1006 4910 exerce
1043 4853 1195 4925 prior
1241 4853 1298 4908 in
1326 4854 1502 4926 teipso
1533 4871 1838 4912 censuram.
1874 4855 2045 4913 Crede

451 4942 612 5011 mihi,
646 4949 820 4998 totum
863 4959 972 5015 quo
1001 4953 1282 5014 suspectus
1333 4961 1411 5012 es,
1465 4944 1528 4999 ﬁt
1569 4945 1720 5002 illico
1749 4945 2043 5011 veniabile,

449 5045 576 5086 cum
609 5032 836 5086 inventa
865 5032 1031 5088 fuerit
1059 5032 1117 5088 in
1153 5043 1205 5089 te
1235 5033 1552 5105 hujusmodi
1584 5035 1868 5106 puenitudo
1886 5035 2045 5107 justi-

450 5120 562 5188 tiae,
592 5119 874 5191 Scriptura
898 5120 1114 5176 dicente
1147 5138 1158 5176 :
1201 5146 1220 5168 ι
1243 5122 1642 5178 Ρωηίιθῃίὶὺιιδ
1683 5132 1866 5179 autem
1895 5124 2048 5180 dedit

452 5219 662 5282 partem
697 5210 952 5282 justitiae,
983 5221 1038 5268 et
1065 5213 1374 5282 corrogavit
1403 5213 1720 5270 deﬁcientes
1751 5216 2044 5284 sustinere,

452 5307 506 5354 et
536 5300 841 5356 destinavit
870 5301 996 5356 illos
1041 5302 1098 5356 in
1129 5309 1330 5357 sortem
1362 5303 1628 5360 veritatis.
1665 5329 1682 5351 ι
1752 5305 2050 5376 Exspectat

451 5405 576 5447 ecce
607 5393 878 5448 Dominus
933 5391 1294 5448 confessionis
1340 5409 1561 5461 munus,
1610 5395 1655 5449 si
1695 5395 2050 5454 conﬁtentem

451 5495 563 5536 non
596 5482 838 5540 involvit
874 5489 1054 5540 reatus
1083 5503 1096 5542 :
1125 5493 1180 5541 et
1206 5500 1333 5542 cum
1363 5486 1436 5543 sit
1476 5492 1607 5542 nota
1633 5485 1840 5543 divinis
1868 5489 2053 5545 sensi-

448 5716 510 5788 in
533 5659 833 5792 gygen”
855 5664 997 5733 quod
1023 5681 1130 5723 non
1150 5665 1378 5738 punitur
1398 5664 1610 5738 inferno
1632 5683 1655 5734 ,°
1684 5681 1785 5726 ms.
1817 5667 2050 5728 Rom....

2148 3305 2390 3360 ofﬁcium
2419 3305 2673 3362 videatur
2707 3325 2961 3366 exercere
2990 3313 3418 3370 terroris.Lucra
3445 3322 3575 3370 sunt
3589 3315 3744 3370 enim

2147 3394 2224 3466 pii
2251 3393 2457 3465 judicis
2489 3397 2726 3468 gemitus
2757 3399 3093 3470 conﬁtentis,
3116 3409 3170 3457 et
3199 3403 3459 3474 gaudium
3482 3404 3749 3475 cognito-

2147 3483 2224 3538 ris
2253 3491 2334 3538 est
2364 3483 2484 3540 sine
2513 3488 2812 3558 quaestione
2833 3490 3136 3548 confessio:
3167 3491 3472 3564 acquiritur
3490 3492 3746 3564 domino,

2147 3572 2293 3644 quod
2319 3589 2427 3628 non
2459 3575 2687 3645 punitur
2714 3577 2772 3632 in
2797 3595 2956 3635 servo
2979 3580 3094 3652 (1);
3128 3588 3182 3637 et
3202 3582 3437 3637 multum
3459 3581 3752 3640 confertur

2147 3661 2380 3729 auctori,
2436 3663 2482 3717 si
2544 3664 2841 3737 deputatus
2893 3685 3087 3740 prauae,
3151 3669 3326 3727 veniae
3377 3671 3747 3728 condonetur.

2146 3751 2314 3824 Cupit
2351 3754 2498 3810 enim
2528 3755 2790 3814 damnum
2821 3776 2936 3816 esse
2973 3759 3255 3830 vindictas,
3289 3762 3435 3835 quod
3482 3779 3593 3818 non
3623 3763 3754 3820 vult

2147 3842 2324 3912 perire
2354 3844 2705 3903 clementiae:
2761 3865 2863 3906 nec
2919 3857 3072 3921 optat
3109 3850 3323 3919 ulcisci,
3371 3851 3468 3923 qui
3524 3859 3754 3924 paratus

2147 3940 2233 3987 est
2292 3938 2432 3995 591
2503 3937 2772 4005 misereri,
2853 3939 2972 4010 ipso
3043 3940 3109 3994 de
3163 3957 3221 3997 se
3277 3957 3374 4012 per
3422 3943 3752 4014 prophetam

2146 4024 2362 4084 dicente
2396 4049 2408 4087 :
2454 4053 2472 4076 ‹
2505 4031 2643 4085 Nolo
2675 4039 2904 4088 mortem
2935 4035 3240 4103 morientis,
3264 4051 3426 4106 quam
3469 4046 3530 4092 ut
3551 4054 3758 4096 rever-

2148 4124 2294 4174 tatur
2317 4128 2371 4175 et
2403 4121 2556 4176 vivat
2591 4124 2807 4193 (Ezech.
2844 4140 3005 4191 xvm,
3039 4124 3153 4194 32).
3178 4149 3196 4172 ι
3231 4124 3443 4191 Quibus
3467 4126 3759 4198 Sapientia

2146 4209 2442 4265 concinens
2473 4210 2786 4268 Salomonis
2820 4231 2832 4269 :
2878 4236 2896 4259 ι
2925 4215 3089 4282 Deus,
3147 4215 3350 4288 inquit,
3369 4225 3601 4273 mortem
3633 4235 3756 4278 non

2149 4295 2298 4367 fecit,
2333 4314 2433 4355 nec
2490 4301 2706 4356 laetatur
2768 4300 2826 4356 in
2875 4302 3183 4373 perditione
3224 4304 3482 4361 vivorum
3513 4308 3670 4380 (Sap.
3709 4327 3754 4380 ι,

2150 4385 2262 4460 13).
2305 4413 2321 4435 ι
2366 4389 2576 4446 Judicis
2599 4406 2727 4463 ergo
2765 4391 2940 4448 nostri
2969 4394 3262 4449 clementia
3309 4411 3422 4450 non
3447 4403 3598 4467 Optat
3627 4413 3755 4456 reos

2149 4477 2327 4550 perire
2366 4477 2517 4548 vitae,
2576 4481 2669 4536 sed
2733 4481 2909 4552 perire
2959 4483 3287 4539 sententiae:
3325 4489 3426 4540 nec
3475 4484 3754 4544 desiderat

2151 4565 2440 4623 morientis
2463 4568 2722 4638 exitium,
2753 4569 2850 4625 sed
2880 4570 3103 4626 festinat
3141 4572 3312 4644 magis
3357 4588 3572 4628 servare
3602 4589 3754 4630 con-

2154 4655 2356 4711 fessum
2390 4674 2401 4711 :
2459 4681 2478 4704 σ
2504 4659 2664 4726 Nolo,
2697 4659 2897 4733 inquit,
2930 4667 3162 4716 mortem
3219 4661 3523 4732 morientis,
3564 4663 3658 4719 sed
3686 4675 3754 4722 ut

2150 4753 2454 4802 revertatur
2483 4754 2536 4803 et
2563 4749 2735 4806 vivat.
2785 4775 2804 4798 ι
2873 4752 3014 4808 Ecce
3044 4767 3210 4808 verus
3239 4753 3368 4809 vitae
3396 4762 3609 4823 auctor,
3651 4757 3751 4827 qui

2153 4851 2264 4892 non
2294 4838 2415 4892 vult
2446 4839 2734 4896 morientis
2763 4850 3016 4908 mortem,
3049 4839 3144 4895 sed
3183 4841 3421 4897 lamenta
3447 4842 3700 4898 conversi
3735 4861 3749 4900 :

2154 4939 2208 4987 et
2248 4933 2370 4987 vult
2399 4949 2457 4989 se
2517 4950 2730 5006 semper
2757 4934 2815 4989 in
2845 4934 3198 4992 miseratione
3228 4950 3343 4992 esse
3395 4935 3749 5006 beneﬁcium,

2155 5038 2223 5078 ne
2245 5022 2464 5094 justitia
2497 5032 2676 5080 teneat
2699 5023 3028 5095 judicatum.

2231 5120 2459 5178 CAPUT
2490 5122 2907 5179 II.--Damnum
2928 5140 3056 5198 ergo
3083 5126 3140 5180 in
3163 5125 3428 5180 moriente
3447 5124 3749 5198 experitur,

2159 5214 2253 5285 qui
2286 5215 2341 5270 in
2372 5231 2486 5270 uno
2512 5215 2726 5286 perdito
2778 5216 2860 5288 (2)
2892 5231 3004 5271 non
3050 5217 3291 5284 laetatur;
3326 5216 3456 5290 quia
3500 5217 3557 5271 in
3586 5217 3754 5274 dona-

2157 5311 2276 5360 tore
2305 5305 2433 5361 vitae
2462 5320 2679 5360 necesse
2710 5312 2788 5360 est
2820 5313 2880 5360 ut
2908 5320 2979 5360 ex
3007 5313 3182 5360 morte
3211 5305 3397 5361 veniat
3444 5322 3610 5362 causa
3657 5306 3756 5362 tri-

2161 5395 2326 5451 stitiae
2357 5438 2372 5464 ,
2430 5411 2544 5452 non
2591 5396 2746 5468 quasi
2801 5412 2872 5451 ex
2916 5394 3286 5468 corporalium
3348 5409 3607 5450 sensuum
3640 5395 3756 5468 lege

2161 5485 2476 5555 descendat,
2509 5485 2658 5558 quod
2711 5501 2835 5542 eum
2893 5485 2951 5540 in
2982 5484 3196 5557 perdito
3242 5499 3306 5542 ac
3334 5483 3603 5542 moriente
3627 5500 3756 5543 oon-

2239 5666 2321 5742 (2)
2346 5665 2536 5728 Codex
2569 5668 2748 5736 Rem.,
2779 5667 2871 5738 qui
2888 5666 2946 5723 in
2974 5665 3091 5724 vivo
3115 5666 3342 5740 perdito.
