3964 6374
287 351 421 408 1061

1387 352 1483 409 DE
1519 324 1981 409 POENITENTIA
2019 350 2227 409 LIBER
2267 351 2468 409 UNUS.

3457 348 3595 416 1062

284 477 500 545 tristat;
531 492 660 534 cum
693 476 752 532 in
777 485 998 532 auctore
1022 476 1344 549 incorporeo
1375 494 1487 534 non
1519 477 1675 534 cadat
1703 495 1886 546 omne,
1921 479 1971 537 A
1999 484 2279 548 peccatore
2315 475 2636 548 judicetur?
2681 475 2859 533 Absit.
2903 477 3237 548 iudicemur,
3285 479 3487 554 inquit,
3538 492 3598 541 tu

283 567 433 640 quod
463 568 618 623 venit
653 583 682 622 e
716 583 944 638 corpore
978 584 989 621 :
1033 567 1128 623 sed
1181 583 1304 624 cum
1350 568 1558 624 nullam
1607 568 1784 639 capiat
1823 584 1891 623 ex

283 657 567 729 pereuntis
596 666 773 713 morte
804 658 1073 724 laetitiam,
1093 657 1334 714 tristitiae
1365 667 1518 714 actus
1546 658 1602 712 in
1634 666 1892 729 promptu

283 753 396 813 est;
432 754 495 801 ut
525 746 571 801 si
607 747 919 802 miserantis
947 748 1185 815 aﬁ‘ectio,
1207 765 1320 802 non
1350 748 1590 803 dolentis
1619 747 1885 802 anxietas:

284 843 340 890 et
368 835 666 892 decurrens
692 853 761 891 ex
793 837 992 909 pietate
1023 838 1252 894 tristitia
1275 838 1379 909 (3),
1405 853 1514 893 non
1547 837 1612 892 de
1643 836 1891 907 passione

2000 565 2292 633 conﬁtens,
2327 582 2425 637 ego
2470 565 2756 621 dimittens
2804 585 2815 620 :
2871 573 2928 620 tu
2977 567 3206 624 oll‘erens
3246 567 3452 639 debita,
3498 590 3597 646 ego

2000 653 2258 710 donando
2290 664 2506 726 peccata
2538 673 2549 710 :
2586 663 2644 710 tu
2676 655 2864 711 dicens
2898 656 3216 728 iniquitates
3244 667 3385 728 tuas,
3416 677 3513 734 ego
3542 670 3596 718 te

2001 743 2252 799 absoluta
2290 745 2491 816 pietate
2516 743 2848 816 justiﬁcans.
2894 746 3142 819 Denique
3171 747 3297 803 vide
3327 749 3471 820 quod
3501 768 3597 807 se—

2001 832 2192 905 quitur
2226 851 2237 888 :
2283 859 2300 880 ι
2329 834 2431 890 Dic
2477 844 2536 891 tu
2580 835 2749 906 prior,
2783 835 2986 908 inquit,
3020 835 3337 908 iniquitates
3365 847 3506 908 tuas,
3537 847 3598 896 ut

285 926 406 980 ulla
433 934 662 981 externa
676 927 971 998 perpessio.
993 925 1345 999 Consequens
1366 943 1492 998 ergo
1516 935 1597 981 est
1625 936 1686 982 ut
1711 927 1894 983 doleat
1995 920 2574 995 justiﬁceris(1bzd.),’
2592 940 2700 979 non
2726 925 3184 981 utcondemneris
3200 945 3214 992 ;
3233 934 3294 981 ut
3313 935 3527 984 maneat
3541 927 3597 984 in

290 1017 592 1088 perditum,
625 1018 719 1089 qui
750 1017 949 1088 gaudet
979 1019 1269 1073 inventum
1303 1035 1315 1072 :
1349 1026 1404 1074 et
1439 1035 1551 1075 non
1582 1019 1794 1074 laetetur
1821 1034 1891 1074 ex

286 1115 529 1175 mortuo,
565 1107 662 1180 qui
688 1109 992 1181 gratulatur
1029 1126 1099 1164 ex
1129 1110 1280 1164 vivo.
1305 1109 1420 1165 Hoc
1454 1125 1550 1180 per
1577 1109 1891 1181 parabolam

292 1198 568 1252 Dominus
607 1198 664 1252 in
693 1199 995 1270 Evangelio
1025 1200 1342 1254 manifestat
1370 1199 1558 1255 dicens
1591 1216 1602 1253 :
1647 1223 1665 1246 ι
1695 1199 1887 1255 Gratu-

286 1285 395 1340 lari
425 1296 608 1342 autem
658 1295 712 1343 et
761 1289 994 1360 gaudere
1037 1297 1089 1345 te
1129 1296 1366 1360 oportet,
1415 1289 1677 1361 quoniam
1723 1290 1891 1344 frater

285 1384 420 1432 tuus
448 1385 698 1433 mortuus
723 1377 921 1446 fuerat,
965 1387 1018 1434 et
1047 1378 1289 1436 revixit:
1323 1379 1574 1451 perierat,
1608 1387 1662 1436 et
1699 1380 1888 1436 inven-

284 1470 377 1520 tus
406 1474 488 1522 est
520 1467 671 1535 (Luc.
699 1484 798 1535 xv,
825 1467 917 1538 32)
946 1487 959 1535 ;
992 1475 1081 1524 net
1102 1469 1301 1525 iterum
1333 1485 1383 1522 ;‹
1405 1469 1495 1526 Sic
1523 1469 1650 1535 erit,
1683 1469 1885 1542 inquit,

286 1554 549 1625 gaudium
581 1555 641 1611 in
669 1556 808 1614 ctelo
839 1574 1023 1614 coram
1061 1557 1218 1614 Patre
1243 1565 1425 1615 vestro
1454 1568 1508 1616 et
1537 1559 1744 1631 angelis
1772 1559 1890 1630 ejus

285 1659 456 1715 super
509 1660 621 1700 uno
691 1654 975 1719 peccatore
1046 1646 1424 1719 pmnitentiam
1480 1657 1672 1720 agente
1721 1649 1883 1720 (Ibid.

287 1738 370 1809 7).
395 1763 412 1785 ι
449 1739 604 1796 Unde
630 1757 727 1812 per
754 1740 948 1796 Isaiam
979 1739 1299 1812 prophetam
1329 1741 1601 1796 Dominus
1630 1747 1890 1813 provocat

289 1827 672 1899 pmnitentem,
721 1829 910 1887 dicens
946 1846 958 1883 :
1015 1853 1034 1877 ι
1079 1831 1194 1901 Ego
1225 1846 1346 1885 sum
1377 1829 1471 1901 qui
1500 1831 1656 1886 deleo
1687 1829 1886 1900 iniqui-
1919 1839 1966 1898 Β

283 1923 431 1972 tates
489 1927 630 1987 tuas,
678 1927 733 1975 et
779 1936 890 1975 non
934 1919 1387 1976 rememorabor:
1432 1927 1494 1975 tu
1539 1927 1720 1976 autem
1772 1918 1888 1976 noli

283 2006 564 2075 oblivisci,
624 2016 678 2064 et
730 2007 1060 2080 judicemur.
1111 2009 1214 2065 Dic
1269 2016 1332 2064 tu
1387 2007 1540 2080 prior
1569 2007 1890 2082 iniquitates

282 2102 430 2164 tuas,
454 2105 515 2152 ut
538 2095 859 2167 justiﬁceris
890 2097 1024 2167 (Isa.
1057 2114 1221 2167 mn,
1246 2097 1335 2165 25,
1362 2096 1477 2168 26).
1511 2122 1531 2146 ι
1560 2097 1726 2167 Quid,
1767 2115 1884 2166 oro,

281 2182 392 2239 hac
419 2185 712 2254 sponsione
743 2184 1094 2256 jucundius?
1132 2185 1267 2259 quid
1307 2195 1486 2258 potest
1521 2187 1626 2244 hoc
1674 2187 1890 2244 invita-

281 2280 476 2328 mento
504 2273 726 2330 dulcius
755 2274 1000 2330 inveniri
1020 2275 1048 2330 Ῡ
1076 2291 1375 2346 provocare
1407 2275 1675 2348 judicem,
1705 2278 1887 2334 dicere

283 2360 578 2417 adversum
609 2380 667 2419 se
697 2379 849 2419 reum
893 2381 991 2436 pro
1031 2380 1108 2432 se,
1159 2381 1270 2420 non
1314 2373 1376 2422 ut
1433 2366 1646 2436 puniat,
1686 2367 1779 2422 sed
1828 2375 1892 2423 ut

283 2449 535 2508 absolvat
567 2469 578 2506 :
611 2468 723 2508 non
772 2460 833 2508 ut
889 2452 1289 2509 animadvertat
1327 2453 1385 2508 in
1431 2455 1762 2523 confessum,
1796 2456 1889 2512 sed

285 2547 352 2595 ut
378 2539 648 2611 justiﬁcet
677 2557 708 2595 a
738 2558 793 2597 se
822 2541 943 2613 ipso
986 2542 1303 2598 convictum
1329 2542 1357 2598 2
1405 2543 1520 2615 Ego
1562 2551 1743 2599 autem
1776 2561 1888 2600 non

283 2629 656 2698 memorabor,
687 2640 748 2686 tu
777 2639 958 2686 autem
989 2633 1103 2688 noli
1129 2632 1421 2700 oblivisci;
1456 2632 1560 2689 hoc
1580 2642 1660 2688 est
1685 2633 1882 2689 dicere:

284 2719 408 2775 Non
441 2720 744 2777 remanebit
773 2737 936 2792 penes
983 2737 1070 2776 me
1119 2722 1384 2776 memoria
1427 2722 1558 2777 facti
1611 2723 1717 2790 tui,
1751 2723 1798 2776 si
1827 2729 1889 2777 tu

286 2810 500 2882 proprii
540 2826 650 2864 non
672 2809 1020 2866 obliviscaris
1048 2810 1213 2866 errati
1245 2819 1332 2867 :et
1357 2809 1630 2867 delebitur
1658 2812 1888 2867 infamia

285 2898 542 2956 criminis
573 2900 676 2968 tui,
727 2900 772 2956 si
822 2899 940 2971 ejus
980 2901 1356 2968 recordatione
1402 2904 1734 2974 compulsus,
1775 2919 1888 2959 non

285 3003 466 3044 cesses
511 2988 647 3043 meis
685 2989 912 3044 auribus
940 2991 1211 3058 conﬁteri.
1245 2991 1414 3048 Vides
1451 3009 1577 3064 ergo
1606 2995 1779 3048 Deum
1830 2993 1889 3048 in

288 3076 502 3148 ﬂagitia
550 3079 849 3150 peccatoris
896 3079 1193 3148 intentum,
1226 3082 1270 3136 si
1303 3083 1519 3139 nullum
1551 3084 1887 3155 poenitentiae

288 3167 520 3222 exsistat
580 3168 865 3224 oﬂicium:
917 3178 970 3225 et
1013 3169 1396 3226 imminentem
1457 3173 1766 3228 cervicibus
1809 3174 1888 3228 rei

290 3254 432 3311 iram
459 3254 598 3326 justi
617 3255 844 3328 judicis,
892 3258 982 3314 cui
1008 3275 1120 3314 non
1152 3260 1420 3330 placuerit
1448 3262 1682 3332 gemitus
1706 3262 1891 3317 conﬁ-

290 3344 506 3411 tentis;
558 3345 656 3400 illa
705 3355 887 3403 autem
933 3347 991 3402 in
1040 3348 1378 3405 oblivionem
1419 3349 1638 3420 ducere,
1680 3367 1800 3424 quae
1829 3359 1888 3407 tu

289 3449 404 3489 non
437 3434 682 3506 quiveris
717 3436 998 3508 publicare
1031 3453 1041 3491 :
1079 3446 1132 3493 et
1159 3439 1364 3494 aboleri
1397 3440 1648 3495 criminis
1678 3449 1886 3509 notam,

288 3523 480 3580 sinon
513 3526 770 3582 vulneres
813 3527 1034 3582 silentio
1071 3527 1487 3584 conscientiam.
1532 3553 1550 3576 ‹
1580 3530 1695 3601 Ego
1744 3546 1888 3599 sum,

289 3613 498 3688 inquit,
528 3617 622 3689 qui
653 3617 808 3673 deleo
837 3617 1157 3690 iniquitates
1188 3625 1327 3687 tuas,
1358 3627 1412 3675 et
1454 3635 1566 3674 non
1610 3635 1890 3676 rememo-

290 3705 502 3760 rabor:
552 3714 614 3761 tu
657 3715 839 3762 autem
889 3708 1006 3763 noli
1054 3707 1328 3764 oblivisci.
1382 3732 1400 3756 ι
1443 3709 1670 3764 Nullum
1709 3710 1891 3766 voluit

213 3789 215 3791 ’
288 3810 407 3851 esse
429 3795 693 3866 temporis
731 3804 1022 3867 punctum,
1065 3797 1281 3852 nullum
1326 3798 1592 3852 momenti
1645 3815 1887 3854 momen-

288 3891 435 3953 tum,
465 3901 574 3956 quo
606 3885 664 3940 in
711 3894 900 3956 pectus
956 3893 1113 3941 tuum
1161 3885 1364 3958 irrepat
1394 3887 1603 3942 oblivio
1633 3897 1887 3959 peccato-

288 3989 414 4029 rum
452 3989 464 4026 :
517 3972 610 4028 sed
651 3981 712 4028 ut
729 3975 1042 4030 vexsecreris
1069 3991 1189 4048 quae
1218 3983 1344 4031 ante
1375 3977 1744 4045 commiseras,
1777 3993 1890 4033 non

289 4071 355 4119 ut
383 4063 743 4135 pristinorum
775 4063 1141 4120 oblectatione
1161 4065 1425 4136 capiaris;
1460 4075 1513 4122 et
1529 4067 1600 4122 sit
1616 4066 1673 4121 in
1700 4074 1754 4122 te
1778 4083 1891 4123 non

289 4169 362 4208 ex
389 4152 662 4208 desiderio
691 4154 1115 4224 praeteritorum,
1145 4153 1241 4210 sed
1269 4171 1339 4210 ex
1385 4153 1592 4210 doloris
1642 4155 1889 4212 recorda-

291 4240 442 4298 tione
471 4241 789 4314 suspirium.
839 4242 1036 4300 Casum
1079 4251 1239 4298 tuum
1277 4260 1492 4316 semper
1536 4251 1662 4300 ante
1704 4246 1893 4301 oculos

289 4348 566 4404 proponas
596 4340 648 4388 et
683 4333 888 4404 lugeas,
933 4342 988 4389 et
1029 4333 1223 4389 funera
1266 4341 1361 4389 tua
1391 4336 1687 4391 momentis
1716 4336 1890 4391 omni-

290 4420 397 4477 bus
422 4423 666 4494 plangas,
700 4431 982 4485 mortuum
1026 4431 1079 4479 te
1120 4423 1328 4495 jugiter
1374 4425 1596 4493 sentias,
1643 4425 1890 4481 moritu-

289 4527 524 4584 rumque
573 4513 690 4568 sine
733 4512 1075 4569 dubitatione
1114 4530 1427 4585 cognoscas.
1467 4515 1593 4571 Haec
1621 4516 1890 4572 Dominus

289 4615 403 4656 non
433 4600 728 4672 imputabit
754 4601 822 4658 ad
849 4618 1086 4673 pinnam,
1143 4602 1236 4658 sed
1276 4603 1625 4676 detorquebit
1666 4605 1733 4661 ad
1777 4605 1886 4676 glo-

290 4689 451 4746 riam:
482 4698 536 4746 et
565 4691 643 4747 ita
674 4691 1069 4748 memorabitur
1095 4692 1199 4761 tui,
1216 4699 1277 4748 ut
1297 4692 1654 4750 obliviscatur
1675 4711 1883 4764 eorum,

291 4793 413 4850 quae
455 4790 580 4837 ante
627 4781 685 4835 in
733 4782 969 4853 peccatis
1015 4782 1196 4854 egisti,
1250 4783 1581 4854 praebiturus
1632 4783 1734 4839 tibi
1790 4799 1888 4856 pro

290 4870 582 4939 temporali
628 4871 780 4926 luctu
812 4879 1013 4926 aeterna
1049 4879 1208 4943 atque
1239 4871 1458 4926 inﬁnita
1487 4873 1714 4939 solatia;
1761 4890 1885 4929 cum

290 4966 513 5029 peccata
565 4969 659 5015 tua
714 4961 988 5015 evaserint
1054 4960 1355 5032 impunita,
1424 4961 1542 5033 ipso
1620 4961 1882 5020 dicente:

301 5069 321 5093 ι
359 5046 512 5102 Beati
544 5048 638 5121 qui
672 5066 822 5105 nunc
851 5050 1059 5122 lugent,
1096 5050 1352 5121 quoniam
1392 5052 1497 5122 ipsi
1526 5053 1887 5108 consolabun-

289 5141 382 5190 tur
412 5137 625 5208 (Matth.
660 5156 714 5206 v,
748 5139 829 5210 ὅ).
866 5139 946 5194 Tu
987 5146 1168 5194 autem
1203 5139 1323 5194 .noli
1355 5139 1632 5209 oblivisci,
1664 5150 1717 5197 et
1739 5141 1886 5213 judi-

288 5243 480 5285 cemur
511 5230 646 5299 (Isa.
676 5246 837 5295 mit,
869 5230 985 5302 26).
1016 5255 1034 5279 ι
1079 5231 1291 5286 Interea
1315 5229 1650 5301 judicemur,
1680 5231 1776 5287 ait.
1801 5231 1886 5287 An

289 5319 567 5392 numquid
595 5321 867 5377 Dominus
907 5318 1270 5393 judicabitur,
1321 5321 1416 5394 qui
1456 5321 1614 5393 dicit,
1660 5329 1723 5378 ut
1759 5338 1884 5380 cum

366 5577 449 5654 (3)
479 5578 571 5664 Sic
599 5578 1012 5664 edit..et_.Sorb.
1044 5598 1147 5639 ms.
1182 5598 1195 5638 :
1231 5578 1389 5640 Rem.
1413 5597 1566 5653 vero,
1605 5585 1655 5639 et
1692 5580 1888 5638 decu-r-

287 5669 413 5709 rens
437 5660 653 5716 expiata
684 5660 921 5716 tristitia.

317 5778 330 5792 ,
359 5724 450 5798 ¹(4,)
475 5724 637 5804 Rem.
667 5725 843 5789 codex
869 5733 924 5810 et
949 5724 1130 5799 Sorb.,
1157 5725 1324 5799 juxta
1350 5725 1746 5787 (estimath
1763 5743 1890 5801 pen-

1999 1017 2052 1066 te
2083 1012 2371 1083 prmmium
2402 1013 2678 1078 conversi,
2710 1031 2822 1069 non
2861 1014 3098 1070 confessi
3133 1016 3466 1087 supplicium
3491 1036 3504 1084 ;
3538 1024 3600 1073 ut

1995 1102 2274 1174 judicium
2305 1113 2484 1160 tecum
2516 1105 2813 1162 comitetur
2837 1104 2996 1177 justi,
3031 1123 3140 1162 non
3173 1116 3304 1164 nota
3331 1107 3595 1165 damnati.

2000 1193 2071 1247 Et
2120 1200 2252 1250 tunc
2307 1193 2516 1250 carebis
2567 1195 2780 1251 cunctis
2830 1194 3220 1268 iniquitatibus
3276 1197 3404 1265 tuis,
3467 1213 3595 1254 cum

1999 1280 2290 1336 adversum
2337 1290 2391 1338 te
2445 1284 2599 1339 testis
2647 1293 2700 1340 et
2737 1292 3021 1340 accusator
3059 1284 3354 1341 exstiteris.
3421 1308 3439 1331 ‹
3497 1285 3600 1342 Dic

1999 1369 2446 1443 tu,inquit,prior
2470 1373 2792 1446 iniquitates
2816 1373 3580 1446 tuas,utjustiﬁceris(Ibid);

1998 1458 2098 1514 Sed
2129 1461 2404 1534 numquid
2437 1471 2694 1534 tanquam
2725 1463 2982 1534 ignorans
3010 1472 3271 1535 provocat
3300 1472 3372 1531 te,
3405 1463 3594 1531 frater,

1998 1555 2059 1602 ut
2096 1548 2412 1605 conﬁtearis
2464 1550 2783 1624 iniquitates
2829 1559 2969 1620 tuas,
3009 1552 3104 1624 qui
3152 1551 3256 1609 scit
3305 1559 3597 1625 antequam

1997 1635 2132 1691 ﬁant
2153 1637 2180 1692 ?
2224 1644 2278 1692 et
2323 1646 2583 1712 tanquam
2635 1639 2852 1695 nescius
2896 1657 2966 1695 ex
2996 1649 3047 1696 te
3078 1648 3231 1712 optat
3259 1641 3469 1711 audire,
3501 1638 3596 1714 qui

1998 1726 2232 1782 necdum
2275 1734 2430 1783 natos
2482 1728 2620 1784 solet
2664 1745 2735 1784 ex
2782 1729 3126 1800 praescientia
3157 1728 3457 1801 judicare?
3485 1730 3598 1786 Aut

1997 1815 2172 1871 nescis
2219 1815 2277 1870 in
2321 1824 2477 1873 utero
2515 1824 2715 1874 sanctae
2760 1817 3014 1874 Rebecca
3059 1809 3339 1890 geminum
3374 1826 3594 1891 partum

1997 1919 2108 1959 uno
2159 1911 2404 1976 tempore
2459 1914 2807 1979 conceptum,
2859 1907 3161 1981 eodemque
3225 1909 3595 1981 progenitum,

1997 2000 2354 2071 praescientiae
2406 2003 2633 2060 notione
2680 2003 2930 2060 retulisse
2969 2003 3248 2076 judicium
3291 2004 3596 2078 disparium

1998 2088 2320 2145 meritorum
2348 2090 2376 2146 ‘P

2069 2179 2296 2236 CAPUT
2344 2181 2437 2236 III.
2466 2212 2538 2224 —
2561 2181 2698 2239 Vult
2743 2199 2868 2255 ergo
2928 2191 2982 2239 te
3041 2182 3213 2254 magis
3262 2199 3420 2240 nosse
3463 2182 3599 2258 quid

1997 2275 2186 2339 agatur
2218 2269 2273 2324 in
2315 2277 2389 2338 te,
2431 2278 2494 2326 ut
2522 2288 2647 2327 cum
2680 2271 2912 2344 exponis
2940 2271 3156 2328 medico
3184 2272 3386 2330 vitium
3418 2281 3596 2345 tuum,

1999 2359 2365 2418 necessarium
2415 2362 2517 2418 tibi
2564 2364 2818 2436 propinet
2863 2364 3206 2433 antidotum;
3266 2375 3399 2423 tunc
3447 2367 3594 2423 enim

1998 2453 2203 2522 poteris
2250 2452 2551 2523 perfectum
2597 2455 2858 2526 consequi
2898 2453 3224 2512 beneﬁcium
3284 2457 3592 2528 medicina,

1998 2537 2043 2594 si
2075 2556 2186 2595 non
2216 2541 2358 2596 celes
2397 2540 2612 2598 medico
2646 2551 2752 2597 tuae
2785 2543 3016 2598 vulnera
3056 2543 3423 2601 conscientiae.
3467 2545 3594 2602 Cas-

1995 2635 2174 2684 terum
2207 2630 2442 2701 qualiter
2469 2631 2746 2686 curandus
2774 2632 2901 2699 eris,
2934 2633 3026 2703 qui
3057 2648 3119 2686 ea
3146 2649 3265 2705 quae
3293 2643 3422 2690 sunt
3454 2636 3510 2691 in
3541 2645 3595 2692 te

1996 2716 2262 2772 absconsa
2290 2734 2401 2773 non
2431 2719 2626 2790 pandis
2651 2719 2678 2774 ?
2723 2719 2931 2790 Opinor
2976 2721 3146 2790 enim,
3181 2722 3286 2778 nisi
3319 2724 3590 2796 interpel-

1999 2806 2142 2862 letur
2173 2807 2438 2877 medicus,
2469 2825 2582 2864 non
2609 2818 2832 2865 curatur
2856 2818 3111 2881 aegrotus.
3147 2812 3444 2884 Exspectat
3465 2830 3592 2886 ergo

1998 2895 2096 2951 diu
2149 2897 2257 2952 sibi
2309 2899 2524 2954 ostendi
2574 2899 2784 2954 doloris
2829 2899 2912 2954 tui
2962 2915 3171 2967 causas,
3205 2910 3267 2958 ut
3305 2902 3590 2960 medicinae

1997 2987 2303 3043 remedium
2346 2987 2456 3058 jam
2504 2998 2726 3045 curatus
2773 2989 3088 3062 intelligas;
3127 2992 3261 3064 quid
3290 2995 3435 3049 enim
3468 3011 3594 3051 me-

1997 3079 2122 3135 dico
2166 3078 2446 3148 debeatur,
2491 3079 2640 3152 justa
2681 3081 3044 3137 aestimatione
3091 3084 3342 3154 pensabis
3391 3085 3498 3157 (4),
3546 3087 3591 3142 si

1923 3205 1966 3265 Β
2000 3170 2256 3226 morbum
2283 3179 2440 3227 tuum
2466 3170 2525 3226 in
2557 3179 2609 3227 te
2639 3181 2764 3228 ante
2792 3173 3135 3246 cognoveris.
3161 3175 3231 3230 Et
3252 3184 3312 3230 ut
3340 3175 3594 3246 pluribus

1999 3269 2052 3315 te
2100 3277 2213 3317 non
2264 3269 2496 3331 teneam,
2550 3264 2820 3320 confessio
2861 3271 2956 3319 tua
2992 3264 3262 3336 paenitens
3318 3266 3592 3322 medicina

1997 3357 2098 3419 est,
2133 3351 2249 3422 ipsa
2278 3358 2329 3406 te
2359 3359 2530 3421 curat,
2563 3352 2678 3424 ipsa
2709 3362 2762 3408 te
2790 3353 3037 3409 viviﬁcat
3061 3372 3075 3421 ;
3110 3371 3212 3410 nec
3243 3356 3448 3426 patitur
3472 3357 3590 3412 vul-

1997 3457 2102 3497 nus
2131 3449 2288 3498 tuum
2321 3451 2506 3499 tenere
2543 3445 2909 3518 putredinem,
2941 3445 3037 3500 sed
3066 3462 3195 3501 mox
3226 3454 3287 3502 ut
3317 3448 3591 3519 ingemue-

1997 3532 2092 3600 ris,
2150 3533 2530 3605 superinducit
2577 3535 2705 3592 inde
2757 3534 3070 3590 nodabilem
3121 3535 3430 3593 cicatricem
3483 3538 3590 3610 (ὅ).

1996 3625 2170 3682 Hodie
2227 3626 2274 3683 si
2323 3627 2612 3700 quisquam
2667 3635 2720 3683 te
2765 3627 2988 3683 morbus
3029 3629 3333 3700 corporalis
3367 3629 3589 3700 aﬁiciat,

1995 3728 2048 3775 et
2090 3719 2294 3775 sentias
2339 3726 2491 3775 artus
2545 3726 2668 3775 tuos
2726 3719 2991 3776 intestino
3040 3721 3252 3793 gravari
3308 3721 3590 3794 languore,

1996 3815 2090 3864 aut
2117 3810 2321 3866 vulnus
2349 3816 2506 3865 tuum
2540 3810 2814 3882 intelligas
2853 3811 2980 3867 tabo
3009 3819 3064 3866 et
3096 3812 3254 3867 sorde
3283 3811 3594 3883 putredinis

1997 3913 2304 3966 cancerare,
2343 3897 2529 3954 statim
2577 3898 2756 3954 curris
2806 3899 2875 3955 ad
2926 3899 3224 3969 medicum,
3271 3900 3470 3974 quaeris
3524 3902 3593 3958 de

1997 3993 2112 4041 arte
2144 3988 2469 4057 remedium,
2495 3988 2732 4044 excubas
2759 3997 2884 4044 ante
2907 3987 3135 4059 januam
3165 3990 3514 4059 dormientis,
3540 3999 3596 4048 et

1999 4086 2124 4134 ante
2154 4079 2299 4134 fores
2327 4078 2446 4149 ejus
2475 4079 2780 4135 matutinus
2817 4080 3082 4136 salutator
3110 4080 3357 4149 assistis;
3407 4082 3594 4153 preci-

1998 4166 2102 4223 bus
2131 4183 2308 4237 orare,
2339 4168 2485 4223 dona
2529 4169 2870 4240 promittere,
2899 4186 3130 4226 munera
3165 4171 3381 4240 oﬂ‘erre,
3407 4178 3461 4226 et
3499 4178 3596 4227 to-

1999 4263 2118 4312 tum
2149 4256 2544 4327 patrimonium
2589 4274 2688 4329 pro
2733 4266 2829 4314 tua
2876 4259 3032 4330 cupis
3059 4258 3292 4314 sanitate
3317 4258 3545 4331 prodere
3577 4277 3592 4318 :

1999 4353 2052 4403 et
2081 4363 2206 4402 cum
2239 4348 2563 4420 plerumque
2606 4347 2883 4420 imperitia
2915 4345 3034 4421 ejus
3059 4357 3156 4405 aut
3183 4357 3439 4422 gravetur
3466 4351 3598 4405 lan-

1999 4452 2153 4508 guor,
2188 4445 2282 4492 aut
2309 4446 2454 4493 certe
2503 4437 2562 4493 in
2615 4438 2776 4509 longa
2803 4445 3051 4508 tempora
3078 4438 3393 4505 differatur;
3434 4437 3595 4492 nihi-

2000 4526 2244 4582 lominus
2270 4537 2452 4584 tamen
2484 4529 2542 4584 in
2575 4529 2954 4585 observatione
2983 4529 3200 4584 assidua
3232 4545 3542 4599 perseveras
3577 4547 3589 4586 :

2000 4622 2055 4671 et
2097 4615 2263 4673 homo
2309 4617 2378 4673 ab
2416 4618 2641 4674 homine
2669 4635 2854 4690 speras
2886 4617 3043 4672 tarda
3068 4617 3328 4686 remedia,
3359 4633 3461 4673 nec
3487 4614 3593 4672 de-

2003 4721 2186 4776 speras
2213 4705 2546 4776 adjutorium
2577 4707 2948 4778 profuturum,
2979 4723 3102 4762 cum
3133 4704 3315 4761 adhuc
3342 4721 3454 4760 non
3475 4722 3595 4762 sen-

1999 4795 2105 4850 tias
2147 4796 2611 4852 corroborationis
2657 4797 2949 4864 effectum;
3007 4803 3061 4851 et
3114 4811 3226 4852 non
3286 4795 3462 4852 curris
3525 4795 3596 4852 ad

2001 4887 2174 4941 Deum
2206 4895 2361 4942 tuum
2405 4888 2702 4959 gratuitum
2736 4887 3033 4954 medicum,
3061 4886 3128 4941 ad
3155 4887 3468 4943 ultroneum
3498 4887 3596 4959 pi-

2003 4979 2386 5051 gmentarium,
2420 4981 2514 5052 qui
2548 4981 2604 5035 in
2647 4980 2907 5037 curandis
2936 4980 3134 5036 animm
3169 4988 3276 5036 tua;
3310 4979 3596 5036 valetudi-

2001 5069 2165 5124 nibus
2193 5069 2408 5124 nullum
2440 5069 2598 5125 novit
2627 5069 2738 5142 pati
2769 5070 3076 5138 fastidium,
3100 5086 3200 5126 nec
3220 5076 3500 5141 exspectat
3524 5086 3595 5125 ex

2001 5159 2230 5215 sanitate
2259 5167 2353 5214 tua
2396 5159 2707 5230 praemium,
2739 5160 2833 5216 sed
2862 5160 3035 5232 magis
3067 5160 3340 5216 desiderat
3369 5160 3596 5231 praemio

2001 5266 2290 5305 munerare
2330 5258 2603 5307 curatum.
2636 5253 2709 5307 Et
2749 5252 2941 5324 utique
2984 5253 3302 5325 temporalis
3351 5250 3597 5308 medicus

2001 5330 2108 5390 hoc
2159 5327 2304 5387 592
2334 5333 2514 5389 solum
2580 5339 2756 5402 curat,
2815 5333 2962 5407 quod
3019 5331 3088 5389 ad
3129 5349 3327 5406 corpus
3375 5330 3592 5400 attinet,

2001 5578 2162 5734 8(1123;).
2188 5653 2340 5734 Edit.
2373 5659 2428 5734 et
2454 5649 2575 5710 cod.
2594 5650 2786 5734 .Sorb.,
2820 5650 3244 5734 notabilem
3267 5649 3600 5717 cicatricem;

2001 5723 2202 5811 melius
2221 5725 2345 5791 cod.
2375 5726 2556 5798 Rem.,
2584 5724 2704 5784 inde
2732 5723 3032 5816 nodabilem
3058 5725 3368 5785 cicatricem.
