3964 6412
398 365 567 450 .1063

1466 360 1560 415 AD
1600 359 1834 416 OPERA
1871 356 1928 416 S.
1955 355 2288 416 AMBROSII
2327 353 2706 414 APPENDIX.

3593 353 3746 412 1064

430 506 708 554 caterum.
756 495 902 550 Deus
948 507 1188 547 animam
1235 496 1410 558 sanat,
1441 505 1607 562 quam
1635 497 1856 561 peccata
1883 504 2025 546 con-
2051 491 2104 548 A
2131 487 2401 561 quidquid
2428 495 2656 560 putatur
2681 485 3031 542 absconsum.
3079 483 3183 540 Sed
3232 499 3344 540 non
3389 483 3588 554 habeo,
3635 485 3740 540 in-

429 586 728 642 vulnerant
763 600 774 639 :
805 590 859 639 et
888 581 984 638 ille
1013 579 1224 654 profert
1259 578 1328 635 ad
1356 593 1594 651 prasens
1616 577 1900 650 profutura
1926 594 2026 634 re-

427 673 630 742 media,
679 671 772 729 hic
813 680 998 728 autem
1055 669 1282 726 adhibet
1322 674 1640 741 perpetuam
1671 666 2022 724 medicinam.

427 764 497 820 Et
525 771 710 818 tamen
734 761 904 817 homo
927 776 1030 817 nec
1054 774 1111 815 se
1137 759 1317 830 ipsum
1338 763 1519 830 potest
1539 753 1734 826 juvare
1756 755 2022 824 medicus,

427 851 536 908 nisi
582 850 903 908 subvenerit
953 851 1140 916 Deus;
1182 863 1309 904 nam
1351 845 1626 902 incassum
1663 843 1872 901 laborat
1901 845 2024 918 ple-

427 957 658 1014 rumque
697 939 902 996 astutia
949 936 1258 1000 medicina,
1289 933 1334 990 si
1380 936 1528 991 Deus
1563 943 1766 1006 agroto
1796 935 2022 992 vivendi

427 1038 644 1104 tempus
683 1029 928 1087 noluerit
955 1029 1302 1101 prolongare.
1335 1025 1484 1094 Quos
1523 1043 1625 1082 nec
1662 1027 1767 1082 sibi
1799 1027 2024 1084 videbi-
2049 1088 2062 1101 .

425 1141 548 1180 mus
591 1136 990 1194 nonnunquam
1033 1135 1190 1192 posse
1219 1133 1556 1186 succurrere,
1589 1133 1716 1173 cum
1756 1117 2024 1190 praventi

423 1210 800 1281 corporalibus
841 1207 997 1266 vitiis
1047 1205 1378 1264 fraudantur
1417 1205 1687 1264 beneﬁcio
1719 1205 2016 1278 sospitatis.

421 1299 649 1355 Nullum
691 1315 820 1371 ergo
878 1296 1210 1354 beneficium
1265 1294 1554 1353 medicina
1621 1295 1745 1364 erit,
1802 1295 2020 1368 quando

427 1387 644 1444 medico
667 1387 773 1461 ipsi
805 1386 1079 1443 medicina
1102 1401 1217 1441 non
1248 1383 1524 1441 subvenit.
1557 1383 1728 1440 Nemo
1755 1390 1830 1452 te,
1859 1383 2023 1440 crede

421 1475 584 1546 mihi,
639 1477 838 1533 melius
889 1475 1087 1544 reﬁcit,
1145 1490 1310 1548 quam
1362 1473 1457 1546 qui
1496 1471 1671 1529 fecit:
1729 1488 1830 1528 nec
1877 1472 2020 1529 alius

411 1564 702 1638 justificat,
752 1565 862 1622 nisi
910 1563 1006 1637 qui
1054 1562 1292 1636 ﬂagellat
1332 1570 1387 1618 et
1433 1569 1606 1618 curat.
1657 1560 1818 1617 Solus
1859 1560 2020 1616 novit

417 1655 598 1728 operis
647 1654 735 1712 sui
778 1653 980 1711 sarcire
1026 1660 1302 1725 rupturas,
1331 1659 1385 1708 et
1413 1651 1534 1706 limi
1571 1651 1744 1708 nostri
1784 1667 2018 1724 quassa-

416 1751 528 1801 tam
576 1742 815 1817 speciem
863 1743 922 1799 in
964 1750 1138 1800 status
1183 1740 1406 1815 pristini
1443 1740 1807 1798 substantiam
1837 1740 2016 1798 refor-

2135 577 2309 652 quies,
2359 577 2664 635 conscium.
2713 577 2830 633 Hoc
2869 583 3015 632 recte
3046 573 3306 644 dixisses,
3338 574 3384 631 si
3413 576 3738 648 exemplum

2135 666 2270 724 Cain
2300 666 2699 739 parricidarum
2747 663 3014 738 principis
3055 663 3165 719 non
3209 661 3458 718 haberes.
3489 663 3738 720 Persua-

2133 763 2276 811 serat
2303 757 2383 812 ire
2421 772 2603 814 secum
2651 755 2710 811 in
2755 770 3011 826 campum
3052 753 3146 826 pio
3187 752 3344 810 fratri
3385 751 3738 826 parricidalis

2133 844 2411 917 impietas,
2445 854 2499 902 et
2527 845 2670 901 nihil
2717 844 2786 901 de
2825 845 2992 900 fratre
3032 859 3087 899 se
3129 843 3408 900 custodire
3453 844 3737 901 astimans

2130 933 2286 991 rudis
2329 935 2512 992 adhuc
2552 943 2606 992 et
2653 952 2798 992 nova
2841 933 3209 1008 germanitas,
3265 935 3554 1007 praceptis
3615 933 3738 1006 ejus

2129 1024 2276 1082 bono
2308 1025 2680 1098 simplicitatis
2710 1025 3074 1098 obtemperat.
3111 1023 3453 1081 Gradiuntur
3476 1039 3593 1081 uno
3613 1041 3736 1096 'pa-

2131 1114 2264 1171 riter
2305 1115 2572 1172 comitatu
2615 1114 2780 1172 ambo
2823 1113 3092 1188 germani,
3139 1122 3194 1170 et
3233 1113 3510 1186 parricida
3551 1114 3735 1170 infau-

2129 1215 2247 1263 stus
2272 1206 2341 1263 ad
2371 1205 2767 1278 perficiendum
2797 1205 2995 1261 nefarii
3017 1203 3236 1261 sceleris
3247 1205 3549 1278 cogitatum
3572 1203 3734 1278 quasi

2130 1297 2311 1354 locum
2342 1298 2505 1370 elegit
2531 1297 2651 1354 sine
2677 1305 2834 1353 teste.
2870 1295 3036 1364 Quasi
3065 1311 3198 1351 vero
3227 1294 3275 1350 si
3305 1294 3410 1351 sibi
3442 1294 3730 1352 hominem

2127 1386 2411 1442 conscium
2460 1403 2573 1442 non
2603 1385 2849 1451 haberet,
2899 1385 3068 1440 latere
3109 1383 3322 1457 aliquid
3377 1383 3481 1440 Dei
3534 1382 3734 1442 oculos

2127 1476 2396 1547 potuisset
2433 1491 2444 1530 :
2479 1484 2577 1532 aut
2604 1477 2780 1532 celare
2808 1482 2990 1546 posset
3011 1471 3196 1530 studio
3223 1471 3564 1542 solitudinis,
3598 1465 3732 1530 cum

2126 1564 2272 1620 nihil
2305 1563 2595 1622 obtutibus
2626 1565 2838 1622 celetur
2862 1561 3140 1620 Auctoris.
3171 1565 3246 1618 At
3274 1560 3372 1618 ubi
3411 1559 3628 1617 infandi
3653 1560 3731 1617 fa-

2124 1657 2332 1716 cinoris
2386 1660 2585 1718 artifex
2631 1659 2950 1734 primitivus
2998 1665 3186 1733 aptum
3227 1657 3503 1732 judicavit
3541 1659 3727 1715 locum

2123 1749 2486 1822 perpetrando
2515 1749 2743 1822 ﬂagitio,
2767 1735 2969 1806 insiliit
2989 1748 3047 1804 in
3068 1747 3331 1818 furorem,
3358 1753 3412 1804 et
3434 1746 3727 1820 patientis-

415 1849 582 1903 mare,
614 1831 736 1906 ipso
780 1849 878 1907 per
921 1832 1242 1906 prophetam
1263 1831 1512 1893 .dicente
1545 1847 1558 1886 :
1601 1853 1620 1878 ι
1649 1831 1805 1887 Sicut
1833 1831 1999 1888 lutum

2121 1841 2325 1899 simum
2363 1843 2586 1900 fratrem
2616 1859 2678 1903 ac
2704 1843 2934 1898 minime
2954 1849 3371 1914 repugnantem,
3389 1840 3612 1898 diabolo
3641 1841 3726 1898 in-

413 1921 590 1996 ﬁguli,
618 1922 698 1980 sic
727 1939 826 1980 vos
849 1923 982 1980 estis
1010 1921 1070 1978 in
1099 1937 1268 1978 manu
1299 1937 1419 1977 mea
1449 1919 1664 1993 (Jerem.
1696 1937 1860 1990 xvnr,
1893 1920 2000 1992 6).»

413 2015 602 2088 Neque
629 2015 736 2072 hoc
772 2014 956 2088 ipsum
987 2013 1174 2086 aliquo
1203 2011 1496 2068 intervallo
1529 2011 1790 2084 temporis
1819 2028 2010 2084 opera-

412 2116 546 2168 tur:
585 2126 714 2165 mox
755 2117 818 2166 ut
853 2107 1064 2166 dixeris
1107 2107 1308 2163 vitium
1352 2113 1536 2172 tuum,
1569 2105 1721 2163 illico
1767 2105 2014 2178 impertit

412 2206 468 2256 et
494 2197 869 2271 adjutorium;
902 2195 1250 2269 imploranda
1296 2194 1542 2252 subsidia
1587 2203 1641 2250 et
1681 2193 2012 2251 conferenda

412 2285 658 2344 remedia
705 2286 922 2342 nullum
971 2281 1371 2358 propemodum
1415 2289 1632 2354 tempus
1659 2281 2007 2340 intervenit“:

413 2374 520 2433 hoc
550 2381 766 2432 tantum
799 2379 1097 2445 exspectat,
1127 2379 1191 2428 ut
1233 2370 1484 2439 fatearis;
1531 2387 1686 2427 mora
1727 2387 1838 2427 non
1881 2371 2006 2441 erit,

411 2474 474 2523 ut
501 2463 729 2522 saneris.
773 2487 792 2511 ι
822 2463 923 2519 Dic
961 2468 1043 2529 tu,
1077 2460 1282 2534 inquit,
1312 2460 1464 2532 prior
1499 2459 1818 2534 iniquitates
1864 2466 2006 2529 tuas,

411 2562 474 2612 ut
511 2551 852 2626 justiﬁceris.
895 2575 914 2601 ι
969 2550 1086 2606 Hoc
1137 2565 1234 2622 per
1282 2547 1626 2606 Ezechielem
1686 2549 2006 2622 prophetam

411 2639 556 2700 idem
599 2640 837 2716 Spiritus
882 2637 1218 2712 repromittit
1266 2637 1527 2710 injustis:
1575 2662 1595 2687 ‹
1627 2638 1836 2710 Impius
1863 2655 2008 2712 qua—

409 2749 625 2806 cunque
685 2729 777 2788 die
849 2745 1146 2787 conversus
1213 2727 1382 2784 fuerit
1445 2728 1514 2785 ab
1583 2727 1878 2800 injustitia,
1953 2735 2009 2785 et

403 2821 675 2896 justitiam
707 2821 919 2888 fecerit,
951 2818 1068 2892 ipsa
1093 2817 1184 2874 die
1215 2817 1474 2890 peribunt
1501 2834 1691 2874 omnes
1719 2817 2006 2891 injustitia

409 2911 571 2986 ejus:
612 2913 670 2968 in
717 2927 818 2967 sua
863 2907 1140 2980 injustitia
1186 2923 1350 2980 quam
1396 2907 1547 2977 fecit,
1579 2924 1692 2964 non
1740 2910 2008 2966 morietur

410 3003 629 3074 (Ezech.
658 3017 824 3068 xvm,
855 2998 944 3065 27,
968 2997 1060 3070 28)
1086 3016 1100 3068 ;
1132 3021 1151 3044 ι
1187 3004 1240 3052 et
1262 2995 1395 3052 alibi
1426 3015 1437 3052 :
1471 3019 1492 3048 ι
1525 2996 1664 3054 Cum
1709 3015 2007 3058 conversus

407 3089 579 3146 fueris
603 3097 655 3145 et
676 3087 1028 3160 ingemueris,
1051 3096 1188 3144 tunc
1209 3085 1508 3144 salvaberis
1530 3086 1664 3156 (Isa.
1687 3104 1826 3158 xxx,
1854 3090 1990 3159 15)..

477 3179 708 3238 CAPUT
745 3179 842 3238 IV.
874 3209 946 3220 —
975 3178 1080 3237 Sed
1128 3178 1360 3235 forsitan
1408 3177 1558 3236 dicas
1608 3196 1621 3235 :
1673 3181 1792 3236 Non
1830 3180 2003 3237 habeo

403 3271 712 3340 conscium,
735 3277 790 3328 et
811 3270 954 3327 nulli
978 3269 1208 3327 omnino
1231 3268 1520 3326 manifesta
1539 3277 1688 3339 sunt,
1711 3287 1832 3344 qua
1852 3288 1998 3329 com-

404 3361 550 3418 misi.
602 3359 748 3430 Quid
794 3376 942 3432 ergo,
989 3359 1035 3416 si
1083 3375 1196 3416 non
1241 3359 1409 3416 habes
1449 3359 1756 3429 conscium,
1803 3361 1997 3418 saltem

401 3450 582 3509 nescis
630 3450 920 3524 prascium
963 3449 1138 3506 Deum
1179 3449 1530 3505 conscientia
1573 3457 1676 3506 tua
1707 3449 1997 3506 inevitabi-

403 3543 509 3598 lem
537 3541 820 3598 conscium
843 3540 872 3597 ?
899 3540 972 3596 Et
999 3537 1050 3596 si
1077 3538 1219 3595 facta
1265 3546 1356 3594 tua
1385 3554 1548 3594 nemo
1581 3537 1872 3596 hominum
1901 3556 1996 3597 no-

400 3632 502 3699 vit,
553 3646 751 3704 nempe
796 3632 945 3686 Deus
982 3629 1125 3686 facta
1170 3636 1266 3684 tua
1311 3635 1366 3684 et
1411 3627 1594 3684 adhuc
1629 3627 1818 3685 futura
1847 3645 1996 3702 pra-

399 3720 598 3778 noscit.
633 3719 780 3788 Quid
822 3718 972 3774 enim
1016 3733 1128 3773 non
1166 3715 1342 3783 videt,
1373 3717 1469 3789 qui
1501 3717 1706 3790 ubique
1733 3726 1788 3773 et
1815 3727 1993 3776 totum

398 3808 570 3878 videt,
618 3808 737 3882 ipso
773 3806 844 3864 ad
885 3805 988 3863 Job
1024 3806 1241 3865 dicente
1275 3823 1286 3862 :
1319 3804 1456 3873 Quis
1485 3814 1638 3878 putet
1665 3807 1877 3882 aliquid
1908 3825 1994 3866 me

397 3898 614 3956 latere?
659 3898 740 3954 Da
785 3896 926 3954 mihi
975 3897 1180 3964 locum,
1208 3897 1268 3953 in
1315 3913 1424 3970 quo
1453 3914 1564 3954 non
1591 3897 1664 3954 sit
1690 3899 1855 3968 Deus,
1895 3902 1992 3972 qui

396 3997 546 4047 totus
581 3997 664 4046 est
705 3987 990 4056 occultus;
1027 3994 1082 4043 et
1126 3986 1234 4044 eris
1265 3987 1326 4042 in
1371 3986 1532 4044 factis
1568 3987 1681 4043 tuis
1714 3988 1794 4062 (6)
1823 3994 1878 4045 et
1907 3996 1988 4060 tu,

393 4079 538 4137 sicut
582 4079 886 4147 arbitraris,
919 4077 1185 4134 occultus.
1225 4076 1330 4135 Sed
1376 4079 1524 4134 Deus
1567 4077 1774 4151 ubique
1801 4088 1903 4148 est,
1936 4087 1992 4136 et

391 4177 542 4226 totus
571 4166 632 4224 in
659 4175 778 4224 toto
798 4175 899 4236 est,
929 4167 1050 4240 ipso
1075 4166 1291 4225 dicente
1319 4185 1333 4225 :
1381 4191 1400 4216 σ
1420 4166 1632 4226 Caelum
1663 4167 1806 4224 mihi
1834 4169 1988 4226 sedes

389 4264 496 4325 est,
514 4265 663 4314 terra
689 4272 822 4313 vero
847 4257 1147 4314 scabellum
1170 4256 1372 4329 pedum
1401 4274 1649 4316 meorum
1677 4259 1812 4331 (Isa.
1836 4275 1983 4328 var,

389 4349 446 4422 1)
473 4365 488 4418 ;
520 4373 540 4398 ι
582 4355 683 4405 et:
732 4371 752 4396 ε
784 4347 994 4406 Calum
1025 4357 1078 4406 et
1123 4355 1320 4405 terram
1367 4365 1465 4422 ego
1511 4348 1715 4422 impleo
1765 4349 1982 4422 (Jerem.

387 4453 552 4507 χχιιι,
585 4437 700 4512 24).
737 4463 756 4488 ι
799 4438 955 4496 Unde
985 4449 1040 4496 et
1079 4438 1427 4496 beatissimus
1465 4439 1731 4512 propheta
1757 4441 1935 4497 David
1967 4459 1981 4498 :

2121 1931 2375 2004 stigante,
2431 1933 2729 1990 interfecit.
2775 1932 2880 1990 Res
2930 1930 3154 2005 quidem
3186 1931 3244 1986 in
3271 1931 3468 1988 eﬁ'ectu
3495 1929 3730 1987 evidens

2121 2028 2256 2090 erat,
2274 2020 2369 2078 sed
2399 2029 2666 2094 quantum
2687 2021 2823 2080 Cain
2845 2028 2996 2078 ratus
3014 2021 3191 2077 fuerat
3215 2019 3321 2091 (7),
3347 2020 3467 2076 sine
3497 2019 3727 2077 conscio

2121 2111 2365 2168 admissa
2390 2112 2612 2170 latebat.
2636 2113 2709 2169 Et
2727 2111 2981 2170 credebat
3000 2109 3414 2168 crudelissimus
3427 2107 3726 2165 hominum

2119 2201 2237 2256 sine
2267 2207 2403 2257 teste
2432 2201 2643 2257 aditum
2673 2201 2896 2258 crimini
2945 2215 3062 2256 non
3101 2198 3282 2267 fateri,
3328 2215 3456 2255 cum
3497 2195 3570 2254 ob
3617 2197 3730 2253 hoc

2119 2287 2296 2359 ipsum
2329 2288 2540 2345 crimen
2567 2293 2908 2361 agnosceret,
2940 2287 3088 2360 quod
3117 2286 3396 2344 occultare
3440 2283 3721 2358 cupiebat.

2117 2376 2222 2433 Sed
2257 2393 2381 2434 ecce
2407 2393 2590 2434 rerum
2631 2377 2921 2446 Dominus,
2951 2377 3039 2433 cui
3087 2375 3360 2450 quidquid
3389 2375 3721 2434 absconsum

2117 2473 2359 2538 putatur,
2390 2466 2452 2522 in
2503 2474 2762 2539 promptu
2789 2472 2892 2534 est,
2925 2474 2980 2521 et
3005 2481 3166 2538 quem
3197 2481 3308 2520 non
3341 2472 3520 2536 potest
3551 2465 3726 2522 latere

2116 2555 2263 2627 quod
2291 2555 2350 2610 in
2380 2555 2779 2628 cogitationum
2809 2553 3042 2611 occultis
3069 2553 3268 2626 agitur,
3295 2554 3582 2624 Scriptura
3621 2554 3722 2611 di-

2115 2654 2272 2701 cente
2300 2661 2313 2700 :
2365 2669 2384 2692 ε
2427 2644 2702 2718 Cogitatio
2733 2643 2975 2700 hominis
3010 2641 3368 2700 conﬁtebitur
3395 2643 3497 2698 tibi
3534 2644 3732 2716 (Psalu

2115 2751 2288 2798 Lxxv,
2323 2733 2449 2805 ii);
2479 2741 2570 2789 :et
2593 2733 2796 2789 iterum
2832 2749 2844 2787 :
2889 2756 2908 2780 ι
2938 2731 3322 2804 Imperfectum
3353 2747 3537 2788 meum
3565 2732 3720 2788 vide-

2115 2831 2244 2879 runt
2276 2823 2424 2880 oculi
2453 2823 2558 2890 tui,
2582 2830 2636 2879 et
2655 2823 2714 2878 in
2733 2822 2876 2878 libro
2890 2829 2986 2879 tuo
3001 2838 3191 2878 omnes
3219 2821 3711 2895 scribentur(Psal.

2115 2929 2389 2982 cxxxvm,
2439 2913 2570 2986 16);
2623 2939 2642 2962 ›
2693 2920 2747 2969 et
2793 2912 2997 2969 iterum
3033 2928 3046 2968 :
3099 2937 3117 2960 ι
3146 2912 3408 2969 Scrutans
3447 2900 3620 2969 corda
3657 2919 3715 2969 et

2115 3017 2270 3058 renes
2300 3003 2446 3058 Deus
2491 3002 2664 3075 (Psal.
2700 3020 2802 3071 vn,
2837 3002 2964 3073 10);
2997 3027 3016 3051 ι
3063 3002 3209 3060 unde
3249 3002 3394 3058 idem
3440 3001 3714 3076 propheta

2111 3090 2290 3147 David
2321 3107 2333 3146 :
2379 3115 2398 3139 ι
2445 3091 2836 3165 Cogitationes,
2868 3092 3070 3165 inquit,
3102 3107 3248 3148 meas
3275 3092 3487 3164 alonge
3515 3089 3712 3148 vidisti

2117 3181 2288 3251 (Psal.
2323 3197 2598 3250 cxxxvnr,
2631 3181 2712 3254 3),
2741 3205 2760 3230 ι
2818 3180 3148 3254 parricidam
3189 3197 3325 3238 voce
3365 3180 3711 3253 indignantis

2110 3270 2367 3340 appellat.
2401 3271 2473 3326 Et
2519 3271 2697 3328 sciens
2739 3270 2938 3327 ferocis
2983 3269 3113 3328 facti
3158 3277 3398 3351 atrpcem
3443 3268 3708 3342 spiritum

2108 3375 2270 3432 quem
2298 3367 2557 3432 gesserat,
2601 3367 2966 3434 negaturum;
3017 3368 3080 3416 ut
3132 3369 3344 3417 reatum
3395 3359 3710 3418 cumularet

2107 3445 2264 3518 impii
2294 3447 2601 3519 parricida,
2653 3448 2880 3505 simulat
2922 3463 2980 3504 se
3015 3447 3190 3504 veluti
3223 3445 3371 3520 quod
3399 3445 3704 3504 admissum

2106 3534 2304 3606 fuerat,
2357 3537 2630 3610 ignorare.
2677 3560 2695 3584 ι
2734 3537 2806 3594 Et
2851 3536 3016 3606 dixit,
3064 3536 3270 3610 inquit,
3320 3535 3594 3593 Dominus
3631 3535 3708 3592 ad

2105 3625 2280 3684 Cain:
2310 3627 2416 3684 Ubi
2447 3635 2530 3684 est
2571 3628 2712 3686 Abel
2763 3628 2930 3684 frater
2972 3635 3102 3684 tuus
3131 3627 3160 3684 ?
3201 3627 3275 3682 Et
3317 3625 3463 3684 dixit
3506 3624 3645 3684 Cain
3687 3641 3700 3680 :

2102 3715 2316 3785 Nescio,
2357 3717 2630 3792 numquid
2669 3726 2855 3776 custos
2901 3717 3089 3782 fratris
3119 3716 3228 3773 mei
3255 3733 3378 3774 sum
3407 3731 3504 3788 ego
3537 3715 3701 3787 (Gen.

2102 3825 2184 3874 1v,
2225 3807 2332 3880 9)?
2377 3833 2396 3856 ι
2440 3809 2485 3866 Ο
2534 3807 2808 3866 insaniam
2850 3807 3273 3866 detestabilem!
3333 3823 3366 3863 ο
3403 3803 3695 3862 audaciam

2101 3897 2433 3971 singularem
2459 3897 2471 3954 l
2510 3899 2681 3956 Fidus
2711 3905 2892 3970 negat,
2927 3897 3073 3972 quod
3099 3897 3220 3953 sine
3247 3905 3385 3954 teste
3411 3895 3704 3952 commise-

2099 3997 2184 4046 rat
2215 4007 2226 4046 :
2257 3997 2311 4047 et
2339 3989 2574 4048 credidit
2605 3991 2723 4046 sine
2751 3989 2972 4047 conscio
3007 3987 3213 4044 crimen
3257 3985 3530 4059 publicari
3581 4002 3704 4044 non

2098 4094 2276 4151 posse,
2309 4095 2436 4136 cum
2467 4079 2588 4150 ipso
2626 4078 2848 4150 negotio
2881 4078 2962 4150 (8)
2995 4083 3210 4132 reatum
3239 4075 3412 4148 magis
3437 4075 3705 4148 proderet

2095 4165 2466 4223 conscientia.
2513 4165 2659 4232 Quid
2700 4166 2834 4238 agis,
2877 4165 3018 4224 Cain
3049 4163 3298 4222 infelix?
3343 4163 3468 4220 Non
3521 4162 3704 4224 habes

2095 4257 2273 4312 ullum
2327 4255 2608 4312 hominem
2664 4264 2898 4314 testem:
2955 4272 3078 4315 ecce
3109 4257 3278 4314 habes
3307 4258 3541 4314 effusum
3570 4274 3700 4316 san-

2094 4345 2315 4418 guinem
2365 4345 2703 4418 proditorem
2749 4365 2760 4404 :
2805 4347 2922 4420 ipse
2964 4355 3020 4404 te
3064 4345 3314 4420 publicat
3357 4354 3412 4404 et
3447 4356 3694 4408 accusat.

2094 4435 2220 4494 Vox
2249 4436 2370 4509 ejus
2395 4435 2688 4493 adversum
2712 4443 2769 4494 te
2789 4437 3104 4512 interpellat
3129 4441 3447 4507 Auctorem,
3476 4445 3533 4494 et
3555 4437 3698 4496 facit

399 4551 420 4577 ‹
456 4527 578 4597 Quo
623 4529 734 4599 ibo,
786 4530 990 4604 inquit,
1037 4546 1069 4587 a
1115 4531 1326 4605 Spiritu
1370 4538 1488 4600 tuo,
1538 4537 1592 4586 et
1639 4547 1671 4587 a
1717 4531 1855 4589 facie
1890 4541 1984 4590 tua
2011 4599 2052 4606 _
2091 4545 2256 4586 cruor
2311 4530 2544 4592 diffusus
2596 4533 2908 4602 invidiam;
2965 4550 3036 4590 ne
3094 4535 3356 4590 latentem
3403 4535 3694 4606 pratereat

385 4634 496 4692 quo
523 4619 728 4692 fugiam
752 4620 780 4676 ?
827 4599 883 4676 Si
914 4599 1206 4678 ascendero
1237 4621 1296 4678 in
1328 4599 1550 4693 coelum,
1576 4628 1640 4676 tu
1677 4621 1756 4678 ibi
1803 4639 1860 4678 es
1888 4639 1900 4678 :
1934 4623 1980 4678 si
2011 4599 2060 4658 D
2090 4620 2228 4676 ultio
2267 4625 2616 4694 parricidam.
2655 4649 2674 4674 ι
2702 4624 2872 4694 Quid,
2894 4599 3106 4698 inquit,
3155 4623 3376 4681 fecisti?
3573 4639 3689 4680 vox

383 4708 714 4765 descendero
765 4709 822 4764 in
871 4709 1097 4779 inferos,
1128 4716 1194 4766 tu
1243 4709 1321 4766 ibi
1366 4711 1572 4768 venies.
1623 4710 1679 4766 Si
1724 4727 1976 4784 recepero

383 4813 588 4870 pennas
626 4813 776 4854 meas
821 4797 1076 4868 directas,
1124 4808 1186 4856 ut
1234 4799 1538 4857 inhabitem
1586 4801 1643 4858 in
1672 4803 1976 4861 novissimo

381 4887 585 4956 maris;
633 4887 836 4944 etenim
885 4889 1021 4946 illuc
1067 4905 1264 4946 manus
1303 4898 1418 4962 tua,
1458 4891 1712 4962 Domine,
1744 4891 1976 4950 deducet

383 4993 491 5046 me,
522 4985 576 5033 et
611 4977 918 5035 continebit
957 4995 1044 5035 me
1081 4979 1308 5038 dextera
1346 4988 1442 5038 tua
1491 4981 1662 5054 (Psal.
1696 4999 1970 5054 cxxxvnr,

380 5073 570 5148 7-10).
602 5099 622 5123 ι
667 5076 894 5132 Frustra
921 5091 1048 5148 ergo
1075 5076 1220 5134 dicis
1239 5093 1350 5133 non
1371 5077 1572 5135 habere
1590 5085 1646 5136 te
1665 5079 1970 5152 conscium,

380 5181 506 5223 cum
534 5165 726 5222 audias
753 5166 925 5222 Deum
952 5173 1130 5222 totum
1171 5167 1396 5241 ubique,
1427 5174 1482 5224 et
1506 5185 1603 5241 per
1631 5169 1818 5226 omnia
1845 5186 1974 5226 ma-

369 5251 586 5326 iestatis
640 5271 752 5313 sua
807 5253 1112 5314 ambitione
1164 5256 1450 5327 diffusum,
1501 5257 1594 5315 cui
1651 5258 1724 5315 sit
1776 5267 1968 5318 notum

567 5449 716 5532 Gil].
745 5459 801 5532 et
837 5450 984 5532 cod.
1012 5449 1200 5532 δοιὼ.ζ
1225 5450 1334 5532 qui
1366 5457 1503 5532 totus
1544 5457 1617 5532 est
1643 5454 1894 5532 occultus,
1923 5459 1971 5509 et

373 5521 476 5592 erit
499 5520 559 5577 in
585 5520 744 5591 factis
771 5523 896 5589 tuis,
928 5529 988 5578 ut
1019 5529 1077 5577 tu
1114 5520 1422 5592 arbitraris,
1453 5524 1708 5592 occultus;
1742 5526 1800 5580 in
1829 5541 1969 5581 mar-

375 5591 500 5676 gine
529 5603 710 5649 autem
737 5610 767 5650 e
795 5595 1018 5676 regione
1046 5594 1245 5675 prioris
1269 5595 1500 5676 occuttus
1528 5595 1706 5676 popit,
1739 5595 1970 5676 [amasse

375 5663 583 5736 aquius,
603 5677 767 5736 quam
802 5663 1170 5736 conjecturam
1199 5665 1258 5720 in
1296 5663 1779 5724 textum'admisit
1805 5669 1964 5726 Rom.

376 5732 511 5791 edit.
535 5732 710 5791 Nobis
735 5749 866 5791 vero
893 5732 1077 5806 potior
1107 5735 1231 5794 visa
1253 5743 1336 5794 est
1363 5735 1526 5794 lectio
1551 5737 1708 5798 Rem.
1736 5753 1840 5798 ms.

2086 4711 2370 4782 sanguinis
2393 4713 2578 4770 fratris
2616 4715 2697 4772 tui
2747 4716 2948 4772 clamat
2985 4713 3056 4770 ad
3099 4729 3187 4770 me
3225 4712 3294 4770 de
3335 4720 3479 4768 terra
3517 4712 3684 4786 (Ibid.

2086 4797 2198 4872 10).
2229 4826 2248 4849 ι
2291 4803 2498 4860 Verum
2528 4804 2625 4860 ubi
2675 4805 2950 4878 parricida
2981 4803 3155 4860 sensit
3199 4803 3500 4876 proditum,
3535 4802 3685 4876 quod

2082 4890 2307 4963 putabat
2337 4893 2641 4963 occultum,
2683 4902 2736 4950 et
2777 4894 3043 4966 sanguine
3067 4900 3204 4950 teste
3231 4892 3540 4960 convictus,
3567 4891 3685 4948 fru-

2081 4989 2192 5038 stra
2233 4982 2462 5040 ﬁnxisse
2523 4991 2876 5041 contumaces
2905 4983 3157 5052 insidias,
3197 4981 3410 5040 facinus
3457 4980 3683 5039 conﬁte-

2079 5079 2200 5128 tur:
2225 5081 2450 5146 exoptat
2478 5073 2536 5130 in
2561 5091 2616 5130 se
2637 5074 2817 5132 acrius
2844 5073 3038 5132 dictari
3054 5072 3353 5146 judicium,
3369 5088 3496 5130 cum
3517 5087 3682 5129 excu-

2078 5177 2200 5218 sare
2225 5179 2336 5219 non
2352 5171 2534 5236 posset
2548 5163 2886 5221 conscientia
2898 5163 3260 5237 parricidium
3281 5169 3674 5235 perpetratum.

2079 5249 2186 5308 Sed
2213 5251 2468 5309 differtur
2493 5253 2717 5310 interim
2765 5253 3008 5310 severior
3058 5267 3241 5326 pana,
3280 5257 3344 5308 ut
3372 5251 3514 5307 tanti
3545 5249 3680 5308 faci-

2152 5455 2234 5528 (7)
2263 5455 2439 5528 Edit.,
2464 5470 2598 5528 eam
2641 5459 2796 5510 ratus
2836 5451 3257 5528 fueratjultem.
3305 5450 3500 5528 codex,
3537 5449 3677 5528 Cain

2076 5523 2229 5597 ratus
2257 5527 2479 5597 fuerat?
2509 5525 2656 5581 Infra
2683 5523 2844 5597 vero:
2860 5525 2957 5581 ubi
3008 5524 3140 5597 Gill.
3169 5540 3311 5597 (cum
3359 5525 3512 5597 Rem.
3543 5523 3671 5582 cod.

2078 5605 2133 5653 et
2164 5594 2345 5667 Sorb.,
2380 5597 2585 5654 aditum
2619 5596 2834 5652 crimini
2873 5612 2981 5652 non
3015 5594 3197 5666 fateri,
3227 5595 3360 5652 edit.
3393 5595 3554 5652 Rom.
3600 5611 3672 5653 ex

2079 5669 2225 5743 Gil_l_.g
2247 5669 2746 5743 margine,_aditum
2773 5667 3002 5743 crimini
3013 5684 3120 5743 non
3141 5674 3326 5743 patere

2153 5713 3668 5814 ἒξ)ἷῇὧίῗὲἃῆῗὲῖῖἧάῆᾖὲἕῖἒῆῐζἓῶἦῖἑμκιηᾳμηάλ
