3964 6376
155 410 300 473 1065

1266 412 1362 470 DE
1400 410 1861 504 ΡΟΕΝΙΤΕΝΤΙΑ
1898 412 2109 471 LIBER
2147 411 2345 469 UNUS.

3318 415 3459 473 1066

154 543 314 599 noris
369 550 650 599 auctorem
691 538 903 596 diutius
939 539 1240 597 trucidaret
1286 541 1434 597 lenta
1461 541 1749 609 sententia,
1782 541 1832 600 A
1862 537 1924 595 ﬁt
1953 538 2177 611 impius,
2210 538 2305 611 qui
2352 537 2411 593 in
2458 537 2695 609 peccatis
2739 538 2853 593 suis
2899 538 3137 596 fatendis
3178 542 3463 600 exstiterit

155 647 262 688 nec
307 627 562 688 celeritas
605 628 831 701 irrogati
858 629 1119 702 supplicii
1167 629 1556 702 compendium
1587 630 1759 703 magis

157 720 446 777 videretur
472 717 681 776 addicti
709 735 721 774 :
753 725 808 774 et
837 717 990 774 ﬁeret
1018 718 1219 791 poenali
1249 719 1613 776 diuturnitate
1646 722 1757 776 lon-

158 826 402 883 gavum,
422 808 572 886 quod
600 807 881 864 latrocinii
910 808 1186 865 moriendi
1207 816 1526 865 extenuaret
1546 810 1759 866 facinus

157 897 450 973 parricidii
474 898 578 970 (9).
606 895 752 965 Quid
772 913 899 969 ergo
918 896 1022 953 tibi
1036 914 1199 971 super
1218 915 1281 954 eo
1301 897 1588 968 blandiris,
1612 901 1759 972 quod

159 1008 270 1048 non
319 989 523 1047 habeas
569 987 875 1057 conscium,
909 1005 1034 1046 cum
1065 990 1253 1047 videas
1277 990 1594 1047 testimonio
1622 1007 1760 1047 san-

158 1080 348 1154 guinis
386 1079 703 1136 innocentis
740 1077 877 1137 Cain
916 1078 1085 1136 fuisse
1132 1079 1449 1137 convictum
1479 1081 1684 1154 pariter
1708 1088 1762 1137 et

159 1170 423 1244 punitum
451 1169 479 1226 ?

232 1268 466 1328 CAPUT
495 1267 565 1327 V.
598 1300 667 1311 —
698 1266 804 1326 Sed
828 1268 1134 1338 conscium,
1157 1267 1391 1343 inquies,
1424 1286 1535 1326 non
1564 1269 1758 1340 habeo,

158 1356 257 1432 qui
299 1373 421 1413 mea
468 1356 614 1415 facta
651 1356 918 1430 divulget.
971 1359 1142 1431 Rogo,
1173 1357 1325 1415 dicas
1356 1359 1515 1427 mihi,
1564 1359 1609 1415 si
1649 1376 1762 1415 non

160 1444 331 1503 habes
377 1447 681 1515 conscium,
754 1463 867 1503 non
913 1446 1081 1503 habes
1130 1448 1479 1506 conscientia
1517 1450 1761 1505 testimo-

162 1534 323 1591 nium
344 1535 373 1591 ?
393 1542 487 1591 aut
512 1542 567 1591 te
596 1535 777 1608 ipsum
820 1542 974 1607 potes
1004 1535 1258 1608 effugere,
1290 1545 1344 1593 et
1371 1538 1761 1595 conscientiam

159 1622 491 1681 declinare?
537 1623 964 1693 Conscientiam,
989 1623 1235 1697 inquam,
1266 1626 1410 1698 apud
1458 1643 1619 1699 quam
1652 1643 1763 1683 non

161 1714 403 1769 moritur
429 1729 593 1770 omne
623 1712 771 1786 quod
802 1712 1060 1785 gerimus,
1090 1730 1210 1786 qua
1246 1732 1346 1771 nos
1375 1714 1434 1770 in
1465 1715 1624 1772 factis
1654 1732 1765 1771 no-

159 1803 296 1861 stris
340 1811 561 1861 accusat
601 1810 656 1859 et
697 1803 911 1876 judicat
941 1820 954 1858 :
990 1820 1110 1877 qua
1149 1822 1275 1861 cum
1323 1822 1434 1862 non
1464 1806 1659 1862 habeat
1689 1808 1763 1862 lo-

1867 630 2155 686 induratus
2188 648 2201 697 ;
2234 637 2295 685 ut
2338 637 2392 685 et
2428 628 2634 700 ﬂagitia
2674 629 3004 701 perstringat
3052 631 3216 702 digna
3248 643 3459 689 senten-

1867 720 1963 786 tia,
1994 726 2048 774 et
2075 718 2434 775 contumacia
2464 734 2651 790 poenas
2680 719 2797 775 luat
2819 720 3078 789 pervicax
3104 722 3459 778 conscientia.

1867 808 2162 879 Frangitur
2189 807 2337 864 enim
2368 807 2669 863 commotio
2708 806 2937 880 jndicis,
2971 809 3065 864 ubi
3098 810 3461 881 paenitudinis

1868 902 1921 951 et
1949 896 2256 952 severitatis
2285 897 2449 953 enixa
2474 897 2750 953 districtio
2781 898 3145 954 confessionis
3174 916 3465 971 oppugna-

1868 984 2018 1041 tione
2056 986 2259 1041 lenitur
2293 1004 2304 1042 :
2333 985 2717 1059 depromptum
2767 987 3150 1059 indignatione
3188 988 3464 1061 judicium

1870 1076 2244 1132 satisfactione
2292 1077 2630 1149 percellitur,
2678 1084 2733 1133 et
2785 1077 3179 1134 comminantis
3225 1080 3465 1137 intentio

1871 1165 2135 1222 orationis
2177 1165 2505 1222 humillima
2564 1166 2899 1223 verecundia
2946 1174 3299 1240 temperatur.
3351 1171 3468 1227 Hoc

1871 1270 1939 1311 ex
1995 1254 2261 1313 Ninivitis
2307 1256 2549 1325 addisce,
2599 1272 2834 1330 quorum
2890 1258 3231 1315 confessione
3290 1260 3467 1316 deleta

1870 1352 1952 1401 est
1974 1344 2089 1416 jam
2120 1346 2268 1401 dicta
2292 1347 2582 1415 sententia,
2624 1356 2677 1403 et
2716 1363 2908 1403 aversa
2936 1348 3231 1405 imminens
3258 1350 3359 1418 ira,
3400 1367 3468 1407 ne

1872 1433 2053 1489 inanis
2090 1432 2245 1489 ﬁeret
2280 1434 2549 1491 conﬁtens
2588 1435 2931 1506 poenitentia.
2990 1437 3265 1493 Pendebat
3308 1455 3469 1509 super

1873 1524 2125 1580 miseram
2175 1524 2457 1581 civitatem
2498 1525 2715 1582 caelitus
2758 1526 2870 1598 jam
2916 1528 3128 1585 vibrata
3176 1531 3466 1599 sententia,

1872 1622 1925 1670 et
1952 1613 2447 1670 animadversionis
2496 1614 2702 1671 divina
2745 1617 2950 1673 securis
2991 1620 3303 1677 cervicibus
3332 1623 3469 1679 infe-

1873 1703 2062 1759 licium
2093 1704 2435 1776 perurgebat.
2492 1704 2610 1760 Jam
2658 1704 2959 1776 productus
3008 1708 3185 1765 fuerat
3231 1712 3469 1768 caelestis

1873 1794 2089 1865 gladius
2119 1809 2147 1849 e
2176 1794 2395 1866 vagina,
2428 1802 2480 1850 et
2501 1794 2558 1850 in
2578 1795 2791 1850 ultione
2821 1805 3251 1869 perpetratorum
3284 1801 3467 1857 crimi-

159 1893 369 1968 quendi
404 1912 588 1964 usum,
619 1892 796 1949 nescit
825 1900 1007 1949 tamen
1033 1901 1218 1951 tenere
1241 1895 1545 1952 silentium.
1579 1897 1764 1952 Potest
1792 1903 1838 1964 Β
1874 1897 2003 1937 num
2037 1882 2333 1938 vehemens
2386 1883 2468 1939 ira
2515 1884 2779 1941 fervebat
2830 1886 2954 1943 Vox
3006 1889 3274 1958 ΡΓίΒοοηίε
3329 1890 3471 1948 inle-

158 1984 419 2041 conscius
447 1994 622 2041 morte
659 1982 915 2052 subduci,
945 1992 1123 2056 potest
1149 1986 1253 2043 tibi
1283 1988 1350 2044 ad
1382 1996 1597 2060 tempus
1626 2005 1763 2060 pro-

157 2073 319 2131 desse
360 2075 515 2132 testis
544 2073 789 2131 absentia
822 2090 834 2129 :
888 2072 1005 2129 hac
1034 2081 1215 2132 tecum
1264 2093 1476 2150 semper
1504 2085 1585 2133 est
1623 2079 1760 2151 (10),

158 2170 217 2221 et
261 2164 381 2220 sine
420 2173 474 2221 te
504 2180 615 2219 non
657 2170 739 2219 est
769 2177 781 2216 :
820 2160 991 2218 haret
1020 2166 1255 2235 pectori,
1303 2183 1405 2223 nec
1434 2184 1676 2239 unquam
1708 2176 1761 2224 te

156 2255 364 2312 deserit
396 2274 409 2323 ;
464 2264 519 2312 et
555 2259 709 2316 velut
749 2257 893 2315 593
921 2257 1199 2330 jquadam
1248 2258 1573 2331 pedissequa
1608 2259 1764 2315 nullo

158 2346 257 2403 abs
286 2354 341 2403 te
370 2349 635 2419 temporis
664 2350 960 2409 intervallo
1007 2349 1276 2407 discedit:
1318 2355 1467 2403 tenet
1504 2355 1557 2403 te
1588 2364 1763 2416 reum,

159 2445 217 2494 et
247 2438 306 2492 in
337 2453 436 2493 sua
464 2455 677 2512 semper
705 2442 921 2498 ditione
944 2440 1246 2512 captivum.
1280 2438 1335 2495 Si
1372 2437 1591 2511 quando
1617 2453 1765 2493 men-

159 2537 274 2585 tem
308 2536 455 2584 tuam
502 2531 678 2587 latior
696 2533 1063 2590 secundarum
1096 2548 1277 2587 rerum
1309 2540 1463 2588 actus
1494 2529 1762 2595 avocarit,

160 2626 218 2673 et
247 2634 440 2674 sensus
461 2626 586 2675 tuos
628 2622 855 2694 caperit
883 2622 1013 2678 facti
1036 2620 1402 2677 delectatione
1417 2619 1761 2691 jucunditas;

160 2707 349 2763 subito
378 2715 432 2763 te
463 2709 559 2765 illa
595 2711 862 2779 stimulat,
895 2711 991 2766 illa
1020 2710 1345 2767 medullitus
1372 2710 1554 2781 pulsat
1580 2716 1635 2764 et
1668 2709 1766 2765 in-

160 2796 419 2867 terpellat
439 2814 683 2867 sensum,
715 2799 1073 2871 interrumpit
1106 2798 1387 2871 gaudium,
1418 2805 1471 2853 et
1485 2805 1654 2853 totam
1676 2813 1763 2870 pe-

157 2884 329 2941 ctoris
356 2886 632 2957 regionem
664 2887 872 2943 mastis
891 2886 1142 2959 suspiriis
1173 2886 1447 2959 inquietat
1475 2905 1486 2942 :
1522 2893 1575 2941 et
1605 2885 1762 2958 quasi

158 2973 450 3030 vulnerata
466 2976 761 3048 opprobrio
788 2984 1059 3046 teneatur,
1087 2994 1200 3034 non
1222 2977 1516 3033 invenitur
1544 2976 1763 3032 homini

162 3062 493 3134 remedium,
543 3081 651 3138 quo
697 3075 955 3136 curetur;
988 3084 1203 3141 semper
1241 3068 1389 3124 enim
1443 3066 1762 3136 offenditur,

165 3168 296 3208 cum
343 3152 487 3209 alius
531 3154 845 3228 castigatur,
894 3163 949 3213 et
994 3157 1053 3213 in
1092 3158 1272 3213 alieno
1322 3158 1550 3212 vulnere
1586 3158 1764 3229 primo

1871 1971 2039 2027 ritum
2071 1974 2288 2045 populis
2317 1973 2698 2043 minitabatur,
2746 1983 2801 2031 et
2838 1975 3199 2034 denuntiabat
3255 1981 3471 2037 cunctis

1872 2062 2188 2133 proximum
2239 2063 2499 2135 perituris
2554 2064 2834 2136 propheta
2894 2068 3104 2122 clamor
3172 2068 3407 2125 exitium
3456 2088 3466 2126 :

1886 2172 1904 2197 ι
1934 2150 2060 2205 Post
2090 2151 2358 2219 triduum,
2400 2154 2605 2225 inquit,
2636 2164 2688 2210 et
2730 2154 2930 2211 Ninive
2968 2157 3163 2213 civitas
3194 2158 3473 2215 subverte-

1871 2242 1964 2291 tur
1998 2239 2169 2307 (J0me
2198 2256 2281 2304 ni,
2311 2240 2391 2311 4).
2435 2265 2454 2288 ι
2509 2242 2628 2297 Heu
2675 2243 2807 2315 quid
2837 2243 2903 2298 de
2952 2246 3063 2300 Deo
3093 2246 3317 2317 exigitis
3346 2265 3473 2304 sce-

1874 2324 2005 2393 lera,
2040 2327 2172 2398 quid
2217 2336 2435 2400 peccata
2482 2332 2803 2387 mercamini
2846 2332 2873 2387 ?
2919 2333 3094 2403 Ipsam
3144 2335 3242 2391 Dei
3296 2338 3472 2393 nostri
3545 2376 3560 2387 .

1873 2415 2358 2473 clementissimam
2401 2420 2744 2491 pravenistis
2789 2422 3066 2493 pietatem,
3100 2425 3166 2480 de
3208 2442 3315 2498 quo
3361 2435 3469 2483 tam

1875 2506 2238 2578 propinquam
2294 2516 2348 2563 et
2406 2518 2532 2565 ante
2590 2518 2805 2582 tempus
2863 2515 3122 2585 exegistis
3178 2516 3468 2575 ultionem.

1872 2594 2074 2651 Videre
2132 2596 2313 2668 itaque
2373 2598 2512 2653 mihi
2580 2600 2774 2655 videor
2827 2610 3033 2672 quanta
3090 2604 3316 2661 miseros
3372 2624 3471 2662 ar-

1872 2682 2055 2737 ctabat
2103 2686 2373 2755 angustia,
2415 2694 2469 2741 et
2512 2688 2688 2758 qualis
2730 2690 3125 2759 perstrinxerat
3150 2691 3207 2747 in
3237 2703 3470 2750 tremore

1874 2771 2176 2828 fecessitas.
2239 2773 2543 2830 Consilium
2603 2786 2783 2833 metus
2838 2779 3116 2845 amiserat,
3165 2782 3468 2839 remedium

1872 2861 2178 2934 desperatio
2228 2883 2341 2921 non
2376 2866 2611 2923 habebat
2645 2886 2659 2934 ;
2701 2869 2776 2924 ita
2814 2869 2962 2925 enim
3004 2871 3180 2927 fuerat
3210 2875 3470 2945 temporis

1873 2953 2221 3025 pracipitata
2249 2956 2520 3025 celeritas,
2551 2965 2615 3013 ut
2644 2974 2709 3013 ne
2740 2960 2930 3029 spatiis
2960 2961 3179 3032 quidem
3208 2963 3471 3019 attributa

1874 3042 2050 3099 diram
2096 3046 2467 3118 suspicionem
2518 3048 2771 3104 criminis
2813 3052 3101 3106 relaxaret.
3165 3074 3183 3098 ε
3218 3053 3347 3107 Post
3375 3053 3472 3108 tri-

1872 3132 2067 3203 duum,
2096 3136 2297 3209 inquit,
2328 3138 2531 3194 Ninive
2557 3138 2753 3194 civitas
2786 3138 3153 3196 subvertetur.
3179 3166 3197 3188 ιι
3239 3142 3305 3197 Et
3327 3160 3470 3216 qua-

165 3239 285 3313 ipsa
317 3242 646 3312 percutitur.
675 3225 901 3301 iDeinde
942 3246 1028 3302 vis
1083 3261 1242 3303 nosse
1284 3252 1486 3319 quanta
1529 3246 1601 3303 sit
1625 3263 1759 3303 seve.

1885 3241 2011 3280 nam
2050 3225 2237 3282 futura
2273 3238 2389 3285 erat
2435 3228 2532 3285 illa
2576 3230 2883 3299 subversio,
2931 3247 3051 3304 qua
3080 3232 3349 3290 indicitur
3383 3251 3469 3307 pe-

165 3331 303 3387 ritas
346 3332 746 3391 conscientia?
785 3335 969 3393 Potest
1008 3335 1113 3393 tibi
1161 3336 1415 3394 conscius
1458 3353 1592 3393 auro
1633 3356 1765 3395 cor-

164 3419 375 3492 rumpi,
414 3428 592 3493 potest
620 3423 853 3494 pecunia
881 3424 1187 3494 comparari
1220 3440 1231 3478 :
1260 3425 1595 3482 conscientia
1620 3426 1764 3484 nihil

163 3507 540 3580 corruptionis
581 3510 847 3579 admittit,
897 3521 1081 3568 manet
1116 3512 1390 3583 integrum
1430 3512 1548 3584 ejus
1596 3514 1763 3570 testi-

164 3596 420 3652 monium
465 3605 583 3654 tota
628 3598 759 3656 ﬁdei
800 3599 1061 3656 ﬁrmitate
1104 3601 1389 3665 vallatum.
1421 3601 1567 3669 Quin
1596 3604 1760 3661 etiam

164 3686 429 3743 adversus
475 3689 759 3745 conscium
812 3689 1143 3746 conducitur
1170 3691 1559 3763 patrocinium,
1589 3702 1644 3749 et
1671 3694 1761 3749 de-

165 3776 436 3833 fensionis
464 3776 687 3849 ingenio
705 3786 1027 3848 argumenta
1051 3780 1306 3836 versutia
1336 3782 1758 3854 conquiruntur,

165 3873 219 3922 et
248 3865 552 3921 testimonii
593 3864 800 3922 veritas
830 3867 1059 3939 loquela
1088 3869 1427 3941 impudentis
1456 3870 1759 3928 calliditate

166 3953 502 4027 pervertitur
533 3970 545 4008 :
574 3952 749 4025 judex
779 3972 994 4029 quoque
1026 3957 1339 4028 redimitur,
1372 3967 1433 4015 ut
1462 3959 1590 4016 facti
1622 3976 1757 4033 qua-

168 4043 292 4100 litas
348 4052 660 4100 excusetur.
720 4045 931 4102 Vacant
978 4045 1095 4103 hac
1134 4049 1339 4117 omnia,
1390 4049 1485 4105 ubi
1534 4049 1761 4107 interest

165 4131 504 4189 conscientia
536 4149 547 4188 :
577 4141 630 4189 et
659 4149 784 4188 cum
815 4133 982 4190 homo
1007 4135 1125 4208 (11)
1158 4136 1447 4203 moriatur,
1479 4140 1757 4195 conscien-

168 4223 243 4279 tia
287 4229 433 4280 certe
484 4238 596 4279 non
645 4224 901 4290 moritur,
932 4241 1052 4298 qua
1107 4233 1229 4299 post
1258 4236 1486 4284 mortem
1514 4230 1758 4302 corporis

166 4310 224 4367 in
257 4311 444 4368 anima
484 4311 785 4385 judicatur.
835 4314 907 4369 Et
937 4325 1098 4387 putas
1142 4315 1396 4387 prodesse
1426 4317 1525 4373 tibi
1564 4325 1618 4373 te
1644 4335 1757 4376 non

165 4399 366 4457 habere
411 4402 719 4471 conscium,
770 4418 899 4458 cum
967 4403 1317 4460 conscientia
1369 4405 1753 4478 quotidianum

165 4489 371 4547 sentias
429 4499 862 4565 perpetuumque
898 4490 1224 4563 judicium?
1279 4495 1382 4551 Sed
1427 4497 1585 4568 plane
1628 4514 1753 4554 eum

166 4594 280 4635 non
306 4579 666 4635 comitabitur
694 4580 835 4635 ultio
865 4580 1076 4650 divina,
1107 4598 1269 4655 quem
1304 4584 1521 4655 propria
1543 4583 1752 4656 judica-

166 4666 310 4723 verit
356 4667 694 4725 conscientia
723 4686 736 4736 ;
772 4677 929 4726 vacet
976 4670 1123 4725 enim
1150 4670 1229 4726 ibi
1258 4686 1475 4728 necesse
1498 4682 1582 4729 est
1612 4682 1759 4746 pote-

166 4763 283 4813 stas
304 4755 532 4828 jndicis,
580 4756 676 4813 ubi
701 4758 955 4815 conscius
980 4758 1087 4815 sibi
1116 4775 1239 4815 reus
1268 4761 1556 4817 adversum
1580 4778 1637 4819 se
1666 4771 1759 4820 te-

166 4844 269 4902 stis
295 4853 349 4900 et
377 4854 659 4903 accusator
687 4848 981 4904 exstiterit.
1013 4848 1149 4904 Nam
1183 4851 1370 4921 procul
1396 4850 1566 4907 dubio
1593 4853 1757 4924 gemi-

167 4933 396 4991 nabitur
443 4951 606 4992 causa
664 4937 897 5008 peccati,
940 4937 986 4994 si
1052 4946 1351 4996 contumax
1421 4940 1759 4999 conscientia

165 5024 311 5081 facta
340 5039 440 5081 sua
467 5024 709 5082 noluerit
735 5025 985 5083 conﬁteri
1010 5044 1024 5095 ;
1059 5035 1193 5085 tunc
1213 5028 1357 5084 enim
1381 5045 1450 5085 ex
1478 5038 1757 5103 peccatore

245 5214 333 5289 (0)
362 5214 443 5289 Ita
460 5215 629 5289 Rem.
649 5213 844 5289 codex,
871 5231 933 5273 ac
962 5213 1091 5271 Gill.
1118 5212 1174 5289 in
1205 5228 1450 5285 corpore,
1484 5214 1590 5272 nisi
1610 5215 1756 5289 quod

168 5286 365 5367 scribit
413 5287 696 5367 loagavior
729 5305 741 5345 :
784 5286 1412 5367 idem_v_ero.in“marg.,
1442 5304 1599 5367 prmia
1626 5286 1758 5367 Elia-

168 5359 428 5430 turnitate
468 5357 772 5430 longaevam
801 5359 941 5430 quod
984 5357 1287 5430 lentitudine
1328 5357 1759 5430 moriendiasti-

172 5435 341 5502 maret
398 5428 610 5502 facinus
655 5428 985 5502 parricidii:
1037 5446 1199 5502 quam
1258 5429 1549 5502 lectionem
1596 5432 1752 5489 Rom.

171 5500 308 5558 edit.
338 5498 611 5573 amplexa,
643 5498 947 5557 extenuaret
975 5498 1155 5557 tamen
1176 5498 1435 5573 retinuit.

244 5572 362 5644 (10)
410 5572 540 5629 Mss.
576 5573 735 5630 Sorb.
784 5581 838 5629 et
867 5574 1022 5642 Gill.,
1046 5572 1293 5645 prodesse
1334 5572 1472 5627 testis
1502 5573 1756 5645 conscien-

172 5643 266 5700 tia.
300 5645 405 5717 Nec
426 5651 625 5699 rectum
651 5652 885 5717 superest
912 5663 925 5713 ;
959 5645 1018 5701 in
1045 5643 1213 5716 marg.
1260 5651 1461 5717 autem,
1490 5644 1754 5717 prodesse.

178 5716 341 5774 Testis
373 5717 687 5772 conscientia
712 5716 782 5771 iet
812 5723 971 5772 tecum
1001 5733 1199 5788 semper
1243 5721 1316 5770 est
1346 5733 1361 5778 ;
1394 5716 1550 5772 Rom.
1601 5716 1757 5785 edit.,

166 5788 416 5858 prodesse
460 5789 619 5844 testis.
672 5789 1002 5846 Conscientia
1044 5806 1167 5844 vero
1209 5792 1371 5843 tecum
1418 5803 1617 5858 semper
1663 5793 1755 5843 est.

448 5884 689 5944 Panos.
728 5885 906 5943 XVII.

1787 4626 1837 4684 D

1881 3315 2073 3371 rituris
2100 3317 2128 3371 ?
2156 3318 2275 3372 Non
2298 3318 2488 3391 utique
2518 3317 2773 3374 hostilem
2800 3319 3140 3390 signiﬁcabat
3162 3322 3466 3394 incursum,

1876 3420 1989 3459 non
2027 3421 2306 3461 armorum
2342 3408 2633 3478 strepitum
2677 3424 2778 3464 nec
2819 3409 3123 3481 clangorem
3168 3412 3467 3469 terribilem

1875 3491 2254 3563 buccinarum,
2303 3495 2503 3568 quibus
2542 3497 2769 3551 forsitan
2808 3505 3057 3569 poterant
3095 3499 3464 3557 resistentium

1874 3582 2097 3638 obviare
2126 3584 2393 3641 tutamina
2426 3586 2566 3657 (12),
2588 3596 2685 3643 aut
2714 3586 2918 3659 praliis
2948 3590 3307 3659 promulgatis
3333 3609 3466 3663 par-

1873 3671 2015 3728 tium
2043 3673 2279 3729 conferri
2312 3681 2612 3742 certamen,
2644 3684 2739 3731 aut
2778 3676 2918 3748 fuga
2960 3677 3232 3748 prasidiis
3261 3688 3463 3736 sortem

1872 3765 2137 3836 projicere
2192 3767 2540 3839 captivorum
2593 3786 2605 3824 :
2663 3768 2757 3823 sed
2812 3769 3017 3825 divina
3069 3769 3467 3841 indignationis

1871 3864 1926 3910 et
1975 3857 2234 3913 vindicta
2276 3859 2512 3914 cmlestis
2554 3859 2811 3915 interitus
2854 3860 3203 3933 pradicatur,
3240 3863 3329 3918 cui
3367 3880 3465 3935 pu-

1872 3944 2108 4000 niendus
2149 3962 2248 4002 nec
2289 3947 2416 4019 fuga
2458 3947 2804 4018 subducitur,
2848 3966 2949 4005 nec
2998 3949 3214 4007 bellicis
3250 3950 3463 4008 artibus

1871 4038 2199 4096 defendendi
2230 4059 2360 4098 cura
2390 4043 2568 4100 datur.
2604 4044 2739 4112 Quis
2765 4045 2913 4100 enim
2953 4055 3131 4119 posset
3162 4047 3462 4121 irrogatum

1870 4130 2104 4184 exitium
2138 4132 2436 4200 declinare,
2468 4134 2615 4206 quod
2644 4133 2906 4191 atherius
2945 4135 3127 4208 fragor
3164 4137 3463 4210 incipiebat

1869 4220 2147 4275 effundere
2175 4220 2202 4275 ?

1940 4308 2168 4366 CAPUT
2198 4307 2292 4365 VI.
2328 4338 2394 4350 —
2424 4310 2498 4365 At
2534 4325 2659 4367 ecce
2704 4310 2932 4367 miseros
2978 4329 3090 4368 non
3144 4312 3345 4371 deserit
3403 4313 3459 4369 in

1868 4412 2067 4468 pavore
2142 4397 2436 4453 consilium
2479 4442 2493 4467 ,
2582 4408 2636 4455 et
2723 4399 2939 4455 invenit
3012 4401 3315 4456 remedium
3390 4419 3459 4457 ex

1866 4486 2111 4558 periculo
2175 4486 2499 4559 desperatio.
2555 4488 2641 4543 Ad
2702 4506 2757 4545 se
2822 4489 2967 4560 ipsos
3004 4489 3292 4544 redeuntes
3332 4506 3457 4546 con-

1865 4576 2120 4631 scientias
2185 4592 2310 4632 suas
2376 4578 2495 4631 vice
2544 4576 2848 4647 judicantis
2905 4577 3261 4649 interrogant,
3321 4594 3458 4633 cur-

1866 4672 1997 4721 runt
2051 4666 2119 4721 ad
2176 4667 2648 4738 propugnaculum
2706 4666 3062 4737 poenitentia,
3124 4675 3177 4722 et
3233 4669 3465 4729 confes-,

1868 4756 2040 4812 sionis
2086 4764 2240 4813 scuto
2271 4756 2541 4829 opposito,
2590 4754 2870 4811 declinant
2916 4757 3189 4827 sagittam.
3241 4758 3359 4812 Itur
3387 4758 3455 4812 ab

1867 4846 2125 4903 omnibus
2189 4846 2246 4901 in
2312 4845 2652 4901 curationem
2718 4844 3019 4900 criminum
3085 4847 3452 4916 fatendorum,

1866 4943 1920 4991 et
1969 4937 2024 4991 in
2070 4934 2457 4992 satisfactionis
2504 4933 2746 4989 ofﬁcium
2786 4935 3034 5004 exposita
3082 4935 3244 4993 morti
3295 4938 3456 4994 turba

1864 5026 2159 5098 conspirat.
2196 5024 2455 5081 Indicunt
2501 5023 2607 5080 sibi
2648 5024 3015 5080 necessarium
3044 5026 3272 5098 perituri
3297 5024 3455 5099 jeju-

1865 5212 1967 5271 Sed
1996 5214 2177 5268 locum
2210 5212 2414 5284 optime
2447 5211 2685 5268 restituit
2713 5213 2863 5269 Rem.
2898 5214 3091 5270 codex.

1939 5286 2052 5357 (11)
2086 5284 2232 5357 Edit.
2257 5284 2412 5346 Gill..
2438 5285 2527 5357 ubi
2549 5286 2863 5357 conscientia
2894 5303 2905 5340 :
2937 5293 3115 5340 etcum
3136 5287 3303 5351 homo,
3322 5295 3452 5357 etc.;

1866 5358 1924 5413 in
1951 5355 2199 5427 margine
2228 5364 2407 5411 autem
2442 5355 2584 5427 idem
2617 5356 2874 5411 admonet
2903 5357 3078 5412 videri
3108 5359 3292 5413 deesse
3322 5355 3456 5415 ver-4

1864 5428 2018 5503 hum,
2050 5429 2391 5503 condemnat;
2427 5426 2585 5498 cujus
2616 5436 2816 5503 tamen_
2839 5429 2957 5484 loco
2992 5431 3147 5503 Rom.
3182 5430 3314 5486 edit.
3348 5447 3460 5503 po—

1866 5501 1977 5557 suit
2000 5501 2261 5555 vulnerat.
2304 5501 2412 5555 Nos
2440 5515 2602 5570 porro
2632 5499 2752 5555 cod.
2788 5501 2940 5556 Rem.
2971 5501 3142 5555 secuti
3171 5499 3382 5558 sumus.

1941 5571 2056 5643 (12)
2082 5571 2249 5649 _Edit.
2279 5572 2410 5627 Gill.
2444 5588 2507 5628 ac
2552 5572 2732 5649 Rom_.,
2774 5570 3235 5649 obviareagmiaa
3274 5590 3285 5629 :
3322 5573 3453 5649 Gill.

1866 5642 2047 5719 autem
2076 5645 2135 5699 in
2167 5660 2336 5719 marg.
2389 5659 2452 5701 ac
2500 5657 2628 5698 mss.
2677 5642 2829 5698 Rern.
2871 5650 2925 5697 et
2966 5642 3122 5699 Sorb.
3175 5642 3233 5700 in
3279 5642 3456 5719 corp.,

1866 5714 2079 5771 obviare
2103 5714 2379 5769 tutamina.

3109 5886 3176 5945 34
