3964 6370
504 367 642 426 1067

1527 367 1624 423 ΑΙ)
1662 365 1896 424 OPERA
1933 365 1989 426 S.
2032 365 2366 424 AMBROSII
2401 364 2783 424 APPENDIX.

3669 365 3808 422 1068

501 493 678 564 nium,
725 493 786 550 in
833 492 969 566 ipsis
1008 489 1332 565 corporibus
1358 490 1569 548 animas
1601 491 1933 549 humilitatis
1979 490 2089 548 ﬂa-
2116 493 2166 552 A
2195 489 2404 548 nudare
2443 498 2732 560 secretum,
2781 497 2836 547 et
2868 488 3112 545 facinora
3155 487 3384 562 prodere
3415 489 3809 558 conscientia,

500 582 642 658 gello
681 581 949 654 castigant
978 599 992 650 ;
1027 579 1272 636 induunt
1309 596 1410 653 pro
1437 587 1588 638 veste
1615 579 1888 649 cilicium,
1915 586 1970 636 et
1997 595 2098 652 pro

499 675 797 750 unguentis
824 673 1010 732 cinere
1055 689 1112 730 se
1157 682 1472 746 aspergunt,
1520 689 1584 730 ac
1631 672 1888 746 prostrati
1926 671 2100 728 humo

499 767 785 841 pulverem
812 762 1084 820 lambunt.
1106 763 1338 819 Mortem
1359 779 1514 819 suam
1536 761 1799 836 lacrym'is
1819 761 2098 833 funerant,

501 863 557 912 et
579 855 753 912 vitam
782 852 1174 928 plangimoniis
1215 861 1622 926 prosequuntur
1651 871 1663 909 :
1697 861 1906 909 reatum
1936 868 2099 908 suum

503 945 797 1020 gemitibus
841 943 1147 1017 publicant,
1196 948 1252 998 et
1293 949 1516 1000 actuum
1573 959 1800 999 suorum
1849 940 2100 1014 pandunt

503 1051 702 1094 arcana
745 1033 1008 1090 facinora.
1055 1029 1249 1087 Omnis
1295 1037 1428 1086 atas
1481 1037 1536 1086 et
1590 1047 1758 1088 sexus
1805 1029 2102 1086 indiscrete

503 1123 830 1197 lugubribus
857 1137 914 1178 se
932 1127 1082 1194 aptat
1106 1119 1302 1176 ofﬁciis
1333 1137 1345 1176 :
1381 1119 1662 1192 depositus
1685 1119 1868 1176 omnis
1895 1120 2100 1194 cultus,

504 1213 748 1286 dejectus
790 1219 1016 1267 ornatus
1063 1226 1076 1266 :
1127 1209 1222 1266 sed
1269 1209 1431 1282 plane
1477 1209 1588 1266 illa
1635 1209 1823 1266 sordes
1854 1207 2098 1281 corporis

505 1309 826 1361 ornamenta
854 1300 1079 1357 fuerunt
1124 1299 1480 1372 pmnitentia,
1521 1307 1575 1356 et
1605 1299 1786 1357 virtus
1824 1299 2100 1356 habitudi-

504 1391 594 1450 nis
621 1405 900 1448 summum
944 1389 1053 1446 fuit
1092 1387 1258 1446 decus
1295 1389 1676 1446 confessionis.
1722 1390 1926 1461 Negata
1953 1405 2102 1462 quo-

507 1496 612 1557 que
650 1485 779 1536 sunt
819 1477 953 1550 ipsis
989 1476 1252 1534 alimenta
1295 1477 1646 1547 lactentibus,
1695 1486 1748 1536 et
1794 1487 1926 1535 atas
1980 1495 2100 1536 nec-

507 1571 638 1629 dum
669 1568 908 1644 propriis
931 1567 1170 1641 peccatis
1196 1567 1400 1624 infecta
1419 1583 1584 1624 onera
1607 1569 1872 1626 sustinuit
1900 1569 2096 1626 aliena.

507 1659 706 1719 Cibum
750 1673 909 1713 suum
955 1664 1170 1712 mutum
1219 1672 1384 1730 pecus
1430 1655 1684 1724 esurivit,
1732 1665 1786 1712 et
1829 1656 2102 1713 naturalia

506 1749 706 1824 pabula
731 1747 957 1805 brutum
988 1745 1193 1803 animal
1221 1763 1333 1803 non
1351 1747 1580 1820 accepit.
1605 1747 1756 1804 Unus
1776 1747 2102 1804 audiebatur

505 1855 601 1913 per
629 1838 831 1896 moenia
856 1837 1104 1894 civitatis
1133 1835 1370 1910 ejulatus
1412 1836 1714 1910 disparium
1755 1845 2099 1906 naturarum,
2129 1863 2177 1924 B

507 1943 562 1992 et
591 1949 688 2008 per
715 1930 905 1989 omnia
931 1938 1077 1989 tecta
1105 1931 1260 1988 urbis
1288 1929 1497 1986 ﬂebilia
1534 1928 1862 1986 resonabant
1888 1929 2096 1985 lamen-

506 2031 563 2080 ta
594 2020 971 2095 plangentium
1003 2039 1018 2088 ;
1059 2028 1114 2077 et
1153 2027 1216 2076 ut
1253 2020 1422 2076 semel
1461 2019 1722 2088 dixerim,
1751 2025 1897 2075 terra
1926 2019 2098 2090 mugi-

507 2118 598 2170 tus
642 2111 1029 2170 conﬁtentium
1066 2109 1392 2180 sustinebat,
1427 2101 1522 2166 sed
1564 2119 1618 2168 et
1645 2119 1790 2168 astra
1818 2109 1937 2183 ipsa
1966 2126 2098 2166 voce

507 2200 846 2276 panitentia
893 2199 1279 2272 personabant.
1327 2199 1619 2272 Impletum
1653 2206 1735 2256 est
1779 2199 1928 2273 quod
1967 2199 2098 2256 scri-

509 2296 666 2363 ptum
692 2295 774 2346 est
804 2306 817 2344 :
865 2311 886 2337 α
911 2287 1098 2344 Oratio
1125 2287 1473 2344 bumiliantis
1501 2305 1558 2346 se
1584 2288 1758 2346 nubes
1791 2289 2100 2362 penetravit

511 2379 703 2454 (Eccli.
734 2394 912 2444 xxxv,
943 2377 1058 2450 21).
1089 2401 1109 2426 ι
1161 2377 1408 2452 Denique
1436 2377 1518 2436 sic
1555 2377 1796 2451 placavit
1823 2377 2097 2436 offensum

509 2471 705 2538 Deum,
735 2467 816 2525 sic
838 2465 1028 2524 mitem
1059 2465 1190 2524 fecit
1212 2466 1474 2539 rigidum,
1495 2467 1574 2525 sic
1593 2466 1851 2524 demulsit
1871 2467 2095 2538 iratum,

509 2567 563 2616 et
579 2573 898 2615 mucronem
916 2555 1148 2612 ultionis
1169 2555 1228 2612 in
1251 2554 1412 2614 theca
1430 2554 1745 2614 recondidit
1777 2575 1790 2614 :
1821 2557 1951 2630 quia
1970 2575 2096 2615 con-

508 2648 739 2707 scientia
791 2645 860 2705 de
923 2662 980 2704 se
1023 2644 1300 2719 judicium
1351 2645 1644 2718 judicavit.
1699 2645 1921 2719 Eripuit
1979 2665 2100 2706 reos

507 2754 683 2811 poena
731 2735 1024 2802 confessio,
1054 2743 1110 2792 et
1141 2735 1402 2793 vindicta
1427 2733 1542 2808 jam
1573 2735 1784 2793 deditos
1818 2737 2101 2809 poeniten-

509 2827 588 2884 tia
639 2827 864 2884 sibimet
915 2825 1242 2884 vindicavit.
1304 2827 1554 2884 Deletum
1609 2835 1691 2884 est
1734 2828 1922 2884 statim
1971 2845 2100 2886 con-

509 2917 878 2976 demnationis
913 2919 1152 2991 elogium
1187 2919 1446 2992 lacrymis
1483 2920 1888 2990 conﬁtentium,
1918 2929 1972 2978 et
2009 2921 2100 2978 ab-

509 3008 680 3066 solvit
723 3007 994 3064 obnoxios
1041 3023 1216 3079 pana
1258 3008 1573 3080 astipulatio
1614 3009 1861 3066 confessa
1901 3010 1969 3067 de
1997 3011 2100 3066 cri-

511 3095 678 3151 mine.
710 3094 869 3152 Vidit
917 3095 1042 3167 pius
1079 3096 1225 3152 Deus
1269 3097 1460 3153 tulisse
1501 3097 1561 3152 in
1605 3115 1661 3154 se
1687 3097 1959 3170 judicium
1991 3117 2099 3172 poe-

508 3183 766 3252 nitentes,
799 3190 854 3239 et
881 3191 1058 3241 errata
1089 3201 1202 3242 sua
1235 3186 1583 3244 conscientia
1623 3203 1686 3243 ea
1713 3189 2098 3260 astipulatione
2132 3227 2181 3290 Ο

509 3271 832 3329 damnantes
860 3274 1125 3330 continuo
1155 3273 1384 3330 donavit
1429 3277 1626 3345 venia,
1666 3293 1804 3350 quos
1847 3277 2099 3334 destina—

506 3369 664 3420 verat
709 3377 902 3434 pmna,
941 3370 997 3419 et
1041 3363 1194 3421 illico
1219 3364 1460 3437 pepercit
1489 3365 1729 3435 afﬂictis,
1770 3374 1832 3423 ut
1858 3367 2100 3438 exempti

508 3451 781 3524 supplicio
817 3452 971 3510 lucra
1022 3451 1217 3509 ﬁerent
1271 3455 1512 3526 pietatis.
1569 3454 1866 3512 Probatum
1904 3463 1985 3511 est
2025 3463 2100 3512 te-

509 3543 832 3600 stimonium
862 3542 1183 3617 prophetia,
1233 3543 1381 3618 quod
1426 3545 1487 3600 in
1523 3544 1898 3618 superioribus
1939 3545 2102 3618 paulo

507 3637 635 3687 ante
669 3630 1042 3704 disposuimus
1074 3649 1087 3688 :
1141 3655 1162 3679 ι
1201 3632 1318 3704 Ego
1358 3648 1482 3688 sum
1510 3633 1606 3707 qui
1652 3633 1808 3690 deleo
1841 3633 2099 3707 iniquita-

513 3728 599 3778 tes
625 3720 775 3791 tuas,’
800 3730 855 3779 et
890 3737 1004 3778 non
1031 3719 1438 3779 rememorabor
1468 3739 1480 3778 :
1513 3728 1577 3777 tu
1606 3729 1787 3778 autem
1817 3722 1933 3778 noli
1963 3721 2100 3778 obli-

507 3810 670 3880 visci,
713 3818 768 3867 et
805 3807 1139 3882 judicemur.
1178 3811 1282 3868 Dic
1327 3819 1412 3881 tu,
1455 3810 1658 3884 inquit,
1714 3811 1866 3884 prior
1900 3811 2105 3886 iniqui-

507 3907 647 3958 tates
660 3907 802 3969 tuas,
823 3897 1374 3974 utjustiﬁcerisUsa.
1400 3917 1558 3970 me,
1590 3900 1778 3974 25,26)
1813 3917 1828 3968 ;
1859 3925 1878 3949 ι
1923 3908 1978 3957 et
2004 3901 2102 3958 ite-

509 4006 633 4047 rum
665 4007 678 4046 :
721 4012 742 4038 ι
770 3987 908 4048 Cum
937 3976 1234 4046 conversus
1274 3990 1448 4048 fueris
1488 3999 1543 4047 et
1583 3991 1938 4063 ingemueris,
1969 3997 2104 4048 tunc

507 4077 808 4135 salvaberis
837 4077 972 4150 (Isa.
1009 4093 1152 4146 xxx,
1182 4079 1272 4152 15)
1308 4097 1323 4148 ;
1355 4105 1374 4128 ι
1417 4087 1472 4136 et
1521 4079 1722 4136 iterum
1755 4096 1768 4134 :
1817 4103 1836 4127 ι
1865 4080 2102 4138 Conver-

507 4165 698 4222 timini
739 4165 808 4222 ad
849 4165 1148 4222 Dominum
1187 4168 1362 4224 Deum
1404 4175 1652 4224 vestrum
1695 4185 1708 4236 ;
1760 4168 1890 4242 quia
1943 4168 2101 4224 mise-

509 4255 682 4312 ricors
739 4261 794 4310 et
847 4253 972 4326 pius
1028 4263 1130 4324 est,
1184 4257 1398 4327 patiens
1450 4263 1503 4313 et
1555 4257 1744 4314 multa
1796 4257 2106 4314 misericor.

507 4343 636 4412 dia,
691 4350 746 4400 et
794 4343 888 4416 qui
937 4345 1234 4402 sententias
1285 4345 1467 4404 ﬂectat
1513 4345 1805 4402 adversum
1863 4345 2103 4404 malitias

509 4433 773 4504 irrogatas
805 4431 962 4505 (Joel.
1011 4449 1073 4502 II,
1116 4433 1204 4504 i2,
1247 4434 1358 4507 l3}.
1389 4460 1408 4484 ι
1455 4435 1611 4492 Unde
1655 4443 1710 4492 et
1753 4435 2104 4494 beatissimus

507 4520 734 4580 David:
789 4543 809 4569 ‹
855 4521 1166 4592 Peccatum,
1217 4522 1422 4597 inquit,
1469 4540 1653 4582 meum
1703 4540 1802 4598 ego
1848 4523 2008 4595 scivi,
2048 4533 2103 4582 et

507 4609 858 4683 iniquitatem
897 4625 1073 4667 meam
1119 4589 1234 4668 non
1268 4589 1550 4684 cooperui.
1601 4589 1764 4676 594v
1786 4613 1940 4682 Dixi,
1973 4589 2098 4672 con-
2134 4589 2182 4647 D

509 4704 707 4763 ﬁtebor
729 4705 1019 4765 adversum
1047 4724 1136 4766 me
1165 4708 1496 4782 injustitiam
1547 4727 1726 4767 meam
1754 4711 2012 4781 Domino,
2047 4720 2102 4768 et

507 4799 574 4850 tu
613 4795 876 4854 remisisti
916 4795 1266 4871 iniquitatem
1313 4799 1523 4872 peccati
1571 4798 1680 4857 mei
1729 4801 1906 4875 (Psal.
1937 4817 2098 4868 xxxi,

508 4883 568 4958 ὕ)
611 4903 626 4954 ;
667 4909 688 4934 ι
746 4893 801 4942 et
845 4885 1046 4944 iterum
1085 4904 1097 4944 :
1157 4911 1178 4938 ‹
1215 4888 1356 4957 Quia
1391 4887 1743 4962 iniquitatem
1790 4905 1966 4946 meam
2003 4905 2102 4961 ego

509 4971 644 5044 scio,
665 4981 723 5030 et
745 4983 1026 5046 peccatum
1053 4974 1240 5033 ‘meum
1267 4995 1451 5035 coram
1473 4995 1560 5036 me
1581 4987 1662 5038 est
1691 4996 1903 5053 semper
1925 4981 2097 5052 (Psal.

508 5077 562 5132 1.,
592 5062 674 5134 5).
708 5087 727 5112 ι
770 5063 941 5120 Vides
971 5081 1098 5138 ergo
1127 5067 1453 5140 quotidiano
1481 5067 1541 5124 in
1584 5085 1642 5124 se
1688 5069 1934 5142 peccanti
1966 5086 2104 5142 opus

509 5163 626 5207 esse
648 5147 886 5224 judicio,
938 5170 1048 5228 quo
1093 5171 1219 5212 cum
1259 5155 1502 5212 nudatur
1541 5159 1896 5228 conscientia,
1929 5157 2104 5232 operi-

511 5245 602 5296 tur
619 5239 736 5314 (13)
761 5259 776 5309 ;
809 5249 863 5298 et
881 5257 1007 5301 cum
1028 5244 1364 5318 publicatur,
1382 5247 1648 5318 operitur.
1669 5249 1742 5304 Et
1762 5248 1891 5305 licet
1908 5257 2103 5306 notum

510 5327 585 5385 sit
619 5331 734 5389 Deo
775 5349 939 5391 omne
985 5335 1133 5409 quod
1179 5335 1442 5408 gerimus,
1488 5353 1591 5395 nec
1633 5339 1940 5395 occultetur
1982 5355 2103 5396 sen-

512 5417 664 5478 sibus
691 5419 830 5494 ejus,
859 5427 1154 5500 antequam
1185 5424 1283 5484 ﬁat
1309 5442 1325 5494 ;
1356 5426 1573 5484 mavult
1598 5434 1782 5485 tamen
1809 5427 1994 5486 cordis
2017 5428 2102 5485 tui

587 5631 705 5718 (13)
750 5638 832 5721 ita
875 5639 1050 5721 codex
1081 5643 1235 5721 Rem.
1270 5660 1284 5712 ;
1317 5641 1449 5700 edit.
1491 5659 1626 5721 vero
1655 5645 1810 5721 Gill._,
1855 5661 1958 5718 quo
1986 5663 2104 5704 cum

513 5713 824 5766 conscientia
853 5713 1092 5782 operitur
1121 5733 1136 5784 ;
1168 5715 1228 5772 in
1255 5731 1450 5788 marg,
1482 5715 1624 5774 forte
1649 5713 1892 5790 aperitur
1923 5734 1938 5785 ;
1981 5735 2103 5792 qua

2207 587 2269 636 ut
2315 580 2669 653 indulgentia
2697 597 2808 638 sua
2836 579 2981 636 dono
3004 577 3216 652 operiat
3249 579 3616 651 turpitudinis
3642 581 3806 638 nudi-

2207 680 2396 729 tatem.
2463 673 2750 742 Quomodo
2792 673 2916 728 vult
2953 671 3250 745 spoliatum
3301 670 3466 728 venia
3512 671 3804 730 dimittere

2207 762 2559 820 conﬁtentem
2586 763 2615 819 ?
2651 765 2731 819 De
2773 762 2977 818 talibus
3019 761 3290 834 PrOpheta
3334 759 3690 819 beatissimus
3719 779 3807 820 ce-

2207 851 2347 908 cinit
2367 851 2556 908 dicens
2583 869 2597 907 :
2645 874 2664 898 ι
2695 850 2847 908 Beati
2890 866 3126 923 quorum
3154 850 3396 906 remissa
3424 858 3558 908 sunt
3595 851 3806 926 iniqui-

2208 947 2367 1009 tates,
2393 949 2452 998 et
2465 957 2700 1014 quorum
2727 948 2869 998 tecta
2896 949 3027 998 sunt
3047 947 3266 1013 peccata
3291 941 3474 1010 (Psal.
3504 943 3790 1014 xxx1,i).a

2208 1029 2530 1102 Quanquam
2601 1030 2708 1087 hoc
2755 1029 3066 1087 evidentius
3144 1029 3382 1102 pertinet
3433 1029 3504 1086 ad
3559 1037 3808 1100 renatos,

2209 1134 2443 1191 quorum
2482 1125 2537 1176 et
2575 1117 2896 1192 iniquitates
2935 1126 2988 1174 et
3019 1117 3254 1174 crimina
3296 1117 3572 1190 baptismo
3622 1119 3810 1192 operi-

2209 1215 2381 1264 untur
2432 1215 2486 1264 et
2544 1215 2846 1278 teguntur;
2905 1206 3124 1264 ﬁdelem
3177 1207 3326 1263 enim
3382 1208 3560 1265 venia
3615 1209 3809 1266 locum

2208 1304 2358 1354 tenet
2403 1313 2514 1353 non
2546 1297 2718 1354 infida
2760 1297 3054 1366 confessio,
3084 1303 3140 1353 et
3167 1297 3226 1354 in
3266 1304 3388 1353 tuto
3415 1305 3496 1354 est
3523 1296 3810 1370 paenitens

2209 1386 2564 1456 conscientia,
2601 1386 2648 1442 si
2697 1385 3054 1459 indulgentia
3103 1387 3482 1444 remissionem
3526 1403 3643 1444 non
3705 1386 3811 1444 du-

2209 1477 2364 1535 bitet.

2281 1565 2508 1623 CAPUT
2537 1567 2657 1625 VII.
2707 1597 2778 1608 —
2805 1567 2880 1624 At
2907 1585 2937 1624 e
2963 1567 3240 1626 contrario
3279 1568 3518 1641 peccatis
3543 1569 3812 1628 cumulus

2207 1653 2460 1728 erigitur,
2503 1655 2551 1712 si
2595 1655 2743 1729 quod
2788 1657 3122 1726 admittitur,
3175 1657 3234 1714 id
3261 1667 3490 1731 negatur
3523 1674 3534 1713 :
3569 1659 3718 1732 quod
3749 1659 3811 1716 in

2207 1740 2352 1800 facto
2397 1742 2534 1801 Cain
2579 1761 2744 1818 supra
2785 1749 3232 1819 memoravimus,
3281 1749 3375 1822 qui
3423 1749 3555 1807 dum
3587 1751 3813 1824 putavit

2207 1831 2437 1890 Auctori
2461 1851 2562 1890 suo
2607 1834 2822 1892 facinus
2872 1835 3159 1910 abnegare,
3187 1855 3246 1896 se
3274 1839 3454 1913 ipsum
3485 1857 3660 1914 paena
3690 1859 3811 1899 non

2206 1931 2288 1979 est
2333 1922 2593 1980 remissus
2643 1923 2886 1982 eximere
2921 1943 2936 1996 ;
2978 1934 3041 1982 ut
3087 1928 3425 1986 conscientia
3453 1929 3509 1986 in
3552 1930 3687 1988 facti
3715 1931 3810 1988 sui

2204 2013 2492 2070 atrocitate
2529 2013 2815 2088 publicum
2859 2015 3149 2076 frustraret
3183 2027 3238 2076 et
3264 2035 3333 2076 ex
3371 2019 3665 2092 negatione
3690 2019 3809 2077 fru-

2207 2113 2356 2160 ctum
2403 2104 2760 2178 pmnitentia.
2808 2105 3023 2180 Negans
3055 2108 3205 2166 enim
3233 2117 3314 2166 est
3342 2109 3656 2181 convictus,
3689 2128 3808 2170 non

2206 2209 2276 2248 ex
2319 2194 2605 2250 voluntate
2656 2195 2960 2264 confessus,
3017 2205 3072 2253 et
3125 2198 3322 2270 punita
3368 2206 3449 2256 est
3490 2199 3550 2256 in
3599 2201 3809 2259 scelere

2205 2281 2568 2351 contumacia,
2609 2282 2739 2356 quia
2805 2283 3298 2358 interrogationem
3347 2305 3460 2344 non
3510 2289 3807 2349 subsecuta

2206 2381 2288 2430 est
2335 2373 2603 2430 conﬁtens
2652 2375 2994 2446 panitentia.
3045 2377 3204 2434 Libet
3250 2379 3422 2452 igitur
3463 2380 3804 2454 pedetentim

2206 2461 2300 2520 hic
2345 2462 2498 2519 illius
2526 2462 2786 2520 vindictae
2815 2465 3224 2538 septemplicem
3256 2471 3468 2540 aperire
3503 2471 3806 2540 rationem,

2205 2561 2259 2609 et
2307 2567 2557 2625 quanam
2604 2569 2762 2610 causa
2815 2554 3055 2627 coegerit
3099 2563 3213 2612 tam
3259 2557 3456 2614 duram
3487 2564 3807 2619 coacervari

2207 2642 2555 2708 sententiam,
2575 2642 2850 2700 evidentis
2879 2645 2960 2701 rei
2995 2645 3324 2718 probatione
3354 2658 3702 2720 monstrare;
3739 2669 3810 2709 ne

2207 2730 2532 2788 enormitate
2578 2731 2838 2788 vindicta
2867 2741 3046 2806 pateat
3077 2734 3143 2791 ad
3173 2735 3544 2808 suspicionem
3586 2739 3810 2812 injusti-

2207 2821 2298 2878 tia
2328 2820 2420 2877 via
2464 2821 2756 2878 calumnia
2781 2839 2794 2878 :
2839 2839 3153 2898 quanquam
3181 2826 3314 2882 novi
3347 2827 3569 2884 sceleris
3598 2830 3815 2886 inven-

2205 2917 2326 2966 tum
2376 2909 2674 2966 vehemens
2718 2910 2913 2968 debeat
2961 2913 3214 2970 comitari
3262 2916 3618 2989 supplicium,
3656 2919 3816 2992 quod

2208 2998 2548 3071 longioribus
2571 3007 2710 3054 esset
2737 3000 2968 3072 posteris
2996 3001 3053 3056 in
3083 3005 3418 3076 exemplum.
3457 3005 3620 3062 Errat
3657 3007 3814 3064 enim

2208 3087 2300 3160 qui
2331 3095 2484 3160 putat
2512 3104 2624 3144 uno
2652 3089 2823 3144 teneri
2847 3088 3080 3146 crimine
3111 3091 3468 3163 parricidam,
3499 3111 3625 3153 cum
3659 3095 3809 3168 ejus-

2209 3175 2360 3232 modi
2405 3177 2625 3236 sceleris
2671 3178 2990 3236 testimonio
3035 3183 3341 3254 constipata
3367 3183 3480 3240 sint
3509 3187 3702 3242 omnia
3728 3187 3812 3244 fa-

2209 3265 2398 3323 cinora
2433 3282 2445 3322 :
2497 3267 2662 3324 audio
2705 3267 2854 3325 enim
2897 3271 3196 3326 Dominum
3235 3272 3440 3331 dixisse
3475 3291 3486 3330 :
3547 3299 3567 3323 ι
3595 3275 3814 3350 Diliges

2208 3365 2504 3421 Dominum
2536 3368 2710 3422 Deum
2740 3375 2897 3424 tuum
2923 3385 2992 3424 ex
3024 3377 3141 3426 toto
3169 3371 3332 3428 corde
3360 3380 3478 3442 tuo,
3509 3381 3562 3430 et
3590 3391 3661 3430 ex
3687 3384 3812 3433 tota

2210 3453 2416 3510 virtute
2441 3461 2534 3510 tua
2569 3470 2580 3509 :
2613 3462 2668 3510 et
2695 3455 2890 3529 diliges
2928 3458 3244 3530 proximum
3275 3468 3436 3518 tuum
3470 3469 3738 3536 tanquam
3755 3473 3812 3521 te

2210 3541 2388 3616 ipsum
2424 3542 2636 3614 (Matth.
2667 3561 2808 3614 xxn,
2841 3545 2930 3616 37,
2959 3547 3050 3621 39)
3077 3565 3090 3616 ;
3123 3573 3142 3597 ι
3185 3551 3331 3608 unde
3371 3551 3431 3608 in
3459 3551 3549 3608 his
3577 3552 3810 3612 duobus

2210 3630 2483 3688 mandatis
2524 3639 2640 3690 tota
2680 3633 2772 3690 lex
2819 3635 3018 3707 pendet
3046 3647 3100 3695 et
3137 3640 3436 3712 propheta.
3490 3641 3628 3700 Cum
3661 3659 3804 3717 ergo

2209 3720 2424 3780 duobus
2465 3723 2552 3782 his
2578 3726 2862 3800 praeceptis
2906 3728 3138 3801 pendeat
3167 3747 3330 3788 omne
3359 3732 3507 3806 quod
3535 3734 3671 3806 legis
3700 3745 3811 3806 est,

2213 3809 2536 3886 videamque
2565 3812 2700 3871 Cain
2730 3831 2831 3872 nec
2861 3817 3036 3873 Deum
3065 3817 3344 3889 dilexisse,
3377 3821 3534 3894 cujus
3553 3822 3810 3894 primum

2211 3899 2472 3958 fabricam
2495 3902 2726 3960 violavit
2753 3921 2766 3960 :
2800 3913 2854 3962 et
2881 3921 3200 3976 germanum
3221 3909 3574 3968 vehementer
3599 3912 3812 3984 odisse,

2211 4007 2373 4064 quem
2402 3992 2668 4050 instinctu
2687 3993 2987 4066 impietatis
3009 3997 3250 4054 occidit:
3275 4011 3498 4072 apparet
3516 4002 3685 4060 illum
3713 4006 3812 4064 ad-

2209 4079 2360 4137 hunc
2391 4097 2594 4137 munus
2619 4081 2848 4138 solvisse
2864 4083 3142 4154 vindicta,
3169 4085 3227 4141 in
3253 4085 3411 4159 cujus
3431 4089 3576 4146 facto
3605 4103 3817 4152 cuncta

2211 4169 2573 4225 inveniuntur
2615 4169 2849 4226 crimina
2878 4173 3192 4231 convenire.
3224 4175 3298 4232 Et
3326 4174 3453 4248 jure
3485 4178 3546 4234 in
3575 4179 3681 4238 illo
3711 4201 3812 4240 ex-

2211 4267 2390 4315 ertum
2441 4258 2758 4331 septiforme
2803 4259 3158 4333 supplicium,
3189 4261 3248 4318 in
3282 4280 3390 4336 quo
3433 4267 3699 4328 universa
3731 4281 3813 4330 te-

2210 4345 2413 4402 nebant
2449 4347 2650 4404 scelera
2696 4347 3086 4421 principatum.
3125 4351 3199 4408 Et
3243 4359 3428 4410 tamen
3475 4358 3804 4427 specialiter

2211 4443 2416 4510 septem
2445 4436 2506 4492 in
2534 4436 2632 4492 illo
2673 4435 3022 4508 deprehendo
3069 4438 3296 4512 ﬂagitia,
3326 4441 3528 4514 quibus
3561 4445 3806 4519 singulis

2211 4526 2427 4599 singula
2453 4533 2582 4582 sunt
2609 4525 2866 4600 deputata
2893 4534 3209 4598 tormenta;
3239 4531 3480 4604 primum
3510 4535 3660 4592 enim
3691 4539 3804 4596 cri-

2211 4631 2335 4672 men
2371 4623 2472 4686 est,
2519 4615 2648 4690 quia
2675 4632 2788 4672 non
2833 4626 2978 4674 recte
3007 4618 3202 4675 divisit
3233 4637 3248 4688 ;
3302 4619 3408 4678 hoc
3435 4629 3537 4692 est,
3571 4623 3640 4680 de
3671 4626 3804 4698 pri-

2209 4707 2421 4764 mitivis
2463 4716 2621 4764 terra
2667 4706 2940 4764 fructibus
2971 4709 3150 4781 primo
3195 4712 3459 4781 comedit,
3493 4722 3796 4790 antequam

2209 4797 2410 4854 obtulit
2441 4815 2454 4854 :
2485 4798 2786 4855 secundum
2821 4805 2922 4867 est,
2970 4798 3100 4871 quia
3127 4817 3254 4858 cum
3282 4803 3528 4860 muneris
3573 4805 3662 4862 sui
3701 4807 3804 4865 di-

2209 4902 2376 4959 gnum
2418 4885 2698 4943 videretur
2737 4886 3007 4960 accepisse
3043 4889 3356 4961 repudium,
3413 4901 3801 4954 contumacem

2208 4976 2460 5049 concepit
2487 4977 2741 5050 spiritum
2771 4995 2784 5046 ;
2813 4989 2868 5034 et
2913 4995 3040 5035 cum
3070 4981 3224 5036 nulla
3256 4980 3469 5054 reiecta
3498 4984 3804 5048 oblationis

2208 5067 2368 5138 culpa
2413 5065 2491 5139 pii
2539 5065 2726 5123 fratris
2765 5067 3072 5134 exsisteret,
3113 5069 3266 5142 quasi
3298 5070 3704 5134 vindicandum
3743 5095 3803 5135 se

2209 5155 2482 5211 infaustus
2525 5155 2762 5212 credidit
2809 5155 2876 5212 de
2921 5159 3182 5227 Auctore,
3211 5159 3260 5216 si
3301 5176 3401 5233 pro
3430 5159 3539 5220 hoc
3566 5164 3798 5226 fratrem

2208 5246 2321 5303 Deo
2349 5245 2635 5318 probatum
2685 5247 2964 5304 videretur
2991 5247 3238 5306 occidere
3265 5267 3279 5306 :
3332 5253 3559 5310 tertium
3589 5257 3801 5316 crimen

2209 5345 2309 5408 est,
2339 5338 2489 5412 quod
2525 5339 2750 5396 invidia
2780 5340 2906 5396 felle
2951 5341 3232 5411 suffectus,
3263 5351 3316 5400 et
3359 5345 3554 5423 livoris
3585 5350 3800 5407 amari-

2208 5427 2402 5484 tudine
2449 5435 2770 5498 venenatus,
2817 5429 3333 5491 innocentissimum
3355 5435 3564 5492 zelavit
3597 5444 3798 5497 trucu~

2208 5646 2524 5719 conjectura
2586 5645 2844 5719 inQRom.
2892 5643 3032 5719 edit.
3086 5655 3302 5709 textum
3349 5653 3588 5714 admissa
3643 5657 3790 5716 fuit;

2208 5716 2360 5778 abest
2394 5726 2576 5777 autem
2605 5717 2767 5776 etiam
2797 5719 2866 5776 ab
2885 5716 2984 5780 illa
3008 5726 3070 5783 τὸ
3097 5726 3354 5785 nudatur.
