3964 6426
124 420 263 479 1069

1233 422 1329 480 DE
1365 421 1829 481 POENITENTIA
1865 423 2075 481 LIBER
2113 424 2312 481 UNUS.

3285 423 3422 484 1070

122 551 271 607 lenta
306 549 659 607 animositate
700 564 1060 622 germanum:
1118 557 1375 627 quartum
1420 558 1521 620 est,
1571 553 1719 625 quod
1748 554 1797 614 A
1832 551 2031 608 fabulae
2062 552 2282 609 eliceret
2311 552 2379 608 de
2406 550 2683 608 nesciente
2704 549 2996 623 judicium.
3027 552 3131 610 Sed
3159 554 3255 611 ubi
3285 573 3421 628 pro-

118 638 247 695 dolo
275 638 478 695 fefellit
507 638 978 696 obsecundantem
1016 638 1145 707 sibi,
1193 648 1258 696 ut
1299 641 1504 713 pariter
1536 641 1720 698 comi—

123 736 370 784 tarentur
396 728 454 784 in
486 745 766 801 campum,
816 745 926 803 quo
961 727 1145 801 justus
1174 728 1424 785 initiaret
1459 730 1562 787 sub
1600 731 1721 788 ovis

118 818 477 890 simplicitate
508 819 859 891 martyrium,
905 819 1204 891 parricidio
1234 828 1437 876 terram
1468 821 1721 876 macula-

118 915 201 963 ret
245 906 529 979 injustas:
578 908 836 981 quintum
865 916 967 976 est,
1021 908 1169 982 quod
1208 909 1433 965 fratrem
1479 909 1723 966 nefarius

118 995 466 1054 crudelitatis
493 1007 686 1055 auctor
713 997 920 1054 occidit
944 1017 958 1067 ;
993 1005 1237 1068 sextum,
1269 999 1415 1071 quod
1444 1016 1571 1056 cum
1596 1016 1723 1056 sce-

118 1086 206 1144 lus
232 1088 539 1161 perﬁceret,
589 1088 815 1161 insuper
843 1096 898 1145 et
936 1088 1178 1162 negavit,
1222 1096 1276 1144 et
1302 1089 1518 1161 putavit
1546 1090 1720 1145 Deum

116 1176 358 1249 alicujus
398 1178 531 1236 facti
566 1178 842 1251 ignarum,
890 1194 1055 1252 quem
1094 1177 1443 1235 conscientia
1480 1195 1591 1235 suae
1626 1196 1723 1236 se-

117 1274 331 1323 cretum
376 1269 636 1325 multasse
679 1277 1057 1341 persenserat;
1110 1285 1236 1325 cum
1284 1278 1601 1341 competens
1642 1287 1723 1326 re-

116 1356 339 1414 tulisset
377 1359 437 1414 in
468 1357 769 1415 oblationis
805 1374 919 1415 suae
951 1358 1336 1430 reprobatione
1383 1359 1717 1431 repudium:

117 1445 417 1518 septimum
465 1447 678 1504 crimen
704 1456 806 1517 est,
867 1448 1015 1522 quod
1057 1456 1179 1521 post
1219 1457 1453 1506 mortem
1508 1466 1566 1505 se
1611 1465 1722 1505 non

119 1536 363 1593 credidit
416 1537 669 1609 proditus
697 1582 713 1608 ,
799 1537 1100 1611 parricidio
1161 1539 1347 1612 puniri
1380 1583 1395 1608 ,
1470 1555 1598 1596 cum
1653 1538 1722 1595 ob

120 1624 411 1681 infamiam
440 1626 693 1683 criminis
724 1626 992 1699 publicati
1014 1626 1082 1684 ad
1102 1644 1339 1700 praesens
1368 1636 1588 1701 tempus
1606 1644 1723 1684 esse

119 1715 425 1786 postulavit
460 1715 661 1773 occidi.
714 1715 911 1773 Merito
956 1731 1086 1788 ergo
1129 1717 1188 1772 in
1232 1716 1366 1775 Cain
1407 1717 1720 1789 septuplum

120 1802 470 1861 vindicatum
495 1812 597 1873 est,
629 1805 687 1860 in
719 1820 829 1877 quo
863 1804 1095 1862 totidem
1126 1812 1429 1879 praerogata
1453 1812 1586 1861 sunt
1612 1813 1720 1861 tor-

1829 648 1994 721 pheta
2026 649 2173 720 quod
2201 656 2581 722 proposuerat,
2609 649 2897 722 explicuit,
2929 651 3035 708 fert
3061 652 3156 707 ille
3185 667 3421 707 commo-

1832 744 1918 792 tus
1946 738 2346 809 indesignatam
2397 740 2453 794 in
2481 757 2538 795 se
2585 740 2687 795 sub
2719 741 2951 796 veritate
2997 740 3340 808 sententiam,
3371 747 3425 795 et

1830 828 2164 900 disceptator
2213 829 2440 900 ignarus
2486 831 2543 886 in
2593 847 2649 887 se
2693 832 2871 904 ipsum
2924 833 3100 889 exerit
3134 833 3423 888 ultionem.

1830 917 1998 972 Porro
2028 917 2119 973 ubi
2153 929 2467 990 prmventus
2495 920 2770 993 cognitor,
2789 924 3014 993 proprio
3043 938 3100 978 se
3130 922 3271 978 vidit
3297 937 3429 993 per-

1831 1006 2027 1077 stringi
2073 1012 2216 1069 595
2258 1006 2495 1078 iudicio,
2539 1017 2595 1064 et
2636 1026 2788 1065 reum
2839 1026 2894 1065 se
2937 1011 3041 1067 sibi
3086 1011 3431 1067 examinator

1825 1102 2165 1175 justissimus
2221 1109 2572 1179 approbavit,
2632 1129 2730 1167 nec
2774 1128 2993 1184 pmnam
3034 1112 3205 1169 sensit
3256 1112 3430 1167 vitare

1831 1210 1987 1265 posse
2010 1193 2232 1266 judicii,
2266 1199 2324 1253 in
2356 1216 2465 1273 quo
2491 1200 2667 1272 judex
2697 1202 2811 1274 ipse
2841 1203 3191 1259 detinebatur
3228 1201 3432 1259 condi-

1830 1284 1984 1341 tione
2013 1285 2255 1344 damnati
2278 1306 2291 1356 ;
2316 1290 2513 1363 arripit
2534 1292 2960 1350 saluberrimum
2990 1294 3047 1349 in
3076 1301 3227 1350 tanta
3244 1309 3428 1349 rerum

1835 1376 2160 1432 necessitate
2187 1380 2484 1436 consilium
2515 1399 2527 1436 :
2562 1390 2613 1438 et
2644 1399 2770 1439 cum
2800 1400 2912 1440 non
2948 1392 3129 1456 posset
3161 1384 3227 1439 ad
3251 1382 3430 1454 justi-—

1831 1463 1964 1518 tiam
1988 1463 2189 1535 judicii
2222 1483 2541 1538 provocare,
2564 1471 2816 1543 confugit
2845 1472 2913 1528 ad
2942 1471 3293 1528 secretarium
3325 1485 3430 1541 poe-

1832 1552 2103 1608 nitentiae.
2128 1553 2416 1612 Peccatum
2439 1574 2598 1613 suum
2630 1560 2909 1631 proditum
2942 1561 3125 1628 scivit,
3155 1568 3209 1617 et
3234 1559 3432 1632 iniqui-

1832 1648 2001 1698 tatem
2032 1659 2187 1698 suam
2240 1645 2398 1700 nulla
2431 1646 2737 1718 negationis
2773 1648 2919 1704 nube
2947 1648 3197 1705 contexit
3233 1666 3245 1703 :
3287 1647 3435 1703 dixit

1830 1731 2121 1789 adversum
2162 1750 2220 1789 se
2244 1735 2498 1806 protinus
2536 1738 2936 1807 testimonium,
2968 1746 3024 1794 et
3049 1755 3183 1796 voce
3211 1738 3434 1795 confes-

1831 1821 2007 1877 sionis
2042 1823 2260 1892 emissa,
2308 1826 2493 1881 statim
2533 1826 2762 1898 adeptus
2804 1836 2887 1884 est
2925 1828 3143 1884 veniam
3173 1836 3435 1900 peccato-

118 1899 334 1961 menta,
366 1902 500 1965 quot
537 1893 793 1950 crimina.
818 1893 921 1952 Cui
950 1900 1116 1950 tanta:
1138 1893 1361 1952 inﬂicta
1381 1903 1510 1951 sunt
1529 1895 1720 1967 plagae,

1833 1928 1957 1970 rum
1985 1930 1998 1968 :
2047 1937 2066 1960 ι
2095 1913 2326 1970 Peccavi
2355 1915 2527 1982 enim,
2574 1893 2758 1990 inquit
2785 1919 2899 1987 hic,
2929 1893 3289 1991 Domino-(II
3306 1921 3430 1990 Reg.

117 1988 346 2055 quantas
375 1991 736 2040 numerantur
763 1991 817 2039 et
843 1998 1022 2039 causa;
1047 2001 1063 2051 ;
1112 1989 1177 2038 ut
1204 2000 1305 2040 nec
1325 1982 1547 2055 justitia
1591 1999 1721 2039 mo-

114 2070 255 2127 dum
304 2069 538 2126 ultionis
578 2070 888 2137 excederet,
935 2085 1038 2127 nec
1082 2087 1376 2129 numerum
1423 2072 1722 2130 criminum

112 2158 370 2216 vindicta
397 2166 713 2231 competens
739 2158 1062 2232 praeteriret.
1092 2159 1248 2228 Quod
1282 2160 1491 2218 idcirco
1520 2160 1721 2218 iterum

113 2247 302 2321 posui,
329 2263 400 2303 ne
427 2247 720 2304 insinuata
757 2247 1123 2321 expositionis
1152 2249 1457 2322 praeteriret
1486 2250 1719 2307 occasio.

190 2355 426 2413 CAPUT
459 2356 605 2413 VIII.
636 2386 708 2399 —
733 2358 954 2415 Iamdiu
986 2375 1074 2415 me
1102 2360 1134 2415 ὁ,
1161 2362 1443 2432 proposito
1471 2361 1721 2418 inchoati

115 2443 304 2518 operis
329 2444 509 2501 sentio
535 2444 805 2515 deviasse,
864 2454 919 2502 et
960 2447 1021 2502 in
1048 2448 1213 2504 aliam
1259 2448 1551 2506 detorsisse
1587 2466 1725 2524 par-

115 2545 230 2593 tem
258 2552 481 2594 cursum
530 2537 764 2593 celerem
807 2538 1107 2595 dictionis:
1158 2539 1253 2596 sed
1305 2540 1484 2598 facilis
1534 2549 1615 2596 est
1655 2539 1724 2595 ad

118 2627 328 2686 omissa
354 2630 618 2700 recursio,
669 2637 723 2686 et
764 2630 877 2688 cito
916 2630 1184 2703 repetitur
1212 2639 1413 2688 trames
1435 2632 1723 2688 declinatus

117 2719 388 2788 materiae,
438 2736 565 2776 cum
605 2736 637 2775 a
675 2718 881 2776 ﬁnibus
909 2719 1028 2791 ejus
1056 2720 1355 2791 interjectaa
1384 2720 1734 2795 probationis.

119 2823 238 2864 non
267 2807 543 2871 exorbitat
574 2817 981 2881 argumentum.
1044 2832 1064 2857 ι
1111 2810 1402 2866 Peccatum
1432 2825 1580 2881 ergo,
1626 2809 1724 2864 in-

118 2897 264 2969 quit,
293 2913 479 2952 meum
511 2897 674 2965 scivi,
713 2906 766 2953 et
790 2897 1138 2970 iniquitatem
1171 2913 1347 2953 meam
1376 2915 1489 2953 non
1518 2914 1724 2970 coope-

116 2985 232 3042 rui.
264 2986 418 3054 Dixi,
438 2985 746 3042 conﬁtebor
773 2986 1065 3042 adversum
1087 3003 1174 3043 me
1194 2986 1522 3059 injustitiam
1545 3003 1723 3043 meam

118 3076 387 3145 Domino,
438 3083 493 3131 et
537 3083 598 3131 tu
647 3075 911 3132 remisisti
959 3075 1305 3150 iniquitatem
1355 3076 1563 3149 peccati
1614 3076 1722 3131 mei

118 3168 297 3240 (Psal.
329 3184 494 3237 χχχι,
525 3167 623 3239 5);
667 3192 687 3215 ι
757 3173 811 3223 et
843 3166 1042 3221 iterum
1074 3185 1087 3223 :
1156 3191 1174 3214 ι
1205 3167 1347 3235 Quia
1372 3167 1722 3241 iniquitatem

1831 2001 2084 2074 xn,13).-
2103 2002 2281 2059 Atille
2302 2004 2570 2077 propheta
2590 2022 2703 2062 non
2724 2006 3055 2079 interposuit
3072 2008 3436 2064 absolutionis

1832 2105 2034 2159 moras,
2064 2108 2176 2148 non
2204 2093 2458 2150 effectum
2489 2094 2709 2151 distulit
2736 2096 3053 2153 remittendi
3080 2115 3091 2152 :
3126 2105 3347 2168 repente
3373 2105 3438 2152 ut

1832 2179 2219 2237 manifestatus
2245 2200 2372 2239 reus
2390 2185 2795 2241 confessionem
2823 2184 2999 2250 dedit,
3037 2184 3436 2256 indulgentiam

1833 2269 2130 2327 criminum
2154 2288 2226 2327 ex
2250 2274 2347 2328 Dei
2368 2275 2655 2331 voluntate
2673 2274 3034 2347 deprompsit,
3049 2274 3265 2331 dicens:
3292 2298 3312 2322 ι
3333 2277 3436 2332 Do-

1834 2359 2021 2415 minus
2043 2360 2273 2416 abstulit
2289 2370 2575 2437 peccatum
2592 2371 2748 2420 tuum
2774 2364 2989 2435 (Ibid).
3006 2388 3025 2411 ν
3042 2365 3333 2437 Impletum
3357 2372 3440 2421 est

1833 2445 1995 2513 illud,
2027 2449 2174 2521 quod
2205 2449 2264 2505 in
2301 2452 2511 2523 psalmo
2540 2452 2783 2507 cantavit
2812 2451 3000 2507 dicens
3035 2469 3047 2507 :
3096 2475 3115 2499 ε
3149 2453 3436 2508 Peccatum

1833 2553 2018 2593 meum
2065 2539 2229 2608 scivi,
2278 2548 2332 2596 et
2381 2540 2729 2613 iniquitatem
2779 2558 2954 2598 meam
3002 2558 3112 2597 non
3153 2539 3432 2613 cooperui.

1832 2626 1984 2693 Dixi,
2022 2628 2326 2684 conﬁtebor
2352 2628 2648 2686 adversum
2678 2646 2765 2686 me
2791 2629 3073 2701 injustiam
3107 2647 3281 2686 meam
3314 2633 3436 2686 Do—

1835 2714 2010 2781 mino,
2042 2724 2097 2771 et
2128 2724 2188 2772 tu
2216 2717 2478 2773 remisisti
2506 2718 2856 2790 iniquitatem
2889 2719 3097 2790 peccati
3125 2720 3231 2775 mei
3257 2720 3431 2790 (Psal.

1834 2819 1995 2871 xxxi,
2023 2804 2107 2875 5).
2144 2829 2164 2855 ι

1906 2892 2137 2949 CAPUT
2161 2895 2260 2950 IX.
2279 2926 2350 2937 —
2372 2896 2542 2953 Aliud
2570 2912 2788 2970 quoque
2815 2895 2875 2952 in
2903 2904 3092 2953 sancto
3120 2897 3297 2953 David
3326 2915 3434 2969 pce-

1834 2980 2085 3038 nitentize
2141 2985 2450 3055 aperiamus
2479 2987 2834 3057 exemplum;
2886 2986 2962 3042 ita
3006 2986 3156 3042 enim
3203 3002 3302 3041 rex
3342 2986 3435 3042 hic

1834 3069 2083 3141 egregius
2128 3072 2257 3127 vitae
2300 3070 2590 3129 imitabilis
2636 3073 2893 3130 instituto
2933 3074 3075 3147 (14),
3126 3075 3335 3130 divinis
3378 3091 3435 3131 se

1835 3158 2079 3215 cultibus
2103 3158 2255 3216 ﬁdeli
2286 3161 2515 3218 servitio
2544 3162 2951 3235 mancipaverat
2975 3181 2989 3227 ;
3012 3172 3075 3219 ut
3102 3164 3437 3236 relinqueret

114 3273 301 3313 meam
332 3273 433 3330 ego
460 3257 602 3324 scio,
647 3265 701 3313 et
748 3263 1035 3329 peccatum
1067 3273 1250 3313 meum
1280 3273 1465 3314 coram
1504 3272 1592 3312 me
1639 3263 1725 3312 est
1761 3279 1805 3340 Ο
1839 3245 2001 3303 nobis
2022 3264 2247 3303 suorum
2272 3265 2489 3306 morum
2511 3267 2624 3307 non
2643 3253 2914 3324 exempla,
2939 3252 3034 3307 sed
3054 3262 3430 3308 monumenta.

115 3361 340 3417 semper
372 3346 546 3417 (Psal.
572 3363 625 3413 1.,
647 3346 731 3416 5).
754 3369 774 3395 ι
802 3345 921 3402 Hoc
948 3362 1061 3401 non
1089 3346 1267 3402 solum
1298 3346 1483 3402 verbis
1509 3346 1719 3416 docuit,

116 3435 218 3492 sed
248 3441 306 3490 et
333 3433 496 3491 factis
526 3434 819 3506 implevit;
846 3434 978 3506 quia
1006 3451 1118 3491 non
1143 3434 1348 3491 suﬂicit
1372 3434 1439 3490 ad
1470 3451 1723 3509 consum-

116 3524 426 3580 mationem
466 3523 749 3595 sapientiae
775 3523 1041 3597 spiritalis
1080 3524 1262 3579 verbis
1291 3524 1548 3596 praeferre
1597 3523 1724 3579 vir-

115 3622 323 3684 tutem,
370 3615 479 3671 nisi
508 3614 763 3671 doctrina
789 3621 1018 3670 ornetur
1046 3632 1116 3672 ex
1144 3615 1343 3682 rebus;
1400 3621 1535 3670 tunc
1574 3614 1722 3670 enim

115 3703 350 3761 demum
380 3704 646 3760 tribuitur
681 3711 998 3776 competens
1042 3704 1344 3761 auctoritas
1382 3703 1720 3775 magisterio,

116 3794 166 3852 si
198 3793 426 3867 proprio
465 3794 731 3850 innititur
757 3794 1033 3863 exemplo.
1080 3793 1329 3867 Denique
1359 3792 1634 3849 Dominus
1662 3792 1722 3848 in

116 3881 466 3955 Evangelio:
532 3905 551 3929 ε
581 3880 689 3948 Qui
720 3880 933 3951 fecerit,
978 3881 1185 3955 inquit,
1237 3888 1291 3937 et
1329 3881 1411 3938 sic
1445 3881 1720 3949 docuerit,

117 3970 402 4026 maximus
451 3968 744 4025 vocabitur
786 3968 846 4025 in
885 3985 1054 4043 regno
1095 3970 1364 4027 cmlorum
1414 3968 1627 4040 (Matth.
1661 3986 1718 4038 v,

121 4061 245 4133 19);
276 4085 298 4110 ι
337 4067 399 4115 ut
418 4066 472 4115 et
497 4058 644 4116 facto
658 4058 911 4115 doctrina
931 4058 1202 4127 ﬁrmetur,
1221 4066 1276 4115 et
1296 4059 1568 4115 factorum
1585 4057 1722 4115 ﬁdes

118 4166 191 4208 ex
220 4149 479 4208 doctrina
505 4147 740 4219 accipiat
768 4146 1169 4204 testimonium.
1194 4148 1460 4222 Alioquin
1485 4165 1596 4205 non
1617 4149 1722 4206 erit

118 4240 276 4298 nixis
300 4238 516 4294 viribus
544 4236 772 4293 fundata
798 4236 1073 4306 doctrina,
1103 4252 1224 4310 quae
1254 4237 1549 4294 verborum
1575 4237 1723 4310 pha—

118 4329 255 4386 leris
294 4326 468 4400 gloria
495 4323 721 4381 virtutis
763 4323 1051 4393 abutitur;
1100 4326 1208 4382 erit
1251 4326 1400 4383 enim
1447 4327 1720 4384 facundiae

119 4418 371 4490 locuples
401 4414 611 4488 lingua,
654 4430 767 4470 non
798 4413 903 4469 erit
931 4414 1095 4487 plena
1120 4416 1302 4487 operis
1332 4416 1552 4472 divitiis
1578 4434 1722 4473 con-

118 4504 376 4573 scientia,
420 4513 476 4561 et
524 4503 839 4577 privabitur
873 4502 1073 4559 merito
1113 4519 1235 4569 suo,
1288 4505 1382 4577 qui
1429 4504 1719 4578 privilegio

119 4595 330 4651 fruitur
347 4584 861 4651 alieno.Videam1is
893 4608 1022 4665 ergo
1053 4592 1187 4665 quid
1218 4594 1463 4665 gesserit,
1497 4593 1591 4667 qui
1614 4595 1720 4651 ista

117 4683 386 4742 cantavit.
416 4682 538 4738 Uno
566 4681 738 4753 igitur
770 4688 1014 4752 tempore
1043 4680 1154 4736 duo
1184 4682 1298 4754 regi
1329 4690 1549 4754 peccata
1576 4683 1718 4739 sub-

120 4780 428 4847 repserant,
470 4779 526 4828 et
550 4772 854 4844 pellexerat
888 4770 1195 4843 principem
1226 4770 1285 4827 in
1313 4772 1577 4829 facinoris
1601 4790 1717 4846 per-

119 4862 489 4936 petrationem
522 4861 679 4933 regni
707 4860 965 4928 licentia;
1011 4876 1140 4916 cum
1168 4860 1316 4916 enim
1348 4862 1471 4917 vult
1496 4861 1719 4918 adulte-

123 4953 273 5010 rium
295 4949 597 5022 cooperire,
649 4949 861 5007 crimen
891 4948 1096 5005 indicit
1121 4948 1432 5007 homicidii.
1484 4951 1719 5008 Perfecit

120 5050 307 5099 tamen
338 5048 636 5112 utrumque
666 5054 781 5094 non
806 5037 1076 5093 violentia
1102 5038 1238 5110 regii
1262 5039 1585 5108 stemmatis,
1617 5056 1719 5096 nec

121 5131 430 5190 ambitione
458 5129 777 5202 potestatis;
833 5128 963 5202 quia
1002 5128 1132 5185 licet
1166 5128 1234 5185 de
1264 5129 1458 5187 incesti
1496 5130 1720 5187 licentia

122 5220 479 5279 descenderet
504 5218 868 5285 adulterium,
906 5226 1093 5274 tamen
1134 5233 1248 5274 non
1287 5234 1358 5274 ex
1386 5218 1515 5275 odio
1543 5218 1720 5278 fuerat

1749 4645 1795 4703 D

121 5307 495 5367 homicidium
531 5313 926 5380 perpetratum.
976 5306 1215 5363 Mittitur
1250 5324 1377 5379 ergo
1414 5324 1446 5364 a
1482 5308 1718 5364 Domino
1750 5303 1757 5309 ’

123 5396 416 5471 propheta,
465 5396 561 5469 qui
591 5395 738 5469 apud
768 5412 898 5452 eum
927 5411 1121 5452 causas
1146 5394 1405 5452 adulterii
1432 5403 1486 5452 et
1513 5397 1717 5453 caedem

126 5493 407 5560 peroraret
437 5484 627 5555 occisi,
677 5492 733 5542 et
771 5483 874 5542 sub
903 5484 1141 5558 quodam
1181 5485 1364 5543 colore
1400 5486 1718 5559 compositae

200 5712 320 5787 (14)
361 5713 515 5770 Edit.
547 5721 602 5770 et
626 5711 785 5787 Sorb.
817 5728 945 5787 ms.,
974 5711 1094 5767 vita:
1120 5710 1396 5771 imitabilis
1422 5709 1719 5776 institutor;

132 5783 332 5843 melius
362 5787 518 5842 Rem.
551 5784 702 5852 cod.,
732 5792 795 5840 ut
822 5783 881 5839 in
910 5790 1086 5840 textu.

1838 3335 2043 3394 Contra
2063 3337 2419 3409 interdictum
2437 3356 2674 3412 namque
2697 3341 2962 3413 populum
2984 3342 3260 3397 numerari
3283 3358 3434 3397 man-

1833 3424 2079 3496 daverat,
2108 3435 2163 3483 et
2190 3429 2443 3485 voluerat
2476 3446 2637 3486 nosse
2661 3429 2849 3487 cuncti
2894 3432 3169 3487 exercitus
3203 3432 3431 3504 quanti-

1834 3521 2024 3572 tatem.
2056 3515 2502 3573 Obsecundatum
2523 3526 2603 3573 est
2624 3519 2899 3577 voluntati
2921 3521 3110 3592 regali,
3148 3529 3201 3577 et
3230 3538 3432 3578 renuno

1832 3603 1969 3661 tiata
1996 3612 2077 3660 est
2102 3604 2272 3662 totius
2300 3607 2537 3679 agminis
2568 3608 2917 3666 dinumerata
2956 3610 3229 3678 collectio,
3269 3619 3430 3683 atque

1833 3693 2044 3766 inclyte
2074 3696 2241 3766 coepit
2268 3697 2429 3765 scire,
2466 3697 2613 3770 quod
2643 3700 2835 3756 nocuit
2868 3719 2879 3755 :
2926 3699 3245 3756 felicitatem
3276 3717 3430 3757 suam

1831 3784 2191 3856 popularibus
2214 3786 2418 3842 extulit
2440 3787 2813 3856 incrementis,
2833 3795 2886 3844 et
2908 3789 3057 3845 lucra
3079 3789 3433 3861 multiplicati

1831 3873 2106 3928 exercitus
2148 3872 2295 3929 inter
2323 3875 2650 3947 principalia
2679 3876 2876 3948 gaudia
2919 3877 3252 3934 numeravit.
3302 3879 3431 3933 Mox

1831 3959 1900 4017 ad
1929 3977 2053 4016 eum
2078 3963 2221 4017 alius
2240 3963 2508 4035 propheta
2535 3964 2814 4037 dirigitur,
2847 3973 2901 4021 et
2926 3982 3036 4022 non
3068 3968 3139 4034 ei,
3162 3976 3223 4023 ut
3250 3967 3430 4039 primo

1830 4058 2012 4105 actum
2042 4057 2145 4118 est,
2177 4051 2455 4107 subtiliter
2479 4052 2688 4124 peccati
2717 4070 2881 4110 causa
2907 4054 3303 4126 praetenditur:
3335 4055 3430 4111 sed

1825 4136 1940 4211 jam
1971 4156 2070 4211 pro
2097 4140 2242 4197 facto
2277 4141 2605 4212 proponitur
2633 4144 2865 4214 poenalis
2895 4145 3090 4200 electio
3123 4146 3273 4217 (15):
3313 4170 3331 4193 ε
3360 4147 3433 4202 Et

1829 4229 2035 4285 factum
2076 4238 2157 4286 est
2186 4231 2415 4287 verbum
2445 4233 2668 4288 Domini
2698 4233 2765 4289 ad
2803 4234 2921 4291 Gad
2960 4235 3304 4307 prophetam,
3335 4236 3432 4291 di-

1829 4336 1959 4378 cens
1990 4338 2003 4377 :
2035 4320 2189 4379 Vade
2218 4321 2287 4377 ad
2315 4322 2516 4389 David,
2547 4331 2601 4380 et
2626 4325 2879 4397 loquere:
2907 4326 3036 4382 Haec
3065 4325 3202 4382 dicit
3231 4326 3432 4382 Domi-

1830 4428 1956 4477 nus,
1985 4410 2093 4467 tria
2121 4427 2220 4483 ego
2240 4413 2379 4468 tollo
2407 4413 2466 4467 in
2495 4420 2568 4480 te,
2600 4414 2737 4486 elige
2770 4414 2870 4471 tibi
2898 4431 3072 4471 unum
3101 4432 3170 4470 ex
3199 4414 3353 4486 ipsis,
3376 4422 3430 4470 et

1828 4501 2023 4558 faciam
2059 4501 2184 4557 tibi.
2218 4503 2288 4558 Et
2316 4503 2471 4558 venit
2497 4503 2612 4559 Gad
2643 4504 2713 4559 ad
2741 4504 2941 4573 David,
2970 4514 3023 4560 et
3051 4505 3330 4560 nuntiavit
3353 4505 3424 4573 ei,

1827 4590 2018 4647 dicens
2044 4609 2054 4646 :
2090 4591 2245 4663 Elige
2274 4591 2377 4648 tibi
2405 4592 2539 4664 quid
2568 4592 2685 4647 ﬁeri
2719 4592 2859 4649 velis
2886 4608 2915 4647 e
2961 4592 3162 4660 tribus,
3204 4592 3321 4647 sive
3349 4592 3425 4646 fa-

1825 4695 1970 4735 mem
2009 4679 2253 4737 triennio
2298 4696 2463 4753 super
2502 4690 2722 4746 terram,
2771 4688 2865 4738 aut
2918 4680 3096 4736 tribus
3149 4680 3427 4736 mensibus

1828 4768 2013 4841 fugere
2044 4778 2096 4825 te
2125 4786 2156 4824 a
2181 4769 2321 4827 facie
2353 4769 2706 4827 inimicorum
2738 4777 2982 4837 tuorum,
3010 4777 3072 4824 ut
3099 4768 3205 4841 ipsi
3235 4785 3427 4841 perse-

1828 4867 2068 4930 quantur
2098 4865 2174 4927 te,
2205 4867 2301 4915 aut
2329 4858 2507 4915 tribus
2534 4857 2729 4913 diebus
2754 4857 2874 4913 ﬁeri
2893 4867 3127 4914 mortem
3160 4858 3219 4913 in
3249 4866 3421 4927 terra;

1828 4955 1882 5004 et
1910 4965 2060 5006 nunc
2086 4949 2228 5006 scito
2259 4956 2312 5004 et
2352 4948 2478 5004 vide
2506 4948 2642 5021 quid
2681 4947 3036 5019 respondeam
3067 4949 3116 5003 ei
3146 4948 3243 5020 qui
3273 4947 3426 5004 misit

1827 5037 1895 5093 ad
1924 5045 1979 5093 te
2013 5037 2243 5094 verbum
2276 5038 2367 5109 (II
2388 5039 2514 5108 Reg.
2537 5054 2696 5106 xxxv,
2721 5037 2929 5108 11-13).
2952 5062 2970 5085 ι
3005 5038 3268 5104 Quasnam
3297 5053 3424 5107 ergo

1827 5134 1907 5183 est
1936 5143 2085 5183 nunc
2112 5127 2169 5181 in
2198 5126 2384 5183 animo
2414 5126 2534 5198 ejus
2560 5136 2774 5184 versata
2801 5143 2980 5200 pugna
2997 5127 3216 5183 consilii
3237 5127 3264 5182 ?
3293 5126 3424 5193 Quae

1826 5218 2179 5287 cogitationis
2211 5217 2319 5273 fuit
2345 5216 2403 5274 in
2430 5218 2698 5274 electione
2733 5218 3016 5275 turbatio?
3055 5218 3197 5274 Hinc
3225 5216 3424 5272 inimi-

1827 5323 2023 5363 corum
2053 5314 2262 5375 metus,.
2285 5306 2418 5364 hinc
2448 5308 2610 5365 famis
2643 5308 2890 5374 vastitas,
2921 5307 3049 5364 inde
3073 5307 3278 5364 divina:
3307 5306 3425 5361 ani-

1827 5396 2232 5452 madversionis
2288 5398 2445 5470 plaga
2488 5398 2744 5454 terrebat.
2801 5396 2953 5453 Nihil
3004 5396 3200 5452 horum
3253 5394 3425 5451 vellet

1827 5485 2094 5556 incidere,
2139 5484 2233 5543 sed
2263 5486 2469 5543 offensa
2504 5502 2617 5543 non
2644 5494 2856 5559 poterat
2896 5484 3073 5541 inulta
3121 5499 3420 5540 remanere.

1900 5711 2018 5783 (15)
2051 5708 2237 5768 Codex
2258 5710 2414 5768 Rom.
2437 5717 2488 5766 et
2515 5707 2692 5777 Sorb.,
2721 5707 2946 5781 punitur
2965 5707 3194 5781 pmnalis
3213 5708 3421 5774 electio;

1828 5783 2027 5839 melius
2058 5783 2216 5851 edit.,
2253 5786 2596 5854 proponitur,
2625 5788 2729 5838 etc.
