3964 6392
556 403 688 460 1071

1555 402 1650 458 ΑΙ)
1690 401 1923 460 OPERA
1961 401 2016 458 S.
2056 400 2387 460 AMBROSII
2426 401 2802 458 APPENDIX.

3711 399 3864 457 107i

550 529 697 583 Inter
725 525 870 596 ipsas
901 530 1118 580 tantum
1162 523 1447 581 electionis
1486 527 1786 596 angustias,
1833 542 1956 582 cum
1989 527 2138 582 utri-
2171 529 2219 588 A
2245 534 2450 600 quanto
2484 534 2826 599 peccatorum
2856 525 3086 582 sarcinis
3128 541 3184 581 es
3221 532 3512 593 oneratus;
3563 534 3626 582 nt
3678 527 3848 600 quod

545 632 719 690 usque
745 614 980 688 periculi
1012 615 1310 671 vallaretur
1349 615 1604 685 articulo,
1655 616 2010 688 precedentis
2049 633 2136 671 ve-

546 706 654 763 niae
683 704 878 761 doctus
898 705 1172 777 exemplo,
1195 704 1376 762 acrius
1404 705 1558 777 eligit
1581 705 1637 760 in
1660 704 1777 777 ipsa
1797 705 2138 762 volutatione

547 795 882 869 supplicium
914 795 1057 867 (17),
1087 802 1139 850 et
1166 794 1401 851 contulit
1433 811 1488 850 se
1510 793 1579 850 ad
1602 794 1862 867 majorem
1896 810 2136 866 poenam,

547 897 610 945 ut
639 893 823 959 posset
850 901 1144 958 provocare
1173 885 1540 942 clementiam.
1567 884 1794 941 Lenitur
1813 885 1959 940 enim
1992 885 2140 957 rigor

543 976 796 1051 justitite,
844 993 970 1033 cum
1015 975 1083 1032 de
1114 974 1464 1031 miseratione
1512 975 1881 1046 praesumitur,
1913 982 1968 1030 et
1995 973 2138 1047 apud

549 1067 1040 1128 clementissimum
1065 1065 1312 1138 judicem
1347 1065 1525 1138 prima
1568 1064 1786 1136 pietatis
1827 1081 1990 1122 causa
2017 1072 2140 1120 tra-

549 1167 759 1226 ctatur;
779 1156 874 1230 qui
902 1155 1051 1212 enim
1073 1163 1251 1211 errata
1273 1153 1665 1212 conﬁtentibus
1688 1153 1875 1224 donat,
1898 1155 2138 1228 pervica-

548 1265 640 1306 ces
682 1263 793 1304 non
822 1245 891 1302 de
930 1245 1218 1300 voluntate
1261 1245 1608 1302 condemnat.
1659 1246 1729 1300 Et
1756 1246 1878 1302 ideo
1909 1263 2006 1302 rex
2038 1246 2139 1302 iste

548 1337 782 1395 devotus
811 1351 937 1392 cum
966 1333 1381 1392 deliberationis
1410 1334 1640 1394 ﬂuctuat
1665 1342 2006 1407 tempestate,
2029 1352 2139 1391 non

549 1425 764 1484 dimisit
799 1423 1096 1480 anchoram
1145 1425 1520 1496 pmnitentiae;
1564 1433 1618 1482 et
1657 1425 1799 1481 ﬁdus
1829 1424 1895 1480 de
1941 1424 2140 1496 pietate

549 1513 826 1582 terrentis,
850 1511 1282 1586 magnitudinem
1312 1530 1423 1569 non
1443 1516 1843 1586 contemplatus
1869 1525 1951 1573 est
1976 1516 2139 1574 ultio-

549 1603 638 1660 nis
670 1622 684 1660 :
745 1626 764 1652 σ
793 1603 862 1657 Et
891 1601 1055 1669 dixit,
1101 1600 1303 1674 inquit,
1351 1603 1529 1659 David
1561 1603 1629 1659 ad
1659 1603 1774 1661 Gad
1804 1624 1815 1661 :
1859 1605 2140 1678 Angustiae

550 1691 688 1748 mihi
721 1691 880 1748 valde
907 1690 966 1746 in
997 1690 1068 1746 iis
1095 1689 1292 1759 tribus,
1342 1690 1438 1748 sed
1470 1693 1665 1750 melius
1715 1694 1856 1750 mihi
1899 1695 2141 1752 incidere

547 1783 606 1839 in
664 1798 860 1838 manus
899 1780 1163 1849 Domini;
1213 1781 1342 1854 quia
1397 1798 1590 1854 magna
1633 1792 1715 1840 est
1767 1785 2143 1850 misericordia

2246 630 2342 686 per
2367 613 2665 671 amicitiam
2699 629 2808 669 non
2835 629 2892 669 es
2917 611 3118 686 dignus
3145 611 3383 686 exigere,
3424 630 3520 686 per
3543 615 3857 687 impuden-

2247 703 2379 758 tiam
2408 703 2588 758 valeas
2615 701 2879 758 obtinere.
2910 700 3084 757 Audis
3107 700 3256 758 enim
3287 702 3345 758 in
3378 702 3690 776 Evangelia
3717 706 3859 762 Do-

2248 791 2460 846 minum
2481 791 2686 848 dixisse
2697 791 2846 864 quia,
2867 815 2885 840 ‹
2905 790 2994 847 cui
3011 789 3273 862 pusillum
3299 791 3626 862 dimittitur,
3649 793 3856 851 minus

2247 878 2431 951 diligit
2459 881 2611 951 (Luc.
2650 897 2750 949 vn,
2779 880 2894 952 47).
2920 905 2938 929 ι
2970 879 3181 936 Deinde
3210 879 3442 952 impium
3476 882 3614 939 facis
3632 884 3855 954 Deum,

2247 969 2292 1024 si
2327 976 2485 1040 putas
2513 985 2638 1025 eum
2670 968 2956 1041 repudiare
2986 985 3333 1039 conversum,
3360 981 3414 1028 et
3440 973 3701 1031 affectum
3733 991 3860 1031 ne-

2247 1073 2370 1130 gare
2400 1058 2649 1114 redeunti
2673 1059 2810 1130 (18),
2838 1076 2870 1115 a
2899 1075 3006 1132 quo
3035 1061 3174 1117 scias
3203 1061 3446 1134 perditos
3466 1062 3670 1121 affectu
3692 1082 3858 1122 com-

2249 1146 2616 1205 miserationis
2646 1147 2872 1222 inquiri.
2906 1149 3022 1207 Hoc
3048 1151 3344 1224 Apostolus
3377 1153 3572 1226 probat
3601 1153 3808 1212 dicens
3841 1174 3856 1213 :

2251 1256 2279 1289 ‹‹
2311 1237 2382 1292 Et
2408 1237 2454 1293 si
2484 1254 2586 1294 nos
2612 1237 2861 1296 inﬁdeles
2888 1241 3286 1310 exstiterimus,
3309 1243 3422 1314 ipse
3450 1242 3632 1300 ﬁdelis
3663 1260 3862 1317 perse-

2248 1325 2480 1396 verabit,
2513 1343 2706 1400 negare
2737 1345 2793 1385 se
2822 1327 3002 1402 ipsum
3032 1345 3143 1386 non
3171 1340 3350 1402 potest
3371 1331 3461 1403 (II
3489 1333 3624 1390 Tim.
3661 1351 3726 1403 ιι,
3756 1335 3856 1406 12,

2251 1415 2364 1487 13).
2387 1441 2405 1464 ι
2433 1416 2518 1472 An
2550 1418 2726 1474 neseis
2742 1419 2934 1475 novies
2962 1427 3230 1477 tentatum
3253 1422 3311 1477 in
3333 1437 3514 1478 eremo
3535 1423 3858 1480 Dominum

2248 1502 2527 1561 distulisse
2563 1505 2891 1576 vindictam,
2919 1523 3020 1565 nec
3037 1509 3155 1581 ipsa
3173 1509 3386 1567 decima
3404 1513 3734 1570 tentationis
3767 1514 3860 1569 vi-

2249 1609 2308 1650 ce
2335 1593 2593 1650 damnare
2620 1596 2862 1668 potuisse
2893 1597 3179 1668 duritiam,
3205 1599 3251 1655 si
3283 1601 3574 1673 praeteritis
3598 1603 3721 1675 (19)
3749 1620 3859 1660 no-

2249 1699 2373 1740 vem
2393 1685 2592 1758 culpis,
2612 1686 2810 1758 egisset
2829 1688 3064 1761 populus
3083 1689 3484 1761 paenitentiam,
3513 1690 3634 1764 ipso
3655 1691 3858 1750 dicen.

2250 1780 2332 1829 te:
2369 1774 2545 1830 «Ecce
2567 1773 2682 1846 jam
2715 1775 2896 1833 decies
2923 1778 3253 1834 exacerbant
3282 1795 3368 1834 me
3398 1779 3457 1834 in
3483 1779 3706 1837 deserto
3737 1781 3858 1839 hoc

547 1870 664 1942 ejus
683 1868 864 1938 valde,
886 1884 1048 1942 quam
1081 1868 1139 1924 in
1170 1883 1366 1924 manus
1391 1867 1681 1926 hominum
1712 1871 1952 1929 incidam
1977 1873 2138 1946 (Ibid.
2172 1889 2218 1950 Β
2251 1862 2436 1933 (Nam.
2468 1880 2586 1932 XIV,
2622 1863 2714 1938 27)
2734 1865 2762 1922 Ῠ
2786 1890 2804 1913 ³
2867 1866 3008 1939 L880
3037 1867 3239 1924 librum
3266 1867 3544 1938 Iudicum,
3591 1876 3647 1925 et
3674 1870 3858 1927 inve-

548 1959 662 2031 14).
694 1982 712 2007 ι
755 1957 1017 2031 Sequitur
1045 1956 1199 2014 illico
1245 1957 1492 2015 vindicta
1536 1977 1862 2017 consensum
1897 1963 2038 2036 (17),
2088 1971 2142 2019 et

547 2049 870 2106 electionem
918 2045 1242 2120 placabilem
1285 2047 1568 2120 placabilis
1610 2067 1770 2123 poma
1796 2053 2134 2109 comitatur:

545 2138 610 2196 ﬁt
655 2145 860 2210 strages
905 2135 1196 2194 innumera
1247 2146 1677 2210 peremptorum,
1737 2150 1790 2198 et
1841 2141 2138 2199 multitudo

547 2228 738 2303 pepuli
766 2226 1013 2300 angelica
1051 2228 1403 2300 percussione
1434 2237 1723 2287 mactatur.
1751 2231 2141 2289 Percutiuntur

544 2316 889 2390 septuaginta
916 2315 1096 2372 millia
1123 2315 1190 2371 de
1220 2317 1489 2385 exercitu,
1529 2325 1583 2374 et
1610 2318 1858 2375 acerbius
1888 2336 2138 2394 perurge-

542 2412 638 2469 bat
665 2410 881 2468 dulcem
909 2409 1157 2466 animum
1202 2408 1534 2465 miserabilis
1580 2409 1742 2466 ruina
1785 2419 2086 2468 castrorum
2120 2430 2133 2469 :

543 2504 738 2578 objicit
783 2521 840 2562 se
886 2509 1167 2560 auctorem
1209 2502 1341 2559 facti
1393 2505 1503 2560 telo
1533 2504 1812 2576 supplicii,
1857 2513 1910 2562 et
1956 2506 2139 2562 induit

543 2603 736 2653 contra
772 2593 1090 2652 sevientem
1130 2593 1363 2664 justitiaa
1413 2593 1738 2651 machaeram
1776 2596 2136 2653 confessionis

543 2686 799 2754 loricam,
841 2684 1184 2758 puniendum
1213 2701 1271 2742 se
1299 2686 1471 2758 magis
1501 2686 1712 2742 instans
1739 2686 1884 2742 inter
1912 2687 2135 2759 punitos

542 2775 835 2844 exclamat,
865 2783 918 2831 et
937 2783 1089 2848 optat
1119 2775 1178 2831 in
1196 2791 1254 2831 se
1273 2775 1512 2832 derivari
1545 2777 1891 2845 sententiam,
1923 2784 1984 2832 ut
2015 2794 2132 2849 pos-

540 2866 614 2923 sit
640 2882 673 2922 a
716 2865 919 2938 populo
948 2881 1203 2923 revocare
1233 2865 1525 2923 fracturam
1557 2884 1576 2922 :
1637 2891 1656 2914 ι
1685 2867 1828 2924 Ecce
1860 2884 1980 2922 sum
2010 2883 2128 2938 ego,

540 2953 746 3028 inquit,
777 2970 875 3027 ego
902 2963 1085 3026 pastor
1113 2955 1357 3027 peccavi,
1411 2962 1465 3010 et
1493 2972 1590 3026 ego
1628 2955 1770 3011 male
1798 2955 1902 3011 feci
1937 2973 1949 3010 :
1999 2971 2130 3027 grex

537 3050 720 3100 autem
749 3040 842 3099 hic
863 3043 996 3115 quid
1017 3043 1193 3100 fecit?
1215 3044 1277 3098 In
1299 3059 1387 3099 me
1415 3059 1638 3099 manum
1666 3051 1818 3099 tuam
1847 3052 2127 3113 converte,

537 3139 593 3187 et
620 3131 844 3187 domum
879 3132 1048 3204 patris
1079 3131 1186 3188 mei
1221 3133 1309 3203 (II
1333 3133 1455 3203 Reg.
1489 3148 1647 3201 xxiv,
1685 3133 1794 3202 17).
1829 3157 1846 3180 ι
1879 3133 2020 3188 Ecce
2049 3149 2127 3188 sa-

2248 1951 2364 2007 nies
2401 1951 2706 2011 innumeris
2739 1955 2956 2013 vicibus
2997 1956 3141 2013 ﬁlios
3180 1957 3344 2014 Israel
3374 1973 3558 2014 coram
3598 1958 3856 2016 Domino

2248 2041 2439 2099 fecisse
2475 2043 2733 2117 maligna,
2773 2055 2828 2102 et
2871 2046 3104 2103 traditos
3149 2046 3466 2103 incursibus
3507 2047 3849 2105 nationum:

2247 2131 2340 2187 sed
2372 2132 2572 2189 iterum
2604 2151 2930 2192 conversum
2961 2137 3225 2209 populum
3248 2152 3343 2209 per
3363 2137 3563 2194 electos
3582 2137 3759 2195 duces
3778 2138 3853 2197 de

2246 2223 2659 2295 captivitatibus
2674 2227 2843 2284 variis
2855 2227 3168 2298 liberatum,
3185 2244 3286 2286 nec
3305 2227 3581 2286 vindicari
3595 2230 3852 2302 potuisse

2246 2312 2554 2381 commissa,
2598 2313 2645 2371 si
2692 2315 2857 2373 toties
2901 2317 3108 2375 factum
3150 2326 3472 2390 sequeretur
3516 2327 3850 2392 competens

2246 2401 2600 2476 poenitentia:
2679 2410 2824 2468 596
2896 2405 3026 2478 quia
3081 2406 3209 2463 licet
3285 2407 3520 2479 poenalis
3565 2410 3850 2468 correctio

2245 2519 2356 2559 non
2399 2503 2629 2572 deesset,
2685 2518 2798 2558 non
2853 2509 2969 2558 erat
3013 2509 3197 2558 tamen
3247 2503 3584 2574 perditionis
3636 2505 3848 2563 abscis-

2243 2592 2325 2648 sio
2362 2591 2503 2663 (20),
2554 2591 2649 2648 sed
2671 2591 3055 2648 conversionis
3077 2592 3272 2648 oratio.
3327 2592 3467 2651 Cum
3498 2595 3654 2652 enim
3679 2595 3847 2653 casti-

2243 2690 2396 2756 gatus
2423 2681 2573 2739 ﬁlius
2609 2682 2875 2754 recipitur
2915 2682 2975 2738 in
3015 2682 3294 2753 affectum,
3317 2683 3672 2742 admonitum
3713 2702 3846 2744 eum

2241 2780 2454 2830 constat
2497 2771 2567 2829 ad
2603 2772 2996 2830 satisfactionis
3050 2773 3314 2843 oﬂicium,
3365 2789 3477 2832 non
3521 2777 3794 2848 punitum
3828 2793 3842 2833 :

2240 2877 2340 2920 nec
2381 2861 2495 2918 odii
2543 2861 2765 2918 videtur
2803 2877 2918 2919 esse
2945 2861 3234 2931 correctio,
3283 2863 3376 2919 sed
3410 2865 3653 2934 amoris;
3711 2883 3846 2924 cum

2238 2966 2458 3006 reverso
2516 2950 2818 3007 identidem
2869 2959 2990 3024 post
3042 2950 3319 3024 ﬂagellum
3390 2969 3502 3009 non
3559 2964 3848 3028 negantur

2232 3037 2358 3110 jura
2384 3039 2622 3112 pietatis.
2673 3040 2920 3114 Denique
2941 3041 3068 3097 audi
3099 3041 3400 3099 Dominum
3448 3059 3544 3116 per
3583 3047 3846 3120 prophe-

2236 3137 2348 3185 tam
2387 3130 2758 3203 increpantem
2803 3130 3122 3203 hujusmodi
3172 3133 3400 3190 verbere
3446 3133 3841 3210 fornicariam,

538 3220 868 3279 tisfactionis
898 3221 1078 3278 oﬁicio
1106 3237 1264 3294 poena
1295 3221 1632 3292 percellitur,
1654 3229 1707 3277 et
1729 3221 1785 3276 in
1814 3221 1982 3278 armis
2001 3239 2126 3279 con-
2158 3251 2206 3314 Ο
2236 3228 2289 3275 et
2319 3219 2592 3314 probrossi
2622 3220 2885 3289 deditam,
2926 3221 3380 3296 inquinatamque
3405 3225 3682 3297 contagiis
3728 3245 3846 3285 vo-

542 3310 798 3366 fessionis
843 3310 1152 3383 indignatio
1200 3317 1615 3382 propugnatur;
1667 3317 1729 3366 ut
1773 3327 1873 3367 nec
1915 3309 1972 3366 in
2003 3327 2126 3367 eum

538 3400 772 3457 ulterius
795 3399 1044 3457 vindicta
1066 3397 1400 3471 procederet,
1432 3407 1485 3454 et
1509 3415 1634 3470 erga
1660 3400 1924 3470 populum
1957 3415 2130 3472 quas-

536 3488 675 3545 satio
705 3488 923 3545 ccelitus
954 3487 1125 3543 effusa
1154 3488 1476 3560 quiesceret.
1531 3487 1651 3543 Uno
1694 3495 1819 3544 actu
1849 3489 2132 3559 pmniten-

536 3577 626 3634 tias
655 3588 710 3634 et
739 3577 844 3633 sibi
876 3587 1147 3633 mercatus
1176 3586 1255 3634 est
1300 3578 1579 3650 pietatem,
1629 3585 1683 3634 et
1710 3594 1742 3633 a
1770 3579 1972 3650 populo
2002 3595 2130 3635 sus-

535 3665 728 3738 pendit
759 3665 1012 3737 protinus
1057 3666 1346 3736 ultionem,
1385 3674 1448 3723 ut
1476 3668 1672 3724 merito
1715 3668 1890 3724 veniae
1929 3668 2130 3726 condo-

537 3761 699 3810 natus
717 3754 1024 3814 cantaverit
1043 3754 1230 3812 dicens
1254 3775 1264 3812 :
1301 3782 1320 3806 ι
1342 3757 1493 3826 Dixi,
1516 3756 1819 3814 conﬁtebor
1839 3758 2128 3815 adversum

535 3857 622 3897 me
651 3841 998 3916 iniquitatem
1041 3861 1219 3901 meam
1245 3845 1504 3912 Domino,
1542 3853 1594 3900 et
1625 3855 1684 3902 tu
1720 3846 1980 3903 remisisti
2016 3847 2130 3902 im-

539 3935 793 4006 pietatem
843 3937 1052 4010 peccati
1090 3937 1198 3993 mei
1232 3938 1404 4007 (Psal.
1436 3953 1599 4006 xxxx,
1628 3937 1724 4009 5);
1761 3963 1779 3987 ›
1834 3939 1963 4011 quia
2003 3954 2130 3996 cum

539 4025 816 4082 assisteret
835 4026 936 4084 sub
957 4027 1338 4100 desperatione
1366 4028 1631 4096 convicti,
1661 4027 1860 4100 dignus
1891 4031 2129 4100 reputari

541 4117 742 4172 meruit
790 4119 1022 4189 expiari.
1081 4119 1186 4175 Sed
1228 4121 1429 4191 premit
1471 4127 1524 4175 te
1565 4127 1787 4175 tuorum
1833 4119 2130 4176 enormitas

538 4212 923 4276 peccatorum;
977 4214 1032 4262 et
1059 4223 1246 4263 eorum
1284 4207 1496 4264 ditione
1525 4208 1796 4280 captivus,
1842 4207 1899 4262 in
1928 4209 2126 4264 coelum

539 4295 730 4350 oculos
758 4311 869 4351 non
899 4295 1066 4352 audes
1093 4297 1361 4354 attollere.
1386 4298 1564 4354 Probo
1593 4298 1816 4371 quidem
1850 4299 2126 4355 conscien-

538 4382 630 4438 tiae
657 4390 886 4452 metum,
918 4400 1029 4440 non
1061 4384 1224 4441 laudo
1251 4386 1543 4442 consilium
1569 4404 1582 4453 ;
1615 4386 1708 4443 sed
1732 4387 1876 4442 malo
1894 4395 1948 4443 te
1967 4403 2129 4462 super

539 4471 895 4544 indulgentiae
922 4475 1310 4530 consecutione
1337 4483 1676 4547 suspectum,
1703 4491 1815 4532 non
1841 4475 1908 4532 de
1937 4476 2128 4533 salutis

537 4561 877 4633 reparatione
907 4563 1126 4635 penitus
1155 4563 1522 4636 desperatum.

607 4649 834 4708 CAPUT
863 4651 936 4707 X.
968 4681 1040 4694 —
1063 4652 1234 4708 Tenet
1261 4653 1410 4709 enim
1447 4651 1738 4726 quamdam
1769 4653 2130 4713 confessionis

537 4747 744 4812 partem
774 4741 1123 4814 supplicandi
1165 4742 1437 4810 confusio,
1485 4757 1606 4814 quae
1652 4759 1874 4798 suorum
1905 4745 2122 4801 conscia

537 4838 880 4900 peccatorum
907 4846 1020 4887 non
1048 4829 1116 4887 de
1145 4831 1403 4888 Auctoris
1421 4831 1746 4888 remissione
1774 4832 2009 4904 dubitat,
2027 4833 2121 4890 sed

535 4917 602 4974 de
621 4918 997 4991 magnitudine
1025 4917 1112 4974 sui
1139 4919 1359 4976 sceleris
1387 4919 1692 4989 erubescit;
1735 4929 1945 4978 reatum
1973 4923 2118 4979 enim

533 5006 818 5078 agnovisse
844 5006 1206 5064 confessionis
1234 5008 1458 5065 initium
1485 5017 1586 5078 est,
1635 5018 1690 5066 et
1714 5010 2030 5083 proximum
2058 5011 2120 5066 ﬁt

533 5095 731 5163 veniae,
763 5095 913 5170 quod
957 5096 1206 5153 stimulat
1231 5098 1536 5170 pcenitudo.
1585 5098 1689 5155 Sed
1720 5107 1864 5155 retro
1893 5100 2005 5172 agit
2034 5116 2121 5157 me

532 5200 800 5255 meorum,
852 5185 1086 5259 inquies,
1142 5187 1479 5244 abundantia
1545 5198 1913 5262 peccatorum.
1973 5189 2119 5257 Quin

530 5277 643 5335 imo
667 5285 820 5336 tanto
839 5278 1011 5353 magis
1035 5279 1402 5338 insistendum
1433 5287 1514 5337 est
1533 5282 1894 5340 confessionis
1913 5282 2117 5353 ofﬁcio,

600 5458 717 5540 (ιβ)
743 5460 827 5540 ita
855 5458 1030 5540 codex
1075 5459 1230 5516 Rem.
1262 5459 1396 5540 edit.
1427 5475 1580 5530 vero,
1623 5460 1680 5515 in
1711 5461 1825 5533 ipsa
1855 5463 2120 5518 voluntate

525 5531 838 5614 supplici-uni
866 5549 877 5586 :
911 5531 1097 5586 minus
1124 5531 1414 5614 concinne.
1446 5602 1482 5614 ν

597 5601 716 5672 (17)
742 5601 892 5657 Edit.
923 5609 977 5657 et
1005 5618 1106 5658 ms.
1130 5603 1310 5671 Sorb.,
1335 5602 1565 5658 vindicta
1585 5604 1913 5675 confessum;
1945 5607 2119 5663 codex

521 5669 702 5736 Rem.,
732 5672 966 5728 vindicta
994 5689 1316 5729 consensum.

593 5742 711 5813 (18)
757 5741 913 5800 Rom.
947 5742 1081 5802 edit.
1113 5745 1248 5811 sola,
1287 5751 1333 5800 et
1363 5746 1591 5816 eﬂ'ectum
1621 5764 1810 5820 negare
1856 5747 2113 5804 redeunti.

2240 3308 2406 3364 luisse
2433 3308 2540 3364 sibi
2563 3308 2692 3381 jure
2719 3310 3100 3367 conversionis
3137 3313 3434 3369 asciscere:
3501 3337 3520 3363 ‹
3563 3314 3639 3370 Et
3689 3315 3846 3387 dixi,

2240 3397 2442 3469 inquit,
2490 3407 2778 3472 postquam
2809 3393 3080 3456 fornicata
3115 3416 3171 3455 es
3211 3400 3327 3458 hac
3362 3402 3570 3472 omnia,
3630 3405 3705 3462 ad
3754 3425 3848 3466 me

2241 3493 2549 3556 revertere;
2609 3496 2664 3544 et
2722 3504 2835 3545 non
2891 3505 2948 3545 es
3002 3504 3220 3546 reversa
3274 3490 3642 3566 incomposita
3697 3496 3847 3554 Juda

2243 3576 2459 3647 (Jerem.
2491 3593 2575 3646 ιιι,
2602 3577 2675 3649 7).
2708 3600 2728 3626 ι
2781 3577 2939 3645 Quod
2968 3577 3115 3635 idem
3144 3580 3414 3638 Dominus
3438 3581 3499 3638 in
3525 3582 3847 3658 Evangelia

2240 3666 2572 3736 manifestat,
2613 3683 2740 3724 cum
2787 3667 3074 3724 induratos
3103 3669 3350 3742 increpat
3393 3670 3624 3729 dicens:
3694 3699 3716 3724 ι
3758 3677 3846 3733 Je-

2239 3755 2496 3824 rusalem,
2547 3756 2869 3827 Jerusalem,
2921 3773 3042 3830 quae
3091 3758 3358 3816 interﬁcis
3404 3760 3728 3834 prophetas,
3791 3774 3846 3823 et

2241 3843 2449 3916 lapidas
2505 3846 2701 3902 missos
2755 3844 2825 3900 ad
2875 3853 2966 3912 te;
3022 3847 3239 3920 quoties
3293 3847 3448 3904 volui
3500 3865 3844 3925 congregare

2238 3932 2384 3990 ﬁlios
2411 3941 2555 4001 tuos,
2601 3934 2745 3990 sicut
2774 3933 2978 4004 gallina
3011 3943 3306 4007 congregat
3337 3937 3520 4008 pullos
3562 3955 3696 3996 suos
3734 3941 3844 3999 sub

2237 4022 2350 4078 alas
2376 4038 2519 4090 suas,
2543 4029 2598 4077 et
2620 4021 2846 4077 noluisti
2881 4022 3094 4093 (Matth.
3128 4038 3291 4090 χχιιι,
3314 4024 3406 4096 37)
3434 4026 3461 4082 ?
3479 4051 3498 4074 ι
3534 4029 3840 4102 Ultimum,

2236 4112 2417 4179 crede,
2448 4110 2577 4165 vitae
2613 4117 2813 4165 nostrae
2837 4117 3022 4165 actum
3051 4111 3323 4168 Dominus
3351 4124 3656 4187 exspectat,
3695 4129 3756 4178 et
3784 4122 3841 4177 in

2236 4217 2344 4273 quo
2373 4217 2473 4256 nos
2499 4200 2682 4256 exitus
2711 4198 2895 4256 ﬁnalis
2921 4201 3218 4270 invenerit,
3251 4202 3312 4259 in
3338 4219 3402 4260 eo
3427 4204 3748 4280 judicabit;
3796 4214 3840 4270 si

2235 4289 2445 4346 scilicet
2474 4289 2878 4362 multiplicibus
2907 4299 3094 4363 septus
3122 4293 3339 4362 erratis,
3383 4294 3840 4358 circumvolvent

2237 4395 2398 4451 supra
2435 4387 2598 4452 caput
2635 4386 2795 4434 tuum
2836 4380 3046 4436 umbrat
3085 4379 3420 4450 facinorum,
3468 4386 3662 4442 oculos
3708 4395 3839 4447 tuos

2237 4468 2501 4525 scelerum
2533 4469 2707 4540 caligo
2744 4469 3079 4541 pernubilet,
3125 4479 3179 4527 et
3210 4473 3419 4544 peccati
3443 4472 3641 4546 jugum
3676 4485 3834 4536 tuam

2237 4557 2506 4614 cervicem
2551 4558 2826 4623 incurvet,
2869 4565 3032 4632 atque
3075 4558 3224 4614 intra
3265 4561 3618 4619 conscientia:
3667 4580 3834 4636 pene-

2238 4648 2374 4703 trale
2403 4646 2737 4718 ﬂagitiorum
2778 4646 3041 4720 probrum
3069 4648 3304 4704 subinde
3342 4652 3550 4708 vulnus
3591 4655 3833 4713 exulce-

2234 4745 2352 4792 ret:
2401 4736 2448 4792 si
2487 4736 2727 4793 animam
2760 4744 2913 4793 tuam
2947 4754 3058 4794 non
3093 4738 3153 4795 in
3196 4738 3595 4814 desperationis
3649 4744 3831 4818 proje-

2230 4826 2370 4881 ceris
2396 4826 2691 4894 vilitatem,
2733 4843 2858 4884 cum
2886 4843 3059 4882 unum
3099 4829 3578 4888 circumcordialis
3621 4836 3828 4891 secreti

2230 4913 2488 4971 effuderis
2541 4916 2601 4972 in
2656 4914 2998 4972 confessione
3039 4932 3374 4988 sermonem,
3425 4936 3538 4976 non
3602 4925 3830 4995 negabit

2231 5007 2533 5064 remedium
2581 5009 2777 5077 venite,
2824 5007 2920 5081 qui
2975 5009 3131 5066 venit
3178 5011 3390 5068 animas
3437 5013 3672 5082 salvare,
3717 5031 3825 5071 non

2230 5102 2452 5173 perdere
2476 5121 2489 5170 ;
2534 5104 2663 5175 quia
2693 5120 2805 5159 non
2832 5104 2955 5159 vult
2982 5113 3216 5164 mortem
3243 5098 3555 5176 morientis,
3595 5124 3822 5166 conver-

2229 5207 2350 5246 sum
2393 5193 2583 5263 procul
2617 5192 2787 5249 dubio
2828 5193 3020 5250 suadet
3057 5192 3126 5250 ad
3171 5195 3365 5264 vitam,
3416 5195 3542 5269 ipso
3584 5197 3822 5257 Domino

2229 5282 2472 5340 dicente:
2537 5307 2556 5334 ι
2599 5285 2776 5343 Filius
2801 5284 3044 5344 hominis
3073 5302 3186 5344 non
3215 5287 3373 5345 venit
3399 5288 3616 5348 animas
3644 5289 3818 5348 homi-

2302 5466 2608 5541 (l9)_Edit.
2642 5475 2696 5541 e_t
2725 5468 2846 5524 cod.
2878 5467 3347 5538 Sorb.,"damnare
3365 5470 3622 5541 potuisse,
3672 5473 3719 5528 si
3761 5471 3818 5527 de

2222 5538 2547 5610 praeteritis;
2579 5539 2771 5594 codex.
2807 5541 3038 5596 Rem.ut
3070 5541 3127 5595 in
3153 5538 3439 5597 contextu.

2261 5678 2273 5689 ο
2301 5608 2416 5689 (29)
2459 5610 2538 5664 Ita
2551 5610 2726 5689 codex
2748 5611 2900 5689 Bern.
2924 5629 2938 5678 ;
2960 5611 3094 5668 edit.
3119 5627 3270 5684 vero,
3288 5613 3614 5685 proditionis
3629 5614 3811 5674 abscis-

2226 5681 2322 5735 sio.
2353 5681 2471 5737 Non
2504 5681 2634 5736 satis
2665 5688 2829 5736 recte.
