3964 6364
143 435 295 493 1073

138 581 285 624 num
325 563 580 640 perdere,
630 564 725 622 sed
772 565 983 622 salvare
1024 565 1174 637 (Luc.
1208 581 1288 634 ix,
1319 563 1454 637 56);
1493 589 1510 612 .

138 672 269 714 rum
301 659 317 713 ἐ
359 679 379 705 σ
398 654 568 713 Venit
597 655 745 711 enim
776 655 952 712 Filius
995 653 1239 711 hominis
1267 671 1526 728 quaerere,
1558 661 1612 710 et
1643 653 1742 710 sal-

143 763 280 804 vare
341 744 491 820 quod
533 745 766 818 perierat
815 743 966 815 (Luc.
1025 761 1148 813 xix,
1208 743 1320 814 10).
1362 768 1380 790 ι
1449 743 1566 801 Nisi
1615 743 1745 818 quia

140 843 543 909 prmpotentem
595 833 732 890 facis
770 832 1075 902 diabolum,
1111 833 1156 888 si
1182 841 1340 904 putas
1371 833 1500 907 quia
1523 833 1590 889 de
1623 833 1741 889 fau-

140 925 305 983 cibus
338 924 458 996 ejus
493 923 766 980 Dominus
793 939 903 979 non
935 930 1113 996 potest
1139 939 1328 979 eruere
1365 923 1700 995 captivatum
1726 941 1738 979 :

139 1023 242 1072 aut
290 1013 754 1088 quemadmodum
805 1012 900 1068 ille
947 1012 1144 1084 vigilat
1190 1029 1403 1085 semper
1431 1021 1493 1069 ut
1531 1012 1741 1085 perdat,

142 1120 261 1161 non
296 1103 373 1160 ita
401 1102 596 1174 satagit
618 1101 889 1158 Dominus
909 1111 970 1158 ut
997 1101 1262 1174 acquirat.

219 1192 450 1250 CAPUT
484 1192 582 1248 ΧΙ.
637 1220 709 1233 —
744 1192 806 1248 In
836 1191 939 1246 hac
975 1191 1145 1263 igitur
1171 1198 1224 1247 te
1255 1191 1426 1247 veluti
1463 1193 1744 1265 praesentis

143 1283 256 1340 loci
308 1283 512 1340 ﬁducia
568 1281 764 1339 ultima
818 1282 1090 1339 confessio
1139 1283 1368 1340 latronis
1407 1285 1652 1355 inducat,
1688 1293 1742 1342 et

144 1391 303 1448 spem
355 1376 657 1432 maximam
707 1375 914 1432 tribuat
956 1377 1260 1433 novissima
1305 1377 1602 1450 desperatis
1631 1396 1742 1436 non

141 1462 490 1537 desperantis
544 1465 601 1521 in
647 1481 808 1522 cruce
857 1466 1147 1523 confessio.
1200 1468 1374 1524 Omne
1417 1469 1585 1541 igitur
1612 1470 1742 1527 vita:

143 1569 262 1610 sua
301 1561 482 1610 actum
533 1553 630 1609 ille
661 1555 968 1611 latrociniis
1010 1563 1412 1626 cruentaverat,
1463 1566 1515 1613 et
1562 1567 1742 1632 egerat

139 1658 364 1715 semper
418 1643 475 1700 in
530 1643 730 1701 saeculo
780 1644 1065 1701 diabolicae
1112 1645 1347 1703 feritatis
1389 1650 1738 1721 armigerum,

141 1746 432 1804 nunquam
492 1733 591 1789 Dei
657 1733 1020 1802 meminerat,
1093 1735 1247 1790 nulla
1301 1736 1435 1808 legis
1497 1737 1744 1796 audierat

141 1821 426 1892 mandata,
457 1830 552 1880 aut
581 1831 728 1880 certe
757 1823 802 1880 si
843 1823 1109 1893 audierat,
1147 1826 1449 1897 proclivior
1495 1827 1564 1883 ad
1598 1829 1744 1886 faci-

1264 437 1358 495 DE
1397 435 1860 494 POENITENTIA
1898 435 2108 494 LIBER
2147 437 2344 495 UNUS.

3311 437 3448 497 1074

1554 572 1608 621 et
1642 565 1754 621 ite—
1776 567 1828 626 A
1857 564 2022 634 ravit,
2051 565 2327 622 medicum
2353 580 2464 622 non
2496 565 2756 623 mutabis.
2781 567 2902 624 Non
2945 567 3214 626 laborabit
3244 569 3447 641 explo-

1853 670 1973 710 rare
2020 655 2360 712 valetudinis
2401 663 2508 713 tuae
2558 673 2798 726 causam,
2832 674 2933 715 nec
2971 657 3211 716 tentabit
3239 675 3363 732 erga
3393 666 3446 715 te

1853 743 2072 799 noviter
2116 745 2498 802 medicaminis
2541 747 2804 804 virtutem
2855 747 3191 818 examinare,
3218 755 3350 805 noto
3391 756 3446 805 te

1852 833 2067 888 sanabit
2131 833 2400 891 antidoto.
2475 836 2934 908 Experimentum
3005 837 3265 910 adjutorii
3335 853 3445 894 non

1853 930 2151 994 exspectat,
2188 923 2283 995 qui
2315 924 2594 997 languoris
2637 925 2720 981 tui
2769 927 2928 982 novit
2969 927 3260 998 originem.
3293 926 3447 984 Unde

1852 1009 2060 1067 dudum
2093 1021 2316 1069 curatus
2345 1014 2545 1081 fueras,
2578 1014 2706 1071 inde
2753 1015 2953 1072 iterum
2991 1015 3272 1072 curaberis
3304 1034 3315 1072 :
3348 1033 3449 1074 nec

1853 1109 1914 1157 tu
1943 1102 2050 1158 eris
2079 1103 2146 1158 de
2175 1104 2417 1160 remedio
2451 1105 2674 1161 medelas
2704 1115 3010 1179 suspectus,
3033 1115 3087 1162 et
3114 1108 3362 1164 medicus
3381 1108 3447 1164 de

1851 1192 2193 1263 reparatione
2237 1202 2330 1250 tua
2370 1210 2616 1250 securus.
2651 1194 2948 1269 Castigabit
2978 1197 3137 1269 plane
3168 1199 3448 1272 intempe-

1851 1282 2084 1338 rantiam
2132 1292 2305 1354 tuam,
2343 1293 2396 1341 et
2440 1285 2578 1342 dura
2624 1286 3004 1359 objurgatione
3042 1289 3444 1362 impatientiam

1851 1371 2162 1429 verberabit
2210 1393 2222 1430 :
2275 1375 2366 1431 sed
2415 1393 2524 1432 non
2573 1377 2794 1450 negabit
2841 1378 3133 1446 auxilium,
3193 1379 3287 1452 qui
3333 1394 3444 1435 non

1851 1463 2156 1518 contemnit
2200 1474 2485 1535 aegrotum.
2532 1465 2679 1522 Audi
2727 1467 3054 1539 Prophetam
3102 1467 3375 1526 dicentem
3429 1482 3441 1521 :

1867 1574 1884 1598 ι
1926 1551 2205 1623 Numquid
2251 1553 2344 1625 qui
2389 1553 2615 1623 dormit,
2668 1572 2779 1611 non
2823 1557 3046 1628 adjiciet
3089 1565 3152 1613 ut
3203 1564 3450 1630 resurgat

1853 1639 2027 1711 (Psal.
2063 1656 2152 1708 xc,
2199 1641 2256 1712 9)
2286 1642 2313 1696 ἢ
2343 1666 2360 1688 ι
2424 1643 2536 1698 Aut
2583 1643 2677 1716 qui
2711 1645 3074 1718 naufragavit,
3110 1662 3221 1703 non
3252 1645 3444 1702 itidem

1852 1729 2123 1800 navigat?
2152 1736 2246 1785 aut
2274 1730 2368 1802 qui
2417 1747 2646 1788 messem
2689 1732 2951 1804 perdidit,
2983 1733 3254 1807 numquid
3279 1733 3446 1789 semel

1851 1817 2188 1890 desperatus,
2247 1834 2360 1876 non
2417 1819 2617 1876 iterum
2690 1831 2785 1878 aut
2845 1831 2964 1879 arat
3016 1829 3110 1878 aut
3163 1822 3448 1878 seminat?

139 1925 284 1967 nora
339 1927 452 1969 non
511 1912 768 1981 curabat,
829 1921 998 1968 totam
1047 1930 1197 1986 spem
1252 1914 1311 1970 in
1371 1915 1747 1990 desperatione
1775 1926 1823 1988 Β
1853 1910 2060 1969 Cursus
2100 1911 2192 1969 hic
2229 1921 2414 1970 noster
2443 1913 2500 1968 in
2541 1913 2778 1986 quodam
2805 1915 2920 1970 salo
2947 1914 3141 1972 mundi
3163 1915 3442 1988 jactatur:

138 1999 422 2070 versabat,
481 2009 536 2058 et
581 1999 868 2059 exercebat
895 2002 1276 2060 crudelitatem
1307 2021 1456 2063 more
1503 2012 1743 2068 scelera-

136 2098 329 2150 torum
376 2093 711 2162 satellitum;
760 2093 832 2151 ob
879 2094 985 2151 hoc
1026 2111 1264 2171 namque
1315 2097 1608 2159 damnatus
1683 2104 1742 2160 in

135 2198 326 2252 cruce,
379 2191 433 2241 et
471 2199 597 2240 cum
645 2183 781 2256 ipsis
834 2183 1163 2242 criminibus
1206 2187 1321 2244 suis
1367 2189 1564 2248 aﬂixus
1593 2191 1743 2265 ligno

137 2271 436 2345 pendebat.
505 2271 745 2329 Tandem
803 2273 1052 2347 perditus
1104 2275 1356 2349 resipuit,
1406 2286 1460 2335 et
1509 2277 1568 2335 in
1626 2281 1745 2354 ipso

136 2361 417 2437 supplicio
463 2363 818 2432 constitutus,
869 2380 1130 2436 magnum
1183 2366 1290 2422 sibi
1337 2376 1613 2426 mercatus
1662 2378 1746 2428 est

137 2468 212 2508 ex
241 2459 422 2508 morte
451 2453 877 2526 compendium;
911 2456 1086 2510 Deum
1121 2456 1268 2512 enim
1308 2474 1434 2515 cum
1466 2475 1575 2533 quo
1601 2477 1746 2533 pen-

139 2539 329 2611 debat,
385 2543 653 2616 agnovit:
699 2541 945 2616 judicem
974 2544 1230 2602 futurum
1265 2548 1356 2605 cui
1408 2549 1740 2620 adhaerebat,

141 2633 441 2692 intremuit
485 2651 498 2691 :
557 2634 908 2692 conscientiae
947 2653 1059 2692 suae
1112 2638 1352 2695 crimina
1415 2641 1744 2712 publicavit,

149 2722 491 2797 baptismum
546 2723 831 2796 sanguinis
873 2724 1189 2797 perfusione
1220 2729 1472 2798 protinus
1499 2729 1747 2802 acquisi-

144 2813 252 2883 vit,
285 2823 337 2872 et
365 2830 491 2871 cum
524 2815 761 2870 Domino
799 2813 857 2869 in
900 2815 1213 2886 paradisum
1243 2825 1576 2889 purpuratus
1604 2835 1747 2874 con-

144 2903 323 2961 fessor
348 2903 590 2960 intravit.
665 2904 791 2960 Hac
832 2920 960 2960 vera
1006 2905 1342 2962 consultatio
1383 2908 1745 2980 paenitentiae,

142 2991 254 3050 hoc
313 2993 648 3066 praecipuum
704 2994 1104 3068 pragmaticum
1173 2996 1496 3067 conﬁtendi,
1556 2997 1601 3054 si
1645 2999 1747 3054 Fi—

145 3083 288 3140 lium
336 3086 434 3142 Dei
487 3102 648 3160 quem
688 3101 797 3141 non
848 3085 1067 3159 ignoras
1117 3097 1418 3158 auctorem,
1452 3089 1639 3146 credas
1693 3097 1747 3146 et

135 3172 412 3246 judicem,
445 3173 565 3247 ipso
613 3175 829 3233 dicente
863 3195 876 3233 :
941 3199 959 3224 ι
997 3177 1156 3234 Pater
1198 3179 1474 3236 neminem
1511 3178 1745 3252 judicat,

141 3262 239 3319 sed
295 3279 457 3319 omne
479 3262 754 3336 judciium
789 3265 942 3322 dedit
985 3267 1130 3323 Filio
1163 3267 1350 3340 (Joan.
1403 3286 1460 3336 v,
1487 3270 1604 3342 22);
1634 3295 1652 3318 ι

141 3354 214 3410 ad
264 3370 414 3426 spem
445 3355 638 3411 salutis
689 3366 963 3429 perpetuae
1009 3359 1393 3430 capessendam
1443 3376 1553 3416 non
1598 3376 1746 3431 prae-

146 3443 294 3500 senti
323 3443 452 3500 vitae
491 3447 797 3514 consulere,
821 3447 916 3504 sed
947 3448 1014 3504 de
1029 3449 1216 3505 futuro
1240 3449 1456 3521 judicio
1483 3451 1740 3524 cogitare.

142 3532 335 3590 Primo
381 3534 527 3591 enim
580 3535 637 3591 in
677 3545 972 3608 conspectu
1025 3538 1232 3610 judicis
1283 3556 1398 3596 sese
1454 3541 1746 3598 damnatus

141 3623 424 3694 exposuit,
463 3631 515 3679 et
546 3621 828 3679 confessus
855 3623 922 3679 de
951 3623 1279 3681 criminibus
1327 3627 1463 3693 suis,
1494 3627 1745 3699 implevit

142 3710 393 3768 cilicium
441 3712 762 3784 paenitentis
799 3730 811 3767 :
857 3712 1056 3770 deinde
1103 3731 1230 3769 cum
1287 3715 1468 3772 crucis
1498 3724 1745 3772 cerneret

143 3817 390 3876 poenam,
423 3800 700 3856 intellexit
737 3800 1010 3873 judicium
1062 3803 1228 3859 aﬂixo
1277 3821 1568 3861 commune
1607 3822 1740 3873 esse,

145 3909 262 3950 non
288 3907 509 3948 causam
534 3909 548 3958 ;
598 3891 772 3946 Deum
823 3899 1004 3947 tamen
1049 3901 1183 3949 tunc
1227 3892 1482 3963 credidit,
1523 3895 1744 3967 quando

142 3998 272 4038 eum
300 3980 489 4037 Iudaea
517 3979 872 4051 pertinaciter
914 3980 1248 4054 abnegavit:
1305 3991 1358 4038 et
1410 3983 1583 4040 futuri
1632 4000 1741 4038 non

144 4073 440 4128 immemor
466 4068 522 4124 in
551 4085 710 4125 cruce
734 4069 956 4141 judicii,
988 4069 1308 4128 memoriam
1339 4071 1425 4128 sui
1453 4089 1744 4130 commen-

142 4164 311 4222 dabat
355 4161 572 4235 judicio
625 4162 923 4233 regnaturi.
959 4162 1076 4219 Hoc
1102 4163 1466 4234 Evangelium
1500 4163 1743 4219 manife-

142 4261 254 4312 stat
305 4269 317 4306 :
381 4277 399 4299 ε
455 4249 810 4323 Respondens
865 4259 1070 4319 autem,
1131 4252 1332 4326 inquit,
1392 4252 1534 4308 alius
1578 4255 1737 4322 latro,

142 4340 481 4414 corripiebat
512 4339 690 4408 illum,
725 4339 912 4396 dicens
947 4358 957 4396 :
986 4342 1108 4397 Non
1136 4341 1296 4398 times
1322 4344 1518 4411 Deum,
1555 4344 1649 4416 qui
1681 4344 1740 4399 in

143 4432 334 4487 eadem
367 4429 722 4485 damnatione
755 4430 857 4486 es?
905 4430 1016 4486 Nos
1041 4429 1261 4503 quidem
1290 4430 1437 4503 juste
1484 4431 1738 4504 quemad-

141 4521 371 4577 modum
429 4521 662 4592 egimus,
725 4527 778 4574 et
817 4519 1149 4593 percipimus
1182 4536 1194 4574 :
1254 4519 1347 4578 hic
1383 4529 1564 4578 autem
1594 4521 1736 4578 nihil

143 4608 279 4666 mali
309 4608 552 4708 admisit.
585 4609 654 4666 Et
687 4609 904 4666 dicebat
950 4609 1228 4708 addesum
1267 4627 1280 4665 :
1313 4610 1568 4679 Domine,
1593 4627 1736 4708 ‘me-
1765 4649 1814 4708 D

146 4715 270 4754 mor
295 4706 410 4754 esto
449 4698 577 4767 mei,
625 4715 750 4754 cum
789 4698 1004 4754 veneris
1035 4697 1091 4752 in
1120 4714 1346 4770 regnum
1383 4705 1538 4754 tuum
1582 4701 1733 4770 (Luc.

144 4803 310 4854 χχιιι,
345 4786 572 4859 49-42).
604 4811 622 4835 ι
667 4787 769 4843 Sed
802 4787 928 4843 vide
953 4795 1172 4858 repente
1197 4787 1331 4860 quid
1353 4789 1572 4858 meruit,
1604 4790 1737 4863 quid

143 4891 215 4932 ex
241 4891 337 4932 ore
367 4876 632 4944 Veritatis
673 4875 906 4943 audivit,
957 4875 1088 4949 quid
1119 4877 1291 4948 gratia
1321 4875 1624 4949 judicantis
1653 4895 1735 4935 ac-

144 4965 292 5037 cepit
327 4983 338 5020 :
391 4990 408 5014 ι
439 4966 618 5022 Amen
654 4965 780 5023 dico
812 4965 932 5036 tibi,
966 4965 1129 5023 hodie
1158 4983 1372 5024 mecum
1402 4968 1510 5026 eris
1538 4969 1596 5025 in
1633 4986 1738 5043 pa-

144 5053 333 5112 radiso
365 5054 528 5125 (Ibid.
569 5055 684 5126 113).
719 5081 738 5104 ι

219 5143 458 5204 CAPUT
485 5145 609 5202 XII.
640 5175 710 5186 —
752 5143 857 5201 Sed
903 5145 983 5202 ais
1010 5145 1148 5202 mihi
1186 5162 1198 5201 :
1243 5147 1466 5204 Peccata
1503 5149 1739 5220 peccatis

141 5235 344 5309 adjeci,
379 5244 433 5293 et
484 5234 578 5310 qui
627 5234 740 5308 jam
773 5233 970 5291 cadens
1017 5245 1228 5292 erectus
1259 5236 1488 5305 fueram,
1539 5237 1736 5295 iterum

143 5326 352 5394 cecidi,
395 5335 452 5383 et
499 5324 850 5382 conscientiae
892 5340 1024 5381 mea:
1053 5327 1256 5382 vulnus
1278 5325 1390 5398 jam
1413 5344 1550 5400 pene
1586 5346 1738 5385 cura-

143 5426 266 5476 tum
315 5417 524 5492 peccati
575 5416 982 5474 exulceratione
1035 5416 1338 5474 recruduit.
1386 5415 1531 5485 Quid
1576 5419 1740 5491 trepi-

143 5510 242 5566 das
261 5510 290 5566 ‘i
335 5507 470 5582 quid
499 5506 705 5566 vereris
741 5506 770 5562 ?
814 5506 961 5563 Idem
991 5523 1203 5580 semper
1231 5513 1328 5575 est,
1362 5507 1456 5580 qui
1487 5514 1610 5563 ante
1649 5524 1739 5564 cu-

249 5657 343 5727 2l)
375 5657 528 5714 Edit.
558 5665 614 5714 et
643 5673 746 5713 ms.
779 5655 960 5724 Sorb.,
992 5663 1052 5712 ut
1073 5670 1263 5712 manus
1292 5659 1394 5712 tua:
1422 5657 1741 5723 retinacula;

153 5728 278 5785 cod.
309 5732 492 5798 Rom.,
521 5735 580 5784 ut
607 5728 760 5785 navis
788 5735 890 5784 tum
920 5728 1234 5785 retinacula.

227 5801 346 5875 (22)
374 5796 564 5861 Codex
592 5801 748 5858 Rem.
769 5809 824 5857 et
850 5799 1032 5870 Sorb.,
1061 5807 1111 5857 et
1131 5796 1391 5872 speciebus
1420 5799 1611 5857 dubiis.

1695 3278 1818 3347 etc

1852 2002 2220 2073 navigandum
2267 2003 2428 2061 nobis
2472 2011 2571 2073 est,
2605 2011 2658 2060 et
2689 2005 2958 2060 malorum
3000 2006 3296 2063 tendiculis
3326 2007 3451 2064 vela

1853 2091 2184 2150 insinuanda
2226 2101 2375 2152 sunt.
2423 2097 2668 2154 Procella
2696 2098 2876 2168 saevit,
2909 2106 3107 2156 ventus
3144 2100 3448 2172 consurgit,

1852 2189 2146 2254 tempestas
2186 2181 2392 2239 insanit
2425 2201 2438 2240 :
2470 2185 2517 2241 si
2546 2185 2625 2241 ita
2652 2186 2870 2243 clavum
2899 2187 3165 2256 tenueris,
3203 2195 3265 2244 ut
3293 2187 3452 2244 navis

1853 2278 1962 2328 tuae
2003 2272 2306 2329 retinacula
2351 2273 2467 2346 (2i)
2518 2290 2629 2330 non
2674 2276 2916 2345 amittas,
2947 2276 3015 2333 ad
3054 2285 3296 2350 portum,
3327 2277 3452 2333 illi-

1853 2360 1998 2417 batis
2044 2361 2339 2430 mercibus,
2376 2361 2568 2419 tendes
2600 2380 2613 2419 :
2660 2364 2746 2420 sin
2781 2381 2913 2421 vero
2950 2364 3212 2422 fluctibus
3243 2365 3450 2422 adver-

1855 2450 1930 2506 sis
1957 2451 2138 2507 illisus
2168 2453 2411 2523 scopulis
2441 2452 2878 2524 implicantibus,
2910 2471 2974 2511 ac
2995 2454 3220 2512 ﬂatibus
3248 2471 3450 2527 praepe-

1855 2538 2023 2607 ditus,
2056 2539 2202 2595 inter
2228 2541 2367 2596 freta
2395 2541 2637 2598 rixantia
2668 2543 2869 2598 tumidi
2909 2543 3140 2615 gurgitis
3168 2543 3450 2616 naufraga-

1855 2625 2020 2691 veris,
2049 2625 2390 2682 redeundum
2425 2634 2507 2682 est
2536 2627 2844 2697 saburram,
2876 2629 3236 2686 reﬁciendum
3272 2629 3452 2702 prima

1855 2716 2160 2788 navigium,
2209 2733 2414 2773 merces
2460 2718 2708 2787 emenda,
2762 2737 2950 2776 rursus
3011 2720 3256 2792 pericula
3308 2719 3451 2776 sub-

1853 2803 2052 2872 eunda,
2103 2811 2157 2859 et
2213 2805 2475 2876 praeteriti
2533 2823 2691 2863 casus
2737 2807 3009 2864 referendi
3065 2825 3162 2882 per
3214 2824 3448 2876 causas;

1853 2903 1908 2952 et
1936 2902 1999 2951 ut
2025 2895 2186 2951 liceat
2212 2895 2425 2968 perdita
2452 2913 2721 2970 reparare,
2744 2915 2856 2954 non
2885 2898 3166 2957 dubitabis
3192 2908 3246 2958 te
3269 2901 3451 2974 prisco

1854 2984 2166 3040 discrimini
2197 2983 2298 3040 sub
2329 3002 2422 3057 spe
2454 2985 2662 3042 incerta
2690 2987 3057 3045 committere.
3089 2988 3225 3045 Nam
3259 2989 3450 3062 procul

1855 3075 2026 3132 dubio
2058 3073 2417 3144 mendicabis,
2441 3075 2487 3130 si
2509 3083 2631 3148 post
2660 3077 3006 3149 naufragium
3038 3078 3108 3135 ad
3136 3077 3452 3152 negotiandi

1855 3181 2012 3221 usum
2049 3165 2251 3221 reverti
2279 3165 2521 3221 nolueris
2551 3183 2562 3222 :
2597 3183 2698 3223 nec
2724 3165 2792 3222 de
2823 3175 3056 3240 egestate
3077 3175 3238 3242 atque
3257 3184 3452 3225 terum-

1855 3256 1943 3312 nis
1975 3257 2087 3313 tuis
2124 3258 2277 3330 queri
2319 3257 2667 3330 postmodum
2716 3258 2938 3332 poteris,
2975 3258 3022 3315 si
3069 3267 3262 3331 captus
3306 3268 3452 3317 sorte

1855 3347 2123 3420 naufragii
2165 3349 2267 3405 sub
2313 3349 2547 3421 ignavia
2597 3359 2819 3421 stupore
2864 3350 3116 3406 eﬂiciaris
3141 3349 3451 3407 calamitate

1855 3436 2116 3493 mendici.
2149 3439 2220 3492 Et
2267 3437 2312 3493 si
2363 3437 2627 3492 mundani
2659 3437 3015 3510 negotiatoris
3042 3437 3160 3496 haac
3187 3455 3320 3496 cura
3346 3448 3449 3507 est,

1853 3533 1917 3582 ut
1945 3527 2267 3598 plerumque
2297 3534 2418 3598 post
2456 3526 2727 3599 naufragii
2751 3525 3023 3598 jacturam
3060 3544 3172 3583 non
3201 3527 3450 3600 desperet

1853 3615 2128 3688 praeterita
2153 3631 2252 3670 sua
2279 3614 2478 3670 damna
2506 3614 2794 3672 industria:
2814 3617 3187 3672 emolumento
3216 3616 3442 3674 sarciri:

1853 3720 1954 3760 nec
1985 3704 2322 3776 exspoliatus
2362 3704 2674 3761 incursibus
2703 3705 2880 3778 detegi
2910 3722 3064 3761 suam
3095 3705 3306 3778 patitur
3334 3722 3452 3762 nu-

1851 3791 2102 3860 ditatem,
2135 3793 2230 3850 sed
2273 3795 2456 3850 studet
2500 3794 2674 3866 magis
2720 3810 2749 3851 e
2795 3811 2966 3868 parvo
2994 3811 3365 3865 concrescere,
3396 3803 3451 3852 et

1851 3882 2051 3955 spebus
2083 3883 2270 3940 dubiis
2309 3884 2427 3956 (22)
2456 3891 2764 3958 aucupatur
2799 3884 3014 3956 potiora
3046 3885 3216 3953 lucra,
3249 3900 3451 3958 pecca-

1851 3977 1908 4026 to
1941 3971 2309 4042 lenocinante,
2341 3973 2696 4046 conquirere;
2741 3981 2946 4046 quanto
2975 3973 3148 4047 magis
3186 3973 3288 4030 tibi
3318 3973 3451 4030 ani-

1851 4077 1954 4116 mae
2001 4069 2111 4118 tuae
2146 4062 2345 4118 damna
2390 4063 2680 4136 cogitanda
2725 4071 2874 4132 sunt,
2914 4071 2969 4120 et
2999 4063 3058 4120 in
3088 4063 3322 4136 vestigio
3354 4079 3451 4120 re-

1851 4150 2090 4222 paranda
2134 4151 2390 4222 perditio,
2437 4152 2494 4207 in
2536 4168 2642 4225 qua
2686 4152 2886 4208 futurae
2924 4153 3038 4225 spei
3087 4153 3291 4209 damna
3335 4168 3451 4208 nu-

1851 4247 2133 4296 merantur
2166 4241 2307 4312 (23),
2339 4247 2392 4297 et
2421 4240 2551 4296 vita:
2579 4247 2850 4312 perpetuae
2882 4240 3181 4298 infeliciter
3210 4250 3450 4316 quaestus

1847 4330 2126 4388 amittitur
2149 4332 2160 4387 l

1928 4434 2074 4491 597
2105 4429 2332 4487 CAPUT
2358 4430 2508 4486 XIII.
2536 4459 2607 4471 —
2634 4427 2896 4484 Eundum
2935 4427 3039 4485 tibi
3069 4435 3150 4485 est
3177 4427 3246 4484 ad
3273 4443 3446 4484 arma-

1847 4526 1991 4582 rium
2042 4525 2224 4582 idonei
2273 4526 2579 4599 largitoris;
2633 4533 2688 4580 et
2735 4525 2943 4581 fmnore
2989 4523 3328 4596 paenitentia;
3382 4540 3447 4582 ac

1846 4614 2239 4670 satisfactionis
2286 4614 2484 4670 oblatis
2535 4614 2718 4669 usuris
2767 4611 3050 4669 conscribe
3107 4611 3442 4686 syngrapha,

1848 4703 2003 4761 mitte
2033 4703 2416 4776 chirographa,
2449 4718 2566 4758 eme
2610 4701 2711 4757 tibi
2751 4700 2820 4757 ab
2850 4701 2949 4756 illo
2976 4717 3173 4756 aurum
3204 4699 3440 4774 ignitum

1845 4793 1945 4849 Dei
1993 4792 2160 4861 dono,
2209 4791 2683 4865 qualibuscunque
2726 4788 2772 4845 si
2816 4804 2928 4845 non
2974 4789 3252 4862 pretiosis,
3289 4806 3444 4846 mer-

1846 4882 2002 4938 cibus
2022 4882 2191 4954 imple
2220 4880 2522 4952 navigium,
2551 4894 2777 4934 censum
2805 4884 2962 4933 tuum
2986 4878 3043 4933 in
3071 4876 3442 4952 comparando

1844 4971 1997 5028 illam
2044 4970 2335 5042 pretiosam
2389 4967 2737 5040 margaritam
2781 4965 3045 5038 depende,
3077 4982 3147 5022 ex
3190 4983 3298 5041 qua
3328 4967 3442 5024 ani-

1847 5077 1950 5116 mae
1993 5067 2099 5117 tuae
2147 5055 2547 5131 turpitudinem
2590 5055 2765 5130 possis
2810 5071 3037 5125 ornare;
3087 5063 3150 5113 ut
3195 5072 3322 5114 cum
3373 5056 3440 5113 ad

1845 5149 2126 5206 civitatem
2178 5163 2452 5219 magnam,
2491 5146 2689 5203 delatis
2734 5146 3030 5215 mercibus,
3075 5146 3310 5215 veneris,
3345 5146 3442 5201 lu-

1846 5239 1955 5296 cris
2009 5237 2353 5311 dignioribus
2404 5245 2458 5294 et
2510 5233 2787 5292 mercibus
2826 5235 3162 5292 beatissimis
3205 5233 3443 5308 amplior

1846 5330 1940 5386 sis.
1987 5329 2122 5385 Nam
2174 5329 2216 5384 si
2265 5337 2317 5384 te
2363 5326 2610 5401 segnitiae
2645 5333 2839 5398 stupor
2867 5325 3148 5396 invaserit,
3183 5333 3238 5382 et
3265 5323 3441 5380 domi-

1847 5422 1968 5478 nari
2015 5419 2266 5478 sensibus
2315 5421 2542 5494 cmperit
2586 5420 2834 5493 corporis
2881 5419 3120 5492 ignavia,
3177 5433 3280 5476 nec
3329 5417 3444 5474 ulla

1849 5511 2046 5567 animm
2095 5520 2202 5567 tua
2239 5509 2551 5568 reﬁciendae
2589 5517 2909 5582 argumenta
2954 5504 3256 5582 quaesieris,
3305 5507 3446 5564 sub-

1924 5659 2042 5730 (23)
2075 5658 2250 5726 Edit.,
2282 5659 2476 5713 damna
2507 5660 2780 5712 manerent
2798 5671 2819 5720 ;
2847 5653 3046 5709 melius
3067 5670 3223 5723 mss.,
3251 5653 3448 5710 damna

1851 5737 2216 5788 numerentur.
