3964 6366
529 431 668 488 1075
1536 433 1632 490 ΑΙ)
1669 432 1904 490 ΟΡΕΒΑ
1937 431 1994 488 S.
2037 431 2094 488 Α]

2279 430 2370 489 ΒΗ
2408 431 2787 490 ΑΡΡΕΝΒΙΧ.
3692 431 3844 490 1076

515 557 731 628 jicieris
776 559 1117 616 cruciatibus
1161 557 1471 629 creditoris,
1505 558 1779 616 obnoxius
1818 559 1998 616 fenori
2024 557 2116 616 de-
2146 564 2200 625 Α
2226 559 2368 618 dicis
2409 577 2521 618 non
2567 561 2674 618 erit
2700 559 3064 628 verecundiae,
3095 558 3192 616 sed
3219 557 3493 632 pudoris:
3526 557 3661 632 quia
3696 557 3839 615 licet

523 647 802 704 tineberis.
831 648 1060 706 Dicetur
1089 649 1332 706 liberalis
1360 649 1456 706 illa
1483 651 1773 718 sententia,
1807 666 1970 724 quam
2001 667 2114 706 non
2223 649 2480 722 frequens
2529 651 2602 707 sit
2647 645 2908 723 peccandi
2955 649 3202 715 licentia,
3250 647 3594 705 excusabilis
3635 656 3832 704 tamen

523 736 733 794 valebis
779 737 862 793 tui
913 739 1168 796 conscius
1201 738 1448 806 evadere,
1481 745 1574 794 aut
1605 738 1990 811 appellationis
2017 739 2118 794 in-
2225 738 2462 794 efﬁcitur
2497 739 2852 808 conscientia,
2901 754 3064 812 quam
3106 736 3347 810 pertulit
3391 737 3452 793 in
3497 737 3715 810 peccati
3747 753 3838 793 re-

523 825 750 897 terjecta
780 843 914 883 voce
942 828 1274 900 suspendere
1306 845 1318 883 :
1361 851 1380 875 ι
1409 827 1572 884 Omni
1604 827 1830 884 habenti
1869 828 2114 894 dabitur,
2224 827 2540 884 cordatione
2627 827 2916 884 timiditas.
2991 827 3329 899 Exemplum
3413 825 3610 883 Achab
3671 827 3840 883 illius

522 923 577 972 et
604 915 928 982 abundabit,
963 916 1032 972 ab
1061 933 1126 972 eo
1153 923 1335 972 autem
1368 916 1463 990 qui
1493 931 1606 972 non
1651 916 1835 985 habet,
1875 925 1932 974 et
1969 917 2116 991 quod
2225 917 2539 989 impiissimi
2575 918 2719 990 regis
2754 926 2808 974 te
2857 917 3050 976 doceat
3101 935 3114 974 :
3178 917 3274 974 hic
3319 932 3560 990 namque
3600 915 3837 974 Naboth

522 1003 706 1072 habet,
757 1005 1034 1060 auferetur
1073 1004 1142 1060 ab
1195 1021 1258 1061 eo
1311 1005 1524 1076 (Matth.
1577 1023 1715 1074 xxv,
1764 1007 1894 1080 29);
1931 1031 1951 1056 ι
2012 1016 2110 1064 et:
2222 1006 2518 1062 Jezraelitae
2563 1007 2780 1063 vineam
2805 1007 3234 1079 concupiverat,
3291 1005 3444 1080 quod
3509 1022 3624 1063 suae
3683 1015 3841 1064 esset

535 1115 554 1137 ι
583 1091 814 1146 Servum
863 1108 1262 1163 supervacuum
1313 1093 1526 1165 expelle
1573 1092 1720 1149 foras
1765 1093 1825 1149 in
1869 1093 2116 1150 tenebras
2225 1095 2551 1166 possessioni
2580 1095 2832 1152 conﬁnis.
2865 1095 3037 1152 Oﬁ'ert
3073 1096 3340 1168 pretium,
3391 1103 3487 1152 aut
3530 1103 3681 1153 certe
3729 1096 3838 1152 vi-

521 1185 857 1252 exteriores;
907 1185 986 1240 ibi
1025 1185 1131 1241 erit
1160 1185 1320 1242 ﬂetus
1348 1193 1402 1241 et
1431 1185 1635 1243 stridor
1662 1186 1910 1244 dentium
1950 1187 2114 1260 (Ibid.
2223 1183 2424 1240 curiam
2453 1184 2629 1241 vineae
2657 1185 3017 1258 quantitatem
3052 1203 3064 1242 :
3115 1185 3212 1242 ille
3255 1183 3523 1257 neglexit,
3573 1201 3838 1240 asserens

521 1273 636 1344 30).
696 1297 715 1321 ι
779 1272 1044 1330 Tunicam
1100 1281 1251 1330 tuam
1309 1273 1569 1330 vilissimi
1626 1274 1806 1347 operis
1872 1274 2116 1330 laniﬁcio
2225 1271 2624 1328 haereditariam
2653 1290 2711 1330 se
2742 1289 2856 1330 rem
2877 1274 3030 1330 nulla
3048 1273 3108 1329 in
3139 1275 3380 1330 alterum
3412 1289 3570 1345 posse
3599 1273 3832 1330 ratione

521 1361 823 1419 confectam
873 1379 985 1418 non
1027 1363 1227 1434 pateris
1273 1362 1503 1420 induere
1537 1382 1549 1420 :
1585 1364 1771 1420 horret
1816 1364 1919 1422 tibi
1950 1363 2117 1420 vestis
2224 1362 2604 1419 transcribere.
2645 1363 2758 1421 Hac
2785 1364 3003 1435 repulsa
3050 1369 3439 1436 compunctus,
3495 1361 3678 1419 tristis
3729 1363 3834 1420 do-

524 1457 637 1520 tua,
667 1469 788 1525 quae
823 1452 894 1508 sit
918 1452 1185 1508 deformis
1208 1468 1277 1507 ex
1299 1455 1517 1509 macula
1541 1471 1554 1520 ;
1589 1463 1643 1510 et
1662 1470 1774 1509 non
1801 1453 1904 1509 tibi
1929 1453 2118 1509 horret
2225 1468 2377 1507 mum
2406 1451 2720 1518 revertitur,
2753 1452 2901 1526 quod
2923 1453 3202 1526 appetitus
3252 1453 3340 1509 sui
3387 1451 3564 1508 libido
3594 1452 3833 1510 recidis.

519 1541 705 1597 anima
736 1549 852 1608 tua,
883 1557 1002 1613 quae
1032 1540 1095 1597 fit
1132 1539 1337 1612 peccati
1371 1542 1531 1598 sorde
1553 1583 1556 1588 -
1579 1549 1632 1598 et
1673 1542 1892 1598 sceleris
1923 1541 2118 1616 inqui-
2225 1548 2306 1596 set
2343 1540 2638 1598 incassum.
2685 1542 2824 1598 Tum
2864 1541 2984 1614 ejus
3037 1542 3238 1599 mulier
3283 1541 3548 1616 sacrilega
3599 1541 3831 1600 Iezabel

518 1629 744 1685 natione
788 1629 1050 1701 polluta?
1085 1629 1204 1685 Nisi
1251 1629 1382 1703 quia
1417 1631 1607 1688 eodem
1650 1639 1930 1690 momento
1972 1631 2119 1687 tuni-
2225 1628 2466 1686 tristitiae
2497 1629 2682 1686 mariti
2731 1647 2920 1688 causas
2972 1630 3228 1704 requirit,
3269 1631 3471 1705 quibus
3499 1631 3838 1704 compertis,

517 1733 637 1773 cam
667 1717 896 1772 festinas
929 1718 1134 1786 eluere,
1175 1726 1237 1774 ut
1264 1719 1438 1791 possis
1464 1735 1584 1776 eam
1625 1718 1886 1776 mundam
1917 1729 1972 1778 et
1998 1721 2117 1779 sine
2226 1719 2401 1776 veluti
2438 1718 2624 1776 saucio
2655 1719 2810 1776 cordi
2843 1718 2962 1792 ejus
3006 1719 3260 1776 fomitem
3289 1719 3691 1778 consolationis
3723 1719 3833 1777 in-

515 1805 632 1860 ullo
660 1820 818 1861 navo
846 1805 1114 1863 foeditatis
1142 1805 1372 1863 induere
1399 1825 1412 1864 :
1443 1807 1641 1866 animae
1671 1825 1803 1866 vero
1833 1818 1942 1867 tua;
1979 1809 2117 1866 infe-
2217 1807 2354 1882 jecit
2385 1827 2396 1866 :
2430 1825 2538 1883 qua
2583 1817 2720 1878 arte,
2761 1809 3144 1882 compluribus
3181 1810 3532 1868 concinnatis
3580 1810 3836 1868 falsitate

515 1903 664 1952 ctum
695 1896 947 1969 squalore
989 1897 1288 1954 criminum
1331 1915 1446 1955 non
1491 1899 1766 1957 desideras
1795 1917 2116 1974 recuperare
2148 1920 2194 1982 Β
2223 1899 2519 1956 calumniis
2547 1898 2781 1956 consilio
2810 1899 3042 1974 impuris
3095 1900 3368 1970 mulieris,
3399 1900 3618 1958 Naboth
3647 1900 3837 1958 inno-

515 1983 810 2040 candorem
863 2002 876 2040 :
929 2001 1033 2043 nec
1078 1994 1232 2058 optas
1287 1986 1430 2042 dilui
1483 1987 1877 2045 conscientiam
1941 1995 2111 2058 tuam,
2225 2005 2354 2046 cens
2397 1989 2672 2062 lapidatus
2713 1989 3004 2048 occiditur.
3046 1991 3272 2048 Funesti
3316 1991 3434 2046 voti
3481 1993 3569 2048 sui
3618 1991 3834 2048 mulier

516 2092 680 2148 quam
725 2075 864 2131 scias
909 2075 1246 2148 ﬂagitiorum
1293 2077 1489 2134 illuvie
1537 2087 1591 2135 et
1644 2079 2115 2136 contaminatione
2225 2077 2455 2151 impleto
2483 2079 2718 2152 ﬂagitio,
2769 2081 2926 2137 velut
2961 2079 3168 2138 victrix
3193 2079 3263 2137 ad
3289 2079 3550 2137 maritum
3578 2081 3831 2154 ingredi-

515 2165 779 2222 scelerum
831 2167 1250 2225 cuenulentam?
1295 2167 1452 2236 Quis,
1501 2185 1656 2241 rogo,
1702 2169 1872 2238 cadit,
1905 2177 1961 2226 et
2004 2185 2115 2226 non
2221 2173 2334 2236 tur,
2365 2167 2683 2240 interempti
2741 2169 2917 2225 exitio
2946 2178 3237 2226 narratura
3265 2169 3516 2226 laetitiam
3553 2186 3720 2244 :quas
3759 2187 3835 2228 ne

515 2256 712 2328 quaerit
757 2272 979 2328 surgere
1000 2258 1027 2314 ?
1057 2257 1181 2330 quis
1227 2257 1558 2326 inﬁrmatur,
1600 2264 1654 2314 et
1690 2274 1804 2314 non
1843 2259 2114 2318 desiderat
2223 2256 2340 2312 sola
2360 2263 2640 2314 teneretur
2667 2257 2728 2313 in
2756 2257 3010 2328 crimine,
3051 2259 3163 2331 egit
3183 2259 3389 2316 astutia
3427 2257 3685 2316 mulieris
3715 2259 3832 2332 pri-

515 2347 897 2403 convalescere
917 2347 945 2403 ‘2
975 2348 1100 2420 quis
1145 2347 1511 2420 periclitatur,
1541 2355 1596 2403 et
1633 2365 1748 2404 non
1792 2357 1942 2422 optat
1989 2367 2112 2407 eva-
2223 2344 2452 2415 mitivaa,
2481 2354 2543 2404 ut
2589 2347 2850 2405 maritum
2893 2349 2962 2405 ad
2989 2347 3388 2406 conscientiam
3413 2349 3639 2406 sceleris
3666 2348 3831 2406 obli-

515 2435 641 2490 dere
664 2436 692 2492 ‘i’
720 2435 842 2508 quis
873 2453 1077 2508 pauper
1105 2436 1351 2506 effectus,
1381 2435 1777 2508 patrimonium
1817 2455 1929 2494 non
1960 2440 2114 2512 cupit
2225 2441 2392 2507 garet,
2429 2443 2483 2492 et
2527 2444 2791 2510 utrosque
2833 2436 3048 2509 jugales
3094 2438 3345 2494 conscios
3395 2454 3510 2494 una
3559 2437 3832 2496 facinoris

516 2529 812 2600 reparare?
859 2529 987 2586 Haec
1029 2529 1076 2586 si
1123 2545 1304 2586 rerum
1351 2528 1558 2602 patitur
1586 2536 1802 2598 natura,
1823 2538 1886 2586 ut
1913 2530 2114 2588 istius-
2222 2531 2414 2582 catena
2453 2525 2714 2582 vinciret.
2788 2550 2806 2574 α
2843 2525 3034 2598 Surge,
3084 2525 3285 2598 inquit,
3335 2527 3558 2600 posside
3598 2528 3824 2586 vineam

518 2615 667 2672 modi
723 2617 1128 2690 emergentlbus
1171 2618 1409 2686 casibus,
1466 2617 1740 2692 quispiam
1795 2617 1978 2675 redire
2024 2635 2115 2676 ne-
2222 2613 2441 2670 Naboth
2467 2613 2785 2684 Jezraelitze,
2811 2613 2906 2688 qui
2944 2614 3127 2672 noluit
3154 2613 3258 2671 tibi
3286 2631 3406 2672 eam
3437 2615 3571 2674 dare
3601 2617 3824 2690 pretio;

515 2715 677 2778 queat
719 2706 789 2764 ad
833 2716 1006 2764 status
1038 2707 1262 2782 pristini
1292 2707 1636 2782 qualitatem,
1670 2708 1926 2764 mmulare
1970 2709 2114 2781 prio-
2223 2701 2354 2774 quia
2377 2719 2501 2758 ecce
2524 2711 2776 2760 mortuus
2811 2713 2895 2760 est
2938 2703 3058 2777 (ΙΙΙ
3085 2705 3212 2776 Reg.
3251 2721 3371 2772 xvr,
3407 2706 3522 2778 15).
3554 2729 3575 2755 ι
3619 2707 3699 2763 At
3729 2707 3828 2764 ille

513 2812 597 2864 ra,
643 2804 707 2854 ut
755 2796 1026 2855 deteriora
1067 2797 1356 2870 percipias,
1405 2797 1624 2854 dimitte
1671 2813 1886 2865 manus,
1931 2805 1986 2853 et
2034 2814 2112 2853 se-
2223 2790 2415 2846 dolens
2457 2791 2740 2846 materiam
2789 2808 2846 2848 se
2900 2791 3196 2865 praebuisse
3235 2794 3430 2850 mortis
3483 2795 3680 2865 occisi,
3731 2797 3830 2854 fa-

513 2885 792 2956 mivigiles
848 2888 1038 2944 oculos
1091 2886 1396 2943 stoliditate
1451 2887 1699 2951 involve,
1767 2885 2115 2942 obdormisce
2225 2880 2434 2938 cinoris
2461 2880 2658 2938 nuntia
2686 2881 3072 2954 perhorrescit,
3119 2891 3173 2939 et
3214 2881 3408 2939 mortis
3450 2881 3568 2955 ejus
3593 2896 3830 2942 causam

514 2992 796 3048 nunquam
847 2975 1226 3046 evigilaturus,
1249 2973 1369 3046 jace
1412 2991 1696 3047 nunquam
1744 2981 2110 3043 surrecturus,
2222 2970 2396 3025 ﬂebili
2424 2971 2615 3026 dolore
2641 2970 2953 3040 lucriﬁcat;
2989 2971 3236 3029 discissis
3263 2971 3411 3028 enim
3439 2971 3720 3045 regalibus
3741 2974 3828 3030 in-

431 3065 439 3072 '
514 3071 569 3120 et
615 3063 869 3118 hebetem
897 3071 1136 3119 mentem
1179 3070 1402 3134 stupore
1435 3063 1647 3135 soporis
1675 3063 1838 3119 elide.
1878 3063 2112 3120 Pcenite-
2222 3057 2502 3116 dumentis
2527 3060 2765 3133 accingit
2796 3077 2852 3117 se
2880 3061 3086 3118 vestitu
3114 3061 3360 3131 funereo,
3401 3077 3514 3118 non
3547 3068 3658 3118 tam
3690 3079 3828 3121 con-

511 3153 594 3211 bit
647 3161 702 3210 te
749 3154 1098 3225 postmodum
1137 3153 1438 3220 tarditatis,
1468 3168 1594 3208 cum
1641 3153 1785 3208 nihil
1830 3152 1978 3226 quod
2007 3153 2114 3211 uti-
2226 3147 2469 3204 scientias
2516 3149 2716 3219 reatui,
2746 3166 2909 3223 quam
2941 3150 3279 3223 poenitentiae
3311 3149 3504 3224 primae
3530 3150 3829 3224 cogitatio-

513 3241 658 3300 litati
692 3241 890 3298 animae
925 3252 1034 3300 tum
1065 3241 1332 3316 proﬁciat,
1364 3239 1712 3312 cogitaveris.
1743 3241 1870 3295 Eris
1898 3257 2113 3315 semper
2141 3284 2184 3345 Ο
2223 3237 2310 3294 nis
2339 3245 2620 3296 attestans.
2680 3264 2700 3289 ε
2749 3239 2822 3297 Et
2865 3240 3074 3298 factum
3128 3248 3210 3298 est
3257 3239 3534 3314 quomodo
3569 3239 3825 3310 audivit,

507 3335 694 3407 jacens
736 3335 1012 3403 inﬁrmus,
1055 3334 1258 3402 nudus,
1308 3337 1625 3404 paupertate
1675 3328 1980 3400 confectus,
2029 3341 2103 3402 et,
2142 3327 2184 3345 “
2221 3327 2422 3402 inquit,
2445 3329 2639 3386 Achab
2668 3330 2799 3404 quia
2826 3339 3078 3388 mortuus
3126 3339 3208 3388 est
3231 3329 3447 3388 Naboth
3477 3330 3827 3401 Jezraelites,

513 3433 575 3481 ut
607 3425 683 3481 ita
712 3423 974 3493 dixerim,
1001 3423 1182 3480 somni
1203 3420 1465 3478 ebrietate
1485 3421 1842 3490 temulentus,
1867 3421 2107 3495 elogium
2218 3421 2460 3496 disrupit
2486 3422 2818 3480 vestimenta
2843 3439 2960 3492 sua,
3001 3431 3056 3480 et
3081 3420 3325 3480 accinxit
3358 3437 3414 3477 se
3443 3437 3600 3478 sacco
3646 3421 3807 3490 (Ibid

513 3513 655 3570 illud
699 3531 808 3586 quo
858 3528 1141 3586 nunquam
1188 3527 1394 3578 careas,
1439 3509 1728 3567 auditurus
1761 3529 1775 3567 :
1814 3533 1834 3558 ι
1861 3511 2107 3568 Dormie-
2219 3511 2333 3582 16).
2392 3535 2412 3559 ›
2477 3511 2684 3569 Vacare
2735 3527 2864 3585 ergo
2895 3510 3078 3584 potuit
3109 3509 3301 3568 Achab
3337 3509 3500 3566 eii‘usi
3526 3511 3831 3584 sanguinis

513 3611 643 3658 runt
686 3619 941 3658 somnum
993 3618 1178 3670 suum,
1227 3610 1282 3657 et
1335 3599 1480 3656 nihil
1534 3599 1870 3658 invenerunt
1929 3602 2103 3676 (Psal.
2218 3601 2418 3674 culpa;
2481 3600 2610 3674 quia
2657 3600 2726 3658 de
2782 3608 3046 3674 concepto
3085 3601 3228 3674 (25),
3276 3616 3390 3657 non
3417 3599 3487 3657 de
3515 3601 3831 3673 parricidio

514 3708 682 3760 Lxxv,
714 3693 795 3760 6).
827 3717 846 3740 ι
899 3693 1170 3762 Exsurge,
1214 3691 1404 3759 frater,
1451 3707 1704 3764 exsurge,
1749 3699 1804 3748 et
1846 3693 2108 3750 malesani
2216 3697 2398 3763 egerat
2425 3689 2830 3764 pcenitentiam,
2889 3697 2942 3746 et
2969 3697 3305 3747 remanserat
3336 3689 3395 3746 in
3421 3689 3652 3764 profana
3683 3707 3830 3750 mu-

513 3781 732 3838 consilii
782 3782 920 3854 pelle
966 3790 1242 3854 torporem
1279 3799 1290 3838 :
1324 3781 1515 3854 vigila,
1555 3797 1770 3854 semper
1819 3781 2008 3854 vigila,
2054 3789 2109 3839 et
2217 3779 2348 3836 liere
2376 3779 2630 3852 impietas
2658 3778 2970 3848 homicidii,
2997 3795 3120 3852 quas
3146 3779 3324 3852 pretio
3349 3779 3588 3852 quodam
3636 3796 3827 3839 cruo-

512 3877 628 3926 esto
671 3887 768 3942 pro
813 3879 908 3926 tua
935 3871 1109 3926 salute
1151 3870 1444 3939 sollicitus,
1482 3887 1594 3926 non
1641 3877 1702 3926 ut
1741 3869 1982 3928 dormias
2019 3871 2108 3930 de-
2215 3869 2293 3926 ris
2321 3869 2480 3925 eﬂ‘usi
2508 3869 2726 3942 putavit
2756 3885 2813 3926 se
2865 3868 3083 3925 vineam
3119 3867 3374 3925 debuisse
3416 3866 3674 3926 mercari.
3710 3869 3830 3928 Sed

511 3968 777 4031 speratus.
819 3959 962 4016 Cave
1008 3968 1342 4016 nocturnum
1390 3960 1592 4029 furem,
1634 3976 1704 4016 ne
1756 3960 1954 4019 domus
1996 3971 2105 4019 tua:
2215 3973 2339 4014 ecce
2366 3958 2510 4014 sicut
2535 3957 2689 4015 canis
2731 3973 2984 4012 reversus
3023 3955 3094 4012 ad
3141 3956 3416 4012 vomitum
3461 3973 3651 4027 suum,
3700 3959 3827 4017 odi-

511 4047 782 4118 perfodiat
815 4049 1096 4120 parietem,
1119 4056 1174 4106 et
1217 4050 1592 4108 meridianum
1622 4049 1981 4122 jaculatorem
2026 4067 2106 4108 sa-
2213 4045 2344 4102 bilis
2395 4045 2504 4102 ﬁt:
2537 4045 2743 4101 oblitus
2792 4043 2983 4101 Achab
3021 4042 3384 4116 pmnitudinis
3431 4061 3566 4114 suae,
3623 4049 3822 4108 statim

511 4139 660 4207 gittae
707 4137 944 4192 volantis
1002 4136 1186 4204 evita;
1238 4145 1388 4210 patet
1441 4139 1590 4195 enim
1647 4137 1964 4196 incursibus
2019 4140 2106 4196 in-
2213 4133 2462 4206 deposito
2505 4134 2678 4202 luctu,
2711 4133 2885 4206 pergit
2921 4132 3190 4205 perempti
3224 4132 3446 4188 vineam
3495 4135 3820 4205 possidere.

511 4233 671 4282 cauta
701 4227 984 4294 securitas,
1017 4235 1071 4282 et
1115 4226 1276 4283 facile
1318 4227 1618 4284 dormienti
1655 4229 1996 4302 subrepitur,
2043 4237 2108 4286 ut
2212 4223 2285 4279 Εῐ
2312 4222 2494 4294 perdit
2521 4222 2850 4279 innocentiae
2869 4221 3150 4292 meritum,
3176 4221 3272 4296 qui
3293 4221 3470 4279 vineae
3501 4224 3825 4297 cupiditate

512 4313 788 4370 lethalitcr
834 4315 1082 4370 feriatur.
1113 4315 1177 4370 In
1225 4315 1490 4387 vigilante
1528 4317 1734 4374 ﬁducia
1759 4327 1862 4386 est,
1894 4319 1952 4374 in
1981 4317 2106 4374 dor-
2215 4312 2500 4384 pellectus,
2534 4311 2791 4370 innexuit
2816 4311 3098 4370 interfecti
3150 4311 3421 4370 occisioni
3448 4329 3814 4376 consensum.

511 4407 713 4464 miente
761 4408 902 4463 nihil
953 4416 1136 4465 tutum
1171 4426 1184 4466 :
1219 4409 1480 4466 convenit
1524 4410 1720 4467 sobriae
1751 4411 1926 4468 menti
1965 4427 2106 4468 som-
2213 4401 2344 4459 ΜΟΧ
2369 4401 2436 4458 ad
2465 4418 2591 4460 eum
2620 4403 2964 4460 venerandus
2989 4401 3142 4459 EH33
3188 4401 3457 4476 Propheta
3489 4403 3811 4477 "laudatur.

509 4515 642 4554 num
673 4515 891 4554 servum
923 4498 1146 4568 habere,
1175 4515 1289 4556 non
1317 4499 1628 4557 dominum.
1655 4501 1876 4575 Befugit
1909 4501 2104 4573 hostis,
2213 4499 2268 4548 θῐ
2295 4493 2567 4551 sententia
2593 4495 2653 4551 in
2683 4509 2809 4552 eum
2846 4511 2974 4554 cum
3011 4493 3398 4571 indignatione
3430 4493 3807 4569 depromitur.

509 4603 669 4660 quem
700 4605 810 4642 non
856 4587 1131 4644 invenerit
1160 4587 1528 4646 dormientem
1562 4607 1575 4646 :
1627 4613 1646 4638 ι
1673 4591 1748 4648 Et
1774 4591 1968 4648 beatus
1995 4609 2104 4649 ser-
2131 4641 2179 4660 η
2213 4591 2276 4638 ιιι
2304 4593 2425 4642 acta
2468 4585 2677 4642 dudum
2703 4585 3026 4660 paenitentia
3051 4585 3430 4654 frustraretur,
3460 4593 3516 4642 et
3543 4585 3814 4647 Vindictae

508 4693 611 4731 vus
639 4676 763 4745 erit,
805 4694 968 4749 quem
995 4677 1294 4735 adveniens
1337 4678 1600 4735 dominus
1639 4678 1922 4738 invenerit
1963 4682 2101 4756 vigi.
2131 4641 2180 4701 D
2209 4674 2551 4732 occasionem
2581 4675 2848 4734 tribueret
2875 4674 3095 4734 sceleris
3119 4675 3396 4749 geminata
3415 4677 3812 4751 praesumptio.

510 4767 1346 4842 lantem(illatth.xx1v,46);:
1385 4769 1516 4843 quia
1545 4769 1728 4828 dicit:
1776 4771 1984 4846 «Surge
2005 4775 2101 4847 qui
2228 4789 2248 4814 ι
2289 4765 2362 4822 Et
2405 4766 2483 4822 ait
2519 4765 2671 4823 Elias
2714 4765 2782 4823 ad
2823 4765 3016 4824 Achab
3062 4765 3238 4823 :Haec
3284 4765 3423 4822 dicit
3477 4765 3756 4824 Dominus
3792 4785 3806 4824 :

507 4855 735 4925 dormis,
783 4873 1014 4930 exsurge
1056 4873 1089 4914 a
1129 4858 1364 4915 mortuis
1412 4859 1632 4932 (Ephes.
1683 4877 1740 4930 v,
1799 4860 1932 4933 15);
1977 4887 1998 4912 ι
2047 4872 2102 4922 et
2207 4855 2351 4912 Ecce
2387 4871 2487 4928 ego
2536 4854 2902 4928 superinduco
2953 4869 3118 4926 super
3143 4861 3198 4910 te
3249 4854 3412 4922 mala,
3461 4861 3516 4911 et
3560 4854 3807 4914 incidam

509 4946 711 5023 attinge
741 4947 1024 5005 Christum
1057 4947 1198 5019 (24).
2208 4952 2331 5016 post
2382 4951 2456 5014 te,
2507 4952 2564 5001 et
2611 4942 2990 5001 exterminabo
3034 4945 3103 5001 de
3131 4941 3324 5000 Achab
3364 4941 3708 5015 mingentem
3736 4943 3810 5001 ad

579 5034 804 5091 CAPUT
827 5036 979 5094 XIV.
1005 5067 1076 5078 —
1099 5037 1204 5094 Sed
1247 5054 1359 5094 non
1405 5041 1601 5110 audeo,
1641 5040 1882 5114 inquies,
1916 5060 2094 5116 orare,
2207 5035 2490 5106 parietem,
2544 5042 2599 5091 et
2627 5042 3001 5108 contemptum
3039 5040 3095 5090 et
3122 5033 3449 5090 derelictum
3487 5032 3547 5088 in
3587 5033 3754 5090 Israel
3789 5049 3803 5088 :

507 5122 635 5195 quia
678 5139 763 5178 me
802 5131 1022 5180 revocat
1063 5125 1429 5194 conscientia;
1460 5143 1570 5184 non
1603 5128 1751 5185 enim
1785 5132 1976 5201 semel,
2005 5133 2099 5190 sed
2207 5131 2261 5178 et
2287 5122 2430 5179 dabo
2469 5123 2695 5180 domum
2723 5122 2913 5179 AOhab
2939 5121 3086 5180 Sicut
3115 5121 3344 5178 domum
3372 5121 3663 5180 Ῑθΐοδοειω
3697 5123 3803 5180 ﬁlii

509 5211 705 5282 εωρῐιιε
751 5219 806 5267 et
850 5211 1167 5284 frequenter
1207 5215 1412 5270 erravi.
1462 5217 1536 5272 At
1567 5233 1665 5289 ego
1695 5216 1874 5276 dicam
1911 5238 1924 5276 :
1957 5221 2014 5278 Si
2044 5231 2098 5278 te
2204 5210 2400 5282 Nabal,
2447 5219 2502 5268 θι
2546 5211 2822 5286 quomodo
2853 5212 3084 5270 domum
3131 5212 3302 5268 Baasa
3346 5210 3452 5267 ﬁlii
3491 5211 3669 5280 Abire,
3703 5229 3804 5286 pro

508 5300 698 5355 orandi
743 5308 963 5358 revocat
991 5301 1340 5372 verecundia,
1387 5305 1649 5376 peccandi
1679 5305 1893 5365 desinat
1921 5311 2100 5382 perti-
2206 5301 2464 5358 omnibus
2493 5303 2695 5376 (111113113
2722 5301 2955 5358 ίιτίῖδεῑί
2983 5303 3181 5369 Deum.
3227 5307 3282 5356 θῑ
3319 5299 3502 5356 fecisti
3556 5300 3800 5358 declina-

509 5390 682 5458 nacia,
714 5399 767 5448 et
804 5392 900 5449 ﬁet
932 5392 1261 5451 beneﬁcium
1289 5393 1524 5466 timoris,
1557 5413 1670 5454 non
1701 5398 2074 5473 desperationi:

2234 5410 2264 5451 e
2308 5394 2473 5452 Israel
2518 5393 2679 5466 (Ibid.
2727 5391 2816 5462 21,
2869 5393 2984 5464 22).
3029 5417 3049 5441 ι
3105 5392 3315 5450 Verum
3359 5391 3455 5450 ille
3505 5408 3633 5450 cum
3681 5410 3798 5451 sen-

506 5491 686 5546 causa,
733 5481 878 5552 quod
919 5483 1138 5539 metuis.
1169 5483 1426 5542 Revereri
1472 5485 1621 5544 enim
1660 5497 1985 5561 potestatem
2007 5491 2096 5565 ju-
2203 5484 2392 5543 tentias
2421 5485 2595 5542 ictum
2632 5500 2745 5542 non
2765 5483 2975 5542 valeret
3001 5482 3260 5556 eﬂ'ugere,
3288 5481 3360 5540 ad
3387 5481 3629 5557 priorem
3658 5501 3784 5559 pm-

581 5700 698 5788 (24)
749 5704 900 5788 ἒξέίιτ
933 5707 1106 5788 _Gill.,
1157 5717 1205 5766 et
1242 5711 1448 5788 accingi;
1480 5712 1752 5788 Christum
1783 5734 1804 5788 :_
1832 5717 2016 5788 Rom.,
2047 5727 2096 5776 et
2207 5722 2494 5780 Christum.

507 5773 723 5840 attinges
767 5773 1036 5832 Christum
1067 5773 1246 5837 :'mss.
1304 5773 1460 5840 Rem.
1503 5791 1558 5842 et
1597 5773 2094 5865 Sorb.,—'et'attiitg'e
2210 5773 2614 5866 “(Vielwﬁodex
2640 5795 2797 5856 Rem.
2827 5802 2882 5854 et
2907 5796 3090 5868 Sorb.,
3120 5797 3251 5872 quia
3277 5797 3341 5856 de
3367 5804 3649 5872 comperto.
