3964 6398
224 409 367 468 1077

1332 420 1428 475 DE
1466 419 1925 480 POENITENTIA
1963 425 2173 483 LIBER
2211 427 2414 487 UNUS.

3399 433 3541 491 1078

219 539 520 597 nitentiam
587 521 860 599 convertit
924 552 1146 617 repente
1213 546 1546 616 consilium,
1612 556 1825 605 reatum
1854 565 1904 625 Α
1935 551 2008 607 Et
2037 552 2255 609 locutus
2285 561 2387 622 est,
2428 554 2632 628 inquit,
2678 555 2949 614 Dominus
2984 557 3275 616 adversum
3306 558 3538 619 Manas-

221 629 449 687 ﬂetibus
476 631 791 702 conﬁtetur,
832 634 1017 690 cilicio
1063 634 1263 708 dejecit
1305 636 1517 707 regium
1564 646 1827 710 potenta-

222 728 369 789 tum,
401 737 617 778 saccum
649 722 833 779 induit
860 723 1221 795 poenitentiae,
1249 732 1302 780 et
1329 726 1597 783 reveritus
1628 727 1826 785 faciem

219 810 638 879 comminantis,
693 811 863 868 tacito
915 813 1121 885 gemitu
1177 813 1493 885 publicabat
1541 816 1823 884 offensam,

220 917 342 956 non
374 902 670 958 excusabat
699 903 1117 960 conscientiam.
1172 929 1191 952 ι
1221 905 1447 960 Factum
1478 914 1578 973 est,
1618 905 1822 979 inquit,

219 991 505 1064 quomodo
550 991 766 1049 audivit
810 993 1001 1049 Achab
1052 1010 1330 1050 sermones
1383 994 1504 1063 hos,
1554 996 1826 1053 reveritus

218 1096 308 1143 est
352 1106 383 1143 a
418 1088 557 1145 facie
603 1090 849 1159 Domini,
901 1098 955 1145 et
1001 1089 1115 1146 ibat
1167 1090 1322 1160 ﬂens,
1373 1089 1517 1147 598
1563 1100 1616 1148 et
1662 1093 1826 1151 scidit

218 1178 555 1234 vestimenta
594 1196 713 1245 sua,
761 1187 813 1235 et
860 1180 1105 1235 accinxit
1150 1197 1207 1236 se
1249 1197 1426 1238 sacco.
1474 1183 1629 1239 Tunc
1677 1182 1824 1237 dixit

217 1268 499 1323 Dominus
542 1267 609 1323 ad
640 1269 820 1324 Ellam
855 1287 866 1324 :
903 1269 1106 1326 Vidisti
1153 1258 1615 1343 quemadmodum
1657 1287 1824 1327 reve-

219 1356 369 1412 ritus
408 1364 486 1412 est
516 1358 708 1415 Achab
737 1376 767 1413 a
796 1358 1127 1416 faciemea?
1168 1361 1289 1417 Non
1335 1360 1592 1433 adjiciam
1638 1362 1824 1418 addu—

218 1461 348 1502 cere
386 1446 530 1502 mala
565 1447 624 1502 in
666 1447 859 1504 diebus
897 1447 1036 1521 ejus,
1083 1448 1178 1505 sed
1222 1450 1283 1505 in
1330 1450 1524 1508 diebus
1560 1450 1663 1507 ﬁlii
1703 1451 1821 1521 ejus

216 1532 494 1589 adducam
544 1533 705 1605 (Ibid.
738 1535 964 1606 27-29).
1002 1560 1022 1584 ι
1063 1536 1149 1590 Εη
1183 1552 1419 1609 quonam
1453 1537 1713 1609 perduxit
1737 1537 1820 1593 ti—

219 1620 437 1677 midum
469 1623 795 1692 reverentia,
846 1631 901 1680 et
947 1631 1214 1696 quantum
1260 1625 1569 1682 severitatis
1607 1633 1816 1683 motum

216 1709 389 1782 fregit
418 1712 631 1767 metusl
681 1712 804 1766 Non
835 1712 1100 1768 orationis
1128 1730 1344 1786 pompa,
1392 1730 1504 1769 non
1550 1715 1817 1771 sermonis

217 1811 444 1871 ornatu,
476 1818 577 1859 nec
605 1803 810 1877 eloquii
840 1803 994 1882 c0pia
1033 1805 1238 1876 placuit
1274 1806 1388 1861 Deo
1419 1823 1432 1861 :
1483 1805 1579 1862 sed
1627 1806 1818 1862 multis

1940 658 2037 699 seu
2064 649 2119 699 et
2175 644 2464 700 adversum
2522 647 2809 718 populum,
2866 657 2920 707 et
2967 665 3080 705 non
3108 648 3402 706 audierunt
3434 667 3447 706 :
3481 660 3537 709 et

1939 733 2164 790 induxit
2210 750 2375 807 super
2430 735 2555 792 illos
2607 738 2879 795 Dominus
2935 740 3209 813 principes
3262 743 3534 801 virtutum

1938 824 2317 898 Assyriorum,
2357 833 2412 882 et
2462 829 2999 901 comprehenderunt
3027 833 3334 901 Manassen,
3362 844 3416 891 et
3443 836 3536 892 al-

1938 914 2249 989 ligaverunt
2280 932 2407 972 eum
2438 917 2679 975 vinculis
2725 927 2779 976 et
2824 922 3203 995 compedibus,
3251 932 3307 980 et
3350 924 3535 981 addu-

1936 1014 2141 1062 xerunt
2164 1021 2287 1061 eum
2318 1007 2377 1062 in
2406 1006 2789 1079 Babyloniam.
2809 1010 2881 1066 Et
2902 1028 3033 1068 mox
3056 1013 3296 1070 afﬂictus
3341 1014 3536 1088 quaesi-

1935 1093 2018 1149 vit
2044 1093 2343 1151 Dominum
2389 1097 2564 1152 Deum
2611 1114 2792 1166 suum,
2823 1106 2879 1154 et
2906 1099 3233 1158 humiliatus
3256 1109 3337 1160 est
3367 1103 3536 1160 nimis

1935 1192 2063 1241 ante
2096 1185 2289 1243 faciem
2319 1185 2419 1242 Dei
2446 1194 2663 1259 patrum
2685 1204 2932 1257 suorum,
2960 1197 3014 1246 et
3034 1192 3214 1247 oravit
3242 1192 3311 1248 ad
3334 1195 3531 1263 Deum,

1934 1280 1989 1329 et
2037 1275 2324 1331 exaudivit
2368 1276 2531 1332 illum
2557 1277 2848 1346 Dominus,
2871 1286 2925 1334 et
2972 1281 3255 1337 revocavit
3284 1281 3443 1338 illum
3472 1283 3533 1340 in

1934 1361 2254 1431 Jerusalem,
2287 1362 2346 1418 in
2375 1379 2603 1435 regnum
2633 1363 2771 1436 ejus.
2820 1365 2893 1420 Et
2950 1367 3210 1439 cognovit
3259 1369 3532 1427 Mauasscs

1933 1449 2064 1522 quia
2092 1451 2363 1507 Dominus
2392 1452 2509 1524 ipse
2558 1460 2640 1508 est
2684 1454 2849 1509 Deus.
2880 1455 3024 1513 Ecce
3048 1463 3312 1529 quantum
3344 1474 3531 1532 repen-

1933 1537 2062 1594 tiuae
2106 1538 2515 1595 lamentationis
2580 1557 2652 1595 ex
2705 1541 2872 1599 corde
2926 1559 3194 1601 converso
3244 1554 3529 1618 peccatum

1931 1648 2091 1689 suum
2118 1632 2273 1690 ﬂevit
2300 1642 2354 1690 et
2381 1634 2569 1703 diluit,
2605 1643 2659 1691 et
2688 1636 2957 1709 lacrymis
2985 1639 3164 1708 tersit,
3207 1640 3355 1713 quod
3378 1640 3532 1698 nefas

1929 1725 2210 1784 infecerat.
2278 1728 2471 1784 Oravit
2526 1734 2713 1784 tamen
2776 1729 3030 1787 conscius
3086 1740 3269 1789 reatus
3319 1733 3443 1801 sui;
3475 1741 3530 1790 et

1927 1816 2157 1871 veniam
2187 1816 2391 1873 meruit
2432 1816 2804 1873 satisfactione
2854 1819 3087 1875 mercari
3120 1836 3133 1875 :
3183 1837 3356 1894 usque
3392 1820 3528 1878 adeo

215 1892 478 1965 precibus
505 1893 896 1966 lacrymarum.
929 1894 1001 1950 Os
1032 1895 1223 1962 tacuit,
1254 1895 1347 1951 sed
1377 1911 1472 1950 cor
1500 1896 1770 1967 ingemuit
1798 1914 1811 1953 :
1856 1935 1902 1995 B
1935 1911 1997 1960 ut
2042 1904 2139 1961 illa
2178 1921 2331 1962 sacra
2358 1923 2480 1979 quae
2508 1906 2716 1963 dudum
2749 1908 2966 1980 profani
2993 1918 3145 1966 actus
3172 1892 3528 1967 contamina-

214 1982 400 2039 oculis
440 1983 615 2050 ﬂevit,
660 1983 755 2039 sed
782 1984 1118 2041 conscientia
1166 1985 1400 2056 planxit,
1450 1993 1505 2041 et
1545 2002 1823 2044 verecun-

214 2071 371 2129 diam
401 2071 765 2146 poenitudinis
793 2072 966 2145 pietas
1007 2072 1254 2129 laudavit
1290 2074 1569 2132 Auctoris.
1621 2076 1820 2133 Parum

212 2161 329 2218 fuit
359 2179 514 2218 reum
544 2162 789 2218 debitum
835 2164 1072 2219 evasisse
1109 2165 1465 2237 supplicium,
1515 2165 1625 2223 nisi
1667 2183 1821 2225 acce-

210 2251 388 2326 pisset
416 2252 723 2308 reverentia
751 2251 1052 2324 probabilis
1080 2253 1481 2311 testimonium.
1522 2256 1595 2311 Et
1626 2257 1820 2327 proba-

210 2349 308 2398 tus
334 2348 418 2398 est
446 2342 505 2397 in
533 2341 752 2409 timore,
785 2343 887 2415 qui
909 2343 1274 2400 damnabatur
1312 2345 1370 2400 in
1407 2345 1640 2402 crimine
1674 2364 1686 2403 :
1720 2364 1821 2405 nec

212 2432 374 2506 prius
411 2433 559 2506 quod
599 2440 831 2489 mortem
879 2434 1025 2489 luxit
1071 2435 1260 2504 occisi,
1313 2435 1477 2493 inane
1525 2438 1670 2505 fuit;
1725 2437 1819 2494 sed

211 2523 508 2595 repetitam
565 2521 868 2580 identidem
929 2525 1147 2596 culpam
1190 2525 1384 2583 iterata
1428 2527 1820 2586 lamentatione

213 2614 494 2686 purgavit.

288 2711 520 2770 CAPUT
553 2712 678 2771 XV.
722 2744 794 2755 —
830 2715 941 2771 Nec
979 2714 1254 2771 Manasses
1288 2731 1505 2788 quoque
1543 2731 1642 2771 rex
1668 2715 1819 2773 ﬁlius

212 2801 469 2857 Ezechiae
499 2802 762 2858 tacendus
793 2810 896 2872 est,
928 2803 1021 2876 qui
1052 2810 1375 2860 cunctorum
1408 2813 1818 2877 praetergressus

214 2889 503 2947 audaciam
534 2892 913 2963 profanorum,
944 2908 1139 2947 manus
1167 2892 1402 2949 tetendit
1447 2893 1646 2966 impias
1690 2911 1816 2951 con-

214 2988 303 3037 tra
326 2982 526 3050 Deum,
558 2989 611 3037 et
640 2983 880 3054 paternis
911 2982 1157 3039 moribus
1201 2983 1554 3057 degenerans,
1587 3001 1655 3041 ex
1698 2993 1817 3042 toto

217 3086 331 3143 prae
364 3069 576 3127 divinis
617 3072 860 3129 cultibus
902 3073 1177 3129 idolorum
1226 3081 1390 3146 caput
1439 3075 1615 3131 erexit
1657 3076 1817 3131 insa-

218 3175 380 3216 num.
448 3161 551 3217 Hic
601 3163 866 3234 sacrilego
923 3163 1106 3219 furore
1161 3179 1462 3235 possessus,
1529 3165 1586 3220 in
1651 3164 1815 3221 domo

215 3250 318 3307 Dei
355 3251 700 3307 exsecrandae
730 3251 1138 3323 superstitionis
1180 3269 1299 3309 aras
1337 3253 1604 3323 instituit,
1632 3254 1816 3310 simu-

212 3338 381 3395 lacris
431 3339 744 3397 daemonum
802 3342 1124 3409 funestavit,
1181 3343 1375 3415 templi
1423 3360 1573 3400 sacra
1623 3344 1817 3401 altaria

213 3427 450 3499 lapideis
506 3430 786 3502 ﬁgmentis
841 3431 1114 3503 implevit,
1175 3432 1328 3487 lucos
1386 3431 1649 3501 excoluit,
1700 3433 1813 3515 igni

209 3525 445 3598 prolano
476 3525 620 3582 ﬁlios
650 3544 778 3583 suos
817 3528 1044 3595 dicavit,
1090 3528 1332 3599 captavit
1385 3528 1612 3599 auguria
1669 3528 1811 3601 (26),

208 3614 387 3670 vitam
419 3632 573 3671 suam
608 3617 893 3673 maleﬁciis
922 3617 1259 3690 inquinavit,
1290 3618 1555 3690 populum
1584 3617 1652 3672 ad
1683 3617 1813 3673 ido-

154 3704 157 3707 ‘
208 3704 395 3759 lorum
452 3705 859 3762 observationes
908 3706 1150 3775 induxit,
1199 3706 1543 3764 caeremoniis
1589 3707 1810 3779 polluit,

207 3792 433 3849 diabolo
487 3795 841 3866 mancipavit,
869 3802 923 3850 et
953 3796 1139 3850 omnia
1186 3812 1305 3867 quae
1344 3794 1553 3850 divinis
1601 3795 1811 3867 legibus

209 3882 599 3954 prohibentur,
657 3884 805 3938 ultra
854 3901 1073 3939 omnem
1117 3882 1466 3939 insolentiam
1514 3881 1810 3954 desperatae

210 3971 416 4027 mentis
459 3972 729 4027 exercuit.
780 3974 883 4027 Pro
914 3972 1001 4027 his
1032 3980 1112 4028 tot
1141 3972 1417 4045 tantisque
1446 3972 1668 4043 ﬂagitiis
1696 3971 1811 4027 du-

206 4066 333 4117 ctus
373 4059 428 4115 in
470 4059 730 4130 praedam,
766 4066 820 4114 et
850 4060 1094 4116 vinculis
1141 4060 1401 4128 innexus,
1449 4067 1810 4131 gravatusque

206 4142 853 4222 compedibus,°pertulit
895 4150 1101 4222 captivi
1143 4150 1499 4223 supplicium,
1543 4157 1706 4223 atque
1748 4150 1807 4205 in

206 4239 573 4312 Babyloniam
629 4246 1051 4313 transportatus,
1113 4240 1411 4313 impietatis
1463 4258 1574 4297 suae
1623 4257 1808 4313 poenas

206 4329 355 4396 luit;
407 4335 469 4385 ut
513 4328 761 4385 divinam
791 4328 1061 4387 ultionem
1091 4331 1320 4386 sentiret
1348 4330 1621 4397 addictus,
1651 4330 1807 4403 cujus

206 4436 495 4493 nunquam
523 4430 682 4479 antea
708 4423 1032 4477 meminerat
1061 4421 1368 4478 induratus.
1398 4422 1646 4495 Denique
1672 4438 1805 4478 con-

206 4524 346 4583 gruo
396 4517 678 4581 correptus
737 4510 952 4582 ﬂagello
1007 4509 1369 4577 convertitur,
1420 4518 1475 4565 et
1524 4511 1696 4565 Deum
1746 4509 1805 4565 in

207 4615 372 4671 poena
399 4600 732 4656 constitutus
762 4599 1004 4672 agnovit,
1057 4615 1218 4672 quem
1269 4599 1326 4654 in
1378 4614 1543 4671 regno
1594 4599 1806 4670 positus

206 4696 366 4744 antea
394 4704 505 4744 non
534 4688 809 4761 quaesivit.
870 4688 1084 4744 Profuit
1131 4687 1356 4744 afﬂictio
1401 4687 1702 4760 desperato,
1752 4696 1806 4744 et

206 4787 454 4834 correcta
496 4785 579 4833 est
628 4777 684 4832 in
732 4778 1013 4849 agnitione
1059 4776 1127 4834 de
1172 4778 1399 4833 stimulo
1448 4777 1806 4834 correctionis

209 4866 556 4939 improbitas.
589 4866 719 4925 Fuit
748 4867 998 4926 vindicta
1037 4867 1134 4924 illa
1169 4867 1371 4925 mentis
1406 4867 1633 4940 perditas
1680 4883 1805 4922 me-

208 4956 418 5026 dicina,
460 4964 515 5013 et
548 4958 787 5014 multum
834 4958 999 5014 saluti
1046 4957 1283 5014 contulit
1332 4957 1633 5029 castigatio,
1683 4972 1803 5029 qum

206 5045 333 5104 ideo
377 5045 692 5104 verberavit
719 5046 974 5119 impium,
1006 5054 1068 5103 ut
1095 5049 1208 5103 Deo
1249 5047 1451 5103 faceret
1496 5052 1799 5118 acceptum,

207 5151 371 5208 quem
411 5135 666 5193 diabolus
714 5152 808 5210 per
843 5136 1222 5208 impotentiam
1261 5136 1464 5192 fecerat
1510 5135 1751 5192 alienum
1784 5151 1796 5190 :

205 5232 261 5281 et
307 5225 508 5281 animae
557 5227 779 5284 sanitati
822 5225 1053 5299 profuit,
1107 5225 1253 5299 quod
1298 5226 1571 5283 inﬂictum
1625 5226 1803 5283 fuerat

208 5314 470 5371 vanitati.
500 5315 616 5372 Hoc
658 5315 943 5388 scripturae
989 5313 1281 5372 dominicae
1323 5314 1458 5372 ﬁdes
1507 5314 1791 5373 admittit:

282 5507 400 5579 (26)
430 5507 583 5564 Edit.
616 5508 823 5590 et_cpd_.
855 5508 1035 5590 Sorb..,
1075 5509 1328 5581 implevit,
1361 5510 1593 5590 adparuit
1621 5525 1800 5582 augu-

202 5580 293 5636 ria
324 5597 341 5660 ξ,
370 5595 490 5652 quae
520 5595 651 5635 vero
681 5580 769 5637 his
798 5580 1159 5650 inseruimus,’
1180 5596 1251 5637 ex
1279 5580 1467 5639 codice
1496 5584 1649 5639 Rem.
1681 5580 1799 5639 mu-

204 5658 345 5707 tuati
375 5667 586 5707 sumus.

278 5722 398 5850 (27)
426 5723 585 5780 Rom.
618 5723 753 5780 edit.
781 5740 811 5781 e
843 5741 1013 5807 margo.
1046 5724 1201 5794 Gill.,
1240 5730 1288 5781 et
1313 5724 1609 5808 aliening
1630 5726 1800 5808 prin-

206 5811 339 5850 cens.
400 5794 525 5850 nfra
565 5810 697 5850 vero
727 5803 956 5850 utrauue
988 5813 1046 5850 1n
1076 5812 1251 5850 θοι-ο..
1287 5814 1439 5850 auem
1467 5798 1800 5850 mmlemum

206 5811 339 5865 cepa.
372 5794 525 5851 Infra
565 5810 697 5851 vero
727 5803 956 5870 utraque
968 5794 1046 5854 'in
1076 5812 1251 5869 corp,,
1287 5814 1439 5869 quem
1467 5794 1801 5871 iacrilégium

1850 3297 1893 3356 C

1934 1993 2083 2050 tione
2111 1995 2401 2066 polluerat,
2423 1996 2481 2051 in
2514 1997 2809 2069 pristinum
2838 1997 3152 2055 restitueret
3173 2015 3525 2069 veneramen,

1930 2090 1983 2139 et
2011 2083 2070 2139 in
2096 2084 2304 2141 cultum
2328 2085 2545 2142 timoris
2573 2086 2674 2142 Dei
2703 2095 2903 2144 cuncta
2932 2095 3239 2158 reponeret.
3260 2088 3526 2145 Consum-

1932 2173 2171 2229 malione
2199 2175 2450 2231 conversi
2490 2176 2780 2248 impletum
2829 2183 2912 2233 est
2965 2177 3349 2250 propheticum
3386 2178 3529 2235 illud

1929 2261 2110 2318 divini
2140 2263 2251 2320 oris
2279 2266 2567 2321 oraculum
2606 2282 2618 2321 :
2664 2289 2683 2313 ‹
2716 2265 2855 2323 Cum
2904 2282 3204 2324 conversus
3249 2267 3421 2325 fueris
3473 2275 3528 2325 et

1930 2351 2285 2424 ingemueris,
2315 2363 2452 2412 tunc
2477 2355 2775 2413 salvaberis
2804 2357 2939 2429 (Isa.
2968 2374 3110 2424 xxx,
3145 2357 3258 2429 15).
3291 2384 3311 2407 ι

2000 2440 2228 2499 CAPUT
2281 2443 2439 2501 XVI.
2498 2475 2568 2486 —
2616 2445 2721 2501 Sed
2776 2446 2910 2519 quid
2965 2463 3061 2518 ego
3107 2463 3296 2503 eorum
3333 2463 3523 2519 regum

1929 2530 2125 2587 faciam
2158 2531 2516 2600 mentionem,
2537 2550 2673 2607 quos
2705 2534 2862 2590 electi
2899 2535 3111 2607 generis
3141 2534 3294 2607 origo
3339 2534 3523 2591 lauda-

1926 2618 2057 2676 bilis
2083 2637 2194 2676 uon
2223 2620 2437 2679 sinebat
2464 2622 2532 2678 ab
2575 2622 2711 2679 urbe
2757 2640 2922 2680 sacrae
2976 2624 3261 2695 religionis
3290 2624 3524 2696 pessima

1926 2709 2280 2781 persuasione
2317 2709 2594 2766 discedere
2641 2727 2653 2765 :
2710 2727 2835 2767 cum
2880 2711 3389 2769 Nabuchodonosor
3426 2712 3522 2770 ille

1928 2796 2113 2853 feralis
2144 2806 2198 2853 et
2225 2796 2534 2870 alienigena
2560 2799 2881 2871 principalis
2914 2800 3029 2873 (27)
3061 2800 3252 2856 divina
3276 2800 3519 2858 animad-

1926 2886 2175 2942 versione
2205 2888 2470 2944 multatus
2505 2888 2614 2956 sit;
2661 2896 2726 2944 ut
2772 2906 2867 2961 per
2914 2889 3353 2948 emendationem
3382 2891 3519 2946 viu-

1925 2974 2085 3033 dictze
2131 2986 2416 3050 cogeretur
2455 2994 2766 3051 agnoscere,
2805 2996 2967 3053 quem
3014 2981 3315 3054 sacrilegiis
3354 2997 3520 3038 ausus

1926 3064 2103 3122 fuerat
2140 3067 2454 3139 abuegasse,
2478 3076 2533 3124 et
2570 3067 2873 3125 virtutibus
2903 3086 3028 3126 eum
3057 3069 3319 3139 crederet,
3353 3086 3517 3143 quem

1926 3171 2020 3227 per
2048 3156 2309 3212 ferociam
2339 3157 2568 3230 spiritus
2596 3166 2722 3214 ante
2749 3158 3009 3216 nescisset
3047 3174 3060 3213 :
3097 3174 3269 3233 usque
3293 3158 3429 3216 adeo
3455 3168 3519 3218 ut

1925 3245 2020 3318 qui
2076 3246 2251 3302 elatus
2278 3246 2477 3319 spiritu
2520 3247 2790 3320 pervicaci
2822 3251 2995 3305 Deum
3025 3265 3083 3305 se
3117 3264 3230 3304 non
3260 3249 3520 3306 timuerat

1924 3342 2083 3390 antea
2112 3335 2418 3407 praedicari,
2448 3352 2560 3391 non
2580 3337 2802 3393 auderet
2828 3338 3178 3409 postmodum
3208 3354 3372 3409 super
3398 3337 3518 3410 ejus

1923 3424 2350 3495 incomparabili
2382 3424 2663 3498 majestate
2691 3426 2913 3482 mentiri
2939 3443 2953 3493 ;
2985 3442 3111 3482 cum
3136 3425 3347 3498 ingenti
3374 3426 3434 3481 in
3457 3443 3515 3483 se

1922 3511 2054 3569 facti
2085 3513 2447 3570 admiratione
2482 3521 2778 3582 correctus,
2799 3529 2910 3569 non
2941 3514 3104 3571 desiit
3137 3516 3317 3570 solum
3337 3516 3513 3573 Deum

1922 3620 2115 3661 verum
2147 3622 2216 3661 ex
2263 3613 2380 3662 toto
2435 3607 2617 3675 corde,
2672 3606 3013 3679 decretisque
3072 3606 3514 3678 pracouantibus

1920 3694 2168 3751 conﬁteri
2189 3696 2217 3753 ‘?
2245 3696 2351 3753 Sed
2373 3696 2420 3753 si
2451 3698 2590 3754 male
2618 3697 2724 3753 tibi
2761 3696 3012 3754 conscius
3041 3698 3307 3754 revereris
3336 3713 3512 3767 orare,

1919 3788 2086 3844 habes
2140 3788 2513 3862 magisterium
2559 3790 2871 3862 publicani;
2912 3791 3015 3848 etsi
3057 3797 3369 3864 suspectum
3413 3807 3515 3864 ge-

1918 3877 2013 3946 ris,
2045 3893 2114 3933 ne
2141 3894 2268 3935 cum
2307 3894 2406 3951 pro
2453 3878 2688 3949 peccatis
2733 3877 2845 3935 tuis
2873 3879 3137 3946 oraveris,
3176 3895 3290 3936 non
3327 3895 3515 3937 mere—

1917 3966 2026 4023 aris
2049 3967 2249 4025 audiri.
2294 3969 2577 4041 Ingressus
2624 3969 2720 4025 ille
2747 3970 3016 4042 templum
3046 3969 3225 4026 fuerat
3252 3977 3514 4043 peccato—

1916 4075 2039 4114 rum
2070 4060 2212 4115 mole
2238 4059 2534 4116 decurvata
2561 4059 2794 4129 cervice,
2837 4067 2891 4117 et
2918 4060 3205 4117 oculorum
3236 4059 3514 4133 palpebris

1916 4147 2071 4219 gravi
2117 4147 2309 4204 morbo
2364 4149 2677 4223 iniquitatis
2732 4150 3080 4223 compressis,
3140 4150 3341 4206 coelum
3398 4164 3512 4205 non

1915 4235 2149 4293 audebat
2173 4237 2459 4309 aspicere:
2510 4245 2657 4294 retro
2704 4237 2931 4310 gradum
2980 4237 3212 4295 timidus
3267 4244 3510 4306 revocat,

1914 4332 1969 4381 et
1999 4332 2307 4382 extremum
2335 4342 2392 4383 se
2420 4341 2530 4383 non
2570 4332 2681 4382 tam
2733 4327 2876 4395 loco,
2927 4342 3092 4400 quam
3130 4324 3346 4398 judicio
3382 4342 3509 4384 con-

1914 4413 2155 4471 scientiae
2182 4415 2329 4472 sistit
2370 4431 2383 4470 :
2442 4432 2545 4473 uec
2586 4414 2656 4471 ad
2696 4415 3117 4490 supplicandum
3146 4415 3512 4472 irreverenter

1913 4502 2106 4574 pedem
2152 4502 2349 4561 incitat
2395 4512 2681 4578 promptus
2708 4504 2956 4570 audacia,
2986 4504 3082 4563 sed
3114 4503 3364 4576 vestigiis
3392 4520 3507 4561 mo-

1911 4594 2047 4651 dum
2069 4595 2378 4665 subtrahit;
2411 4596 2698 4668 publicans
2727 4595 3113 4653 verecundiam
3144 4611 3295 4651 reum
3319 4604 3507 4668 pectus

1833 4664 1882 4723 D
1914 4700 2231 4756 percussum
2277 4664 2469 4741 crebro
2509 4690 2904 4743 commemorat
2934 4684 3076 4755 (28),
3127 4690 3182 4740 et
3225 4664 3338 4741 cor-
3359 4699 3505 4741 con-

1913 4774 2087 4831 scium
2130 4773 2297 4848 pugni
2330 4773 2707 4831 admonitione
2757 4771 3071 4830 contundit.
3117 4771 3505 4832 Audiebantur

1913 4864 2025 4921 oris
2050 4864 2169 4937 ejus
2197 4881 2309 4921 non
2338 4865 2524 4933 verba,
2555 4863 2650 4920 sed
2680 4863 2949 4936 gemitus;
3002 4869 3056 4919 et
3094 4864 3339 4937 quinque
3368 4872 3503 4922 tan-

1914 4964 2031 5012 tum
2078 4954 2423 5011 sermonibus
2462 4952 2733 5011 celebrata
2779 4961 2861 5010 est
2900 4959 3019 5010 tota
3060 4953 3352 5011 confessio.
3388 4955 3505 5012 Hoc

1909 5043 2179 5101 Dominus
2234 5042 2293 5099 iu
2347 5043 2648 5115 Evangelia
2704 5040 3038 5112 manifestat,
3069 5042 3323 5101 homines
3365 5043 3504 5101 duos

1911 5131 2216 5189 ascendisse
2245 5131 2305 5187 in
2333 5132 2600 5204 templum
2630 5132 2855 5189 adorare
2886 5150 2900 5188 :
2945 5148 3091 5188 unus
3141 5141 3256 5189 erat
3310 5132 3502 5206 phari-

1909 5238 2069 5290 sznus,
2103 5228 2156 5278 et
2186 5221 2324 5278 alter
2369 5219 2700 5296 publicanus
2729 5237 2741 5276 :
2791 5220 3092 5294 pharisaeus
3126 5224 3315 5280 ‘autem
3373 5237 3501 5279 cum

1908 5311 2171 5383 stetisset,
2196 5311 2330 5371 talia
2356 5312 2503 5387 apud
2550 5328 2607 5370 se
2650 5311 2976 5386 precabatur
3004 5311 3193 5369 dicens
3224 5327 3238 5368 :
3282 5333 3303 5361 ι
3330 5312 3499 5381 Deus,

1907 5509 2093 5586 fuerat
2112 5526 2149 5586 ;_
2166 5505 2262 5563 ubi
2291 5507 2476 5586 Item.“
2483 5504 2677 5575 codex,
2699 5520 2859 5586 quem
2895 5501 3185 5586 sacrilegis,
3215 5511 3322 5586 etc.

1985 5581 2102 5653 (28)
2127 5582 2209 5636 Ita
2236 5578 2410 5636 codex
2438 5580 2593 5635 Rem.
2620 5577 2786 5645 ;edit.
2818 5592 2970 5653 vero,
3002 5577 3242 5653 publicat
3266 5593 3320 5633 se
3344 5591 3501 5653 vere-

1907 5647 2105 5708 cundia
2146 5668 2317 5720 reum,
2355 5655 2624 5725 peccatum
2664 5647 2914 5722 pectoris,
2940 5647 3278 5722 percussione
3318 5647 3500 5705 crebro

1906 5728 2292 5782 commemorat.
