3964 6380
495 379 632 438 1079

1497 380 1866 458 ΑΠΟΡΕΒΑ
1903 380 1959 437 s.
1997 379 2330 441 AMBROSII
2367 379 2746 440 APPENDIX.

3651 382 3800 442 1080

489 503 690 576 gratias
739 519 840 576 ago
883 504 1008 574 tibi,
1051 505 1181 578 quia
1229 519 1342 562 non
1371 521 1490 562 sum
1522 504 1667 562 sicut
1695 507 1875 562 caeteri
1906 505 2084 562 homi-
2114 507 2164 567 A
2193 514 2276 563 tot
2299 523 2364 566 ac
2391 507 2595 565 talibus
2621 508 2968 566 documentis
3003 523 3264 581 agnoscas
3300 507 3563 567 delectari
3593 509 3799 584 pani-

487 609 584 649 nes
608 592 820 666 injusti,
853 603 1118 666 raptores,
1149 595 1384 652 adulteri
1419 613 1430 651 :
1483 597 1760 669 quomodo
1803 606 1856 654 et
1886 597 2081 669 publi-

486 701 654 742 canus
679 685 800 742 iste.
831 684 1029 757 Jejuno
1057 685 1143 742 bis
1185 687 1244 742 in
1287 685 1533 755 sabbato,
1573 686 1815 742 decimas
1843 687 1914 743 do
1947 705 2079 744 om-

485 774 642 830 nium
675 792 795 847 quae
854 776 1125 848 possideo.
1176 775 1508 832 Publicanus
1560 785 1740 832 autem
1799 776 1866 832 de
1918 767 2078 850 longe

485 864 684 932 stabat,
723 873 776 920 et
825 882 1000 937 neque
1026 867 1214 922 oculos
1240 865 1298 921 in
1328 868 1526 923 coelum
1573 867 1794 922 volebat
1847 868 2028 924 levare
2059 884 2073 922 :

485 953 580 1008 sed
610 953 946 1024 percutiebat
979 962 1164 1024 pectus
1192 971 1378 1020 suum,
1406 954 1596 1011 dicens
1629 974 1640 1011 :
1689 958 1855 1026 Deus,
1879 958 2078 1029 propi-

485 1040 596 1095 tius
621 1048 736 1096 esto
775 1041 911 1096 mihi
945 1043 1212 1113 peccatori
1260 1044 1412 1113 (an.
1452 1061 1612 1111 xvm,
1660 1044 1864 1116 11-13).
1911 1069 1930 1092 ι
1972 1045 2076 1100 Sed

485 1129 708 1185 adverte
734 1130 865 1202 quid
895 1131 960 1186 de
987 1131 1294 1204 inspectore
1328 1131 1509 1188 cordis
1537 1134 1782 1204 exegerit
1820 1149 2077 1190 reverens

486 1220 857 1290 supplicatio:
903 1222 1233 1278 verecundia
1290 1223 1537 1278 mercede
1591 1223 1852 1280 muniﬁca
1907 1224 2076 1280 sensit

482 1310 682 1378 Deum,
716 1327 876 1383 quem
909 1311 1163 1384 cupiebat
1191 1311 1388 1370 habere
1419 1313 1738 1386 pr0pitium.
1771 1315 1842 1369 Et
1886 1314 2072 1370 statim

487 1399 686 1454 meruit
729 1399 1020 1471 justificari
1065 1404 1418 1470 verecundia,
1468 1420 1587 1475 quae
1634 1402 1859 1475 probata
1903 1411 1983 1458 est
2015 1403 2071 1458 in

484 1485 798 1544 humilitate
831 1491 1094 1559 confessa,
1128 1492 1366 1547 Domino
1396 1491 1646 1548 dicente:
1686 1515 1703 1538 ι
1729 1491 1862 1546 Dico
1892 1492 2070 1560 vobis,

481 1576 763 1634 descendit
792 1578 883 1634 hic
921 1577 1256 1650 justificatus
1301 1580 1359 1634 in
1406 1579 1632 1636 domum
1679 1597 1856 1650 suam,
1902 1582 2074 1652 magis

481 1684 644 1740 quam
675 1669 768 1724 ille
798 1669 1096 1740 pharisaeus
1120 1688 1133 1737 ;
1167 1669 1296 1742 quia
1315 1670 1494 1726 omnis
1515 1673 1610 1744 qui
1638 1687 1694 1726 se
1722 1671 2068 1740 exaltaverit,

480 1755 886 1826 humiliabitur,
945 1765 998 1813 et
1059 1759 1154 1831 qui
1199 1775 1256 1816 se
1298 1759 1699 1828 humiliaverit,
1739 1761 2072 1818 exaltabitur

481 1845 644 1914 (Ibid.
680 1845 792 1916 14).
827 1872 844 1893 .

549 1933 777 1990 CAPUT
815 1935 990 1992 XVII.
1021 1965 1092 1976 —
1149 1935 1251 1992 Ubi
1305 1936 1502 1994 deinde
1558 1939 1718 2011 ponis
1756 1939 2070 2012 exemplum

479 2023 728 2079 mulieris
782 2023 934 2080 illius
989 2026 1330 2097 peccatricis,
1373 2043 1494 2100 quae
1537 2027 1773 2085 crimina
1819 2045 1916 2084 sua
1959 2045 2072 2084 non

479 2111 661 2167 verbis
691 2113 808 2168 visa
834 2121 915 2168 est
945 2117 1282 2187 exposuisse,
1319 2116 1412 2172 sed
1445 2117 1724 2190 lacrymis,
1757 2117 1916 2190 cujus
1944 2134 2070 2174 cum

477 2202 686 2257 orando
731 2203 963 2259 tacuerit
1010 2205 1215 2277 lingua,
1248 2206 1585 2278 poenitentiae
1614 2208 1796 2263 ofﬁcio
1825 2209 2073 2264 confessa

477 2299 560 2346 est
580 2290 957 2348 conscientia?
986 2294 1045 2348 In
1064 2293 1228 2350 domo
1257 2311 1490 2368 namque
1512 2296 1764 2368 pharisaei
1784 2295 2070 2368 cujusdam

477 2384 748 2442 Dominus
771 2387 1140 2456 recumbebat,
1163 2395 1217 2443 et
1244 2398 1640 2460 prmparaverat
1675 2390 1827 2446 velut
1853 2389 2070 2446 homini

479 2482 889 2546 temporaneum
923 2477 1162 2531 invitato
1192 2476 1309 2547 (29)
1339 2478 1431 2532 ille
1455 2479 1797 2534 convivium.
1835 2480 1948 2535 lloc
1976 2495 2072 2534 re-

475 2564 690 2636 periens
711 2565 911 2621 mulier
939 2567 1254 2638 prostituta,
1288 2567 1540 2640 pharisaai
1560 2568 1784 2624 domum
1815 2569 2071 2626 audacter

476 2655 802 2725 ingreditur,
832 2664 994 2730 atque
1020 2657 1087 2714 ad
1117 2659 1279 2730 pedes
1309 2659 1531 2715 Domini
1578 2659 1947 2716 recumbentis
1974 2675 2072 2714 as-

475 2744 641 2813 sistit,
665 2746 811 2801 lavat
829 2747 1092 2820 lacrymis
1111 2755 1299 2804 sancta
1319 2749 1790 2821 vestigia,capillis
1811 2747 2066 2818 extergit,

475 2838 756 2892 osculatur
801 2838 1199 2905 incessabiliter
1246 2840 1477 2910 plantas,
1527 2847 1581 2896 et
1621 2839 1860 2912 pretioso
1909 2838 2072 2910 pedes

479 2925 772 2981 madefacit
801 2935 1100 2997 unguento,
1133 2935 1295 2999 atque
1323 2929 1584 2984 omnibus
1629 2944 1766 2999 pene
1811 2926 2071 2982 membris

479 3014 680 3084 quibus
723 3022 850 3070 ante
902 3025 1257 3087 peccaverat,
1317 3023 1462 3080 599
1521 3017 1788 3072 scelerum
1845 3033 2068 3072 suorum

479 3117 721 3170 maculas
748 3117 1020 3188 expiabat.
1055 3117 1207 3173 Tunc
1249 3118 1518 3173 Dominus
1558 3117 1703 3188 apud
1749 3134 1908 3189 quem
1952 3135 2072 3174 ossa

2189 597 2374 653 tentias
2416 597 2708 666 sacrificio,
2757 613 2858 654 nec
2901 597 3127 655 contriti
3174 597 3358 656 cordis
3401 606 3456 655 et
3501 597 3796 656 humiliati

2187 685 2414 757 spiritus
2450 687 2592 759 apud
2633 687 2784 760 pium
2813 685 3058 759 judicem
3087 687 3326 744 verearis
3366 687 3545 760 perire
3573 703 3794 744 merce-

2186 776 2331 844 dem.
2363 777 2644 850 Scriptura
2675 777 2891 835 dicente
2924 795 2936 833 :
2971 800 2999 828 ‹‹
3039 776 3381 834 Sacrificium
3411 779 3524 834 Deo
3553 777 3795 850 spiritus

2186 867 2609 935 contribulatns,
2647 883 2744 924 cor
2786 867 3088 923 contritum
3133 874 3194 922 et
3233 865 3590 922 humiliatum
3639 867 3796 923 Deus

2187 970 2296 1009 non
2325 955 2535 1026 spernit
2565 956 2748 1026 (Psal.
2781 973 2836 1024 ιι,
2863 956 2991 1026 19);
3024 979 3043 1002 ι
3086 971 3186 1010 cur
3229 970 3342 1011 non
3387 954 3456 1012 de
3505 953 3794 1028 profundo

2188 1045 2305 1116 (30)
2347 1045 2604 1113 luxuriae,
2653 1053 2708 1102 et
2757 1045 2826 1101 de
2873 1045 3168 1101 mundanae
3221 1044 3525 1116 voluptatis
3569 1043 3794 1118 gurgite

2184 1132 2408 1189 festinas
2435 1151 2727 1206 emergere,
2760 1142 2921 1207 atque
2959 1133 3028 1190 ad
3075 1135 3413 1206 paenitentiae
3467 1133 3652 1191 ofﬁcia
3701 1149 3792 1190 ca-

2186 1221 2445 1293 pessenda
2473 1239 2542 1278 ex
2570 1223 2888 1279 temulentis
2910 1222 3124 1280 actibus
3143 1222 3454 1295 respirare?
3481 1223 3595 1279 Nec
3623 1229 3796 1294 putes

2183 1311 2330 1384 quod
2359 1319 2413 1367 te
2441 1311 2510 1368 ab
2548 1313 2667 1385 ipso
2697 1312 3062 1384 elongaveris,
3111 1310 3236 1367 ideo
3282 1326 3468 1367 aurem
3512 1310 3618 1366 tibi
3668 1309 3797 1383 ejus

2181 1402 2442 1458 occludi:
2487 1419 2617 1458 mox
2662 1409 2726 1457 ut
2778 1400 3104 1474 pulsaveris,
3153 1399 3298 1456 fores
3341 1399 3572 1472 aperiet,
3623 1408 3680 1456 et
3728 1399 3794 1455 in

2181 1498 2333 1563 septa
2369 1491 2537 1547 cortis
2573 1507 2685 1546 sua;
2733 1487 3106 1545 miserandum
3152 1489 3444 1544 miseratus
3483 1487 3739 1544 includet
3775 1504 3790 1543 :

2182 1589 2397 1638 tantum
2427 1588 2509 1637 est
2537 1589 2600 1638 ut
2626 1580 2833 1637 doloris
2862 1581 2944 1636 tui
2974 1579 3196 1653 querela
3233 1578 3520 1636 ﬂectatur!
3565 1577 3796 1645 Quanto

2180 1678 2239 1725 tu
2288 1670 2479 1742 procul
2530 1668 2884 1737 abscesseras,
2927 1675 3082 1724 tanto
3134 1667 3368 1724 celerius
3417 1665 3793 1738 proximabit,

2179 1759 2450 1831 Pr0pheta
2473 1757 2690 1815 dicente
2727 1775 2739 1814 :
2794 1780 2814 1804 ι
2843 1757 3137 1813 Proximus
3182 1763 3263 1812 est
3305 1757 3452 1813 Deus
3499 1754 3795 1812 tribulatis

2181 1847 2363 1916 corde,
2394 1854 2448 1902 et
2475 1846 2714 1903 humiles
2739 1845 2938 1918 spiritu
2965 1845 3146 1901 salvos
3175 1843 3339 1902 faciet
3365 1844 3543 1915 (Psal.
3571 1859 3790 1912 χχχιιι,

2183 1936 2297 2005 19).
2325 1959 2344 1984 ι
2392 1937 2471 1992 De
2510 1934 2714 2008 quibus
2747 1933 3018 1990 Dominus
3049 1933 3109 1990 in
3131 1931 3475 2005 Evangelia:
3539 1956 3558 1980 ι
3602 1930 3789 2002 Beati,

2181 2024 2385 2098 inquit,
2414 2026 2754 2099 plangentes,
2787 2023 2918 2098 quia
2943 2023 3049 2098 ipsi
3087 2023 3522 2082 consolabuntur
3561 2024 3786 2096 (Matth.

2181 2136 2237 2186 v,
2270 2119 2400 2189 5).»

2253 2222 2482 2284 CAPUT
2508 2225 2712 2283 XVIII.
2743 2255 2814 2266 —
2841 2223 2946 2281 Sed
2976 2239 3166 2297 aspera
3195 2221 3301 2278 tibi
3344 2221 3591 2280 fortassis
3630 2223 3789 2282 vide-

2180 2329 2271 2378 tur
2299 2329 2421 2396 post
2457 2323 2766 2394 voluptates
2802 2321 2987 2378 saeculi
3031 2319 3378 2392 pamitentia.
3417 2320 3627 2378 Verum
3675 2329 3785 2390 est,

2179 2415 2356 2472 sentio
2383 2412 2718 2470 valetudinis
2745 2421 2852 2469 tua:
2873 2411 3098 2480 vitium,
3130 2411 3293 2468 video
3320 2410 3494 2468 animi
3521 2410 3607 2467 tui
3638 2428 3787 2469 mor-

2179 2504 2342 2562 bum:
2375 2503 2470 2560 sed
2499 2503 2544 2558 si
2574 2501 2755 2558 curari
2779 2499 3075 2568 desideras,
3108 2499 3334 2556 medela;
3363 2500 3636 2572 impetum
3667 2517 3784 2558 non

2179 2593 2446 2660 attendas,
2505 2607 2607 2648 nec
2651 2605 2980 2662 expavescas
3025 2581 3360 2657 remedium;
3412 2605 3542 2646 cum
3591 2589 3783 2648 admo-

2179 2682 2322 2738 verit
2347 2688 2445 2737 tuo
2474 2679 2689 2734 vulneri
2721 2679 3136 2747 ferramentum,
3183 2675 3413 2734 celerior
3448 2693 3584 2734 cura
3611 2679 3782 2736 secti-

2180 2774 2302 2830 onis
2347 2771 2600 2829 efﬁcitur.
2643 2770 2780 2826 Nam
2817 2768 3050 2842 pessime
3081 2767 3343 2825 sedulitas
3373 2767 3632 2824 medendi
3665 2769 3785 2842 pal-

2180 2871 2360 2934 patur,
2391 2877 2517 2918 cum
2547 2875 2658 2916 non
2685 2858 2951 2916 continuo
2980 2864 3278 2931 suppurata
3307 2855 3456 2912 labes
3483 2855 3787 2914 abscindi-

2179 2958 2288 3007 tur.
2322 2951 2558 3006 Amarus
2583 2955 2666 3004 est
2695 2955 2884 3020 gustus
2911 2945 3169 3015 antidoti,
3209 2944 3304 3002 sed
3343 2945 3511 3002 vitale
3538 2961 3603 3002 ac
3632 2945 3786 3003 salu-

2180 3049 2297 3096 tare
2352 3049 2451 3108 est,
2509 3037 2656 3113 quod
2709 3045 2794 3094 est
2845 3037 3098 3114 faucibus
3143 3037 3390 3094 insuave.
3447 3035 3616 3093 Curat
3675 3052 3787 3094 nos

2180 3129 2452 3186 Dominus
2506 3143 2618 3184 non
2673 3135 2736 3184 ut
2793 3135 3031 3196 exteros,
3081 3134 3372 3184 extraneos
3429 3124 3537 3182 sibi
3594 3133 3786 3183 servat

480 3211 666 3260 nostra
709 3205 945 3262 discreta
988 3214 1136 3274 sunt,
1186 3206 1450 3278 propheta
1491 3207 1752 3264 dicente:
1799 3232 1817 3254 ε
1870 3207 2072 3264 Omnia
2102 3234 2145 3295 ρ
2179 3235 2532 3292 quoscunque
2591 3217 2870 3274 sanaverit
2921 3217 3326 3291 delinquentes.
3383 3215 3550 3273 Omni
3613 3215 3780 3286 hora,

479 3310 598 3349 ossa
634 3311 754 3350 mea
795 3295 1000 3363 dicent,
1043 3295 1296 3364 Domine,
1343 3297 1464 3368 quis
1495 3297 1694 3352 similis
1730 3297 1832 3352 tibi
1892 3298 2064 3368 (Psal.

476 3399 674 3452 xxxrv,
709 3383 850 3455 10)?
880 3409 897 3431 ι
928 3384 1288 3442 obtrectautis
1314 3385 1566 3458 pbarisaei
1599 3402 1850 3442 murmur
1877 3385 2068 3442 obver-

474 3471 645 3541 berat,
695 3474 964 3529 occultam
1016 3475 1266 3530 mulieris
1313 3474 1724 3546 cogitationem,
1755 3475 1849 3531 sed
1896 3473 2070 3529 mani-

474 3563 666 3619 festam
721 3563 884 3620 fidem
938 3565 1252 3620 admirabili
1297 3565 1615 3637 probatione
1661 3564 1957 3633 collaudat,
2014 3571 2068 3620 et

473 3652 692 3723 praefert
705 3653 1057 3724 apparatibus
1075 3654 1365 3710 invitantis
1388 3655 1703 3712 confitentis
1719 3654 2064 3727 obsequium,

473 3739 646 3810 magis
672 3739 973 3796 delectatus
1011 3742 1260 3798 mulieris
1291 3743 1456 3812 facto,
1486 3759 1648 3816 quam
1681 3743 1934 3816 prandio,
1975 3742 2067 3800 cui

474 3829 598 3900 plus
623 3829 730 3886 fuit
759 3832 1116 3888 conversione
1150 3833 1430 3901 delectari,
1468 3850 1630 3906 quam
1661 3834 1808 3905 pasci
1834 3852 1848 3901 ;
1881 3843 1943 3889 ut
1971 3833 2066 3906 qui

476 3917 584 3973 cibi
619 3918 893 3975 desiderio
928 3920 1155 3976 minime
1183 3919 1504 3990 ducebatur,
1531 3922 1894 3979 confessionis
1923 3939 2067 3994 epu-

475 4005 543 4061 lis
588 4015 898 4078 pasceretur
940 4025 951 4064 :
1023 4034 1042 4056 ‹
1079 4009 1269 4078 Vides,
1310 4011 1514 4083 inquit,
1545 4011 1687 4068 hanc
1723 4012 2008 4069 mulierem
2038 4012 2066 4068 ?

476 4097 682 4151 Intravi
726 4097 783 4152 in
831 4097 1056 4155 domum
1099 4109 1274 4169 tuam,
1306 4103 1554 4158 osculum
1597 4103 1756 4171 mihi,
1787 4111 1841 4159 et
1868 4117 2063 4174 aquam

476 4185 709 4256 pedibus
739 4188 874 4242 meis
902 4206 1010 4243 non
1037 4189 1239 4246 dedisti
1271 4207 1282 4244 :
1315 4191 1432 4247 haec
1467 4200 1650 4248 autem
1704 4208 1773 4247 ex
1825 4207 1935 4264 quo
1968 4191 2066 4244 in—

479 4273 666 4342 travit,
715 4291 826 4330 non
873 4277 1104 4334 cessavit
1140 4280 1372 4335 osculari
1422 4281 1583 4352 pedes
1613 4296 1780 4336 meos.
1819 4281 1953 4336 Oleo
1981 4297 2066 4336 ea-

477 4369 578 4435 put
607 4379 786 4418 meum
820 4381 929 4421 non
961 4367 1194 4438 unxisti,
1226 4368 1341 4426 haec
1380 4378 1557 4426 autem
1585 4377 1866 4442 unguento
1904 4371 2067 4427 unxit

476 4452 638 4524 pedes
669 4471 836 4510 meos.
870 4456 1097 4528 Propter
1141 4460 1286 4530 quod
1321 4461 1447 4515 diro
1475 4460 1600 4527 tibi,
1630 4461 1988 4517 remittuntur
2015 4461 2065 4518 ei

476 4551 694 4612 peccata
723 4545 918 4612 multa,
951 4547 1080 4618 quia
1107 4547 1304 4604 dilexit
1353 4549 1610 4604 multum.
1652 4549 1724 4604 Et
1770 4565 2068 4607 conversus

475 4629 542 4684 ad
578 4631 859 4688 mulierem
893 4615 1040 4691 dixit
1072 4653 1083 4692 :
1133 4637 1372 4692 Dimissa
1423 4646 1554 4693 sunt
1598 4637 1700 4693 tibi
1733 4647 1952 4710 peccata
1975 4647 2070 4694 tua
2097 4615 2145 4674 D

477 4719 629 4790 (Luc.
666 4737 764 4789 vn,
794 4721 910 4793 44).
944 4747 962 4770 ι
997 4724 1231 4781 Parvum
1261 4733 1344 4781 est
1381 4725 1484 4782 hoc
1505 4727 1533 4784 ?
1573 4727 1929 4783 Postmodum
1959 4743 2067 4784 au-

474 4817 583 4866 tem
615 4810 741 4866 vide
771 4812 902 4884 quid
929 4814 1115 4870 audiat
1147 4833 1159 4870 :
1207 4839 1226 4863 ι
1256 4816 1416 4884 Filia,
1449 4817 1584 4874 ﬁdes
1619 4826 1714 4873 tua
1762 4825 1816 4873 te
1855 4819 2068 4882 salvam

482 4897 628 4967 fecit,
658 4900 795 4956 vade
827 4901 880 4956 in
912 4918 1039 4973 pace
1070 4904 1232 4974 (Ibid.
1275 4905 1392 4975 50).
1423 4929 1444 4954 ι
1503 4906 1724 4963 Dudum
1765 4909 2064 4979 peccatrix,

485 4987 727 5046 absoluta
754 5006 885 5045 mox
927 4991 1060 5059 ﬁlia,
1090 5002 1144 5050 et
1207 4993 1265 5048 in
1321 4995 1544 5051 Domini
1596 5013 1725 5068 pace
1775 4998 2064 5054 confestim

473 5077 723 5134 absoluta
775 5079 1099 5150 dimittitur,
1149 5098 1269 5155 quae
1316 5100 1540 5141 suorum
1587 5085 1735 5143 bello
1764 5086 2064 5144 criminum

476 5167 807 5224 vastabatur.
845 5169 958 5224 Hoc
1003 5179 1086 5226 est
1125 5171 1267 5227 illud
1316 5174 1695 5245 propheticum
1729 5177 2012 5233 oraculum
2047 5192 2060 5230 :

488 5282 504 5303 ι
535 5258 672 5314 Cum
703 5275 998 5315 conversus
1027 5261 1196 5318 fueris
1232 5271 1287 5319 et
1331 5263 1684 5335 ingemueris,
1714 5275 1848 5324 tunc
1876 5269 2064 5323 salva-

471 5353 616 5410 beris
659 5356 794 5426 (Isa.
826 5374 964 5426 xxx,
1000 5359 1089 5428 15)
1121 5377 1134 5426 ;
1169 5384 1187 5408 ι
1220 5368 1272 5416 et
1306 5375 1318 5413 :
1354 5385 1372 5406 σ
1399 5361 1498 5418 Dic
1534 5371 1591 5418 tu
1626 5363 1775 5434 prior
1803 5365 2062 5438 iniquita-

473 5449 550 5500 tes
579 5453 720 5513 tuas,
751 5454 812 5503 ut
835 5445 1156 5518 justiﬁceris
1193 5449 1328 5521 (Isa.
1356 5466 1516 5518 xun,
1557 5451 1671 5522 26).
1705 5473 1734 5501 »
1767 5452 1903 5509 Cum
1933 5470 2062 5528 ergo

471 5597 654 5720 “((39)
686 5597 855 5667 Edit.,
886 5599 1141 5658 invitator
1170 5619 1188 5658 :
1220 5603 1397 5662 codex
1427 5603 1584 5662 Rem.
1617 5621 1682 5663 ac
1713 5605 1895 5677 Sorb.,
1924 5607 2060 5666 invi~

543 5736 658 5808 (30)
686 5736 836 5794 Edit.
867 5739 1022 5810 Gill.,
1055 5759 1146 5798 nec
1190 5745 1252 5800 de
1298 5744 1612 5817 profundo;
1667 5747 1850 5816 Rom.,
1899 5749 1948 5804 si
1998 5751 2062 5806 de

2177 3307 2329 3364 omni
2357 3307 2448 3364 die
2477 3306 2534 3362 in
2560 3305 2820 3363 curandis
2855 3305 3122 3375 intentus,
3161 3321 3264 3363 nec
3298 3303 3610 3361 retardatur
3635 3311 3784 3361 tem-

2178 3415 2328 3472 pore,
2359 3415 2458 3456 nec
2487 3399 2618 3455 ullis
2648 3414 2924 3454 morarum
2954 3397 3252 3454 obstaculis
3279 3395 3786 3469 impeditur.Plane

2177 3496 2312 3546 tunc
2340 3487 2460 3561 ejus
2488 3489 2665 3544 virtus
2690 3487 3011 3561 impeditur,
3033 3503 3162 3544 cum
3183 3502 3295 3542 non
3321 3487 3584 3544 inventus
3605 3486 3787 3544 fuerit

2180 3578 2322 3651 (3i),
2351 3577 2448 3652 qui
2485 3587 2734 3646 curetur;
2785 3583 2940 3632 vacet
2979 3577 3131 3633 enim
3177 3593 3397 3633 necesse
3443 3583 3524 3633 est
3569 3575 3786 3634 beneﬁ-

2176 3666 2323 3722 cium
2349 3665 2593 3732 Domini,
2625 3682 2748 3722 cum
2779 3681 2891 3720 non
2919 3672 3117 3734 exstat,
3144 3664 3236 3722 cui
3265 3664 3460 3722 debeat
3501 3663 3781 3723 misereri.

2177 3757 2383 3828 Aspera
2410 3762 2491 3810 est
2514 3753 2797 3826 castigatio
2833 3754 3196 3827 paenitentiae,
3237 3753 3332 3810 sed
3379 3753 3562 3810 lenior
3605 3753 3785 3811 elﬁci-

2174 3852 2286 3913 tur,
2317 3843 2364 3900 si
2397 3843 2596 3901 modus
2625 3845 2799 3916 culpaa
2828 3850 3112 3899 tractetur.
3161 3841 3498 3915 Iampridem
3527 3849 3584 3900 te
3612 3859 3783 3900 mun-

2175 3938 2336 3994 dialis
2363 3954 2577 4010 pompae
2598 3936 2905 3993 oblectabat
2941 3937 3192 4007 ambitio,
3241 3945 3296 3994 et
3343 3938 3402 3994 in
3447 3954 3672 3995 servum
3719 3947 3786 3997 te

2174 4025 2280 4082 sibi
2307 4026 2624 4082 dominatus
2659 4024 2845 4081 seaculi
2878 4023 3216 4092 vindicabat,
3254 4039 3404 4080 nunc
3447 4024 3504 4081 in
3547 4025 3785 4086 luxuria

2175 4113 2483 4181 remissum,
2537 4129 2688 4169 nunc
2732 4112 2793 4167 in
2846 4111 3153 4166 vinolentia
3207 4109 3538 4169 demersum.
3589 4115 3662 4171 Hi
3720 4125 3783 4175 te

2175 4201 2338 4258 modo
2374 4200 2638 4258 exercitio
2681 4200 2891 4258 aleonis
2925 4200 3199 4258 intentum
3234 4199 3514 4271 viderunt,
3561 4204 3661 4260 alii
3702 4207 3778 4264 ad

2175 4290 2540 4365 ganeandum,
2569 4291 2662 4346 alii
2693 4290 2752 4347 in
2777 4297 3019 4348 scortum
3051 4291 3378 4364 projectum,
3409 4290 3503 4349 isti
3542 4291 3778 4366 lupana-

2176 4381 2328 4437 ribus
2355 4380 2749 4453 mancipatum,
2786 4379 3084 4453 unguentis
3119 4379 3380 4450 oblitum,
3426 4381 3778 4442 aromatibus

2175 4471 2504 4540 delibutum,
2535 4478 2590 4528 et
2619 4470 2919 4544 peregrinis
2941 4469 3237 4526 cernebant
3270 4469 3450 4527 oculis
3472 4471 3772 4532 infectum.

2175 4560 2509 4634 Splendebas
2573 4560 2838 4628 vestibus,
2904 4575 3040 4614 auro
3104 4558 3372 4632 fulgebas,
3427 4561 3659 4632 gemmis
3717 4572 3776 4622 et

2178 4651 2591 4724 pretiosissimis
2653 4649 2966 4724 margaritis
3027 4649 3331 4707 ornabaris.
3380 4650 3573 4708 Vicem
3639 4669 3774 4727 ergo

2177 4740 2287 4796 vici
2315 4739 2563 4806 restitue,
2595 4747 2650 4796 et
2682 4755 2802 4796 sero
2842 4739 3032 4795 saltem
3081 4738 3584 4812 compensationem
3630 4747 3773 4798 tem-

2177 4845 2368 4900 porum
2397 4827 2737 4901 temporibus
2759 4827 2924 4884 redde
2953 4845 2965 4884 :
3018 4827 3352 4901 reciprocam
3395 4828 3569 4886 vitam
3615 4837 3772 4889 tuam

2175 4917 2233 4974 in
2261 4926 2496 4992 utroque
2526 4925 2648 4974 actu
2681 4917 2877 4990 aequali
2907 4918 3284 4976 moderatione
3316 4919 3539 4992 partire.
3587 4920 3772 4978 Fuisti

2172 5014 2309 5065 tunc
2335 5007 2564 5076 diaboli,
2609 5015 2724 5064 esto
2769 5025 2920 5066 nunc
2962 5009 3102 5076 Dei;
3153 5010 3267 5066 imo
3311 5026 3444 5066 vero
3481 5017 3601 5068 esto
3648 5010 3768 5085 jam

2171 5103 2320 5166 tuus,
2348 5097 2444 5172 qui
2466 5098 2675 5156 dudum
2705 5097 2886 5156 fueras
2915 5101 3145 5158 alienus.
3191 5101 3265 5158 Et
3300 5099 3536 5158 forsitan
3563 5101 3614 5158 si
3638 5118 3770 5160 con-

2172 5187 2398 5257 sideres,
2456 5188 2692 5245 multum
2748 5189 3014 5263 temporis
3051 5189 3350 5258 decoxisti;
3401 5198 3465 5248 ut
3511 5190 3570 5248 id
3615 5190 3767 5265 quod

2171 5277 2454 5334 residuum
2511 5286 2612 5348 est,
2666 5278 2834 5336 breve
2883 5288 3099 5352 tempus
3143 5287 3416 5353 angustet.
3467 5280 3618 5338 Vaca
3651 5279 3768 5354 jam

2169 5366 2294 5436 tibi,
2325 5383 2438 5425 non
2467 5369 2736 5442 tempori;
2769 5385 2922 5436 vaca,
2953 5369 3094 5438 dixi,
3135 5386 3247 5426 non
3286 5379 3349 5428 ut
3397 5378 3636 5444 torpeas,
3670 5370 3766 5428 sed

2169 5463 2232 5512 ut
2261 5456 2478 5530 negotio
2503 5459 2866 5516 confessionis
2903 5457 3141 5516 insistas.
3175 5459 3468 5518 Revertere
3504 5461 3566 5518 in
3615 5463 3764 5520 viam

2161 5609 2476 5686 profundo;
2503 5609 2678 5686 codex
2699 5611 2878 5686 Bem.,
2909 5627 3138 5686 cur__non
3166 5613 3228 5668 de
3251 5611 3548 5686 profundo.

2242 5682 2360 5757 (3l_)_
2401 5683 2482 5738 Ita
2523 5681 2660 5757 cod._
2703 5682 2859 5738 Rem.
2889 5681 3086 5757 ;_edi_t.
3136 5681 3286 5755 vero,
3336 5681 3391 5742 et
3435 5702 3538 5744 ms.
3576 5685 3760 5757 Sorb.,

2165 5751 2470 5824 impeditur,
2495 5769 2614 5808 cum
2640 5752 2877 5809 inventus
2903 5751 3092 5824 fuerit,
3117 5761 3224 5813 etc.
