3964 6380
454 407 592 466 1083

1465 405 1560 460 ΑΒ
1599 402 1832 460 omna
1870 401 1928 458 s.
1953 399 2286 485 mnosu
2324 400 2703 458 APPENDIX.

3600 401 3758 460 1084

449 539 510 596 in
540 536 822 594 montibus
861 536 1177 610 dereliquit,
1209 535 1305 609 qui
1335 551 1498 592 unam
1529 535 1815 592 erraticam
1846 531 2040 607 requi—
2064 533 2116 594 A
2151 533 2323 604 ponit,
2358 533 2416 588 in
2443 549 2550 606 qua
2578 531 2950 589 Ecclesiarum
2980 533 3200 604 angelos
3229 531 3500 604 increpat,
3551 539 3615 588 ut
3640 533 3756 604 pri-

450 627 622 695 sivit;
655 627 770 683 illis
797 625 1044 682 debitum
1079 623 1314 682 reddens
1332 623 1564 697 justitia
1592 623 1899 696 pramium,
1925 621 2044 678 istis

449 715 781 772 beneﬁcium
813 713 1206 770 misericordia
1254 714 1574 770 collaturus.
1609 715 1724 770 Hoc
1750 713 2046 785 Apostolus

449 803 644 877 probat
672 803 862 860 dicens
898 821 911 860 :
977 827 996 850 α
1042 803 1109 859 Ei
1155 809 1336 858 autem
1384 803 1479 876 qui
1526 819 1638 858 non
1685 809 1961 874 operatur,
1991 808 2046 856 et

449 893 627 951 credit
673 893 730 948 in
771 909 920 960 eum,
973 892 1069 964 qui
1113 891 1380 963 justiﬁcat
1413 884 1668 963 impium,
1717 897 1936 963 accepta
1964 898 2046 946 est

450 981 588 1040 ﬁdes
617 981 735 1054 ejus
767 981 826 1038 in
861 980 1080 1054 justitia
1121 979 1424 1036 secundum
1473 981 1814 1052 propositum
1859 979 2046 1051 gratia

449 1073 550 1130 Dei
581 1073 756 1144 (Rom.
790 1087 864 1138 1v,
897 1071 980 1142 5).
1009 1094 1029 1118 ι
1091 1069 1339 1143 Denique
1367 1068 1665 1125 Dominum
1689 1068 1818 1125 audi
1847 1069 2046 1141 quibus

444 1159 647 1234 jaculis
678 1159 736 1215 in
766 1159 1070 1231 Evangelio
1101 1159 1263 1216 feriat
1291 1158 1456 1214 corda
1483 1158 1850 1231 peccantium,
1881 1166 1935 1212 et
1965 1157 2046 1212 in-

451 1249 663 1321 telliges
717 1246 912 1321 quanti
968 1247 1164 1306 fecerit
1218 1247 1560 1320 panitentia
1619 1255 2040 1304 sacramentum.

463 1367 483 1390 ι
519 1341 766 1398 Aderant
801 1349 1005 1409 autem,
1049 1339 1258 1412 inquit,
1298 1341 1392 1414 qui
1423 1341 1474 1396 ci
1505 1339 1825 1396 nuntiarent
1852 1337 1919 1394 de
1947 1338 2046 1392 Ga-

452 1432 634 1499 lilais,
696 1447 932 1506 quorum
989 1429 1202 1485 Pilatus
1250 1428 1570 1501 sanguinem
1635 1427 1857 1483 miscuit
1918 1443 2044 1482 cum

449 1519 735 1577 sacriﬁciis
789 1535 1000 1575 eorum.
1053 1519 1207 1574 Tunc
1237 1517 1376 1573 dicit
1420 1515 1534 1571 illis
1579 1517 1779 1572 Jesus:
1838 1516 2048 1572 Putatis

449 1610 581 1684 quia
608 1609 700 1665 isti
731 1607 945 1664 Galilai
975 1623 1085 1678 pra
1115 1606 1372 1662 omnibus
1407 1606 1648 1662 Galilais
1679 1606 1884 1663 fuerint
1912 1623 2048 1678 pec-

447 1705 680 1764 catores,
729 1695 860 1770 quia
915 1695 1049 1751 talia
1096 1695 1238 1767 passi
1287 1695 1466 1751 sunt?
1519 1695 1654 1751 Dico
1701 1694 1878 1763 vobis,
1937 1695 2047 1750 nisi

449 1785 836 1858 paenitentiam
863 1783 1106 1856 egeritis,
1133 1799 1323 1840 omnes
1343 1783 1598 1840 similiter
1619 1783 1869 1855 peribitis
1891 1784 2043 1854 (Luc.

2153 621 2219 676 sti
2228 620 2314 677 nis
2341 621 2577 678 fraudati
2608 621 2887 678 erroribus
2905 620 2973 678 ad
2990 621 3330 692 panitentia
3357 622 3603 677 lamenta
3629 637 3758 676 cur-

2155 719 2354 767 ventur
2379 729 2392 778 ;
2425 728 2551 767 nam
2585 711 2850 784 probatur
2875 711 2956 767 sic
2984 711 3254 766 Dominus
3282 711 3496 766 nullius
3520 709 3758 766 deside-

2156 815 2276 855 rare
2343 801 2582 870 ruinam,
2649 800 2747 874 qui
2801 799 3016 857 cadenti
3072 800 3273 873 ingerit
3339 801 3754 872 paenitentiam.

2154 889 2364 961 Angelo
2391 889 2628 963 denique
2655 891 2918 946 Ecclesia
2947 889 3150 960 Ephesi
3178 907 3190 945 :
3262 913 3280 935 ε
3309 889 3610 958 Memento,
3652 889 3760 945 in-

2155 978 2294 1050 quit,
2351 979 2498 1034 unde
2549 979 2834 1047 cecideris,
2895 987 2950 1035 et
2996 995 3093 1050 age
3141 977 3544 1050 paenitentiam,
3579 987 3636 1034 et
3665 979 3760 1035 fac

2155 1067 2332 1137 prima
2350 1084 2546 1140 opera:
2581 1068 2668 1124 sin
2696 1075 2900 1137 autem,
2932 1066 3098 1124 venio
3126 1067 3254 1136 tibi,
3283 1076 3340 1124 et
3368 1067 3604 1124 movebo
3623 1084 3757 1124 can-

2155 1155 2439 1213 delabrum
2473 1165 2628 1213 tuum
2661 1157 2728 1213 de
2756 1159 2874 1214 loco
2898 1173 3018 1226 suo,
3065 1156 3173 1213 nisi
3201 1157 3584 1229 panitentiam
3615 1175 3760 1230 ege-

2156 1246 2232 1301 ris
2277 1247 2466 1320 (Apoc.
2498 1266 2561 1317 ιι,
2591 1248 2671 1322 5).
2706 1273 2725 1296 ι
2781 1249 2852 1304 Et
2879 1264 3003 1304 ecce
3031 1255 3215 1304 tamen
3259 1249 3487 1322 angelus
3515 1249 3755 1318 dicitur,

2155 1336 2244 1390 cui
2271 1337 2607 1410 poenitentia
2651 1355 2782 1395 cura
2810 1339 3206 1411 conversioque
3235 1337 3548 1406 mandatur,
3601 1344 3752 1402 601

2155 1443 2209 1491 et
2253 1435 2320 1490 ad
2351 1435 2534 1508 priora
2579 1451 2744 1508 opera
2777 1435 3112 1508 perﬁcienda
3156 1435 3440 1506 suadetur,
3493 1445 3556 1494 ut
3599 1437 3755 1494 nihil

2154 1525 2400 1581 amisisse
2442 1539 2513 1580 ex
2561 1525 2694 1582 totis
2737 1525 2854 1581 suis
2895 1525 3106 1582 meritis
3156 1526 3460 1582 intimetur.
3507 1527 3758 1584 Gravius

2160 1623 2340 1672 tamen
2371 1615 2616 1670 minatur
2639 1614 2945 1670 admonitio
2973 1615 3354 1688 panitentiam
3385 1632 3499 1672 non
3535 1618 3752 1690 agenti,

2155 1707 2201 1764 si
2231 1706 2634 1765 contumaciam
2659 1705 2947 1778 pertulerit
2977 1705 3219 1763 indurati
3244 1725 3258 1775 ;
3281 1708 3388 1764 erit
3407 1709 3556 1765 enim
3587 1709 3750 1765 inex-

2154 1795 2413 1852 cusabilis
2447 1797 2707 1853 severitas
2734 1795 2988 1864 ultionis,
3035 1796 3081 1852 si
3111 1797 3382 1852 cervicem
3413 1797 3756 1855 indomitam

449 1891 577 1944 xm,
612 1874 748 1946 1-3).
786 1899 804 1924 ι
866 1876 979 1930 Aut
1006 1872 1091 1929 illi
1136 1873 1324 1930 decem
1355 1881 1409 1930 οἵ
1445 1880 1568 1930 octo
1597 1889 1761 1944 super
1789 1888 1926 1946 quos
1962 1887 2045 1928 σε·
2074 1891 2118 1951 Β
2155 1900 2264 1940 non
2289 1884 2508 1941 ﬂexerit
2543 1884 2720 1956 prima
2749 1883 3048 1941 correctio:
3108 1892 3162 1941 et
3191 1885 3335 1941 malo
3377 1901 3478 1942 suo
3515 1886 3752 1960 peribit,

447 1961 586 2020 cidit
613 1962 782 2019 turris
811 1962 872 2018 in
901 1962 1068 2030 Siloe,
1095 1969 1147 2019 et
1167 1960 1372 2020 occidit
1413 1978 1522 2029 eos,
1558 1961 1763 2034 putatis
1785 1961 1914 2034 quia
1931 1977 2042 2032 pra

447 2051 662 2110 cateris
695 2060 1008 2125 peccatores
1037 2051 1265 2121 fuerint,
1317 2051 1414 2126 qui
1469 2051 1791 2108 habitabant
1817 2052 2044 2108 Jerusa—

447 2140 603 2198 lem?
645 2165 666 2190 ι
690 2141 827 2198 Dico
855 2141 1034 2210 vobis,
1076 2141 1185 2197 nisi
1233 2141 1612 2214 poenitentiam
1641 2135 1882 2214 egeritis,
1915 2157 2046 2197 om-

449 2245 547 2286 nes
575 2229 833 2286 similiter
860 2230 1134 2302 peribitis.
1157 2255 1176 2277 ι
1206 2231 1277 2286 Et
1304 2229 1538 2302 subjecit
1566 2230 1635 2286 ad
1664 2229 2044 2303 probationem

454 2317 532 2374 rei
561 2318 990 2390 comparationis
1032 2320 1371 2390 exemplum,
1421 2318 1671 2374 ﬁculnea
1701 2319 1911 2374 arboris
1951 2318 2046 2374 fa—

449 2405 607 2464 ciens
636 2407 996 2476 mentionem,
1039 2424 1159 2480 qua
1189 2407 1374 2464 fructu
1403 2407 1608 2464 sterilis
1637 2416 1691 2463 et
1721 2408 2046 2480 infrugifera

442 2493 672 2567 jubetur
699 2495 948 2552 abscindi
986 2513 998 2553 :
1049 2495 1144 2551 sed
1175 2495 1494 2551 interventu
1541 2496 1723 2552 coloni
1757 2496 2043 2553 interitum

447 2587 658 2645 differri
712 2587 1074 2660 permittitur,
1139 2587 1315 2644 donec
1367 2587 1625 2658 congruis
1687 2587 2046 2645 circumfossa

448 2675 704 2745 culturis,
733 2675 988 2732 adhibito
1017 2675 1258 2748 cophino
1285 2675 1563 2746 stercoris,
1593 2675 1662 2732 ad
1691 2676 2044 2748 proferendos

449 2764 662 2822 fructus
705 2764 1044 2838 paenitentia
1093 2765 1399 2821 differatur.
1448 2766 1618 2821 Porro
1649 2764 1694 2822 si
1722 2766 1886 2822 arbor
1922 2782 2042 2838 qua

448 2853 661 2926 generis
707 2853 794 2910 sui
846 2854 1090 2911 fructum
1143 2855 1362 2910 nullum
1410 2853 1606 2922 edidit,
1653 2862 1780 2910 ante
1829 2863 2044 2926 tempus

447 2949 718 3016 pracepta
745 2951 828 2999 est
857 2942 1152 3015 amputari,
1196 2942 1345 3014 quali
1370 2941 1484 3014 jam
1514 2943 1846 2998 ferramento
1875 2949 2045 2998 trun-

447 3031 642 3100 canda,
673 3032 763 3087 vel
792 3029 969 3086 securi
999 3031 1252 3086 caedenda
1279 3040 1380 3098 est,
1402 3048 1522 3102 qua
1553 3031 1812 3102 vepribus
1841 3031 2040 3100 obsita,

445 3127 501 3176 et
529 3119 704 3191 spinis
745 3118 1067 3189 alienigenis
1114 3118 1440 3190 constipata,
1486 3119 1696 3174 nullam
1745 3119 1939 3174 habuit
1986 3120 2043 3175 in

2152 1975 2247 2048 qui
2293 1973 2686 2032 comminantis
2725 1975 3050 2030 auctoritate
3088 1975 3468 2047 praemonitus,
3513 1976 3755 2032 satisfa-

2151 2063 2352 2119 ctionis
2375 2061 2508 2135 jugo
2536 2062 2844 2135 pervicacia
2859 2063 3001 2120 colla
3020 2080 3131 2120 non
3147 2063 3265 2137 subj
3275 2065 3390 2122 icit.
3413 2065 3753 2122 Rediturum

2153 2167 2276 2208 eum
2309 2167 2436 2207 sane
2463 2151 2529 2208 ad
2557 2159 2761 2208 statum
2788 2153 3128 2224 praeteritum
3169 2153 3476 2226 proﬁtetur,
3527 2155 3626 2228 qui
3678 2154 3753 2212 ad

2151 2258 2292 2298 vera
2323 2241 2452 2297 vita
2483 2241 2720 2298 stadium
2750 2242 3154 2300 decurrendum
3187 2243 3353 2316 digna
3379 2244 3755 2302 confessionis

2151 2329 2466 2388 humilitate
2493 2331 2810 2403 corrigitur.
2867 2333 2984 2388 Hoc
3021 2333 3246 2388 uberius
3277 2334 3438 2406 paulo
3467 2334 3748 2407 posterius

2152 2419 2478 2490 declaratur,
2518 2437 2643 2476 cum
2673 2421 2898 2492 angelus
2927 2421 3188 2478 Ecclesia
3219 2422 3498 2495 Thyatira
3543 2423 3748 2495 objur-

2153 2512 2388 2584 gationis
2419 2511 2646 2568 verbere
2673 2513 3012 2584 castigatur:
3071 2537 3090 2560 ι
3119 2512 3326 2582 Habeo,
3377 2514 3586 2587 inquit,
3638 2513 3751 2570 ad—

2152 2619 2370 2660 versum
2398 2610 2457 2658 te
2482 2603 2676 2670 multa,
2726 2604 2858 2676 quia
2894 2601 3132 2659 dimittis
3169 2602 3456 2658 mulierem
3503 2603 3746 2675 Jezabel,

2151 2708 2270 2765 qua
2299 2707 2356 2746 se
2385 2690 2522 2747 dicit
2551 2689 2972 2762 prophetissam,
3005 2699 3058 2747 et
3087 2690 3264 2759 docet,
3297 2698 3350 2746 et
3379 2691 3600 2749 seducit
3634 2710 3750 2750 ser-

2151 2798 2250 2837 vos
2282 2797 2430 2837 meos
2458 2779 2721 2836 fornicari
2755 2787 2808 2836 et
2839 2777 3168 2836 manducare
3201 2780 3269 2836 de
3300 2781 3625 2839 immolatis.
3676 2785 3751 2840 Et

2151 2869 2278 2926 dedi
2324 2869 2410 2926 illi
2438 2877 2654 2940 tempus
2698 2875 2760 2924 ut
2808 2868 3188 2940 paenitentiam
3217 2877 3418 2943 ageret,
3467 2879 3521 2926 et
3560 2872 3755 2930 noluit

2152 2959 2416 3032 pmnitere
2461 2975 2492 3014 a
2539 2957 3003 3014 fornicationibus
3049 2957 3195 3016 suis:
3243 2967 3300 3015 et
3337 2959 3554 3016 mittam
3587 2961 3750 3020 illam

2152 3050 2210 3105 in
2243 3050 2481 3116 lectum;
2523 3057 2578 3104 et
2603 3047 2698 3120 qui
2726 3047 3072 3104 mmohantur
3097 3065 3224 3104 cum
3250 3065 3334 3115 ea,
3372 3049 3430 3105 in
3461 3049 3748 3109 tribulati-

2151 3155 2254 3194 one
2282 3154 2476 3210 magna
2505 3145 2688 3206 erunt,
2719 3136 2826 3192 nisi
2855 3137 3233 3208 paenitentiam
3273 3139 3482 3210 egerint
3511 3139 3581 3196 ab
3610 3157 3751 3198 om-

446 3213 532 3265 sui
563 3194 961 3264 restauratione
981 3207 1251 3264 culturam
1270 3207 1298 3263 Ὺ
1327 3207 1462 3262 Nam
1485 3209 1797 3280 exemplum
1827 3208 2038 3264 arboris
2069 3243 2113 3304 Ο
2150 3227 2312 3283 nibus
2346 3194 2602 3299 σξιθηωε
2630 3194 2744 3282 aliis
2775 3245 2786 3282 τ
2836 3194 2890 3283 έι
2927 3227 3072 3283 ﬁlios
3101 3226 3218 3300 ejus
3255 3194 3587 3286 inierﬁciianvl

447 3296 758 3354 similitudo
785 3303 866 3352 est
894 3295 1138 3352 hominis
1167 3295 1367 3364 ﬁdelis,
1417 3295 1512 3370 qui
1551 3295 1678 3352 ﬁdei
1710 3313 1819 3353 sua
1852 3296 2040 3353 fructu

439 3387 684 3461 jejunus,
727 3387 870 3444 nihil
901 3385 1050 3462 quod
1077 3387 1145 3443 ad
1175 3387 1374 3442 futura
1403 3387 1518 3459 spei
1556 3388 1770 3443 lucrum
1800 3387 2042 3460 proﬁce-

443 3493 548 3554 ret,
581 3483 884 3556 cogitavit;
927 3484 1170 3556 plantata
1199 3483 1346 3539 enim
1378 3485 1435 3540 in
1482 3485 1644 3540 vinea
1673 3485 1868 3554 fuerat,
1919 3501 2039 3558 qua

446 3577 610 3633 vinea
640 3575 952 3648 specialiter
995 3575 1244 3648 designat
1276 3575 1606 3642 Ecclesiam,
1659 3577 1714 3632 in
1747 3593 1853 3650 qua
1879 3577 2042 3632 arbor

441 3665 621 3722 fuerat
656 3665 754 3720 illa
797 3665 1042 3737 plantata
1071 3681 1083 3720 :
1131 3665 1224 3720 sed
1255 3665 1434 3722 cultor
1471 3665 1638 3738 hujus
1683 3666 1858 3722 vinea
1887 3665 2041 3722 illius

441 3752 741 3811 sacerdotis
787 3768 1018 3825 persona
1065 3753 1288 3808 videtur
1333 3753 1602 3824 exprimi,
1653 3753 1748 3826 qui
1791 3753 2038 3810 scrobem

442 3841 774 3899 infructuosi
821 3841 1080 3914 plantarii
1107 3843 1326 3899 cultura
1353 3841 1761 3898 dominicorum
1792 3852 2042 3900 exerceat

443 3941 840 4006 praceptorum
875 3949 887 3988 :
938 3939 992 3988 et
1023 3933 1278 3988 stercoris
1307 3931 1546 4004 cophino
1586 3931 1924 4004 poenitentia
1948 3933 2038 3989 de-

441 4021 689 4095 signatur
733 4021 996 4078 oﬂicium.
1043 4021 1201 4089 Quod
1241 4022 1286 4078 si
1339 4021 1582 4077 inveniri
1627 4022 1685 4077 in
1726 4037 1788 4078 ea
1828 4023 2040 4080 fructus

443 4118 566 4184 post
592 4109 918 4167 dilationem
950 4111 1212 4182 temporis
1253 4110 1482 4166 omnino
1524 4125 1636 4166 non
1670 4118 1870 4182 posset,
1911 4127 2038 4166 con-

443 4199 604 4254 vulsa
623 4199 680 4254 in
702 4200 891 4257 futuro
910 4201 1176 4256 radicitus
1198 4208 1558 4268 exaresceret,
1587 4199 1690 4256 hoc
1718 4207 1818 4268 est,
1850 4199 2038 4256 futuro

442 4287 684 4344 abscissa
710 4287 925 4360 judicio
972 4297 1232 4362 tanquam
1270 4289 1406 4361 ligni
1437 4289 1652 4344 inutilis
1688 4287 1898 4359 abjecta
1929 4305 2036 4344 ma-

441 4377 626 4445 teries,
664 4379 924 4451 pabulum
951 4379 1141 4435 effecta
1171 4379 1362 4436 aterni
1402 4379 1547 4451 ignis
1577 4378 1826 4446 arderet;
1868 4395 2038 4451 quan-

442 4483 603 4540 quam
635 4467 740 4525 hoc
785 4476 840 4524 et
875 4469 942 4524 de
971 4467 1192 4526 Christo
1218 4467 1388 4540 possit
1416 4474 1469 4524 et
1497 4467 1564 4524 de
1595 4467 1752 4540 plebe
1783 4467 1898 4540 (33)
1946 4468 2038 4524 Ju-

442 4559 598 4617 daica
624 4557 931 4615 subaudiri.

513 4669 741 4730 CAPUT
770 4671 1008 4728 XXI.—
1027 4669 1203 4730 Credo
1229 4669 1344 4726 tuis
1369 4668 1619 4732 sensibus
1648 4667 1736 4724 his
1763 4667 2037 4741 probatio-

443 4758 626 4828 nibus,
658 4775 779 4833 qua
808 4759 992 4816 studio
1018 4759 1085 4816 de
1115 4758 1352 4815 inﬁrmis
1383 4757 1592 4830 ingenti
1622 4757 1688 4812 ad
1718 4756 2038 4830 erigendum

441 4849 688 4906 animum
727 4855 888 4904 tuum
939 4847 1428 4922 suscitandumque
1489 4845 1842 4920 protulimus,
1909 4847 2039 4904 satis

442 4939 767 5012 abundeque
800 4937 1082 5007 claruisse,
1133 4936 1212 4992 ita
1257 4939 1432 4993 Deum
1465 4935 1858 4993 misericordia
1903 4935 2040 4992 fon-

442 5037 554 5086 tem
597 5030 746 5084 nolle
800 5028 1089 5084 interitum
1140 5027 1504 5100 peccantium,
1564 5027 1657 5084 sed
1705 5027 2036 5100 flagitiosum

444 5119 615 5192 magis
663 5116 863 5174 habere
907 5124 1214 5174 correctum
1249 5135 1262 5175 :
1303 5124 1366 5173 ut
1413 5126 1630 5191 quanta
1677 5125 2039 5174 numerantur

443 5209 684 5276 offensa,
735 5215 889 5264 tanta
939 5207 1013 5262 sit
1040 5206 1185 5263 actio
1232 5207 1592 5279 poenitentia.
1639 5207 1759 5263 Non
1791 5206 2036 5278 desperet

443 5297 654 5354 reditus
719 5297 805 5354 sui
860 5295 1309 5352 reformationem
1372 5295 1624 5364 celerem,
1694 5295 1790 5368 qui
1850 5294 2038 5350 audiat

444 5387 625 5459 ipsum
650 5386 951 5444 Dominum
982 5386 1257 5460 peccatori
1286 5385 1667 5459 paenitentiam
1696 5384 2034 5442 suadentem.

448 5477 562 5534 Hoc
590 5478 899 5550 expressius
927 5477 1290 5551 Apocalypsis
1325 5476 1631 5535 beatissimi
1674 5476 1901 5532 Joannis
1929 5492 2038 5532 ex—

521 5638 638 5710 (_33)
658 5638 838 5710 ﬁdit.
879 5647 934 5695 et
967 5657 1068 5695 ms.
1102 5639 1282 5706 Sorb.,
1319 5640 1412 5694 hoc
1439 5639 1500 5694 de
1547 5637 1755 5710 Christo
1783 5637 1957 5710 possit
1982 5635 2040 5690 in

443 5708 611 5780 plebe.
658 5707 731 5780 Et
755 5707 919 5780 infra,
958 5710 1039 5764 his
1071 5710 1473 5778 probationibus
1497 5709 1751 5780 patuisse,
1784 5707 1905 5780 qua
1931 5714 2038 5780 stu-

448 5776 536 5840 dio
576 5777 640 5834 de
685 5776 913 5850 inﬁrmis
962 5776 1350 5850 unguentis“...
1401 5776 1744 5856 pro—tulimus,
1794 5776 2037 5834 abunde-

2149 3316 2242 3372 dio
2273 3335 2286 3384 ;
2319 3323 2373 3372 et
2403 3317 2578 3372 scient
2607 3333 2798 3372 omnes
2825 3317 3104 3384 Ecclesia,
3145 3316 3274 3390 quia
3302 3335 3402 3389 ego
3431 3335 3554 3374 sum
3589 3336 3750 3378 scru-

2148 3412 2292 3460 tator
2319 3405 2500 3462 cordis
2531 3411 2585 3460 et
2615 3421 2831 3473 renum,
2874 3405 2969 3478 qui
2999 3404 3168 3460 reddo
3196 3405 3496 3480 unicuique
3525 3424 3743 3464 secun-

2148 3493 2279 3550 dum
2311 3494 2455 3551 facta
2482 3511 2579 3551 sua
2610 3495 2798 3567 (Apoc.
2833 3511 2894 3562 II,
2923 3493 3136 3562 20-23).
3167 3518 3186 3541 ι
3227 3493 3372 3562 Quid
3401 3512 3532 3550 vero
3563 3505 3747 3568 potest

2150 3583 2466 3652 humanius,
2507 3584 2639 3657 quid
2667 3583 2995 3640 clementius
3023 3583 3182 3640 dici?
3219 3607 3238 3630 ι
3259 3584 3329 3639 Et
3357 3584 3505 3653 dedi,
3529 3585 3742 3658 inquit,

2147 3673 2230 3728 illi
2263 3680 2476 3744 tempus
2505 3680 2566 3728 ut
2593 3672 2975 3746 panitentiam
3015 3679 3216 3744 ageret,
3249 3681 3302 3730 et
3351 3673 3532 3730 noluit
3565 3675 3746 3746 pani-

2148 3769 2280 3818 tere.
2306 3788 2324 3811 ι
2356 3763 2476 3818 Non
2500 3762 2683 3830 habes,
2709 3771 2978 3835 peccator,
2997 3780 3107 3818 non
3122 3763 3289 3819 habes
3312 3764 3460 3836 quod
3477 3780 3736 3820 excuses:

2147 3869 2258 3908 non
2289 3861 2370 3909 est
2393 3853 2536 3926 quod
2567 3869 2692 3909 cum
2723 3868 2886 3907 causa
2914 3851 3150 3919 dubites,
3183 3869 3296 3908 non
3326 3862 3408 3908 est
3439 3852 3589 3926 quod
3619 3853 3749 3912 sine

2147 3961 2308 4000 causa
2345 3943 2638 4016 desperes;
2694 3941 2781 3996 his
2828 3949 2882 3996 te
2927 3941 2994 3997 ad
3036 3941 3417 3998 conﬁtendum
3469 3944 3750 4016 exemplis

2147 4033 2448 4105 accingere,
2496 4031 2582 4086 his
2615 4030 2682 4085 ad
2713 4029 3092 4102 paenitentiam
3117 4030 3464 4086 documentis
3501 4047 3745 4090 armare.

2215 4124 2443 4182 CAPUT
2481 4122 2658 4178 XXII.
2709 4150 2780 4160 —
2820 4119 3016 4176 Differt
3045 4121 3194 4176 enim
3219 4123 3490 4178 Dominus
3519 4139 3746 4196 poenam

2145 4221 2206 4270 ut
2236 4213 2480 4269 inveniat
2511 4208 2894 4282 paenitentiam
2924 4226 2935 4264 :
2982 4216 3036 4265 et
3071 4209 3364 4266 moraturis
3403 4219 3566 4268 utens
3609 4229 3748 4286 spa-

2145 4303 2258 4371 tiis,
2316 4302 2549 4374 protelat
2602 4299 2960 4372 patientiam;
3034 4314 3103 4354 ne
3151 4299 3369 4356 amittat
3422 4301 3746 4374 clementia,

2145 4392 2290 4467 quod
2321 4391 2514 4448 debuit
2540 4388 2658 4444 ﬁeri
2694 4404 2943 4444 censura.
2991 4387 3112 4443 Non
3142 4389 3420 4460 praterita
3446 4391 3592 4446 mala
3619 4409 3748 4464 spe-

2145 4491 2275 4552 ctat,
2325 4498 2436 4538 non
2465 4487 2646 4536 errata
2673 4486 2978 4550 computat,
3027 4478 3122 4534 sed
3159 4487 3406 4536 correcta
3436 4480 3743 4538 collaudat.

2152 4572 2328 4628 Habes
2371 4570 2702 4643 promissum
2755 4566 2822 4622 ad
2851 4568 3233 4640 poenitentiam
3281 4569 3562 4624 suadentis
3610 4570 3740 4639 tibi,

2151 4664 2197 4719 si
2231 4678 2342 4718 non
2367 4659 2712 4732 panitueris,
2736 4657 3070 4728 imputabit:
3109 4657 3383 4714 «Etdedit
3403 4658 3510 4727 illi,
3533 4659 3742 4732 inquit,

2146 4762 2362 4825 tempus
2389 4758 2451 4806 ut
2477 4747 2857 4822 panitentiam
2888 4753 3090 4819 ageret,
3123 4755 3176 4804 et
3205 4748 3388 4804 noluit
3413 4748 3726 4820 parum.

2148 4845 2288 4900 Huic
2315 4841 2497 4898 simile
2515 4840 2900 4914 propheticum
2933 4839 3102 4908 illud:
3142 4863 3160 4887 ι
3185 4839 3255 4895 Et
3283 4839 3427 4908 dixi,
3449 4854 3740 4914 postquam

2147 4934 2416 4990 fornicata
2441 4940 2522 4988 est
2556 4931 2745 4986 omnia
2773 4929 2920 4985 hac:
2967 4928 3060 4984 'Ad
3099 4945 3187 4984 me
3215 4937 3511 4996 revertere,
3557 4939 3613 4986 et
3641 4948 3740 4986 no-

2146 5024 2254 5080 luit
2291 5023 2360 5080 ad
2389 5039 2476 5078 me
2505 5020 2706 5077 reverti
2754 5019 2970 5090 (Jerem.
3000 5035 3086 5086 III,
3118 5019 3200 5090 7).
3229 5041 3247 5066 ι
3311 5017 3580 5075 Caterum
3611 5019 3656 5075 si
3690 5029 3742 5078 te

2146 5115 2204 5170 in
2234 5110 2631 5184 desperationis
2661 5109 2930 5182 gurgitem
2961 5108 3287 5164 enormitate
3314 5115 3538 5163 tuorum
3569 5111 3743 5167 scele-

2147 5219 2268 5258 rum
2299 5203 2668 5258 circumactus
2697 5197 2978 5270 abjeceris,
3025 5205 3121 5254 aut
3157 5196 3375 5252 itineris
3407 5197 3489 5252 tui
3518 5195 3742 5255 dubita-

2146 5291 2292 5346 veris
2356 5305 2602 5362 represso
2666 5287 2836 5359 gradu
2889 5286 3193 5357 exstirpare
3241 5287 3572 5359 congeriem,
3649 5289 3742 5346 vel

2145 5380 2385 5438 sinistra
2413 5379 2612 5435 mentis
2643 5377 2900 5451 prolapsu
2939 5375 3208 5434 declivior
3247 5376 3305 5432 in
3345 5393 3582 5448 pronum
3611 5395 3740 5436 ver-

2148 5471 2328 5544 gentia
2353 5469 2594 5526 adducas
2621 5467 2837 5524 lubrica
2864 5466 3262 5524 exercitatione
3291 5467 3547 5540 vestigia,
3580 5468 3740 5526 illico

2145 5651 2244 5705 que
2269 5631 2560 5699 claruisse;
2608 5630 2762 5688 Rem.
2798 5644 2901 5686 ms.
2932 5636 3164 5702 utroque
3196 5629 3338 5697 loco,
3393 5637 3456 5686 ut
3503 5629 3562 5686 in
3609 5647 3738 5687 con-

2144 5711 2320 5762 textu.
