3964 6378
254 434 396 492 1085

1347 433 1441 490 DE
1479 433 1941 495 POENITENTIA
1980 437 2188 498 LIBER
2228 441 2428 499 UNUS.

3414 450 3550 508 1086

249 565 354 622 tibi
403 581 525 638 spes
573 564 775 620 amissa
818 563 1179 636 reparationis
1225 563 1510 633 adimitur,
1564 566 1738 638 rapiet
1783 575 1837 623 te
1884 572 1929 630 A
1961 569 2245 640 quaesisses
2291 569 2538 638 evadere,
2574 579 2670 627 aut
2699 571 2746 628 si
2797 574 2937 644 fugae
2966 572 3150 631 aditus
3188 574 3550 647 praeberetur,

248 655 478 712 sorbens
507 655 568 711 in
591 653 886 726 abruptum
935 669 1133 726 vorago
1163 653 1496 724 facinorum,
1526 655 1855 712 claudentur

249 744 400 800 oculi
433 744 518 800 tui
549 751 710 800 nocte
739 742 976 815 peccati,
1008 759 1076 798 ne
1105 742 1220 798 veri
1251 743 1482 800 luminis
1507 743 1731 801 videant
1755 761 1854 801 ra-

247 833 409 890 dium
438 832 836 905 permicantem
872 850 886 899 ;
928 832 1122 888 mortis
1157 849 1214 888 se
1256 833 1472 890 caecitas
1518 843 1774 906 opponet,
1796 845 1849 894 et

247 940 348 995 per
389 924 580 980 ludum
629 921 920 995 quemdam
963 921 1074 978 huc
1120 930 1283 994 atque
1324 923 1462 980 illuc
1509 931 1563 978 te
1601 923 1851 980 circum—

246 1013 455 1070 ducent
498 1013 678 1085 angeli
725 1012 1058 1084 deceptores.
1107 1011 1267 1068 Fient
1317 1012 1417 1069 tibi
1465 1021 1617 1086 grata
1647 1023 1850 1072 cuncta

247 1102 477 1176 ﬂagitia,
496 1113 550 1160 et
583 1103 847 1175 peccandi
877 1103 1101 1159 licentia
1121 1103 1220 1158 tibi
1245 1102 1487 1175 poenitus
1508 1105 1835 1163 allubescet:

247 1193 461 1249 tenebit
488 1199 542 1248 te
562 1191 817 1248 diabolus
845 1192 948 1247 sub
977 1209 1070 1264 spe
1103 1191 1374 1249 libertatis
1401 1194 1682 1251 addictum
1703 1196 1846 1267 (34),

246 1289 314 1336 ut
341 1282 414 1336 sit
468 1281 571 1336 tibi
619 1281 854 1337 liberum
888 1299 1130 1354 peccare,
1181 1299 1294 1338 non
1322 1283 1530 1339 vivere.
1567 1285 1677 1341 Nec
1705 1285 1849 1342 sinet

247 1377 304 1425 te
329 1371 603 1442 respicere
636 1378 761 1426 ante
792 1371 886 1442 qui
926 1370 1125 1438 fueras,
1155 1387 1281 1427 cum
1305 1371 1682 1429 blandimento
1709 1391 1846 1446 pec-

245 1459 431 1527 candi,
456 1459 747 1516 dulcedine
780 1467 831 1515 te
860 1459 1160 1517 criminum
1212 1461 1611 1532 pellacissimus
1641 1481 1848 1521 avoca-

245 1548 394 1603 verit
426 1566 438 1603 :
469 1556 523 1605 et
556 1556 618 1604 ut
651 1550 817 1605 semel
852 1548 1111 1617 dixerim,
1168 1551 1247 1606 ita
1292 1557 1346 1606 te
1370 1552 1638 1624 pereundi
1668 1554 1848 1609 suavi-

243 1648 359 1697 tate
380 1640 641 1714 decipiet,
658 1649 720 1698 ut
740 1641 1123 1698 delectabilius
1143 1642 1362 1699 tibimet
1377 1643 1631 1700 videatur
1645 1645 1844 1716 perire,

244 1731 432 1803 potius
459 1747 623 1804 quam
673 1731 872 1787 redire.
928 1732 1102 1787 Omne
1146 1748 1380 1805 namque
1412 1743 1692 1805 peccatum
1725 1737 1844 1793 abs-

243 1833 354 1891 que
385 1820 470 1874 sui
499 1819 864 1876 delectatione
893 1836 1004 1874 non
1034 1821 1261 1892 geritur,
1292 1838 1393 1878 nec
1424 1822 1560 1878 alias
1590 1823 1846 1881 invisca—

243 1924 306 1964 re
355 1909 482 1980 (35)
531 1910 779 1965 animum
832 1909 1052 1982 poterit,
1095 1910 1204 1966 nisi
1265 1913 1534 1968 suavitate
1585 1912 1844 1969 desiderii

242 1995 466 2067 illiciat,
498 2014 661 2072 quem
706 1997 1021 2070 deceperit;
1075 1999 1253 2056 dulcis
1299 1999 1448 2056 enim
1498 2001 1748 2071 mistura,
1789 2011 1844 2059 et

241 2088 433 2143 suavis
462 2089 536 2144 sit
565 2105 783 2145 necesse
812 2097 893 2144 est
923 2089 1177 2145 faucibus
1208 2091 1429 2147 lethalis
1459 2092 1644 2165 poculi
1673 2093 1845 2150 fune-

239 2184 329 2233 sta
360 2176 652 2246 confectio,
688 2195 756 2234 ne
784 2177 1170 2235 amaritudinis
1200 2181 1377 2254 prima
1405 2181 1598 2238 libatio
1627 2191 1848 2240 revocet

240 2267 614 2324 haurientem.
658 2268 749 2325 Sic
786 2268 1024 2342 denique
1053 2269 1234 2325 visum
1281 2278 1363 2326 est
1391 2272 1612 2328 mulieri
1642 2273 1846 2345 primi-

237 2357 373 2413 tivae
405 2356 614 2411 bonum
649 2374 765 2413 esse
795 2357 863 2414 ad
911 2367 1201 2430 aspectum
1250 2366 1305 2414 et
1353 2359 1514 2416 dulce
1562 2361 1630 2417 ad
1658 2361 1845 2416 cibum

239 2445 456 2502 arboris
517 2445 669 2502 illius
725 2463 1021 2516 venenum,
1072 2447 1232 2518 cujus
1280 2456 1566 2522 postquam
1614 2453 1848 2507 mentita

239 2543 327 2590 est
366 2533 658 2591 suavitatis
715 2536 882 2592 labris
930 2535 1290 2606 comedentis,
1335 2536 1528 2595 infecit
1555 2540 1846 2596 morientis

239 2626 474 2683 haustus
503 2628 748 2684 violenta
777 2629 1076 2698 subtilitas,
1103 2629 1250 2701 quod
1280 2629 1472 2700 vigens
1498 2645 1562 2684 ac
1591 2629 1845 2684 vividum

247 2716 528 2786 manebat,
558 2719 863 2785 exstinxit;
899 2727 951 2773 et
979 2718 1037 2773 in
1076 2718 1411 2774 contrarium
1459 2735 1554 2789 per
1578 2717 1844 2790 intempe-

251 2807 490 2862 rantiam
523 2807 894 2863 recidentibus
942 2807 1106 2874 votis,
1157 2806 1226 2861 ad
1265 2806 1526 2862 exsilium
1569 2807 1762 2863 mundi
1792 2815 1845 2864 et

246 2898 618 2969 spectaculum
652 2896 838 2952 saeculi
877 2895 943 2952 de
959 2895 1210 2968 paradiso
1225 2894 1588 2952 beatitudinis
1617 2904 1670 2951 et
1709 2913 1843 2969 pra:-

245 2983 343 3041 dio
373 2985 685 3042 securitatis
714 2985 894 3058 ejecit.

317 3091 544 3148 CAPUT
567 3092 771 3149 XXIII.
803 3124 874 3134 —
901 3092 1010 3150 Oro
1036 3099 1110 3161 te,
1143 3093 1332 3162 frater,
1364 3092 1482 3151 haec
1511 3101 1742 3162 metuas,
1761 3094 1844 3149 fu.

241 3181 359 3255 gias
388 3191 441 3239 et
471 3201 841 3256 expavescas;
888 3200 990 3241 nec
1037 3185 1261 3255 patiaris
1308 3185 1602 3241 inimicum
1637 3185 1703 3241 de
1753 3194 1846 3242 tua

249 3274 561 3346 perditione
592 3276 845 3347 gaudere,
874 3283 928 3331 et
957 3274 1015 3329 in
1037 3283 1334 3347 conspectu
1359 3275 1458 3331 Dei
1489 3276 1842 3348 supercilium
1879 3312 1922 3372 Ο

252 3363 449 3420 efferre
494 3363 744 3421 victoris.
797 3363 941 3420 Cave
998 3363 1237 3420 reditum
1283 3372 1491 3436 septem
1546 3365 1845 3437 spirituum

244 3452 684 3522 immundorum,
735 3454 937 3527 quibus
966 3469 1024 3510 se
1069 3453 1265 3510 ducem
1297 3455 1569 3510 malorum
1594 3455 1844 3510 omnium

243 3543 480 3600 sociavit
508 3551 755 3601 octavus.
790 3545 860 3599 Et
897 3559 1022 3600 cum
1057 3559 1226 3598 unum
1249 3558 1412 3599 nemo
1462 3545 1700 3617 patiatur
1731 3546 1843 3602 dia-

246 3631 461 3702 bolum,
503 3633 628 3706 quis
693 3641 817 3690 octo
875 3633 1148 3689 sustinere
1203 3633 1384 3688 valeat
1425 3633 1784 3690 dominatum
1816 3636 1844 3692 εἰ

238 3722 481 3778 Domino
509 3721 759 3778 dicente:
809 3745 827 3769 σ
857 3721 995 3779 Cum
1026 3721 1350 3778 immundus
1378 3721 1612 3795 spiritus
1645 3724 1844 3780 exierit

235 3809 306 3868 ab
340 3811 588 3879 homine,
625 3811 921 3883 pertransit
967 3811 1085 3867 loca
1135 3810 1421 3885 inaquosa,
1467 3828 1718 3884 quarens
1757 3829 1838 3869 re-

237 3901 447 3975 quiem,
477 3909 530 3957 et
558 3916 670 3957 non
701 3899 1012 3970 inveniens,
1037 3900 1175 3957 dicit
1207 3919 1220 3956 :
1255 3901 1518 3958 Revertar
1537 3902 1594 3956 in
1610 3901 1839 3959 domum

242 4001 442 4057 meam,
474 4007 507 4046 a
555 4006 662 4063 qua
709 3991 1000 4046 exieram':
1051 3998 1106 4046 et
1148 4007 1400 4046 reversus
1452 3991 1672 4047 invenit
1719 4009 1838 4049 eam

236 4087 541 4149 vacantem,
573 4079 890 4137 mundatam
925 4080 1125 4152 scopis,
1170 4086 1224 4135 et
1264 4079 1645 4152 compositam.
1679 4081 1835 4140 Tunc

237 4170 392 4227 vadit
420 4180 473 4227 et
499 4169 722 4227 adducit
765 4186 951 4227 secum
985 4170 1122 4227 alios
1151 4178 1358 4243 septem
1389 4171 1619 4244 spiritus
1648 4172 1837 4246 nequi-

236 4277 360 4317 ores
387 4276 466 4329 se,
497 4267 551 4317 et
579 4259 810 4332 ingressi
841 4259 1170 4316 habitabunt
1197 4259 1353 4317 illic:
1399 4268 1453 4317 et
1481 4261 1616 4318 ﬁent
1646 4264 1830 4320 novis-

236 4351 376 4409 sima
417 4351 571 4407 illius
624 4350 869 4406 hominis
915 4349 1101 4422 pejora
1145 4349 1423 4422 prioribus
1469 4352 1685 4424 (Matth.
1725 4369 1830 4422 xu,

237 4451 445 4522 43-45).
471 4475 490 4500 ι
531 4451 589 4507 Si
629 4457 683 4506 te
714 4449 1000 4506 obsidione
1045 4448 1244 4505 bellica
1273 4457 1490 4523 septum
1521 4467 1720 4507 manus
1747 4467 1834 4510 ac-

233 4551 466 4620 cepisset
511 4545 752 4614 hostilis,
796 4552 850 4601 et
887 4544 988 4600 sub
1019 4544 1334 4600 incursione
1362 4544 1648 4602 barbarica
1676 4553 1832 4603 tenu-

235 4637 364 4693 isset
413 4636 685 4710 praadonis
730 4650 871 4692 urna
915 4633 1218 4706 captivum,
1251 4650 1389 4707 quos
1424 4634 1586 4691 ﬂetus
1615 4635 1820 4706 ederes,

233 4740 369 4798 quos
393 4723 631 4796 eiulatus
659 4723 835 4792 dares,
866 4739 987 4796 quae
1033 4724 1271 4780 lamenta
1303 4722 1538 4795 jactares
1564 4725 1592 4782 ?
1622 4724 1824 4797 Ageres

232 4813 385 4869 omni
413 4813 502 4869 die
533 4821 802 4886 nocteque
831 4811 1152 4885 suspirium,
1173 4828 1285 4868 non
1303 4812 1488 4869 cibum
1519 4829 1814 4888 quaereres,

232 4909 420 4974 petum
473 4919 586 4959 non
639 4902 995 4970 desiderares,
1068 4901 1160 4958 siti
1217 4900 1519 4958 exhaustus
1572 4911 1627 4959 et
1679 4905 1825 4962 fame

231 5000 478 5063 enectus,
512 4994 627 5050 sola
657 4993 714 5048 in
745 5003 797 5050 te
825 5009 1027 5066 asperae
1064 4993 1207 5051 cutis
1253 4993 1481 5051 ariditas
1526 5003 1581 5052 et
1627 5013 1825 5070 rugosa

227 5084 428 5139 macies
456 5091 759 5156 appareret,
809 5084 1008 5155 rigeret
1052 5092 1308 5141 concreta
1353 5084 1610 5143 sordibus
1639 5103 1819 5158 coma,

226 5181 279 5228 et
306 5172 520 5229 hirsuta
563 5173 808 5230 caesaries
853 5173 1175 5246 squallentis
1207 5175 1453 5244 verticis,
1508 5177 1820 5248 promissae-

226 5277 329 5334 que
383 5262 563 5320 barbae
593 5262 843 5334 impressi
890 5270 1041 5318 artus
1071 5263 1377 5332 horrerent,
1410 5266 1813 5336 patrimonium

227 5354 480 5412 redderes
535 5354 900 5428 redemptoris
927 5355 1029 5411 sub
1075 5355 1275 5428 gladio,
1309 5356 1595 5415 districtus
1624 5359 1817 5417 ambu-

226 5445 366 5503 lares
407 5445 608 5515 nudus,
653 5461 859 5519 pauper
904 5453 1065 5520 atque
1103 5445 1256 5502 omni
1306 5463 1469 5505 sensu
1511 5449 1812 5508 evolutus:

295 5598 413 5670 (34)
465 5599 547 5656 Ita
593 5597 768 5656 codex
818 5598 1016 5668 Rem.;
1065 5598 1199 5656 edit.
1244 5615 1395 5669 vero,
1429 5601 1673 5659 diabolus
1709 5619 1818 5659 sua:

226 5669 454 5727 libertati
479 5671 768 5727 addictum.

288 5742 420 5823 (35)
449 5742 628 5823 E_dit.,
674 5759 764 5798 nec
801 5742 942 5801 alias
969 5743 1201 5802 inescare
1227 5759 1250 5812 ;
1289 5745 1464 5804 codex
1493 5747 1673 5820 Rem.,
1722 5763 1812 5803 nec

223 5814 360 5870 alias
390 5814 668 5873 iuviscare.

1963 657 2066 714 sub
2114 657 2359 714 maximo
2389 660 2630 718 incertus
2658 661 2977 719 discrimine
3021 663 3364 721 meditareris
3394 667 3552 738 peri-

1961 748 2146 804 culum
2178 765 2449 821 superare.
2485 751 2777 824 Captivum
2799 761 2853 808 te
2882 760 3031 809 tenet
3049 765 3239 810 auctor
3258 757 3549 822 scelerum,

1961 837 2200 893 vinculis
2247 855 2359 894 non
2405 839 2616 908 ferreis,
2662 842 2756 897 sed
2795 843 3004 898 catenis
3051 843 3221 900 habet
3251 844 3544 900 criminum

1961 935 2014 982 te
2064 928 2340 999 ligatum:
2387 930 2676 1002 compedes
2724 932 2826 987 tibi
2877 933 3130 989 libidinis
3181 934 3465 1005 imposuit,
3499 940 3552 989 et

1961 1015 2205 1089 undique
2245 1027 2296 1073 te
2325 1019 2492 1091 sepsit
2515 1020 2737 1076 arctiori
2787 1023 3075 1078 custodia:
3112 1024 3285 1095 legem
3314 1024 3416 1078 tibi
3447 1023 3552 1079 de—

1965 1104 2049 1162 dit
2075 1117 2135 1162 ut
2184 1107 2397 1163 licitum
2428 1117 2583 1180 putes
2617 1127 2779 1166 omne
2827 1110 2978 1182 quod
3016 1128 3126 1166 non
3159 1113 3322 1169 licet:
3359 1115 3550 1168 vivum

1964 1201 2017 1249 te
2047 1198 2266 1253 aeternaa'
2313 1198 2508 1252 mortis
2539 1199 2697 1254 fovea
2727 1199 2992 1256 demersit
3029 1218 3041 1266 ;
3075 1208 3130 1256 et
3159 1218 3270 1256 non
3307 1202 3551 1273 ingemi—

1958 1283 2064 1339 scis
2111 1285 2302 1341 salutis
2337 1296 2441 1342 tuae
2467 1287 2753 1357 damnum,
2781 1290 2898 1361 spei
2929 1301 3146 1347 aeternae
3173 1292 3548 1363 dispendium,

1958 1378 2012 1425 et
2054 1371 2180 1426 vitae
2227 1382 2501 1445 perpetuae
2536 1376 2933 1434 detrimentum
2967 1381 2994 1437 ?
3047 1381 3262 1436 Incedis
3296 1389 3551 1452 comptus

1957 1472 2154 1519 ornatu
2180 1466 2442 1535 vestium,
2467 1471 2715 1526 celebras
2737 1472 3014 1543 opulentis
3033 1472 3174 1528 cibis
3203 1472 3549 1540 refectiones,

1957 1558 2088 1612 vino
2120 1559 2321 1628 mades,
2355 1561 2682 1633 pinguiﬁcas
2708 1566 2887 1637 epulis
2915 1567 3257 1640 quotidianis
3284 1567 3548 1636 animam,

1957 1656 2012 1704 et
2055 1651 2226 1706 torosi
2257 1653 2503 1725 corporis
2538 1655 2790 1711 excolere
2815 1673 2925 1712 non
2955 1658 3195 1730 quiescis
3223 1657 3549 1730 ingluviem,

1959 1744 2020 1793 ut
2069 1739 2294 1796 interim
2348 1741 2416 1801 de
2460 1744 2670 1800 caeteris
2729 1745 3057 1801 criminibus
3103 1753 3332 1802 taceam.
3387 1745 3552 1800 Putas

1955 1827 2140 1896 etiam,
2173 1838 2331 1899 putas
2373 1839 2425 1886 et
2455 1831 2559 1888 hoc
2610 1849 2718 1888 non
2759 1851 2874 1889 esse
2931 1833 3425 1891 animadversionis
3455 1831 3552 1887 di—

1955 1916 2120 1985 vinm,
2160 1927 2221 1974 ut
2248 1920 2459 1976 nescias
2491 1921 2960 1993 quemadmodum
2993 1923 3188 1979 debeas
3205 1923 3271 1980 de
3305 1923 3417 1979 tuis
3441 1938 3550 1979 sce-

1955 2005 2160 2063 leribus
2217 2009 2530 2080 poenitere;
2589 2014 2856 2084 Apostolo
2911 2015 3196 2084 probante,
3257 2014 3351 2086 qui
3414 2012 3491 2067 ait
3535 2029 3548 2066 :

1967 2118 1985 2141 ι
2025 2096 2251 2170 Propter
2306 2101 2454 2172 quod
2507 2119 2619 2158 non
2661 2103 2976 2160 habuerunt
3024 2106 3199 2160 Deum
3239 2104 3297 2158 in
3333 2102 3551 2171 notitia,

1957 2185 2182 2244 tradidit
2231 2206 2322 2246 eos
2355 2191 2411 2246 in
2446 2193 2738 2264 reprobum
2789 2210 3032 2262 sensum,
3072 2195 3249 2251 facere
3282 2195 3556 2250 inconve-

1955 2273 2166 2332 nientia
2197 2279 2372 2350 (Rom.
2398 2298 2436 2350 ι,
2455 2282 2571 2355 28);
2593 2310 2609 2330 ι
2640 2292 2694 2339 et
2716 2284 2919 2339 iterum
2947 2301 2958 2339 :
3007 2308 3024 2332 ι
3045 2285 3149 2340 Pro
3169 2302 3233 2340 eo
3253 2284 3399 2357 quod
3420 2284 3554 2339 dile-

1955 2371 2106 2420 ctum
2137 2368 2392 2426 veritatis
2414 2388 2522 2426 non
2546 2381 2888 2445 receperunt,
2915 2381 2976 2429 ut
3006 2375 3374 2442 salvarentur,
3403 2372 3554 2428 misit

1957 2455 2104 2511 Deus
2145 2457 2263 2514 illis
2309 2460 2682 2532 operationem
2733 2463 2961 2529 erroris,
3003 2471 3064 2519 ut
3107 2463 3430 2534 judicentur
3456 2461 3552 2534 qui

1956 2560 2066 2598 non
2098 2545 2454 2604 crediderunt
2484 2550 2708 2606 veritati
2743 2551 2830 2620 (ΙΙ
2867 2551 3046 2606 Thess.
3083 2568 3142 2618 II,
3178 2550 3263 2618 10,
3290 2549 3429 2620 11).ι
3473 2551 3550 2604 De

1955 2634 2161 2690 talibus
2208 2636 2447 2710 denique
2475 2640 2695 2708 metuit,
2727 2657 2794 2696 ne
2824 2641 3054 2696 veniens
3081 2638 3414 2698 Corinthum
3449 2639 3550 2694 lu-

1955 2734 2102 2798 geret
2134 2728 2336 2783 multos
2381 2745 2450 2784 ex
2491 2730 2599 2799 his,
2634 2731 2726 2803 qui
2759 2749 2868 2787 non
2900 2739 3128 2804 egerunt
3158 2731 3543 2803 pmnitentiam

1953 2829 2023 2869 ex
2054 2815 2426 2874 immunditiis
2470 2835 2605 2891 quas
2644 2820 2918 2890 fecerunt,
2966 2829 3019 2877 et
3057 2819 3543 2889 fornicationibus,

1954 2910 2008 2958 et
2041 2902 2271 2959 libidine
2306 2906 2395 2976 (II
2424 2908 2548 2962 Cor.
2582 2925 2682 2977 xu,
2716 2909 2835 2982 21).

2025 2991 2252 3049 CAPUT
2299 2995 2502 3053 XXIV.
2541 3029 2607 3040 —
2634 2998 2825 3071 Cogita
2873 2999 3070 3057 divitis
3099 3000 3255 3057 illius
3293 2999 3545 3073 opiparas

1953 3097 2159 3152 comas,
2206 3092 2261 3140 et
2311 3085 2660 3158 copiosarum
2691 3089 2894 3162 dapum
2927 3091 3153 3147 uberem
3183 3089 3542 3158 afﬂuentiam,

1953 3187 2212 3244 purpura,
2247 3175 2456 3232 murice
2484 3177 2784 3250 pinguiori,
2827 3187 2880 3236 et
2909 3179 3201 3235 textilibus
3232 3178 3434 3236 inclusi
3466 3195 3545 3235 se-

1955 3261 2053 3318 rici
2085 3264 2379 3335 nitoribus,
2408 3275 2586 3324 totum
2617 3271 2684 3326 de
2711 3287 2808 3343 spe
2836 3271 3120 3342 praesentis
3149 3268 3432 3342 temporis,
3462 3269 3542 3323 ni-

1955 3356 2034 3411 hil
2082 3365 2265 3414 tamen
2305 3360 2371 3417 de
2400 3362 2587 3418 futuro
2615 3363 2920 3421 tractantis.
2973 3362 3117 3431 Quid
3147 3361 3232 3418 illi
3277 3371 3397 3434 post
3441 3363 3548 3419 ista

1954 3446 2142 3502 omnia
2170 3459 2484 3521 reponatur,
2515 3454 2781 3509 ausculta.
2815 3454 2944 3509 Post
2974 3468 3269 3525 purpuram
3300 3451 3542 3519 ﬂamma,

1954 3541 2097 3599 602
2131 3547 2254 3616 post
2299 3542 2488 3614 epulas
2514 3551 2742 3613 egestas,
2780 3549 2842 3598 ut
2887 3559 3040 3616 aqua}
3073 3542 3342 3614 guttulam
3384 3558 3544 3616 quae-

1952 3642 2114 3701 reret,
2163 3633 2258 3706 qui
2289 3638 2496 3705 guttam
2545 3640 2707 3687 antea
2735 3631 2958 3703 pretiosi
3009 3631 3246 3688 nectaris
3284 3631 3543 3687 ebibisset

1951 3732 2006 3780 et
2030 3724 2098 3780 ab
2135 3740 2200 3780 eo
2237 3730 2463 3796 peteret,
2495 3739 2595 3779 nec
2640 3729 2824 3778 tamen
2855 3723 3146 3796 acciperet,
3204 3721 3542 3780 summitatis

1949 3813 2110 3887 digiti
2138 3812 2419 3869 humentis
2451 3813 2733 3881 solatium,
2763 3813 2851 3869 cui
2883 3814 2942 3869 in
2973 3815 3172 3870 saeculo
3203 3813 3370 3869 micas
3407 3828 3542 3869 sua-

1947 3920 2071 3959 rum
2101 3911 2393 3976 negaverat
2421 3903 2728 3974 epularum.
2778 3903 3077 3972 Confitere,
3107 3920 3312 3978 quaeso,
3343 3907 3542 3959 cuncta

1945 3993 2146 4067 quibus
2176 4010 2328 4049 reum
2359 4003 2411 4051 te
2440 3993 2777 4064 memineris,
2808 3994 3095 4063 conﬁtere,
3126 4003 3179 4050 et
3208 3994 3404 4050 faciem
3437 3991 3540 4049 Dei

1946 4083 2186 4154 praeveni
2215 4085 2610 4143 satisfactionis
2637 4086 2840 4154 oliicio,
2872 4084 3108 4140 humilia
3137 4093 3262 4140 ante
3293 4100 3418 4138 eum
3446 4098 3542 4139 cor

1943 4179 2124 4241 tuum,
2157 4182 2209 4230 et
2241 4174 2300 4230 in
2346 4185 2643 4248 conspectu
2670 4174 2788 4247 ejus
2826 4191 2998 4232 curva
3025 4173 3296 4230 cervicem
3332 4191 3344 4228 :
3383 4172 3540 4228 ﬂecte

1945 4279 2140 4336 genua,
2192 4273 2246 4320 et
2274 4264 2409 4320 eliso
2438 4266 2601 4321 vultu
2647 4273 2805 4321 terra:
2854 4272 3218 4336 prosternere.
3262 4261 3537 4335 Suscipiet

1945 4354 2211 4427 gemitum
2241 4361 2399 4410 tuum
2437 4353 2678 4412 caelestis
2707 4355 2802 4410 ille
2849 4355 3103 4427 protinus
3130 4353 3449 4419 advocatus,
3484 4357 3539 4406 et

1943 4461 2055 4501 non
2086 4445 2466 4518 praetermittet
2495 4461 2593 4516 pro
2619 4453 2672 4501 te
2716 4445 3068 4517 interpellare
3099 4444 3316 4497 Patrem
3346 4457 3534 4508 suum,

1943 4535 2038 4608 qui
2070 4534 2240 4590 fidum
2271 4535 2508 4607 praebere
2536 4535 2826 4591 consuevit
2857 4531 3252 4605 paenitentibus
3281 4529 3534 4602 patroci—

1941 4623 2117 4679 nium.
2158 4623 2388 4682 Causam
2431 4639 2585 4679 suam
2615 4639 2734 4692 no;
2774 4619 3109 4692 argumentis
3158 4618 3227 4674 ad
3273 4617 3536 4689 praascri-
3569 4663 3575 4670 ς

1851 4683 1902 4742 D
1932 4719 2088 4784 ptum
2120 4729 2290 4786 genus
2317 4710 2644 4783 eloquentia:
2674 4683 2974 4783 perorabit,
3005 4709 3157 4770 illico
3193 4683 3533 4781 impetratu-

1934 4819 2030 4859 rus
2059 4802 2234 4859 veniae
2261 4800 2613 4868 beneﬁcium,
2637 4801 2732 4873 qui
2755 4801 2822 4857 de
2836 4807 3092 4871 superato
3121 4815 3234 4854 non
3254 4806 3535 4872 exspectat

1933 4895 2157 4969 aliquod
2209 4895 2568 4952 honorarium
2621 4894 2762 4966 (36).
2817 4894 2933 4949 Hoc
2974 4893 3270 4964 Apostolus
3316 4891 3530 4964 probat,

1933 4987 2120 5046 dicens
2144 5004 2156 5043 :
2204 5012 2224 5035 ι
2244 4988 2378 5056 Quis
2403 4985 2683 5043 accusabit
2709 4985 2972 5041 adversus
2993 4985 3195 5041 electos
3221 4985 3364 5042 Dei?
3388 4988 3534 5045 Deus

1930 5079 2026 5152 qui
2049 5077 2347 5150 justiﬁcat,
2377 5077 2501 5152 quis
2529 5084 2613 5133 est
2640 5077 2735 5149 qui
2756 5075 3132 5132 condemnet?
3157 5076 3410 5134 Christus
3431 5078 3526 5151 qui

1933 5180 2184 5228 mortuus
2199 5180 2299 5238 est,
2322 5187 2516 5227 verum
2533 5170 2698 5226 etiam
2716 5170 3106 5238 etresurrexit,
3125 5170 3304 5243 quiest
3323 5170 3379 5225 in
3399 5169 3528 5226 dex-

1932 5269 2044 5317 tera
2069 5261 2189 5328 Dei,
2218 5261 2314 5334 qui
2333 5269 2388 5316 et
2409 5261 2726 5332 interpellat
2765 5277 2864 5332 pro
2889 5259 3048 5315 nobis
3072 5261 3252 5331 (Rom.
3272 5277 3396 5327 VIII,
3438 5259 3526 5328 33,

1927 5351 2067 5423 34).»
2102 5351 2412 5409 Coucinens
2428 5351 2676 5408 Joannes
2693 5350 2972 5422 apostolus
2985 5349 3334 5405 beatissimus
3351 5348 3403 5404 in
3420 5349 3530 5421 epi-

1925 5443 2065 5499 stola
2079 5459 2176 5499 sua
2196 5441 2352 5516 ponit
2378 5449 2432 5498 et
2453 5441 2594 5498 dicit
2622 5460 2634 5498 :
2655 5441 2740 5497 «Si
2763 5438 3071 5497 dixerimus
3094 5438 3221 5512 quia
3242 5446 3524 5511 peccatum

1999 5601 2144 5683 (36).
2175 5600 2362 5683 Codex
2410 5602 2563 5682 Rem.
2621 5607 2675 5655 et
2705 5597 2902 5683 Sorba
2950 5613 3058 5651 non
3103 5597 3450 5683 argumentis,
3481 5604 3529 5683 et

1917 5668 2294 5748 praescriptum
2341 5671 2582 5743 genuinae
2619 5670 2891 5748 patientia;
2939 5669 3303 5748 perorqbit....
3351 5668 3444 5741 qui
3469 5669 3530 5724 de

1922 5741 2160 5826 suspecto
2187 5761 2294 5800 non
2321 5741 2591 5824 (Exspectat
2618 5741 2838 5820 aliquod
2865 5741 3234 5801 honorarium.
