3964 6372
441 429 575 487 1087

1452 429 1548 496 ΑΙ)
1589 427 1823 484 OPERA
1858 425 1914 483 S.
1957 425 2292 484 AMBROSII
2338 427 2723 485 APPENDIX.

3606 433 3755 491 1088

434 569 546 610 non
591 551 877 624 habemus,
925 569 1026 610 nos
1064 553 1211 626 ipsos
1250 551 1576 625 decipimus,
1625 562 1678 610 et
1717 551 1921 610 veritas
1956 553 2014 608 in
2053 554 2102 614 A
2131 560 2192 609 ut
2220 560 2374 610 tanta
2418 554 2558 612 scias
2589 571 2747 628 posse
2777 554 2876 611 tibi
2918 555 3148 625 dimitti,
3198 564 3466 630 quantum
3511 569 3574 617 ιιι
3621 577 3750 633 pro.

436 642 595 700 nobis
623 659 735 700 non
765 652 848 700 est
879 660 890 698 :
934 644 980 700 si
1009 651 1192 700 autem
1221 643 1459 700 confessi
1507 642 1778 698 fuerimus
1808 650 2026 714 peccata

436 742 642 802 nostra,
675 741 729 790 et
771 733 951 791 ﬁdelis
989 743 1042 791 et
1064 734 1254 806 justus
1283 743 1362 790 est
1383 736 1552 801 Deus,
1581 733 1674 805 qui
1706 732 1864 787 nobis
1892 748 2027 804 pec-

436 830 556 880 cata
605 823 870 892 dimittat,
919 831 972 879 et
1000 823 1233 879 mundet
1279 838 1379 878 nos
1406 822 1472 878 ab
1511 821 1661 877 omni
1711 820 2023 893 iniquitate.

437 911 493 969 Si
523 911 832 968 dixerimus
879 911 1008 984 quia
1051 928 1158 967 non
1188 927 1496 984 peccamus,
1530 911 1845 966 mendacem
1879 909 2026 965 faci—

437 1017 560 1057 mus
589 1019 736 1070 eum,
775 1010 828 1057 et
855 1001 1080 1057 verbum
1116 1000 1234 1072 ejus
1262 1017 1372 1056 non
1421 1009 1501 1055 est
1532 1001 1586 1056 in
1619 1000 1798 1056 nobis.
1835 999 2024 1055 Filioli

438 1091 569 1160 mei,
591 1091 707 1149 haec
728 1092 908 1148 scribo
938 1092 1116 1160 vobis,
1166 1100 1229 1147 ut
1271 1107 1382 1146 non
1414 1091 1649 1162 peccetis
1683 1107 1694 1144 :
1729 1099 1783 1145 et
1825 1090 1872 1144 si
1903 1088 2027 1162 quis

437 1181 762 1252 peccaverit,
813 1180 1078 1237 habemus
1134 1181 1459 1237 advocatum
1489 1179 1632 1252 apud
1680 1179 1891 1236 Patrem
1927 1179 2026 1233 Je—

439 1286 586 1336 sum,
618 1278 671 1325 et
717 1270 832 1342 ipse
868 1279 1058 1327 exorat
1106 1288 1204 1343 pro
1245 1270 1481 1343 peccatis
1522 1269 1724 1326 nostris
1758 1270 1777 1342 (
1809 1271 1842 1325 Ι
1865 1269 2022 1324 Joan.

436 1376 498 1427 ιι,
546 1358 711 1427 8-10;
762 1375 846 1428 ιιι,
877 1361 989 1432 1).»
1049 1360 1224 1416 Omne
1259 1359 1405 1432 quod
1457 1360 1554 1415 Dei
1606 1359 1779 1414 Filius
1824 1357 2026 1413 Domi—

437 1464 542 1503 nus
567 1449 722 1504 Jesus
752 1448 1028 1518 Christus,
1050 1451 1144 1522 qui
1187 1458 1270 1506 est
1293 1450 1401 1518 via,
1436 1450 1638 1505 veritas
1667 1459 1720 1506 et
1752 1449 1888 1514 vita,
1931 1447 2023 1501 lo-

437 1547 597 1594 cutus
623 1547 723 1605 est,
759 1539 847 1594 lex
893 1547 1008 1595 est:
1041 1547 1095 1594 et
1124 1538 1225 1594 sub
1261 1540 1516 1610 exemplo
1548 1538 1632 1593 sui
1663 1537 1782 1592 ﬁeri
1813 1535 2023 1601 docuit,

435 1625 583 1698 quod
615 1625 775 1682 nobis
806 1628 864 1681 in
895 1627 1098 1698 scripto
1129 1626 1410 1681 mandavit
1441 1645 1453 1692 ;
1495 1642 1669 1697 neque
1697 1624 1844 1680 enim
1879 1639 1909 1677 a
1932 1639 2024 1678 no-

432 1714 520 1771 bis
562 1715 682 1770 ﬁeri
731 1714 944 1787 aliquid
995 1715 1184 1781 vellet,
1213 1715 1359 1788 quod
1387 1723 1480 1771 aut
1528 1714 1642 1786 ipse
1672 1729 1782 1768 non
1813 1711 2023 1780 fecerit,

430 1815 525 1862 aut
555 1807 700 1879 quod
731 1805 781 1862 ei
823 1806 880 1861 in
921 1805 1082 1862 nobis
1111 1806 1442 1863 facientibus
1486 1821 1598 1861 non
1635 1803 1890 1877 placeret.
1922 1801 2028 1858 Sed

2136 642 2256 714 prio
2282 643 2560 700 dimiseris
2591 645 2867 701 debitori:
2923 646 3036 701 imo
3087 661 3220 702 vero
3259 655 3322 704 ut
3365 647 3472 704 tibi
3516 665 3752 722 parcere

2137 733 2393 802 videaris,
2426 751 2551 790 cum
2592 735 2688 790 alii
2735 735 3052 792 obsecratus
3097 736 3395 808 ignoveris.
3429 738 3564 796 Nam
3591 724 3747 812 judi-

2135 823 2222 880 cio
2251 833 2346 880 tuo
2376 826 2565 897 procul
2591 825 2762 882 dubio
2788 825 3148 898 judicaberis,
3169 829 3214 882 si
3247 827 3457 885 dimitti
3491 829 3591 886 tibi
3626 830 3748 903 ipse

2142 921 2388 991 cupiens,
2421 919 2515 974 alii
2562 919 2844 975 dimittere
2889 919 3155 986 nolueris,
3201 921 3441 978 Domino
3482 921 3743 979 dicente:

2149 1033 2165 1055 ι
2189 1010 2247 1064 In
2279 1026 2387 1082 quo
2410 1007 2624 1080 judicio
2645 1008 3050 1082 judicaveritis,
3082 1010 3137 1064 in
3171 1009 3361 1066 eodem
3391 1009 3750 1082 judicabitur

2136 1099 2202 1154 de
2243 1099 2430 1154 vobis:
2471 1109 2523 1156 et
2557 1101 2611 1155 in
2643 1116 2749 1172 qua
2778 1116 3034 1156 mensura
3069 1101 3244 1156 mensi
3292 1101 3528 1169 fueritis,
3563 1103 3621 1157 in
3653 1118 3747 1158 ea-

2135 1191 2260 1246 dem
2288 1191 2605 1246 remetietur
2635 1190 2793 1247 vobis
2827 1192 3042 1262 (Matth.
3078 1209 3176 1260 vn,
3211 1192 3290 1263 2).
3325 1217 3345 1241 ι
3400 1194 3571 1264 Legas
3607 1193 3746 1248 volo

2135 1282 2403 1339 intentius
2453 1282 2734 1355 prophetat
2782 1282 3058 1340 Zachariae
3113 1282 3472 1356 principium,
3528 1291 3582 1340 et
3618 1283 3747 1339 illic

2135 1405 2243 1460 quo
2273 1382 2556 1442 robustius
2577 1377 2859 1445 animeris,
2903 1377 3152 1434 invenies
3185 1395 3196 1432 :
3244 1401 3262 1424 ι
3296 1377 3474 1432 Iratus
3515 1383 3619 1445 est,
3654 1376 3745 1431 in-

2140 1480 2279 1552 quit,
2311 1477 2579 1534 Dominus
2599 1476 2665 1531 ad
2695 1481 2875 1546 patres
2896 1478 3110 1528 nostros
3135 1470 3217 1526 ira
3244 1486 3441 1542 magna
3469 1469 3740 1540 (Zachar.

2141 1586 2178 1636 1,
2211 1568 2290 1638 2).
2327 1592 2346 1616 ι
2389 1567 2522 1634 Quis
2569 1582 2682 1620 non
2731 1563 2836 1618 hoc
2881 1560 3110 1616 audiens
3143 1561 3580 1619 contremiscat?
3611 1561 3746 1634 quis

2135 1673 2245 1712 non
2281 1653 2446 1726 hujus
2477 1654 2630 1712 vocis
2676 1653 2890 1708 tonitru
2942 1651 3264 1722 perterritus
3311 1649 3610 1708 areﬁeret?
3641 1659 3747 1709 aut

2135 1761 2296 1817 quem
2328 1760 2547 1799 sensum
2585 1759 2696 1798 non
2747 1741 2864 1798 haec
2903 1738 3212 1810 indignatio
3258 1739 3513 1795 intimata
3546 1739 3744 1796 turba-

2136 1842 2216 1890 ret
2245 1835 2274 1891 ?
2302 1835 2435 1902 Quis
2463 1833 2614 1890 enim
2646 1841 2821 1889 status
2861 1829 3034 1886 teneri
3087 1835 3298 1900 poterat
3337 1831 3613 1902 sanitatis,
3637 1834 3744 1891 ubi

432 1915 534 1996 ne?
581 1898 872 1996 ἀίδριὲοθτθ
920 1908 1104 1996 Posset
1154 1897 1302 1996 quo?
1350 1898 1464 1996 ξΡθθ
1511 1897 1860 1996 ηξθηίίῗίθδθίξ
1897 1895 2028 1996 (ἶῗίδ
2061 1916 2106 1978 Β
2139 1931 2253 1980 tam
2281 1895 2577 1980 vehemens
2607 1923 2690 1978 ira
2716 1895 3145 1979 denuntiabatur
3190 1921 3448 1977 Auctoris
3473 1922 3501 1979 ?
3647 1939 3744 1996 pa-

434 1987 531 2060 qui
570 1987 901 2056 mandasset,
932 1987 1046 2060 ipse
1075 1996 1235 2044 antea
1262 1986 1495 2043 fecisset.
1542 1985 1727 2042 Inanis
1759 1985 1907 2040 enim
1938 1985 2030 2040 ﬁe-

431 2086 514 2133 ret
537 2075 788 2132 doctrina
814 2077 1079 2146 mandati,
1107 2077 1154 2133 si
1190 2076 1250 2132 in
1276 2076 1422 2134 facto
1449 2075 1690 2133 doctoris
1720 2091 1831 2132 non
1866 2075 2022 2148 praei-

430 2173 514 2222 ret
543 2165 840 2222 auctoritas
873 2183 884 2221 :
918 2165 1012 2222 sed
1058 2165 1330 2238 quidquid
1377 2165 1647 2222 Dominus
1692 2166 1950 2237 praecepit
1977 2173 2031 2221 et

426 2251 576 2320 fecit,
609 2252 772 2310 inane
796 2270 906 2310 non
935 2253 1038 2310 erit
1067 2252 1213 2325 quod
1243 2252 1342 2308 sub
1371 2252 1676 2309 imitatione
1697 2253 1783 2308 sui
1815 2253 2019 2308 facien-

428 2341 560 2399 dum
609 2359 723 2399 esse
786 2341 1087 2399 mandavit.
1139 2341 1289 2396 Idem
1339 2359 1467 2414 ergo
1523 2342 1790 2398 Dominus
1845 2341 2028 2398 disci-

426 2431 572 2502 pulis
599 2429 715 2488 haec
746 2430 1104 2488 custodienda
1123 2431 1407 2503 proposuit
1431 2445 1442 2483 :
1481 2454 1498 2478 ι
1526 2431 1809 2487 Attendite
1844 2431 2021 2488 vobis:

427 2518 476 2575 si
524 2518 832 2590 peccaverit
878 2517 936 2573 in
979 2527 1031 2574 te
1079 2519 1248 2574 frater
1283 2528 1432 2586 tuus,
1462 2518 1680 2574 dimitte
1728 2516 1853 2584 illi;
1889 2528 1942 2575 et
1971 2519 2020 2574 si

431 2606 632 2679 septies
661 2606 718 2662 in
747 2605 836 2662 die
860 2607 1167 2678 peccaverit
1195 2607 1255 2662 in
1287 2617 1360 2674 te,
1393 2616 1446 2663 et
1475 2608 1674 2679 septies
1706 2617 2014 2664 revertatur

429 2697 500 2754 ad
533 2707 584 2755 te
614 2697 834 2756 dicens:
859 2700 1096 2756 Paenitet
1118 2716 1204 2754 me
1227 2718 1240 2768 ;
1265 2700 1485 2757 dimitte
1508 2701 1610 2767 illi,
1635 2701 2024 2757 etdimittetur

426 2786 527 2842 tibi
554 2787 706 2859 (Luc.
739 2804 880 2854 xvu,
911 2788 1063 2860 3,4).
1095 2813 1114 2836 ι
1154 2792 1333 2862 Atque
1351 2806 1475 2844 cum
1506 2806 1536 2843 a
1565 2799 1752 2846 sancto
1777 2791 2023 2862 apostolo

427 2878 592 2934 Petro
624 2878 817 2934 fuisset
848 2878 905 2933 in
935 2893 1098 2932 causa
1127 2879 1432 2945 consultus,
1463 2886 1517 2934 et
1544 2877 1751 2936 diceret
1779 2898 1791 2936 :
1848 2903 1865 2927 ι
1897 2882 2022 2936 Do-

427 2967 598 3035 mine,
649 2967 695 3024 si
759 2966 1069 3039 peccaverit
1115 2966 1172 3021 in
1228 2983 1312 3022 me
1361 2967 1530 3022 frater
1581 2985 1755 3036 meus,
1805 2969 2022 3041 quoties

426 3055 705 3112 dimittam
736 3055 870 3110 illi?
900 3071 1071 3126 usque
1097 3055 1299 3126 septies
1319 3055 1347 3110 ?
1377 3057 1534 3112 Dixit
1563 3056 1642 3112 illi
1671 3059 1825 3112 Jesus
1850 3077 1860 3113 :
1895 3060 2018 3114 Non

427 3143 552 3201 dico
579 3142 682 3200 tibi
712 3159 881 3214 usque
912 3142 1131 3214 septies,
1161 3142 1256 3198 sed
1277 3159 1447 3216 usque
1475 3145 1778 3216 septuagies
1809 3147 2012 3219 septies

429 3233 644 3303 (Matth.
701 3248 865 3300 xvm,
911 3231 1002 3300 21,
1041 3231 1156 3302 22).
1189 3255 1208 3279 ι
1243 3231 1348 3299 Qui
1397 3249 1524 3305 ergo
1567 3233 1894 3290 dimittenda
1922 3253 2015 3291 se-

427 3322 582 3396 pties.
596 3323 750 3379 fratri
785 3322 842 3377 in
872 3339 972 3378 nos
1002 3322 1250 3395 peccanti
1268 3321 1452 3380 debita
1481 3324 1642 3380 nobis
1671 3325 1874 3382 donare
1906 3327 2021 3382 im-

426 3421 597 3486 perat,
647 3428 773 3485 erga
819 3428 919 3468 nos
959 3412 1191 3468 formam
1225 3413 1478 3485 praecepti
1510 3415 1595 3470 sui
1636 3431 1748 3470 non
1784 3424 1964 3472 servat
1994 3416 2022 3472 ?

425 3501 539 3556 Aut
585 3499 680 3572 qui
725 3499 913 3556 dixit:
959 3523 978 3546 ι
1007 3501 1439 3557 Misericordiam
1486 3502 1610 3574 plus
1662 3503 1810 3572 volo,
1856 3521 2019 3577 quam

427 3589 760 3647 sacriﬁcium
811 3590 964 3662 (Osee
989 3607 1068 3658 vr,
1097 3590 1153 3662 6)
1184 3610 1198 3659 ;
1229 3617 1246 3639 ι
1291 3591 1683 3649 misericordia:
1715 3593 1874 3649 nobis
1913 3610 2022 3664 po-

426 3687 532 3737 test
577 3694 772 3750 negare
822 3677 1141 3735 thesaurum
1187 3680 1215 3737 7
1270 3681 1384 3738 Hoc
1436 3690 1537 3750 est,
1594 3683 1740 3754 quod
1796 3691 2022 3738 exorata

424 3768 578 3841 prius
647 3767 809 3824 venia
863 3767 1124 3837 dixerim,
1183 3769 1401 3827 credere
1475 3772 1773 3828 Dominum
1832 3773 2017 3828 Jesum

422 3855 620 3915 cuncta
655 3873 775 3931 quae
821 3855 1028 3926 docuit,
1090 3857 1256 3915 fuisse
1305 3860 1618 3928 mentitum,
1662 3861 1706 3916 si
1745 3860 1890 3917 circa
1919 3877 2018 3917 nos

423 3947 656 4003 formam
710 3945 985 4004 custodire
1032 3964 1256 4004 suorum
1308 3949 1546 4006 noluerit
1596 3959 2013 4022 praeceptorum.

491 4077 719 4134 CAPUT
767 4078 946 4134 XXV.
994 4110 1064 4120 —
1102 4080 1172 4137 Et
1222 4081 1360 4137 bene
1416 4082 1562 4156 quod
1611 4091 1835 4153 repente
1865 4091 2016 4154 aptat

423 4164 558 4220 huic
597 4166 884 4221 sententiae
934 4166 1002 4221 de
1057 4171 1464 4240 comparatione
1502 4171 1816 4241 parabolam
1866 4171 2016 4227 duo-

426 4269 548 4309 rum
595 4254 809 4310 scilicet
853 4255 1222 4324 servulorum,
1271 4258 1337 4313 de
1379 4258 1580 4329 quibus
1621 4275 1763 4314 unus
1791 4277 1916 4316 cum
1943 4259 2014 4315 ob

423 4344 672 4401 debitum
729 4359 1108 4413 numerosum,
1140 4363 1245 4401 aere
1275 4347 1522 4416 decocto,
1552 4366 1659 4404 una
1688 4367 1811 4406 cum
1841 4367 2014 4406 uxore

424 4443 478 4490 et
535 4433 666 4490 ﬁliis
709 4431 944 4490 distrahi
987 4435 1296 4507 juberetur,
1329 4445 1382 4492 et
1425 4439 1743 4510 patientiam
1793 4440 2012 4495 Domini

423 4532 724 4596 prostratus
769 4522 887 4594 ejus
938 4525 1169 4597 pedibus
1212 4535 1482 4593 exoraret,
1536 4535 1598 4582 ut
1639 4527 1850 4583 tributo
1906 4528 2012 4583 sibi

424 4617 621 4686 spatio,
667 4633 832 4672 omne
891 4616 1140 4672 debitum
1197 4615 1543 4684 reddidisset,
1618 4617 2014 4688 meruissetque
2047 4646 2095 4704 Ι)

424 4704 802 4762 misericordia
855 4706 1078 4762 Domini
1121 4715 1320 4762 cuncta
1360 4706 1466 4762 sibi
1518 4705 1710 4762 donari
1746 4722 1758 4760 :
1791 4706 1885 4778 qui
1915 4706 2018 4762 sub

421 4794 739 4851 conditione
786 4796 884 4851 tali
931 4796 999 4852 ad
1043 4795 1321 4852 cruciatus
1363 4794 1714 4852 detinebatur
1741 4794 2013 4862 addictus,

423 4879 539 4952 ipse
589 4899 856 4939 conservo
896 4899 998 4939 suo
1057 4883 1296 4939 debitori
1341 4883 1522 4938 noluit
1567 4881 1850 4947 misereri;
1889 4881 2018 4953 quia

423 4967 628 5025 oblitus
655 4980 738 5027 est
782 4971 966 5027 collati
1000 4971 1105 5027 sibi
1137 4971 1456 5042 nuperrime
1488 4970 1740 5026 beneﬁcii
1781 4987 1792 5024 :
1829 4970 2014 5026 statim

422 5059 728 5116 tortoribus
783 5061 1038 5128 traditur,
1097 5070 1150 5116 et
1199 5061 1265 5116 de
1311 5060 1428 5132 ejus
1480 5061 1816 5117 cruciatibus
1844 5060 2012 5129 idem,

422 5149 572 5222 quod
619 5148 828 5206 dudum
893 5150 1074 5205 fuerat
1117 5149 1404 5219 donatum,
1449 5151 1715 5222 exigitur.
1758 5150 1891 5206 Inde
1934 5157 2015 5205 est

421 5238 570 5310 quod
617 5237 888 5295 Dominus
926 5237 1247 5311 hujusmodi
1301 5239 1496 5295 orandi
1550 5239 1798 5295 ordinem
1831 5239 2014 5311 posuit

421 5327 646 5384 dicens:
680 5352 700 5377 ι
719 5329 790 5385 Et
814 5327 1033 5384 dimitte
1057 5328 1214 5383 nobis
1233 5327 1417 5385 debita
1447 5338 1656 5398 nostra,
1681 5329 1824 5386 sicut
1842 5337 1896 5384 et
1913 5345 2013 5384 nos

421 5413 757 5473 dimittimus
806 5415 1150 5473 debitoribus
1195 5415 1398 5473 nostris
1437 5417 1652 5487 (Matth.
1694 5433 1771 5484 v1,
1814 5416 1943 5488 i2):
1976 5439 1996 5464 ι

498 5694 614 5768 (3?)
644 5694 832 5768 _C_odex
861 5697 1038 5768 R_em.,
1071 5699 1357 5768 indignatis
1384 5698 1662 5753 irascitur.
1737 5709 1754 5751 ’δ

499 5763 614 5836 (38)
644 5763 792 5819 Idem
821 5763 1279 5835 codex,videa'tur
1305 5769 1532 5824 habe-nas
1560 5768 1757 5824 dedisse
1781 5767 2005 5824 licentia.

2139 2030 2260 2068 rum
2292 2013 2399 2070 fuit
2435 2013 2640 2069 dixisse
2663 2012 2820 2079 iram,
2854 2009 2962 2066 nisi
2993 2009 3413 2067 denuntiaretur
3441 2019 3495 2068 et
3517 2028 3740 2086 magna,

2139 2103 2292 2175 quasi
2323 2103 2367 2158 si
2397 2119 2509 2159 non
2539 2110 2680 2160 esset
2712 2117 2928 2174 magna,
2960 2099 3218 2156 sustineri
3262 2099 3381 2172 ejus
3428 2109 3614 2173 posset
3641 2104 3736 2159 vel

2139 2193 2340 2250 lentior
2369 2191 2675 2249 iracundia.
2707 2190 2812 2247 Sed
2846 2191 3131 2247 videamus
3178 2205 3338 2262 quem
3367 2189 3582 2246 exitum
3612 2207 3740 2264 pro-

2139 2284 2358 2341 nuntiet
2385 2291 2537 2340 tanta
2569 2283 2890 2340 commotio.
2941 2280 3141 2346 Credo,
3191 2279 3355 2348 dixit,
3387 2280 3608 2338 bellicis
3637 2299 3742 2339 vos

2138 2374 2456 2447 inquietabo
2487 2373 2840 2440 tumultibus,
2872 2379 2926 2426 et
2971 2369 3311 2442 captivitatis
3349 2387 3450 2428 vos
3479 2388 3625 2428 saeva
3653 2372 3738 2429 di-

2139 2464 2287 2519 tione
2317 2463 2616 2529 mulctabo,
2650 2461 2795 2516 fame
2824 2477 2924 2515 vos
2955 2459 3215 2528 afﬁciam,
3249 2459 3443 2516 morbo
3463 2462 3735 2534 quatiam,

2136 2562 2310 2610 morte
2353 2569 2692 2621 consumam,
2734 2551 2973 2607 ferarum
3020 2558 3182 2623 atque
3225 2550 3527 2608 bestiarum
3561 2553 3738 2626 rapiet

2135 2647 2417 2717 inopinata
2466 2644 2720 2710 vastatio,
2770 2642 3030 2715 profugos
3085 2649 3138 2697 et
3193 2640 3399 2715 ubique
3455 2642 3737 2715 dispersos

2132 2735 2366 2806 agitabit
2393 2734 2672 2790 exsilium.
2710 2733 2825 2788 Hoc
2853 2731 3001 2787 enim
3027 2730 3337 2787 intellectui
3368 2731 3735 2804 relinquitur,

2133 2833 2192 2880 ut
2241 2825 2377 2880 iram
2430 2840 2682 2895 magnam
2731 2820 3112 2878 vehementior
3157 2820 3404 2877 vindicta
3446 2829 3731 2894 sequatur.

2144 2938 2162 2961 ι
2199 2915 2375 2970 Iratus
2425 2919 2524 2980 est,
2578 2911 2780 2984 inquit,
2848 2909 3118 2966 Dominus
3169 2907 3234 2964 ad
3283 2917 3461 2981 patres
3511 2917 3738 2967 nostros

2132 3003 2212 3058 ira
2235 3019 2446 3074 magna,
2477 3001 2670 3057 dicens
2699 2999 2767 3055 ad
2801 3015 2919 3054 eos.
2950 3022 2968 3047 ι
3013 2996 3155 3066 Quid
3179 2997 3384 3053 dixerit
3400 2998 3693 3057 audiamus
3719 3019 3733 3057 :

2145 3118 2161 3140 ι
2179 3091 2581 3148 Convertimini
2605 3091 2672 3146 ad
2694 3105 2802 3157 me,
2829 3095 2882 3143 et
2901 3095 3194 3144 convertar
3211 3087 3278 3143 ad
3295 3103 3393 3144 vos
3416 3088 3580 3160 (Ibid.
3601 3088 3682 3162 3).
3701 3115 3721 3139 ο

2129 3182 2172 3237 Ο
2205 3179 2640 3252 indignationem
2670 3178 2736 3234 de
2768 3178 2968 3249 pietate
3005 3185 3316 3233 manantem
3352 3177 3364 3233 l
3409 3194 3442 3233 ο
3472 3194 3732 3251 magnam
3783 3253 3785 3255 ι

2052 3280 2094 3338 C
2130 3269 2293 3336 iram,
2325 3286 2444 3341 quae
2478 3268 2647 3323 infert
2683 3264 3154 3322 misericordiam!
3190 3266 3338 3338 Rogo
3359 3266 3454 3339 qui
3491 3265 3572 3323 sic
3598 3268 3736 3323 iras-

2131 3359 2296 3426 citur,
2329 3355 2791 3430 quemadmodum
2823 3355 3114 3411 miseretur
3143 3355 3171 3412 ?
3200 3355 3312 3411 Aut
3353 3355 3399 3410 si
3447 3355 3524 3411 ita
3553 3356 3734 3413 mise-

2131 3457 2300 3516 retur,
2349 3447 2812 3522 quemadmodum
2869 3447 3190 3518 indignatus
3239 3445 3496 3502 irascitur
3537 3447 3656 3518 (37)
3702 3447 3734 3504 ?

2131 3541 2246 3596 Hoc
2291 3539 2433 3595 alius
2483 3539 2749 3611 propheta
2799 3538 3197 3610 proloquitur:
3243 3558 3262 3583 ε
3295 3536 3607 3603 Revertere,
3656 3536 3731 3591 Is-

2131 3629 2265 3697 rael,
2297 3628 2366 3684 ad
2397 3629 2694 3685 Dominum
2739 3637 2919 3696 tuum,
2957 3635 3178 3699 propter
3230 3624 3376 3698 quod
3414 3623 3735 3680 infirmatus

2131 3735 2190 3775 es
2243 3720 2300 3774 in
2358 3717 2754 3792 iniquitatibus
2795 3717 2925 3774 tuis.
2976 3716 3154 3772 Dicite
3199 3715 3290 3771 ei:
3339 3715 3538 3770 Potens
3567 3731 3625 3770 es
3650 3730 3734 3771 re-

2134 3807 2353 3865 mittere
2382 3817 2605 3882 peccata
2649 3815 2856 3875 nostra,
2887 3823 2997 3862 non
3042 3813 3103 3861 ut
3130 3804 3414 3876 accipiatis
3449 3802 3736 3876 iniquita-

2127 3907 2260 3967 tem,
2317 3899 2410 3956 sed
2447 3907 2509 3955 ut
2557 3899 2841 3971 accipiatis
2870 3897 3048 3963 bona;
3082 3903 3136 3951 et
3177 3894 3389 3952 reddite
3419 3894 3470 3951 ei
3515 3894 3736 3952 fructus

2126 3989 2397 4044 labiorum
2462 3996 2791 4054 vestrorum,
2849 3995 2902 4041 et
2949 3984 3264 4056 epulabitur
3305 3983 3363 4038 in
3421 3981 3585 4039 bouis
3631 3999 3733 4040 cor

2125 4087 2365 4135 vestrum
2389 4078 2539 4147 (Osee
2562 4093 2682 4144 xxv,
2706 4076 2759 4144 2,
2779 4077 2870 4146 3);
2894 4097 2912 4121 ι
2955 4072 3153 4129 etalibi
3181 4089 3193 4128 :
3237 4096 3255 4119 ε
3282 4073 3500 4142 Redite,
3517 4073 3728 4154 inquit,

2123 4170 2225 4225 ﬁlii
2254 4170 2580 4235 desertores,
2611 4165 2750 4221 dicit
2777 4163 3047 4220 Dominus
3079 4162 3221 4232 (Isa.
3266 4177 3421 4229 XLVI,
3467 4161 3526 4233 8)
3564 4180 3578 4230 ;
3613 4187 3633 4212 ι
3680 4171 3737 4220 ει

2126 4259 2328 4315 iterum
2357 4275 2369 4313 :
2411 4282 2429 4303 ι
2461 4253 2850 4322 Revertimini,
2897 4252 3002 4308 ﬁlii
3051 4259 3406 4318 revertentes,
3439 4259 3495 4306 et
3523 4253 3735 4308 sanabo

2123 4346 2538 4404 tribulationem
2588 4351 2825 4400 vestram
2861 4343 3078 4415 (Jerem.
3129 4356 3210 4408 ιιι,
3259 4340 3376 4411 22).
3408 4363 3427 4387 ι
3471 4340 3570 4397 His
3597 4357 3732 4399 con-

2123 4453 2257 4492 sona
2294 4433 2472 4491 David
2520 4433 2715 4489 beatus
2763 4437 3114 4504 peccatorum
3166 4428 3368 4484 solatia
3411 4427 3733 4488 decantavit

2123 4524 2313 4580 dicens
2338 4541 2350 4580 :
2398 4549 2416 4570 ι
2444 4520 2802 4581 Conﬁtemini
2826 4518 3064 4575 Domino
3086 4517 3346 4590 quoniam
3370 4517 3570 4587 bonus,
3592 4535 3730 4592 quo-

2125 4615 2273 4670 niam
2305 4613 2360 4669 in
2390 4621 2659 4668 aeternum
2693 4608 3073 4666 misericordia
3101 4607 3220 4680 ejus
3257 4607 3430 4678 (Psat.
3463 4623 3553 4676 cv,
3584 4609 3664 4679 1).
3695 4633 3714 4659 ι

2199 4703 2429 4761 CAPUT
2460 4701 2670 4758 XXVI.
2709 4730 2780 4741 —
2806 4700 2918 4756 Nec
2946 4697 3052 4754 hoc
3101 4696 3362 4762 dixerim,
3407 4705 3469 4752 ut
3504 4697 3730 4754 latiores

2126 4793 2424 4849 admodum
2459 4791 2648 4847 videar
2675 4791 2922 4847 habenas
2962 4788 3180 4846 dedisse
3222 4787 3456 4844 licentia:
3491 4786 3631 4858 (38),
3671 4795 3729 4845 et

2125 4881 2226 4938 sub
2258 4879 2439 4936 venia
2482 4879 2757 4936 divinitus
2805 4878 3114 4934 tribuendas
3161 4884 3430 4949 praetextu
3461 4876 3726 4948 peccandi

2125 4971 2297 5042 magis
2342 4968 2594 5025 fomitem
2644 4967 2914 5024 Auctoris
2958 4966 3338 5039 paenitentiam
3389 4963 3722 5038 praebuisse;

2126 5062 2230 5118 hoc
2275 5061 2424 5119 enim
2468 5077 2720 5116 sermone
2767 5076 2889 5116 meo
2935 5059 3220 5115 cadentem
3265 5057 3436 5129 erigo,
3485 5063 3725 5114 stantem

2123 5169 2232 5207 non
2261 5151 2489 5223 impello
2519 5168 2532 5217 ;
2569 5166 2671 5206 nec
2699 5149 3003 5222 praejudico
3031 5147 3385 5215 innocentiae,
3410 5146 3505 5219 qui
3526 5145 3728 5202 exhor-

2124 5247 2208 5296 tor
2244 5239 2310 5294 ad
2358 5238 2764 5311 pmnitentiam-
2789 5245 3150 5310 peccatorem.
3193 5235 3499 5309 Siquidem,
3545 5241 3608 5289 ut
3635 5250 3724 5290 su-

2122 5347 2219 5401 pra
2245 5329 2357 5400 jam
2381 5328 2648 5396 diximus,
2683 5328 3011 5384 innocentia
3035 5325 3209 5398 exigit
3239 5325 3305 5382 de
3334 5327 3447 5380 Deo
3475 5323 3725 5380 debitum

2120 5419 2250 5474 vitae
2280 5434 2394 5474 suae
2423 5418 2710 5490 praemium
2747 5436 2758 5474 :
2791 5415 3117 5490 poenitentia
3144 5430 3275 5469 vero
3303 5419 3584 5486 exspectat
3621 5414 3724 5468 ωι-
