3964 6370
234 367 378 426 1089

1329 367 1424 424 DE
1463 365 1924 424 ΡΟΕΝΙΤΕΝΤΙΑ
1963 365 2172 425 LIBER
2209 365 2404 423 UNUS.

3398 369 3538 427 1090
3613 455 3620 464 ι

228 491 550 550 sericordias
589 490 952 560 beneficium;
1008 507 1120 549 non
1166 507 1388 566 peccare
1443 493 1590 549 enim
1634 494 1825 550 timere
1853 496 1904 554 A
1938 493 2054 564 25).
2087 518 2104 540 ι
2157 493 2558 550 Convertamur
2599 510 2728 566 ergo
2768 503 2822 551 et
2865 495 3228 552 conﬁteamur
3274 499 3535 567 Domino,

231 591 341 652 est,
362 582 625 656 pmnitere
652 598 784 638 vero
815 582 938 654 plus
967 597 1130 656 quam
1166 583 1379 638 timere.
1411 583 1546 638 Nam
1579 584 1832 656 plerum-

231 688 344 746 que
372 669 772 727 offensionibus
795 670 1040 743 subjacet
1087 687 1279 728 secura
1315 671 1585 728 felicitas:
1623 673 1834 728 cautior

231 769 418 818 autem
450 760 518 816 ad
556 760 814 817 evitanda
845 760 1118 833 praeterita
1159 761 1418 830 efﬁcitur,
1464 777 1625 834 quem
1657 771 1835 818 metus

232 850 526 918 emendat;
557 849 688 922 quia
715 849 1009 906 sollicitior
1037 867 1251 922 semper
1289 851 1414 918 erit,
1460 850 1554 923 qui
1581 858 1737 906 cavet
1766 868 1832 907 ne

233 940 542 997 identidem
573 945 717 1002 603
747 938 824 994 ibi
864 939 1092 1008 incidat,
1141 939 1237 994 ubi
1277 939 1392 1012 jam
1423 949 1582 996 antea
1609 940 1830 996 cecidit.

233 1036 330 1094 Sic
364 1037 782 1110 gubernatorem
833 1037 1046 1094 faciunt
1090 1038 1332 1110 pericula
1371 1046 1595 1109 experta
1631 1037 1832 1093 sollici-

231 1135 378 1194 tum,
411 1135 464 1183 et
517 1127 575 1183 in
635 1128 871 1184 offensos
928 1137 1119 1200 portus
1174 1144 1567 1200 nonnunquam
1612 1135 1834 1183 veretur

235 1215 465 1285 intrare,
498 1216 593 1290 qui
623 1218 710 1272 vel
741 1218 907 1273 semel
941 1217 1236 1274 incurrerit
1264 1235 1334 1274 ex
1371 1219 1664 1274 securitate
1702 1233 1832 1272 nau-

234 1305 496 1378 fragium.
528 1306 777 1381 Denique
806 1307 1091 1380 Scriptura
1120 1308 1347 1364 divina:
1397 1333 1414 1355 ε
1444 1308 1548 1376 Qui
1584 1325 1694 1363 non
1717 1315 1831 1363 ten-

235 1403 385 1452 tatus
413 1403 515 1464 est,
536 1396 736 1469 inquit,
769 1397 952 1470 qualia
979 1397 1294 1467 scit(Eccli.
1327 1414 1527 1465 xxxiv,
1559 1398 1683 1468 II)?
1713 1421 1729 1444 ι
1773 1405 1834 1454 ut

235 1487 551 1542 ostenderet
579 1502 674 1558 per
706 1487 1030 1543 tentationis
1073 1503 1292 1543 causam
1324 1494 1594 1542 tentatum
1622 1503 1834 1557 semper

236 1574 380 1631 efﬁci
411 1575 733 1644 cautiorem,
789 1583 842 1631 et
871 1593 968 1648 per
994 1577 1249 1631 timorem
1286 1575 1457 1647 magis
1483 1576 1706 1648 corrigi,
1737 1577 1828 1648 qui

237 1662 495 1720 incautus
544 1672 703 1720 antea
755 1665 923 1720 fuerit
971 1665 1293 1721 tentationis
1345 1664 1594 1721 scientia.
1653 1665 1832 1737 Usque

235 1751 374 1808 adeo
402 1759 584 1809 autem
618 1753 970 1825 peccantibus
1012 1755 1284 1810 Dominus
1327 1762 1480 1826 optat
1529 1754 1828 1825 ignoscere,

1940 597 2066 636 cum
2099 581 2156 636 in
2197 579 2303 636 hoc
2349 580 2534 636 saeculi
2580 579 2829 653 degimus
2878 591 3206 652 commeatu,
3260 592 3313 640 et
3356 584 3538 656 judici

1941 677 2128 725 nostro
2157 668 2492 740 pmnitentiae
2541 669 2806 725 viaticum
2855 686 3242 742 praeparemus.
3276 675 3398 729 Non
3427 676 3539 731 sint

1941 758 2202 830 temporis
2243 758 2417 813 nostri
2462 759 2637 814 otiosa
2683 759 2983 827 curricula,
3042 776 3142 816 nec
3170 777 3272 817 nos
3312 763 3428 818 nati
3469 763 3538 821 ad

1942 848 2300 919 peccandum,
2359 848 2452 904 sed
2507 848 2575 904 ad
2631 848 2768 904 bene
2827 849 3098 921 agendum
3153 851 3533 910 convivamus.

1941 939 2053 994 Aut
2084 937 2130 994 si
2161 945 2380 1009 peccato
2419 938 2687 993 fuerimus
2733 939 2984 1006 obnoxii,
3040 941 3302 1012 quoniam
3355 941 3540 1000 deesse

1941 1043 2050 1081 non
2083 1035 2259 1099 potest
2307 1029 2363 1083 in
2412 1027 2517 1084 hoc
2559 1028 2751 1082 mundi
2782 1027 2998 1084 theatro
3043 1029 3180 1100 quin
3231 1045 3538 1100 peccemus,

1941 1115 2361 1172 reminiscamur
2401 1118 2598 1185 nostri,
2647 1125 2710 1172 ut
2743 1118 2971 1173 evadere
3004 1117 3267 1189 gehennae
3295 1120 3539 1191 praecipi-

1940 1205 2081 1260 tium
2111 1207 2418 1278 cupiamus.
2462 1206 2834 1262 Pmniteamus
2877 1223 3004 1278 ergo
3034 1223 3103 1262 ex
3145 1206 3271 1276 fide,
3321 1225 3541 1266 oremus

1941 1311 2010 1350 ex
2044 1296 2228 1365 corde,
2280 1297 2559 1369 ploremus
2601 1313 2668 1352 ex
2717 1296 2944 1354 viscere.
2997 1297 3067 1352 Et
3097 1297 3240 1353 sicut
3270 1297 3542 1370 Propheta

1940 1383 2078 1440 dicit
2102 1402 2113 1440 :
2152 1407 2170 1432 ι
2197 1385 2526 1454 Adoremus,
2559 1394 2613 1442 et
2640 1385 3014 1458 procidamus,
3034 1393 3086 1441 et
3106 1387 3384 1457 ploremus
3409 1393 3539 1442 ante

1939 1474 2261 1542 Dominum,
2318 1474 2412 1547 qui
2465 1474 2598 1530 fecit
2649 1491 2750 1531 nos
2812 1476 2985 1544 (Psal.
3019 1491 3170 1543 xcrv,
3200 1474 3298 1546 6);
3339 1498 3360 1524 ι
3410 1474 3540 1548 quia

1954 1583 1974 1610 ι
2012 1563 2106 1634 qui
2136 1571 2324 1618 serunt
2355 1563 2411 1617 in
2462 1564 2742 1635 lacrymis,
2793 1563 2852 1618 in
2880 1563 3078 1635 gaudio
3123 1569 3330 1619 metent
3364 1563 3537 1635 (Psal.

1940 1669 2109 1719 cxxv,
2149 1653 2232 1719 5).
2270 1676 2288 1698 ι
2341 1653 2520 1721 Felix,
2570 1652 2680 1708 heu
2725 1652 2961 1707 nimium
3007 1653 3143 1708 felix
3189 1652 3432 1708 oﬂicium
3467 1653 3541 1708 la-

1939 1756 2275 1812 crymarum,
2305 1756 2413 1813 quo
2436 1740 2624 1795 futuro
2650 1749 2893 1812 tempore
2915 1741 3257 1811 colliguntur
3281 1740 3536 1812 praemia!

236 1839 334 1913 qui
357 1857 470 1898 non
510 1843 633 1898 vult
664 1851 896 1899 mortem
929 1843 1234 1912 morientis,
1265 1851 1530 1916 quantum
1563 1851 1624 1898 ut
1653 1859 1830 1898 rever-
1861 1849 1906 1908 B
1940 1838 1992 1884 θι
2022 1828 2244 1884 beatum
2276 1829 2505 1884 seminis
2534 1829 2962 1896 incrementum,
2992 1827 3138 1902 (lu0d
3171 1828 3229 1883 in
3259 1827 3390 1884 nem
3418 1845 3540 1900 Ρτο·

233 1937 387 1988 tatur
411 1938 464 1987 et
493 1931 673 1999 vivat;
707 1940 770 1988 ut
798 1949 934 2006 quos
964 1950 1061 2006 pro
1095 1933 1431 1990 facinoribus
1459 1933 1573 1989 suis
1611 1933 1835 2006 aliquo-

235 2022 344 2080 ties
373 2023 612 2081 destinat
651 2041 849 2096 paenae,
875 2026 1252 2098 interpellatus
1277 2026 1623 2099 pmnitentia,
1681 2027 1834 2083 illico

232 2111 461 2170 festinet
491 2113 804 2171 absolvere:
830 2122 883 2170 et
912 2122 974 2170 ut
1001 2117 1260 2173 recondat
1300 2133 1357 2171 in
1377 2116 1576 2188 vagina
1604 2115 1833 2172 machae-

233 2217 376 2270 ram,
409 2211 714 2260 commutat
754 2204 1250 2264 animadversionis
1291 2206 1668 2264 satisfactione
1711 2222 1834 2262 sen-

233 2291 491 2349 tentiam.

310 2494 538 2552 CAPUT
568 2496 800 2554 XXVII.
831 2527 902 2538 —
930 2497 1002 2553 Et
1040 2513 1352 2570 quanquam
1404 2496 1509 2554 hoc
1539 2513 1608 2552 ex
1666 2495 1835 2551 Nini-

237 2584 481 2641 vitarum
513 2586 656 2643 facto
683 2585 934 2658 superius
981 2588 1054 2644 sit
1094 2587 1406 2659 probatum,
1438 2596 1619 2642 tamen
1669 2585 1832 2640 etiam

236 2673 488 2730 Ieremia;
519 2674 800 2747 propheta;
849 2691 1013 2746 super
1071 2691 1136 2731 eo
1192 2676 1375 2746 accipe
1420 2673 1829 2739 testimonium;

236 2770 300 2818 ut
321 2779 391 2818 ex
430 2763 766 2819 testimoniis
794 2763 1011 2835 plenius
1045 2763 1148 2819 tibi
1199 2764 1461 2835 probetur
1495 2763 1830 2834 exemplum.

252 2876 272 2901 ι
301 2851 513 2920 Sermo,
549 2851 749 2924 inquit,
786 2851 881 2924 qui
939 2850 1116 2906 factus
1147 2859 1230 2907 est
1257 2867 1287 2906 a
1316 2850 1553 2906 Domino
1577 2851 1645 2906 ad
1675 2852 1834 2906 Jere—

237 2940 431 3008 miam,
491 2938 710 2995 dicens:
767 2940 1015 3010 Exsurge
1047 2983 1062 3008 ,
1095 2947 1147 2995 et
1195 2939 1461 2996 descende
1493 2941 1548 2995 in
1606 2939 1832 2995 domum

238 3027 417 3100 ﬁguli,
449 3036 501 3085 et
521 3028 599 3084 ibi
625 3028 816 3084 audies
841 3028 1009 3084 verba
1039 3046 1177 3085 mea.
1211 3031 1281 3085 Et
1309 3029 1568 3086 descendi
1614 3029 1669 3085 in
1725 3028 1834 3084 do-

240 3134 393 3174 mum
424 3119 602 3191 liguli,
635 3126 688 3174 et
717 3134 840 3175 ecce
871 3119 986 3191 ipse
1017 3135 1154 3191 opus
1186 3119 1418 3175 faciebat
1464 3135 1626 3191 super
1685 3118 1834 3190 lapi-

1944 1920 2220 1984 funditur,
2249 1927 2311 1975 ut
2333 1919 2399 1974 in
2431 1919 2625 1975 laetitia
2645 1920 2909 1975 metatur!
2944 1918 3219 1990 Scriptum
3247 1925 3326 1973 est
3355 1917 3533 1976 enim:

1959 2035 1976 2055 ι
2006 2009 2162 2064 Felix
2192 2007 2381 2076 homo,
2421 2008 2514 2082 qui
2565 2008 2812 2080 agnoscit
2841 2008 3112 2063 ululatum
3161 2023 3323 2062 suum
3353 2008 3530 2078 (Eccl.

1943 2115 2062 2166 xiv,
2096 2099 2175 2169 2).
2208 2121 2226 2145 ι
2270 2099 2539 2154 Levemus
2568 2099 2756 2154 oculos
2786 2106 3002 2152 nostros
3032 2095 3100 2152 ad
3132 2103 3368 2164 montes,
3395 2095 3542 2152 unde

1943 2187 2132 2242 veniet
2161 2187 2435 2242 auxilium
2468 2187 2668 2254 nobis;
2701 2187 2829 2259 quia
2864 2210 2882 2233 ι
2909 2186 3054 2242 sicut
3081 2186 3228 2242 oculi
3258 2203 3540 2242 servorum

1945 2276 2004 2332 in
2034 2277 2288 2332 manibus
2339 2275 2694 2331 dominorum
2728 2291 2977 2343 suorum,
3012 2282 3065 2329 et
3094 2274 3238 2330 sicut
3267 2275 3414 2330 oculi
3443 2291 3542 2330 an-

1945 2364 2088 2422 cillae
2119 2365 2187 2421 ad
2219 2381 2415 2420 manus
2445 2364 2686 2420 dominae
2715 2381 2827 2420 suae
2858 2383 2870 2421 :
2903 2364 2982 2420 sic
3010 2371 3064 2420 et
3093 2363 3239 2420 oculi
3272 2365 3445 2420 nostri
3475 2364 3543 2420 ad

1943 2453 2241 2509 Dominum
2278 2455 2452 2509 Deum
2500 2461 2771 2522 nostrum,
2823 2469 2994 2526 usque
3041 2452 3172 2510 dum
3223 2452 3545 2510 misereatur

1943 2542 2103 2598 nobis
2137 2542 2310 2614 (Psal.
2347 2557 2524 2611 cxxn,
2559 2541 2637 2612 2).
2681 2565 2699 2588 ι

2014 2757 2240 2814 CAPUT
2271 2755 2798 2828 XXVIII—Neque
2827 2755 2902 2811 ita
2930 2755 3310 2813 conversionis
3338 2762 3539 2812 nostra:

1943 2845 2235 2903 consilium
2297 2845 2558 2918 temporis
2614 2843 3076 2901 delectationibus
3129 2846 3536 2917 prolongemus,

1942 2946 2004 2993 ut
2051 2937 2151 2991 sub
2182 2936 2414 2992 scientia
2465 2934 2725 3007 peccandi
2777 2941 2831 2990 et
2875 2933 3238 2991 delectatione
3276 2934 3542 3008 pereundi

1942 3041 2115 3097 usque
2141 3024 2210 3080 ad
2248 3033 2549 3080 extremam
2586 3030 2798 3080 aetatem
2845 3040 2945 3078 nos
2977 3023 3034 3078 in
3064 3025 3381 3096 voraginem
3420 3024 3541 3081 cri-

1945 3114 2159 3170 minum
2209 3113 2624 3186 demergamus;
2670 3130 2795 3169 cum
2838 3112 3068 3168 vivendi
3117 3114 3277 3170 nobis
3323 3130 3483 3169 usum
3510 3130 3542 3169 a

239 3207 356 3276 des,
389 3215 442 3264 et
477 3208 675 3265 cecidit
706 3225 802 3264 vas
832 3209 979 3282 quod
1040 3209 1154 3280 ipse
1204 3209 1436 3265 faciebat
1479 3209 1536 3263 in
1585 3208 1840 3263 manibus
1869 3207 1910 3268 C
1947 3203 2138 3260 divina
2167 3204 2486 3276 dignatione
2531 3204 2794 3261 collatum
2838 3203 2934 3276 qui
2982 3204 3254 3260 terminus
3301 3201 3540 3271 claudat,

243 3296 391 3364 suis;
424 3303 478 3352 et
508 3296 708 3353 iterum
753 3297 884 3354 fecit
930 3297 1072 3353 illud
1118 3314 1214 3353 vas
1241 3298 1412 3366 aliud,
1458 3298 1601 3354 sicut
1634 3297 1838 3369 placuit

243 3401 427 3441 coram
462 3385 580 3457 ipso
612 3387 806 3441 facere.
848 3387 920 3441 Et
953 3385 1130 3441 factus
1168 3395 1249 3442 est
1290 3403 1469 3441 sermo
1507 3385 1737 3441 Domini
1769 3383 1836 3440 ad

243 3490 352 3542 me,
381 3473 603 3530 dicens:
637 3474 792 3530 Sicut
845 3474 1046 3547 ﬁgulus
1087 3475 1188 3532 iste
1235 3493 1347 3531 non
1400 3482 1590 3547 potero
1635 3492 1734 3530 vos
1762 3473 1836 3530 fa-

243 3581 385 3634 cere,
410 3565 608 3622 domus
630 3566 794 3621 Israel
813 3566 984 3621 ?Ecce
998 3567 1140 3622 sicut
1157 3567 1334 3621 lutum
1353 3567 1507 3638 ﬁguli
1522 3583 1619 3621 vos
1637 3565 1836 3621 estisin

243 3653 506 3711 manibus
535 3653 672 3709 meis
696 3671 708 3709 :
744 3662 798 3710 et
814 3661 1027 3710 tantum
1050 3655 1097 3710 si
1128 3657 1496 3728 loquarsuper
1514 3662 1726 3726 gentem
1745 3663 1839 3711 aut

245 3761 410 3817 super
439 3760 700 3812 regnum;
738 3753 801 3800 ut
815 3744 1004 3799 tollam
1035 3761 1147 3812 eos,
1177 3752 1232 3800 et
1266 3751 1327 3800 ut
1347 3745 1568 3817 perdam
1585 3761 1696 3800 eos.
1717 3743 1837 3799 Etsi

245 3849 510 3892 conversa
539 3832 707 3889 fuerit
726 3850 856 3905 gens
877 3833 972 3889 illa
989 3850 1020 3889 a
1040 3833 1204 3888 malis
1238 3835 1354 3890 suis
1383 3833 1836 3904 cogitationibus,

246 3923 629 3996 paenitentiam
660 3940 814 3996 agam
863 3941 961 3996 pro
1014 3924 1194 3992 malis,
1252 3940 1372 3996 qua:
1427 3923 1731 3994 cogitabam
1779 3934 1840 3982 ut

246 4012 478 4067 facerem
511 4011 612 4080 eis,
636 4021 689 4068 et
731 4029 842 4068 non
896 4013 1118 4068 faciam.
1182 4014 1254 4068 Et
1309 4019 1492 4067 tamen
1531 4011 1576 4067 si
1622 4013 1840 4069 locutus

248 4101 403 4156 fuero
433 4117 596 4172 super
625 4119 854 4173 regnum
885 4109 982 4157 aut
1013 4109 1251 4173 gentem,
1285 4108 1348 4157 ut
1376 4101 1742 4157 resedilicetur
1786 4111 1840 4159 et

247 4191 738 4264 circumplantetur
761 4213 774 4261 ;
799 4201 852 4248 et
868 4193 1058 4250 fecerit
1081 4193 1272 4266 iniqua
1297 4193 1354 4248 in
1377 4202 1673 4266 conspectu
1694 4211 1838 4265 meo,

249 4287 439 4336 utnon
463 4281 722 4337 exaudiat
739 4299 930 4338 vocem
950 4298 1145 4338 meam:
1172 4281 1548 4353 paenitentiam
1567 4298 1718 4354 agam
1743 4300 1841 4356 pro

249 4369 431 4439 bonis,
449 4388 568 4444 qua:
585 4374 801 4429 locutus
813 4381 935 4430 sum
958 4384 1020 4430 ut
1041 4375 1273 4431 facerem
1297 4375 1396 4442 eis,
1417 4383 1470 4430 et
1487 4391 1599 4430 non
1615 4375 1836 4434 faciam.

247 4461 480 4517 Etnunc
507 4462 598 4519 dic
610 4464 678 4520 ad
696 4463 844 4520 viros
873 4463 1100 4532 Juda,et
1120 4464 1500 4521 inhabitantes
1517 4465 1837 4524 Jerusalem:

1945 3295 2212 3353 habeatur
2243 3295 2536 3351 incertum.
2588 3295 2659 3350 Et
2688 3295 2920 3350 forsitan
2966 3294 3072 3350 hoc
3118 3295 3265 3367 quod
3294 3303 3389 3350 aut
3417 3293 3543 3365 pri-

1947 3404 2097 3441 mum
2129 3393 2372 3458 putatur,
2395 3391 2489 3440 aut
2509 3384 2774 3452 medium,
2800 3383 3144 3440 imminentis
3161 3383 3378 3440 occidui
3401 3391 3543 3440 meta

1942 3475 2055 3548 jam
2086 3475 2308 3542 limitet,
2338 3474 2518 3546 sitque
2545 3473 2766 3530 debitus
2796 3473 2924 3528 ﬁnis
2945 3473 3286 3546 indignantis
3315 3473 3541 3529 Domini

1947 3582 2014 3621 ex
2045 3564 2424 3623 conversionis
2461 3563 2716 3621 tarditate
2761 3563 3013 3631 vocatio;
3063 3563 3283 3636 quando
3319 3561 3541 3636 quidem

1947 3672 2016 3711 ex
2091 3653 2471 3710 admonitione
2544 3651 2974 3725 rumpendarum
3052 3651 3110 3707 in
3184 3651 3544 3708 conversione

1951 3763 2228 3803 morarum
2275 3748 2618 3819 propositum
2668 3746 2922 3802 videatur
2970 3747 3299 3803 oraculum:
3365 3768 3383 3792 α
3421 3745 3543 3802 Non

1948 3837 2130 3891 tardes
2176 3836 2422 3892 converti
2469 3836 2535 3892 ad
2569 3835 2891 3904 Dominum,
2936 3843 2989 3891 et
3020 3851 3086 3890 ne
3114 3834 3334 3890 differas
3361 3833 3427 3890 de
3455 3834 3545 3890 die

1947 3925 2007 3981 in
2039 3925 2187 3980 diem
2213 3942 2226 3991 ;
2257 3925 2441 3980 subito
2471 3926 2620 3981 enim
2652 3925 2836 3981 veniet
2861 3925 2940 3980 ira
2971 3922 3108 3996 ejus,
3140 3924 3271 3979 etin
3299 3931 3545 3996 tempore

1947 4014 2212 4070 vindictae
2244 4015 2523 4086 disperdet
2553 4021 2604 4070 te
2637 4015 2828 4087 (Eccli.
2854 4031 2909 4082 v,
2942 4014 2996 4082 8,
3027 4015 3084 4085 9)
3113 4031 3126 4080 ;
3163 4037 3181 4060 ›
3223 4023 3277 4070 et
3305 4012 3539 4068 iterum:

1965 4127 1983 4150 ι
2015 4103 2143 4172 Fili,
2177 4105 2437 4175 peccasti,
2469 4120 2538 4159 ne
2575 4103 2802 4174 adjicias
2834 4103 3058 4172 iterum,
3108 4102 3203 4158 sed
3247 4109 3301 4158 et
3339 4102 3405 4158 de
3436 4102 3546 4175 pri-

1949 4193 2110 4248 stinis
2128 4192 2439 4265 deprecare,
2463 4203 2524 4250 ut
2545 4194 2647 4249 tibi
2678 4193 3033 4249 dimittantur
3066 4193 3386 4265 (Eccli.xx1,
3412 4192 3488 4263 I);
3512 4215 3530 4239 ι

1964 4307 1982 4330 ι
2013 4293 2066 4340 et
2086 4300 2154 4339 ne
2181 4282 2407 4354 adjicias
2428 4291 2710 4355 peccatum
2742 4300 2906 4356 super
2933 4292 3236 4356 peccatum,
3269 4292 3323 4339 et
3346 4282 3496 4339 dicas
3529 4300 3541 4339 :

1949 4373 2229 4430 Miseratio
2258 4372 2357 4428 Dei
2388 4389 2583 4445 magna
2611 4381 2722 4441 est;
2765 4373 3146 4430 misericordia
3192 4373 3339 4428 enim
3370 4379 3425 4427 et
3465 4371 3547 4428 ira

1949 4462 2016 4518 al)
2047 4462 2145 4517 illo
2178 4462 2369 4532 (Eccli.
2403 4480 2460 4531 v,
2493 4462 2634 4533 5-7).
2672 4487 2691 4511 ι
2734 4464 2844 4519 Nec
2880 4479 2980 4518 nos
3010 4479 3182 4533 usque
3212 4462 3280 4517 ad
3309 4469 3545 4518 mortem

248 4548 391 4604 Ecce
419 4566 518 4621 ego
548 4551 698 4624 fingo
727 4554 871 4608 mala
899 4570 1065 4626 super
1093 4571 1214 4618 vos,
1256 4561 1310 4608 et
1337 4554 1519 4625 cogito
1549 4571 1713 4626 super
1741 4573 1840 4613 vos
1872 4575 1920 4632 D
1943 4553 2068 4608 fieri
2102 4553 2374 4626 mancipia
2423 4553 2714 4624 patiamur,
2761 4561 2814 4608 et
2861 4551 3054 4607 demus
3083 4567 3312 4622 corpora
3359 4558 3548 4607 nostra

247 4637 656 4710 cogitationem.
721 4641 1089 4699 Convertatur
1143 4642 1521 4714 unusquisque
1559 4661 1589 4699 a
1630 4644 1718 4699 via
1747 4662 1844 4702 sua

251 4727 510 4799 maligna,
536 4729 790 4786 meliores
806 4730 967 4787 facite
987 4731 1354 4803 cogitationes
1384 4740 1592 4788 vestras
1626 4733 1838 4804 (Jerem.

249 4831 412 4885 xvm,
466 4817 637 4890 l-I2).
670 4841 692 4866 ν
738 4818 940 4874 Suadet
996 4836 1124 4891 ergo
1154 4821 1356 4891 figulus
1415 4829 1600 4877 noster
1651 4838 1682 4878 a
1737 4824 1844 4879 viis

251 4905 508 4976 pessimis
540 4914 593 4962 et
630 4907 1059 4979 cogitationibus
1115 4925 1214 4963 nos
1245 4909 1503 4981 malignis
1541 4912 1739 4980 averti,
1783 4919 1844 4967 ut

249 4995 540 5051 conversio
571 4996 908 5068 paenitentiae
963 4997 1022 5051 in
1052 4997 1205 5052 aliud
1254 5014 1350 5053 vas
1376 4997 1547 5068 possit
1577 4998 1844 5056 fracturas

249 5095 464 5144 nostras
491 5085 737 5159 vitiaque
772 5088 1061 5157 plasmare.
1111 5087 1182 5142 Et
1229 5087 1350 5142 vult
1379 5088 1558 5159 operis
1589 5089 1672 5144 sui
1702 5089 1844 5145 sub-

249 5175 506 5232 stantiam
540 5191 652 5231 non
683 5175 860 5247 perire
890 5174 948 5231 in
996 5176 1410 5247 ptenitentiam;
1453 5193 1520 5232 ne
1573 5179 1844 5234 sententia

250 5281 402 5322 reum
434 5273 638 5334 teneat,
671 5281 831 5337 quem
883 5265 1157 5322 confessio
1195 5275 1438 5323 excusat.
1502 5267 1642 5324 Huic
1699 5285 1842 5324 con—

249 5363 407 5411 sonat
431 5355 710 5428 Sapientia
739 5354 1079 5412 Salomonis:
1126 5379 1144 5404 σ
1176 5356 1282 5412 Sed
1314 5357 1611 5423 misereris,
1637 5357 1840 5430 inquit,

249 5443 505 5513 Domine,
539 5444 814 5512 omnium,
872 5444 1002 5518 quia
1058 5445 1245 5500 omnia
1291 5453 1466 5518 potes,
1520 5455 1575 5504 et
1615 5447 1844 5519 negligis

250 5543 469 5607 peccata
519 5533 830 5603 hominum,
900 5542 1120 5608 prepter
1175 5535 1589 5608 pmnitentiam;
1659 5537 1844 5594 subest

251 5623 398 5680 enim
429 5623 533 5681 tibi
564 5640 690 5682 cum
734 5625 888 5681 voles
939 5641 1116 5699 posse,
1175 5633 1228 5682 et
1283 5643 1409 5684 cum
1459 5627 1536 5684 sis
1592 5627 1842 5684 omnium

251 5713 540 5785 Dominus,
571 5714 830 5772 omnibus
885 5722 939 5772 te
991 5732 1210 5788 parcere
1263 5715 1398 5775 facis
1446 5717 1602 5790 (Sap.
1633 5735 1715 5788 x1,
1751 5706 1843 5787 24,

1954 4645 2221 4698 scelerum
2254 4643 2476 4709 ditioni,
2526 4644 2618 4697 sed
2647 4641 2966 4696 obediamus
2994 4641 3258 4712 Apostolo
3287 4639 3494 4698 dicenti
3529 4660 3542 4699 :

1967 4759 1983 4777 -
2014 4734 2132 4788 Non
2181 4739 2369 4802 regnet
2414 4738 2693 4802 peccatum
2733 4730 2790 4785 in
2823 4736 3004 4785 vestro
3045 4728 3265 4784 mortali
3295 4745 3542 4801 corpore,

1952 4830 2013 4877 ut
2055 4821 2323 4876 obediatis
2367 4820 2416 4874 ei
2469 4821 2644 4890 (Rom.
2676 4836 2755 4886 v1,
2791 4818 2920 4889 I2);
2963 4842 2982 4867 ι
3037 4826 3101 4874 ut
3144 4817 3274 4891 quia
3326 4826 3547 4889 peccata

1951 4910 2135 4965 deesse
2166 4925 2275 4964 non
2297 4914 2551 4979 possunt,
2585 4913 2730 4963 certe
2769 4923 2880 4962 non
2920 4915 3167 4978 regnent,
3201 4906 3306 4962 hoc
3332 4904 3433 4976 est,
3478 4926 3545 4966 ne

1951 4999 2069 5054 sine
2113 5004 2362 5069 respectu
2414 4995 2684 5051 evadendi
2739 4995 2834 5051 fiat
2879 4995 3113 5068 abrupta
3155 4996 3379 5052 licentia
3425 5013 3546 5068 pec-

1951 5087 2133 5144 candi.
2167 5087 2279 5142 Aut
2309 5092 2454 5141 certe
2482 5085 2527 5140 si
2559 5092 2714 5158 putat
2741 5085 2947 5158 aliquis
2974 5093 3176 5141 restare
3207 5085 3310 5141 sibi
3331 5094 3548 5158 tempus

1951 5185 2013 5233 ut
2043 5185 2247 5250 peccet,
2295 5185 2352 5232 et
2380 5177 2574 5233 satiata
2618 5176 2852 5233 libidine
2883 5193 3009 5233 cum
3045 5176 3161 5248 jam
3191 5176 3549 5248 imperassent

1951 5269 2137 5324 animo
2164 5270 2412 5341 corporis
2440 5269 2608 5339 vires,
2647 5277 2782 5326 tunc
2811 5269 2879 5325 ad
2909 5268 3213 5342 pmnitendi
3245 5268 3422 5324 redire
3445 5267 3547 5340 ju-

1952 5359 2184 5428 dicium,
2206 5361 2466 5416 ultimum
2498 5360 2628 5416 vitae
2658 5377 2770 5416 suae
2793 5359 2934 5414 mihi
2965 5368 3182 5429 tempus
3207 5356 3406 5426 edicat,
3437 5375 3548 5432 quo

1952 5449 2281 5518 calculante,
2328 5450 2606 5518 didicerit,
2661 5466 2772 5523 quo
2819 5447 3155 5515 insinuante,
3191 5447 3545 5519 cognoverit;

1952 5548 2015 5596 ut
2042 5537 2166 5611 jure
2194 5539 2322 5609 sibi,
2371 5548 2435 5596 ut
2463 5541 2539 5597 ita
2569 5539 2770 5607 dicam,
2801 5537 2869 5593 de
2897 5536 3161 5609 temporis
3192 5537 3368 5609 spatio
3397 5536 3551 5594 blan-

1952 5631 2156 5690 diatur.
2191 5631 2264 5686 At
2292 5647 2417 5688 cum
2443 5629 2601 5686 nobis
2630 5628 2946 5701 inopinatus
2975 5627 3048 5686 sit
3077 5627 3260 5685 exitus
3293 5627 3550 5685 termina-

1953 5718 2044 5787 lis,
2080 5727 2133 5776 et
2163 5717 2290 5776 vitae
2321 5726 2520 5775 nostrae
2549 5714 2719 5773 dubia
2755 5714 2870 5772 sint
2899 5731 2968 5772 ex
3000 5715 3194 5772 mortis
3243 5711 3550 5787 ignorantia
