3964 6374
1978 214 1993 240 \

423 362 557 420 1091

1454 361 1551 416 ΑΙ)
1591 360 1825 418 OPERA
1862 359 1920 418 S.
1960 359 2295 420 AMBROSII
2332 363 2713 424 APPENDIX.

3592 371 3737 429 1099Ι

419 487 725 552 curricula;
755 483 1034 558 quomodo
1061 485 1167 540 sibi
1199 484 1429 559 quisque
1456 502 1732 558 superesse
1761 485 1827 542 ad
1867 503 2009 542 con-
2040 489 2090 548 A
2122 486 2306 554 locus;
2364 487 2460 544 sed
2511 505 2686 563 neque
2738 489 2833 563 qui
2889 491 3114 563 decipit,
3168 507 3346 566 neque
3401 494 3499 568 qui
3537 495 3745 568 decipi

419 576 685 632 ﬁtendum
735 583 953 647 tempus
989 575 1292 644 existimat,
1342 575 1436 648 qui
1476 576 1741 647 temporis
1769 577 1853 631 sui
1883 584 2016 632 tem-

420 679 522 736 pus
569 664 804 736 ignorat,
853 681 980 721 cum
1012 664 1203 736 utique
1242 663 1429 719 audiat
1474 663 1746 719 dicentem
1777 664 2016 736 Scriptu-

419 770 532 809 ram
565 773 575 810 :
622 780 639 801 ‹
665 755 876 810 Vivens
899 762 951 808 et
978 770 1143 810 sanus
1173 753 1450 820 fateberis,
1472 761 1525 807 et
1553 753 1798 808 laudabis
1817 756 2014 821 Deum,

420 849 475 898 et
505 843 560 898 in
599 852 808 914 partem
841 842 1006 898 vades
1033 842 1219 898 saeculi
1260 840 1435 897 sancti
1463 859 1588 897 cum
1620 842 1764 897 vivis
1790 849 1841 897 et
1871 842 2018 898 dan-

419 932 571 988 tibus
615 932 1018 988 confessionem
1068 931 1260 1001 (Eccli.
1291 947 1431 998 xvu,
1461 931 1550 995 25,
1583 931 1696 1000 27).
1735 956 1754 979 ι
1812 932 2016 988 Dilatio

419 1020 566 1075 enim
609 1020 872 1092 temporis
906 1019 1304 1075 confessionem
1337 1027 1500 1087 creet,
1533 1027 1587 1074 et
1617 1037 1727 1075 non
1766 1021 2014 1093 despera-

418 1109 628 1164 tionem
673 1117 891 1181 generet
917 1126 930 1176 ;
964 1109 1092 1182 quia
1121 1116 1476 1180 exaggeratur
1506 1108 1562 1163 in
1594 1108 1764 1164 dilato
1793 1109 2013 1166 damna-

420 1202 518 1270 tio,
572 1203 664 1274 qui
697 1201 944 1256 divinam
987 1200 1306 1272 patientiam
1355 1200 1622 1271 pertinaci
1669 1202 2014 1258 animositate

419 1292 644 1364 cogitat.
690 1291 848 1358 Quod
892 1291 1067 1347 sancti
1107 1291 1220 1346 Noe
1257 1290 1594 1362 temporibus
1635 1291 1862 1348 docetur
1889 1291 2009 1346 eﬁ’e-

417 1388 590 1448 ctum,
630 1398 754 1436 cum
806 1397 900 1452 per
955 1389 1176 1436 centum
1233 1395 1404 1435 annos
1456 1387 1724 1450 pertracta
1753 1379 2015 1452 patientia

418 1468 822 1541 implacabilem
872 1485 969 1541 per
1014 1468 1206 1524 mundi
1245 1467 1510 1524 ambitum
1550 1468 1695 1524 fudit
1742 1471 2013 1541 cataclys-

419 1574 592 1627 mum,
639 1558 946 1615 inundante
977 1575 1224 1615 censura.
1277 1557 1431 1614 Unde
1477 1557 1668 1613 beatus
1720 1559 2014 1630 Apostolus

416 1647 493 1703 ait
528 1666 540 1704 :
599 1672 617 1695 ι
651 1648 736 1704 An
781 1649 1051 1721 numquid
1093 1648 1432 1721 Opulentiam
1474 1647 1740 1705 bonitatis
1778 1649 1914 1721 ejus,
1961 1658 2015 1706 et

418 1736 636 1807 longam
684 1735 1002 1809 patientiam
1053 1737 1385 1805 contemnis,
1434 1737 1692 1808 ignorans
1733 1739 1878 1811 quod
1914 1740 2012 1794 Dei

2127 577 2318 648 possit,
2361 579 2579 650 penitus
2635 579 2938 636 invenitur.
2996 580 3119 638 Illic
3164 582 3309 637 bona
3357 585 3568 652 omnia,
3607 584 3730 640 illic

2125 675 2326 723 cuncta
2351 667 2555 736 felicia,
2616 669 2736 726 illic
2790 686 3048 743 prospera
3085 671 3372 740 universa;
3433 689 3546 729 non
3605 673 3728 730 dies

2127 756 2264 813 lucis
2293 757 2636 814 incremento
2668 759 2966 828 mutabilis,
2992 776 3103 816 non
3135 764 3216 818 sol
3247 763 3451 819 lentior
3481 763 3540 819 in
3571 772 3724 832 ortu,

2126 846 2184 901 in
2225 847 2489 920 fulgendo
2536 849 2756 919 clarior,
2805 850 2862 906 in
2901 869 3098 908 occasu
3154 853 3365 910 fuscior
3394 855 3724 926 apparebit:

2125 953 2236 993 nox
2261 939 2490 994 omnino
2520 939 2758 1009 vacabit,
2819 941 2956 996 luna
3010 957 3122 998 non
3181 943 3308 1010 erit,
3342 959 3446 999 nec
3474 943 3726 1001 siderum

2125 1028 2357 1085 micatus
2388 1030 2668 1086 ardentior
2702 1032 2956 1088 rutilabit
2989 1050 3001 1088 :
3063 1033 3243 1088 famen
3295 1050 3459 1090 nemo
3497 1035 3726 1104 sentiet,

2124 1117 2383 1191 lacrymaa
2415 1120 2966 1193 detergentur,timor
2989 1123 3204 1190 nullus,
3226 1133 3404 1180 metus
3424 1141 3494 1180 ex
3513 1125 3725 1196 nihilo,

2118 1205 2439 1278 jucunditas
2495 1210 2703 1278 omnia,
2763 1227 2870 1281 pax
2909 1220 3110 1279 totum,
3156 1211 3415 1283 gaudium
3448 1214 3728 1288 quidquid

2123 1302 2428 1359 obnoxium
2457 1305 2700 1361 tristitiae
2718 1305 2911 1373 fuerat,
2944 1305 3321 1377 possidebunt.
3364 1309 3564 1366 Omnia
3595 1329 3725 1384 pro-

2122 1392 2286 1464 pheta
2315 1393 2481 1449 Isaias
2509 1394 2796 1451 evidenter
2823 1395 3055 1468 exponit
3087 1396 3221 1466 (Isa.
3256 1413 3348 1466 1.x,
3379 1397 3553 1469 2-21).
3585 1400 3725 1467 Quas

2122 1489 2258 1538 tunc
2278 1481 2355 1537 ibi
2384 1483 2558 1553 gloria
2587 1483 2858 1552 felicium,
2888 1501 3010 1557 quae
3063 1485 3333 1556 supplicia
3362 1487 3724 1557 miserorum,

2123 1568 2218 1642 qui
2251 1570 2506 1641 gemitus,
2536 1587 2655 1643 quae
2686 1573 2921 1644 suspiria
2953 1574 3320 1644 peccantium,
3364 1589 3485 1647 quas
3531 1575 3727 1632 beati-

2121 1658 2258 1714 tudo
2297 1671 2614 1718 sanctorum
2650 1664 2677 1719 σι’
2731 1664 2830 1720 His
2885 1679 3010 1720 cum
3054 1665 3168 1720 Deo
3197 1666 3561 1735 consortium,
3594 1666 3728 1722 illos

2123 1747 2319 1805 donari
2347 1751 2738 1823 gehennalium
2768 1753 3146 1810 cruciamenta
3184 1753 3534 1811 ﬂammarum
3569 1774 3582 1812 :
3618 1755 3726 1812 hos

411 1823 634 1881 bonitas
663 1827 729 1882 ad
761 1826 1142 1898 Ροθηίῐθηῖίδῐη
1178 1834 1229 1882 te
1275 1826 1500 1883 adduc“
1520 1827 1548 1883 7
1594 1828 1675 1883 Τιι
1713 1835 1894 1886 autem
1933 1845 2012 1885 88-
2044 1849 2090 1910 Β
2123 1837 2545 1912 incomparabili
2577 1842 2785 1914 perfrui
2827 1842 3132 1914 refrigerio,
3188 1844 3314 1899 illos
3343 1843 3604 1900 incendio
3637 1845 3725 1901 in-

415 1917 662 1975 eundum
710 1917 974 1973 duritiam
1007 1925 1157 1974 tuam
1192 1925 1244 1973 et
1273 1935 1367 1974 cor
1398 1917 1749 1990 impaenitens
1798 1919 2012 1976 thesau-

414 2006 556 2061 rizas
586 2007 689 2064 tibi
720 2006 855 2062 iram
890 2007 947 2062 in
977 2007 1066 2063 die
1093 2007 1188 2064 iraa
1232 2016 1286 2064 et
1317 2007 1673 2064 revelationis
1697 2006 1833 2079 justi
1864 2007 2010 2081 judi-

414 2095 486 2151 cii
522 2095 644 2164 Dei,
677 2095 772 2170 qui
822 2095 1014 2153 reddet
1059 2097 1364 2170 unicuique
1411 2096 1713 2154 secundum
1743 2097 1887 2154 facta
1914 2115 2022 2169 sua

418 2184 596 2256 (Rom.
629 2202 687 2252 II,
720 2185 856 2254 4-6).
885 2209 902 2232 ι

487 2273 714 2330 CAPUT
749 2275 958 2330 XXIX.
992 2304 1058 2315 —
1089 2274 1230 2331 Volo
1260 2274 1408 2331 dicas
1453 2275 1615 2344 mihi,
1665 2292 1785 2348 qua:
1827 2292 2006 2332 rerum

413 2362 766 2435 praasentium
798 2363 992 2435 gloria,
1027 2363 1122 2437 qui
1147 2364 1258 2420 sint
1289 2363 1454 2436 hujus
1484 2366 1748 2436 temporis
1774 2365 2006 2435 fructus,

414 2468 535 2524 quae
562 2451 774 2506 utilitas
819 2451 1172 2508 caducorum.
1225 2454 1395 2524 Regni
1449 2453 1713 2526 potentia,
1759 2462 1821 2510 ut
1867 2455 2006 2524 dixi,

414 2549 591 2597 morte
640 2542 850 2612 ﬁnitur,
902 2543 1185 2614 potestatis
1233 2544 1462 2600 ambitio
1505 2544 1846 2601 successione
1879 2545 2010 2600 diri-

413 2630 604 2700 mitur,
638 2631 963 2687 divitiarum
991 2632 1149 2704 copia
1175 2631 1316 2688 vivis
1345 2632 1505 2688 nobis
1534 2633 1856 2704 plerumque
1885 2632 2007 2688 sub-

417 2720 678 2790 trahitur,
731 2723 1032 2795 voluptatis
1077 2722 1290 2778 effectio
1337 2721 1562 2776 tristitia
1607 2722 2008 2778 interveniente

414 2812 807 2884 corrumpitur,
851 2810 1176 2882 jucunditas
1221 2810 1545 2882 gaudiorum
1587 2820 1764 2867 metus
1805 2810 2008 2866 formi-

420 2900 547 2957 dine
601 2901 862 2970 violatur,
927 2908 981 2956 et
1032 2917 1194 2956 omne
1246 2900 1392 2974 quod
1448 2899 1660 2972 capitur
1711 2901 2003 2970 desiderio,

411 3005 611 3061 corpus
657 2997 752 3045 aut
797 2990 982 3045 anima
1031 2989 1276 3060 corporis
1329 2988 1620 3057 desiderat,
1681 2995 1828 3052 604
1878 2989 2006 3045 ﬁnis

418 3086 557 3142 falce
587 3086 890 3141 succiditur
921 3086 1061 3157 (39).
1111 3087 1220 3142 Nec
1266 3093 1442 3158 potest
1485 3087 1786 3158 perfectum
1821 3086 2006 3159 privi-

414 3175 619 3246 legium
651 3173 1010 3229 beatitudinis
1037 3173 1306 3242 obtinere,
1354 3174 1502 3247 quod
1539 3175 1865 3231 aeternitatis
1894 3193 2001 3231 non
2036 3212 2079 3272 ρ

411 3263 795 3320 circumvallat
840 3262 1117 3332 inﬁnitas;
1170 3263 1436 3320 caducum
1486 3264 1634 3320 enim
1685 3265 1758 3320 sit
1787 3281 2005 3322 necesse

411 3360 513 3422 est,
536 3353 681 3426 quod
711 3353 1024 3408 inevitabili
1054 3352 1374 3410 necessitate
1405 3353 1666 3410 metitur:
1697 3355 2003 3412 obnoxium

410 3453 464 3501 et
491 3443 809 3500 inconstans
837 3451 998 3516 atque
1027 3443 1310 3500 inﬁrmum
1341 3445 1528 3516 procul
1563 3443 1734 3500 dubio
1763 3462 2004 3503 remane-

407 3531 508 3601 bit,
566 3533 724 3605 cujus
778 3532 948 3588 vitam
1013 3549 1412 3605 nonnunquam
1458 3533 1723 3590 fortuitus
1776 3543 2004 3592 eventus

408 3623 707 3696 intercipit.
764 3623 861 3678 His
890 3639 1016 3693 ergo
1045 3623 1261 3680 cunctis
1293 3630 1467 3679 morte
1517 3622 1712 3692 ﬁnitis,
1754 3635 2001 3682 nostrum

407 3714 465 3769 in
513 3714 629 3787 ipsa
660 3721 836 3769 morte
884 3715 1016 3786 quid
1047 3715 1330 3787 proprium
1351 3715 1379 3773 ?
1426 3714 1482 3770 Si
1514 3715 1657 3770 nihil
1688 3715 1833 3787 quod
1871 3715 2002 3771 boni

407 3807 587 3880 cperis
615 3807 954 3863 incremento
1003 3806 1341 3863 conscientia
1369 3807 1796 3875 subsarcinetur,
1828 3807 2005 3863 habe-

406 3899 628 3968 bimus;
662 3906 716 3954 et
744 3898 789 3954 si
817 3898 962 3954 nihil
992 3898 1120 3954 boni
1154 3915 1224 3954 ex
1255 3898 1414 3954 nobis
1450 3899 1652 3954 habere
1698 3900 1998 3972 potuimus,

407 3989 542 4064 quid
588 3989 876 4046 nobiscum
922 3999 1226 4045 remeantes
1267 3988 1337 4044 ad
1386 3989 1617 4062 patriam
1650 3989 2002 4048 deferemus?

404 4079 578 4146 Quam
605 4079 753 4135 nuda
768 4087 929 4152 atque
949 4079 1214 4135 deformis
1245 4079 1428 4136 anima
1456 4087 1645 4136 nostra
1672 4081 1999 4150 remanebit,

403 4173 450 4229 si
493 4190 594 4228 nos
640 4190 758 4229 eam
787 4174 978 4228 saltem
1012 4173 1348 4245 poenitentia:
1377 4175 1747 4232 velaminibus
1776 4187 1829 4233 et
1859 4193 2001 4234 con-

405 4261 661 4316 fessionis
688 4259 983 4317 amictibus
1012 4279 1122 4318 non
1154 4261 1471 4333 ohtegamus
1496 4265 1507 4319 l
1538 4264 1647 4319 nisi
1672 4265 1800 4336 quia
1827 4267 1998 4338 turpi-

404 4351 655 4408 tudinem
698 4349 1028 4406 festinamus
1069 4351 1421 4421 abscondere,
1462 4361 1516 4408 et
1554 4353 1750 4410 animae
1787 4357 1998 4427 operire

402 4457 516 4499 non
545 4440 931 4499 contendimus
962 4441 1292 4510 nuditatem,
1343 4442 1500 4515 cujus
1527 4461 1653 4500 cum
1685 4445 1757 4500 sit
1781 4455 1997 4503 natura-

404 4532 535 4588 liter
555 4530 860 4587 invisibilis
884 4531 1260 4604 pulchritudo,
1279 4532 1517 4589 visibilis
1536 4532 1630 4588 ﬁet
1653 4543 1996 4605 peccatorum

400 4622 558 4679 sorde
585 4621 924 4678 deformitas.

472 4720 697 4778 CAPUT
738 4720 919 4775 XXX.
953 4751 1024 4761 —
1056 4721 1158 4776 llla
1199 4727 1329 4777 sunt
1369 4721 1688 4794 occupanda
1731 4738 1994 4778 commer-

398 4809 504 4878 cia,
537 4810 646 4865 illae
675 4809 1098 4881 complectenda:
1125 4809 1360 4880 divitiae,
1391 4811 1488 4866 illa
1514 4810 1781 4883 captanda
1808 4820 1993 4882 poten-

404 4898 495 4966 tia,
529 4915 692 4971 quam
741 4915 850 4954 non
882 4906 1102 4970 tempus
1132 4897 1314 4971 eripit,
1355 4915 1466 4956 non
1517 4901 1670 4956 locus
1697 4898 1992 4968 subtrahit,

403 5003 515 5044 non
547 5005 780 5060 persona
823 4988 1105 5059 subducit,
1153 5006 1272 5062 quae
1312 4998 1495 5046 manet
1525 4997 1670 5046 statu
1710 4997 1991 5062 perpetuo,

399 5095 520 5151 qua:
548 5078 841 5151 privilegio
887 5087 1138 5135 servatur
1174 5089 1399 5148 aeterno,
1451 5096 1571 5152 quae
1599 5079 1697 5134 ﬁni
1726 5095 1837 5134 non
1867 5077 1993 5134 sub-

400 5169 642 5238 ducitur,
683 5184 807 5242 quaa
839 5167 1033 5225 mortis
1075 5168 1208 5240 jugo
1256 5186 1358 5225 nec
1387 5170 1656 5240 premitur
1699 5185 1801 5225 nec
1838 5185 1991 5239 urge-

399 5266 510 5315 tur.
562 5259 644 5316 Ihi
678 5259 824 5315 enim
855 5259 1002 5315 bona
1033 5266 1154 5316 tuta
1183 5267 1314 5315 sunt
1339 5257 1707 5327 conscientiae,
1757 5258 1852 5314 ubi
1876 5257 1990 5330 jam

398 5365 509 5405 non
535 5348 725 5405 licebit
754 5356 875 5420 post
902 5350 1193 5421 praesentia
1220 5349 1407 5405 saeculi
1435 5349 1580 5404 mala
1617 5365 1858 5420 peccare,
1894 5347 1989 5404 ubi

397 5435 620 5494 diabolo
675 5439 864 5494 nullus
909 5455 1176 5508 accessus,
1222 5437 1320 5494 ubi
1358 5437 1707 5494 tenebrarum
1753 5453 1865 5495 non
1910 5445 1992 5494 est

2023 4576 2072 4634 D

2119 1927 2436 1986 domitahili
2463 1931 2726 1988 trucidari
2753 1949 2765 1988 :
2824 1931 2925 1988 hos
2941 1933 3178 2004 paradisi
3207 1932 3478 2002 fontibus,
3512 1949 3726 1990 neruo-

2119 2034 2352 2091 rumque
2395 2020 2696 2078 verticibus
2740 2037 2772 2076 a
2818 2023 3018 2078 rivulis
3068 2021 3370 2078 indefessos
3425 2023 3721 2092 amoenari,

2120 2107 2245 2164 illos
2273 2115 2465 2181 stagno
2519 2110 2684 2183 ignis,
2723 2117 2778 2166 et
2823 2110 3030 2169 ﬂuento
3084 2111 3350 2182 incendii,
3383 2121 3547 2187 atque
3576 2123 3716 2172 atrae

2119 2198 2297 2254 noctis
2320 2199 2560 2256 tenebris
2587 2200 2853 2268 obsessos,
2877 2201 3054 2273 poenis
3084 2200 3568 2260 inextricabilihus
3599 2221 3722 2278 per-

2117 2289 2328 2360 urgeri:
2363 2290 2433 2346 ad
2490 2299 2828 2363 postremum
2887 2291 2988 2347 hos
3038 2291 3201 2348 bonis
3248 2293 3566 2350 ccelestihus
3605 2295 3718 2364 uti,

2118 2378 2246 2434 illos
2275 2379 2447 2436 totius
2505 2380 2766 2453 gehennae
2821 2389 2876 2437 et
2931 2389 3147 2439 aeterna;
3203 2384 3398 2440 mortis
3447 2385 3720 2443 edacitate

2118 2470 2366 2526 consumi
2398 2470 2426 2526 ?

2190 2559 2417 2616 CAPUT
2453 2559 2660 2615 XXXI.
2681 2590 2754 2601 —
2781 2560 2836 2616 Si
2861 2577 3010 2617 nunc
3047 2569 3314 2634 quantum
3347 2561 3416 2618 ad
3447 2565 3716 2621 saeculum

2119 2647 2388 2722 quispiam
2412 2651 2750 2722 paupertatis
2771 2650 2890 2707 labe
2919 2651 3186 2722 defectus,
3218 2653 3277 2709 in
3304 2663 3569 2726 promptu
3597 2673 3716 2713 non

2117 2739 2316 2795 habeat
2341 2739 2488 2794 unde
2541 2740 2910 2813 qualicunque
2965 2742 3121 2798 victu
3159 2743 3469 2801 famelicam
3501 2754 3718 2801 susten-

2116 2834 2232 2883 tare
2266 2829 2441 2900 possit
2468 2829 2726 2899 esuriem,
2760 2830 3052 2904 videatque
3080 2833 3216 2889 alios
3244 2833 3446 2905 opimis
3477 2834 3718 2906 dapibus

2116 2935 2331 2986 mensas
2359 2937 2608 2989 onerare,
2665 2938 2728 2978 ac
2779 2922 3007 2979 refertos
3045 2924 3221 2995 epulis
3261 2924 3446 2981 bibere
3475 2942 3712 2997 gemma,

2115 3015 2168 3062 et
2196 3009 2515 3079 protrahere
2546 3011 2705 3082 longe
2751 3019 3044 3082 apparatus
3074 3012 3377 3068 ambitione
3403 3015 3714 3086 peregrinis

2115 3099 2402 3170 saporibus
2433 3100 2770 3172 pigmentata
2797 3101 3076 3170 convivia,
3111 3119 3230 3175 quae
3261 3109 3418 3174 putas
3450 3119 3577 3158 eum
3609 3105 3710 3160 du-

2114 3202 2234 3242 cere
2257 3187 2326 3243 ab
2356 3189 2554 3244 ultima
2580 3189 2855 3245 viscerum
2892 3197 3043 3261 parte
3073 3190 3327 3263 suspiria,
3375 3208 3509 3264 quas
3539 3192 3702 3248 edere

2113 3277 2378 3334 intestino
2409 3277 2596 3352 dolore
2627 3279 2893 3350 querelas;
2927 3278 3202 3334 interdum
3227 3279 3389 3335 etiam
3426 3281 3702 3352 lacrymas

2114 3367 2364 3436 fundere,
2397 3385 2521 3424 cum
2556 3345 2721 3439 paulo
2748 3369 2985 3441 amplius
3011 3369 3130 3440 capi
3162 3369 3394 3441 incipiat
3422 3369 3701 3428 desiderio

2114 3457 2382 3526 visorum,
2413 3466 2468 3514 et
2497 3458 2842 3515 inardescere
2889 3457 3062 3529 magis
3115 3474 3178 3514 ac
3207 3458 3379 3529 magis
3403 3458 3606 3515 sentiat
3635 3476 3707 3516 ex

2113 3547 2388 3604 desiderio
2435 3548 2691 3605 inefficax
2719 3547 3091 3604 desiderium?
3132 3547 3366 3614 Quinam
3408 3563 3534 3618 ergo
3569 3555 3709 3606 tunc

2113 3646 2274 3693 erunt
2303 3637 2539 3709 gemitus
2574 3636 2903 3705 infelicium,
2944 3636 3092 3710 quod
3134 3635 3520 3692 inconsolabili
3551 3639 3707 3694 luctu

2113 3728 2170 3783 in
2194 3728 2290 3783 illa
2319 3729 2727 3801 comparatione
2781 3734 3143 3795 tormentum,
3210 3743 3333 3783 cum
3391 3727 3708 3784 coelestibus

2111 3817 2307 3889 copiis,
2338 3818 2675 3890 perennibus
2699 3815 2914 3873 divitiis
2945 3815 3154 3887 perfrui
3186 3815 3432 3872 felicium
3459 3815 3707 3872 viderint

2111 3924 2305 3981 agmen
2333 3908 2668 3976 animarum,
2718 3915 2772 3962 et
2825 3923 2882 3962 se
2938 3903 3228 3960 stillicidio
3277 3906 3514 3960 rorantis
3541 3905 3704 3976 digiti

2109 3997 2445 4066 defraudari,
2503 4006 2556 4054 et
2613 3995 2853 4068 perferre
2896 3994 3122 4062 insuper
3181 3992 3706 4064 inexstinguibilem

2109 4086 2408 4153 ﬂammam,
2445 4102 2570 4143 cum
2598 4084 2754 4140 nulla
2807 4097 2903 4154 spe
2945 4087 3294 4136 reserventur
3321 4080 3390 4135 ad
3421 4081 3644 4137 veniam
3679 4083 3708 4139 ?

2108 4175 2254 4232 Solis
2283 4175 2532 4230 ardorem
2563 4173 2704 4228 ferre
2733 4187 2844 4228 non
2877 4187 3185 4242 possumus,
3219 4168 3502 4226 balneares
3530 4177 3706 4229 aestus

2109 4266 2341 4322 minime
2373 4265 2697 4330 toleramus,
2723 4262 2994 4319 sentimus
3023 4259 3281 4317 incendia
3305 4259 3615 4328 fornacum,
3646 4270 3706 4319 et

2107 4359 2268 4429 longe
2300 4356 2629 4423 secedimus;
2665 4353 2788 4427 quis
2817 4353 2956 4410 ferat
2985 4351 3341 4409 ﬂuctuantem
3371 4351 3701 4423 gehennam,

2107 4455 2159 4505 et
2183 4441 2416 4504 caminis
2445 4444 2696 4501 tartareis
2748 4451 3068 4500 aestuantem
3119 4442 3233 4514 pati
3288 4441 3581 4514 strepitum
3611 4441 3698 4498 fu-

2108 4538 2314 4594 mantis
2333 4535 2583 4592 barathri
2605 4535 2829 4608 poterit,
2855 4541 2910 4588 et
2935 4531 3204 4589 sustinere
3225 4531 3560 4587 infernarum
3584 4531 3700 4601 glo-

2105 4627 2206 4683 bos
2241 4625 2609 4692 tenebrarum;
2652 4623 2750 4679 ubi
2779 4624 2928 4680 solus
2964 4622 3188 4679 auditur
3217 4621 3462 4677 ululatus
3487 4620 3700 4676 arden-

2101 4718 2266 4784 tium,
2299 4725 2353 4772 et
2408 4715 2646 4787 ejulatus
2703 4722 2921 4771 resonat
2976 4713 3276 4771 crudeliter
3313 4713 3635 4786 punitorum
3665 4711 3696 4768 ?

2105 4807 2252 4874 Haec,
2285 4823 2403 4873 oro,
2437 4822 2600 4878 quam
2636 4805 2897 4877 fugienda
2953 4810 3102 4871 sunt,
3162 4819 3324 4876 quam
3363 4801 3605 4860 cavenda
3632 4817 3698 4858 ac

2101 4895 2236 4952 totis
2265 4893 2499 4961 viribus,
2533 4902 2586 4949 et
2615 4893 2768 4948 omni
2797 4889 3007 4949 animo
3036 4908 3099 4949 ac
3128 4901 3312 4948 mente
3337 4888 3690 4948 declinanda!

2174 4983 2403 5041 CAPUT
2429 4983 2665 5038 XXXII.
2697 5013 2768 5022 —
2796 4983 2934 5039 Cum
2972 4989 3159 5054 patent
3204 4980 3374 5053 igitur
3395 4979 3579 5051 januaa
3602 4994 3694 5036 ve-

2103 5073 2296 5141 niales,
2327 5089 2454 5129 cum
2487 5070 2884 5128 ﬂuctuantibus
2937 5078 2991 5127 et
3038 5070 3335 5127 criminum
3374 5075 3694 5140 tempestate

2095 5162 2319 5236 jactatis
2347 5160 2686 5234 poenitentiae
2735 5167 2924 5232 portus
2969 5159 3216 5226 offertur,
3257 5174 3383 5215 cum
3412 5155 3694 5212 mentibus

2101 5253 2449 5326 promittitur
2477 5267 2609 5307 cura
2638 5250 3050 5322 languentibus,
3081 5259 3135 5306 et
3163 5247 3423 5304 sauciatis
3459 5246 3689 5302 vitalem

2100 5345 2392 5418 pollicetur
2445 5343 2732 5400 ultroneus
2775 5341 2976 5398 artifex
3033 5339 3393 5396 medicinam:
3422 5353 3549 5394 cum
3588 5337 3690 5391 mi-

2100 5433 2402 5493 sericordia
2427 5432 2660 5490 habetur
2717 5432 2777 5488 in
2810 5438 3096 5504 promptu,
3127 5435 3418 5500 antequam
3471 5425 3691 5498 justitia

477 5659 596 5730 (39)
636 5658 785 5714 Edit.
841 5662 1022 5736 Rom,
1067 5670 1161 5720 aut
1209 5679 1400 5736 corpus
1425 5668 1520 5719 aut
1546 5663 1727 5719 anima
1756 5663 1880 5736 ﬁnis
1912 5664 2049 5721 calce
2097 5661 2404 5732 succiditur;
2453 5659 2628 5722 codex
2663 5665 2846 5717 autem
2885 5657 3043 5716 Rom.
3101 5670 3163 5711 ac
3193 5653 3330 5711 Gil].
3392 5653 3684 5710 lectionem

405 5738 651 5785 nostram
682 5732 1042 5788 constituunt.
