3964 6370
198 371 340 428 1093

1628 374 2043 432 ADMONITIO.

3361 354 3531 434 1094⁴

190 496 392 567 capulo
437 503 599 551 tenus
655 495 909 552 extrahat
953 496 1270 569 pugionem,
1315 513 1596 553 sumamus
1640 515 1790 555 arma
1823 505 1875 564 Α
1903 507 2109 569 nostra,
2132 508 2193 556 ut
2214 500 2575 574 pnmnicium,
2610 509 2673 558 ut
2698 500 2886 557 nivem
2917 500 3289 559 dealbabitzsi
3311 509 3497 558 autem

194 586 562 659 pmnitentiaa,
614 595 669 643 et
690 585 898 658 judicis
925 588 1161 660 rigorem
1192 588 1585 645 satisfactionis
1614 590 1796 646 oﬂicio

194 674 559 730 mulceamus.
611 674 831 731 Certum
864 676 1011 732 enim
1046 676 1212 732 habet
1239 678 1444 733 donum
1476 678 1674 747 veniae,
1705 679 1797 735 cui

192 764 541 835 permittitur
591 765 896 837 pmnitere;
929 782 1054 820 nam
1106 767 1296 837 procul
1344 766 1515 823 dubio
1545 768 1795 824 conﬁteri

193 866 311 906 non
341 852 567 917 sinitur,
598 852 688 908 cui
718 852 891 924 pietas
919 852 1073 908 nulla
1122 861 1391 910 servatur.
1443 855 1561 911 Hoc
1602 855 1797 928 probat
1836 871 1844 879 ’

195 940 492 999 inveterati
529 943 795 1013 serpentis
820 942 873 996 in
898 943 1014 1014 ipsa
1042 942 1253 1015 origine
1276 943 1465 999 mundi
1492 945 1794 1012 damnatio,

194 1044 361 1102 quem
385 1030 693 1086 inauditum
720 1032 1007 1087 sentcntiae
1039 1032 1251 1089 fulmen
1282 1034 1524 1090 excussit
1555 1051 1567 1088 :
1609 1043 1662 1091 et
1685 1052 1797 1092 non

194 1128 542 1192 peroptatum
593 1120 841 1177 absoluta
895 1122 1155 1178 severitas
1211 1131 1384 1180 status
1447 1125 1532 1181 sui
1591 1143 1795 1198 posses-

194 1213 353 1271 sione
410 1212 628 1285 dejecit.
681 1214 796 1269 Hoc
824 1213 1073 1269 Sodomae
1118 1222 1172 1270 et
1218 1215 1538 1272 Gomorrhae
1584 1217 1794 1273 ccelesti

194 1301 464 1360 incendio
495 1311 850 1359 concremata;
889 1303 1181 1374 perhibent
1213 1306 1482 1376 regiones,
1516 1323 1642 1379 erga
1662 1323 1799 1379 quas

196 1390 269 1446 ob
301 1408 585 1447 excessum
619 1390 927 1445 facinorum
959 1392 1103 1446 nihil
1133 1402 1471 1449 reservatum
1502 1403 1582 1451 est
1611 1397 1797 1467 pceni—

196 1483 423 1548 tentiae;
469 1499 536 1537 ne
586 1482 833 1539 fortassis
876 1482 1145 1538 admoniti
1179 1493 1400 1555 possent
1447 1486 1678 1543 ultionis
1709 1487 1795 1559 ju-

196 1573 408 1629 stitiam
453 1572 749 1629 declinare.
783 1573 897 1628 Hoc
930 1573 1229 1630 Pharaonis
1273 1575 1331 1631 in
1371 1576 1566 1632 Exodo
1596 1578 1796 1634 clamat

195 1660 477 1727 interitus,
502 1660 606 1717 hoc
626 1662 784 1730 Core,
803 1661 1017 1717 Dathan
1039 1669 1093 1717 et
1109 1662 1317 1718 Abiron
1357 1664 1793 1737 inexspectatum

194 1757 433 1806 testatur
462 1750 697 1807 exitium
721 1769 735 1819 ;
765 1750 873 1807 hoc
902 1751 1163 1807 Antiochi
1190 1759 1244 1807 et
1265 1752 1496 1809 llerodis
1526 1754 1795 1826 supplicia

1905 596 1967 645 ut
1995 589 2304 659 coccinum,
2336 597 2399 645 ut
2428 590 2610 646 lanam
2638 589 2928 646 candidam
2975 590 3195 647 eﬁiciet.
3245 593 3317 647 Et
3361 590 3492 664 quia

1904 686 2149 749 asperget
2197 678 2457 751 hyssopo,
2491 686 2545 735 et
2591 678 3005 747 mundabimur,
3055 680 3262 736 lavabit
3291 697 3413 749 nos,
3444 688 3499 738 et

1905 781 2068 837 super
2094 767 2277 822 nivem
2307 768 2653 825 candidiores
2680 768 2886 823 erimus
2909 768 3083 838 (Psal.
3115 786 3165 835 L,
3197 768 3281 840 9).

1977 853 2203 911 CAPUT
2240 856 2500 913 XXXIII.
2538 887 2610 898 —
2630 857 2757 912 Tria
2786 864 2914 912 sunt
2944 874 3066 929 qua:
3096 874 3221 930 erga
3249 874 3348 914 nos
3378 859 3501 913 Do-

1906 942 2091 997 minus
2146 944 2377 1000 arbitrio
2441 963 2542 1001 suo
2588 946 2891 1001 constituta.
2954 955 3247 1002 conservat
3318 963 3330 1001 :
3389 945 3503 1002 bo-

1906 1032 2133 1087 nitatem
2199 1032 2369 1103 dico,
2439 1035 2912 1104 misericordiam,
2977 1045 3140 1109 atque
3197 1034 3498 1107 justitiam.

1906 1120 2132 1179 Bonitas
2177 1132 2279 1193 est,
2315 1140 2420 1196 qua
2465 1141 2582 1181 esse
2606 1124 2717 1197 jam
2749 1124 3017 1197 coepimus
3051 1143 3062 1181 :
3098 1125 3499 1195 misericordia,

1907 1226 2014 1282 qua
2042 1212 2107 1267 ad
2139 1213 2519 1283 pmnitentiam
2567 1231 2931 1287 provocamur
2963 1233 2975 1270 :
3003 1213 3239 1285 justitia,
3275 1231 3382 1287 qua
3416 1214 3502 1270 fu-

1906 1308 2032 1356 turo
2080 1308 2325 1373 tempore
2366 1301 2761 1374 judicabimur.
2808 1304 2936 1359 Haec
2979 1302 3199 1358 interim
3249 1303 3500 1360 ordinem

1906 1393 2215 1459 temporum
2236 1390 2293 1444 in
2327 1406 2442 1445 sese
2472 1390 2810 1459 custodiunt,
2844 1389 3205 1462 praeteritum,
3236 1407 3497 1462 praesens,

1906 1484 1959 1531 et
1988 1476 2237 1532 futurum
2270 1495 2281 1533 :
2316 1478 2674 1549 prmteritum,
2707 1493 2816 1549 quo
2853 1478 3092 1533 Domino
3120 1487 3340 1536 auctore
3356 1496 3501 1537 crea-

1904 1581 2031 1620 mur
2059 1575 2112 1621 et
2145 1566 2428 1622 nascimur
2459 1584 2471 1623 ε
2505 1583 2761 1638 praesens,
2821 1582 2929 1639 quo
2981 1570 3234 1625 conversi
3275 1569 3504 1625 miseri-

1905 1654 2149 1710 cordiam
2201 1671 2622 1728 promeremur:
2683 1656 2958 1724 futurum,
3012 1672 3122 1729 quo
3146 1656 3312 1729 juxta
3338 1674 3504 1729 opera

1904 1751 2111 1812 nostra,
2140 1743 2358 1816 justitia
2401 1745 2786 1814 distribuente,
2829 1746 3264 1803 munerabimur.
3313 1749 3502 1821 Itaque

198 1841 609 1913 proloquuntur
638 1859 651 1908 ;
684 1840 791 1895 hoc
817 1839 1045 1895 Ananiae
1076 1847 1130 1895 et
1150 1840 1429 1913 Sapphirae
1468 1841 1676 1899 indicat
1713 1860 1794 1899 re-
1829 1864 1867 1922 Β
1902 1852 2028 1891 cum
2067 1837 2459 1894 misericordiae
2513 1855 2741 1911 regnum
2799 1838 3065 1895 habemus
3112 1839 3170 1895 in
3222 1840 3500 1910 manibus,

200 1930 429 2002 pentina
455 1930 930 1985 animadversione
960 1930 1306 2001 naufragium
1342 1948 1354 1985 :
1387 1947 1526 2003 quos
1555 1932 1623 1988 ad
1662 1948 1795 2004 prai-

200 2034 329 2073 sens
360 2027 576 2090 tempus
605 2017 852 2074 vindicta
882 2034 992 2072 non
1022 2016 1259 2087 distulit,
1301 2027 1352 2074 et
1384 2029 1581 2092 negata
1607 2023 1792 2081 venia.

198 2107 467 2164 severitas
519 2107 781 2163 comitata
826 2107 1127 2164 truncavit.
1178 2108 1299 2164 Non
1346 2126 1447 2166 nos
1500 2112 1797 2184 imparatos

198 2192 321 2250 dies
349 2194 682 2251 abcessionis
713 2194 982 2264 inveniat,
1013 2211 1116 2252 nec
1146 2195 1291 2253 intra
1318 2207 1493 2255 castra
1522 2200 1799 2261 diabolica

199 2287 403 2344 hiemis
433 2286 583 2342 illius
636 2295 733 2342 aut
777 2286 988 2342 sabbati
1040 2296 1254 2363 tempus
1295 2290 1559 2348 includat.
1593 2295 1795 2367 Vigile-

199 2395 326 2434 mus
358 2385 547 2432 contra
577 2375 751 2431 hostis
781 2376 995 2448 antiqui
1042 2377 1421 2436 fraudulentas
1470 2381 1697 2439 insidias
1744 2393 1797 2440 et

201 2474 417 2539 apertas
446 2465 656 2532 minas;
709 2481 834 2537 erga
862 2482 1155 2523 conversos
1184 2468 1330 2523 enim
1373 2470 1551 2526 acrius
1581 2472 1799 2528 excita-

206 2566 318 2624 tur,
363 2562 415 2611 et
444 2554 660 2627 refugos
698 2572 824 2611 suos
871 2556 1111 2612 severior
1142 2566 1401 2631 tanquam
1433 2560 1628 2617 irrisus
1657 2561 1796 2619 insc-

204 2645 418 2719 quitur.
451 2643 604 2700 Tunc
633 2661 759 2699 cum
785 2644 1078 2716 deciperet,
1102 2645 1499 2704 blandimentis
1520 2649 1794 2720 illexerat,

203 2750 356 2789 nunc
389 2731 782 2788 tentationibus
806 2739 859 2787 et
877 2733 1297 2789 crudelitatibus
1323 2735 1592 2808 inquietat
1617 2753 1629 2790 :
1665 2746 1797 2796 tunc

202 2822 384 2880 fuerat
430 2829 492 2877 ut
542 2820 772 2888 amicus,
824 2838 973 2877 nunc
1003 2830 1064 2877 ut
1095 2821 1354 2879 inimicus
1402 2824 1699 2895 irascitur;
1744 2837 1797 2885 et

200 2930 299 2987 per
328 2928 513 2968 casum
545 2911 741 2967 elisum
788 2911 966 2967 effecit
1006 2912 1330 2981 cautiorem,
1376 2916 1469 2971 sed
1500 2916 1795 2974 elidentem

201 3004 498 3077 aliquoties
544 3004 681 3059 solet
728 3002 895 3059 elisus
926 3002 1149 3061 elidere.
1179 3006 1477 3078 Fugiamus
1506 3025 1796 3081 pomposas

202 3093 490 3150 illecebras
530 3092 746 3160 mundi,
795 3100 848 3147 et
890 3092 1288 3151 ambitionibus
1323 3094 1440 3167 ejus
1487 3097 1681 3155 demus
1727 3116 1798 3156 ex

202 3191 320 3239 toto
373 3180 684 3254 repudium.
736 3181 850 3235 Hoc
900 3181 1134 3237 Joannes
1181 3185 1459 3255 apostolus
1505 3187 1793 3258 persuadet

200 3270 393 3328 dicens
424 3288 436 3326 :
494 3296 512 3319 ι
540 3270 720 3327 Nolite
765 3269 993 3343 diligere
1022 3273 1315 3342 mundum,
1348 3291 1523 3348 neque
1570 3293 1633 3333 ea
1671 3295 1791 3351 quas

201 3368 333 3417 sunt
364 3361 421 3416 in
453 3361 681 3417 mundo.
740 3361 797 3417 Si
842 3362 965 3434 quis
1018 3361 1203 3435 diligit
1245 3365 1534 3434 mundum,
1566 3384 1679 3423 non
1718 3375 1800 3424 est

201 3449 446 3507 charitas
470 3449 648 3506 Patris
679 3449 731 3504 in
777 3466 875 3517 eo;
930 3451 1060 3523 quia
1098 3468 1261 3507 omne
1303 3454 1450 3526 quod
1493 3454 1552 3510 in
1593 3456 1799 3512 mundo

200 3548 307 3609 est,
361 3540 807 3612 concupiscentia
875 3539 1056 3595 carnis
1112 3545 1211 3609 est,
1257 3550 1311 3597 et
1356 3543 1802 3614 concupiscentia

201 3629 516 3697 oculorum,
563 3636 618 3685 et
641 3628 870 3684 ambitio
899 3629 1110 3696 saeculi,
1156 3646 1277 3703 quae
1311 3647 1421 3686 non
1451 3639 1531 3687 est
1559 3649 1590 3688 a
1618 3634 1798 3703 Patre,

198 3724 295 3783 sed
325 3742 395 3782 ex
425 3724 871 3797 concupiscentia
900 3725 1092 3781 mundi
1116 3732 1198 3781 est
1222 3744 1234 3781 :
1259 3736 1314 3783 et
1353 3728 1595 3784 mundus
1624 3736 1798 3785 trans-

198 3815 324 3885 ibit,
366 3822 419 3871 et
468 3816 915 3888 concupiscentia
943 3813 1081 3888 ejus.
1128 3815 1234 3885 Qui
1264 3833 1393 3872 vero
1433 3816 1563 3873 facit
1588 3818 1798 3872 volun-

200 3911 369 3961 tatem
417 3904 540 3972 Dei,
571 3915 755 3962 manet
801 3907 857 3963 in
916 3917 1203 3971 aeternum;
1234 3906 1511 3977 quomodo
1553 3914 1608 3963 et
1652 3908 1801 3963 Deus

200 3998 389 4048 manet
439 3989 497 4045 in
526 3996 792 4045 aeternum
830 3990 850 4062 (
880 3991 914 4047 Ι
938 3991 1095 4047 Joan.
1132 4010 1194 4062 ii,
1227 3980 1433 4064 15-17).
1455 4020 1473 4043 ι
1526 3995 1800 4052 Lavemur

198 4079 475 4153 baptismo
504 4077 864 4151 poenitentiae,
888 4088 950 4136 ut
972 4080 1245 4153 possimus
1269 4081 1570 4139 Dominum
1593 4082 1799 4140 mundo

198 4167 364 4226 corde
394 4168 627 4224 videre:
680 4169 993 4226 auferamus
1041 4169 1317 4243 nequitias
1358 4171 1426 4228 ab
1474 4172 1675 4229 animis
1704 4189 1799 4230 no-

199 4258 334 4313 stris
362 4274 394 4313 a
423 4265 719 4330 conspectu
744 4260 1034 4316 oculorum
1063 4261 1184 4331 Dei,
1217 4260 1493 4318 discamus
1525 4260 1797 4334 justitiam

202 4347 420 4415 facere;
457 4348 802 4421 inquiramus
827 4348 1123 4422 judicium,
1183 4350 1481 4422 eripiamus
1534 4351 1800 4423 injuriam

200 4437 902 4512 accipientem,judicemus
924 4440 1156 4512 pupillo,
1166 4437 1534 4511 justiﬁcemus
1550 4441 1799 4512 viduam,

201 4534 256 4583 et
284 4544 410 4584 cum
441 4530 681 4587 Domino
709 4530 1137 4602 disputabimus.
1168 4531 1240 4589 Et
1268 4530 1314 4586 si
1344 4530 1553 4587 fuerint
1576 4540 1797 4604 peccata

1905 1932 1959 1980 et
2015 1924 2074 1981 in
2124 1927 2354 1983 arbitrio
2402 1936 2591 1985 nostro
2641 1936 2772 1985 sunt
2828 1929 3006 2001 posita
3046 1928 3191 1989 dona
3233 1930 3494 2001 pietatis;

1905 2013 1997 2071 hic
2025 2032 2322 2089 purgemus
2354 2018 2722 2075 conscientias
2770 2027 2988 2075 nostras
3029 2018 3097 2074 ab
3136 2019 3290 2074 omni
3319 2018 3501 2092 inqui-

1907 2105 2154 2171 natione,
2210 2115 2264 2164 et
2321 2108 2663 2180 spiritalibus
2716 2124 2817 2165 nos
2863 2108 3123 2181 deinceps
3172 2125 3268 2181 per
3296 2109 3499 2164 bonam

1906 2196 2383 2252 conversationem
2442 2196 2829 2253 instrumentis
2879 2204 3152 2269 aptemus.
3212 2196 3503 2252 Evitemus

1906 2284 2180 2343 desideria
2225 2303 2343 2359 qua:
2395 2288 2640 2343 militant
2685 2296 2877 2344 contra
2926 2286 3138 2342 animas
3179 2294 3419 2354 nostras,
3451 2292 3506 2342 et

1906 2374 2190 2445 profanam
2247 2375 2640 2432 conscientiam
2689 2376 3007 2431 nullatenus
3038 2374 3330 2447 patiamur.
3362 2374 3502 2431 Con-

1906 2479 2198 2535 sequemur
2247 2465 2455 2532 omnia,
2511 2482 2631 2537 quae
2677 2481 2746 2520 ex
2783 2464 2890 2520 ﬁde
2939 2465 3237 2533 credimus,
3268 2463 3312 2520 si
3339 2462 3504 2536 justis

1907 2567 2009 2606 nos
2054 2552 2268 2609 actibus
2318 2553 2429 2609 vita
2478 2552 2895 2624 invituperabili
2945 2568 3362 2623 componamus.
3393 2551 3502 2608 Me-

1906 2640 2152 2697 rebimur
2206 2643 2488 2698 remissam
2532 2642 2784 2698 omnium
2824 2650 3195 2714 peccatorum,
3238 2657 3502 2713 resurge-

1904 2746 2031 2785 mus
2076 2730 2134 2786 in
2182 2731 2355 2787 vitam
2412 2740 2669 2787 zeternam
2716 2732 2774 2787 in
2815 2731 3212 2787 resurrectione
3262 2730 3504 2787 creden—

1908 2819 2043 2874 tium
2071 2837 2086 2886 ;
2132 2824 2277 2882 605
2306 2828 2359 2875 et
2409 2829 2470 2876 ut
2513 2819 2752 2892 amplius
2776 2819 3036 2892 loquendi
3070 2826 3363 2890 praesumat
3391 2833 3501 2873 au-

1905 2906 2080 2977 dacia,
2132 2907 2192 2963 in
2245 2925 2411 2981 regna
2456 2910 2722 2966 ccelorum
2768 2924 2892 2965 cum
2932 2907 3099 2979 justis
3142 2905 3496 2973 intrabimus,

1905 3013 2029 3053 cum
2076 2998 2279 3071 quibus
2324 3008 2530 3071 partem
2571 3015 2666 3071 per
2710 2996 3091 3071 poenitentiam
3141 2996 3340 3053 habere
3390 3011 3497 3052 me-

1905 3085 2136 3155 ruimus,
2194 3088 2476 3160 Scriptura
2513 3087 2730 3146 dicente
2764 3104 2775 3142 :
2823 3112 2841 3136 ι
2870 3085 3274 3143 Poenitentibus
3308 3092 3493 3141 autem

1906 3174 2059 3233 dedit
2126 3186 2333 3248 partem
2382 3178 2643 3250 justitiaa,
2703 3186 2758 3233 et
2812 3176 3124 3250 corrogavit
3176 3174 3494 3232 deﬁcientes

1909 3265 2198 3335 sustinere,
2255 3274 2308 3321 et
2362 3266 2661 3323 destinavit
2702 3266 2831 3323 illos
2870 3266 2930 3321 in
2990 3272 3193 3321 sortem
3245 3263 3501 3321 veritatis

1912 3354 2105 3427 (Eccli.
2139 3373 2281 3425 xvu,
2312 3356 2428 3427 20.)
2463 3382 2482 3404 ι

1979 3455 2126 3522 Haec,
2179 3455 2557 3511 amantissime
2600 3455 2788 3523 frater,
2833 3452 3035 3528 quibus
3072 3459 3254 3510 tecum
3294 3452 3499 3524 pariter

1909 3545 1977 3602 ad
2006 3546 2367 3603 exercendam
2423 3546 2805 3619 paenitentiam
2853 3545 3189 3612 cohortarer,
3223 3552 3492 3616 quantum

1908 3652 1978 3691 ex
2022 3635 2331 3692 Dominicis
2379 3636 2707 3711 lectionibus
2756 3636 3013 3708 colligere
3040 3634 3391 3691 mediocritas
3416 3633 3498 3690 in-

1909 3726 2056 3798 genii
2086 3724 2194 3781 mei
2223 3725 2424 3798 potuit,
2457 3726 2701 3781 exaravi.
2732 3724 2865 3792 Quae
2898 3725 2945 3781 si
2977 3724 3113 3796 jam,
3148 3731 3209 3779 ut
3237 3721 3498 3791 arbitror,

1907 3816 2081 3873 animi
2137 3816 2323 3873 studio
2352 3833 2381 3872 e
2409 3817 2633 3889 proprio
2680 3816 2943 3872 instituto
2972 3815 3218 3882 sectaris,
3251 3821 3305 3870 et
3328 3813 3500 3870 curri-

1905 3903 2010 3961 bus
2062 3904 2430 3962 confessionis
2460 3904 2729 3973 insidens,
2782 3904 2963 3962 tendis
3009 3902 3077 3960 ad
3122 3902 3382 3969 veniam;
3416 3917 3502 3959 ac-

1907 3994 2028 4066 cipe
2071 4010 2158 4049 me
2196 4001 2378 4051 tecum
2424 3994 2483 4050 in
2529 3994 2631 4053 hac
2679 3994 3011 4067 cogitatione
3057 3998 3389 4059 consortem,
3440 3996 3503 4045 ut

1908 4080 2168 4153 adjuncto
2198 4083 2482 4139 communi
2511 4084 2800 4153 comitatu,
2831 4082 2902 4139 ad
2940 4089 3113 4138 metas
3141 4078 3500 4151 indulgentias

1909 4187 2305 4244 properemus:
2357 4179 2453 4228 aut
2501 4172 2547 4228 si
2592 4173 2828 4245 pigritia
2885 4170 3085 4227 inertia
3139 4167 3495 4242 praepeditus,

1909 4260 2287 4334 pernicitatem
2316 4268 2470 4318 tuam
2498 4262 2651 4336 sequi
2680 4279 2790 4317 non
2820 4268 3030 4334 potero,
3063 4265 3339 4315 memento
3370 4258 3498 4313 mei:

1908 4359 1962 4407 et
2016 4369 2143 4409 cum
2208 4351 2495 4424 praemium
2556 4351 2623 4407 de
2688 4351 2787 4407 Dei
2854 4349 3145 4422 largitione
3212 4347 3501 4412 merueris,

1909 4456 2091 4514 quaeso
2107 4450 2170 4499 ut
2189 4441 2248 4498 in
2268 4439 2609 4499 orationibus
2635 4439 2747 4497 tuis
2768 4440 2925 4497 nulla
2950 4437 3185 4511 capiaris
3214 4435 3500 4492 oblivione

1909 4530 2171 4588 Victoris.

204 4732 2659 4746 me—ﬁ—M‘M'

1508 4912 2190 4999 MONITUM.

273 5294 489 5351 Prodiit
517 5293 610 5352 hic
639 5292 857 5349 libellus
885 5297 979 5347 aut
1008 5290 1191 5363 potius
1220 5290 1589 5362 fragmentum
1621 5305 1651 5345 e
1679 5291 2019 5348 bibliotheca
2075 5290 2249 5349 sancti
2302 5289 2556 5363 Dionysii
2592 5288 2649 5345 in
2699 5288 2953 5358 Francia,
2983 5287 3129 5345 unde
3155 5285 3316 5345 illum
3353 5286 3501 5343 eruit

204 5385 466 5443 Gillotius
496 5401 565 5441 ex
591 5385 819 5457 antiquo
843 5381 1050 5450 codice,
1090 5380 1188 5438 ubi
1233 5381 1412 5437 tribus
1459 5381 1617 5437 libris
1647 5380 2027 5437 Ambrosianis
2055 5381 2116 5436 de
2148 5381 2358 5452 Spiritu
2386 5387 2564 5436 sancto
2593 5378 2815 5436 additus
2846 5420 2862 5446 ,
2896 5379 3030 5434 liber
3056 5382 3286 5448 quartus
3330 5378 3502 5433 sancti

203 5476 474 5535 Ambrosii
528 5477 591 5532 de
643 5476 849 5549 Spiritu
875 5479 1053 5531 sancto
1104 5472 1524 5530 inscribebatur.
1568 5473 1686 5529 Non
1735 5481 1921 5529 tamen
1966 5470 2091 5527 viro
2136 5471 2301 5528 docto
2356 5469 2623 5541 imposuit
2660 5467 2778 5524 haec
2816 5466 3128 5540 epigraphe,
3173 5464 3378 5540 quippe
3404 5465 3500 5540 qui

207 5566 504 5638 Scripturae
531 5566 681 5623 locos
720 5566 780 5621 in
830 5565 936 5622 hoc
978 5571 1213 5622 tractatu
1259 5563 1493 5620 subinde
1534 5563 1794 5635 allegatos
1834 5578 1947 5618 non
1975 5560 2115 5633 ejus,
2157 5576 2321 5634 quam
2366 5558 2692 5616 Ambrosius
2729 5556 3043 5627 adhibebat,
3076 5556 3347 5613 versionis
3378 5571 3500 5612 esse

207 5661 497 5729 totumque
526 5655 716 5730 opella
763 5656 967 5728 stylum
998 5655 1067 5713 ab
1096 5655 1464 5713 Ambrosiano
1510 5653 1819 5727 discrepare
1855 5651 2249 5710 animadvertit
2275 5668 2287 5706 :
2340 5650 2542 5724 quibus
2586 5647 2778 5721 adjicit
2804 5647 3102 5704 Auctorem
3136 5648 3194 5703 in
3225 5646 3334 5703 ﬁne
3363 5662 3503 5719 pro-

210 5746 354 5804 ﬁteri
396 5746 633 5803 strictim
679 5761 735 5802 se
763 5745 830 5802 de
859 5746 1068 5820 Spiritu
1113 5754 1303 5806 sancto
1327 5746 1668 5820 disseruisse,
1711 5761 1839 5803 cum
1867 5761 1897 5801 e
1928 5744 2207 5802 contrario
2234 5758 2397 5817 quam
2429 5740 2706 5798 fusissime
2734 5739 2803 5798 de
2840 5737 3035 5797 eodem
3063 5738 3236 5813 egerit
3262 5736 3503 5794 Ambro-
