3964 6380
515 387 654 450 1095

1507 388 1604 446 ΑΙ)
1638 385 1871 448 ΟΡΕΒΑ
1908 390 1964 448 S.
2005 385 2338 448 AMBROSII
2373 387 2754 449 APPENDIX.

3690 388 3845 451 1096

517 515 649 570 sius.
675 514 1014 586 Quapropter
1060 527 1170 567 non
1198 511 1306 567 alia
1336 527 1392 566 re
1419 511 1525 569 hoc
1564 513 1708 569 idem
1757 515 2122 586 fragmentum
2159 515 2433 572 edendum
2457 516 2757 588 judicavit,
2790 516 2897 573 nisi
2936 515 3086 590 quod
3115 525 3167 574 et
3198 516 3412 590 antiqui
3449 519 3760 587 Auctoris,
3792 528 3845 575 et

517 603 752 659 lectione
783 600 1166 673 dignissimum
1198 617 1313 656 esse
1363 600 1659 658 arbitratus
1689 611 1788 672 est,
1839 621 1948 676 quo
1977 605 2200 662 nomine
2229 622 2355 663 cum
2385 605 2526 662 illud
2572 607 2805 664 Romani
2834 606 2894 662 in
2925 605 3226 679 appendice
3256 607 3424 663 etiam
3455 607 3843 672 retinuerint,

520 705 620 747 nos
651 690 908 746 similiter
937 705 1049 745 non
1078 689 1396 761 putavimus
1425 689 1807 762 rejiciendum.

927 1006 1233 1175 DE
1391 1004 2320 1181 SPIRITU
2487 1009 3388 1218 SANCTO

1586 1291 2244 1378 LIBELLUS
2353 1293 2741 1382 UNUS.

609 1616 625 1638 .
664 1588 776 1646 Vos
822 1594 1004 1643 autem
1049 1587 1105 1642 in
1153 1603 1314 1644 carne
1363 1602 1473 1644 non
1529 1589 1682 1658 estis,
1736 1590 1829 1646 sed
1877 1592 1935 1647 in
1989 1595 2113 1663 spi-
2145 1601 2191 1657 Α
2223 1591 2444 1648 Christo
2474 1592 2734 1664 injuriam
2767 1613 2874 1652 non
2908 1596 3098 1655 fecisse
3132 1615 3144 1654 :
3195 1599 3311 1656 sive
3333 1601 3452 1671 Dei,
3481 1612 3537 1660 et
3568 1605 3846 1674 Domini,

522 1677 677 1744 ritu;
728 1677 775 1731 si
823 1685 1005 1730 tamen
1051 1675 1289 1746 Spiritus
1331 1677 1430 1732 Dei
1477 1677 1690 1734 habitat
1729 1678 1788 1734 in
1817 1679 1975 1736 vobis
2008 1699 2018 1736 :
2057 1681 2102 1736 si

521 1767 644 1839 quis
693 1771 873 1819 autem
919 1763 1185 1835 Spiritum
1231 1764 1437 1820 Christi
1485 1783 1597 1822 non
1645 1767 1827 1835 habet,
1867 1768 1960 1825 hic
1998 1787 2108 1825 non

521 1861 603 1909 est
631 1850 767 1922 ejus.
820 1850 876 1906 Si
928 1857 1111 1904 autem
1161 1848 1414 1907 Christus
1466 1853 1523 1908 in
1567 1852 1726 1909 vobis
1763 1863 1863 1922 est,
1913 1871 2112 1925 corpus

521 1942 741 2014 quidem
780 1947 1058 1994 mortuum
1099 1946 1182 1993 est
1229 1948 1450 2011 propter
1503 1950 1783 2013 peccatum
1821 1962 1832 1999 :
1884 1944 2112 2016 spiritus

521 2045 654 2084 vero
683 2028 825 2082 vivit
855 2035 1077 2098 propter
1122 2025 1418 2097 justitiam.
1464 2028 1622 2095 Quod
1652 2030 1696 2085 si
1726 2031 1962 2103 Spiritus
1991 2031 2110 2103 ejus

523 2121 617 2194 qui
674 2118 962 2175 suscitavit
989 2118 1169 2172 Jesum
1202 2133 1233 2172 a
1262 2118 1514 2184 mortuis,
1569 2118 1779 2175 habitat
1813 2121 1871 2175 in
1900 2121 2059 2176 vobis
2095 2136 2107 2174 :

525 2210 617 2281 qui
653 2207 940 2263 suscitavit
969 2205 1247 2262 Christum
1295 2223 1363 2262 ex
1410 2207 1663 2274 mortuis,
1712 2209 2020 2265 viviﬁcabit
2059 2217 2114 2264 et

525 2297 779 2352 mortalia
828 2311 1055 2367 corpora
1086 2304 1268 2350 vestra
1298 2304 1518 2368 propter
1547 2297 1948 2354 inhabitantem
1979 2297 2112 2369 Spi-

523 2391 691 2446 ritum
724 2388 842 2460 ejus
890 2387 947 2442 in
994 2387 1152 2442 vobis
1198 2388 1373 2459 (Rom.
1423 2405 1550 2454 VIII,
1600 2389 1778 2460 9-11).
1834 2413 1852 2436 ›
1907 2388 2113 2444 Divino

523 2478 818 2550 Apostolus
872 2475 1034 2531 modo
1090 2483 1143 2530 et
1195 2475 1388 2532 divino
1436 2477 1655 2550 eloquio
1706 2484 2111 2533 sacramentum

523 2567 826 2624 Dominicaa
872 2565 1158 2622 Trinitatis
1189 2575 1242 2622 et
1271 2566 1400 2622 ﬁdei
1447 2575 1646 2623 nostra;
1677 2567 1956 2623 mentibus
1985 2566 2112 2621 iuti-

523 2659 715 2715 mavit.
746 2658 880 2713 Nam
939 2672 1064 2712 cum
1096 2655 1327 2712 dixisset
1360 2673 1371 2709 :
1421 2682 1438 2703 ι
1476 2657 1589 2713 Vos
1621 2667 1803 2712 autem
1856 2657 1913 2712 in
1953 2671 2115 2712 carne

523 2764 632 2804 non
685 2746 835 2815 estis,
876 2744 970 2801 sed
1016 2745 1073 2800 in
1120 2744 1354 2815 spiritu;
1404 2744 1448 2799 si
1502 2752 1688 2800 tamen
1739 2744 1977 2817 Spiritus
2017 2743 2114 2799 Dei

523 2837 738 2892 habitat
767 2836 824 2890 in
850 2834 1009 2890 vobis
1042 2851 1055 2901 ;
1086 2832 1286 2904 adjecit
1321 2850 1333 2888 ε
1366 2833 1422 2888 Si
1452 2832 1576 2905 quis
1616 2841 1799 2888 autem
1849 2833 2114 2904 Spiritum

526 2924 733 2982 Christi
765 2940 875 2978 non
927 2921 1119 2990 habet,
1168 2922 1260 2976 hic
1306 2939 1416 2978 non
1463 2931 1544 2978 est
1581 2923 1717 2994 ejus.
1749 2947 1766 2970 ι
1815 2923 1959 2990 Quid
1988 2939 2116 2994 ergo
2148 2965 2191 3023 Β

525 3013 826 3084 Apostolus
850 3009 1000 3064 aliud
1039 3024 1202 3080 quam
1233 3009 1495 3064 unionem
1521 3010 1807 3065 Trinitatis
1837 3011 2056 3066 edocuit
2086 3010 2114 3066 7

525 3102 662 3159 Nam
696 3099 932 3170 Spiritus
961 3097 1060 3153 Dei
1086 3096 1324 3166 Spiritus
1354 3097 1560 3154 Christi
1589 3106 1671 3153 est
1703 3115 1714 3153 :
1752 3099 1978 3170 spiritus
2005 3117 2113 3155 au-

527 3196 636 3243 tem
668 3183 871 3242 Christi
899 3192 950 3238 et
979 3182 1078 3239 Dei
1107 3198 1280 3255 neque
1326 3200 1358 3238 a
1402 3183 1623 3240 Christo
1671 3185 1882 3240 divisus
1914 3193 2007 3241 aut
2035 3203 2114 3242 se-

527 3281 750 3348 paratus
793 3280 914 3338 est;
947 3271 1206 3344 quoniam
1249 3287 1426 3343 neque
1454 3273 1596 3328 Deus
1634 3273 1703 3328 ab
1733 3273 1946 3344 Spiritu
1991 3291 2112 3342 suo,

523 3380 698 3436 neque
727 3362 980 3420 Christus
1014 3360 1159 3415 idem
1207 3359 1274 3416 ab
1329 3360 1536 3432 Spiritu
1565 3379 1664 3418 suo
1698 3371 1876 3435 potest
1904 3380 2113 3445 separa-

521 3453 651 3509 bilis
680 3451 935 3508 indicari.
964 3451 1019 3506 Si
1047 3459 1230 3507 autem
1261 3451 1644 3522 inseparabilis
1664 3453 1888 3508 Deusab
1905 3453 2114 3526 Spiritu

519 3565 618 3605 suo
663 3556 764 3617 est,
797 3546 1178 3618 inseparabilis
1208 3546 1400 3619 utique
1428 3555 1482 3602 et
1513 3545 1766 3604 Christus
1806 3547 1874 3602 ab
1903 3547 2113 3618 Spiritu

520 3653 618 3692 suo
647 3643 728 3691 est
760 3653 771 3690 :
805 3651 933 3706 ergo
962 3633 1202 3705 Spiritus
1231 3633 1329 3689 Dei
1355 3643 1408 3690 et
1439 3634 1675 3705 Spiritus
1705 3634 1912 3691 Christi
1949 3635 2111 3693 inse-

521 3723 780 3798 parabilis
819 3739 850 3779 a
904 3724 1016 3778 Deo
1062 3731 1117 3778 et
1167 3721 1416 3790 Christo;
1465 3740 1528 3779 ac
1575 3739 1670 3794 per
1702 3723 1807 3779 hoc
1839 3725 2008 3794 Deus,
2059 3733 2115 3782 et

528 3812 784 3868 Christus
810 3817 863 3866 et
891 3809 1131 3882 Spiritus
1155 3819 1374 3866 sanctus
1401 3810 1630 3866 indivisi
1661 3813 2108 3884 manifestantur,

522 3905 653 3978 quia
695 3919 910 3977 semper
952 3901 1188 3974 Spiritus
1231 3903 1287 3957 in
1332 3904 1446 3958 Deo
1497 3912 1551 3960 et
1590 3902 1809 3960 Christo
1855 3906 2113 3976 perennis

525 4005 626 4053 est.
669 3993 804 4054 Nam
859 3995 993 4068 quid
1024 3995 1176 4052 aliud
1203 3996 1655 4052 concatenatione
1684 3994 1786 4054 hac
1813 4004 1867 4052 et
1895 4013 2113 4053 conne-

522 4087 689 4143 xione
741 4086 1039 4158 significari
1093 4086 1414 4154 contendit,
1474 4103 1638 4159 quam
1690 4087 2109 4159 intelligentiam

523 4175 790 4243 unitatis;
836 4176 966 4231 dum
1015 4191 1110 4246 per
1139 4175 1404 4246 Spiritum
1435 4177 1581 4231 Deus
1609 4183 1662 4231 et
1695 4175 1964 4246 Christus,
2015 4177 2110 4250 qui

522 4266 912 4338 inseparabiles
959 4282 990 4320 a
1031 4281 1146 4321 sese
1174 4274 1324 4334 sunt,
1355 4266 1520 4335 uniti,
1553 4277 1606 4324 et
1634 4275 1697 4324 ut
1743 4269 1975 4326 ulterius
2016 4267 2112 4324 di-

523 4373 665 4425 cam,
685 4372 856 4411 unum
888 4355 1208 4428 intelligunt
1236 4355 1263 4412 7

596 4466 713 4521 Hoc
740 4464 995 4521 divinum
1029 4472 1431 4521 sacramentum
1454 4475 1555 4533 est,
1578 4466 1684 4524 hoc
1709 4467 1766 4523 in
1795 4483 1852 4524 se
1867 4475 2114 4524 creatura

523 4553 848 4611 naturaliter
877 4563 970 4611 aut
1001 4553 1441 4626 inseparabiliter
1483 4573 1594 4612 non
1641 4556 1844 4625 habet;
1877 4565 1938 4612 ut
1968 4572 2112 4612 unus

521 4650 760 4722 Spiritus
789 4649 962 4706 Patris
991 4657 1044 4705 et
1091 4649 1240 4718 Filii,
1286 4657 1383 4706 aut
1411 4655 1522 4705 tres
1553 4665 1717 4716 unus,
1749 4655 1804 4704 et
1830 4664 1999 4703 unum
2032 4649 2114 4705 in-

522 4739 881 4796 divisibiliter
929 4756 1044 4796 esse
1096 4747 1415 4797 noscantur.
1463 4737 1534 4794 Et
1563 4737 1687 4794 ideo
1719 4754 1942 4794 securus
1969 4741 2112 4810 Apo-

445 4838 454 4842 ’
523 4831 716 4897 stolus,
750 4829 844 4902 qui
891 4829 996 4886 hoc
1036 4828 1455 4886 fundamentum
1487 4827 1616 4884 ﬁdei
1643 4827 1710 4882 de
1757 4837 1941 4883 sancta
1973 4828 2114 4884 Scri-

523 4931 683 4992 ptura
709 4918 927 4987 didicit,
963 4926 1016 4973 et
1045 4917 1111 4973 de
1143 4917 1333 4974 divina
1375 4916 1709 4973 revelatione
1738 4916 2015 4988 cognovit,
2046 4916 2113 4972 de

522 5016 722 5064 caetero
751 5023 862 5061 non
905 5005 1064 5062 timet
1090 5005 1223 5061 alibi
1255 5022 1427 5061 unum
1464 5006 1662 5070 Deum,
1691 5004 1824 5060 alibi
1854 5021 1979 5061 cum
2008 5007 2112 5060 Do-

524 5099 694 5166 mino,
725 5097 855 5153 alibi
905 5113 1032 5153 cum
1061 5099 1173 5153 Deo
1203 5108 1257 5155 et
1286 5097 1526 5154 Domino
1560 5105 1811 5153 sanctum
1845 5097 2110 5169 Spiritum

523 5187 859 5260 praedicare;
911 5185 1040 5258 quia
1090 5187 1207 5242 sive
1246 5203 1393 5242 unus
1439 5188 1586 5242 Deus
1625 5187 1854 5256 dixerit,
1904 5187 2008 5244 scit
2056 5205 2111 5244 se

522 5293 725 5334 nomen
783 5275 1069 5332 Trinitatis
1103 5275 1356 5346 implesse
1389 5294 1400 5330 :
1444 5276 1561 5331 sive
1589 5284 1769 5331 autem
1799 5277 1896 5332 Dei
1927 5285 1980 5333 et
2008 5280 2110 5334 Do-

524 5365 663 5419 mini
712 5364 1060 5420 solummodo
1108 5380 1318 5420 memor
1358 5364 1448 5431 sit,
1500 5364 1603 5420 scit
1655 5365 1883 5423 dicere:
1947 5391 1966 5415 ι
1995 5368 2114 5439 Ipse

525 5460 705 5508 autem
745 5454 909 5522 Deus,
956 5461 1010 5509 et
1060 5454 1237 5522 Pater,
1297 5460 1352 5509 et
1399 5453 1669 5509 Dominus
1725 5463 1908 5511 noster
1959 5457 2114 5514 Iesus

525 5538 778 5595 Christus
834 5541 1034 5613 dirigat
1063 5541 1210 5598 viam
1265 5549 1506 5598 nostram
1534 5541 1603 5597 ad
1631 5557 1728 5599 vos
1761 5545 1780 5616 (
1812 5546 1846 5600 Ῑ
1876 5547 2109 5602 Thessal.

525 5644 610 5695 ιιι,
663 5629 776 5699 ll),
807 5653 825 5677 ι
894 5639 948 5688 et
972 5648 1165 5689 cavere
1209 5648 1281 5689 ne
1314 5632 1500 5689 dicat:
1545 5632 1654 5704 Ipsi
1693 5633 1964 5708 dirigant;
1997 5637 2113 5694 sive

525 5713 624 5768 Dei
681 5721 734 5768 et
793 5717 965 5772 sancti
1022 5717 1259 5788 Spiritus
1303 5721 1468 5776 faciat
1522 5721 1877 5792 mentionem,
1926 5725 2029 5782 scit
2057 5741 2112 5781 se

2218 1690 2271 1737 et
2320 1681 2557 1753 Spiritus
2609 1686 2782 1742 sancti
2838 1688 3018 1744 causis
3055 1691 3490 1761 competentibus
3554 1710 3851 1766 personas

2218 1778 2388 1842 aptet,
2418 1771 2522 1827 scit
2552 1773 2734 1829 dicere
2786 1791 2797 1828 :
2867 1800 2885 1824 ι
2917 1777 2988 1831 Et
3018 1777 3206 1834 omnia
3234 1778 3353 1835 haec
3383 1790 3648 1852 operatur
3684 1800 3852 1838 unus

2218 1867 2381 1932 atque
2419 1859 2562 1915 idem
2617 1860 2874 1933 Spiritus,
2922 1865 3176 1922 dividens
3221 1867 3453 1940 singulis
3500 1879 3674 1941 prout
3710 1871 3851 1926 vult

2221 1952 2276 2024 (I
2308 1953 2436 2010 Cor.
2466 1971 2567 2021 χιι,
2604 1955 2715 2026 11);
2748 1979 2766 2002 ι
2834 1956 3091 2028 quoniam
3124 1967 3177 2014 et
3207 1967 3314 2014 tres
3341 1959 3470 2015 deos
3499 1959 3694 2017 dicere
3732 1961 3848 2016 im-

2221 2043 2371 2114 pium
2403 2053 2504 2111 est,
2537 2055 2591 2102 et
2625 2063 2794 2101 unum
2838 2063 2948 2102 non
2979 2047 3035 2102 in
3067 2049 3354 2106 Trinitatis
3382 2049 3609 2106 nomine
3646 2050 3850 2107 conﬁ-

2221 2131 2343 2199 teri,
2375 2131 2674 2188 admodum
2705 2133 3091 2206 irreligiosum.

2290 2221 2537 2292 Denique
2592 2222 2875 2293 sequentia
2928 2223 3358 2290 consideremus,
3413 2227 3617 2298 quibus
3670 2228 3848 2284 hunc

2221 2334 2441 2374 sensum
2477 2319 2766 2375 conﬁrmat
2813 2328 2867 2376 et
2913 2321 3146 2387 solidat;
3193 2338 3318 2376 nam
3369 2338 3496 2377 cum
3530 2324 3790 2381 dixisset
3829 2342 3842 2379 :

2237 2431 2256 2454 ι
2295 2407 2350 2462 Si
2381 2407 2504 2479 quis
2528 2417 2709 2464 autem
2759 2408 3025 2479 Spiritum
3073 2407 3279 2466 Christi
3326 2426 3440 2465 non
3488 2411 3676 2480 habet,
3734 2413 3847 2469 hic

2222 2511 2334 2549 non
2378 2502 2459 2550 est
2508 2494 2645 2566 ejus,
2691 2519 2710 2543 ι
2763 2495 3008 2566 adjecit:
3068 2521 3087 2545 ι
3137 2497 3192 2554 Si
3248 2505 3431 2553 autem
3472 2499 3735 2556 Christus
3771 2501 3844 2555 in

2225 2584 2382 2640 vobis
2411 2593 2510 2641 est.
2547 2610 2564 2633 ι
2608 2586 2752 2657 Ergo
2782 2587 3132 2642 manifestum
3183 2596 3264 2643 est
3292 2588 3418 2661 quia
3465 2604 3558 2659 per
3589 2588 3842 2646 inhabi-

2224 2680 2431 2728 tantem
2480 2673 2747 2745 Spiritum
2797 2673 3004 2730 Christi
3053 2674 3304 2732 Christus
3349 2675 3594 2742 habitat;
3637 2675 3684 2731 si
3724 2694 3839 2733 au-

2224 2769 2334 2818 tem
2366 2778 2459 2834 per
2480 2761 2880 2818 inhabitantem
2905 2763 3173 2835 Spiritum
3205 2764 3404 2821 Christi
3430 2763 3688 2820 Christus
3721 2765 3838 2821 ha-

2226 2851 2386 2920 bitat,
2417 2851 2606 2924 utique
2623 2858 2677 2907 et
2706 2868 2801 2923 per
2831 2851 3230 2909 inhabitantem
3263 2853 3524 2924 Spiritum
3551 2852 3648 2908 Dei
3668 2855 3840 2910 Deus

2226 2939 2454 2996 habitat.
2481 2940 2727 3014 Denique
2757 2939 3074 3012 subjunxit:
3117 2967 3134 2990 ι
3155 2942 3310 3009 Quod
3335 2941 3380 2997 si
3405 2942 3642 3014 Spiritus
3668 2941 3835 3013 ejus,

2223 3029 2319 3101 qui
2349 3029 2638 3085 suscitavit
2666 3029 2949 3088 Christum
2979 3046 3048 3085 ex
3097 3030 3348 3098 mortuis,
3380 3029 3591 3085 habitat
3629 3029 3689 3084 in
3728 3048 3836 3086 vo-

2221 3116 2326 3184 bis,
2351 3141 2369 3165 ι
2413 3117 2519 3174 hoc
2547 3126 2646 3186 est,
2682 3118 2818 3186 Dei;
2859 3135 2920 3175 ac
2952 3133 3047 3189 per
3075 3117 3180 3174 hoc
3210 3133 3318 3172 non
3352 3117 3506 3174 aliud
3534 3133 3651 3174 esse
3695 3118 3834 3192 Spi-

2221 3206 2360 3261 ritus
2406 3216 2648 3275 sanctus,
2704 3223 2865 3279 quam
2915 3207 3058 3262 Deus
3117 3213 3172 3260 et
3229 3205 3480 3263 Christus
3524 3206 3833 3278 probatur,

2223 3313 2318 3367 per
2361 3313 2522 3368 quem
2575 3299 2720 3352 Deus
2750 3303 2804 3351 et
2833 3294 3084 3353 Christus
3126 3293 3337 3350 habitat
3371 3313 3382 3351 :
3425 3310 3588 3367 quem
3627 3296 3730 3367 qui
3766 3298 3835 3352 in

2221 3401 2277 3441 se
2309 3401 2421 3440 non
2449 3384 2613 3442 habet
2641 3385 3002 3452 habitantem,
3047 3399 3148 3440 nec
3174 3384 3349 3439 Deum
3379 3389 3556 3455 potest
3584 3382 3832 3454 habere,

2223 3490 2322 3531 nec
2351 3474 2652 3531 Christum.

2292 3572 2398 3628 Sed
2444 3572 2581 3630 dicit
2626 3572 2872 3646 aliquis:
2912 3571 2968 3628 Si
3017 3587 3113 3643 per
3160 3569 3427 3644 Spiritum
3475 3586 3631 3626 suum
3665 3571 3830 3629 Deus

2221 3661 2433 3718 habitat
2461 3662 2519 3717 in
2567 3661 2749 3730 nobis,
2803 3669 2857 3717 et
2908 3659 3146 3733 Spiritus
3190 3677 3316 3716 cum
3353 3661 3468 3716 Deo
3505 3668 3558 3716 et
3589 3658 3831 3718 Christo

2221 3767 2393 3807 unum
2424 3761 2588 3825 atque
2619 3750 2764 3808 idem
2795 3759 2912 3818 est;
2953 3749 3229 3824 quomodo
3283 3766 3500 3805 rursum
3557 3748 3774 3806 dicitur
3807 3771 3823 3808 :

2234 3863 2252 3887 ι
2283 3841 2388 3908 Qui
2440 3841 2729 3898 suscitavit
2766 3839 3048 3898 Christum
3099 3855 3167 3896 ex
3197 3839 3450 3907 mortuis,
3506 3838 3829 3896 viviﬁcabit

2220 3938 2274 3986 et
2304 3931 2558 3987 mortalia
2601 3946 2832 4002 corpora
2859 3929 3087 3986 vestra?
3133 3952 3151 3976 ι
3223 3927 3509 3995 Quomodo
3563 3929 3713 3983 Deus
3766 3937 3829 3985 et

2221 4019 2474 4077 Christus
2515 4035 2689 4075 unum
2737 4026 2884 4087 sunt,
2939 4035 3064 4074 cum
3111 4015 3365 4073 Christus
3405 4032 3501 4088 per
3541 4017 3822 4088 Spiritum

2219 4107 2318 4164 Dei
2347 4107 2640 4165 suscitetur
2671 4124 2741 4162 ex
2770 4105 3003 4162 mortuis
3023 4106 3052 4162 7
3095 4130 3113 4152 ι
3142 4105 3186 4161 Ο
3217 4104 3453 4161 altitudo
3483 4105 3821 4162 divitiarum

2217 4195 2498 4268 sapientiae
2544 4204 2598 4251 et
2628 4195 2873 4252 scientiae
2909 4195 3010 4252 Dei
3054 4193 3229 4266 (Rom.
3275 4210 3356 4262 χι,
3403 4193 3537 4265 33)!
3583 4218 3602 4242 ι
3645 4194 3816 4263 Vere,

2232 4308 2250 4332 ι
2285 4284 2381 4340 ubi
2419 4284 2672 4358 sapiens?
2701 4284 2796 4341 ubi
2849 4284 3028 4342 scriba
3076 4285 3134 4357 (Ι
3162 4286 3288 4342 Cor.
3338 4301 3378 4353 ι,
3424 4281 3552 4355 20)?
3591 4307 3609 4331 ι
3669 4283 3819 4341 Vere

2221 4375 2325 4432 hoc
2355 4383 2457 4445 est,
2504 4401 2522 4424 ι
2551 4375 2698 4449 quod
2728 4375 2920 4433 oculus
2950 4392 3062 4432 non
3090 4374 3254 4444 vidit,
3278 4391 3378 4430 nec
3398 4374 3547 4430 auris
3570 4372 3813 4444 audivit,

2221 4480 2322 4521 nec
2351 4463 2410 4520 in
2440 4481 2532 4522 cor
2563 4465 2806 4521 hominis
2849 4464 3120 4531 ascendit,
3159 4479 3280 4537 quae
3311 4463 3634 4536 praeparavit
3664 4467 3815 4526 606

2221 4567 2366 4621 Deus
2395 4565 2755 4638 diligentibus
2802 4583 2858 4622 se
2908 4565 2967 4638 (Ι
3008 4566 3134 4624 Cor.
3179 4582 3241 4634 II,
3272 4564 3352 4636 9).
3405 4589 3424 4614 ι
3474 4562 3816 4635 Prasparavit

2221 4661 2404 4710 autem
2435 4657 2580 4710 Deus
2609 4656 2968 4728 diligentibus
3013 4672 3090 4726 se,
3137 4663 3200 4711 ut
3243 4654 3496 4712 Christus
3541 4652 3814 4710 Dominus

2221 4760 2346 4799 cum
2379 4742 2436 4798 in
2463 4743 2640 4800 forma
2669 4745 2768 4799 Dei
2799 4751 2958 4813 esset,
2982 4743 3216 4800 formam
3255 4741 3400 4798 servi
3431 4742 3719 4814 acciperet,
3748 4751 3812 4799 ut

2221 4833 2370 4890 solus
2416 4833 2762 4890 inveniretur
2816 4842 3130 4905 utrumque.
3179 4833 3316 4891 Cum
3375 4849 3502 4904 ergo
3557 4831 3812 4889 Christus

2220 4934 2515 4996 utrumque
2570 4925 2662 4994 sit,
2720 4926 2864 4980 Deus
2908 4923 3117 4981 scilicet
3179 4931 3234 4979 et
3291 4923 3474 4989 homo,
3525 4921 3810 4979 suscitatio

2221 5011 2339 5069 haac
2368 5030 2478 5068 non
2518 5013 2642 5070 ideo
2694 5013 2976 5069 divinitati
3006 5013 3123 5084 ejus
3152 5012 3474 5079 ascribitur;
3508 5011 3639 5084 quia
3668 5011 3808 5067 divi-

2221 5101 2365 5158 nitas
2411 5102 2528 5173 ejus
2573 5113 2667 5160 aut
2693 5104 2806 5175 pati
2844 5111 2938 5159 aut
2968 5103 3108 5159 mori
3138 5111 3316 5175 posset
3345 5118 3357 5154 :
3391 5099 3484 5156 sed
3519 5101 3649 5173 quia
3677 5101 3809 5158 Ver-

2220 5189 2351 5246 bum
2400 5194 2545 5249 Deus
2597 5209 2721 5248 caro
2769 5191 2944 5250 factus
2985 5201 3085 5261 est,
3117 5199 3170 5247 et
3217 5188 3488 5246 habitavit
3536 5188 3595 5244 in
3627 5190 3804 5248 nobis.

2222 5278 2495 5336 Caeterum
2526 5280 2572 5336 si
2602 5279 2868 5338 divinitas
2889 5279 3006 5352 ejus
3031 5281 3143 5352 pati
3168 5279 3453 5352 potuisset,
3483 5294 3596 5333 non
3617 5279 3808 5352 utique

2223 5385 2358 5440 opus
2404 5370 2619 5438 fuisset,
2666 5379 2728 5427 ut
2771 5371 3001 5428 formam
3058 5371 3202 5426 servi
3255 5369 3524 5442 acciperet
3557 5387 3568 5424 :
3600 5371 3807 5443 accepit

2222 5467 2402 5515 autem
2452 5459 2683 5516 formam
2733 5461 2877 5517 servi
2921 5476 3033 5516 non
3072 5459 3234 5515 aliam
3274 5459 3344 5514 ob
3370 5475 3610 5526 causam,
3644 5474 3805 5530 quam

2223 5555 2284 5604 ut
2312 5564 2411 5622 per
2440 5567 2556 5607 eam
2590 5567 2688 5623 pro
2731 5550 2906 5606 salute
2950 5548 3299 5618 diligentium
3347 5554 3401 5603 et
3445 5546 3556 5620 pati
3585 5555 3640 5604 et
3667 5549 3805 5605 mori

2221 5648 2419 5712 posset.
2459 5641 2532 5697 Et
2587 5639 2712 5696 ideo
2758 5647 2904 5696 recte
2952 5638 3156 5696 dicitur
3185 5638 3454 5695 Dominus
3509 5636 3806 5709 majestatis

2221 5725 2539 5796 cruciﬁxus,
2586 5733 2640 5784 et
2681 5727 2950 5784 Dominus
2984 5727 3140 5785 Iesus
3186 5725 3440 5785 Christus
3476 5741 3544 5781 ex
3575 5726 3804 5782 mortuis
