3964 6412
94 402 210 460 1097

1115 400 1212 458 DE
1248 399 1521 458 SPIBITU
1558 397 1829 458 SANCTO
1869 399 2079 458 LIBER
2116 399 2315 456 UNUS.

3227 397 3364 455 1098

91 526 376 592 excitatus;
411 523 541 596 (μύει
569 529 868 596 spontanea
895 522 1234 596 benignitate
1263 533 1317 580 et
1346 525 1537 581 divina
1562 541 1661 582 sua
1694 534 1743 593 Α
1774 524 1967 593 stolus,
2019 531 2072 580 et
2116 521 2424 596 prudentiae
2472 539 2584 578 sua:
2630 523 2861 590 cautela,
2907 522 3019 577 imo
3071 529 3134 577 ut
3179 522 3366 577 verius

93 616 283 672 ratione
312 629 408 686 per
437 613 632 686 templi
655 612 741 669 sui
767 613 1072 686 passionem
1099 621 1298 670 cuncta
1327 615 1442 686 ipse
1470 631 1665 671 susce-

93 706 162 778 pit
182 712 229 759 et
258 703 504 776 pertulit.
539 704 618 759 Ac
644 719 739 774 per
762 701 886 770 hoc,
920 701 976 758 id
1007 702 1153 776 quod
1184 703 1436 761 Christus
1462 705 1664 761 excita-

94 802 170 850 tur
201 809 267 849 ex
297 792 549 862 mortuis,
582 793 800 865 proﬁcit
827 792 895 849 ad
926 793 1155 866 gloriam
1179 794 1279 851 Dei
1310 802 1364 850 et
1400 811 1665 868 compro-

91 885 170 941 bat
194 883 652 956 omnipotentiam
684 881 914 942 Christi.

151 1042 245 1101 Sed
273 1051 328 1100 et
358 1043 646 1116 sequentia
673 1043 780 1100 loci
821 1042 989 1116 hujus
1016 1060 1128 1100 non
1160 1042 1343 1099 minus
1377 1041 1668 1115 diligenter

92 1135 342 1205 inspicere
371 1132 672 1200 debemus;
707 1133 966 1206 quoniam
1001 1134 1113 1188 alta
1163 1143 1216 1189 et
1259 1132 1530 1205 profunda
1559 1134 1670 1190 do-

89 1223 247 1281 ctrina
274 1224 576 1295 Apostolus
597 1221 675 1279 ita
709 1223 926 1279 locutus
957 1231 1036 1279 est
1067 1222 1256 1280 dicens
1287 1269 1299 1280 .
1342 1245 1360 1271 ‹
1412 1221 1571 1289 Quod
1623 1221 1666 1278 si

91 1313 312 1388 Spiritus
341 1312 458 1386 ejus
505 1314 598 1388 qui
643 1313 932 1372 suscitavit
959 1314 1140 1370 Jesum
1175 1332 1243 1370 ex
1273 1313 1529 1379 mortuis,
1561 1312 1671 1369 ha-

89 1405 208 1460 bitat
252 1403 313 1460 in
376 1403 572 1472 vobis;
633 1403 728 1478 qui
775 1404 1065 1461 suscitavit
1111 1403 1395 1461 Christum
1428 1419 1496 1458 ex
1528 1418 1669 1457 mor-

90 1495 202 1563 tuis,
260 1494 572 1551 viviﬁcahit
627 1502 681 1550 et
738 1495 992 1551 mortalia
1041 1510 1270 1566 corpora
1339 1501 1520 1549 vestra
1577 1507 1671 1564 per

89 1583 473 1640 inhabitantem
522 1585 787 1657 Spiritum
847 1584 965 1656 ejus
1018 1583 1075 1639 in
1132 1583 1310 1650 vobis.
1343 1606 1360 1631 ι
1423 1581 1670 1637 Primum

89 1689 197 1746 ergo
228 1675 585 1731 manifestum
616 1683 698 1731 est
727 1675 854 1748 quia
901 1675 1088 1732 omnia
1136 1677 1280 1730 Deus
1336 1682 1391 1730 et
1421 1672 1672 1729 Christus

90 1780 170 1838 per
195 1764 598 1822 inhabitantem
633 1766 898 1838 Spiritum
927 1782 1086 1821 suum
1115 1765 1172 1820 in
1194 1763 1353 1820 nobis
1379 1770 1666 1835 operatur;

89 1873 142 1912 ac
166 1873 259 1928 per
284 1856 392 1913 hoc
421 1864 635 1914 constat
664 1857 924 1930 quoniam
955 1863 1173 1913 sanctus
1201 1854 1438 1927 Spiritus
1484 1851 1670 1908 omnia

90 1955 364 2016 operatur;
396 1946 525 2020 quia
554 1956 607 2002 et
636 1945 892 2003 mortalia
919 1962 1147 2017 corpora
1192 1953 1380 2000 nostra
1422 1941 1670 1997 viviﬁca-

88 2033 158 2089 bit
184 2035 249 2103 is,
283 2035 380 2108 qui
412 2035 699 2091 suscitavit
727 2035 908 2090 Jesum
933 2050 1003 2090 ex
1031 2032 1283 2102 mortuis,
1318 2049 1413 2105 per
1456 2030 1671 2086 inhabi-

87 2133 281 2181 tantem
305 2125 572 2198 Spiritum
604 2126 809 2184 Christi
840 2125 898 2180 in
927 2124 1105 2181 nobis.
1134 2126 1205 2180 Et
1227 2141 1338 2180 non
1370 2123 1514 2180 dixit
1543 2123 1672 2196 quia

87 2231 170 2287 per
203 2232 259 2271 se
291 2218 520 2273 suscitat
546 2216 613 2286 is,
649 2216 743 2289 qui
770 2216 1061 2273 suscitavit
1089 2215 1274 2272 Jesum
1311 2232 1381 2271 ex
1415 2207 1668 2280 mortuis,

85 2319 249 2377 neque
282 2304 562 2362 Christum
597 2323 691 2379 per
720 2323 776 2361 se
807 2306 1072 2363 suscitare
1113 2323 1124 2361 :
1182 2306 1278 2362 sed
1318 2321 1412 2378 per
1457 2301 1670 2358 inhabi-

83 2401 279 2449 tantem
333 2393 390 2449 in
448 2395 609 2450 nobis
662 2394 928 2467 Spiritum
975 2394 1201 2472 Christi.
1248 2393 1486 2466 Spiritus
1532 2390 1669 2463 ejus,

85 2484 170 2555 qui
199 2484 490 2540 suscitavit
523 2485 705 2540 Jesum
737 2501 806 2540 ex
837 2483 1094 2554 mortuis,
1128 2483 1436 2539 viviﬁcabit
1462 2491 1513 2538 et
1532 2498 1674 2536 mor-

84 2573 210 2628 talia
235 2590 465 2645 corpora
493 2583 700 2629 nostra.
735 2573 805 2628 Et
851 2574 1042 2647 utique
1087 2573 1145 2628 in
1192 2571 1492 2643 Evangelio
1537 2569 1670 2642 legi-

85 2681 218 2734 mus,
256 2665 475 2722 dicente
504 2665 775 2721 Domino:
817 2687 836 2712 ι
878 2664 1031 2720 Sicut
1071 2664 1229 2719 Pater
1275 2662 1501 2717 suscitat
1533 2677 1672 2714 mor-

85 2761 199 2809 tuos
223 2763 277 2810 et
306 2754 598 2822 viviﬁcat;
648 2755 726 2811 ita
763 2761 816 2810 et
869 2754 1046 2809 Filius
1100 2769 1237 2825 quos
1283 2751 1424 2820 vult,
1478 2749 1674 2805 viviﬁ-

83 2853 160 2900 cat
201 2845 386 2917 (Joan.
418 2862 473 2912 v,
516 2843 632 2908 21).
665 2869 683 2891 ι
730 2845 800 2899 Et
842 2859 954 2898 non
1009 2851 1089 2898 est
1141 2842 1350 2897 dictum
1407 2840 1484 2896 ibi
1546 2841 1675 2912 quia

85 2948 171 3004 per
197 2932 468 3005 Spiritum
501 2949 660 2988 suum
693 2933 918 2989 suscitat
958 2933 1103 2987 Deus
1133 2941 1186 2987 et
1215 2930 1488 2988 Christus.
1530 2929 1672 2996 Quid

86 3039 202 3094 ergo
223 3023 252 3079 ?
317 3023 668 3080 Contrarium
728 3022 834 3079 hoc
879 3022 982 3076 erit
1012 3021 1095 3077 illi
1126 3019 1446 3076 sententiae?
1477 3018 1669 3074 Absit!

86 3111 171 3166 sed
205 3112 525 3169 intellectus
557 3113 777 3168 illorum
809 3111 969 3167 nobis
998 3111 1264 3179 redditur,
1317 3119 1370 3165 et
1416 3110 1677 3165 docemur

87 3217 171 3272 per
202 3202 568 3275 Evangelium
601 3201 904 3258 beatissimi
936 3201 1090 3256 Pauli
1145 3217 1251 3272 qua
1281 3200 1490 3254 ratione
1533 3201 1677 3254 Deus

89 3290 322 3359 suscitet,
356 3307 452 3362 per
524 3289 926 3346 inhabitantem
971 3289 1184 3346 scilicet
1229 3288 1492 3360 Spiritum
1532 3285 1685 3343 Chri-
1719 3282 1759 3342 Ο

89 3379 148 3434 sti
177 3381 233 3435 in
262 3381 460 3447 nobis;
509 3397 571 3437 ac
618 3397 712 3453 per
760 3381 866 3436 hoc
895 3379 1235 3452 apertissime
1264 3379 1519 3447 traditur,
1553 3377 1680 3450 quia

91 3471 262 3526 omnia
299 3487 466 3545 opera
521 3470 713 3528 divina
765 3469 1002 3542 Spiritus
1047 3478 1267 3524 sanctus
1302 3476 1576 3540 operatur.
1609 3468 1680 3521 Et

93 3561 200 3619 ideo
229 3563 342 3620 alio
372 3563 431 3618 in
498 3564 619 3620 loco
675 3563 821 3619 idem
879 3561 1175 3634 Apostolus
1229 3560 1388 3616 docet
1440 3559 1673 3615 dicens:

103 3677 117 3699 ι
139 3654 452 3710 Divisiones
489 3653 792 3726 gratiarum
828 3659 979 3719 sunt,
1004 3650 1150 3706 idem
1182 3657 1364 3704 autem
1391 3648 1629 3720 Spiritus
1661 3665 1672 3703 :

94 3754 136 3801 et
159 3747 462 3803 divisiones
515 3744 954 3800 ministeriorum
1003 3752 1152 3812 sunt,
1186 3743 1331 3798 idem
1361 3749 1545 3798 autem
1573 3743 1676 3796 Do-

95 3837 260 3893 minus
297 3853 310 3893 :
346 3842 400 3892 et
430 3833 736 3891 divisiones
765 3833 1148 3906 operationum
1180 3839 1328 3901 sunt,
1363 3831 1505 3886 idem
1546 3846 1676 3886 vero

96 3925 238 3996 Deus,
272 3924 370 4000 qui
402 3931 658 3996 operatur
687 3922 874 3978 omnia
903 3921 962 3978 in
1011 3920 1269 3978 omnibus
1319 3921 1378 3993 (Ι
1415 3921 1539 3976 Cor.
1573 3937 1675 3988 xu,

96 4013 214 4087 4-6).
250 4043 268 4066 ι
331 4013 620 4081 Quomodo
661 4021 742 4070 est
792 4012 933 4069 illud
982 4012 1128 4068 idem
1158 4011 1415 4084 Spiritus,
1449 4010 1494 4066 si
1524 4007 1676 4064 aliud

97 4111 164 4158 est
190 4105 450 4178 Spiritus,
500 4118 664 4176 quam
710 4103 858 4158 Deus
886 4111 939 4158 et
967 4101 1283 4157 Dominus?
1313 4107 1406 4156 aut
1435 4098 1568 4173 quid
1597 4105 1678 4154 est

98 4193 253 4252 illud:
289 4197 433 4252 Idem
464 4194 741 4264 Dominus,
784 4195 829 4250 si
873 4191 1026 4250 aliud
1072 4199 1152 4249 est
1191 4190 1482 4259 Dominus,
1513 4205 1676 4262 quam

99 4283 226 4341 Deus
253 4293 307 4342 et
335 4283 626 4357 Spiritus?
665 4290 759 4338 aut
806 4299 914 4356 qua
960 4282 1170 4338 ratione
1220 4279 1454 4352 accipies
1487 4297 1498 4334 :
1533 4279 1678 4334 Idem

99 4369 239 4442 Deus,
272 4375 318 4431 si
349 4373 504 4430 aliud
543 4378 623 4428 est
672 4372 838 4440 Deus,
889 4387 1052 4446 quam
1092 4371 1360 4426 Dominus
1390 4367 1626 4439 Spiritus
1649 4367 1676 4422 ‘P

99 4469 142 4516 et
168 4463 210 4517 si
251 4463 490 4520 essentia
521 4461 608 4518 vel
650 4469 804 4543 οὐσίᾳ
835 4468 890 4516 et
919 4459 1211 4516 divinitate
1257 4466 1312 4513 et
1356 4457 1677 4514 auctoritate

98 4559 234 4617 aliud
259 4569 310 4617 et
339 4561 514 4630 aliud,
549 4569 602 4618 et
629 4577 742 4618 non
776 4575 948 4615 unum
980 4565 1128 4614 sunt.
1157 4555 1323 4612 Nullo
1357 4554 1520 4610 modo
1561 4571 1676 4626 pos-

99 4658 204 4706 sent
230 4651 338 4708 dici
371 4651 541 4719 idem,
573 4650 668 4724 qui
698 4651 859 4720 longe
890 4647 1042 4703 aliud
1079 4655 1133 4702 et
1173 4643 1324 4700 aliud
1374 4644 1671 4716 reperiren-
1703 4645 1750 4702 D

100 4742 177 4790 tur
207 4752 218 4790 :
253 4737 599 4794 inveniretur
627 4745 811 4794 autem
842 4744 895 4791 et
926 4733 1220 4808 Apostolus
1252 4733 1422 4788 falsus
1452 4732 1604 4788 testis
1624 4740 1677 4787 et

100 4833 380 4883 contumax
411 4827 470 4883 in
502 4829 698 4896 Deum,
741 4826 834 4900 qui
875 4825 1019 4882 idem
1053 4823 1364 4891 ascriberet,
1394 4821 1490 4877 ubi
1531 4822 1675 4877 idem

101 4928 197 4970 non
225 4925 324 4973 est.
355 4917 461 4973 Sed
491 4916 632 4973 absit
657 4917 792 4972 hoc!
823 4916 944 4971 Non
976 4931 1138 4970 sensu
1156 4914 1449 4985 Apostolus
1471 4911 1675 4967 labora-

101 5003 215 5060 vit:
259 5007 416 5062 novit
463 5013 645 5062 autem
675 5007 850 5062 Deum
895 5012 948 5062 et
994 5004 1293 5060 Dominum
1329 5011 1382 5057 et
1410 5001 1676 5073 Spiritum

102 5102 358 5167 sanctum,
391 5113 564 5153 unum
613 5093 882 5168 Spiritum
937 5092 1124 5150 omnia
1173 5092 1231 5148 in
1261 5091 1519 5148 omnibus
1551 5106 1674 5163 ope-

105 5191 319 5242 rantem.

166 5328 232 5385 Et
253 5347 318 5387 ne
338 5328 472 5405 quid
493 5331 637 5387 forte
671 5328 915 5402 scrupuli
945 5343 1099 5383 mens
1127 5325 1470 5383 audientium
1500 5325 1678 5381 susti-

106 5427 277 5488 neret;
325 5421 455 5494 quia
509 5437 634 5477 cum
685 5418 973 5474 Trinitatis
1022 5432 1279 5489 personas
1328 5414 1673 5483 ostendisset,

105 5506 264 5565 Deum
292 5517 490 5566 cuncta
529 5510 586 5566 in
643 5508 901 5565 omnibus
929 5506 1144 5563 dixerat
1175 5512 1510 5578 operantem,
1543 5504 1678 5560 dum

107 5599 198 5656 scit
222 5609 276 5658 et
303 5599 628 5660 Trinitatem
656 5616 782 5657 vere
814 5600 1060 5673 probare,
1110 5599 1253 5655 sicut
1285 5613 1412 5655 vere
1442 5605 1496 5653 et
1524 5597 1677 5653 unio-

108 5705 249 5764 nem;
303 5709 618 5768 quanquam
668 5709 820 5748 error
867 5692 1056 5748 nullus
1101 5695 1312 5762 poterat
1345 5688 1547 5757 videri,
1581 5687 1677 5744 ubi

110 5778 241 5840 idem
263 5801 404 5858 saepe
420 5782 532 5856 jam
555 5784 795 5841 dixerat:
829 5785 992 5841 solito
1013 5793 1196 5842 tamen
1227 5798 1325 5838 suo
1357 5797 1508 5836 more
1537 5779 1679 5852 Apo-

417 5884 656 5940 ΡΑτιπιοι..
698 5883 873 5939 XVII.

1702 1914 1749 1974 B

1771 612 1973 681 dicam,
2015 613 2253 685 Spiritus
2297 612 2473 668 sancti
2516 612 2929 683 gubernatione,
2963 628 3122 684 quem
3173 629 3229 668 se
3267 629 3364 668 re-

1774 703 2073 758 velatorem
2118 710 2172 758 et
2217 702 2498 758 doctorem
2541 700 2740 756 habere
2768 718 2907 772 saepe
2947 702 3249 772 proﬁtetur,
3283 702 3367 756 si-

1773 799 1865 847 cut
1908 790 2100 846 dixit:
2145 816 2163 839 ι
2200 791 2304 847 Sed
2356 791 2504 848 docti
2554 790 2783 863 Spiritu,
2834 790 3173 860 spiritalibus
3225 795 3367 854 607

1774 885 2042 957 spiritalia
2074 890 2456 958 comparantes
2506 886 2563 957 (Ι
2597 887 2722 942 Cor.
2757 903 2816 953 ΙΙ,
2850 885 2975 954 13);
3023 910 3041 934 ι
3084 893 3136 939 et
3174 886 3284 941 alio
3313 887 3370 942 in

1778 976 1899 1031 loco
1934 994 1945 1031 :
1993 999 2011 1022 ι
2042 975 2212 1032 Nobis
2248 983 2428 1032 autem
2477 974 2744 1032 revelavit
2786 976 2930 1030 Deus
2979 992 3074 1046 per
3106 975 3369 1047 Spiritum

1776 1073 2025 1120 sanctum
2105 1065 2266 1135 (Ibid.
2336 1065 2448 1135 10),
2518 1089 2536 1112 ι
2607 1062 2846 1119 reddidit
2907 1064 3094 1119 omnia
3154 1065 3372 1132 unioni,

1776 1154 1966 1210 dicens
1999 1172 2010 1209 :
2057 1178 2076 1201 ε
2105 1154 2219 1210 Alii
2265 1155 2410 1210 enim
2447 1154 2607 1210 datur
2635 1170 2732 1225 per
2771 1153 3035 1224 Spiritum
3069 1171 3247 1210 sermo
3279 1172 3374 1211 sa-

1777 1242 2019 1315 pientia,
2079 1243 2175 1298 alii
2231 1260 2410 1299 sermo
2465 1242 2708 1300 scientiae
2763 1242 3062 1298 secundum
3120 1244 3372 1300 eumdem

1778 1333 2066 1404 Spiritum,
2113 1333 2207 1389 alii
2255 1333 2392 1390 ﬁdes
2440 1334 2496 1389 in
2543 1334 2735 1389 eodem
2784 1333 3012 1405 Spiritu,
3057 1334 3152 1389 alii
3203 1335 3375 1406 gratia

1781 1423 2132 1480 curationum
2160 1425 2219 1478 in
2247 1441 2359 1479 uno
2389 1424 2619 1496 Spiritu,
2653 1450 2670 1472 ι
2715 1432 2819 1480 etc.
2847 1425 2904 1493 (Ι
2935 1425 3057 1481 Cor.
3091 1441 3192 1488 xu,
3214 1424 3266 1492 8,
3291 1425 3372 1495 9).

1779 1514 1850 1568 Et
1882 1512 1942 1567 in
1971 1512 2274 1568 novissima
2301 1521 2452 1585 parte
2479 1513 2816 1570 concludens
2850 1514 2927 1569 ait
2957 1531 2968 1568 :
3015 1513 3262 1593 {Omnia
3286 1530 3376 1568 au-

1784 1609 1888 1658 tem
1929 1601 2046 1658 haec
2085 1610 2344 1674 operatur
2389 1619 2533 1658 unus
2561 1610 2723 1675 atque
2753 1602 2898 1658 idem
2943 1603 3180 1675 Spiritus
3213 1603 3372 1673 (Ibid.

1782 1690 1961 1761 11);»
2007 1690 2101 1762 qui
2151 1707 2314 1762 supra
2361 1691 2572 1748 scilicet
2623 1693 2786 1747 Deus.
2837 1693 2982 1763 Ergo
3027 1691 3155 1764 quia
3193 1692 3379 1747 omnia

1779 1786 2037 1851 operatur
2064 1781 2210 1835 Deus
2250 1787 2411 1851 atque
2455 1780 2600 1836 idem
2646 1781 2904 1853 Spiritus,
2936 1782 3152 1836 Patrem
3190 1787 3242 1834 et
3276 1780 3377 1835 Fi—

1779 1868 1916 1924 lium
1966 1876 2018 1923 et
2055 1867 2322 1940 Spiritum
2356 1878 2625 1939 sanctum,
2660 1871 2716 1926 in
2767 1886 3001 1944 quorum
3035 1869 3256 1925 nomine
3285 1885 3379 1942 per

1782 1957 2210 2028 regenerationis
2265 1958 2536 2030 baptisma
2585 1975 2914 2028 recreemur,
2962 1975 3135 2014 unum
3179 1960 3374 2026 Deum,

1784 2047 1930 2118 quod
1978 2055 2060 2102 est
2107 2064 2307 2104 nomen
2347 2065 2541 2117 unum,
2575 2050 2818 2119 accipere
2862 2049 3124 2105 debemus
3161 2056 3215 2104 et
3251 2063 3380 2102 cre-

1785 2138 1948 2204 dere;
2009 2141 2137 2213 quia
2184 2157 2296 2196 uno
2351 2150 2513 2216 atque
2569 2143 2760 2198 eodem
2823 2141 3008 2209 modo,
3077 2140 3381 2214 iisdemque

1784 2229 2106 2299 virtutibus,
2139 2248 2238 2287 nec
2271 2249 2382 2288 non
2413 2242 2467 2288 et
2496 2233 3027 2306 prophetationibus,
3061 2232 3264 2305 quibus
3289 2234 3382 2288 Pa-

1784 2326 1922 2375 trem
1974 2321 2147 2376 Deum
2197 2322 2483 2392 discimus,
2518 2323 2583 2379 de
2621 2323 2832 2396 Spiritu
2861 2338 3078 2396 quoque
3109 2330 3298 2380 sancto
3329 2333 3382 2379 et.

1783 2407 1851 2465 de
1880 2409 2022 2465 Filio
2053 2410 2368 2470 edocemur.

1856 2506 1960 2561 Sed
1989 2508 2129 2566 forte
2159 2511 2281 2582 quis
2313 2510 2459 2566 dicat
2494 2529 2505 2566 :
2539 2510 2738 2566 Omnia
2761 2511 2926 2579 dixit,
2961 2527 3080 2584 quae
3112 2510 3179 2567 ad
3216 2510 3380 2567 ordi—

1784 2597 2064 2653 nationem
2113 2600 2373 2656 Ecclesiae
2422 2601 2703 2672 pertinent
2738 2619 2750 2656 :
2784 2617 2894 2656 non
2941 2610 3122 2656 autem
3173 2601 3378 2669 omnia,

1785 2706 1904 2762 quae
1935 2694 2080 2747 Deus
2119 2703 2397 2763 Operatur,
2429 2703 2482 2748 et
2517 2693 2788 2749 Dominus
2830 2699 3085 2764 operatur
3113 2701 3166 2748 et
3197 2693 3380 2765 Spiri—

1783 2785 1891 2836 tus.
1951 2781 2096 2852 Ergo
2147 2781 2213 2836 de
2261 2782 2517 2837 omnibus
2575 2783 2662 2837 vel
2719 2798 2888 2853 pauca
2930 2781 3180 2852 ponenda
3228 2791 3376 2850 sunt,

1785 2870 1986 2940 quibus
2028 2871 2288 2941 probetur
2317 2873 2581 2943 Spiritum
2612 2883 2861 2929 sanctum
2895 2873 3153 2928 omnibus
3191 2874 3382 2928 omni-

1786 2975 1858 3014 no
1889 2959 2096 3015 divinis
2129 2962 2385 3032 operibus
2411 2962 2616 3031 adesse,
2641 2971 2694 3018 et
2726 2963 2902 3034 ipsum
2927 2963 3112 3018 omnia
3136 2963 3379 3034 implere.

1787 3051 2000 3120 Moyses
2052 3050 2260 3121 Spiritu
2307 3059 2494 3108 sancto
2540 3052 2818 3124 impletur,
2870 3060 2925 3108 et
2975 3069 3070 3124 per
3117 3052 3382 3124 Spiritum

1787 3137 2088 3208 prophetiae
2138 3140 2483 3210 prmscientia
2521 3139 2769 3210 docetur,
2797 3148 2850 3195 et
2898 3140 3085 3197 futura
3115 3143 3380 3214 praedicit.

1793 3224 1938 3292 Quid
1967 3232 2245 3298 prophetae
2286 3245 2476 3284 omnes
2502 3229 2758 3302 deinceps
2779 3230 2806 3285 ?
2836 3231 2978 3285 Num
3009 3230 3220 3301 Spiritu
3251 3247 3386 3286 san—

1793 3322 1880 3370 cto
1917 3316 2063 3386 pleni
2111 3317 2596 3388 prophetaverunt,
2629 3327 2684 3374 et
2723 3319 2903 3390 plagas
2948 3319 3151 3390 populo
3189 3319 3385 3375 immi—

1788 3411 1979 3460 nentes
2006 3406 2498 3476 annuntiaverunt,
2523 3414 2576 3462 et
2607 3406 2905 3463 adventum
2935 3407 3158 3462 Domini
3185 3416 3238 3463 et
3267 3425 3383 3480 pas-

1788 3493 1996 3549 sionem
2045 3495 2502 3567 prwdicaverunt,
2564 3496 2827 3568 probante
2883 3496 3121 3552 Domino
3177 3505 3230 3551 et
3288 3496 3385 3552 di-

1787 3593 1942 3641 cente
1984 3601 2079 3655 per
2129 3602 2189 3641 os
2234 3586 2509 3642 Zachariae
2561 3586 2884 3658 prophetae:
2937 3611 2955 3634 ι
2989 3586 3383 3643 Verumtamen

1788 3672 1953 3727 verba
1982 3689 2101 3728 mea
2129 3681 2182 3728 et
2211 3674 2456 3745 legitima
2482 3691 2602 3731 mea
2629 3675 2878 3746 accipite,
2903 3691 3022 3747 quae
3054 3691 3152 3747 ego
3182 3674 3382 3730 mando

1788 3760 1845 3814 in
1878 3760 2088 3832 Spiritu
2109 3778 2232 3818 meo
2262 3762 2434 3818 servis
2463 3762 2598 3819 meis
2628 3763 2911 3836 prophetis
2934 3763 3120 3835 (Zach.
3153 3781 3191 3830 ι,
3225 3762 3280 3834 6)
3305 3781 3318 3830 ;
3352 3787 3369 3808 ι

1786 3866 1849 3907 ac
1901 3867 1995 3922 per
2039 3850 2145 3908 hoc
2187 3853 2538 3909 manifestum
2581 3861 2664 3910 est
2719 3869 2912 3910 omnes
2969 3851 3265 3924 prophetas
3325 3851 3383 3905 in

1786 3943 1994 4017 Spiritu
2023 3954 2213 4002 sancto
2243 3946 2614 4018 prophetasse.

1855 4050 2050 4128 Legem
2081 4067 2297 4124 quoque
2347 4051 2520 4124 ipsam
2560 4066 2656 4123 per
2688 4049 2954 4123 Spiritum
2985 4057 3237 4108 sanctum
3272 4049 3379 4106 da-

1785 4145 1896 4195 tam
1939 4140 2248 4210 accepimus
2293 4149 2347 4196 et
2396 4142 2695 4212 scriptam;
2747 4140 2884 4196 dicit
2929 4141 3078 4195 enim
3118 4141 3374 4213 Moyses:

1802 4251 1820 4278 ‹
1847 4229 1919 4283 Ει
1960 4227 2112 4284 dedit
2154 4229 2423 4284 Dominus
2468 4229 2604 4285 duas
2660 4228 2874 4284 tabulas
2923 4230 3164 4301 lapideas
3212 4229 3385 4302 digito

1785 4316 1885 4372 Dei
1915 4317 2144 4388 scriptas
2178 4317 2382 4388 (Emod.
2406 4314 2568 4386 xxxi,
2596 4319 2708 4389 18).
2741 4343 2763 4368 ο
2807 4317 3055 4390 Digitum
3083 4325 3264 4374 autem
3290 4320 3383 4374 Dei

1787 4405 2052 4478 Spiritum
2077 4413 2325 4462 sanctum
2355 4405 2466 4461 dici
2499 4405 2804 4477 Evangelia
2833 4406 3224 4472 manifestam;
3258 4423 3383 4462 cum

1786 4495 1932 4550 enim
1962 4495 2232 4551 Dominus
2278 4495 2582 4551 daemonem
2638 4494 2902 4566 ejecisset,
2944 4504 2998 4550 et
3035 4502 3385 4550 accusaretur

1785 4600 1817 4638 a
1863 4582 2067 4639 Judaais
2103 4583 2250 4656 quod
2280 4585 2338 4638 in
2368 4584 2670 4640 Beelzebub
2706 4584 2953 4656 principe
2983 4582 3381 4638 daemoniorum

1785 4674 2058 4730 daemonia
2086 4674 2402 4744 expelleret,
2446 4672 2746 4728 secundum
2798 4672 2999 4727 Lucam
3046 4671 3266 4743 quidem
3303 4687 3383 4727 re-

1785 4763 2067 4835 spondisse
2099 4761 2416 4833 perhibetur
2449 4777 2460 4814 :
2513 4785 2532 4808 ι
2560 4759 2716 4826 Quod
2760 4762 2805 4815 si
2845 4777 2944 4831 ego
2984 4760 3041 4814 in
3079 4760 3252 4830 digito
3283 4760 3381 4815 Dei

1785 4853 2001 4924 expello
2040 4852 2310 4908 daemonia
2355 4851 2505 4922 (Luc.
2537 4867 2618 4918 x1,
2657 4850 2788 4921 20);
2837 4875 2855 4898 ι
2901 4849 3204 4905 secundum
3234 4851 3384 4904 Mat.—

1784 4944 1989 4999 thaaum
2020 4960 2150 4998 vero
2184 4961 2194 4997 :
2246 4965 2264 4988 ι
2292 4942 2344 4996 Si
2386 4948 2568 4995 autem
2607 4957 2706 5012 ego
2742 4941 2798 4994 in
2846 4940 3054 5012 Spiritu
3083 4941 3179 4995 Dei
3220 4939 3382 5011 ejicio

1786 5043 2060 5098 daemones
2096 5039 2308 5109 (Ma/th.
2342 5055 2444 5104 χιι,
2489 5038 2621 5106 28);
2655 5062 2672 5084 ι
2718 5035 2864 5092 unde
2906 5035 3259 5092 manifestum
3304 5044 3383 5090 est

1786 5131 2050 5203 Spiritum
2082 5128 2317 5198 digitum
2352 5127 2449 5182 Dei
2493 5127 2624 5182 dici.
2658 5125 2796 5183 Cum
2840 5142 2968 5197 ergo
3012 5133 3222 5181 constet
3250 5124 3383 5196 Spi—

1786 5220 1952 5274 ritum
1985 5223 2237 5273 sanctum
2288 5216 2521 5286 digitum
2574 5215 2673 5271 Dei
2721 5214 2853 5284 dici,
2907 5215 3254 5270 manifestum
3304 5224 3384 5270 est

1787 5310 1916 5383 quia
1943 5309 2158 5364 tabulas
2191 5306 2430 5377 lapideas
2460 5305 2698 5377 Spiritus
2727 5314 2948 5362 sanctus
2979 5306 3218 5377 scripsit,
3251 5321 3385 5378 quas

1787 5403 2000 5472 Moyses
2049 5399 2223 5470 digito
2267 5398 2365 5454 Dei
2415 5397 2644 5470 scriptas
2701 5398 2911 5469 accepit
2969 5414 2981 5452 :
3039 5405 3092 5452 et
3147 5395 3385 5468 Spiritus

1788 5498 2009 5547 sanctus
2064 5489 2240 5555 dedit,
2274 5487 2404 5560 quia
2447 5487 2654 5559 digitus
2708 5486 2806 5543 Dei
2856 5503 2964 5541 non
3017 5485 3167 5542 aliud
3219 5502 3382 5559 quam

1787 5581 1933 5637 Deus
1961 5587 2074 5647 est;
2107 5577 2367 5651 quoniam
2409 5577 2468 5632 in
2499 5577 2758 5633 omnibus
2787 5582 3060 5649 operatur.

1859 5686 2106 5744 Virtutes
2164 5703 2380 5760 quoque
2435 5685 2600 5758 ipsas,
2649 5701 2782 5758 quas
2830 5683 3022 5740 divina
3052 5683 3298 5755 potentia.
3329 5683 3386 5739 in

1789 5779 2033 5852 [Egypto
2063 5777 2120 5834 in
2150 5777 2456 5834 doctrinam
2490 5784 2543 5831 et
2579 5775 2633 5830 in
2664 5774 3103 5846 experimentum
3133 5773 3219 5829 sui
3249 5787 3388 5844 pec-

2996 5873 3065 5929 35
