3964 6372
567 379 706 439 1099

1573 374 1670 430 AD
1707 372 1944 432 OPERA
1979 373 2036 430 S.
2079 371 2409 430 AMBROSII
2439 369 2816 428 APPENDIX.

3725 363 3873 423 1100

561 501 839 563 catoribus
884 505 1105 574 operata
1143 504 1248 567 est,
1293 513 1428 554 num
1459 495 1810 554 manifestum
1857 504 1939 553 est
1964 495 2023 552 in
2051 495 2148 552 di-
2175 498 2224 556 A
2253 494 2398 563 Quid
2426 510 2554 567 ergo
2581 493 2802 561 clarius,
2843 489 2978 568 quid
3008 487 3265 546 lucidius
3293 487 3362 545 ad
3391 487 3869 548 manifestandam

562 592 676 665 gito
720 589 820 648 Dei
869 605 983 646 esse
1027 586 1316 660 perfectas,
1365 584 1631 658 probante
1660 585 1919 654 Domino,
1966 585 2061 658 qui
2099 600 2156 640 se

561 681 620 738 in
648 679 825 753 digito
852 677 976 746 Dei,
1009 675 1066 732 id
1110 685 1212 745 est,
1247 675 1305 732 in
1349 675 1561 748 Spiritu
1596 682 1785 731 sancto
1815 673 2011 745 ejicere
2051 673 2156 730 dae-

561 768 751 826 monia
792 766 1116 840 proﬁtetur;
1169 765 1297 838 quia
1346 764 1492 820 idem
1539 764 1654 836 ipse
1699 763 1756 818 in
1800 763 2061 835 Egypto,
2101 770 2157 819 et

561 856 802 930 Spiritus
855 862 1075 912 sanctus
1130 853 1319 910 eadem
1381 851 1790 910 consummavit
1854 860 1908 908 et
1971 853 2152 924 gessit.

562 944 721 1013 Quod
768 944 988 1016 quidem
1032 942 1282 998 sensibus
1328 942 1530 997 nostris
1571 941 1834 996 intimans
1862 942 2148 998 Dominus,

565 1035 622 1091 in
641 1033 816 1106 digito
843 1033 941 1089 Dei
961 1047 1016 1088 se
1037 1029 1326 1104 proﬁtetur
1345 1031 1618 1101 expellere
1641 1030 1930 1097 daemonia,
1955 1029 2157 1086 docens

564 1122 774 1180 scilicet
805 1136 969 1192 opera
1001 1136 1098 1176 sua
1150 1136 1313 1192 opera
1354 1134 1468 1175 esse
1507 1119 1683 1174 sancti
1722 1118 1996 1190 Spiritus;
2029 1135 2154 1173 cum

563 1228 728 1285 opera
772 1211 945 1268 sancti
987 1209 1224 1282 Spiritus
1263 1225 1426 1280 opera
1452 1208 1656 1265 Christi
1679 1207 1790 1263 sint
1822 1226 1835 1274 ;
1874 1223 2037 1278 opera
2063 1223 2155 1261 au-

563 1307 672 1356 tem
721 1299 926 1358 Christi
969 1315 1134 1371 opera
1181 1297 1356 1354 Patris
1395 1304 1542 1365 sunt,
1573 1296 1717 1351 sicut
1765 1295 1821 1350 in
1854 1285 2154 1366 Evangelio

562 1389 865 1448 secundum
897 1389 1160 1444 Joannem
1191 1387 1440 1460 legimus,
1476 1387 1592 1456 ipso
1621 1383 1860 1440 Domino
1888 1383 2104 1440 dicente
2138 1402 2150 1440 :

576 1502 597 1527 ε
623 1479 823 1547 Amen,
855 1493 1014 1534 amen
1041 1477 1167 1533 dico
1203 1475 1378 1543 vobis,
1412 1491 1522 1530 non
1557 1481 1730 1545 potest
1769 1473 1942 1529 Filius
1979 1473 2156 1529 facere

563 1585 596 1626 a
623 1584 680 1626 se
699 1567 1020 1640 quidquam,
1049 1563 1157 1620 nisi
1188 1563 1335 1636 quod
1358 1561 1562 1618 viderit
1581 1563 1794 1617 Patrem
1821 1561 2148 1629 facientem;

563 1635 902 1732 quacunque
932 1635 1128 1709 9autem
1177 1651 1273 1706 ille
1319 1650 1472 1718 facit,
1504 1649 1693 1704 eadem
1725 1656 1778 1704 et
1807 1648 1982 1704 Filius
2025 1649 2156 1706 facit

561 1744 818 1802 similiter
866 1743 1047 1816 (Joan.
1093 1757 1150 1808 v,
1203 1739 1333 1811 I9);
1368 1763 1387 1788 ι
1429 1746 1484 1794 et
1517 1756 1528 1795 :
1577 1763 1595 1784 ι
1629 1737 1783 1794 Sicut
1810 1739 1969 1794 Pater
1998 1756 2154 1795 mor-

2263 587 2611 644 divinitatem
2676 593 2730 642 et
2783 582 3166 640 auctoritatem
3224 579 3462 654 Spiritus
3517 583 3700 640 sancti
3752 581 3872 640 dici

2264 685 2442 749 potest
2483 695 2495 734 :
2540 701 2558 724 ε
2585 676 2868 749 Segregate
2901 673 3037 729 mihi
3064 673 3094 730 ?
3126 697 3144 722 ι
3187 673 3310 730 Non
3339 673 3490 729 enim
3527 673 3678 730 dixit
3713 691 3727 730 :
3774 673 3872 730 Se-

2265 773 2477 838 gregate
2505 767 2638 832 Deo,
2685 763 2778 821 sed
2814 763 2982 831 mihi;
3035 779 3210 837 neque
3261 763 3320 818 in
3369 779 3527 836 opus,
3584 763 3655 820 ad
3714 763 3875 838 quod

2264 853 2583 910 vocavimus
2621 869 2732 921 eos,
2783 853 2876 908 sed
2919 853 2978 908 in
3025 869 3164 924 opus
3189 851 3258 909 ad
3288 852 3432 927 quod
3466 854 3684 910 vocavi.
3719 853 3875 910 Satis

2264 943 2453 1014 utique
2484 942 2734 1014 probavit
2769 941 2928 998 nobis
2972 941 3358 998 auctoritatem
3409 950 3463 998 et
3499 943 3873 1000 divinitatem

2262 1047 2436 1100 suam,
2460 1032 2554 1104 qui
2584 1031 3010 1104 segregatiouem
3039 1031 3412 1103 apostolorum
3444 1049 3558 1087 non
3577 1031 3673 1088 alii
3696 1049 3870 1107 quam

2262 1121 2367 1178 sibi
2398 1121 2650 1192 ascripsit
2682 1138 2694 1176 :
2744 1137 2881 1194 quos
2930 1128 2984 1176 et
3032 1120 3093 1175 in
3137 1137 3274 1192 opus
3312 1137 3424 1177 non
3464 1121 3734 1191 alienum,
3771 1121 3878 1178 sed

2262 1228 2420 1266 suum
2443 1211 2736 1267 advocasse
2766 1227 2820 1266 se
2850 1209 2996 1266 dixit
3021 1227 3034 1277 ;
3069 1209 3216 1282 quod
3249 1211 3437 1283 utique
3463 1211 3680 1268 alienus
3703 1213 3876 1268 aDeo

2261 1308 2316 1356 et
2341 1301 2578 1356 Domino
2598 1308 2652 1356 et
2677 1301 2744 1358 ab
2775 1300 3108 1357 auctoritate
3139 1298 3332 1355 divina
3359 1299 3536 1356 facere
3573 1317 3875 1374 nunquam

2262 1391 2551 1462 potuisset.

2332 1483 2510 1552 Atque
2541 1487 2603 1536 ut
2628 1480 2832 1538 clarius
2869 1479 3048 1536 luceat
3091 1477 3378 1536 Trinitatis
3429 1488 3630 1536 sancta:
3659 1487 3878 1536 aucto—

2261 1569 2394 1624 ritas
2425 1586 2533 1624 una
2577 1576 2631 1626 et
2687 1569 2959 1625 divinitas
3014 1567 3337 1638 excolenda,
3384 1567 3536 1625 Isaiae
3577 1569 3875 1642 propheta:

2261 1657 2422 1713 nobis
2475 1657 2899 1730 contemplanda
2957 1656 3309 1730 prophetatio
3365 1664 3484 1724 est,
3545 1672 3713 1729 quam
3769 1674 3879 1729 per

2260 1749 2536 1821 apostolos
2579 1749 2694 1821 ipse
2723 1747 2960 1820 Spiritus
2989 1755 3210 1804 sanctus
3255 1745 3417 1802 nobis
3467 1745 3876 1818 interpretatus

560 1844 685 1893 tuos
731 1831 979 1900 suscitat,
1030 1839 1084 1888 et
1125 1829 1302 1886 Filius
1347 1844 1483 1901 quos
1525 1828 1668 1893 vult,
1708 1827 1956 1884 viviﬁcat
1989 1829 2150 1901 (Ibid.
2179 1853 2226 1912 B
2260 1847 2362 1907 est,
2396 1855 2558 1912 quam
2591 1839 2667 1896 ita
2697 1839 2958 1912 legimus:
2995 1862 3014 1886 ς
3043 1837 3115 1895 Et,
3159 1837 3349 1894 audivi
3404 1851 3595 1893 vocem
3623 1836 3868 1892 Domini

561 1925 678 1998 21).
710 1949 729 1974 ι
768 1925 914 1996 Ergo
959 1923 1066 1978 hoc
1112 1919 1282 1994 gradu
1328 1927 1382 1976 et
1425 1917 1528 1975 hac
1565 1918 1777 1974 ratione
1807 1919 2153 1990 agnoscimus

561 2031 725 2088 opera
747 2013 922 2070 sancti
955 2011 1192 2086 Spiritus
1231 2025 1346 2067 esse
1376 2025 1539 2080 opera
1576 2016 1835 2081 paterna;
1879 2009 2006 2081 quia
2035 2027 2154 2082 qua:

561 2105 722 2161 Pater
751 2108 1029 2176 operatur,
1055 2099 1245 2156 eadem
1273 2107 1328 2154 et
1359 2098 1536 2155 Filius
1564 2105 1819 2169 operatur
1847 2097 2104 2153 similiter
2137 2117 2148 2155 :

563 2209 684 2267 quae
711 2199 894 2248 autem
923 2189 1098 2246 Filius
1143 2195 1418 2261 operatur,
1451 2186 1638 2244 eadem
1678 2194 1732 2242 et
1770 2195 1988 2242 sanctus
2037 2186 2152 2258 Spi-

562 2283 704 2339 ritus
750 2287 1025 2354 operatur.
1057 2279 1138 2335 Ac
1178 2277 1258 2336 sic
1293 2292 1504 2348 semper
1551 2276 1792 2331 Trinitas
1834 2291 1978 2332 unus
2008 2277 2152 2332 Deus

562 2381 616 2430 et
643 2388 787 2428 unus
817 2369 1054 2444 Spiritus
1080 2385 1176 2442 per
1203 2384 1278 2436 se,
1310 2365 1403 2422 sed
1432 2381 1502 2422 ex
1531 2381 1644 2420 sese
1677 2365 1864 2421 eadem
1889 2375 1942 2422 et
1966 2368 2152 2424 omnia

563 2462 621 2518 in
649 2459 908 2516 omnibus
951 2465 1223 2531 operatur.
1256 2455 1429 2523 Quem
1460 2453 1682 2528 quidem
1730 2461 1979 2510 sanctum
2019 2456 2152 2528 Spi—

562 2549 731 2606 ritum
777 2547 906 2620 quia
954 2545 1012 2601 in
1060 2543 1362 2600 virtutibus
1407 2542 1522 2599 suis
1565 2551 1618 2598 et
1673 2542 1917 2613 potentia
1959 2543 2153 2598 divina

561 2651 850 2709 agnoscere
891 2634 1143 2707 ZEgyptii
1173 2633 1490 2700 noluerunt,
1524 2631 1696 2702 plagis
1725 2631 1995 2703 compulsi
2023 2641 2153 2689 sunt

561 2725 831 2796 conﬁteri,
881 2727 940 2781 in
990 2741 1123 2797 quas
1171 2740 1240 2780 ne
1286 2739 1436 2778 nunc
1480 2721 1766 2777 audientes
1817 2721 2086 2790 incidant,
2121 2739 2152 2778 a

559 2815 795 2874 Domino
847 2813 1230 2881 admonentur,
1291 2819 1353 2868 ut
1407 2826 1529 2866 sero
1578 2809 1846 2882 incipiant
1899 2809 2083 2866 dicere
2133 2828 2146 2866 :

575 2905 834 2979 cDigitus
877 2904 978 2962 Dei
1033 2911 1116 2960 est
1161 2901 1365 2975 (Exod.
1415 2919 1540 2968 vm,
1585 2901 1713 2970 l9);
1758 2925 1776 2949 ι
1835 2916 1898 2956 ac
1926 2916 2022 2972 per
2045 2901 2152 2958 hoc

559 2996 906 3052 manifestum
931 3001 1032 3062 est,
1065 2993 1193 3066 quia
1221 3007 1367 3048 unus
1395 2999 1558 3062 atque
1581 2989 1726 3044 idem
1756 2988 1992 3061 Spiritus
2019 3006 2150 3046 om-

559 3085 652 3142 nia
681 3085 738 3140 in
771 3081 1030 3140 omnibus
1057 3087 1313 3152 operatur
1341 3079 1400 3150 (Ι
1428 3077 1554 3132 Cor.
1589 3093 1689 3144 x11,
1719 3077 1800 3148 8).

2262 1927 2538 1984 dicentis:
2576 1927 2747 1996 Quem
2793 1929 3028 1990 mittam,
3070 1935 3124 1983 et
3174 1927 3299 2000 quis
3347 1925 3450 1981 ibit
3491 1924 3561 1981 ad
3591 1927 3872 1998 populum

2263 2016 2428 2074 istum
2451 2018 2480 2074 ’ἵ
2507 2019 2580 2074 Ει
2609 2017 2764 2074 dixi:
2790 2019 2929 2091 Ego,
2961 2034 3058 2090 ego
3080 2035 3222 2085 sum,
3257 2015 3415 2073 mitte
3448 2031 3553 2070 me.
3587 2015 3660 2070 Et
3690 2014 3870 2071 dixit:

2262 2107 2434 2175 Vade,
2466 2116 2520 2164 et
2577 2108 2668 2166 dic
2725 2109 2929 2181 populo
2979 2107 3112 2164 huic
3146 2127 3158 2164 :
3191 2108 3339 2163 Aure
3372 2105 3632 2176 audietis,
3662 2115 3720 2162 et
3751 2123 3875 2163 non

2263 2194 2624 2270 intelligetis:
2673 2205 2726 2252 et
2773 2195 3024 2252 videntes
3070 2195 3356 2264 videbitis,
3385 2202 3440 2251 et
3467 2210 3582 2250 non
3629 2195 3875 2266 aspicie-

2264 2284 2352 2353 tis,
2383 2310 2401 2333 ι
2453 2293 2555 2342 etc.
2605 2285 2740 2357 (Isa.
2771 2303 2850 2355 v1,
2880 2285 3076 2356 8-10).
3123 2287 3197 2341 Et
3242 2286 3434 2358 utique
3478 2282 3645 2338 modo
3670 2282 3877 2340 dicens

2261 2390 2423 2446 supra
2467 2375 2526 2430 in
2555 2375 2744 2430 eadem
2775 2375 3011 2443 visione,
3045 2375 3347 2430 Dominum
3381 2372 3621 2430 Sabaoth
3655 2373 3877 2429 vidisse

2260 2479 2317 2520 se
2347 2462 2493 2520 dixit
2519 2463 2796 2521 sedentem
2826 2465 2884 2519 in
2906 2465 3106 2521 throno
3123 2464 3312 2536 gloriae
3333 2481 3470 2530 suae,
3500 2471 3554 2519 et
3571 2463 3872 2536 Seraphim

2259 2553 2534 2610 audivisse
2592 2553 2876 2610 dicentes:
2942 2577 2962 2601 ε
3027 2553 3278 2622 Sanctus,
3334 2559 3578 2621 sanctus,
3639 2561 3878 2610 sanctus

2259 2643 2530 2700 Dominus
2556 2646 2700 2700 Deus
2727 2643 2966 2700 Sabaoth
2993 2662 3007 2712 ;
3041 2644 3202 2716 plena
3228 2650 3310 2699 est
3338 2642 3520 2699 omnis
3552 2649 3698 2698 terra
3734 2659 3878 2699 ma-

2254 2734 2449 2806 jestate
2475 2733 2593 2806 ejus
2625 2735 2790 2807 (Ibid.
2825 2735 2908 2806 3).
2939 2759 2958 2782 ι
3003 2735 3074 2790 Ει
3098 2741 3244 2790 certe
3275 2733 3551 2790 Dominus
3596 2733 3872 2803 Sabaoth,

2259 2825 2348 2882 cui
2381 2826 2498 2881 laus
2527 2825 2644 2881 haec
2663 2834 2717 2881 et
2757 2825 2930 2898 gloria
2959 2823 3228 2894 redditur,
3259 2841 3402 2880 unus
3431 2832 3594 2898 atque
3623 2824 3775 2880 idem
3805 2826 3875 2882 in

2259 2915 2542 2988 prophetis
2573 2917 2908 2986 ostenditur,
2942 2923 2996 2972 et
3039 2917 3156 2988 ipse
3203 2915 3407 2989 estqui
3449 2917 3602 2973 Isaiae
3641 2918 3876 2976 locutus

2258 3015 2339 3062 est
2369 3005 2560 3063 dicens
2595 3025 2606 3064 :
2656 3031 2675 3054 ι
2721 3005 2893 3073 Quem
2948 3005 3190 3074 mittam,
3223 3014 3276 3062 et
3304 3005 3427 3079 quis
3457 3005 3564 3063 ibit
3589 3006 3661 3062 ad
3687 3023 3875 3080 popu-

2259 3097 2373 3152 lum
2406 3096 2616 3152 istum?
2645 3120 2663 3144 ι
2704 3096 2776 3152 Et
2805 3112 2933 3154 cum
2964 3111 3107 3151 unus
3141 3104 3303 3168 atque
3335 3094 3482 3150 idem
3515 3095 3575 3150 in
3613 3097 3875 3169 prophe-

628 3203 900 3261 Nativitas
928 3215 1146 3274 quoque
1193 3197 1364 3270 ipsius
1413 3195 1636 3252 Domini
1679 3195 1806 3250 Jesu
1841 3195 2142 3250 secundum
2177 3207 2222 3269 ο
2257 3187 2328 3242 tis
2365 3185 2726 3258 signiﬁcetur,
2756 3185 2824 3274 ab
2879 3186 3141 3258 apostolis
3189 3193 3373 3241 tamen
3413 3185 3565 3242 etab
3610 3187 3874 3245 Ecclesia

555 3309 774 3353 carnem
816 3307 999 3349 nonne
1048 3305 1144 3362 per
1179 3287 1444 3358 Spiritum
1477 3292 1726 3340 sanctum
1776 3283 1922 3339 facta
1953 3285 2146 3356 praedi-

557 3391 732 3452 catur,
761 3379 1169 3452 evangelizante
1199 3375 1450 3432 Gabriele
1495 3374 1686 3446 angelo
1722 3373 1926 3442 Mariae,
1969 3381 2021 3428 et
2053 3373 2150 3429 di-

556 3480 712 3530 cente
745 3489 757 3527 :
800 3493 818 3516 ε
844 3466 1084 3540 Spiritus
1103 3474 1323 3521 sanctus
1343 3464 1690 3536 superveniet
1711 3462 1768 3518 in
1794 3471 1868 3531 te,
1891 3471 1945 3518 et
1972 3463 2150 3519 virtus

555 3557 830 3616 Altissimi
857 3553 1208 3610 obumbrabit
1238 3553 1338 3609 tibi
1369 3553 1522 3626 (Luc.
1556 3569 1594 3620 Ι,
1625 3551 1716 3621 35)
1745 3551 1774 3606 ‘I
1801 3575 1819 3598 ι
1863 3559 1918 3606 et
1947 3551 2148 3606 iterum

557 3645 756 3718 Ioseph
784 3643 1008 3716 angelus
1029 3643 1087 3698 in
1118 3641 1326 3698 somnis
1353 3649 1595 3713 apparet,
1627 3639 1814 3696 dicens
1845 3658 1857 3696 :
1903 3663 1922 3686 ε
1950 3641 2150 3713 Ioseph

558 3733 641 3790 ﬁli
687 3731 888 3800 David,
918 3747 986 3786 ne
1036 3729 1285 3786 timueris
1333 3730 1577 3800 accipere
1606 3729 1830 3786 Mariam
1863 3727 2150 3801 conjugem

560 3829 713 3878 tuam
750 3837 763 3876 :
797 3819 944 3893 quod
991 3819 1138 3876 enim
1188 3819 1245 3874 in
1276 3834 1337 3874 ea
1367 3824 1682 3890 generatum
1712 3825 1812 3884 est,
1845 3817 1912 3873 de
1941 3817 2153 3889 Spiritu

563 3919 752 3969 sancto
778 3917 860 3965 est
889 3910 1102 3980 (Matth.
1133 3925 1174 3977 ι,
1203 3907 1294 3978 20)
1320 3907 1349 3964 7
1375 3930 1395 3955 ι
1438 3913 1494 3961 et
1522 3905 1652 3962 inde
1697 3905 2042 3978 perspicuum
2071 3912 2154 3961 est

565 4001 696 4075 quia
721 3999 908 4056 omnia
935 4006 990 4055 et
1019 3999 1075 4054 in
1104 3997 1366 4054 omnibus
1394 3997 1510 4068 ipse
1550 4004 1806 4068 operatur
1835 4002 1887 4050 et
1914 3994 2148 4066 perﬁcit.

636 4089 742 4146 Sed
768 4088 925 4145 aiunt
955 4087 1177 4162 quidam
1211 4105 1224 4142 :
1258 4087 1458 4142 Omnia
1495 4085 1718 4157 quidem
1749 4083 1941 4140 divina
1967 4099 2152 4155 opera-

565 4188 678 4248 tur,
722 4187 778 4234 et
830 4177 898 4232 de
954 4175 1211 4248 cperibus
1262 4177 1408 4230 Deus
1470 4173 1803 4246 intelligitur
1860 4191 1873 4230 :
1929 4173 2025 4229 sed
2071 4173 2152 4228 ni-

567 4266 650 4322 hil
730 4272 914 4321 tamen
973 4279 1073 4320 sua
1153 4263 1475 4324 auctoritate
1565 4261 1826 4334 probatur
1899 4261 2150 4333 operari;

567 4355 699 4430 quia
747 4355 934 4411 omnia
980 4366 1076 4426 per
1119 4370 1244 4410 eum
1282 4355 1428 4410 Deus
1471 4363 1726 4425 operatur
1765 4361 1820 4408 et
1860 4353 2150 4410 Dominus.

567 4445 684 4501 Jam
731 4443 950 4518 quidem
995 4443 1063 4498 de
1105 4442 1428 4498 auctoritate
1456 4441 1574 4513 ejus
1601 4442 1732 4497 satis
1761 4449 1994 4511 constat,
2028 4457 2153 4498 cum

2258 3274 2498 3330 Trinitas
2541 3273 2893 3346 intelligitur.
2927 3274 3082 3330 Unde
3131 3275 3296 3330 etiam
3347 3280 3582 3330 tractum
3633 3281 3716 3330 est
3765 3291 3874 3348 per

2259 3379 2448 3419 omnes
2488 3364 2599 3419 fere
2648 3364 2942 3420 orientales
2976 3365 3273 3432 Ecclesiae,
3307 3373 3361 3420 et
3389 3363 3688 3420 nonnullas
3717 3365 3873 3422 occi-

2258 3453 2524 3520 dentales,
2558 3460 2618 3508 ut
2648 3453 2705 3508 in
2737 3453 3110 3510 oblationibus
3140 3453 3562 3522 sacrificiorum,
3593 3470 3714 3526 quae
3749 3455 3873 3510 Deo

2263 3543 2410 3600 Patri
2441 3544 2769 3613 offeruntur,
2803 3560 2914 3600 una
2961 3559 3088 3598 cum
3135 3541 3414 3599 sacerdote
3456 3557 3590 3598 voce
3624 3543 3875 3615 populus

2260 3639 2469 3702 utatur,
2503 3632 2560 3689 id
2598 3641 2699 3702 est,
2747 3660 2765 3683 ι
2793 3634 3043 3704 Sanctus,
3068 3643 3309 3704 sanctus,
3341 3643 3563 3692 sanctus
3587 3635 3874 3692 Dominus

2261 3721 2407 3778 Deus
2455 3723 2740 3780 Sabaoth:
2797 3725 2959 3797 plena
3001 3732 3084 3780 est
3139 3725 3324 3780 omnis
3378 3731 3524 3780 terra
3580 3721 3874 3796 majestate

2259 3808 2396 3880 ejus.
2426 3836 2445 3860 ι
2488 3813 2634 3885 Ergo
2663 3814 2966 3870 secundum
3003 3813 3325 3886 prophetam
3373 3820 3589 3870 constat
3635 3811 3746 3871 hoc
3797 3813 3873 3870 ad

2261 3914 2548 3971 personam
2576 3903 2675 3958 Dei
2705 3903 2882 3958 Patris
2908 3903 3102 3958 referri
3132 3912 3405 3974 oportere.

2331 3991 2566 4049 Joannes
2601 4002 2782 4048 autem
2818 3994 3154 4065 evangelista
3185 3995 3450 4050 informat
3481 4011 3603 4065 nos,
3627 4003 3685 4052 et
3705 3994 3874 4056 docet

2261 4080 2329 4136 de
2373 4082 2518 4137 Filio
2573 4081 2810 4153 intelligi
2846 4083 3081 4149 debere;
3137 4099 3266 4138 nam
3309 4100 3437 4140 cum
3481 4087 3872 4158 supradictum

2261 4174 2636 4230 testimonium
2677 4173 2980 4246 Evangelio
3027 4173 3422 4247 inscripsisset,
3486 4183 3542 4232 et
3599 4178 3872 4252 interpre-

2261 4270 2406 4318 tatus
2459 4272 2618 4332 esset,
2672 4272 2858 4336 postea
2909 4262 3248 4335 subjunxit:
3305 4266 3436 4322 Haec
3486 4267 3634 4323 dixit
3673 4268 3870 4338 Isaias,

2263 4352 2480 4425 quando
2511 4351 2654 4408 vidit
2684 4352 2914 4424 gloriam
2962 4351 3100 4424 ejus,
3150 4361 3204 4409 et
3244 4354 3460 4411 locutus
3489 4361 3572 4410 est
3597 4355 3665 4412 de
3692 4373 3780 4425 eo,
3811 4356 3874 4414 id

2263 4450 2365 4510 est,
2395 4441 2634 4499 Domino
2662 4440 2904 4499 Christo.
2936 4442 3138 4498 Paulus
3182 4450 3365 4498 autem
3415 4444 3698 4516 apostolus
3744 4445 3874 4502 Ro-

567 4535 712 4590 Deus
753 4533 1034 4605 probatur,
1066 4533 1212 4588 Deus
1257 4531 1589 4603 agnoscitur,
1622 4547 1747 4587 cum
1778 4529 2156 4602 inseparabilis
2187 4569 2232 4627 Β
2268 4551 2367 4589 ωδε
2395 4533 2599 4590 Iudaeis
2625 4533 3128 4589 contradicentibus
3161 4534 3426 4590 doctrinae
3452 4550 3586 4602 suae,
3640 4543 3695 4591 et
3735 4535 3875 4592 bla-

568 4640 600 4679 a
627 4624 741 4679 Deo
781 4621 1086 4690 invenitur,
1121 4637 1248 4678 cum
1275 4620 1538 4676 unionem
1569 4619 1769 4674 habere
1797 4635 1925 4675 cum
1963 4622 2076 4675 Deo
2101 4629 2156 4676 et
2187 4619 2227 4627 “’
2263 4623 2680 4695 sphemantibus
2709 4623 2853 4679 viam
2882 4624 3106 4679 Domini
3138 4623 3364 4694 Christi,
3395 4625 3643 4680 exaltans
3673 4640 3871 4684 vocem

567 4715 806 4772 Domino
834 4713 1217 4772 manifestetur
1246 4729 1258 4768 :
1298 4711 1392 4766 sed
1424 4711 1684 4782 quoniam
1734 4710 1800 4766 de
1836 4712 2159 4766 auctoritate

569 4802 687 4874 ejus
733 4802 1017 4876 quaeritur,
1059 4818 1222 4874 quam
1254 4800 1538 4872 Scriptura
1565 4816 1676 4855 non
1721 4798 1914 4868 tacuit,
1943 4799 2159 4855 edoceri

569 4908 670 4950 nos
714 4899 946 4965 oportet,
982 4891 1223 4964 primum
1271 4889 1495 4964 quidem
1524 4906 1650 4944 cum
1681 4887 1887 4944 dicitur
1919 4905 1932 4943 :
1981 4914 1999 4936 ι
2033 4889 2159 4946 Haec

569 4991 749 5041 autem
792 4983 980 5038 omnia
1019 4991 1276 5054 operatur
1302 4997 1451 5037 nunc
1479 4989 1642 5052 atque
1685 4980 1829 5036 idem
1869 4985 2013 5042 608
2042 4980 2158 5052 Spi-

568 5082 728 5150 ritus,
760 5080 1015 5138 dividens
1043 5079 1277 5152 singulis
1307 5085 1468 5150 prout
1494 5079 1614 5132 vult
1638 5078 1697 5144 (I
1725 5080 1848 5134 Cor.
1881 5095 1985 5146 xu,
2006 5078 2146 5148 11).»

565 5171 802 5240 Dividit,
837 5169 1189 5226 manifestum
1220 5177 1302 5224 est
1329 5167 1460 5240 quia
1481 5181 1591 5222 non
1612 5183 1681 5222 ex
1709 5166 1944 5238 imperio
1971 5183 2157 5240 opera-

565 5270 658 5318 tur
685 5260 866 5316 alieno
901 5277 912 5315 :
945 5266 1001 5314 et
1027 5255 1420 5314 attendendum
1469 5254 1597 5327 quia
1644 5271 1764 5328 quae
1813 5265 1974 5327 prout
2011 5257 2154 5324 vult,

565 5353 790 5421 dividit,
821 5368 934 5408 non
980 5357 1063 5406 est
1105 5349 1370 5420 scriptum
1401 5364 1520 5419 quae
1549 5346 1730 5402 aliena
1756 5355 1904 5403 sunt.
1936 5349 2007 5402 Et
2041 5364 2156 5403 rur-

563 5460 685 5500 sum
716 5443 774 5498 in
802 5440 1035 5500 Actibus
1061 5439 1435 5512 apostolorum
1467 5437 1701 5508 legimus
1735 5455 1746 5492 :
1794 5461 1811 5483 ε
1835 5438 2155 5494 Deservien-

562 5530 712 5586 tibus
755 5537 936 5585 autem
997 5529 1110 5584 illis
1165 5536 1219 5585 et
1275 5525 1658 5598 jejunantibus
1708 5526 1964 5594 Domino,
2011 5526 2158 5584 dixit

561 5617 800 5688 Spiritus
851 5627 1069 5676 sanctus
1129 5637 1140 5674 :
1199 5619 1483 5690 Segregate
1545 5615 1682 5672 mihi
1742 5617 2046 5673 Barnabam
2101 5623 2157 5672 et

559 5703 813 5773 Paulum,
845 5705 904 5762 in
931 5723 1068 5778 opus
1099 5707 1168 5764 ad
1196 5707 1343 5782 quod
1371 5707 1566 5766 vocavi
1592 5723 1682 5763 eos
1714 5708 1856 5778 (Act.
1889 5725 2010 5775 xm,
2035 5707 2142 5777 2).ι

2218 4777 2222 4782 _
2267 4730 2441 4784 suam,
2473 4715 2550 4771 ait
2579 4733 2590 4772 :
2639 4739 2658 4762 ι
2687 4715 2834 4771 Bene
2864 4715 3218 4788 prophetavit
3247 4717 3488 4789 Spiritus
3514 4724 3744 4802 panctus
3775 4737 3875 4793 per

2268 4803 2484 4872 Isaiam,
2539 4803 2726 4860 dicens
2758 4822 2769 4860 :
2805 4804 2977 4872 Vade,
3029 4813 3083 4860 et
3130 4805 3221 4861 dic
3250 4807 3455 4878 populo
3487 4805 3622 4863 huic
3654 4824 3667 4862 :
3717 4807 3874 4864 Aure

2267 4894 2522 4963 audietis,
2554 4901 2608 4950 et
2637 4911 2748 4950 non
2775 4895 3131 4968 intelligetis;
3181 4905 3236 4953 et
3282 4896 3535 4952 videntes
3581 4896 3872 4967 videbitis,

2267 4991 2320 5039 et
2341 5000 2451 5039 non
2479 4985 2774 5057 aSpicietis,
2806 5011 2824 5034 ι
2867 4994 2970 5042 etc.
2999 4987 3142 5058 (Act.
3177 5002 3384 5053 xxvm,
3423 4985 3511 5054 25,
3561 4987 3680 5060 26).
3727 4985 3873 5045 Cum

2268 5089 2394 5144 ergo
2423 5073 2482 5128 in
2512 5073 2797 5144 prophetia
2841 5074 3106 5130 divinitas
3155 5090 3266 5131 una
3311 5075 3578 5132 doceatur
3619 5075 3688 5132 ab
3727 5092 3876 5149 apo-

2267 5165 2444 5231 stolis,
2487 5173 2540 5220 et
2584 5172 2766 5220 tamen
2802 5165 2870 5222 ab
2916 5165 3162 5224 Ecclesia
3210 5167 3456 5223 Trinitas
3500 5166 3869 5239 intelligatur,

2267 5253 2567 5308 certissime
2597 5253 2786 5326 utique
2833 5253 3097 5311 docemur
3134 5254 3264 5328 quia
3302 5254 3547 5312 Trinitas
3578 5256 3724 5312 idem
3757 5257 3873 5312 Pa—

2267 5351 2350 5398 ter
2405 5350 2458 5398 et
2516 5343 2693 5400 Filius
2753 5352 2808 5400 et
2857 5344 3098 5416 Spiritus
3147 5352 3372 5402 sanctus
3429 5362 3602 5401 unum
3632 5353 3686 5402 et
3723 5362 3871 5403 unus

2265 5433 2412 5486 Deus
2437 5441 2566 5488 sunt
2591 5451 2602 5488 :
2636 5441 2688 5488 et
2717 5450 2843 5488 cum
2874 5451 3018 5490 unus
3047 5435 3192 5490 Deus
3221 5434 3602 5508 intelligantur
3622 5444 3678 5492 et
3703 5453 3871 5510 agno-

2265 5529 2509 5591 scantur,
2539 5522 2704 5578 unius
2749 5523 2915 5580 etiam
2974 5533 3028 5580 et
3081 5524 3429 5582 auctoritatis
3486 5525 3873 5598 intelligantur

2266 5628 2482 5669 necesse
2511 5621 2611 5669 est.
2643 5613 2715 5667 Et
2759 5629 2980 5670 rursum
3017 5613 3286 5670 Dominus
3329 5614 3388 5670 in
3424 5615 3726 5692 Evangelip
3757 5615 3869 5675 hu-

2258 5706 2352 5778 jus
2377 5706 2602 5763 unionis
2631 5705 2957 5764 Trinitatem
2987 5708 3146 5767 docet
3164 5708 3354 5768 dicens
3387 5727 3400 5766 :
3453 5734 3474 5761 ι
3497 5711 3710 5769 Euntes
3737 5705 3881 5803 περ

3827 5930 3845 5962 Ι
