3964 6380
381 368 394 408 l

137 458 257 529 ubi
342 537 349 541 _

1100 473 1195 531 DE
1237 474 1644 535 CONCORDIA
1678 477 2029 535 MATTHJEI
2068 478 2159 533 ET
2196 477 2426 535 LUCIE.

3276 485 3415 543 1102

133 599 311 657 docete
369 615 561 657 omnes
615 606 822 674 gentes,
876 599 1215 673 baptizantes
1253 616 1346 659 eos
1394 603 1454 658 in
1490 602 1714 658 nomine
1748 604 1797 663 A
1826 603 2092 676 abnegare
2125 611 2431 661 conantur:
2479 603 2653 676 ipsam
2700 612 2880 662 autem
2931 616 3150 679 negant,
3200 610 3420 682 quando

132 688 318 754 Patris,
348 696 400 745 et
429 688 581 758 Filii,
636 698 690 746 et
738 688 977 761 Spiritus
1025 690 1222 759 sancti,
1273 715 1292 739 ι
1345 700 1453 749 etc.
1501 693 1714 764 (Matth.

133 796 322 849 xxvm,
366 779 478 851 19).
528 780 600 835 Et
641 795 767 834 cum
819 778 1016 847 Patris,
1064 787 1119 836 et
1174 780 1325 849 Filii,
1380 789 1435 837 et
1483 782 1719 853 Spiritus

132 866 297 925 sancti
353 868 781 941 signiﬁcantiam
848 867 1128 937 edidisset,
1193 868 1481 926 Trinitatis
1535 880 1717 927 tamen

132 957 295 1031 ipsius
325 973 527 1013 nomen
558 973 731 1013 unum
762 956 1050 1013 observare
1082 974 1182 1013 nos
1206 956 1415 1026 docuit,
1449 959 1595 1031 quod
1616 967 1715 1028 est,

145 1069 163 1093 ι
182 1046 431 1113 Sanctus,
466 1055 708 1114 sanctus,
740 1053 980 1114 sanctus,
1005 1047 1276 1102 Dominus
1292 1049 1435 1102 Deus
1457 1048 1714 1115 Sabaoth;

133 1136 283 1209 plena
335 1143 418 1192 est
471 1136 652 1192 omnis
700 1143 846 1193 terra
898 1135 1184 1209 majestate
1223 1135 1374 1209 ejus;
1432 1161 1449 1184 ι
1502 1154 1564 1194 ac
1625 1155 1721 1210 per

132 1224 229 1281 hoc
255 1225 596 1282 consuetudo
644 1225 941 1298 Scriptura;
996 1228 1287 1283 manifesta
1341 1233 1441 1294 est,
1491 1243 1611 1299 quas
1667 1235 1720 1283 et

132 1332 248 1372 cum
280 1332 451 1372 unum
481 1318 657 1373 Deum
691 1325 992 1390 nuncupat,
1019 1318 1360 1374 intellectum
1388 1326 1572 1374 tamen
1602 1318 1719 1375 Tri-

132 1405 313 1461 nitatis
359 1420 472 1461 non
524 1413 817 1478 amputat:
878 1414 931 1462 et
982 1423 1107 1463 cum
1152 1407 1329 1463 Patris
1376 1414 1429 1463 et
1481 1408 1611 1463 Filii
1665 1415 1720 1464 et

131 1494 360 1568 Spiritus
387 1498 565 1555 sancti
601 1499 877 1570 meminit,
911 1515 1111 1558 nomen
1142 1517 1255 1558 non
1293 1501 1565 1558 interimit
1595 1518 1720 1558 ma—

125 1584 331 1658 jestatis
359 1588 547 1644 unius.
1523 1580 1531 1585 ’

191 1680 261 1736 Et
289 1679 425 1754 quid
454 1681 655 1753 plura?
683 1680 912 1739 Deﬁciet
941 1680 1079 1737 mihi
1110 1681 1324 1755 pagina,
1344 1682 1562 1739 deﬁciet
1585 1689 1718 1739 tem-

130 1783 243 1841 pus,
275 1768 321 1823 si
360 1778 560 1826 cuncta
588 1786 708 1844 qua:
739 1769 808 1827 ad
848 1770 1181 1843 probandam
1211 1770 1559 1828 divinitatem
1587 1770 1723 1844 Spi-

128 1856 261 1914 ritus
297 1859 476 1917 sancti
506 1861 712 1934 scripta
749 1870 897 1929 sunt,
942 1860 1224 1917 revolvere
1265 1868 1360 1917 aut
1401 1877 1719 1917 enumerare

1827 711 1939 750 non
1975 693 2052 751 ita
2099 701 2160 749 ut
2209 703 2308 763 est,
2357 696 2531 751 Deum
2571 695 2847 751 fatentur:
2902 698 3119 769 quando
3176 716 3286 756 non
3344 702 3422 756 ita

1828 785 2080 852 credunt,
2113 793 2175 840 ut
2203 784 2483 856 Scriptura
2512 784 2705 841 divina
2746 803 2845 842 nos
2887 787 3094 857 docuit,
3123 798 3175 846 et
3203 798 3263 846 ut
3293 808 3421 848 cre-

1828 873 1956 930 dere
2001 881 2254 946 Oportet;
2306 873 2398 929 sed
2439 883 2603 946 prout
2649 874 2774 931 illos
2821 876 3054 932 traxerit
3100 894 3289 934 sensus
3336 882 3422 935 sui

1828 961 2034 1018 libido:
2068 970 2122 1017 et
2149 969 2210 1017 ut
2239 962 2552 1034 intelligant
2590 979 2750 1035 quam
2788 965 2946 1036 longe
2974 982 3006 1019 a
3034 966 3142 1021 lide
3173 969 3270 1022 Dei
3290 968 3419 1039 sint,

1828 1061 1922 1108 aut
1954 1069 2115 1125 quam
2157 1052 2322 1108 alieni
2354 1069 2384 1108 a
2422 1054 2595 1109 salute
2635 1070 2755 1126 quae
2793 1062 2874 1109 est
2921 1056 2977 1110 in
3025 1056 3245 1113 Christo
3274 1059 3421 1128 Jesu,

1828 1142 1922 1215 qui
1953 1142 2217 1214 Spiritum
2253 1152 2521 1210 sanctum,
2570 1159 2679 1215 quo
2722 1143 3002 1200 credentes
3039 1146 3322 1217 signamur
3364 1147 3424 1203 in

1828 1231 1917 1287 die
1966 1231 2359 1303 redemptionis
2414 1240 2635 1301 nostrae,
2689 1234 3013 1290 contristare
3058 1245 3111 1291 et
3157 1236 3424 1307 abnegare

1828 1322 2083 1379 nituntur
2107 1341 2119 1378 :
2155 1331 2207 1378 et
2228 1324 2479 1379 utsciant
2507 1326 2600 1396 qui
2632 1324 2765 1379 talia
2788 1324 3051 1396 sentiunt,
3085 1326 3213 1398 quia
3234 1327 3422 1399 hujus-

1829 1411 1979 1468 modi
2010 1412 2415 1479 machinantur,
2449 1429 2568 1486 quae
2590 1431 2765 1487 neque
2793 1414 2861 1470 ad
2889 1415 3127 1484 veniam,
3160 1434 3335 1490 neque
3356 1419 3424 1475 ad

1829 1501 2207 1557 remissionem
2231 1511 2574 1573 peccatorum
2594 1519 2820 1558 suorum
2841 1512 3099 1576 poterunt
3129 1506 3422 1577 pertinere;

1828 1589 1963 1663 quia
1990 1589 2255 1662 scriptum
2285 1599 2367 1646 est
2397 1608 2408 1645 :
2458 1615 2476 1638 ι
2515 1590 2622 1657 Qui
2659 1599 2839 1646 autem
2876 1592 3337 1665 blasphemaverit
3366 1597 3425 1651 in

1828 1678 2094 1750 Spiritum
2134 1687 2409 1747 sanetum,
2448 1695 2560 1734 non
2602 1680 2917 1736 remittetur
2946 1682 2995 1737 ei
3024 1699 3201 1756 neque
3230 1685 3288 1740 in
3320 1685 3425 1742 hoc

1827 1769 2048 1837 saeculo,
2082 1785 2257 1841 neque
2287 1769 2346 1823 in
2373 1769 2559 1825 futuro
2601 1770 2812 1840 (Matth.
2842 1786 2943 1839 xn,
2978 1771 3070 1843 32)
3097 1791 3111 1841 ;
3152 1796 3170 1820 ι
3214 1774 3307 1829 sed
3339 1774 3420 1829 illi

1827 1875 1884 1913 se
1914 1857 2099 1930 potius
2131 1858 2416 1914 sententias
2466 1856 2734 1929 subjicere
2782 1876 2893 1915 non
2941 1861 3208 1930 nesciant,
3259 1879 3421 1935 quam

128 1946 366 2004 voluero.
409 1949 536 2007 Haec
566 1960 748 2006 autem
778 1949 1022 2006 breviter
1049 1949 1196 2007 dicta
1241 1958 1368 2007 sunt
1414 1950 1482 2006 ad
1521 1958 1721 2006 retun-
1747 1960 1794 2020 Β
1830 1947 2021 2004 divina
2050 1963 2306 2004 mensura
2334 1946 2476 2003 idem
2509 1963 2605 2018 per
2641 1964 2702 2003 os
2739 1948 2890 2004 Isaiae
2920 1949 3151 2020 protulit
3195 1949 3419 2007 dicens:

130 2034 360 2092 dendam
402 2037 803 2110 impudentiam
834 2055 1044 2109 eorum,
1077 2040 1173 2113 qui
1207 2039 1555 2096 divinitatem
1587 2039 1721 2112 Spi-

126 2125 258 2183 ritus
290 2129 488 2197 sancti,
513 2130 647 2199 imo,
670 2137 731 2186 ut
757 2129 944 2187 verius
962 2130 1164 2201 dicam,
1194 2130 1368 2204 ipsam
1398 2129 1721 2186 Trinitatem

127 2253 2243 2283 Ν

1844 2062 1863 2086 ι
1891 2036 2111 2096 Vermis
2140 2051 2327 2092 eorum
2358 2052 2469 2093 non
2502 2035 2790 2105 morietur,
2832 2046 2885 2093 et
2923 2036 3065 2110 ignis
3093 2055 3281 2095 eorum
3312 2057 3423 2097 non

1831 2126 2215 2198 exstinguetur
2243 2125 2380 2198 (Isa.
2414 2142 2568 2193 LXVI,
2597 2124 2717 2197 24).
2749 2150 2767 2175 ›

2708 2266 3421 2276 -α--ιι--α--ι--Ὓ-ο-σ-η

1432 2412 2118 2500 MONITUM.

189 2686 343 2744 Hanc
371 2703 587 2763 quoque
615 2687 1079 2762 scriptiunculam
1121 2688 1382 2746 debemus
1410 2689 1658 2754 Gillotio,
1699 2687 1795 2761 qui
1824 2705 1944 2744 eam
1974 2705 2003 2745 e
2030 2688 2315 2745 codicibus
2341 2687 2558 2746 duobus
2589 2706 2755 2746 manu
2784 2691 3039 2760 exaratis,
3073 2692 3247 2748 altero
3276 2694 3422 2749 Dio-

126 2778 375 2850 nysiano,
418 2780 591 2836 altero
621 2779 932 2847 Victorino,
966 2780 1025 2835 in
1056 2779 1257 2853 quibus
1285 2779 1578 2836 ascribitur
1602 2786 1791 2835 sancto
1821 2776 2138 2844 Ambrosio,
2187 2775 2244 2831 in
2294 2777 2473 2833 lucem
2527 2777 2731 2834 emisit.
2779 2777 2936 2845 Quod
2987 2796 3119 2835 vero
3166 2797 3283 2837 eam
3328 2799 3420 2837 nec

123 2868 341 2922 materia
368 2885 458 2922 nec
486 2870 624 2940 style
668 2868 964 2925 abhorrere
993 2886 1025 2924 a
1052 2870 1287 2925 Doctore
1314 2876 1502 2925 nostro
1531 2869 1837 2941 proﬁtetur.
1866 2883 1977 2922 non
2008 2882 2299 2938 possumus
2312 2866 2557 2938 profecto
2586 2866 2929 2923 subscribere
2964 2868 3115 2925 illius
3143 2871 3415 2942 opinioni,

123 2957 209 3013 sed
237 2958 309 3015 ad
354 2959 663 3031 simplicem
693 2959 969 3016 schedulae
999 2960 1172 3032 ipsius
1209 2960 1526 3028 lectionem,
1569 2969 1622 3015 et
1669 2958 1907 3014 maxime
1945 2954 2145 3012 horum
2180 2955 2497 3021 verborum,
2545 2955 2634 3010 sed
2665 2957 2829 3028 hujus
2864 2958 3168 3028 quaestionis
3218 2961 3339 3015 talis
3385 2978 3418 3017 a

124 3044 371 3103 Patribus
399 3047 592 3104 solutio
621 3048 816 3118 datur,
847 3047 1346 3107 considerationem
1374 3048 1608 3105 ﬁdenter
1635 3062 2019 3120 provocamus.

378 3332 576 3479 DE
697 3331 1536 3481 CONGORDIA.
1624 3330 2322 3481 MATTH/EI
2439 3332 2624 3480 ET
2735 3332 3155 3481 LUCAE

868 3576 999 3660 IN
1088 3575 1960 3664 GENEALOGIA
2049 3575 2655 3664 CHRISTI.

188 3876 331 3936 609
362 3880 426 3935 In
457 3876 664 3935 Christi
704 3877 1053 3952 generatione
1098 3879 1388 3938 Mattheus
1437 3887 1492 3936 et
1537 3879 1712 3935 Lucas
1746 3872 1790 3933 C
1818 3886 1990 3943 usque
2040 3871 2109 3928 ad
2162 3871 2441 3930 Christum
2485 3879 2676 3928 natum
2712 3872 2911 3949 ducere
2958 3876 3170 3946 volens,
3221 3894 3332 3935 non
3383 3898 3414 3937 a

119 3966 399 4025 dissentire
427 3966 709 4037 videntur,
754 3977 1039 4040 propterea
1083 3968 1230 4041 quod
1277 3984 1406 4025 cum
1443 3969 1599 4036 alter,
1649 3967 1708 4025 id
1818 3962 1997 4035 primo
2026 3970 2248 4034 parente
2277 3964 2476 4031 Adam,
2508 3964 2602 4019 sed
2631 3963 2700 4020 ab
2732 3963 3008 4021 Abraham
3040 3983 3269 4025 exorsus
3294 3980 3408 4039 est;

121 4066 210 4127 est,
255 4057 549 4117 Mattheus
586 4056 991 4127 descendendo,
1045 4059 1204 4124 alter,
1262 4058 1319 4114 id
1372 4066 1474 4127 est,
1536 4059 1709 4114 Lucas

120 4146 473 4214 ascendendo,
541 4143 790 4217 ejusdem
848 4146 1216 4217 generationis
1273 4145 1468 4201 seriem
1534 4154 1703 4203 texat.

119 4233 397 4292 Matthmus
417 4234 639 4308 quidem
671 4234 740 4290 ab
763 4234 1043 4291 Abraham
1064 4234 1353 4291 exordium
1376 4236 1708 4291 narrationis

118 4338 346 4392 sumens,
375 4331 431 4380 et
461 4322 529 4379 ad
558 4322 737 4379 David
765 4338 937 4396 usque
974 4322 1331 4391 descendens,
1379 4322 1579 4380 deinde
1615 4340 1707 4396 per

120 4409 455 4469 Salomonem
479 4427 652 4484 usque
678 4410 747 4467 ad
774 4410 975 4483 Ioseph
1013 4410 1216 4468 lineam
1268 4410 1491 4467 deducit
1524 4429 1535 4467 :
1587 4413 1707 4468 Lu-

121 4514 201 4556 cas
223 4516 352 4557 vero
381 4517 414 4556 a
440 4500 642 4573 Ioseph
667 4499 958 4572 incipiens,
1000 4515 1096 4571 per
1123 4499 1343 4556 Nathau
1389 4499 1458 4555 ad
1504 4500 1701 4571 David,

121 4596 170 4644 et
194 4605 225 4645 a
248 4589 428 4647 David
460 4606 634 4663 usque
661 4589 728 4645 ad
760 4589 1060 4657 Abraham,
1092 4597 1367 4662 postremo
1410 4589 1478 4645 ab
1519 4589 1705 4646 Abra-

123 4676 238 4736 ham
276 4696 450 4754 usque
479 4678 548 4736 ad
575 4678 753 4735 Adam
801 4679 1168 4750 generationis
1214 4679 1463 4735 ordinem
1514 4681 1705 4736 revol-

123 4770 289 4827 vendo
308 4769 572 4827 ascendit.
602 4768 756 4825 Unde
783 4768 1056 4841 contingit
1074 4778 1137 4825 ut
1162 4786 1193 4825 a
1221 4769 1397 4825 David
1425 4769 1699 4840 deorsum,

124 4872 237 4914 cum
265 4860 360 4917 ille
388 4876 484 4934 per
508 4859 745 4928 Nathan,
778 4858 881 4915 iste
908 4876 1004 4931 per
1031 4858 1375 4915 Salomonem
1407 4861 1702 4932 generatio-

125 4946 204 5003 nis
229 4951 501 5006 tramitem
533 4950 951 5017 deducat,totus
970 4965 1106 5021 pene
1127 4950 1553 5021 computationis
1568 4951 1703 5007 ordo

127 5035 395 5096 dissideat.
427 5040 531 5097 Sed
561 5039 690 5112 quia
718 5038 998 5111 Scriptura
1026 5055 1177 5095 sacra
1205 5038 1421 5094 diversa
1446 5041 1703 5112 quando-

128 5139 223 5196 que
238 5129 451 5201 recipit,
465 5129 693 5185 adversa
712 5135 892 5184 autem
911 5128 1137 5183 omnino
1150 5143 1259 5182 non
1274 5127 1543 5197 admittit;
1570 5129 1701 5186 dum

1816 4060 1877 4106 ut
1904 4051 2213 4107 ostenderet
2240 4051 2387 4125 quod
2416 4052 2690 4125 susceptio
2719 4055 2900 4110 carnis
2921 4056 2979 4110 in
3002 4056 3144 4111 Filio
3173 4059 3271 4115 Dei
3298 4075 3409 4115 non

1817 4139 1924 4195 fuit
1952 4140 2141 4212 primae
2176 4140 2513 4197 conditionis
2541 4142 2840 4212 institutio,
2888 4144 2982 4199 sed
3028 4146 3411 4217 promissionis

1816 4229 2163 4301 postmodum
2196 4228 2350 4285 factae
2389 4228 2658 4302 impletio.
2709 4231 2884 4288 Lucas
2929 4249 3061 4289 vero
3107 4251 3138 4289 a
3189 4234 3410 4292 Christo

1815 4316 2088 4389 baptizata
2117 4315 2408 4389 incipiens,
2439 4334 2550 4373 non
2600 4319 2657 4373 in
2696 4318 2876 4376 David
2903 4321 2991 4377 vel
3022 4322 3079 4378 in
3106 4322 3405 4393 Abraham,

1814 4405 1908 4463 sed
1957 4422 2058 4463 nec
2103 4406 2162 4462 in
2209 4407 2384 4464 Adam
2432 4409 2598 4465 ﬁnem
2638 4410 2814 4467 fecit:
2859 4411 2954 4468 sed
2998 4429 3095 4484 per
3140 4415 3317 4470 David
3354 4423 3408 4471 et

1814 4494 2089 4551 Abraham
2120 4504 2283 4569 atque
2308 4496 2483 4553 Adam
2514 4499 2805 4565 transiens,
2837 4500 2905 4554 ad
2933 4501 3107 4555 Deum
3138 4502 3403 4570 ascendit,

1812 4592 1875 4640 ut
1899 4594 2080 4657 aperte
2109 4584 2263 4642 daret
2301 4585 2556 4657 intelligi,
2601 4586 2747 4658 quod
2775 4585 2817 4642 ii
2846 4588 2938 4659 qui
2967 4604 3062 4659 per
3088 4591 3406 4660 generatio-

1813 4691 1938 4730 nem
1994 4675 2174 4732 carnis
2229 4675 2331 4730 ﬁlii
2385 4682 2514 4732 sunt
2557 4675 2866 4744 hominum,
2897 4694 2991 4748 per
3029 4680 3403 4749 regeneratio-

1812 4781 1937 4821 nem
1976 4765 2320 4837 baptismatis
2348 4765 2406 4819 in
2435 4766 2783 4837 adoptionem
2830 4775 3115 4826 transeunt
3159 4769 3400 4828 deitatis.

1812 4856 1941 4911 Ideo
1967 4856 2256 4911 Matthmus
2284 4854 2341 4909 in
2372 4854 2685 4925 genealogia
2722 4872 2835 4910 non
2874 4857 2981 4912 nisi
3024 4862 3298 4916 naturales
3328 4862 3405 4916 ii-

1813 4944 1916 5000 lios
1945 4953 2261 5015 computare
2292 4942 2469 4997 voluit
2502 4961 2513 4997 :
2548 4944 2719 4999 Lucas
2764 4962 2894 5001 vero
2942 4946 3086 5004 inter
3124 4960 3253 5006 natu
3267 4952 3405 5007 rales

1812 5035 1973 5089 etiam
1999 5032 2284 5103 adoptivos
2313 5031 2570 5099 ascribit;
2594 5042 2656 5089 ut
2675 5036 2994 5091 ostendatur
3018 5047 3072 5094 et
3103 5039 3158 5095 in
3185 5040 3404 5097 Christo

1812 5130 2068 5179 nascente
2097 5138 2225 5177 vera
2264 5120 2432 5176 fuisse
2469 5122 2650 5178 carnis
2695 5126 2991 5197 susceptio,
3040 5136 3094 5183 et
3141 5128 3197 5183 in
3247 5130 3406 5186 nobis

129 5227 231 5271 non
269 5216 648 5289 permittimur
675 5215 896 5274 credere
937 5214 1399 5284 contrarietatem,
1452 5217 1706 5273 latentem
1738 5235 1786 5293 ι)
1819 5210 2229 5268 renascentibus
2275 5227 2383 5266 non
2428 5226 2524 5283 per
2568 5220 2846 5280 naturam,
2894 5216 2989 5272 sed
3036 5235 3131 5289 per
3177 5220 3405 5290 gratiam

127 5308 363 5379 cogimur
389 5328 630 5384 quaerere
661 5310 968 5368 veritatem.
1006 5308 1295 5365 Matthaeus
1331 5309 1499 5381 igitur
1536 5327 1707 5381 gene-

129 5398 381 5457 rationem
413 5401 619 5459 Christi
650 5400 1030 5459 descendendo
1063 5406 1366 5471 computat,
1413 5400 1705 5458 ostendens

130 5487 320 5547 Filium
366 5491 465 5549 Dei
520 5509 616 5564 per
657 5493 839 5550 carnis
889 5493 1290 5564 susceptionem
1339 5491 1543 5548 factum
1590 5508 1704 5548 esse

131 5573 321 5637 Filium
348 5579 594 5639 hominis
625 5600 636 5639 :
671 5582 845 5640 Lucas
869 5581 1116 5639 eamdem
1154 5579 1498 5638 ascendendo
1540 5582 1701 5651 texit,

131 5661 497 5728 demonstrans
555 5669 702 5728 ﬁlios
746 5671 1037 5729 hominum
1085 5670 1227 5727 eﬂici
1283 5668 1429 5727 ﬁlios
1465 5668 1565 5726 Dei
1610 5685 1705 5743 per

135 5757 347 5826 gratiam
370 5758 701 5833 adoptionis.

196 5845 479 5923 Propterea
532 5852 697 5909 etiam
753 5852 1040 5911 Matthaius
1095 5850 1462 5926 generationis
1508 5850 1701 5910 seriem

1816 5299 2105 5372 provenire
2135 5298 2377 5369 adoptio.
2426 5299 2552 5355 Ilaec
2598 5316 2725 5372 ergo
2780 5303 2887 5359 fuit
2932 5321 3092 5360 causa
3138 5322 3303 5377 quare
3349 5306 3407 5361 in

1813 5388 2181 5463 generationis
2226 5389 2364 5445 serie
2411 5389 2549 5446 alios
2587 5391 2899 5460 Mattheus,
2953 5402 3007 5449 et
3053 5395 3189 5450 alios
3237 5397 3410 5453 Lucas

1812 5488 1991 5553 patres
2025 5478 2247 5552 posuit;
2290 5479 2420 5552 quia
2450 5480 2563 5548 ille,
2599 5481 2741 5535 sicut
2771 5480 3037 5550 diximus,
3068 5484 3212 5539 solos
3239 5494 3412 5542 natu-

1813 5570 1984 5626 rales:
2029 5569 2132 5625 iste
2160 5585 2291 5625 vero
2316 5569 2661 5625 naturalibus
2690 5570 2853 5625 etiam
2887 5571 3177 5644 adoptivos
3202 5592 3411 5631 connu-

1812 5660 2126 5716 meraverit.
2151 5657 2310 5726 Quod
2332 5666 2393 5715 ut
2409 5658 2603 5715 melius
2620 5669 2800 5732 patere
2826 5662 3019 5734 possit,
3052 5672 3415 5739 utrorumque

1814 5750 2188 5806 narrationem
2225 5749 2590 5806 conferamus.

1884 5847 2033 5906 Ordo
2081 5848 2446 5920 generationis
2489 5848 2695 5907 Christi
2742 5850 3049 5910 secundum
3096 5850 3412 5911 Matthaum
