3964 6386
524 403 660 463 1103

1526 397 1620 453 AD
1658 395 1892 452 OPERA
1928 392 1984 450 S.
2026 391 2360 450 AMBROSII
2397 387 2776 446 APPENDIX.

3684 376 3846 437 110i

520 528 648 585 talis
683 535 814 585 est:
870 548 890 575 ι
935 523 1214 582 Abraham
1265 522 1452 596 genuit
1499 522 1664 591 Isaac,
1723 522 1871 577 Isaac
1923 517 2110 592 genuit
2137 518 2187 577 A
2215 514 2538 571 naturaliter
2564 511 2906 570 descendisse
2934 508 3252 577 credimus;
3302 521 3453 564 nunc
3500 503 3836 563 secundum

519 617 709 689 Iacob,
756 615 922 674 Iacob
965 614 1154 688 genuit
1189 613 1404 683 Iudam,
1454 611 1620 669 Iudas
1663 612 1848 685 genuit
1885 610 2107 672 Phares,

500 707 726 767 'Phares
765 706 954 781 genuit
1000 707 1196 775 Esron,
1244 705 1422 760 Esron
1475 703 1661 776 genuit
1707 704 1895 771 Aram,
1941 701 2108 756 Aram

523 801 710 875 genuit
770 796 1109 864 Aminadab,
1193 793 1500 850 Aminadab
1575 792 1762 865 genuit
1832 793 2107 858 Naasson,

523 890 764 946 Naasson
794 886 979 961 genuit
1009 885 1250 951 Salmon,
1285 883 1507 938 Salmon
1539 882 1725 953 genuit
1763 882 1925 949 Booz,
1968 881 2110 936 Booz

524 979 713 1054 genuit
739 976 910 1044 Obed,
941 973 1092 1031 Obed
1123 972 1310 1046 genuit
1337 973 1440 1029 Isai
1480 973 1566 1028 vel
1603 972 1769 1040 Iesse,
1819 972 1964 1027 Iesse
2012 986 2112 1042 ge-

525 1067 855 1136 nuitDavid,
874 1065 1047 1123 David
1067 1063 1253 1136 genuit
1267 1064 1635 1130 Salomonem,
1654 1063 1909 1119 Salomon
1925 1060 2112 1133 genuit

523 1159 787 1226 Roboam,
810 1155 1050 1213 Roboam
1084 1154 1270 1227 genuit
1299 1153 1518 1222 Abiam,
1561 1153 1702 1208 Abia
1749 1154 1937 1224 genuit
1983 1156 2108 1220 Asa,

524 1254 633 1310 Asa
657 1251 846 1325 genuit
871 1249 1150 1323 Iosaphat,
1185 1247 1442 1320 Iosaphat
1472 1255 1660 1320 genuit
1684 1247 1888 1315 Ioram,
1928 1247 2108 1302 Ioram

525 1341 713 1416 genuit
744 1339 931 1403 Oziam
963 1339 1175 1410 (Matth.
1209 1355 1246 1406 ι,
1280 1337 1436 1408 2-8).
1468 1361 1487 1386 ι
1531 1337 1661 1392 Tres
1687 1335 1780 1392 hic
1817 1335 2114 1392 intermisit

523 1431 880 1505 evangelista,
907 1428 963 1486 id
991 1436 1092 1498 est,
1125 1427 1312 1484 Oziam
1350 1427 1468 1484 sive
1506 1425 1817 1495 Ochosiam,
1865 1433 1919 1482 et
1969 1425 2112 1493 Ioas,

523 1531 578 1580 et
605 1522 880 1579 Amasiam
906 1537 920 1588 ;
949 1519 1130 1576 Ioram
1162 1518 1309 1574 enim
1340 1519 1518 1590 primo
1547 1518 1667 1574 loco
1697 1517 1883 1588 genuit
1923 1515 2115 1571 Ocho-

523 1612 684 1683 siam,
715 1621 768 1669 et
790 1610 1052 1669 Ochosias
1079 1608 1267 1682 genuit
1300 1609 1443 1676 Ioas,
1485 1615 1538 1663 et
1575 1608 1698 1662 Ioas
1730 1607 1916 1679 genuit
1944 1607 2122 1663 Ama-

523 1703 680 1772 siam,
731 1707 786 1758 et
835 1700 1086 1757 Amasias
1129 1699 1351 1755 demum
1399 1697 1587 1770 genuit
1637 1697 1844 1764 Oziam,
1894 1697 1961 1752 de
2007 1712 2116 1769 quo

521 1807 672 1848 nunc
699 1789 950 1846 dicitur:
1007 1813 1026 1838 ι
1063 1788 1245 1846 Ioram
1293 1787 1480 1861 genuit
1530 1785 1737 1843 Oziam.
1771 1811 1788 1834 ι
1831 1783 1990 1853 Quod
2041 1785 2117 1840 ita

2218 605 2418 662 Lucam
2446 603 2640 660 seriem
2669 599 3035 675 generationis
3062 597 3434 656 revolvamus.

2289 721 2463 778 Lucas
2490 719 2570 777 sic
2596 719 2713 776 ait:
2761 742 2779 766 ι
2817 717 2934 790 Ipse
2981 717 3135 780 Iesus
3179 723 3296 772 erat
3345 713 3626 787 incipiens
3664 709 3846 785 quasi

2218 829 2487 869 annorum
2521 810 2762 882 triginta,
2792 816 2855 864 ut
2883 809 3196 882 putabatur,
3243 806 3395 863 ﬁlius
3442 803 3678 879 Ioseph,
3731 805 3844 878 qui

2220 902 2328 958 fuit
2359 902 2501 971 Heli,
2553 902 2648 975 qui
2691 901 2796 956 fuit
2839 899 3070 956 Mattliat
3119 898 3269 970 (Luc.
3304 914 3388 965 ιιι,
3419 895 3536 967 23).
3571 920 3590 944 ι
3637 892 3848 950 Prima

2219 994 2398 1050 fronte
2433 993 2791 1050 contrarietas
2819 1007 3104 1049 occurrere
3133 987 3375 1046 videtur.
3415 987 3718 1044 Matthaeus
3739 984 3844 1042 di-

2221 1082 2296 1140 cit
2323 1082 2521 1154 Ioseph
2555 1082 2732 1138 ﬁlium
2768 1081 2936 1136 fuisse
2965 1079 3150 1148 Iacob,
3182 1088 3238 1136 et
3273 1077 3439 1135 Iacob
3470 1077 3658 1133 ﬁlium
3691 1076 3844 1132 Mat-

2225 1170 2354 1227 than
2380 1190 2392 1228 :
2425 1172 2598 1228 Lucas
2625 1169 2762 1227 dicit
2793 1168 2993 1242 Ioseph
3030 1168 3206 1225 ﬁlium
3235 1168 3404 1224 fuisse
3431 1165 3578 1235 Heli,
3611 1174 3672 1222 et
3703 1165 3845 1221 Heli

2221 1261 2395 1318 ﬁlium
2416 1278 2525 1318 non
2549 1261 2791 1330 Mathan,
2825 1259 2920 1317 sed
2949 1259 3200 1316 Matthat.
3233 1258 3338 1316 Sed
3367 1255 3536 1328 hujus
3563 1255 3849 1330 quastio-

2222 1351 2309 1409 nis
2337 1351 2466 1409 talis
2490 1369 2522 1408 a
2550 1351 2803 1408 Patribus
2837 1349 3040 1406 solutio
3069 1348 3267 1417 datur;
3317 1344 3542 1404 Mathan
3591 1345 3695 1420 qui
3737 1361 3850 1419 per

2223 1444 2568 1499 Salomonem
2596 1441 2899 1509 descendit,
2929 1457 3161 1497 uxorem
3190 1438 3447 1496 habuisse
3481 1435 3701 1494 Eslhan
3735 1452 3848 1493 no-

2225 1537 2408 1605 mine;
2439 1537 2505 1594 de
2533 1553 2639 1611 qua
2674 1535 2861 1608 genuit
2907 1535 3086 1592 ﬁlium
3133 1533 3319 1604 Iacob,
3373 1534 3522 1608 quod
3573 1540 3843 1603 mortuo,

2223 1627 2453 1684 Matthat
2483 1628 2578 1701 qui
2607 1644 2701 1700 per
2729 1627 2942 1684 Nathan
2973 1625 3276 1694 descendit,
3309 1624 3555 1681 eamdem
3587 1641 3843 1681 uxorem

2223 1717 2405 1788 duxit,
2438 1726 2492 1776 et
2522 1721 2708 1791 genuit
2745 1736 2813 1776 ex
2843 1735 2904 1776 ea
2932 1718 3110 1775 ﬁlium
3146 1717 3286 1774 Heli.
3327 1716 3419 1774 Sic
3452 1733 3584 1791 ergo
3615 1717 3750 1774 Heli
3786 1727 3848 1774 et

2223 1807 2390 1865 Iacob
2420 1809 2625 1864 uterini
2657 1809 2851 1864 fratres
2881 1808 3127 1876 fuerunt,
3158 1823 3269 1863 una
3302 1813 3498 1876 matre,
3546 1822 3665 1863 non
3716 1821 3848 1863 uno

523 1877 944 1972 intelligendum
997 1885 1129 1972 95‘:
1189 1877 1378 1972 εςηυίξ
1432 1877 1690 1972 νίάθξίοεῖ
1717 1876 2118 1972 ,τηθάίθῐηίδξιδ
2151 1889 2196 1950 Β
2229 1907 2380 1972 patre
2409 1897 2564 1955 editi.
2597 1897 2754 1954 Prior
2781 1898 2902 1954 Heli
2951 1897 3114 1955 duxit
3160 1913 3415 1967 uxorem,
3463 1903 3518 1953 et
3567 1904 3849 1954 mortuus

523 1968 885 2042 supradictis;
917 1969 1047 2042 quia
1072 1984 1170 2041 per
1196 1968 1322 2024 illos
1347 1967 1416 2024 de
1444 1967 1652 2024 semine
1682 1965 1799 2039 ejus
1830 1965 2113 2038 processit.

524 2059 636 2116 Hos
688 2067 871 2115 autem
925 2057 1256 2131 evangelista
1311 2057 1398 2114 vel
1463 2056 1586 2113 ideo
1647 2055 2016 2128 praetermisit,
2057 2064 2120 2113 ut

525 2163 786 2204 numerus
849 2154 1063 2204 tesseras
1127 2145 1346 2203 decadis
1411 2155 1769 2220 azquaretur:
1823 2146 1909 2201 vel
1973 2145 2116 2213 ideo,

527 2236 657 2310 quia
683 2237 866 2292 Ioram
900 2236 1081 2307 generi
1131 2251 1187 2291 se
1233 2235 1455 2292 miscuit
1508 2235 1752 2302 Iezabel;
1803 2242 1857 2292 et
1906 2234 2117 2292 dictum

528 2334 643 2382 erat
703 2340 801 2396 per
864 2323 1186 2396 prophetam
1243 2323 1310 2380 de
1361 2323 1526 2380 domo
1590 2323 1780 2379 Achab
1831 2339 1942 2379 non
2004 2339 2118 2380 esse

528 2430 857 2489 quemquam
888 2423 1264 2486 regnaturum,
1295 2413 1404 2470 nisi
1432 2414 1491 2469 in
1519 2421 1712 2487 quarta
1734 2413 2113 2486 generatione:

527 2513 580 2563 et
609 2503 732 2562 ideo
781 2503 1044 2560 memoria
1084 2501 1202 2576 ejus
1242 2503 1478 2572 tollitur,
1529 2519 1593 2560 eo
1637 2519 1810 2576 usque
1857 2520 1889 2560 a
1933 2511 2119 2561 sancta

529 2593 894 2666 generatione.
937 2617 965 2663 ι,
1000 2591 1158 2649 Ozias
1203 2609 1350 2666 ergo,
1399 2592 1494 2665 qui
1547 2599 1602 2648 et
1646 2593 1888 2663 Azarias,
1933 2592 2121 2666 genuit

525 2685 797 2754 Ioatham,
869 2683 1118 2742 Ioatham
1191 2685 1378 2757 genuit
1431 2683 1634 2752 Achaz,
1694 2682 1874 2740 Achaz
1933 2681 2120 2756 genuit

526 2773 840 2843 Ezechiam,
903 2773 1168 2830 Ezechias
1231 2773 1419 2847 genuit
1478 2773 1782 2842 Manassen,
1849 2773 2120 2828 Manasses

529 2865 717 2938 genuit
759 2867 961 2935 Amon,
997 2869 1178 2922 Amon
1209 2865 1400 2938 genuit
1447 2865 1671 2930 Iosiam,
1717 2864 1890 2920 Iosias
1934 2864 2121 2938 genuit

529 2963 872 3032 Iechoniam,
905 2962 1194 3020 Iechonias
1224 2963 1412 3036 genuit
1461 2961 1604 3018 610
1654 2965 1915 3021 Salathiel
1947 2963 2116 3036 (Ibid.

529 3053 719 3125 9-12).
748 3077 768 3101 ι
812 3052 1028 3110 Veritas
1056 3053 1300 3109 historias
1329 3052 1494 3110 habet
1532 3054 1678 3127 quod
1707 3055 1880 3110 Iosias
1914 3069 2124 3127 genue-

531 3142 605 3198 rit
630 3141 937 3212 Eleachim,
970 3142 1066 3215 qui
1095 3151 1150 3199 et
1171 3141 1419 3198 Ioachim
1459 3142 1576 3198 sive
1620 3142 1910 3200 Iechonias
1941 3143 2124 3200 dictus

531 3241 646 3289 est:
681 3232 964 3289 Eleachim
994 3241 1176 3290 autem
1218 3233 1404 3306 genuit
1451 3232 1719 3302 Ioachim,
1769 3233 1864 3306 qui
1908 3243 1962 3290 et
2009 3233 2124 3305 ipse

531 3323 674 3380 sicut
702 3331 875 3396 pater,
908 3323 1198 3380 Iechonias
1245 3323 1548 3396 appellatus
1594 3333 1710 3381 est:
1762 3323 1855 3381 hic
1897 3323 2117 3380 demum

534 3411 723 3484 genuit
747 3413 1027 3469 Salathiel.
1062 3413 1318 3472 Dicemus
1364 3431 1492 3487 ergo
1537 3424 1632 3472 aut
1677 3431 1849 3471 unum
1903 3423 2123 3488 propter

534 3503 901 3578 supradictam
932 3505 1222 3575 rationem,
1271 3506 1386 3563 sive
1421 3507 1584 3562 aliam
1629 3523 2009 3581 quamcunque
2053 3505 2122 3561 ob

533 3612 753 3653 causam
834 3598 1262 3670 praetermissum
1313 3617 1327 3656 :
1388 3607 1484 3656 aut
1528 3616 1640 3656 non
1695 3615 1809 3656 esse
1869 3596 2122 3654 eumdem

532 3686 852 3744 Iechoniam
887 3688 1070 3754 illum,
1100 3688 1167 3745 de
1196 3705 1304 3762 quo
1353 3690 1558 3746 dicitur
1590 3709 1602 3746 :
1649 3713 1668 3738 ι
1713 3690 1888 3745 Iosias
1938 3685 2125 3762 genuit

533 3775 856 3833 Iechoniam
886 3777 1054 3848 (Ibid.
1093 3779 1214 3848 11);
1250 3803 1269 3827 ι
1306 3787 1360 3835 et
1397 3779 1554 3836 illum
1603 3778 1671 3834 de
1716 3795 1824 3852 quo
1874 3777 2120 3833 dicitur:

546 3891 564 3915 ι
595 3867 724 3924 Post
746 3867 1281 3941 transmigrationem
1301 3869 1604 3943 Babylonis
1629 3868 1918 3926 Iechonias
1939 3867 2126 3940 genuit

534 3954 798 4012 Salathiel
837 3957 998 4027 (Ibid.
1049 3959 1178 4032 12):
1223 3983 1241 4008 ›
1301 3959 1396 4016 sed
1443 3959 1683 4032 priorem
1731 3975 1846 4014 esse
1893 3967 2124 4030 patrem,

533 4045 835 4103 secundum
917 4063 1032 4103 esse
1106 4049 1286 4105 ﬁlium
1346 4067 1358 4105 :
1441 4059 1664 4122 propter
1729 4049 2124 4122 separationem

535 4142 718 4190 autem
749 4142 803 4191 et
829 4135 1261 4208 disjunctionem
1309 4138 1809 4210 transmigrationis
1853 4155 1966 4194 non
2012 4152 2126 4192 esse

536 4223 822 4296 repetitam
852 4224 995 4281 inter
1041 4243 1132 4282 eos
1179 4227 1546 4300 generationis
1597 4227 2019 4294 connexionem,
2065 4231 2128 4280 ut

537 4313 864 4371 diceretur:
929 4339 948 4364 ι
1003 4316 1176 4372 Iosias
1250 4317 1438 4390 genuit
1509 4318 1852 4386 Iechoniam,
1925 4315 2130 4373 Iecho-

539 4405 662 4462 nias
687 4421 814 4478 ergo
846 4406 1034 4478 genuit
1080 4406 1362 4478 Salathiel,
1410 4409 1670 4466 Salathiel
1717 4408 1904 4482 genuit
1953 4409 2131 4464 Zoro-

538 4494 720 4562 babel,
763 4495 1062 4554 Zorobabel
1112 4497 1300 4570 genuit
1347 4498 1532 4556 Abiud
1581 4501 1744 4572 (Ibid.
1792 4499 1878 4568 12,
1931 4499 2043 4572 13).
2098 4523 2117 4549 ι

2229 1997 2310 2044 est
2337 1987 2454 2044 sine
2484 1987 2703 2044 liberis:
2739 1996 2923 2060 postea
2950 1985 3116 2044 Iacob
3135 1987 3345 2060 accepit
3358 2002 3591 2042 uxorem
3611 1985 3844 2056 fratris,

2229 2086 2291 2135 ut
2319 2077 2608 2136 suscitaret
2636 2095 2820 2135 semen
2841 2078 2997 2134 fratri
3019 2095 3138 2147 suo,
3167 2095 3238 2134 ex
3257 2094 3365 2151 qua
3380 2075 3571 2151 genuit
3597 2076 3844 2150 Ioseph.

2229 2167 2427 2241 Ioseph
2459 2186 2586 2242 ergo
2627 2169 2777 2225 ﬁlius
2827 2178 2907 2226 est
2957 2167 3123 2225 Iacob
3166 2167 3468 2226 secundum
3520 2167 3846 2241 generatio-

2229 2274 2378 2328 nem,
2405 2259 2554 2315 ﬁlius
2585 2259 2706 2315 Heli
2751 2258 3051 2316 secundum
3100 2259 3294 2332 legem.
3348 2255 3560 2315 Deinde
3604 2273 3848 2330 genera-

2228 2347 2398 2404 tionis
2426 2348 2561 2404 ordo
2591 2350 2820 2406 texitur.
2867 2374 2886 2397 ι
2913 2347 3112 2422 Ioseph
3139 2349 3234 2422 qui
3267 2347 3374 2404 fuit
3407 2347 3553 2416 Heli,
3585 2333 3686 2420 qui
3721 2346 3851 2403 fuit

2228 2437 2484 2504 Matthat,
2515 2437 2611 2512 qui
2649 2438 2758 2494 fuit
2795 2438 2950 2508 Levi,
2993 2437 3088 2512 qui
3135 2437 3241 2494 fuit
3291 2437 3520 2508 Melchi,
3570 2437 3668 2511 qui
3717 2437 3848 2494 fuit

2228 2527 2422 2596 Ianne,
2453 2527 2548 2601 qui
2579 2528 2686 2584 fuit
2713 2527 2932 2600 Ioseph,
2951 2527 3046 2601 qui
3076 2527 3183 2586 fuit
3207 2526 3574 2598 Matthathiaa,
3603 2525 3702 2600 qui
3721 2525 3852 2585 fuit

2229 2621 2418 2686 Amos,
2470 2617 2564 2690 qui
2617 2617 2724 2674 fuit
2779 2617 3015 2689 Nahum,
3065 2617 3160 2692 qui
3207 2618 3314 2674 fuit
3366 2617 3538 2687 Hesli,
3587 2619 3686 2692 qui
3724 2620 3855 2677 fuit

2228 2707 2447 2791 Nangae,
2479 2707 2573 2780 qui
2598 2707 2705 2765 fuit
2732 2707 2926 2774 Matth,
2949 2708 3043 2782 qui
3072 2709 3179 2765 fuit
3205 2707 3567 2778 Matthathiae,
3593 2708 3692 2782 qui
3725 2707 3856 2768 fuit

2230 2797 2429 2866 Semei,
2479 2797 2572 2870 qui
2619 2797 2727 2854 fuit
2771 2797 2991 2870 Ioseph,
3043 2798 3139 2872 qui
3189 2797 3298 2854 fuit
3351 2798 3510 2867 Iuda,
3567 2797 3665 2871 qui
3726 2798 3857 2856 fuit

2230 2885 2502 2954 Iohanna,
2533 2887 2630 2959 qui
2658 2887 2766 2943 fuit
2795 2887 2952 2956 Resa,
2983 2887 3077 2960 qui
3109 2887 3216 2942 fuit
3238 2885 3561 2956 Zorohabel,
3591 2887 3690 2960 qui
3724 2887 3854 2945 fuit

2232 2975 2494 3031 Salathiel
2529 2977 2690 3048 (Ibid.
2723 2976 2935 3049 23-27).
2965 3000 2983 3024 ι
3025 2976 3146 3032 Νοιι
3192 2983 3326 3047 puto
3373 2974 3628 3032 eumdem
3680 2974 3858 3034 hunc

2231 3081 2347 3122 esse
2372 3065 2670 3122 Zorohabel
2711 3074 2806 3122 aut
2839 3064 3122 3133 Salathiel,
3153 3065 3249 3138 qui
3279 3065 3532 3137 superius
3583 3064 3642 3120 in
3692 3065 3856 3124 serie

2235 3155 2599 3227 generationis
2628 3153 2929 3210 secundum
2968 3155 3286 3212 Matthatum
3335 3153 3608 3211 numerati
3656 3166 3850 3225 sunt;

2159 3260 2202 3320 ρ
2234 3262 2358 3302 cum
2390 3253 2444 3300 et
2473 3245 2566 3302 ille
2602 3244 2864 3301 Salathiel
2908 3262 3019 3302 non
3062 3245 3212 3302 ﬁlius
3247 3245 3395 3315 Neri,
3439 3243 3533 3302 sed
3563 3244 3719 3302 ﬁlius
3747 3246 3852 3302 Ie-

2229 3332 2442 3390 choniaa
2472 3332 2639 3388 fuerit
2671 3351 2682 3389 :
2729 3340 2782 3388 et
2810 3332 3110 3390 Zorobabel
3144 3349 3256 3390 non
3303 3334 3459 3402 Resa,
3509 3332 3604 3388 sed
3651 3332 3847 3404 Abiu,

2229 3431 2283 3478 et
2307 3431 2548 3491 caeteros,
2581 3422 2726 3478 inter
2753 3439 2890 3496 quos
2911 3424 3043 3480 Resa
3090 3439 3199 3480 non
3247 3432 3590 3491 numeratur,
3622 3439 3850 3496 genue-

2232 3511 2303 3568 rit
2337 3529 2348 3568 :
2381 3511 2469 3566 vel
2497 3511 2544 3566 si
2584 3510 2752 3568 iidem
2793 3519 2942 3580 sunt,
2983 3512 3276 3570 dicendum
3306 3522 3388 3571 est
3415 3513 3564 3586 quod
3592 3511 3688 3569 hic
3719 3513 3850 3586 pri-

2233 3617 2384 3656 mum
2417 3601 2703 3674 utriusque
2731 3602 3160 3676 computationis
3190 3603 3335 3660 linea
3374 3602 3433 3659 in
3477 3617 3650 3658 unum
3699 3618 3850 3659 con-

2231 3699 2406 3759 curat,
2473 3690 2670 3747 deinde
2727 3709 2858 3748 mox
2908 3692 3208 3750 secundum
3267 3692 3492 3749 modum
3547 3707 3715 3764 quem
3775 3691 3851 3748 in

2233 3779 2408 3851 capite
2441 3780 2806 3851 generationis
2843 3779 3010 3852 hujus
3055 3782 3415 3854 signavimus,
3463 3780 3532 3837 ab
3583 3779 3850 3838 invicem

2233 3867 2594 3926 deducantur.
2635 3893 2654 3917 ι
2691 3871 2796 3938 Qui
2825 3870 2934 3926 fuit
2958 3872 3108 3940 Neri,
3154 3873 3249 3944 qui
3304 3871 3411 3927 fuit
3457 3869 3691 3938 Melchi,
3735 3871 3851 3943 qui

2235 3956 2343 4012 fuit
2370 3957 2536 4026 Addi,
2569 3959 2665 4031 qui
2693 3959 2800 4014 fuit
2827 3959 3041 4028 Cosam,
3089 3959 3185 4032 qui
3227 3960 3334 4016 fuit
3376 3957 3671 4026 Elmodan,
3732 3958 3848 4031 qui

2235 4045 2342 4102 fuit
2367 4047 2493 4116 Her,
2525 4046 2623 4118 qui
2664 4046 2772 4102 fuit
2807 4047 2954 4113 Iesu,
3005 4047 3098 4121 qui
3148 4047 3255 4102 fuit
3298 4047 3532 4116 Eliezer,
3578 4047 3679 4120 qui
3728 4048 3852 4106 fuit

2235 4136 2426 4204 Iorim,
2461 4133 2555 4206 qui
2576 4134 2682 4189 fuit
2710 4135 2963 4204 Matthat,
2994 4135 3088 4208 qui
3118 4135 3224 4190 fuit
3253 4135 3408 4201 Levi,
3439 4136 3536 4208 qui
3579 4135 3693 4192 fuit
3737 4136 3850 4210 Sy-

2236 4240 2420 4294 meon,
2445 4223 2540 4296 qui
2569 4224 2676 4280 fuit
2703 4224 2864 4294 Iuda,
2894 4225 2989 4298 qui
3019 4225 3128 4281 fuit
3159 4223 3378 4298 Ioseph,
3405 4225 3502 4299 qui
3533 4225 3642 4282 fuit
3668 4227 3846 4298 Iona,

2237 4312 2333 4388 qui
2358 4312 2467 4369 fuit
2503 4312 2781 4382 Eliacbin,
2813 4313 2908 4388 qui
2939 4315 3048 4370 fuit
3078 4315 3312 4384 Melcha,
3345 4313 3441 4389 qui
3472 4314 3580 4372 fuit
3607 4316 3848 4388 Menan,

2239 4402 2333 4477 qui
2363 4402 2472 4458 fuit
2498 4402 2782 4472 Matthata,
2809 4405 2904 4477 qui
2938 4405 3046 4461 fuit
3068 4403 3306 4475 Nathan,
3359 4404 3454 4478 qui
3501 4405 3609 4462 fuit
3653 4407 3849 4466 David

2243 4493 2404 4565 (Ibid.
2441 4493 2646 4567 27-31).
2678 4519 2696 4543 ι
2739 4494 2870 4562 Quae
2903 4494 3160 4568 deinceps
3202 4502 3506 4568 sequuntur
3545 4511 3720 4568 usque
3767 4499 3852 4556 ad

539 4586 660 4642 Huc
713 4603 885 4660 usque
941 4604 1010 4644 ex
1057 4588 1212 4645 libris
1261 4591 1540 4646 veteribus
1585 4589 1950 4662 generationis
1996 4587 2131 4644 ordo
2161 4625 2210 4684 D
2244 4583 2542 4684 Abraham,
2565 4585 2888 4684 in‘utroque
2913 4585 3101 4643 eadem
3115 4593 3263 4684 sunt.
3294 4585 3434 4642 Sane
3463 4584 3608 4658 quod
3629 4586 3687 4642 in
3717 4586 3850 4660 ipsa

540 4677 803 4733 texitur:
866 4693 988 4750 quae
1047 4686 1372 4752 sequuntur,
1429 4681 1725 4736 auctoritas
1785 4679 2132 4750 evangelistm

541 4766 852 4824 conﬁrmat.
899 4792 919 4816 ι
947 4768 1132 4825 Abiud
1161 4770 1350 4842 genuit
1383 4769 1682 4838 Eliachim,
1717 4768 1995 4825 Eliachim
2035 4785 2136 4841 ge-

544 4861 668 4918 nuit
698 4865 861 4928 Azor,
890 4863 1032 4918 Azor
1061 4865 1250 4934 genuit
1278 4864 1472 4931 Sadoc,
1495 4863 1668 4920 Sadoc
1696 4863 1884 4936 genuit
1911 4862 2134 4932 Achim,

543 4950 744 5007 Achim
774 4951 964 5024 genuit
991 4952 1180 5022 Eliud,
1212 4953 1380 5010 Eliud
1411 4954 1599 5026 genuit
1633 4955 1878 5023 Eleazar,
1913 4954 2137 5009 Eleazar

547 5039 735 5110 genuit
760 5039 1005 5109 Mathan,
1035 5040 1257 5098 Mathan
1283 5043 1470 5116 genuit
1499 5043 1685 5111 Iacob,
1733 5043 1898 5100 Iacob
1949 5043 2136 5114 genuit

546 5129 744 5203 Ioseph
801 5130 963 5202 (Ibid.
1017 5131 1220 5200 13-16).
1269 5155 1290 5182 ι
1350 5134 1465 5190 Hoc
1518 5134 1682 5190 modo
1729 5133 2133 5206 generationem

2244 4674 2608 4746 generationis
2637 4674 2780 4730 linea
2809 4676 2992 4747 plures
3020 4673 3320 4733 secundum
3351 4675 3552 4732 Lucam
3582 4690 3612 4730 a
3631 4675 3850 4749 Ioseph

2244 4782 2414 4839 usque
2443 4767 2511 4824 ad
2541 4767 2738 4835 David,
2763 4783 2924 4841 quam
2947 4767 3249 4825 secundum
3268 4765 3580 4824 Matthmum
3602 4781 3634 4820 a
3653 4767 3848 4824 David

2243 4878 2415 4935 usque
2442 4861 2509 4918 ad
2535 4863 2733 4934 Ioseph
2759 4871 3141 4931 numerentur,
3171 4862 3505 4920 contrarium
3524 4857 3706 4916 videri
3723 4877 3849 4920 non

2244 4951 2422 5020 debet,
2463 4969 2586 5009 cum
2637 4952 2767 5024 ipsae
2814 4951 3185 5010 successiones
3229 4949 3643 5026 generationum
3689 4950 3751 5007 in
3779 4968 3848 5010 ea

2245 5050 2395 5116 parte
2427 5041 2792 5114 multiplicius
2823 5043 3190 5112 excreverint,
3237 5041 3334 5098 ubi
3379 5040 3546 5100 citius
3573 5039 3846 5100 deceden-

2243 5135 2392 5191 tibus
2423 5133 2690 5206 patribus,
2725 5132 2828 5190 ﬁlii
2858 5135 3205 5192 numerosius
3231 5138 3633 5192 successerunt.
