3964 6374
119 402 274 461 11Οό
1080 409 1175 465 DE
1212 408 1598 466 DIGNITATE
1672 410 1711 468 C

1822 412 2114 470 DlTlONIS
2152 413 2498 471 HUMAN/E.
3304 417 3442 473 1106

1043 538 3434 566 ____._______________________

1452 691 2127 781 MONITUM.

189 992 456 1051 Libellus
482 992 703 1050 anobis
733 992 879 1050 infra
917 993 1151 1066 positus,
1205 995 1265 1051 in
1308 994 1567 1051 omnibus
1611 994 1850 1068 Operum
1900 992 2397 1050 Ambrosianorum
2446 991 2785 1051 editionibus
2836 994 3007 1052 libros
3063 995 3440 1057 Hexaemeron

114 1083 394 1159 proxime
422 1085 672 1158 sequitur
700 1103 714 1153 ;
766 1086 862 1142 sed
894 1092 1103 1142 veteres
1132 1084 1403 1143 editiones
1433 1086 1758 1158 prudentem
1799 1103 1861 1143 ac
1893 1084 2253 1142 necessariam
2283 1084 2595 1139 cautionem
2628 1084 2995 1141 adhibuerant
3036 1087 3187 1144 hisce
3231 1088 3437 1158 verbis,

112 1176 213 1247 qui
246 1182 440 1232 sancto
469 1174 750 1231 Ambrosio
781 1176 990 1231 auctori
1015 1194 1052 1231 α
1078 1176 1394 1247 quibusdam
1418 1177 1709 1232 ascribitur
1737 1196 1749 1233 :
1795 1186 1851 1232 at
1888 1177 2155 1241 Romana,
2188 1172 2381 1228 iisdem
2413 1172 2595 1229 verbis
2625 1191 2654 1229 e
2685 1174 2867 1231 medio
2897 1175 3147 1245 sublatis,
3180 1177 3436 1235 eumdem

115 1274 435 1324 tractatum
465 1266 583 1322 sine
616 1265 728 1321 ulla
753 1267 1104 1322 restrictione
1132 1277 1320 1323 sancto
1349 1269 1575 1324 Doctori
1608 1267 1969 1340 adjudicavit.
2016 1265 2411 1321 Verumtamen
2451 1262 2594 1318 nihil
2624 1263 2807 1320 videat
2836 1274 3051 1338 oportet
3088 1267 3147 1322 in
3188 1267 3435 1323 Ambro-

115 1357 300 1415 sianis
354 1356 854 1425 lucubrationibus,
909 1357 1003 1430 qui
1048 1357 1193 1416 hanc
1218 1360 1369 1415 illius
1397 1377 1512 1417 esse
1542 1361 1648 1417 sibi
1680 1360 2025 1432 persuadeat.
2079 1355 2212 1411 Nam
2258 1362 2619 1427 praeterquam
2659 1355 2806 1427 quod
2842 1356 2985 1411 nihil
3018 1373 3248 1430 usquam
3289 1356 3436 1413 Am—

114 1444 383 1501 brosiani
429 1444 622 1517 spirat,
670 1446 1039 1503 certissimum
1072 1454 1469 1515 est‘centonem
1501 1466 1637 1517 esse,
1688 1447 1849 1519 cujus
1878 1451 2055 1520 prima
2084 1464 2148 1503 ac
2179 1454 2453 1518 postrema
2482 1462 2605 1517 pars
2631 1444 2914 1501 invenitur
2945 1447 3087 1518 apud
3134 1448 3434 1504 Alcuinum

112 1535 221 1592 sub
255 1535 377 1593 hoc
399 1537 655 1592 lemmate
679 1554 691 1592 :
717 1537 874 1592 Dicta
898 1536 1033 1591 beati
1060 1536 1245 1591 Albini
1275 1538 1442 1593 levitw
1469 1557 1628 1611 super
1661 1541 1796 1596 illud
1821 1542 2089 1609 Geneseos,
2112 1541 2393 1595 Faciamus
2413 1538 2670 1592 hominem
2692 1539 2848 1609 (Gen.
2865 1555 2902 1607 ι,
2918 1539 3035 1610 26),
3056 1547 3192 1607 etc.;
3224 1539 3352 1595 item
3376 1539 3437 1596 in

112 1627 268 1685 libro
297 1628 369 1685 de
399 1627 609 1699 Spiritu
635 1634 683 1683 et
707 1628 905 1683 Anima
936 1627 1002 1682 ad
1034 1628 1238 1684 calcem
1266 1628 1404 1685 tomi
1434 1632 1577 1688 sexti
1607 1632 1997 1703 Augustiniani
2028 1632 2213 1689 edito:
2262 1647 2363 1687 nec
2392 1647 2501 1686 non
2532 1629 2817 1685 sententiae
2848 1631 3059 1703 aliquot
3095 1629 3152 1686 in
3197 1638 3435 1689 tractatu

112 1716 351 1775 Paulini
385 1715 760 1791 Aquileiensis
800 1716 862 1771 de
890 1715 1217 1771 salutaribus
1246 1717 1602 1788 Documentis,
1635 1723 1732 1793 qui
1774 1722 1936 1778 etiam
1977 1723 2036 1778 in
2074 1723 2261 1778 eadem
2293 1721 2608 1794 Appendice
2651 1721 3055 1794 Augustiniana
3090 1722 3428 1778 continetur.

112 1808 281 1876 Quod
313 1824 453 1865 vero
492 1807 559 1865 ad
591 1815 803 1880 partem
837 1806 1243 1875 intermediam,
1292 1807 1360 1864 ab
1390 1810 1503 1866 illis
1526 1812 1795 1869 nimirum
1827 1814 2030 1891 verbis,
2078 1820 2125 1868 et
2151 1813 2285 1878 ideo,
2331 1811 2660 1867 dilectissime
2688 1812 2787 1883 ﬁli,
2838 1828 3009 1884 usque
3052 1811 3121 1868 ad
3162 1812 3271 1868 alia
3313 1813 3430 1880 illa,
3522 1866 3536 1877 ,

110 1917 142 1955 o
171 1899 526 1956 dilectissime
553 1900 653 1972 ﬁli,
678 1900 879 1964 habeto,
908 1914 1071 1971 quam
1100 1899 1444 1972 suspicamur
1472 1904 1714 1961 auctoris
1741 1920 1856 1961 esse
1884 1905 2119 1977 ipsomet
2151 1903 2386 1960 Alcuino
2415 1910 2478 1958 ut
2506 1900 2863 1969 obscurioris,
2882 1900 2960 1957 ita
2989 1908 3043 1956 et
3070 1900 3426 1974 posterioris;

111 2004 244 2045 cum
280 2004 460 2061 prope
489 1988 664 2061 major
691 1989 763 2046 sit
792 1988 916 2046 aliis
943 1988 1175 2059 duabus,
1226 2006 1327 2048 nec
1355 1990 1530 2065 ipsam
1559 1994 1694 2051 alibi
1724 1995 1963 2069 reperire
1991 1993 2153 2050 nobis
2182 1992 2421 2062 licuerit,
2473 2000 2535 2049 ut
2564 1999 2737 2049 totam
2764 1992 2999 2066 opellam
3038 1990 3428 2056 retineremus,

111 2094 183 2136 ne
210 2096 396 2138 causa
423 2080 549 2139 fuit.

304 2361 512 2510 DE
626 2362 1420 2514 DIGNITATE
1536 2362 2457 2513 CONDITIONIS
2575 2363 3252 2514 HUMANXE

1422 2601 2126 2689 LIBELLUS.

3143 2215 3427 2232 .————‘

191 2903 343 2961 611
372 2895 601 2954 CAPUT
638 2894 930 2953 PRIMUM.
956 2925 1028 2938 —
1047 2894 1329 2951 Faciamus
1355 2894 1613 2951 hominem
1649 2897 1722 2953 ad
1749 2898 1800 2958 A
1833 2902 2023 2953 sancto
2053 2892 2278 2952 condita
2305 2902 2416 2951 est:
2467 2899 2520 2949 et
2550 2891 2679 2949 licet
2709 2894 2875 2951 unius
2906 2894 3007 2951 illa
3035 2904 3268 2967 naturai,
3317 2907 3427 2957 tres

116 2995 412 3068 imaginem
461 3001 510 3050 et
557 2994 960 3050 similitudinem
1014 3001 1251 3051 nostram
1310 2995 1465 3065 (Gen,
1516 3014 1556 3064 ι,
1606 2996 1722 3068 26),
1834 2993 2018 3042 tamen
2067 2984 2124 3040 in
2164 3000 2220 3040 se
2250 2982 2547 3055 dignitates
2576 2982 2764 3050 habet,
2817 2983 2875 3040 id
2904 2992 3005 3054 est,
3056 2986 3421 3058 intellectum,

118 3086 297 3143 Tanta
359 3085 545 3159 itaque
600 3083 839 3158 dignitas
895 3083 1150 3140 humanae
1210 3084 1548 3142 conditionis
1608 3104 1725 3143 esse

116 3174 502 3249 cognoscitur,
550 3181 613 3231 ut
665 3189 777 3229 non
821 3175 940 3230 solo
971 3172 1220 3246 jubentis
1261 3191 1534 3242 sermone,
1582 3175 1725 3233 sicut

118 3266 226 3322 alia
256 3281 364 3322 sex
395 3263 610 3320 dierum
641 3280 823 3334 opera,
869 3264 960 3319 sed
993 3264 1227 3320 consilio
1256 3273 1455 3322 sanctae
1487 3266 1724 3323 Trinita-

117 3355 207 3424 tis,
260 3365 322 3413 et
361 3370 525 3427 opere
568 3352 870 3425 majestatis
910 3353 1117 3409 divinae
1149 3362 1365 3411 creatus
1405 3356 1476 3412 sit
1513 3356 1718 3425 homo;

116 3452 178 3501 ut
206 3461 280 3501 ex
311 3443 511 3517 prima;
540 3442 880 3499 conditionis
909 3442 1120 3497 honore
1149 3442 1503 3514 intelligeret,
1537 3462 1723 3518 quan-

117 3542 232 3592 tum
275 3534 514 3591 deberet
543 3551 643 3589 suo
672 3532 969 3600 conditori,
1014 3533 1147 3589 dum
1179 3541 1392 3589 tantum
1430 3534 1486 3589 in
1517 3537 1721 3593 condi-

115 3624 271 3681 tione
296 3639 436 3679 mox
464 3621 754 3695 dignitatis
784 3619 1139 3693 privilegium
1169 3623 1425 3694 praestitit
1454 3623 1505 3680 ei
1531 3625 1718 3682 condi-

118 3725 203 3772 tor
227 3735 242 3784 ;
277 3724 345 3773 ut
374 3723 529 3771 tanto
556 3712 839 3770 ardentius
869 3720 1077 3769 amaret
1105 3714 1476 3785 conditorem,
1511 3725 1718 3788 quanto

118 3805 440 3863 mirabilius
469 3821 526 3860 se
554 3804 622 3859 ab
653 3820 717 3859 eo
746 3820 862 3859 esse
889 3803 1176 3860 conditum
1215 3804 1548 3877 intelligeret
1573 3824 1585 3862 ε
1617 3824 1719 3864 nec

120 3895 186 3952 ob
214 3896 328 3953 hoc
372 3895 552 3950 solum
596 3892 744 3965 quod
772 3892 1007 3950 consilio
1049 3901 1248 3950 sanctae
1300 3895 1585 3952 Trinitatis
1636 3896 1718 3953 sic

119 3986 460 4043 excellenter
486 3998 518 4038 a
540 3980 826 4039 conditore
857 3981 1117 4038 conditus
1144 3992 1245 4051 est,
1264 3982 1358 4039 sed
1379 3984 1545 4040 etiam
1568 3984 1718 4057 quod

120 4074 184 4131 ad
218 4074 522 4146 imaginem
573 4079 626 4127 et
668 4070 1093 4127 similitudinem
1141 4088 1296 4129 suam
1339 4073 1455 4145 ipse
1504 4081 1718 4129 creator

119 4164 369 4221 omnium
414 4177 541 4219 eum
571 4160 798 4229 creavit,
830 4160 978 4235 quod
1017 4162 1160 4218 nulli
1201 4162 1297 4218 alii
1334 4178 1404 4218 ex
1449 4163 1715 4220 creaturis

122 4252 365 4310 donavit.

186 4344 422 4403 CAPUT
456 4342 735 4410 II.—Qute
764 4342 944 4415 imago
972 4342 1296 4416 diligentius
1334 4361 1403 4401 ex
1433 4346 1716 4404 interioris

122 4432 364 4492 hominis
393 4432 687 4490 nobilitate
717 4440 797 4489 est
824 4432 1239 4490 consideranda.
1273 4434 1458 4490 Primo
1488 4437 1712 4509 quidem

122 4524 263 4597 quod
309 4524 481 4581 sicuti
525 4525 672 4580 Deus
707 4539 852 4579 unus
902 4538 1117 4594 semper
1161 4522 1367 4595 ubique
1413 4532 1564 4582 totus
1608 4534 1708 4597 est,

125 4615 305 4671 omnia
377 4613 692 4683 viviﬁcans,
752 4629 981 4670 movens
1047 4620 1100 4669 et
1153 4613 1483 4685 gubernans,
1568 4616 1713 4675 sicut

123 4706 415 4776 Apostolus
446 4704 738 4763 conﬁrmat
771 4703 919 4777 quod
944 4721 956 4759 :
995 4728 1014 4753 ε
1042 4705 1107 4760 In
1134 4721 1198 4761 eo
1231 4705 1495 4775 vivimus,
1524 4723 1709 4764 move-

127 4812 243 4853 mur
267 4805 321 4855 et
346 4812 539 4854 sumus
593 4796 736 4867 (Act.
778 4812 921 4860 xvn,
951 4793 1081 4866 28);
1112 4818 1130 4843 ι
1190 4794 1271 4851 sic
1310 4795 1494 4852 anima
1519 4797 1577 4853 in
1608 4816 1708 4855 suo

126 4898 342 4957 corpore
370 4885 578 4959 ubique
611 4892 730 4941 tota
756 4884 926 4958 viget,
959 4882 1254 4940 vivificaris
1284 4884 1445 4955 illud,
1481 4903 1709 4945 movens

127 4981 177 5029 et
204 4976 528 5048 gubernans.
577 4976 690 5033 Nec
720 4974 868 5030 enim
902 4972 961 5028 in
1003 4972 1306 5046 majoribus
1335 4977 1579 5048 corporis
1621 4978 1707 5034 sui

130 5065 381 5125 membris
431 5066 624 5140 major,
675 5073 729 5121 et
769 5063 828 5120 in
871 5062 1181 5120 minoribus
1222 5066 1444 5123 minor:
1507 5067 1603 5125 sed
1648 5069 1706 5125 in

129 5157 367 5217 minimis
403 5167 539 5227 tota,
563 5167 618 5215 et
644 5157 703 5214 in
737 5156 999 5214 maximis
1026 5164 1158 5213 tota.
1182 5158 1255 5214 Et
1282 5158 1399 5215 haec
1425 5169 1506 5217 est
1527 5161 1706 5235 imago

130 5246 347 5305 unitatis
373 5247 773 5322 omnipotentis
796 5247 918 5316 Dei,
943 5263 1103 5320 quam
1134 5248 1321 5303 anima
1349 5248 1513 5306 habet
1545 5249 1603 5306 in
1625 5268 1701 5307 se.

192 5338 318 5406 Quae
359 5358 575 5416 quoque
610 5338 905 5414 quamdam
952 5346 1152 5396 sanctae
1204 5339 1492 5398 Trinitatis
1534 5340 1706 5398 habet

132 5423 433 5501 imaginem.
481 5429 669 5486 Primo
697 5429 758 5485 in
786 5444 853 5484 eo
882 5426 1011 5501 quia
1039 5428 1184 5484 sicut
1225 5430 1371 5485 Deus
1400 5438 1502 5498 est,
1563 5431 1707 5488 vivit

132 5522 181 5570 et
204 5518 375 5591 sapit;
432 5520 511 5579 ita
545 5518 731 5576 anima
765 5516 1069 5575 secundum
1111 5533 1272 5573 suum
1321 5517 1547 5575 modum
1598 5527 1699 5590 est,

136 5603 264 5664 vivit
291 5616 343 5667 et
370 5610 531 5684 sapit.
586 5609 687 5666 Est
737 5624 955 5683 quoque
999 5615 1053 5664 et
1089 5606 1198 5664 alia
1238 5605 1459 5664 trinitas
1517 5606 1577 5664 in
1618 5623 1701 5677 ea,

136 5706 233 5762 qua
258 5695 324 5752 ad
353 5696 647 5771 imaginem
678 5696 763 5753 sui
792 5695 1097 5754 conditoris
1124 5694 1377 5769 perfectae
1404 5693 1627 5768 quidem
1647 5702 1702 5750 et

138 5795 348 5844 summa;
375 5787 682 5858 Trinitatis,
723 5804 843 5862 quae
868 5805 938 5846 ex
966 5788 1123 5867 Patre
1152 5794 1205 5844 et
1231 5786 1375 5845 Filio
1413 5792 1467 5844 et
1492 5785 1704 5860 Spiritu

1832 3075 2197 3141 voluntatem,
2254 3081 2308 3128 et
2339 3072 2678 3129 memoriam.
2732 3073 2891 3140 Quod
2930 3073 3097 3143 idem,
3144 3075 3274 3134 licet
3299 3078 3425 3134 aliis

1833 3164 2036 3233 verbis,
2097 3163 2157 3219 in
2214 3163 2514 3235 Evangelio
2570 3163 2909 3235 designatur,
2989 3181 3114 3221 cum
3172 3165 3410 3224 dicitur:

1847 3280 1866 3304 ι
1894 3256 2101 3326 Diliges
2128 3253 2426 3310 Dominum
2453 3255 2625 3310 Deum
2655 3261 2813 3310 tuum
2844 3270 2914 3310 ex
2944 3262 3060 3311 toto
3109 3257 3273 3313 corde
3303 3264 3421 3326 tuo,

1831 3354 1885 3402 et
1913 3362 1983 3401 ex
2014 3353 2127 3401 tota
2154 3344 2339 3399 anima
2368 3351 2481 3412 tua,
2533 3352 2587 3399 et
2610 3359 2681 3399 ex
2708 3351 2824 3401 tota
2849 3352 3030 3402 mente
3061 3353 3154 3401 tua
3204 3347 3418 3418 (Matth.

1830 3453 1976 3503 xxn,
2008 3436 2123 3507 37),
2148 3460 2167 3483 ι
2212 3433 2267 3489 id
2297 3442 2399 3502 est,
2430 3450 2499 3489 ex
2528 3440 2644 3489 toto
2676 3433 2982 3503 intellectu,
3004 3444 3059 3492 et
3083 3451 3153 3490 ex
3182 3443 3299 3492 tota
3329 3453 3423 3493 vo-

1833 3530 2064 3595 luntate,
2118 3534 2171 3583 et
2206 3542 2276 3582 ex
2315 3533 2429 3582 tota
2456 3523 2741 3582 memoria.
2790 3526 2927 3582 Nam
2973 3525 3118 3583 sicut
3159 3544 3230 3583 ex
3262 3528 3423 3585 Patre

1830 3625 2118 3690 generatur
2146 3617 2341 3684 Filius,
2366 3623 2419 3671 et
2445 3632 2510 3671 ex
2546 3617 2702 3672 Patre
2732 3615 2983 3690 Filioque
3019 3618 3267 3689 procedit
3302 3619 3419 3691 Spi-

1829 3709 1969 3764 ritus
1996 3716 2256 3775 sanctus;
2290 3705 2368 3762 ita
2392 3723 2460 3763 ex
2488 3705 2776 3763 intellectu
2806 3716 3096 3779 generatur
3138 3708 3418 3777 voluntas,

1827 3805 1881 3853 et
1917 3814 1987 3852 ex
2029 3795 2117 3851 his
2164 3795 2295 3851 item
2344 3794 2612 3851 ambobus
2653 3795 2902 3867 procedit
2953 3797 3239 3867 memoria,
3280 3798 3422 3856 sicut

1825 3886 1984 3943 facile
2014 3902 2045 3941 a
2073 3885 2313 3957 sapiente
2343 3883 2593 3957 quolibet
2621 3885 2859 3957 intelligi
2890 3892 3068 3958 potest
3092 3904 3107 3955 ;
3139 3902 3243 3944 nec
3269 3887 3421 3944 enim

1825 3974 2008 4030 anima
2054 3973 2294 4046 perfecta
2331 3990 2446 4031 esse
2497 3974 2617 4031 sine
2665 3974 2753 4031 his
2801 3973 3003 4043 tribus,
3058 3991 3162 4033 nec
3216 3974 3419 4033 horum

1820 4068 1992 4124 trium
2032 4083 2205 4123 unum
2238 4067 2487 4140 aliquod,
2549 4073 2820 4141 quantum
2866 4067 2933 4125 ad
2974 4084 3129 4124 suam
3182 4069 3425 4142 pertinet

1823 4156 2248 4223 beatitudinem,
2300 4156 2419 4213 sine
2447 4156 2572 4213 aliis
2599 4156 2817 4213 duobus
2858 4157 3137 4230 integrum
3163 4168 3415 4217 constat:

1742 4264 1790 4324 B
1825 4254 1878 4302 et
1902 4246 2047 4302 sicut
2080 4246 2226 4301 Deus
2254 4246 2432 4315 Pater,
2466 4248 2609 4302 Deus
2638 4246 2832 4314 Filius,
2855 4248 3005 4304 Deus
3034 4247 3274 4320 Spiritus
3299 4265 3420 4306 san-

1823 4347 1945 4395 ctus
1959 4345 2060 4404 est,
2088 4353 2201 4392 non
2235 4344 2417 4393 tamen
2446 4345 2555 4393 tres
2587 4336 2665 4393 dii
2689 4344 2838 4407 sunt,
2862 4338 2956 4397 sed
2986 4355 3130 4395 unus
3148 4340 3294 4397 Deus
3310 4347 3421 4398 tres

1822 4426 2029 4482 habens
2059 4440 2348 4496 personas;
2399 4426 2479 4481 ita
2520 4434 2576 4482 et
2620 4427 2806 4482 anima
2843 4427 3176 4496 intellectus,
3232 4429 3419 4486 anima

1821 4518 2102 4583 voluntas,
2153 4515 2336 4572 anima
2366 4517 2653 4581 memoria,
2701 4524 3024 4572 nontamen
3064 4524 3174 4572 tres
3217 4516 3416 4573 anima:

1819 4607 1878 4663 in
1908 4624 2021 4665 uno
2045 4625 2295 4680 corpore,
2348 4604 2443 4661 sed
2477 4622 2586 4660 una
2617 4604 2802 4659 anima
2841 4611 2949 4660 tres
2979 4604 3184 4660 habens
3221 4605 3416 4678 digni-

1818 4706 1977 4755 tates.
2020 4699 2202 4769 Atque
2241 4697 2301 4752 in
2343 4695 2431 4751 his
2471 4693 2650 4749 tribus
2691 4692 2808 4763 ejus
2849 4692 3145 4765 imaginem
3187 4694 3411 4752 mirabi-

1818 4788 1944 4843 liter
1972 4786 2109 4858 gerit
2149 4785 2206 4840 in
2237 4800 2335 4839 sua
2376 4792 2572 4839 natura
2600 4788 2787 4837 noster
2827 4780 3063 4839 interior
3092 4782 3280 4853 homo,
3336 4801 3407 4842 ex

1817 4876 2020 4949 quibus
2063 4875 2217 4947 quasi
2255 4871 2746 4929 excellentioribus
2790 4872 2991 4927 animus
3041 4872 3410 4945 dignitatibus

1810 4967 2072 5040 jubemur
2100 4966 2328 5037 diligere
2359 4964 2735 5030 conditorem;
2771 4969 2833 5018 ut
2866 4963 2927 5019 in
2954 4972 3222 5035 quantum
3247 4964 3409 5023 intel-

1816 5060 2029 5132 ligitur,
2059 5057 2360 5128 diligatur:
2406 5063 2459 5111 et
2493 5061 2759 5127 quantum
2785 5053 3058 5127 diligitur,
3104 5071 3319 5129 semper
3348 5057 3409 5113 in

1816 5149 2080 5206 memoria
2105 5147 2389 5203 habeatur.
2441 5146 2551 5202 Nec
2579 5144 2729 5201 solus
2761 5145 2968 5202 sufﬁcit
2997 5146 3065 5201 de
3094 5162 3161 5203 eo
3191 5147 3406 5205 intelle-

1815 5247 1956 5308 ctus,
2007 5238 2116 5294 nisi
2171 5237 2267 5292 ﬂat
2309 5235 2368 5290 in
2407 5251 2594 5291 amore
2639 5234 2757 5306 ejus
2800 5234 3083 5291 voluntas:
3142 5235 3259 5291 imo
3306 5252 3409 5295 nec

1816 5329 1934 5385 haec
1988 5328 2098 5384 duo
2151 5326 2455 5394 suﬂiciunt,
2514 5324 2623 5381 nisi
2676 5325 2943 5381 memoria
2987 5324 3238 5395 addatur,
3298 5343 3409 5400 qua

1814 5434 2029 5491 semper
2068 5418 2126 5474 in
2166 5425 2349 5473 mente
2379 5414 2743 5488 intelligentis
2782 5423 2836 5471 et
2875 5414 3158 5486 diligentis
3186 5426 3407 5473 maneat

1814 5510 1990 5575 Deus;
2047 5515 2110 5563 ut
2149 5506 2292 5562 sicut
2336 5522 2447 5560 non
2492 5504 2669 5577 potest
2721 5520 2836 5560 esse
2880 5512 3245 5575 momentum,
3294 5521 3404 5579 quo

1812 5602 1979 5659 homo
2010 5616 2121 5657 non
2148 5605 2335 5655 utatur
2362 5597 2452 5653 vel
2480 5597 2700 5653 fruatur
2723 5595 2821 5652 Dei
2850 5594 3099 5656 bonitate
3138 5606 3192 5654 et
3226 5598 3404 5657 mise-

1812 5695 2090 5764 ricordia;
2139 5694 2217 5751 ita
2245 5695 2464 5753 nullum
2500 5690 2695 5749 debeat
2731 5709 2845 5749 esse
2876 5700 3241 5764 momentum,
3292 5712 3401 5769 quo

1811 5793 2133 5859 praesentem
2163 5801 2289 5841 eum
2318 5799 2430 5840 non
2459 5782 2655 5839 habeat
2685 5782 2968 5839 memoria.
