3964 6388
519 330 655 390 1107

1534 315 1631 390 Αἰ)
1669 332 1904 390 orans
1939 332 1995 388 ε.
2037 331 2370 392 ΑΜΒηοεη
2405 331 2784 390 APPENDIX.

3687 338 3848 396 1108

587 464 657 518 Et
689 463 829 530 ideo,
878 463 1243 520 dilectissime
1270 463 1353 520 ﬁli
1384 464 1490 538 (1),
1530 464 1678 538 juste
1709 462 1848 521 mihi
1879 463 2104 520 videtur
2129 465 2182 524 A
2215 464 2460 523 Creatori
2505 482 2606 522 suo
2652 465 3089 539 supereminenti
3129 465 3258 536 sibi,
3304 475 3541 541 excepto
3571 467 3712 538 hoc,
3787 477 3847 525 et

517 550 724 608 dictum
770 554 1088 609 interiorem
1131 554 1413 611 hominem
1460 557 1755 628 imaginem
1799 571 1912 610 esse
1961 554 2101 621 Dei;

517 644 700 698 anima
742 643 890 700 enim
931 646 1252 700 nominatur
1299 653 1448 702 totus
1491 646 1723 702 interior
1755 645 1948 710 homo,
1997 659 2107 716 qua

518 733 856 802 viviﬁcatur,
889 736 1116 806 regitur,
1145 736 1462 792 continetur
1487 738 1635 792 lutea
1667 737 1761 818 illa
1795 751 1972 791 massa
2005 733 2105 790 hu-

520 835 759 885 mectata
787 829 984 895 succis,
1043 846 1112 884 ne
1151 829 1387 885 arefacta
1414 829 1765 885 dissolvatur.
1827 830 1972 884 Deus
2009 826 2109 883 di-

519 917 663 972 citur
691 916 778 972 vis
813 919 906 972 illa
939 918 1291 973 inell'abiliter
1315 935 1529 991 magna,
1553 927 1606 974 et
1627 917 2108 974 innumerabiliter

519 1009 760 1078 sapiens,
821 1013 882 1060 ut
935 1007 1198 1078 scriptum
1256 1015 1374 1063 est:
1465 1030 1484 1054 ι
1535 1008 1765 1079 Magnus
1835 1008 2107 1064 Dominus

523 1105 725 1162 noster,
757 1103 808 1150 et
840 1112 1031 1167 magna
1067 1096 1244 1151 virtus
1273 1093 1409 1166 ejus,
1444 1106 1498 1152 et
1537 1095 1817 1168 sapientiai
1846 1094 1966 1167 ejus
1993 1113 2105 1154 non

521 1192 600 1240 est
629 1202 888 1241 numerus
921 1187 1094 1254 (Psal.
1123 1204 1308 1256 chVI,
1344 1190 1436 1260 6);
1469 1213 1488 1237 ι
1522 1195 1576 1244 θῐ
1604 1188 2108 1263 incomparabiliter

519 1275 726 1340 suavis,
754 1284 814 1331 ut
842 1277 972 1333 alibi
1005 1277 1170 1335 dicit:
1235 1303 1253 1327 σ
1283 1279 1480 1336 Suavis
1509 1282 1782 1338 Dominus
1810 1281 2103 1349 universis,

519 1373 571 1421 et
599 1365 974 1422 miserationes
1003 1367 1121 1437 ejus
1150 1384 1313 1440 super
1339 1369 1525 1424 omnia
1567 1385 1730 1441 opera
1757 1368 1876 1440 ejus
1930 1370 2102 1439 (Psal.

519 1470 706 1520 exnrv,
735 1455 816 1527 9}.
849 1481 867 1503 ι
928 1457 1014 1510 Ex
1044 1473 1169 1528 qua.
1221 1464 1276 1511 et
1314 1473 1410 1528 per
1437 1473 1622 1530 quam,
1656 1466 1709 1514 et
1744 1457 1800 1512 in
1839 1474 1945 1530 qua
1979 1465 2109 1514 sunt

519 1545 725 1613 omnia,
785 1562 904 1618 quze
951 1554 1117 1613 sunt;
1177 1555 1442 1616 reguntur
1493 1546 1702 1614 omnia,
1760 1563 1881 1619 qua:
1935 1554 2104 1616 sunt;

517 1635 872 1692 continentur
899 1636 1104 1703 omnia,
1158 1652 1279 1710 quae
1316 1643 1487 1692 sunt:
1535 1637 1726 1692 omnia
1770 1636 1896 1692 dico
1932 1636 2107 1709 ipsam

517 1725 952 1792 universitatem,
977 1743 1098 1800 qua:
1129 1736 1210 1784 est
1239 1733 1438 1794 totum,
1461 1727 1609 1800 quod
1638 1727 1790 1785 aliud
1819 1735 1919 1796 est,
1941 1743 2107 1800 quam

2197 555 2452 610 .multum
2499 571 2664 628 supra
2698 572 2756 612 se
2797 564 3003 623 amoto,
3053 555 3205 628 quod
3246 557 3431 614 omnis
3468 557 3732 626 bonitas,
3786 566 3846 614 et

2214 659 2376 699 omne
2404 643 2634 712 bonum,
2690 651 2745 699 et
2783 643 2966 700 omnis
2993 643 3258 701 bonitatis
3306 653 3362 702 et
3399 645 3536 702 boni
3577 647 3844 703 dulcedo

2215 731 2488 789 Creatoris
2533 748 2566 788 a
2602 748 2659 788 se
2691 732 2812 804 ipso
2839 739 2954 789 est:
3005 741 3254 789 creatura
3299 749 3430 790 vero
3471 749 3589 790 non
3636 735 3841 791 solum

2213 821 2360 892 quod
2386 830 2486 889 est,
2529 821 2624 876 sed
2648 821 2814 878 etiam
2843 819 2988 894 quod
3019 820 3145 877 talis
3173 829 3274 889 est,
3321 821 3390 877 ab
3421 823 3536 878 alio
3564 831 3675 892 est,
3715 839 3843 878 non

2213 927 2245 966 a
2281 928 2374 969 se:
2422 919 2477 968 et
2505 913 2622 985 ipse
2653 911 2802 985 quod
2836 920 2938 980 est,
2987 928 3203 984 semper
3229 919 3332 968 est.
3394 913 3551 970 Licet
3597 921 3659 970 et
3708 913 3844 985 ipsa

2212 1003 2397 1059 anima
2429 1002 2594 1059 modo
2623 1003 2861 1076 quodam
2895 1019 3002 1059 suo
3022 1001 3496 1060 incommutabilis
3527 1011 3652 1071 est;
3693 1020 3839 1060 nam

2213 1107 2428 1164 semper
2455 1091 2640 1148 anima
2666 1101 2769 1161 est,
2828 1099 3124 1166 postquam
3154 1108 3270 1148 esse
3297 1093 3547 1165 coeperit,
3597 1101 3660 1150 et
3697 1094 3836 1161 scit,

2212 1188 2267 1236 et
2316 1182 2457 1238 scire
2495 1182 2637 1238 vult.
2687 1181 2980 1254 Comparet
3025 1197 3177 1254 ergo,
3231 1191 3295 1239 ut
3334 1182 3480 1249 dixi,
3527 1199 3588 1240 se
3631 1184 3840 1239 anima

2213 1286 2278 1326 eo
2325 1270 2512 1340 modo,
2569 1287 2678 1344 quo
2733 1280 2933 1343 potest,
2990 1271 3228 1328 creatori
3278 1288 3418 1341 suo;
3475 1280 3541 1328 ut
3595 1271 3840 1328 dicatur

2214 1375 2369 1416 mens
2397 1361 2574 1429 Pater,
2604 1361 2732 1434 quia
2762 1361 2937 1432 gignit
2961 1361 3139 1418 scire:
3189 1359 3406 1418 dicatur
3435 1361 3581 1418 scire
3611 1361 3836 1430 Filius,

2214 1451 2344 1524 quia
2370 1467 2439 1506 ex
2467 1450 2579 1506 alio
2607 1458 2709 1518 est,
2735 1459 2790 1506 et
2814 1466 2928 1506 non
2955 1458 3036 1507 est
3064 1449 3234 1520 aliud,
3257 1467 3421 1524 quam
3457 1451 3647 1522 ipsum
3671 1449 3838 1524 quod

2216 1544 2331 1618 ipse
2383 1553 2485 1613 est,
2555 1561 2627 1601 ex
2681 1561 2790 1617 quo
2844 1551 2928 1601 est
2978 1563 2991 1601 :
3075 1545 3293 1602 dicatur
3347 1562 3504 1602 amor
3573 1545 3840 1619 Spiritus

2215 1643 2458 1702 sanctus,
2507 1636 2638 1709 quia
2665 1635 2954 1693 amborum
2985 1643 3067 1693 est
3095 1652 3310 1706 eorum,
3359 1635 3455 1709 qui
3503 1652 3562 1692 se
3600 1643 3834 1692 amant.

2219 1726 2375 1782 Unde
2431 1727 2488 1782 in
2535 1725 2736 1782 nostris
2785 1724 3084 1798 Scripturis
3129 1723 3329 1796 saepius
3370 1740 3546 1792 amor,
3601 1723 3665 1780 id
3715 1730 3834 1792 est,

429 1849 438 1856 -
514 1817 629 1890 ipse
674 1817 768 1890 qui
799 1816 948 1882 fecit,
997 1824 1050 1870 et
1090 1832 1200 1872 non
1239 1825 1320 1872 est
1348 1817 1559 1873 factus:
1603 1817 1698 1874 sed
1734 1817 1849 1890 ipse
1893 1825 1976 1874 est
2020 1833 2089 1872 ex
2134 1827 2180 1888 Β
2218 1816 2476 1886 charitas,
2533 1833 2655 1890 qua;
2686 1815 2744 1872 iu
2774 1817 2889 1872 Deo
2919 1821 3001 1871 est
3023 1831 3151 1887 erga
3177 1831 3300 1884 nos,
3342 1821 3398 1870 et
3425 1829 3549 1887 qua
3583 1829 3619 1870 a
3653 1814 3838 1872 nobis

515 1923 643 1979 quo,
693 1914 746 1961 et
773 1905 866 1978 qui
896 1921 965 1960 ex
998 1921 1080 1976 eo,
1141 1914 1196 1962 et
1223 1923 1332 1980 quo
1362 1906 1480 1979 (2);
1527 1907 1672 1980 quod
1709 1908 1855 1963 Deus
1895 1923 1966 1964 ex
1995 1923 2104 1980 quo

515 2002 617 2062 est,
661 1994 820 2050 Pater
847 1993 1054 2050 dicitur
1093 2011 1125 2050 a
1161 1994 1322 2050 nobis
1365 1993 1696 2068 pauperibus
1723 2011 1907 2064 sensu,
1959 2012 2105 2068 pau-

515 2083 826 2158 perioribus
855 2085 1036 2140 verbis
1056 2103 1078 2150 ;
1119 2085 1265 2158 quod
1292 2085 1386 2158 qui
1425 2101 1494 2140 ex
1522 2101 1608 2153 eo,
1658 2085 1831 2140 Filius
1859 2083 2098 2141 dicitur:

517 2173 664 2246 quod
692 2191 801 2247 quo
830 2173 1066 2246 Spiritus
1094 2182 1334 2230 sanctus.
1359 2172 1486 2229 Ideo
1514 2182 1696 2229 autem
1727 2173 1935 2230 dicitur
1957 2175 2105 2230 Deus

516 2261 706 2328 Pater;
758 2262 888 2334 quia
926 2261 1039 2332 ipse
1069 2269 1150 2316 est
1178 2277 1247 2317 ex
1275 2278 1404 2334 quo,
1455 2270 1508 2317 et
1548 2261 1813 2334 sapientia
1845 2269 1945 2332 est,
1995 2279 2104 2335 qua

517 2352 846 2409 ordinantur
905 2351 1128 2408 omnia:
1191 2358 1246 2407 et
1318 2351 1563 2420 dilectio,
1633 2369 1740 2426 qua
1789 2369 1846 2408 se
1909 2353 2106 2408 volunt

516 2445 702 2501 omnia
732 2445 810 2501 ita
842 2461 1082 2514 manere,
1124 2453 1184 2500 ut
1213 2443 1473 2500 ordinata
1499 2451 1649 2499 sunt.
1699 2445 1785 2498 Ex
1815 2459 1924 2514 quo
1950 2459 2098 2513 ergo,

515 2543 568 2590 et
597 2534 694 2608 qui
724 2551 793 2590 ex
823 2551 908 2603 eo,
951 2538 1096 2598 612
1151 2541 1206 2588 et
1251 2549 1362 2605 quo
1403 2549 1460 2588 se
1504 2532 1766 2606 diligunt,
1820 2531 1937 2604 ipsa
1991 2530 2102 2586 duo

515 2632 619 2688 tria
648 2641 796 2700 sunt,
843 2639 897 2688 et
925 2631 1023 2688 illa
1050 2633 1156 2687 tria
1185 2631 1310 2688 ideo
1342 2649 1516 2688 unum
1541 2650 1554 2699 ;
1597 2632 1725 2704 quia
1751 2631 1835 2688 sic
1873 2638 2004 2686 sunt
2031 2645 2101 2684 ex

511 2738 622 2777 uno
647 2721 744 2777 illa
771 2721 902 2790 duo,
956 2728 1018 2776 ut
1047 2727 1228 2776 tamen
1256 2720 1324 2776 ab
1355 2720 1474 2792 ipso
1513 2737 1624 2776 non
1667 2721 1779 2776 sint
1809 2727 2055 2792 separata
2084 2735 2096 2772 :

509 2811 602 2868 sed
641 2829 710 2868 ex
739 2811 857 2883 ipso
885 2819 1035 2878 sunt,
1089 2811 1219 2884 quia
1247 2827 1358 2866 non
1387 2827 1418 2866 a
1451 2826 1507 2866 se
1537 2827 1548 2865 :
1600 2817 1654 2865 et
1681 2809 1742 2866 in
1769 2809 1908 2882 ipso,
1973 2807 2102 2880 quia

509 2919 621 2960 non
650 2911 926 2976 separata:
980 2910 1035 2958 et
1063 2903 1242 2975 ipsum
1282 2901 1400 2974 ipsa
1441 2899 1588 2974 quod
1620 2899 1758 2973 ipse,
1815 2909 1870 2956 et
1918 2900 2100 2972 ipsum

509 2993 626 3064 ipse
655 2992 799 3065 quod
832 2993 984 3064 ipsa;
1035 3000 1090 3047 et
1118 3008 1230 3047 non
1258 2991 1438 3062 ipsum
1473 2991 1589 3061 ipsa
1616 2990 1712 3062 qui
1743 2991 1879 3062 ipse,
1907 2997 1962 3046 et
1987 3007 2100 3046 non

508 3084 626 3156 ipsa
656 3085 770 3156 ipse
801 3100 920 3157 qua;
949 3084 1084 3156 ipsa.
1133 3083 1234 3139 Vis
1276 3083 1382 3138 ista
1421 3084 1566 3138 Deus
1605 3089 1684 3136 est
1729 3082 1834 3154 (3),
1881 3089 1936 3137 et
1986 3082 2099 3153 ipse

2212 1905 2271 1961 in
2300 1907 2498 1974 Deum,
2537 1905 2776 1978 Spiritus
2807 1904 2924 1977 ipse
2951 1905 3294 1978 appellatur:
3327 1911 3384 1961 et
3411 1903 3529 1961 haec
3556 1903 3628 1961 de
3661 1904 3836 1961 ima.-

2211 1995 2356 2068 gine,
2381 2011 2415 2050 o
2442 1993 2800 2051 dilectissime
2839 1993 2943 2064 ﬁli,
2974 1994 3194 2052 habeto.

2281 2083 2509 2140 CAPUT
2546 2085 2640 2140 III.
2677 2115 2737 2124 -
2771 2085 2928 2140 Nunc
2955 2099 3086 2139 vero
3124 2083 3194 2139 de
3220 2081 3594 2139 similitudine
3620 2081 3838 2156 aliqua

2211 2171 2478 2242 intellige,
2527 2187 2650 2242 quas
2698 2171 3008 2228 minoribus
3046 2169 3327 2227 cernenda
3367 2178 3488 2237 est;
3543 2177 3609 2226 ut
3666 2170 3836 2227 sicut

2210 2263 2356 2318 Deus
2381 2261 2625 2328 Creator,
2655 2259 2749 2333 qui
2780 2260 3061 2316 hominem
3091 2259 3160 2316 ad
3184 2258 3618 2316 similitudinem
3649 2275 3830 2316 suam

2209 2349 2439 2417 creavit,
2497 2357 2580 2405 est
2606 2349 2870 2418 charitas,
2921 2357 3004 2405 est
3031 2348 3212 2406 bonus
3240 2356 3294 2406 et
3315 2347 3522 2422 justus,
3579 2348 3823 2420 patiens

2209 2453 2370 2517 atque
2399 2443 2572 2510 mitis,
2621 2445 2864 2501 mundus
2890 2451 2946 2500 et
2975 2445 3308 2513 misericors,
3356 2451 3413 2500 et
3441 2451 3645 2501 caetera
3681 2443 3829 2498 vir-

2208 2539 2388 2588 tutum
2419 2540 2730 2589 sanctarum
2763 2532 3022 2606 insignia,
3053 2550 3174 2606 qua:
3203 2532 3270 2590 de
3297 2550 3362 2590 eo
3393 2533 3658 2604 leguntur
3685 2549 3697 2587 :
3731 2531 3828 2586 ita

2209 2623 2376 2680 homo
2405 2632 2620 2680 creatus
2649 2631 2750 2691 est,
2796 2633 2857 2680 ut
2886 2623 3210 2680 charitatem
3244 2621 3490 2691 haberet,
3530 2628 3593 2678 ut
3621 2621 3828 2678 bonus

2208 2721 2349 2770 esset
2378 2722 2430 2769 et
2456 2712 2659 2785 justus,
2715 2721 2776 2769 ut
2807 2713 3020 2786 patiens
3048 2721 3212 2785 atque
3241 2712 3416 2781 mitis,
3465 2711 3714 2768 mundus
3755 2719 3823 2768 et

2209 2803 2521 2860 misericors
2551 2803 2709 2860 foret.
2734 2803 2880 2872 Quas
2908 2804 3144 2861 virtutes
3175 2810 3383 2876 quanto
3413 2803 3538 2876 plus
3565 2801 3825 2876 quisque

2209 2904 2267 2960 in
2302 2902 2482 2974 seipso
2511 2900 2696 2970 habet,
2733 2909 2887 2958 tanto
2917 2901 3144 2974 propius
3172 2909 3255 2958 est
3282 2902 3418 2968 Deo,
3453 2907 3508 2955 et
3533 2897 3822 2972 majorem

2208 2992 2294 3049 sui
2325 2991 2627 3048 conditoris
2657 2991 2798 3062 gerit
2829 2990 3281 3047 similitudinem.
3341 2990 3396 3046 Si
3437 3005 3590 3056 vero,
3647 2986 3821 3061 quod

2205 3081 2369 3150 absit,
2391 3080 2590 3153 aliquis
2621 3096 2716 3152 per
2741 3079 2904 3136 devia
2931 3079 3220 3146 vitiorum,
3262 3085 3317 3136 et
3345 3077 3584 3135 divortia
3611 3077 3822 3134 crimi-

507 3175 654 3230 Deus
680 3173 786 3229 tria
825 3179 927 3241 est,
971 3179 1024 3228 et
1063 3171 1493 3245 unumquodque
1525 3169 1722 3226 horum
1754 3170 1922 3226 trium
1953 3171 2099 3228 Deus
2128 3187 2172 3247 ί]
2204 3186 2337 3234 num
2369 3168 2436 3224 ab
2464 3168 2568 3226 hac
2593 3167 2939 3225 nobilissima
2964 3168 3049 3225 sui
3079 3165 3387 3224 conditoris
3427 3163 3819 3223 similitudine

507 3271 608 3332 est,
649 3270 702 3318 et
726 3263 912 3318 omnia
940 3261 1048 3318 tria
1075 3261 1173 3316 illa
1201 3277 1313 3316 non
1339 3259 1441 3328 dii,
1476 3259 1571 3316 sed
1600 3261 1746 3316 Deus
1775 3267 1876 3316 est.

576 3351 662 3408 Ad
692 3351 985 3424 imaginem
1016 3367 1144 3422 ergo
1173 3366 1329 3407 suam
1359 3347 1635 3417 conditor,
1665 3355 1726 3404 ut
1747 3347 1956 3404 dictum
1989 3355 2092 3416 est,

504 3439 636 3496 fecit
667 3440 908 3495 animam
938 3438 1202 3507 hominis,
1221 3455 1340 3512 quae
1364 3446 1479 3495 tota
1507 3437 1713 3494 dicitur
1739 3437 1944 3493 anima.
1973 3438 2096 3494 Non

504 3537 686 3585 autem
715 3529 867 3586 aliud
901 3529 1145 3585 hominis
1183 3544 1347 3602 quam
1375 3527 1615 3583 animam
1643 3525 1918 3599 signiﬁco,
1968 3543 2094 3585 cum

505 3625 742 3673 mentem
771 3617 924 3674 dico:
980 3616 1076 3674 sed
1116 3626 1336 3689 propter
1363 3617 1514 3673 aliud
1545 3616 1808 3684 animam,
1856 3625 1912 3673 et
1959 3632 2096 3689 pro—

502 3715 624 3779 pter
651 3706 802 3763 aliud
831 3716 1088 3764 mentem.
1111 3708 1249 3764 Nam
1270 3715 1448 3763 totum
1479 3706 1626 3780 quod
1655 3705 1821 3774 vivit,
1843 3704 2093 3763 hominis

503 3795 689 3852 anima
715 3805 797 3853 est
825 3813 837 3852 :
889 3813 1014 3853 cum
1043 3803 1225 3853 autem
1256 3797 1442 3852 anima
1474 3796 1531 3851 in
1561 3811 1618 3852 se
1647 3795 1760 3867 agit
1791 3811 1870 3864 se,
1920 3803 1974 3852 et
2021 3811 2092 3850 ex

503 3902 582 3951 se,
635 3893 689 3942 et
717 3903 814 3958 per
851 3903 930 3955 se,
993 3888 1109 3944 sola
1154 3903 1308 3943 mens
1334 3886 1447 3944 dici
1478 3886 1658 3942 solet:
1717 3901 1910 3942 sensus
1960 3901 2092 3941 vero

502 3975 570 4030 ad
597 3990 694 4032 sua
713 3974 1020 4033 ministeria
1042 3975 1296 4050 implens,
1319 3975 1638 4033 consuetins
1656 3974 1842 4030 anima
1859 3973 2088 4030 dicitur.

503 4066 655 4121 Mens
699 4082 826 4138 ergo
864 4065 1004 4123 scire
1033 4067 1226 4139 gignit,
1279 4073 1334 4122 et
1378 4073 1525 4122 amat
1559 4065 1718 4134 scire,
1767 4063 1915 4137 quod
1965 4064 2088 4121 scit.

503 4155 626 4210 Non
655 4155 794 4212 illud
821 4157 962 4212 scire
995 4156 1140 4224 dico,
1174 4173 1284 4230 quo
1312 4164 1534 4228 repente
1564 4156 1738 4212 scitur
1768 4171 1855 4211 res
1882 4155 2088 4226 aliqua,

504 4259 626 4315 quae
653 4252 778 4299 ante
808 4243 1005 4300 nesciri
1033 4245 1360 4316 putabatur:
1393 4244 1487 4300 sed
1518 4244 1681 4313 illud,
1711 4242 1858 4300 unde
1893 4249 1948 4298 et
1975 4242 2091 4296 ali-

505 4329 652 4402 quod
705 4337 760 4387 et
801 4347 962 4387 omne
995 4331 1264 4404 quidquid
1307 4333 1480 4389 scitur
1521 4333 1606 4388 vel
1649 4332 1916 4401 nescitur,
1959 4330 2089 4387 sciri

504 4428 699 4492 potest.
749 4420 894 4477 Illud
923 4438 1050 4494 ergo
1077 4422 1215 4479 scire
1243 4439 1396 4479 mens
1421 4422 1616 4494 gignit,
1669 4431 1724 4478 et
1759 4437 1884 4478 cum
1929 4421 2093 4494 geni-

2206 3258 2440 3330 degener
2477 3259 2714 3326 oberrat,
2776 3266 2911 3314 tunc
2963 3255 3056 3313 ﬁet
3107 3255 3174 3314 de
3230 3271 3295 3312 eo
3341 3253 3488 3329 quod
3524 3253 3816 3327 scriptum

2204 3357 2322 3404 est:
2369 3349 2475 3404 «Et
2504 3348 2671 3404 homo
2698 3363 2823 3405 cum
2856 3347 2915 3402 in
2939 3347 3151 3404 honore
3178 3355 3340 3416 esset,
3352 3361 3465 3402 non
3492 3344 3812 3414 intellexit;

2203 3447 2550 3514 comparatus
2594 3441 2676 3496 est
2717 3440 2990 3513 jumentis
3031 3438 3448 3512 insipientibus,
3497 3446 3554 3496 et
3593 3438 3817 3496 similis

2204 3531 2381 3588 factus
2409 3539 2490 3587 est
2517 3529 2630 3588 illis
2659 3531 2833 3604 (Psal.
2864 3547 3063 3600 xnvm,
3098 3529 3214 3602 l3).
3248 3553 3268 3579 ι

2272 3619 2377 3689 Qui
2417 3618 2592 3692 major
2628 3619 2806 3675 honor
2853 3619 3034 3692 potuit
3077 3618 3294 3676 homini
3334 3633 3472 3687 esse,
3522 3633 3690 3692 quam
3735 3625 3814 3674 ut

2205 3707 2273 3764 ad
2299 3707 2721 3765 similitudinem
2749 3707 2839 3764 sui
2866 3707 3091 3764 factoris
3117 3707 3471 3776 conderetur,
3497 3713 3554 3762 et
3581 3705 3808 3764 eisdem

2200 3797 2471 3854 virtutum
2495 3797 2839 3855 vestimentis
2857 3805 3146 3854 ornaretur
3173 3815 3187 3862 ;
3207 3797 3410 3872 quibus
3433 3804 3490 3853 et
3512 3794 3810 3866 conditor,

2201 3887 2270 3944 de
2301 3905 2411 3964 quo
2443 3888 2678 3962 legitur:
2735 3911 2755 3936 ι
2789 3890 3062 3946 Dominus
3091 3889 3367 3961 regnavit,
3405 3887 3664 3945 decorem
3697 3888 3810 3946 in-

2201 3976 2366 4034 dutus
2393 3983 2474 4033 est
2512 3977 2686 4047 (Psal.
2718 3993 2852 4045 xcn,
2887 3977 2965 4050 1),
2997 4001 3018 4025 ι
3077 3977 3136 4032 id
3161 3984 3262 4044 est,
3315 3978 3568 4034 omnium
3602 3977 3807 4036 virtu-

2199 4073 2317 4122 tum
2347 4063 2652 4138 splendore,
2702 4071 2757 4120 et
2784 4065 2955 4120 totius
2982 4063 3248 4120 bonitatis
3285 4063 3480 4120 decore
3513 4075 3752 4125 ornatus
3770 4069 3804 4126 7

2199 4154 2300 4210 Vel
2330 4151 2477 4227 quod
2508 4151 2683 4223 majus
2714 4150 2929 4208 homini
2959 4158 3135 4224 potest
3162 4167 3280 4210 esse
3309 4151 3571 4224 dedecus,
3589 4163 3693 4214 aut
3709 4157 3799 4215 in-

2199 4241 2414 4298 felicior
2453 4239 2696 4308 miseria,
2743 4255 2907 4313 quam
2950 4247 3012 4296 ut
3043 4239 3147 4298 hac
3175 4239 3565 4300 similitudinis
3613 4245 3800 4317 gloria

2199 4333 2284 4388 sui
2311 4330 2615 4388 conditoris
2634 4330 2850 4400 amissa,
2869 4329 2939 4387 ad
2967 4329 3260 4387 informem
3275 4338 3330 4387 et
3347 4331 3798 4394 irrationabilem

2197 4421 2486 4478 brutorum
2507 4419 2887 4494 jumentorum
2919 4419 3206 4479 delabatur
3232 4421 3664 4482 similitudinem
3691 4425 3724 4484 ?

503 4517 621 4565 tum
651 4519 752 4578 est,
802 4510 1029 4568 scientia
1059 4519 1236 4584 potest
1264 4510 1396 4568 dici.
1452 4511 1593 4568 Sunt
1637 4527 1765 4582 ergo
1799 4509 1915 4583 jam
1954 4509 2086 4579 duo,
2123 4554 2169 4612 Β
2270 4512 2630 4586 Quapropter,
2689 4528 2722 4568 ο
2764 4511 3143 4580 dilectissime,
3203 4513 3434 4586 quisque
3462 4513 3798 4587 diligentius

505 4617 678 4669 mens,
735 4607 788 4656 et
843 4601 989 4674 quod
1041 4602 1159 4674 ipsa
1214 4618 1369 4658 mens
1423 4603 1558 4659 scit:
1636 4609 1804 4658 restat
1857 4601 2086 4656 tertium

503 4689 791 4762 utriusque
843 4705 1154 4746 commune.
1203 4690 1400 4747 Omnis
1442 4705 1596 4746 mens
1637 4689 1910 4763 quidquid
1961 4689 2088 4758 scit,

503 4787 648 4834 amat
681 4778 840 4834 scire.
895 4781 1068 4834 Amor
1093 4795 1206 4834 non
1241 4779 1426 4835 minus
1454 4794 1618 4852 quam
1648 4779 1793 4836 inter
1819 4778 1958 4834 duos
1986 4785 2086 4846 est,

503 4874 797 4935 amantem,
829 4875 883 4922 et
911 4867 1058 4940 quod
1084 4874 1318 4924 amatur.
1355 4868 1506 4924 Unus
1534 4875 1616 4924 est
1643 4883 1770 4940 ergo
1798 4867 2088 4928 amborum
2135 4897 2140 4903 ο

501 4971 674 5024 amor,
723 4957 818 5028 qui
844 4964 900 5012 et
928 4957 1124 5014 tertius
1153 4964 1255 5014 est.
1311 4957 1434 5013 Non
1463 4963 1644 5014 autem
1684 4964 1863 5030 potest
1903 4957 2089 5030 negari

502 5043 606 5101 hoc
653 5051 832 5101 totum
860 5061 1029 5101 unam
1079 5062 1195 5102 esse
1231 5046 1494 5115 animam,
1541 5055 1594 5103 et
1631 5062 1798 5104 unam
1844 5046 2088 5103 animam

501 5132 618 5191 haec
646 5133 753 5189 tria
778 5149 926 5200 esse;
971 5133 1116 5191 sicut
1141 5133 1293 5192 enim
1323 5134 1441 5192 haec
1471 5135 1578 5192 tria
1606 5152 1734 5193 vere
1761 5152 1872 5194 una
1901 5138 2088 5194 anima

499 5233 648 5295 sunt,
679 5225 760 5283 sic
787 5242 898 5283 non
937 5227 1123 5284 minus
1155 5242 1282 5284 vere
1311 5244 1422 5284 una
1453 5227 1639 5285 anima
1667 5235 1750 5286 est
1776 5227 1885 5286 hoc
1911 5245 2086 5286 unum

497 5323 552 5370 et
585 5315 690 5372 hoc
717 5315 950 5372 alterum
979 5323 1032 5372 et
1058 5314 1163 5373 hoc
1191 5317 1438 5373 tertium.

567 5401 862 5474 Comparet
900 5404 1070 5477 igitur
1118 5421 1174 5462 se
1215 5405 1336 5462 haac
1380 5414 1634 5463 creatura
1677 5414 1788 5464 tam
1837 5407 2087 5466 eminens

427 5589 437 5596 .
501 5606 535 5617 ,Δ
571 5538 651 5610 (1)
692 5539 1042 5617 Dilectissime
1062 5540 1715 5617 ﬁli,hanc_apostrophen
1745 5541 1840 5604 hic
1860 5552 1917 5603 et
1937 5543 2085 5601 infra

499 5611 801 5686 iter-urnae
820 5611 983 5686 tertio
1013 5611 1169 5668 Rom.
1205 5611 1702 5686 editio'jugularat.

571 5678 649 5747 (2)
689 5679 848 5734 Rom.
883 5680 1018 5737 edit.
1048 5700 1114 5738 ea:
1139 5700 1266 5755 quo,
1282 5701 1382 5756 per
1402 5678 1591 5757 'qu'em,
1617 5692 1667 5742 et
1690 5686 1750 5742 in
1776 5702 1902 5759 quo.

2198 4600 2444 4658 attendat
2494 4601 2684 4674 prima:
2724 4600 3065 4659 conditionis
3113 4617 3225 4658 suae
3272 4601 3679 4672 excellentiam,
3737 4615 3796 4664 et

2197 4690 2565 4748 venerandam
2606 4691 2666 4748 in
2691 4689 2868 4764 seipso
2909 4698 3113 4748 sancta
3153 4689 3440 4748 Trinitatis
3486 4691 3796 4766 imaginem

2197 4788 2472 4851 agnoscat,
2494 4779 2870 4852 honoremque
2895 4778 3285 4838 similitudinis
3307 4780 3516 4839 divinae
3534 4781 3604 4839 ad
3623 4799 3792 4856 quem

2197 4876 2410 4926 creatus
2445 4877 2547 4938 est,
2594 4868 2885 4926 nobilitate
2915 4885 3156 4939 morum,
3191 4869 3462 4928 exercitio
3487 4870 3790 4946 virtutum,

2196 4958 2466 5033 dignitate
2494 4959 2817 5016 meritorum
2847 4957 3050 5016 habere
3077 4958 3410 5028 contendat;
3467 4967 3530 5016 ut
3565 4964 3792 5035 quando

2196 5056 2450 5122 appareat
2502 5048 2680 5122 qualis
2727 5047 2822 5116 sit,
2878 5055 3015 5106 tunc
3063 5049 3263 5106 similis
3320 5049 3370 5106 ei
3410 5059 3681 5123 appareat
3733 5057 3796 5128 (ι

2195 5139 2352 5196 Joan.
2385 5155 2472 5208 ιιι,
2502 5139 2585 5208 2),
2629 5139 2724 5214 qui
2766 5154 2824 5196 se
2861 5137 3194 5196 mirabiliter
3237 5137 3308 5195 ad
3351 5139 3784 5202 similitudinem

2194 5245 2347 5284 suam
2377 5227 2436 5284 in
2465 5228 2644 5301 primo
2671 5227 2850 5286 Adam
2877 5225 3152 5298 condidit,
3175 5227 3600 5305 mirabiliusque
3627 5231 3688 5290 in
3706 5251 3784 5292 se-

2193 5317 2375 5376 cundo
2404 5317 2748 5376 reformavit.

2191 5545 2592 5678 Degeﬁadem
2623 5544 2784 5616 edit.,
2829 5551 3009 5605 etnon
3037 5547 3157 5624 ipsa
3184 5563 3302 5622 qua:
3321 5545 3458 5624 ipsa.
3513 5549 3628 5608 Ista
3679 5550 3782 5611 duo
