3964 6370
100 400 246 457 1109
1534 398 1735 455 ΕΧΟΒι

1820 397 1999 456 SMUS.
3280 396 3416 454 1110

1425 679 2108 765 MONITUM.

175 981 435 1055 Sequens
464 980 804 1038 exorcismus
830 998 859 1035 e
891 980 1159 1038 Vaticano
1186 978 1377 1036 codice
1406 995 1679 1034 annorum
1711 976 1837 1045 600,
1876 978 1935 1033 in
1965 993 2073 1050 quo
2104 975 2460 1032 Ambrosium
2500 982 2779 1032 auctorem
2825 973 3066 1047 prmfert,
3105 974 3414 1049 exscriptus

100 1068 240 1126 fuit.
291 1070 566 1138 Quamvis
602 1076 785 1126 autem
820 1069 879 1125 in
914 1071 1161 1126 Romano
1195 1068 1401 1125 Bituali
1430 1066 1577 1122 idem
1608 1066 1909 1133 habeatur;
1955 1066 2085 1138 quia
2118 1074 2301 1121 tamen
2331 1063 2450 1120 illic
2476 1063 2777 1120 dissecatus
2804 1071 2886 1119 est
2914 1063 2972 1119 in
3004 1064 3182 1120 varias
3212 1071 3411 1136 partes,

99 1174 164 1213 ac
194 1158 347 1215 locis
396 1159 561 1215 etiam
594 1159 883 1215 nonnullis
927 1167 1024 1214 aut
1069 1157 1273 1214 additis
1318 1163 1415 1212 aut
1455 1156 1764 1211 immutatis
1790 1155 2064 1224 diversus,
2103 1170 2229 1210 eum
2272 1153 2342 1209 ad
2379 1152 2742 1225 manuscripti
2785 1152 2950 1208 ﬁdem
2993 1152 3086 1210 hic
3127 1151 3409 1221 exhibere,

98 1248 360 1304 maxime
389 1248 460 1306 ob
495 1248 688 1321 scripti
716 1248 1065 1317 brevitatem,
1098 1264 1210 1304 non
1239 1262 1431 1304 sumus
1456 1245 1687 1318 gravati.

993 1544 2549 1720 EXORCISMUS.

176 1949 338 2008 613
380 1942 744 2018 Omnipotens
787 1943 1039 2013 Domine,
1080 1942 1326 2003 Verbum
1371 1941 1472 2000 Dei
1511 1940 1712 2017 Patris,
1740 1944 1789 2006 Α
1821 1937 1882 1994 in
1931 1937 2112 2010 ignem
2157 1944 2441 2006 aeternum,
2491 1953 2652 2011 quem
2697 1934 3025 2010 praeparavit
3062 1940 3210 1999 614
3255 1935 3415 1994 Pater

94 2044 325 2103 Christe
360 2045 507 2113 Jesu,
538 2046 685 2100 Deus
715 2051 769 2099 et
805 2044 1076 2100 Dominus
1106 2045 1381 2101 universa;
1427 2052 1709 2114 creaturae,

95 2132 190 2207 qui
249 2133 468 2190 sanctis
517 2133 780 2204 apostolis
828 2132 940 2189 tuis
980 2141 1300 2206 potestatem
1348 2134 1548 2191 dedisti
1592 2135 1714 2190 cal-

98 2222 267 2280 candi
326 2240 496 2295 supra
523 2232 802 2295 serpentes
831 2231 885 2280 et
913 2225 1227 2297 scorpiones
1261 2243 1272 2281 :
1316 2226 1408 2299 qui
1441 2225 1586 2281 inter
1614 2243 1713 2283 cae-

100 2321 216 2369 tera
294 2311 644 2368 mirabilium
720 2319 944 2368 tuorum
1019 2321 1287 2386 praecepta
1349 2314 1605 2387 dignatus
1657 2332 1714 2371 es

95 2408 286 2465 dicere
354 2426 367 2464 :
444 2431 463 2455 ‹
520 2410 810 2465 Daemones
862 2408 1097 2480 eﬂ‘ugate
1154 2409 1368 2480 (Matth.
1422 2426 1480 2477 x,
1537 2408 1638 2479 8);
1680 2432 1699 2456 ›

95 2499 263 2573 cujus
311 2498 524 2555 virtute
553 2499 736 2555 victus
772 2506 1031 2571 tanquam
1064 2498 1248 2570 fulgur
1277 2497 1344 2553 de
1385 2498 1524 2554 caelo
1553 2498 1715 2554 Sata-

101 2606 199 2645 nas
258 2589 527 2647 cecidit:
596 2596 751 2644 tuum
809 2604 1011 2644 nomen
1065 2604 1190 2643 cum
1246 2589 1445 2642 timore
1501 2595 1553 2642 et
1608 2596 1714 2642 tre-

99 2692 255 2732 more
300 2678 540 2749 supplex
587 2692 799 2748 precor,
848 2683 911 2731 ut
954 2674 1339 2746 indignissimo
1391 2673 1551 2743 mihi,
1589 2674 1715 2729 data

102 2765 271 2821 venia
317 2765 574 2820 omnium
619 2763 971 2831 delictorum,
1018 2762 1407 2820 conﬁdentiam
1447 2770 1500 2818 et
1529 2763 1713 2835 possi-

98 2854 387 2912 bilitatem
418 2854 622 2910 donare
669 2854 956 2926 dignetur;
1003 2861 1064 2909 ut
1093 2853 1243 2910 hunc
1270 2853 1545 2909 crudelem
1578 2853 1714 2908 dra-

99 2960 297 3000 conem
333 2942 551 2999 brachii
580 2943 663 2999 tui
692 2942 942 2999 munitus
969 2942 1233 3016 potentia,
1274 2942 1510 2998 ﬁdeliter
1539 2952 1591 2998 et
1620 2959 1715 2998 se-

98 3050 269 3090 curus
321 3033 629 3106 aggrediar.
680 3032 891 3106 Adjuro
934 3041 987 3089 te
1025 3049 1170 3104 ergo,
1226 3034 1405 3088 omnis
1458 3033 1715 3087 immun-

100 3123 337 3180 dissime
384 3123 632 3195 spiritus,
669 3140 834 3179 omne
864 3122 1210 3196 phantasma,
1256 3122 1437 3177 omnis
1471 3121 1714 3177 incursio

100 3213 343 3281 Satanae,
379 3212 435 3268 in
469 3213 675 3269 virtute
726 3212 971 3269 nominis
1017 3212 1246 3281 Christi,
1298 3211 1391 3284 qui
1422 3220 1542 3285 post
1573 3215 1715 3268 lava-

1821 2053 1975 2092 meus
1995 2034 2215 2092 diabolo
2238 2042 2291 2089 et
2320 2035 2525 2106 angelis
2549 2032 2666 2105 ejus
2697 2034 2906 2106 (Matth.
2932 2050 3065 2102 xxv,
3094 2034 3210 2107 41).
3234 2059 3254 2084 ι
3291 2034 3415 2090 Tibi

1822 2126 1991 2193 enim,
2015 2125 2202 2196 impie,
2227 2132 2280 2180 et
2303 2124 2511 2196 angelis
2531 2124 2642 2179 tuis
2662 2122 2865 2179 vermis
2885 2123 2980 2195 qui
3001 2139 3281 2196 nunquam
3304 2139 3419 2179 mo-

1821 2215 2007 2271 ritur:
2041 2213 2143 2270 tibi
2193 2221 2247 2268 et
2290 2212 2497 2286 angelis
2547 2213 2659 2269 tuis
2713 2211 3167 2283 inexstinguibile
3214 2228 3418 2285 prmpa-

1823 2314 1975 2362 ratur
2007 2306 2325 2362 incendium
2353 2326 2366 2374 ;
2424 2307 2553 2380 quia
2580 2314 2641 2362 tu
2671 2323 2747 2375 es,
2784 2305 3093 2376 maledicte,
3129 2304 3417 2362 homicidii

1825 2395 2100 2468 princeps,
2149 2402 2212 2449 tu
2240 2401 2433 2450 auctor
2462 2394 2680 2462 incesti,
2725 2403 2786 2450 tu
2815 2395 3202 2466 sacrilegorum
3233 2401 3418 2465 caput,

1831 2491 1889 2539 tu
1941 2482 2143 2537 artium
2194 2483 2554 2554 pessimarum
2604 2487 2880 2553 magister,
2927 2491 2988 2538 tu
3035 2482 3408 2537 haereticorun‘

1823 2573 2034 2641 doctor,
2084 2580 2146 2627 tu
2187 2572 2358 2627 totius
2398 2571 2754 2627 obscenitatis
2800 2572 3077 2626 inventor.
3115 2571 3225 2626 Exi
3268 2587 3415 2642 ergo,

1823 2662 2013 2733 impie,
2059 2659 2170 2728 exi,
2222 2661 2503 2726 scelerate,
2551 2660 2641 2714 exi
2671 2675 2795 2715 cum
2828 2659 2980 2713 omni
3028 2658 3246 2714 fallacia
3274 2667 3407 2725 tua;

1823 2750 1952 2821 quia
2000 2748 2280 2803 hominem
2332 2749 2599 2818 templum
2647 2764 2808 2802 suum
2857 2747 3037 2802 voluit
3083 2763 3198 2803 esse
3248 2748 3417 2803 Deus.

1823 2838 1928 2894 Sed
1958 2838 2090 2910 quid
2121 2837 2334 2892 diutius
2377 2836 2651 2891 moraris?
2697 2838 2779 2891 Da
2823 2834 3090 2891 honorem
3130 2837 3243 2891 Deo
3271 2835 3421 2891 Patri

1823 2926 2216 2999 omnipotenti,
2262 2926 2352 2982 cui
2391 2924 2553 2981 omne
2597 2924 2835 2981 ﬂectitur
2882 2941 3067 2996 genu:
3110 2924 3180 2980 da
3236 2925 3419 2981 locum

1825 3017 2046 3075 Christo
2077 3016 2224 3083 Jesu,
2257 3015 2351 3088 qui
2385 3032 2482 3086 pro
2512 3013 2737 3070 homine
2779 3030 2940 3070 suum
2983 3013 3306 3085 sanguinem
3336 3013 3421 3069 fu-

1824 3106 1909 3161 dit
1943 3125 1953 3161 :
1988 3105 2057 3161 da
2087 3105 2268 3159 locum
2319 3103 2550 3176 Spiritui
2592 3111 2804 3172 sancto,
2856 3103 2950 3175 qui
2979 3112 3032 3159 te
3061 3120 3159 3176 per
3197 3102 3420 3159 beatum

1824 3198 2138 3271 apostolum
2173 3213 2333 3253 suum
2384 3197 2607 3252 Petrum
2654 3195 3029 3251 manifestavit
3071 3195 3127 3250 in
3177 3195 3421 3275 Simone,

101 3318 258 3358 crum
297 3301 559 3358 Jordanis
590 3302 647 3357 in
679 3302 953 3358 desertum
985 3302 1185 3359 ductus
1215 3283 1329 3372 est,
1358 3310 1410 3358 et
1423 3283 1498 3358 Sin
1526 3304 1639 3359 tuis
1667 3311 1719 3358 te
1748 3304 1793 3365 B
1825 3287 1919 3359 qni
1952 3285 2228 3341 fallaciam
2270 3292 2419 3339 tuam
2451 3284 2506 3339 in
2542 3284 2763 3339 Αηθοηίδ
2798 3292 2852 3340 εἴ
2898 3283 3131 3356 saphil'a
3166 3283 3423 3339 condem'

105 3390 336 3447 sedibus
371 3389 546 3459 vicit;
578 3399 643 3447 ut
673 3407 835 3463 quem
866 3391 959 3447 ille
987 3392 1055 3448 de
1084 3392 1218 3447 limo
1248 3401 1404 3447 terra:
1432 3392 1503 3448 ad
1529 3392 1716 3447 hono-

104 3496 215 3535 rem
253 3479 447 3553 gloriae
481 3497 591 3536 suae
637 3480 920 3548 formavit,
949 3488 1010 3535 tu
1038 3480 1254 3536 desinas
1289 3481 1631 3553 impugnare,
1661 3489 1714 3538 et

104 3568 157 3623 in
208 3569 446 3626 homine
480 3570 782 3625 miserabili
830 3586 940 3626 non
987 3569 1285 3625 humanam
1333 3570 1708 3642 fragilitatem,

105 3657 195 3713 sed
227 3658 636 3732 omnipotentis
663 3658 762 3714 Dei
792 3658 1087 3730 imaginem
1126 3660 1538 3716 contremiscas.
1570 3661 1711 3718 Cede

104 3765 228 3823 ergo
259 3754 404 3818 Deo,
462 3751 555 3823 qui
585 3759 637 3806 te
670 3750 730 3804 in
772 3749 1063 3807 humiliato
1093 3752 1302 3808 famulo
1357 3770 1456 3808 suo
1503 3752 1604 3808 Job
1651 3752 1709 3809 in

106 3843 431 3899 servitutem
475 3839 730 3912 redegit:
777 3841 909 3897 cede
950 3843 1083 3910 Deo,
1133 3841 1226 3914 qui
1269 3849 1323 3898 te
1352 3852 1405 3898 et
1448 3843 1705 3899 militiam

107 3937 251 3989 tuam
285 3925 347 3987 in
396 3929 700 4009 Pharaone,
743 3941 797 3988 et
825 3930 883 3986 in
913 3930 1030 4003 ejus
1067 3931 1313 3989 exercitu
1358 3948 1455 4004 per
1482 3933 1706 4003 Moysen
1737 3994 1763 4017 ρ

107 4035 322 4077 servum
357 4036 517 4075 suum
547 4008 806 4077 demersit
836 4020 895 4077 in
924 4021 1183 4093 abyssum
1220 4039 1230 4076 :
1279 4021 1409 4079 cede
1446 4024 1579 4089 Deo,
1612 4019 1709 4094 qui

106 4116 155 4165 te
183 4128 279 4184 per
306 4112 595 4169 Danielem
628 4128 860 4185 puerum
891 4129 1051 4168 suum
1084 4113 1143 4168 in
1188 4112 1312 4167 Beel
1345 4112 1605 4185 perdidit,
1654 4126 1708 4178 et

108 4199 162 4254 in
191 4200 430 4258 dracone
480 4202 815 4275 prostravit:
876 4202 1005 4258 cede
1041 4204 1173 4271 Deo,
1218 4202 1312 4274 qui
1343 4210 1395 4257 te
1436 4217 1531 4274 per
1563 4200 1709 4255 fide-

110 4290 381 4351 lissimum
434 4311 593 4350 suum
651 4293 831 4351 David
868 4293 945 4369 de
993 4294 1152 4349 Saule
1197 4311 1320 4366 rege
1369 4292 1707 4366 spiritalibus

109 4385 335 4441 canticis
365 4386 586 4458 pulsum
618 4384 834 4458 fugavit
867 4402 878 4439 :
930 4384 1062 4440 cede
1092 4386 1227 4452 Deo,
1259 4384 1355 4457 qui
1398 4392 1451 4439 te
1480 4384 1538 4445 in
1568 4382 1707 4439 Juda

112 4472 368 4531 traditore
397 4474 708 4531 damnavit.
758 4474 856 4530 Ille
885 4473 1033 4529 enim
1063 4481 1117 4529 te
1146 4490 1295 4529 nunc
1332 4472 1541 4529 divinis
1570 4490 1705 4529 ver—

110 4558 327 4619 beribus
358 4563 494 4636 agit,
527 4562 585 4618 in
615 4561 773 4634 cujus
819 4569 1116 4634 conspectu
1164 4579 1290 4619 cum
1341 4562 1451 4618 tuis
1477 4561 1703 4634 legioni-

1826 3378 2001 3447 navit,
2055 3377 2147 3451 qui
2197 3384 2251 3432 te
2286 3377 2343 3431 in
2392 3375 2607 3431 Herode
2658 3391 2782 3447 rege
2834 3374 3099 3430 honorem
3147 3376 3261 3431 Deo
3307 3390 3419 3430 non

1825 3466 1988 3523 dante
2033 3466 2321 3538 percussit,
2371 3464 2463 3537 qui
2496 3472 2550 3520 te
2594 3463 2652 3518 in
2681 3462 2917 3536 pessimo
2958 3479 3116 3534 mago
3148 3479 3244 3535 per
3272 3478 3417 3536 apo-

1824 3557 2027 3613 stolum
2059 3573 2220 3611 suum
2257 3555 2486 3611 Paulum
2518 3552 2779 3612 caecitatis
2807 3552 3040 3624 caligine
3067 3551 3327 3625 perfudit,
3365 3559 3420 3608 et

1820 3668 1917 3725 per
1944 3650 2198 3706 eumdem
2242 3649 2310 3705 de
2353 3649 2679 3722 pythonissa
2722 3646 2892 3703 verbo
2940 3646 3218 3719 imperans
3265 3646 3419 3702 exire

1819 3741 2095 3814 praecepit.
2118 3739 2351 3796 Discede
2378 3755 2506 3812 ergo
2527 3755 2697 3805 nunc,
2723 3736 2962 3805 discede,
2994 3736 3280 3804 seductor;
3312 3735 3418 3792 tibi

1820 3832 1967 3886 enim
2001 3847 2216 3885 eremus
2258 3829 2410 3885 sedes
2444 3836 2544 3896 est,
2592 3827 2699 3883 tibi
2735 3826 3004 3883 habitatio
3047 3842 3269 3899 serpens
3312 3835 3414 3883 est.

1818 3919 2144 3987 Humiliare,
2200 3927 2588 3992 prosternere:
2649 3933 2763 3973 non
2819 3924 2899 3973 est
2948 3916 3063 3988 jam
3125 3914 3417 3973 differendi

1817 4016 2052 4079 tempus.
2106 4010 2247 4065 Ecce
2278 4007 2426 4063 enim
2476 4008 2791 4063 dominator
2817 4005 3086 4061 Dominus
3116 4005 3415 4079 proximat,

1816 4098 1926 4154 cito
1978 4098 2121 4171 ignis
2168 4106 2292 4154 ante
2342 4098 2521 4169 ipsum
2569 4095 2803 4164 ardebit,
2851 4103 2905 4152 et
2952 4094 3319 4152 inﬂammabit
3356 4097 3417 4152 in

1817 4192 2055 4248 circuitu
2107 4192 2366 4247 inimicos
2414 4208 2561 4247 suos.
2616 4191 2672 4247 Si
2716 4189 2865 4246 enim
2908 4189 3191 4245 hominem
3244 4187 3413 4258 fallis,

1815 4283 2117 4338 Dominum
2150 4297 2261 4336 non
2307 4288 2460 4353 potes
2508 4278 2755 4335 irridere.
2807 4278 2906 4334 Ille
2945 4285 2999 4334 te
3042 4276 3214 4349 ejicit,
3257 4276 3417 4350 cujus

1813 4372 1990 4429 oculis
2041 4371 2184 4427 nihil
2230 4371 2506 4426 occultum
2543 4377 2668 4425 est:
2720 4368 2814 4424 ille
2865 4375 2918 4424 te
2965 4368 3214 4439 expellit,
3257 4366 3415 4440 cujus

1817 4461 2017 4517 virtuti
2048 4460 2311 4516 universa
2336 4458 2579 4531 subjecta
2611 4464 2742 4514 sunt
2771 4476 2783 4513 :
2816 4457 2911 4512 ille
2932 4463 2988 4511 te
3016 4455 3282 4523 excludit,
3310 4454 3410 4528 qui

1811 4548 1918 4605 tibi
1949 4556 2002 4605 et
2032 4549 2244 4621 angelis
2277 4548 2389 4605 tuis
2415 4557 2670 4604 aeternam
2713 4542 3037 4619 praeparavit
3080 4542 3408 4616 gehennam,

112 4650 207 4708 bus
231 4635 476 4711 tremens
520 4654 795 4711 clamabas
825 4672 836 4710 ε
900 4677 918 4700 ι
951 4653 1094 4721 Quid
1122 4652 1283 4709 nobis
1311 4661 1365 4708 et
1409 4651 1532 4721 tibi,
1573 4653 1701 4709 Jesu
1735 4668 1778 4730 α
1811 4639 1877 4696 de
1909 4638 2067 4730 cuius
2106 4656 2199 4730 ore
2229 4640 2379 4694 exiet
2408 4637 2620 4730 gladius
2648 4636 2735 4693 bis
2760 4642 2973 4730 acutus,
3010 4635 3107 4707 qui
3140 4638 3408 4730 venturus

114 4739 187 4796 ﬁli
210 4744 388 4800 David
409 4743 438 4800 7
468 4743 670 4800 venisti
690 4751 815 4799 ante
835 4751 1051 4816 tempus
1081 4751 1331 4816 torquere
1356 4758 1457 4798 nos
1480 4742 1692 4814 (Matth.

1806 4737 1888 4787 est
1916 4729 1975 4785 in
2018 4729 2230 4802 Spiritu
2274 4735 2463 4784 sancto
2487 4724 2737 4798 judicare
2764 4723 3025 4780 saeculum
3074 4738 3172 4796 per
3199 4722 3403 4795 ignem,

116 4848 229 4902 VIII,
260 4834 377 4909 29).
410 4860 430 4886 ι
488 4836 589 4893 Ille
618 4843 671 4892 te
701 4834 938 4892 flammis
966 4832 1243 4907 perpetuis
1290 4842 1468 4906 urget,
1513 4834 1608 4907 qui
1638 4834 1698 4890 in
1804 4834 1984 4874 amen-

116 4920 216 4981 ﬁne
241 4934 556 5002 temporum
584 4925 837 4985 dicturus
863 4932 945 4983 est
971 4924 1185 5000 impiis:
1225 4948 1244 4975 ι
1270 4926 1372 4996 Ite,
1393 4924 1696 4992 maledicti,
