3964 6386
522 419 652 476 1111

1529 416 1627 472 AD
1666 412 1899 472 OPEBA
1936 412 1992 469 S.
2028 409 2362 470 AMBROSII
2398 408 2779 469 APPENDIX.

3726 405 3888 464 1112

528 573 3882 617 ὼ

1564 764 2762 940 APPENDIX

1044 1060 1235 1209 AD
1356 1057 1843 1208 OPERA
1954 1052 2458 1205 SANCTI
2542 1047 3276 1205 AMBROSII.

1696 1556 2031 1643 PARS
2115 1554 2652 1643 ALTERA

840 1737 1278 1825 coniplectens
1326 1735 1644 1824 opuscula
1691 1754 1839 1825 quae
1886 1735 1954 1805 in
2002 1736 2288 1805 editione
2332 1731 2752 1806 Benedictina
2800 1747 2933 1799 non
2979 1736 3133 1799 sunt
3177 1729 3490 1801 admissa.

1301 2107 1799 2187 ADMONITIO
1877 2109 1968 2183 IN
2035 2106 2263 2183 ACTA
2336 2109 2412 2184 S.
2487 2106 3044 2184 SEBASTIANI.

1619 2274 1769 2338 (Acta
1798 2272 1899 2326 SS.
1938 2270 2176 2327 Bolland.
2210 2270 2424 2323 Januar.
2460 2277 2585 2321 tom.
2622 2268 2722 2336 Il.)

598 2638 648 2693 1.
707 2633 865 2693 Illius
937 2650 999 2689 ac
1064 2630 1327 2688 sociorum
1397 2632 1533 2688 Acta
1607 2637 1770 2689 censet
1841 2632 2114 2689 Baronius
2140 2653 2189 2714 Α

522 2746 613 2787 an.
645 2727 768 2796 286,
799 2743 945 2782 num.
980 2725 1033 2795 2,
1075 2742 1188 2781 esse
1218 2723 1463 2796 legitima
1490 2741 1553 2782 ac
1581 2724 1746 2797 digna
1775 2741 1895 2798 quas
1923 2725 2124 2781 Anna-

523 2818 669 2875 libus
698 2824 1036 2874 attexantur.
1081 2816 1310 2873 Joannes
1346 2815 1587 2871 Hesselsa
1628 2814 1888 2879 Lovanio,
1918 2814 2124 2871 Μοιαηὶ

523 2908 792 2980 magister,
812 2907 871 2961 in
890 2922 1112 2961 censura
1126 2905 1188 2959 de
1206 2904 1521 2975 quibusdam
1539 2910 1842 2959 sanctorum
1860 2904 2118 2974 historiis,

524 2997 654 3053 satis
693 2996 961 3067 alioquin,
990 3002 1050 3050 ut
1078 2994 1210 3050 alibi
1237 3012 1273 3049 a
1299 2993 1447 3048 nobis
1475 2993 1766 3048 indicatum
1796 3000 1890 3060 est,
1919 3012 2119 3062 severa,

524 3084 632 3139 ista
688 3084 875 3139 scribit
920 3100 936 3139 :
993 3082 1048 3140 S.
1107 3081 1413 3138 Sebastiani
1459 3089 1573 3137 tota
1626 3082 1804 3152 passio
1862 3082 2120 3139 omnibus

526 3172 706 3229 modis
736 3173 936 3245 placet,
967 3171 1027 3228 in
1055 3187 1164 3245 qua
1192 3172 1494 3227 multorum
1519 3170 1755 3227 aliorum
1785 3171 1964 3244 passio
1992 3188 2117 3229 con-

526 3262 756 3319 tinetur.

594 3442 647 3499 2.
687 3442 769 3499 Ea
795 3440 955 3511 Acta,
999 3439 1175 3512 inquit
1205 3440 1527 3509 Galesinius,
1573 3457 1605 3496 a
1628 3448 1828 3499 sancta
1858 3442 2118 3501 Romanae

520 3531 782 3588 Ecclesia:
833 3530 1067 3587 notariis
1109 3530 1424 3603 conscripta
1469 3539 1752 3604 putantur.
1800 3532 1867 3588 Id
1908 3532 2119 3603 quidem

522 3624 670 3680 nobis
706 3623 918 3678 minime
961 3624 1178 3679 dubium
1216 3630 1332 3690 est;
1370 3629 1429 3679 at
1451 3640 1558 3679 non
1594 3622 1864 3694 fortassis,
1896 3631 1957 3680 ut
1979 3642 2117 3681 nunc

522 3714 580 3769 in
606 3712 850 3768 manibus
895 3720 1034 3770 sunt.
1093 3713 1223 3769 .Vam
1269 3713 1458 3768 horum
1501 3720 1686 3769 auctor
1720 3714 1775 3771 S.
1805 3714 2115 3771 Ambrosius

522 3808 643 3858 ante
682 3818 851 3857 annos
895 3801 1001 3859 800
1046 3802 1273 3859 habitus.
1331 3803 1419 3859 Ita
1464 3804 1747 3859 monachus
1798 3819 2112 3875 anonymus,

523 3909 627 3948 non
677 3892 1003 3962 ineruditus,
1059 3892 1152 3964 qui
1199 3892 2004 3965 translationem.reliquiarum
2054 3896 2111 3953 S.

526 3981 913 4084 §ebastianiin
960 3982 1215 4084 Galliam,
1344 3999 1452 4084 qua
1480 4000 1625 4084 mox,
1670 3983 1965 4084 descripsit,
1994 4000 2110 4056 cap.
2141 4024 2187 4084 Β

523 4071 579 4137 6,
608 4088 753 4129 num.
786 4072 855 4129 22
885 4089 898 4129 :
950 4072 1174 4129 Alacres
1219 4071 1385 4130 simul
1432 4071 1645 4129 vadunt
1679 4072 1753 4129 ad
1792 4073 1973 4130 locum
2005 4088 2118 4130 non

519 4157 634 4230 jam
664 4159 954 4231 ignotum;
995 4162 1039 4216 si
1079 4160 1302 4234 quidem
1350 4178 1420 4217 ex
1460 4162 1599 4219 serie
1637 4161 1905 4235 passionis
1942 4161 2059 4235 ejus
2087 4178 2118 4219 a

532 4246 588 4303 S.
619 4247 917 4304 Ambrosio
952 4249 1261 4305 luculenter
1288 4249 1449 4306 editae
1478 4250 1803 4321 didicerant,
1855 4251 2118 4310 milliario

524 4336 693 4394 tertio
715 4334 782 4392 ab
810 4336 967 4407 urbe,
998 4337 1118 4395 loco
1149 4338 1241 4411 qui
1272 4338 1342 4394 ob
1369 4340 1661 4398 stationem
1692 4335 1919 4398 navium
1949 4340 2118 4401 Cata-

524 4425 752 4483 cumbas
780 4424 1087 4494 dicebatur,
1134 4428 1455 4502 praecepisse
1497 4446 1593 4503 per
1637 4431 1819 4488 visum
1863 4431 2115 4488 eumdem

524 4517 904 4574 beatissimum
950 4526 1246 4592 martyrem
1291 4520 1513 4577 Lucinae
1562 4520 1781 4578 cuidam
1828 4530 2112 4590 matronae,

525 4608 743 4682 sepeliri
777 4625 834 4666 se
874 4608 944 4666 ad
984 4610 1215 4683 vestigia
1259 4612 1630 4684 apostolorum
1681 4612 1828 4669 Petri
1856 4620 1909 4669 et
1937 4614 2111 4671 Pauli.

523 4700 597 4754 Et
623 4698 681 4753 in
721 4699 970 4770 Epilogo,
1008 4716 1154 4755 num.
1190 4698 1335 4757 10οι
1374 4700 1633 4773 Quisquis
1676 4717 1806 4759 sane
1856 4702 2116 4760 fastidio-

525 4809 636 4861 sus,
685 4791 908 4849 lautiori
954 4792 1140 4850 edulio
1168 4793 1380 4867 appetis
1418 4793 1627 4864 satiari,
1675 4794 1825 4853 hunc
1865 4804 2115 4854 nostrum

524 4882 799 4939 furfurem
842 4890 1196 4957 postponens,
1245 4884 1578 4942 sanctissimi
1625 4884 1800 4942 Patris
1835 4886 2117 4943 Ambrosii

526 4988 684 5044 opus,
715 4972 863 5045 quod
891 4972 958 5028 de
990 4972 1157 5045 hujus
1176 4973 1460 5046 triumpho
1481 4974 1681 5033 omlitis
1718 4975 1913 5045 edidit,
1936 4976 2115 5050 inqui-

524 5076 671 5129 rens,
722 5060 782 5116 in
811 5077 876 5118 eo
905 5062 1141 5133 reperies
1193 5063 1465 5121 ferculum
1504 5065 1777 5123 ditissime
1816 5067 2115 5133 refertum;

524 5150 683 5224 cujus
711 5149 976 5209 delicioso
1005 5151 1304 5210 admodum
1340 5154 1560 5226 siligine
1591 5157 1771 5227 palato
1795 5156 1999 5215 mentis
2027 5156 2117 5215 de-

526 5248 763 5314 gustato,
792 5239 1426 5316 delectabiliter'poteris
1451 5243 1708 5317 saginari.

595 5423 648 5479 3.
689 5424 865 5495 Neque
892 5424 1108 5495 mirum,
1156 5430 1218 5480 ut
1255 5425 1491 5481 aliorum
1528 5430 1850 5496 sanctorum,
1898 5427 1977 5484 ita
2015 5429 2117 5487 Se-

526 5511 774 5584 bastiani,
823 5514 1124 5573 Mediolano
1165 5514 1384 5572 oriundi
1422 5514 1494 5571 ad
1521 5514 1994 5575 Mediolanensium
2022 5518 2115 5574 in-

525 5604 870 5673 ﬂammandos
907 5606 1037 5679 pari
1081 5605 1304 5663 virtutis
1344 5607 1540 5663 ardore
1583 5606 1811 5676 animos,
1847 5610 2117 5682 praeclara

525 5693 833 5761 certamina,
864 5701 959 5750 aut
1000 5696 1279 5753 tradidisse
1318 5698 1492 5769 ipsum
1537 5698 1725 5753 litteris
1763 5700 2021 5771 primum,
2053 5715 2117 5754 ea:

530 5779 791 5851 majorum
818 5783 897 5838 vel
934 5799 1184 5853 sermone,
1227 5787 1307 5842 vel
1332 5786 1737 5855 commentariis,
1785 5793 1879 5842 aut
1904 5786 1970 5842 ab
1992 5786 2119 5843 aliis

2223 2632 2422 2689 tradita
2464 2632 2826 2705 interpolasse.
2884 2634 3061 2706 Neque
3101 2634 3271 2707 stylus
3304 2634 3370 2692 ab
3407 2634 3689 2693 Ambrosii
3724 2637 3855 2693 ele-

2231 2722 2410 2794 gantia
2438 2727 2486 2777 et
2509 2721 2768 2793 gravitate
2793 2724 3015 2779 multum
3040 2724 3251 2783 recedit.

2286 2811 2355 2877 ,4.
2396 2814 2483 2869 Εα
2511 2812 2646 2869 Acta
2673 2813 2946 2871 Rosweido
2977 2820 3157 2869 nostro
3202 2831 3269 2869 ea:
3294 2830 3416 2869 mss.
3466 2813 3857 2886 Rebdorﬂ'ensi

2230 2918 2391 2974 prope
2443 2904 2780 2975 Egstadium,
2836 2905 3165 2976 Eystadiano
3216 2906 3329 2962 PP.
3381 2905 3852 2977 Praedicatorum,

2230 2993 2305 3051 M.
2348 2992 2560 3061 Velseri,
2593 2994 2649 3049 S.
2677 2993 2904 3050 Martini
2931 2994 3165 3050 Treviris
3184 2993 3443 3067 descripta
3464 3012 3485 3061 ;
3509 2996 3851 3054 contulimus

2229 3099 2344 3137 cum
2388 3099 2511 3137 mss.
2574 3083 2628 3139 S.
2663 3082 2881 3152 Gisleni,
2944 3083 2998 3139 8.
3044 3083 3364 3150 Audomari,
3402 3084 3458 3141 8.
3513 3084 3845 3155 Maximini,

2226 3172 2519 3245 Ripatorii,
2573 3172 2820 3245 aliisque,
2880 3178 2928 3228 et
2976 3173 3177 3231 Bonini
3228 3173 3524 3231 Mombritii
3577 3175 3843 3233 editione.

2229 3265 2356 3332 Quae
2407 3263 2627 3319 Livinus
2666 3264 2922 3320 Brechtus
2975 3263 3402 3335 Antuerpiensis,
3447 3264 3728 3334 minorita,
3762 3282 3849 3322 ea:

2225 3369 2323 3409 ms.
2376 3353 2737 3411 Mechliniensi
2772 3344 3011 3423 (mutato
3048 3362 3232 3410 tamen
3265 3352 3526 3410 nonnihil
3570 3354 3742 3429 stylo,
3772 3361 3851 3411 ut

2227 3448 2449 3498 testatur
2504 3444 2774 3510 Molanus,
2824 3450 2872 3499 et
2919 3449 3061 3515 patet
3101 3445 3307 3516 legenti)
3363 3443 3591 3501 Louanii
3637 3444 3839 3511 edidit,

2224 3532 2515 3602 dicavitque
2549 3533 2717 3603 Viglio
2745 3533 3023 3589 Zuichemo
3070 3533 3277 3590 concilii
3309 3531 3538 3590 Ccesarei
3578 3531 3840 3604 prasidi,

2223 3622 2318 3678 hoc
2352 3622 2583 3695 praeﬁxo
2634 3621 2786 3679 titulo
2818 3638 2836 3677 :
2882 3621 3255 3680 Memorabilis
3296 3621 3529 3679 historia
3571 3621 3842 3694 comple-

2222 3719 2375 3769 ctens
2425 3710 2841 3768 conversionem
2899 3718 2955 3767 et
3008 3727 3207 3784 agones
3255 3710 3556 3769 illustrium
3613 3709 3840 3783 aliquot

2223 3808 2555 3874 martyrum,
2610 3817 2723 3857 una
2761 3816 2886 3858 cum
2944 3816 3110 3857 aurea
3165 3799 3549 3858 exhortatione
3589 3798 3660 3856 ad
3698 3798 3839 3858 vita

2223 3891 2508 3962 praesentis
2562 3897 2938 3963 contamptum
2962 3933 2978 3960 ,
3054 3899 3109 3948 et
3167 3900 3383 3948 aeternas
3443 3887 3783 3946 desiderium
3813 3921 3833 3947 ι

2224 3980 2552 4053 opusculum
2587 3978 2783 4036 incerti
2814 3978 3037 4054 quidem
3067 3978 3309 4036 auctoris
3342 3996 3354 4034 :
3397 3976 3493 4034 sed
3520 3994 3554 4034 a
3580 3978 3645 4035 F.
3676 3976 3833 4035 Livi-

2228 4086 2303 4127 no
2333 4069 2569 4127 Brechto
2613 4084 2801 4125 recens
2848 4067 3191 4139 recognitum
3229 4075 3284 4124 et
3321 4074 3713 4139 expurgatum.
3762 4068 3833 4125 In

2227 4158 2451 4230 epistola
2474 4156 2865 4229 nuncupatoria
2892 4156 2996 4213 ista
3026 4156 3179 4213 habet
3204 4173 3222 4212 :
3259 4156 3369 4213 Nos
3392 4154 3640 4211 illustres
3668 4171 3830 4213 mar-

2227 4254 2414 4320 tyrum
2459 4261 2677 4320 agones,
2721 4253 2849 4303 ante
2896 4244 3051 4301 mille
3101 4244 3191 4312 (ni
3223 4243 3411 4317 fallor)
3456 4252 3514 4301 et
3557 4242 3829 4302 ducentos

2228 4352 2401 4394 annos
2431 4336 2855 4410 diligentissime
2883 4333 3246 4408 conscriptos,
3287 4333 3604 4395 Christiano
3630 4333 3825 4393 lectori

2227 4426 2716 4484 communicandos
2745 4424 3029 4484 duximus.

2297 4524 2353 4582 5.
2393 4524 2598 4582 Eadem
2648 4524 2783 4580 Acta
2830 4541 2855 4580 e
2905 4523 3084 4581 Graeco
3141 4518 3399 4581 Simeonis
3451 4519 3826 4594 Metaphrastw

2227 4616 2414 4674 Latine
2440 4614 2597 4671 vertit
2638 4614 2926 4671 Gentianus
2954 4615 3232 4683 Hervetus,
3262 4612 3426 4669 edidit
3457 4611 3707 4683 Alogsius
3734 4612 3825 4669 Li-

2222 4721 2507 4777 pomanus,
2537 4710 2692 4776 atque
2720 4721 2785 4760 ea:
2813 4720 2869 4760 eo
2902 4704 3113 4760 Surius.
3134 4704 3221 4761 Ea
3247 4701 3593 4773 conscripsere
3617 4717 3826 4772 quoque

2228 4794 2452 4851 Iacobus
2487 4793 2550 4851 de
2585 4794 2859 4867 Voragine,
2889 4793 3205 4850 Franciscus
3233 4794 3479 4861 Hamus,
3523 4789 3822 4849 Zacharias

2229 4883 2530 4955 Lippelous,
2570 4882 2859 4940 Ferrarius
2889 4883 2945 4938 in
2973 4883 3148 4939 Catal.
3193 4882 3290 4941 SS.
3323 4881 3517 4949 Italia,
3548 4879 3821 4940 Baronius

2231 4978 2354 5029 tom.
2386 4973 2452 5030 ΙΙ
2473 4973 2700 5043 Annal,
2730 4970 2805 5031 Μ.
2838 4972 3103 5029 Antonius
3135 4972 3412 5043 Georgius,
3442 4971 3669 5026 Joannes
3695 4970 3818 5027 Ba-

2229 5064 2383 5121 silius
2424 5063 2753 5133 Sanctorius,
2800 5062 3153 5122 Ribadeneira
3190 5068 3237 5118 et
3282 5059 3591 5119 Rosweidus
3625 5060 3815 5131 nostri,

2229 5155 2421 5212 Petrus
2460 5154 2523 5211 de
2551 5154 2735 5212 Natat.
2772 5153 2863 5211 lib.
2896 5155 2972 5223 II,
3007 5170 3124 5226 cap.
3160 5151 3282 5218 106,
3310 5149 3527 5207 Gabriel
3557 5151 3815 5221 Flamma,

2228 5252 2278 5301 et
2301 5246 2402 5303 alii
2427 5246 2713 5303 innumeri.
2747 5247 2928 5304 Sermo
2958 5245 3014 5303 8.
3046 5240 3336 5315 Augustini
3362 5241 3423 5297 de
3460 5239 3683 5296 diversis
3708 5257 3814 5296 cen-

2231 5339 2459 5406 tesimus,
2504 5336 2563 5392 in
2591 5336 2704 5408 ejus
2727 5336 2992 5407 sanctique
3014 5333 3244 5392 Fabiani
3275 5330 3450 5388 natali
3476 5330 3683 5387 habitus
3707 5338 3814 5396 est;

2151 5395 2195 5456 ο
2226 5428 2282 5485 s.
2337 5395 2580 5500 Gregorii
2609 5395 2847 5483 'homilia
2894 5395 2985 5493 ἐγ,
3032 5425 3090 5480 in
3124 5422 3346 5480 basilica
3395 5422 3453 5479 s.
3501 5395 3808 5478 Sebastiani.

2222 5517 2473 5575 Aliorum
2515 5518 2807 5574 multorum
2847 5520 3058 5573 exstant
3083 5514 3144 5571 de
3172 5529 3228 5569 eo
3265 5527 3547 5569 sermones.
3579 5510 3811 5583 Legimus

2224 5608 2361 5665 idem
2388 5607 2539 5666 illius
2564 5607 2883 5679 martyrium
2909 5606 2967 5661 in
2992 5620 3090 5660 ms.
3122 5601 3335 5661 Nicolai
3360 5599 3634 5672 Belfortii,
3666 5616 3810 5655 cano-

2224 5697 2331 5753 nici
2374 5696 2637 5769 regularis
2683 5694 3083 5763 Suessionensis,
3132 5691 3364 5750 carmine
3407 5689 3723 5764 descriptum
3745 5690 3809 5750 ab

2230 5786 2461 5846 Oliverio
2493 5785 2740 5846 Conrado
2767 5784 3041 5842 minorita.
