3964 6372
197 404 362 462 1113

1483 402 1670 462 ACTA
1710 403 1764 460 S.
1806 401 2194 461 SEBASTIAN
2199 404 2221 460 Ι

3378 402 3515 460 11M.

709 689 1067 779 ACTA
1153 687 1259 778 S.
1358 687 2178 776 SEBASTIANI
2268 688 3022 775 MARTYRIS.

749 990 977 1049 CAPUT
1014 990 1286 1049 PRIMUM

521 1091 576 1147 S.
613 1088 949 1148 Sebastianus
979 1095 1238 1160 martyres
1265 1088 1487 1144 animat.

281 1184 341 1242 1.
374 1179 728 1240 Sebastianus
772 1180 860 1235 vir
905 1179 1398 1237 christianissimus
1432 1179 1814 1237 Mediolanen—

193 1271 362 1328 sium
395 1270 644 1346 partibus
675 1269 911 1337 eriditis,
954 1269 1096 1327 civis
1127 1270 1208 1343 (1)
1257 1286 1384 1326 vero
1421 1271 1810 1338 Narbonensis,

193 1362 562 1420 Diocletiano
592 1369 646 1417 et
683 1360 1021 1418 Maximiano
1054 1362 1480 1434 imperatoribus
1510 1361 1586 1418 ita
1613 1361 1814 1419 charus

193 1459 352 1520 erat,
386 1461 448 1508 ut
488 1450 857 1525 principatum
891 1451 939 1508 ei
989 1451 1178 1524 primae
1223 1452 1466 1509 cohortis
1516 1451 1813 1522 traderent,

193 1548 256 1598 et
316 1557 422 1597 suo
469 1558 592 1597 eum
652 1540 970 1614 conspectui
1024 1541 1285 1614 juberent
1351 1557 1564 1614 semper
1617 1548 1812 1598 astare.

107 1695 114 1704 ν
193 1630 349 1687 Erat
378 1629 525 1686 enim
556 1629 644 1685 vir
677 1629 848 1687 totius
896 1628 1222 1702 prudentiae,
1255 1630 1311 1686 in
1339 1647 1594 1686 sermone
1622 1647 1813 1698 verax,

101 1709 112 1714 ’
194 1717 260 1776 in
291 1718 516 1790 judicio
539 1717 744 1791 justus,
779 1719 834 1774 in
873 1717 1106 1774 consilio
1151 1719 1438 1790 providus,
1471 1718 1528 1773 in
1562 1719 1814 1775 commis-

195 1824 265 1864 so
301 1807 509 1878 ﬁdelis,
540 1808 599 1864 in
648 1808 966 1864 interventu
997 1815 1274 1875 strenuus,
1319 1807 1377 1862 in
1416 1807 1660 1864 bonitate
1689 1825 1814 1864 con-

195 1900 462 1972 spicuus,
514 1901 571 1958 in
615 1901 873 1958 universa
918 1917 1134 1957 morum
1182 1901 1468 1957 honestate
1499 1901 1812 1974 praeclarus.

196 1990 379 2048 Hunc
432 1989 638 2047 milites
695 2005 759 2047 ac
820 1988 866 2045 si
915 1998 1123 2062 patrem
1172 1989 1617 2058 venerabantur;
1667 1989 1816 2047 hunc

194 2077 485 2148 universi,
527 2079 622 2151 qui
651 2086 920 2151 praeerant
959 2078 1182 2152 palatio,
1225 2078 1550 2136 charissimo
1580 2096 1818 2136 venera-

194 2166 421 2223 bantur
475 2168 714 2226 affectu:
786 2175 900 2224 erat
953 2169 1101 2225 enim
1145 2184 1309 2225 verus
1359 2169 1459 2226 Dei
1515 2171 1714 2238 cultor,
1764 2175 1818 2224 et

194 2271 438 2314 necesse
467 2266 582 2313 erat
621 2265 702 2326 ut,
759 2273 922 2331 quem
978 2257 1080 2316 Dei
1134 2258 1450 2332 perfuderat
1498 2258 1688 2333 gratia,
1749 2257 1816 2314 ab

195 2346 477 2404 omnibus
505 2355 802 2405 amaretur.

278 2444 340 2502 2.
367 2442 589 2503 Christo
611 2445 780 2517 igitur
805 2443 1054 2519 quotidie
1085 2444 1338 2504 sedulum
1369 2445 1669 2504 exhibebat
1701 2445 1814 2503 oﬁi-

196 2532 387 2602 cium,
420 2533 515 2590 sed
563 2533 754 2606 agebat
784 2543 1055 2609 quatenus
1105 2535 1211 2594 hoc
1260 2535 1542 2610 sacrilegis
1597 2529 1818 2609 regibus

197 2630 357 2680 esset
387 2625 690 2694 occultum,
723 2641 834 2680 non
890 2624 1162 2697 passionis
1214 2626 1414 2683 timore
1469 2627 1812 2698 perterritus,

200 2729 312 2770 nec
341 2713 663 2787 patrimonii
713 2715 798 2771 sui
843 2731 1029 2771 amore
1072 2716 1424 2784 constrictus,
1469 2716 1562 2772 sed
1596 2716 1665 2774 ad
1711 2716 1817 2772 hoc

202 2813 434 2864 tantum
465 2805 567 2862 sub
596 2805 890 2881 chlamyde
929 2807 1131 2863 terreni
1163 2807 1380 2879 imperii
1418 2805 1624 2865 Christi
1654 2805 1816 2861 mili-

206 2904 330 2954 tem
365 2893 555 2967 agebat
583 2895 964 2952 absconditum
985 2895 1090 2967 (2),
1123 2905 1185 2952 ut
1213 2895 1655 2954 Christianorum
1686 2895 1815 2952 ani-

204 3000 359 3052 mos,
392 3000 528 3056 quos
572 2985 716 3040 inter
764 2992 1038 3042 tormenta
1066 2985 1290 3043 videbat
1318 2984 1569 3053 deﬁcere,
1601 2985 1814 3041 confor-

202 3080 378 3142 taret,
408 3079 462 3129 et
489 3075 604 3130 Deo
653 3073 904 3131 redderet
932 3075 1142 3133 animas
1172 3091 1305 3148 quas
1347 3073 1601 3132 diabolus
1640 3091 1816 3133 cona-

204 3163 383 3222 batur
412 3162 645 3218 auferre.

283 3253 342 3311 3.
386 3253 635 3328 Denique
664 3261 950 3326 postquam
974 3255 1177 3312 multas
1207 3263 1515 3328 martyrum
1549 3261 1757 3310 mentes
1785 3270 1816 3310 a

207 3343 419 3400 timore
450 3343 718 3414 passionis
761 3343 985 3416 eripuit,
1036 3352 1089 3400 et
1133 3345 1201 3400 ad
1240 3362 1500 3402 coronam
1543 3352 1817 3417 perpetuae

206 3431 404 3504 glorias
435 3431 692 3491 incitavit
723 3449 734 3488 :
772 3433 884 3506 ipse
914 3433 1037 3507 quis
1069 3442 1228 3503 esset,
1273 3435 1546 3508 apparuit,
1571 3436 1703 3507 quia
1736 3435 1814 3490 lu-

206 3536 341 3577 men
374 3519 433 3576 in
466 3521 706 3578 tenebris
722 3521 889 3578 latere
920 3538 1030 3578 non
1053 3523 1252 3595 potuit.
1282 3524 1616 3583 Clarissimis
1648 3523 1818 3596 igitur

207 3609 352 3666 viris
375 3610 728 3668 Marcelliano
748 3619 802 3668 et
829 3612 1011 3668 Marco
1041 3612 1256 3671 duobus
1288 3613 1522 3686 geminis
1551 3613 1817 3670 fratribus

1843 995 1895 1055 A

2558 994 2786 1053 CAPUT
2813 995 2879 1050 ΙΙ.

1921 1090 2259 1149 Marcelliani
2285 1097 2333 1146 et
2368 1091 2542 1150 Marci
2577 1091 2808 1164 graviter
2857 1095 3159 1162 oppugnata
3204 1088 3516 1144 cortstantia.

1994 1181 2053 1238 4.
2094 1181 2199 1250 Qui
2245 1199 2370 1238 cum
2410 1181 2743 1239 beatissimis
2786 1179 3254 1239 consolationibus
3296 1178 3515 1252 acquie-

1923 1285 2158 1340 scerent,
2187 1279 2240 1328 et
2269 1272 2496 1329 verbera
2542 1271 2868 1329 carniﬁcum
2915 1270 3101 1327 animo
3151 1267 3517 1342 perseveranti

1923 1359 2240 1429 transirent,
2272 1362 2559 1434 capitalem
2591 1361 2733 1434 jussi
2765 1368 2894 1418 sunt
2923 1359 3107 1416 subire
3137 1358 3464 1415 sententiam
3502 1374 3513 1412 :

1925 1466 1988 1507 ea
2039 1451 2296 1508 videlicet
2347 1453 2579 1521 ratione,
2639 1462 2701 1509 ut
2755 1453 2800 1509 si
2851 1451 3041 1508 eodem
3091 1458 3369 1508 momento
3411 1465 3519 1522 quo

1925 1539 2232 1596 decollandi
2258 1549 2414 1596 erant
2458 1541 2745 1599 sacriﬁciis
2775 1541 3201 1610 consensissent,
3230 1547 3283 1596 et
3312 1555 3519 1613 paren-

1923 1632 2073 1690 tibus
2128 1633 2244 1690 suis
2291 1642 2346 1690 et
2395 1633 2723 1708 conjugibus
2778 1643 2834 1691 et
2887 1635 3021 1692 ﬁliis
3069 1643 3123 1691 et
3168 1633 3521 1692 facultatibus

1925 1722 2300 1806 redderentur.
2348 1726 2522 1781 Erant
2567 1725 2714 1780 enim
2764 1742 2875 1782 non
2920 1726 3120 1792 solum,
3153 1732 3216 1780 ut
3249 1723 3516 1789 diximus,

1925 1827 2119 1882 genere
2162 1811 2454 1869 clarissimi
2509 1814 2635 1882 viri,
2678 1813 2772 1870 sed
2819 1820 2873 1869 et
2922 1812 3276 1869 facultatibus
3305 1811 3520 1868 dilatati

1928 1901 2010 1973 (3)
2042 1919 2057 1968 ;
2109 1918 2342 1974 quorum
2375 1911 2490 1959 erat
2537 1910 2691 1975 pater
2729 1902 3148 1976 Tranquillinus
3191 1900 3436 1968 nomine,
3467 1905 3521 1955 et

1924 1999 2098 2048 mater
2149 1993 2351 2050 Marcia
2400 1991 2700 2048 vocabatur
2745 2010 2759 2060 ;
2818 1991 2914 2065 qui
2970 1991 3097 2046 illos
3156 1988 3523 2063 sequebantur

1923 2098 2050 2142 cum
2086 2083 2353 2140 uxoribus
2390 2099 2581 2140 eorum
2609 2090 2664 2138 et
2706 2081 2876 2149 ﬁliis;
2925 2080 3100 2137 nimio
3143 2079 3290 2136 enim
3319 2077 3378 2136 in
3408 2077 3523 2134 suis

1925 2180 2217 2254 nepotibus
2245 2179 2588 2236 ducebantur
2631 2179 2849 2235 aﬂ'ectu.
2883 2176 3037 2232 Unde
3083 2175 3289 2232 factum
3319 2181 3422 2242 est,
3463 2179 3525 2228 ut

1925 2269 1992 2325 ab
2041 2269 2294 2342 Agrestio
2343 2268 2424 2339 (4)
2475 2267 2794 2325 Chromatio
2838 2265 2991 2322 urbis
3029 2267 3216 2323 Romae
3269 2263 3524 2336 praefecto

1842 2357 1888 2418 B
1925 2355 2154 2430 triginta
2199 2356 2415 2412 dierum
2464 2355 2717 2412 inducias
2761 2355 3139 2428 impetrarent,
3188 2351 3246 2408 in
3289 2367 3522 2425 quorum

1925 2447 2103 2519 spatio
2137 2453 2391 2518 ageretur
2435 2462 2562 2502 cum
2611 2444 2710 2512 eis,
2765 2453 3036 2516 quatenus
3073 2441 3142 2498 ad
3188 2438 3524 2496 thuriﬁcan-

1925 2535 2057 2592 dum
2087 2534 2252 2590 idolis
2282 2535 2677 2591 consentirent.

1996 2625 2050 2680 5.
2097 2623 2435 2680 Accedentes
2479 2623 2663 2697 itaque
2701 2621 2868 2678 amici
2909 2637 3100 2676 eorum
3139 2618 3208 2676 ad
3260 2634 3374 2688 eos,
3417 2634 3522 2676 cm-

1924 2720 2123 2788 perunt
2153 2712 2333 2770 dicere
2368 2731 2380 2769 :
2416 2712 2568 2769 Unde
2614 2711 2774 2768 vobis
2819 2719 2930 2768 tam
2979 2709 3116 2766 dura
3166 2726 3340 2778 mens,
3385 2716 3523 2764 tam-

1924 2824 2030 2881 que
2089 2807 2331 2863 ferreum
2379 2812 2589 2880 pectus,
2633 2803 2781 2878 quod
2826 2801 3085 2860 canitiem
3138 2800 3393 2875 patimini
3437 2800 3518 2873 (5)

1924 2902 2095 2975 patris
2119 2902 2376 2974 abjicere,
2418 2910 2472 2958 et
2509 2900 2671 2956 matri
2698 2899 2812 2972 jam
2841 2897 3128 2969 decrepitis
3158 2914 3332 2954 novos
3356 2896 3522 2952 dolo-

1925 3007 2010 3047 res
2049 2999 2238 3064 partus
2284 2992 2479 3048 aﬂ'erre
2523 2991 2552 3048 Ῡ
2593 2991 2729 3047 Nam
2781 2989 2878 3046 illa
2923 2997 3110 3062 partus
3173 2988 3258 3044 sui
3306 2987 3523 3044 dolores

1928 3081 2402 3139 consolationibus
2421 3079 2740 3153 superabat,
2773 3079 2906 3134 dum
2937 3077 2995 3133 in
3024 3093 3136 3134 uno
3168 3076 3357 3133 dolore
3385 3075 3522 3131 duos

1928 3171 2074 3228 ﬁlios
2105 3179 2337 3245 pareret,
2387 3177 2440 3226 et
2486 3169 2764 3242 geminum
2807 3167 2948 3240 patri
2996 3165 3252 3224 funderet
3277 3165 3520 3221 ﬁliorum

1928 3263 2185 3319 affectum
2221 3281 2232 3318 :
2287 3277 2434 3318 nunc
2465 3276 2597 3316 vero
2639 3257 2962 3315 insanabilis
2989 3255 3168 3323 dolor,
3216 3252 3520 3310 inconsola-

1925 3351 2058 3408 bilis
2087 3367 2264 3423 pinna,
2295 3348 2718 3406 irremediabilis
2765 3347 3059 3411 cruciatus,
3103 3341 3519 3415 incomparabi-

1927 3441 1996 3496 lis
2021 3447 2210 3512 partus
2241 3439 2321 3510 (6)
2353 3449 2454 3506 est,
2489 3455 2600 3511 quo
2629 3453 2751 3509 spes
2779 3443 2833 3492 et
2860 3433 3120 3508 gaudium
3141 3433 3373 3501 tollitur,
3403 3430 3518 3486 vita

1926 3531 2320 3597 contemnitur,
2363 3528 2640 3601 respuitur
2669 3525 2862 3599 gloria,
2910 3532 2983 3592 et,
3023 3522 3354 3595 contemptis
3402 3537 3514 3578 om-

1925 3620 2089 3677 nibus
2115 3619 2332 3692 pietatis
2368 3617 2674 3685 affectibus,
2703 3614 2896 3683 mortis
2943 3613 3201 3670 atrocitas
3243 3610 3519 3684 appetitur

207 3715 311 3772 pro
345 3698 552 3757 Christi
583 3698 807 3756 nomine
845 3699 904 3755 in
932 3701 1170 3758 vinculis
1197 3702 1534 3770 constitutis,
1568 3701 1817 3776 quotidie
1849 3725 1890 3784 C
1927 3709 2110 3782 potius
2141 3725 2302 3784 quam
2333 3709 2560 3766 timetur
2590 3708 2695 3779 (7).
2738 3705 3097 3762 Obsecramus
3143 3719 3261 3769 vos,
3289 3718 3322 3758 ο
3353 3699 3518 3757 amici

205 3787 475 3846 solatium
505 3787 834 3856 exhibebat;
871 3798 924 3846 et
949 3801 1062 3850 tam
1095 3791 1232 3867 ipsis
1261 3809 1424 3866 quam
1452 3791 1616 3849 etiam
1640 3791 1814 3848 servis

209 3907 432 3960 eorum,
490 3905 615 3946 cum
680 3887 882 3961 quibus
924 3885 1060 3943 tenti
1120 3885 1357 3953 fuerant,
1393 3884 1654 3941 salutaria
1684 3881 1812 3938 ﬁdei

211 3979 452 4040 consilia
482 3977 864 4036 ministrabat:
897 3975 1098 4051 quibus
1120 3965 1362 4048 fugitiva
1391 3974 1576 4032 saeculi
1601 3971 1812 4030 blandi-

214 4078 404 4129 menta
434 4077 770 4144 respuerent,
803 4076 858 4125 et
886 4073 1270 4126 momentanea
1304 4072 1706 4124 tormentorum
1728 4082 1811 4140 ge-

211 4181 344 4223 nera
377 4181 490 4222 non
528 4164 810 4221 timerent.

287 4301 372 4382 (1)
408 4303 492 4382 _Ita
531 4297 794 4382 plerique
808 4297 1064 4382 codices;
1114 4291 1810 4382 quidam,7pa.r‘tiumhcivis.

214 4372 268 4429 S.
295 4365 625 4429 Ambrosius
653 4365 710 4426 in
755 4370 897 4425 Psal.
940 4365 1407 4435 cxvm,'octonar.
1438 4365 1506 4421 20
1540 4382 1552 4420 :
1593 4365 1815 4421 Utamur

214 4446 449 4512 exemplo
476 4442 771 4502 Sebastiani
796 4440 1073 4512 martyr-is,
1129 4437 1213 4507 cuj
1222 4455 1298 4512 us_
1306 4437 1456 4492 hodie
1479 4436 1690 4512 natalis
1709 4442 1809 4512 est.

214 4516 310 4571 Hic
350 4507 760 4572 Mediolanensis
805 4507 1069 4568 oriundus
1111 4517 1203 4564 est.
1248 4507 1516 4565 Fortassis
1557 4514 1653 4562 aut
1689 4507 1810 4576 jam

214 4587 520 4644 discesserat
541 4591 867 4660 persecutor,
915 4589 1009 4638 aut
1033 4582 1204 4660 adhuc
1240 4585 1597 4660 non_oenerat
1623 4579 1813 4660 iniure

211 4660 472 4729 partium,
514 4651 611 4714 a'ut
664 4651 860 4712 mitior
892 4661 1026 4729 eratt
1071 4651 1316 4709 Advertit
1358 4652 1439 4729 hic
1469 4657 1578 4729 aut
1605 4651 1813 4729 nullum

216 4721 336 4800 esse,
369 4721 469 4786 aut
493 4732 964 4802 tepere'certamen.
998 4728 1220 4802 Romam
1267 4723 1539 4802 profectus
1591 4728 1687 4802 esi,
1722 4721 1812 4777 ubi

213 4792 430 4926 propter
657 4801 892 4856 studium
941 4792 1321 4878 persecutiones
1374 4792 1577 4851 acerbae
1631 4792 1813 4863 ferve-

249 4882 360 4926 ant.
401 4874 484 4926 Ibi
512 4889 699 4926 passus
754 4878 848 4926 est.
896 4871 988 4925 hoc
1031 4876 1124 4926 est.
1167 4869 1240 4922 ῑὸι
1292 4873 1593 4922 coronatus.
1627 4866 1813 4926 Itaque

249 4866 360 4930 an't.
400 4866 492 4931 Ibi.
512 4889 699 4938 passus
754 4878 848 4938 est,
896 4866 988 4925 hoc
1031 4876 1124 4935 est,
1167 4868 1240 4922 ibi
1292 4873 1593 4922 coronatus.
1627 4866 1813 4938 Itaque

219 4944 325 5000 illic
353 4963 456 5016 quo
499 4937 678 5016 hospes
723 4937 989 5016 advertit,
1024 4939 1347 5016 domicilium
1395 4937 1812 5016 immortalitatis

216 5007 474 5089 perpetuis
507 5007 800 5089 collocavit.
850 5015 923 5089 At
954 5007 1226 5089 Baronius
1252 5018 1387 5089 tom_.
1420 5011 1488 5089 11,
1522 5024 1650 5089 ann.
1685 5007 1808 5076 284,

220 5080 365 5144 ilum.
393 5089 479 5154 12,
506 5087 699 5145 scribit
725 5104 738 5142 :
774 5087 829 5144 S.
859 5083 1198 5141 Ambrosium
1227 5089 1276 5138 et
1301 5083 1436 5138 alios
1467 5080 1674 5154 tradere
1696 5097 1808 5154 pa-

221 5163 293 5215 tre
320 5151 671 5225 Narbonensi,
723 5165 891 5214 matre
936 5154 1336 5221 Mediolanensi,
1381 5160 1575 5225 natum,
1599 5151 1809 5225 Medio-

225 5229 348 5304 lani.
382 5231 574 5304 Tradit
597 5223 1060 5304 ,Metaphrastes_
1077 5232 1252 5304 ortum
1289 5224 1614 5304 Mediolani;
1674 5223 1810 5304 qui-

222 5297 850 5386 bpsparentibusnsil'iet.
905 5297 1174 5386 sauﬂi'iius
1215 5297 1592 5386 patrenGo'ilo,
1641 5301 1810 5386 niatre

222 5368 612 5443 Mediolanensi,
649 5374 894 5433 Narbone
938 5372 995 5426 in
1050 5368 1322 5443 Viennensi
1373 5369 1566 5443 Gallia_
1600 5373 1806 5443 natum.

221 5443 324 5518 [ioc
377 5436 719 5518 refragantur
769 5444 1054 5518 Tristanus
1112 5440 1366 5509 Calchus,
1398 5447 1492 5496 aut
1539 5436 1810 5518 losophus

223 5509 613 5588 Ripamontiils;
638 5517 730 5574 hic
747 5516 902 5590 addit
921 5521 1144 5590 matrem
1166 5519 1458 5590 propterea
1468 5509 1651 5590 mariti
1669 5509 1807 5564 mor-

227 5591 267 5642 te
289 5583 501 5647 biduum
535 5591 797 5659 retectam,
827 5586 1195 5659 Mediolanum
1225 5600 1350 5642 cum
1363 5583 1499 5659 _ﬁli_o
1527 5583 1694 5659 unico
1719 5595 1805 5659 re-

225 5660 458 5732 vertisse.
510 5653 794 5728 Rabanus,
833 5658 1081 5732 variique
1117 5673 1247 5732 mss.
1282 5674 1292 5712 :
1353 5656 1556 5713 Eodem
1600 5653 1686 5732 die
1721 5653 1799 5732 AS.

229 5729 509 5801 Sebastiani
541 5733 602 5789 de
629 5724 950 5799 Mediolano,
992 5724 1087 5801 qui
1134 5729 1416 5801 intantum,
1473 5736 1577 5784 etc.
1628 5724 1808 5801 Meta—

227 5800 458 5873 phrastes
502 5822 684 5881 genere
726 5805 932 5863 clarum
975 5798 1053 5861 ait
1093 5800 1282 5860 fuisse.
1315 5801 1521 5859 Menaea
1553 5815 1564 5857 :
1599 5798 1690 5870 Εἷς
1719 5808 1809 5866 τῆς

1923 3797 2252 3867 charissimi,
2286 3796 2507 3852 tandem
2539 3795 2626 3852 his
2656 3794 2780 3851 date
2815 3792 3063 3850 cladibus
3108 3789 3295 3858 ﬁnem,
3329 3796 3384 3846 et
3421 3804 3521 3845 vos

1922 3897 2102 3962 patres
2157 3903 2273 3944 esse
2325 3885 2572 3943 dulcium
2623 3883 2868 3941 ﬁliorum
2921 3882 3008 3938 vel
3065 3878 3336 3938 admoniti
3394 3894 3522 3935 me-

1922 3987 2186 4037 mentote.

1991 4080 2044 4138 6.
2079 4081 2206 4137 Haec
2234 4087 2288 4136 et
2319 4078 2406 4135 bis
2433 4076 2640 4134 similia
2667 4074 2858 4132 amicis
2890 4071 3224 4140 dicentibus,
3259 4069 3515 4126 miseram

1922 4189 1980 4231 se
2007 4173 2300 4231 clamitans
2335 4179 2508 4229 mater
2543 4169 2788 4237 advenit,
2821 4175 2876 4225 et
2920 4167 3101 4224 soluto
3145 4164 3323 4239 capite
3350 4176 3516 4220 canos

1921 4322 2205 4397 συγκλήτου
2236 4321 2435 4397 βουλῆς
2479 4321 2731 4397 innexa,
2785 4327 2926 4397 unus
2965 4328 2991 4365 e
3024 4307 3288 4397 senatorio
3329 4307 3517 4397 ordine

1921 4387 2046 4467 fuit.
2096 4387 2427 4453 Guilielmus
2475 4387 2736 4467 (Satellius
2788 4387 3426 4467 Histor:_0_t:citan._lib.
3473 4404 3514 4445 ιι

1921 4458 2150 4524 testatur
2178 4466 2597 4524 commonstrari
2645 4466 2947 4521 etiamnum
2975 4462 3242 4517 Narbona
3284 4458 3512 4514 domum

1921 4540 1974 4596 S.
2005 4539 2330 4604 Sebastiani,
2358 4539 2453 4595 ubi
2483 4536 2711 4595 ecclesia
2737 4545 2860 4609 post
2885 4541 3081 4600 erecta,
3115 4548 3236 4604 quae
3268 4531 3323 4588 S.
3359 4529 3512 4587 Seba-

1921 4612 2081 4666 stiani
2108 4613 2223 4667 nati
2260 4611 2483 4666 dicitur.

1981 4684 2062 4756 (2)
2094 4681 2594 4756 Quidamcodices,
2628 4677 2876 4756 militiam
2903 4675 3283 4756 absconditam.

2020 4748 2075 4817 3)
2105 4748 2217 4810 Alii
2249 4753 2482 4817 codices,
2515 4752 2671 4806 ditati
2697 4769 2713 4812 ;
2741 4749 2858 4817 alii,
2887 4748 3083 4805 ornati.

2020 4757 2052 4810 3
2105 4757 2217 4810 Alii
2249 4757 2482 4817 codices,
2515 4757 2671 4806 ditati
2697 4769 2713 4812 ;
2741 4757 2858 4817 alii,
2887 4757 3083 4805 ornati.

1994 4757 2075 4897 ibi
2109 4825 2242 4892 Alii,
2275 4823 2666 4897 Agrestinouln
2692 4822 2942 4897 catalogo
2971 4818 3372 4897 Praefe‘ctorutii
3400 4815 3515 4897 Ur-

1919 4886 2026 4966 bis,
2057 4886 2258 4968 legitur
2295 4886 2434 4952 (faro
2477 4901 2526 4950 et
2569 4893 2770 4968 Cariae
2813 4886 2967 4968 coss”
3013 4890 3313 4968 praefectus
3346 4886 3516 4968 fuisse

1929 4960 2156 5026 Tit’utiu's
2185 4969 2505 5032 Roburrus;
2551 4965 2750 5022 Carino
2793 4971 2840 5018 et
2881 4960 3225 5028 Numer-iano,
3272 4960 3516 5032 Ceionius

1929 5041 2119 5113 Varus,
2151 5038 2247 5113 qui
2275 5046 2328 5093 et
2367 5037 2612 5113 sequenti
2650 5051 2815 5113 anno,
2854 5034 3175 5113 Diocletiano
3205 5031 3519 5113 e§__Aristo:

1841 5093 1890 5152 D
1922 5093 2637 5182 bulo’icbssii,praefecturam
2671 5093 2852 5179 gessit.
2877 5108 2948 5182 iit
2965 5101 3518 5182 Δνὶᾁθῑιιις-σιινρτηαίὶἰ

1917 5176 2312 5256 θχριιηᾳῑιιῐῐίθ
2343 5176 2795 5256 tabulisnomen,
2819 5176 3290 5256 religionis-odio:
3311 5176 3517 5256 Eamne

1916 5247 2007 5310 an-
2035 5255 2358 5321 Roburrum,
2398 5269 2469 5308 an
2523 5251 2796 5322 Ceionium
2845 5247 3514 5322 perstringatLVopiscus

1917 5326 2234 5399 ambiguum
2263 5320 2367 5393 est,
2407 5320 3118 5399 dumiinHCari_no_scrib_it
3151 5338 3162 5376 :
3197 5320 3518 5399 Prw/cetum

1923 5399 2050 5455 Urbi
2067 5389 2242 5454 imum
2267 5415 2331 5452 ea:
2352 5389 2691 5452 'cancellariis
2720 5395 2830 5450 suis
2873 5393 3014 5465 fecit.
3053 5393 3236 5465 Erant
3260 5389 3515 5465 canceila~

1918 5471 2000 5543 rii
2016 5470 2109 5543 qui
2138 5469 2206 5526 ad
2234 5469 2504 5543 cancellos
2533 5467 2650 5524 sive
2677 5459 2883 5524 domus"
2899 5471 3162 5539 augustae,
3195 5462 3313 5520 sive
3339 5459 3512 5518 tribu-

1917 5540 2125 5598 nalium
2148 5540 2515 5599 excubabant.

1989 5613 2072 5755 (δὲ
2099 5613 2234 5682 Alii,
2259 5613 2487 5685 patitur.

1991 5685 2049 5748 (6
2105 5685 2197 5742 Al.
2241 5687 2425 5740 luctus.

1991 5685 2072 5748 (6)
2105 5685 2197 5742 Al.
2241 5687 2425 5740 luctus.

1990 5751 2072 5828 (7)
2105 5757 2236 5812 Tres
2265 5764 2551 5835 sequentes
2582 5771 2741 5812 voces
2769 5755 2967 5816 desunt
2989 5755 3044 5812 in
3078 5771 3178 5814 ms.
3210 5751 3510 5816 Audomar.
