3940 6378
431 376 568 434 1115

1432 372 1529 428 ΑΙ)
1567 369 1800 427 OPERA
1836 368 1894 425 S.
1933 363 2266 423 AMBROSII
2315 360 2693 418 APPENDIX.

3596 353 3764 413 1116

422 517 534 555 suae
568 501 865 557 senectutis
900 507 1200 568 ostentans,
1244 498 1304 555 in
1343 505 1640 570 conspectu
1684 512 1874 552 eorum
1917 510 2010 550 ve-
2039 496 2087 553 Α
2118 492 2336 547 ritatem
2366 492 2394 547 ?
2424 491 2519 563 qui
2550 488 2756 562 putatis
2787 496 2949 544 erunt
2977 487 3178 542 horum
3225 485 3527 541 infantium
3561 483 3763 541 domi-

423 596 558 645 stem
588 605 695 662 qua
723 598 911 663 pectus
944 590 1244 663 tegebatur,
1287 588 1453 645 scidit
1484 606 1496 643 :
1529 595 1584 643 et
1628 585 1843 642 cunctis
1880 584 2011 640 ﬂen-

422 680 573 737 tibus
615 681 936 738 ostendebat
978 683 1057 737 eis
1107 681 1250 737 laxis
1292 678 1526 752 pellibus
1572 694 1706 751 quas
1752 682 2013 732 auxerant

424 786 711 837 mammas,
772 779 828 827 et
880 771 1277 839 blandimenta,
1333 786 1453 843 qua
1522 767 1769 824 infantiae
1821 781 2011 821 eorum

425 864 771 934 exhibuerat,
822 864 1078 935 ejulando
1133 866 1443 936 lacrymans
1492 859 1845 917 memorabat.
1890 858 2014 914 Aie-

425 951 519 1008 bat
545 968 673 1025 ergo
697 952 767 1009 ad
795 953 984 1010 ambos
1016 970 1028 1009 :
1066 952 1147 1009 Tu
1172 952 1311 1008 mihi
1340 966 1553 1022 semper
1582 950 1706 1022 plus
1734 947 2017 1004 blanditus

425 1058 501 1109 es,
533 1041 657 1110 ﬁli;
698 1050 753 1098 et
799 1050 860 1099 tu
892 1043 1129 1117 amplius
1174 1039 1575 1098 verecundatus
1619 1056 1678 1095 es
1732 1057 1744 1095 :
1802 1038 1861 1094 in
1910 1038 2016 1092 isto

426 1128 721 1201 imaginem
785 1147 961 1187 meam
1018 1131 1225 1204 peperi,
1288 1129 1347 1185 in
1404 1135 1458 1184 te
1514 1135 1771 1201 paternos
1829 1127 2017 1181 vultus

426 1217 593 1275 effudi
627 1235 640 1287 ;
674 1225 735 1274 tu
765 1218 908 1291 patri
951 1219 1164 1286 utilior,
1199 1218 1299 1274 iste
1328 1215 1583 1273 similior.
1632 1216 1751 1271 Heu
1790 1231 1877 1270 me
1918 1213 2017 1269 mi-

424 1322 598 1364 seram
634 1308 646 1364 l
696 1309 1119 1366 circumvallant
1169 1324 1256 1364 me
1300 1323 1371 1363 ex
1415 1305 1565 1363 omni
1608 1312 1759 1377 parte
1795 1303 2019 1369 incom-

424 1396 693 1468 parabiles
721 1397 927 1467 luctus,
967 1397 1216 1454 inaudita
1256 1395 1477 1453 miseria
1519 1403 1573 1451 et
1616 1394 1829 1466 gemina
1875 1390 2018 1447 orbi-

424 1492 524 1555 tas,
595 1485 764 1542 nullis
839 1486 1061 1559 penitus
1118 1483 1570 1542 tribulationibus
1631 1483 2017 1554 comparanda.

424 1573 635 1632 Omitto
663 1574 809 1633 ﬁlios
836 1576 904 1633 ad
937 1583 1166 1633 mortem
1206 1575 1353 1631 ultro
1396 1580 1769 1645 properantes,
1808 1587 1944 1644 quos
1970 1570 2017 1627 si

422 1663 563 1720 mihi
611 1664 799 1724 hostes
840 1664 1139 1732 auferrent,
1189 1679 1285 1736 per
1331 1661 1542 1719 medias
1575 1676 1829 1733 sequerer
1874 1660 2019 1717 acies

422 1749 749 1809 bellatorum
801 1752 930 1825 (8);
972 1752 1019 1808 si
1062 1751 1275 1824 judicia
1317 1750 1563 1806 violenta
1603 1748 2016 1817 concluderent,

2119 584 2200 653 ni,
2234 592 2288 640 et
2315 584 2609 640 domorum
2655 590 2962 637 vestrarum
3016 578 3326 635 avidissimi
3357 595 3693 651 pervasores
3726 579 3763 634 ?

2119 674 2225 741 Qui
2256 680 2418 729 erunt
2447 681 2641 729 vestrae
2671 679 3024 743 occupatores
3052 668 3277 724 familiae
3309 669 3338 723 ?
3370 670 3460 724 vel
3495 667 3601 741 qui
3634 666 3759 725 sibi

2121 764 2355 821 divisuri
2385 772 2515 820 sunt
2544 764 2889 826 vernaculos,
2925 778 3065 833 quos
3094 758 3393 814 nutristis?
3416 760 3538 814 Heu
3569 775 3755 833 quam

2122 855 2321 922 ferreo,
2378 855 2485 910 heu
2546 870 2709 926 quam
2772 851 2956 924 impia:
3009 848 3360 907 crudelitatis
3413 865 3619 920 genere
3651 865 3755 921 pa-

2124 953 2305 1001 rentes
2325 944 2628 1016 despicitis,
2662 944 2869 999 amicos
2911 940 3193 1011 respuitis,
3237 957 3440 995 uxores
3462 940 3749 1012 abjicitis,

2122 1034 2267 1090 ﬁlios
2296 1032 2585 1099 abdicatis,
2629 1038 2681 1087 et
2712 1048 2809 1087 vos
2843 1030 2989 1103 ipsos
3025 1027 3270 1086 carniﬁci
3320 1030 3612 1086 ultroneos
3641 1044 3751 1085 ex-

2126 1122 2348 1179 hibetis.

2735 1220 2962 1279 CAPUT
3000 1222 3094 1277 III.

2416 1310 2473 1367 S.
2505 1310 2844 1368 Sebastianus
2872 1316 3117 1365 nutantes
3145 1310 3443 1380 conﬁrmat.

2195 1399 2248 1457 9.
2289 1400 2503 1457 Interea
2530 1400 2660 1457 dum
2701 1400 2798 1455 illa
2837 1398 3119 1468 dicuntur,
3151 1407 3205 1456 et
3238 1399 3343 1453 ista
3388 1397 3746 1467 referuntur,

2125 1486 2271 1543 inter
2298 1504 2536 1543 uxorum
2568 1489 2860 1560 lacrymas,
2881 1496 2935 1543 et
2973 1487 3209 1560 suspiria
3237 1486 3504 1555 ﬁliorum,
3534 1502 3748 1559 coepe—

2125 1585 2257 1633 runt
2317 1577 2520 1633 milites
2575 1577 2783 1635 Christi
2837 1579 3177 1645 moilescere,
3227 1584 3280 1632 et
3323 1577 3539 1632 animos
3600 1593 3748 1633 suos

2124 1663 2340 1719 ﬂectere
2370 1664 2438 1719 ad
2489 1664 2755 1719 dolorem.
2803 1663 2945 1719 Huic
2989 1662 3324 1735 spectaculo,
3355 1670 3416 1717 ut
3454 1679 3621 1734 supra
3651 1662 3744 1719 di-
3836 1682 3857 1708 =-

2124 1753 2334 1821 ximus,
2366 1753 2629 1809 intererat
2648 1754 2708 1810 S.
2749 1752 3125 1820 Sebastianus,
3153 1752 3241 1807 vir
3260 1768 3356 1823 per
3375 1750 3561 1807 omnia
3581 1751 3744 1808 chri-

420 1856 691 1899 carcerem
724 1840 889 1897 simul
926 1842 1286 1913 irrumperem
1327 1838 1614 1896 moritura.
1653 1838 1869 1894 Novum
1912 1836 2019 1892 hoc
2048 1855 2095 1916 Β
2125 1842 2520 1909 stianissimus,
2551 1859 2710 1915 quem
2749 1842 3063 1899 occultabat
3109 1841 3369 1897 militaris
3396 1840 3648 1910 habitus,
3680 1849 3745 1897 et

422 1946 591 2002 genus
636 1938 719 1986 est
757 1929 1045 2002 pereundi,
1104 1928 1162 1984 in
1210 1945 1318 2001 quo
1374 1926 1621 1983 carnifex
1680 1934 1903 1998 rogatur
1955 1932 2016 1980 ut

420 2016 601 2086 feriat,
656 2016 770 2073 vita
818 2024 1041 2091 optatur
1087 2025 1151 2073 ut
1189 2025 1392 2089 pereat,
1442 2032 1589 2072 mors
1634 2015 1907 2071 invitatur
1951 2022 2013 2071 ut

419 2109 630 2167 veniat;
688 2110 877 2166 Novus
929 2108 1023 2167 hic
1077 2111 1260 2166 luctus
1313 2116 1416 2177 est,
1473 2124 1616 2163 nova
1665 2106 1906 2176 miseria,
1954 2105 2013 2161 in

421 2212 529 2272 qua
571 2206 826 2255 natorum
852 2197 1117 2271 juventus
1162 2206 1354 2271 sponte
1397 2198 1692 2266 amittitur,
1738 2206 1792 2253 et
1823 2214 2012 2270 paren-

418 2293 538 2343 tum
566 2285 872 2343 miseranda
899 2286 1112 2359 cogitur
1137 2295 1387 2343 senectus
1415 2294 1476 2343 ut
1505 2286 1675 2343 vivat.

492 2379 543 2434 7.
576 2378 684 2434 Ista
707 2386 762 2435 et
790 2378 878 2433 his
906 2376 1111 2433 similia
1147 2385 1320 2433 matre
1350 2385 1732 2450 prosequente,
1760 2377 2012 2433 inﬁrmus

419 2478 591 2543 pater,
622 2479 676 2541 et
705 2470 886 2544 gravis
903 2468 1019 2542 jam
1054 2468 1229 2538 senio,
1279 2468 1535 2526 manibus
1581 2471 1874 2527 adducitur
1901 2487 2010 2527 ser-

419 2559 698 2628 vulorum,
730 2566 785 2615 et
803 2574 1029 2631 cygnaeo
1053 2556 1219 2630 capiti
1249 2565 1404 2613 terrae
1426 2559 1705 2631 pulverem
1730 2575 2006 2632 spargens,

417 2646 735 2721 hujusmodi
787 2647 952 2704 dabat
993 2663 1155 2704 voces
1203 2646 1273 2702 ad
1320 2649 1517 2703 caelum
1563 2666 1574 2703 :
1640 2648 1726 2705 Ad
1774 2658 2006 2705 mortem

417 2736 563 2792 ultro
594 2735 1067 2809 proﬁciscentibus
1111 2736 1246 2792 ﬁliis
1290 2736 1663 2794 valedicturus
1695 2738 1916 2807 adveni,
1948 2746 2009 2795 ut

416 2827 694 2896 universa,
754 2842 874 2899 quae
920 2843 952 2882 a
997 2825 1128 2882 ﬁliis
1170 2826 1463 2898 sepulturas
1517 2843 1649 2883 meae
1694 2826 2008 2883 exhibenda

414 2930 754 2987 paraveram,
784 2930 883 2987 ego
910 2914 1109 2970 infelix
1153 2914 1298 2971 ﬁlios
1327 2917 1646 2987 sepulturus
1678 2916 2003 2988 expendam.

414 3004 459 3060 Ο
490 3003 613 3072 ﬁlii,
645 3020 777 3060 mea
837 3003 1065 3060 baculus
1100 3003 1414 3070 senectutis,
1464 3012 1518 3060 et
1556 3006 1832 3077 geminum
1864 3024 2008 3063 meo-

414 3107 537 3147 rum
589 3091 862 3149 viscerum
922 3093 1132 3159 lumen,
1186 3090 1303 3145 nati
1355 3090 1610 3160 feliciter,
1658 3103 1712 3150 et
1753 3110 2008 3167 prospere

2124 1930 2436 2004 chlamydis
2459 1931 2825 1987 obumbrabat
2855 1938 3127 2003 aspectus.
3148 1931 3220 1986 At
3252 1930 3348 1986 ubi
3383 1930 3525 1986 vidit
3554 1930 3741 1987 athle-

2122 2029 2204 2077 tas
2232 2021 2330 2077 Dei
2385 2022 2657 2076 immenso
2709 2020 3028 2077 certaminis
3085 2020 3326 2093 pondere
3377 2019 3614 2092 fatigari,
3671 2020 3734 2075 in

2123 2111 2305 2167 medio
2333 2127 2524 2166 eorum
2556 2126 2612 2166 se
2654 2109 2945 2181 objiciens,
2977 2110 3123 2165 dixit
3157 2127 3167 2165 :
3203 2110 3248 2166 Ο
3307 2110 3593 2166 fortissimi
3630 2111 3739 2165 mi-

2124 2199 2247 2254 lites
2279 2199 2510 2261 Christi,
2549 2215 2582 2253 o
2618 2198 3037 2254 instructissimi
3072 2197 3251 2253 divini
3292 2199 3464 2271 praelii
3497 2198 3736 2254 bellato-

2123 2305 2228 2357 res,
2261 2305 2357 2360 per
2385 2288 2614 2343 nimiam
2648 2288 2910 2343 virtutem
2947 2288 3116 2344 animi
3146 2287 3364 2344 fortiter
3393 2288 3735 2361 pervenistis

2120 2378 2187 2433 ad
2220 2378 2480 2450 palmam,
2514 2387 2567 2433 et
2617 2394 2765 2433 nunc
2808 2394 2903 2449 per
2949 2378 3148 2433 misera
3198 2377 3578 2433 blandimenta
3619 2396 3735 2435 oo-

2120 2483 2309 2524 ronam
2340 2466 2613 2538 deponitis
2638 2468 3021 2538 sempiternam
3046 2468 3074 2523 ?
3093 2468 3279 2523 Discat
3308 2484 3456 2525 nunc
3488 2484 3584 2537 per
3622 2484 3739 2525 vos

2121 2557 2325 2615 Christi
2363 2558 2604 2612 militum
2640 2557 2927 2626 fortitudo,
2962 2557 3068 2612 ﬁde
3111 2558 3295 2631 potius
3324 2559 3524 2613 armari
3557 2575 3735 2631 quam

2118 2647 2283 2703 ferro.
2331 2645 2511 2702 Nolite
2567 2647 2923 2701 victoriarum
2966 2655 3271 2702 vestrarum
3329 2647 3567 2719 insignia
3622 2664 3735 2720 per

2118 2742 2414 2797 mulierum
2443 2741 2825 2798 blandimenta
2852 2742 3110 2812 abjicere,
3144 2750 3197 2797 et
3242 2741 3515 2814 subjectas
3565 2742 3730 2814 pedi-

2115 2832 2220 2889 bus
2248 2831 2446 2888 vestris
2499 2832 2676 2888 hostis
2727 2832 2932 2888 devicti
2981 2832 3224 2889 cervices
3261 2833 3327 2887 ad
3372 2831 3623 2887 victricia
3668 2839 3733 2887 et

2117 2922 2368 2979 rediviva
2396 2922 2595 2977 iterum
2629 2922 2771 2977 bella
2828 2924 3031 2991 laxare,
3085 2921 3243 2995 cujus
3274 2921 3526 2995 quamvis
3573 2938 3732 2977 saeva

2120 3018 2312 3068 contra
2332 3028 2429 3066 vos
2459 3010 2734 3066 exstiterit
2764 3017 2819 3065 et
2858 3009 3143 3082 periniqua
3172 3010 3435 3066 instantia
3464 3012 3567 3082 (9),
3620 3027 3730 3067 sae-

2116 3102 2239 3156 vior
2274 3109 2455 3157 tamen
2506 3098 2742 3156 eﬂicitur
2799 3098 2879 3154 ira
2921 3100 3170 3171 repetita.
3222 3100 3430 3171 Erigite
3488 3100 3662 3171 igitur
3694 3116 3732 3156 a

414 3178 651 3248 educati,
698 3177 1171 3236 excellentissima:
1212 3178 1509 3250 memoriae,
1555 3190 1609 3237 et
1642 3181 1848 3254 ingenii
1895 3184 2005 3240 sin-

2120 3189 2349 3246 terrenis
2377 3188 2664 3245 affectibus
2696 3187 2812 3260 (10)
2860 3196 3125 3261 tropaeum
3176 3189 3345 3245 vestri
3391 3188 3724 3245 certaminis

415 3266 637 3339 gularis,
671 3267 919 3323 omnium
955 3266 1267 3324 liberalium
1312 3269 1507 3340 peritia
1552 3270 1858 3327 litterarum
1906 3273 2004 3328 im-

412 3358 554 3427 buti,
612 3375 733 3433 quae
784 3358 888 3417 ista
941 3367 1162 3433 repente
1222 3359 1434 3416 insania
1487 3371 1666 3418 vestra
1722 3366 2007 3422 voluntate

414 3448 696 3522 progenita
752 3449 945 3505 mortis
989 3466 1088 3506 vos
1137 3449 1269 3507 fecit
1313 3466 1428 3507 esse
1474 3458 1743 3509 amatores
1785 3454 1814 3510 ?
1858 3454 2005 3509 Nun-

413 3553 576 3611 quam
607 3538 711 3594 ista
748 3537 1066 3595 viventibus
1115 3538 1322 3610 placuit
1354 3557 1366 3595 :
1402 3555 1686 3613 nunquam
1723 3542 2007 3598 morituris

412 3643 573 3683 suum
637 3643 877 3684 amorem
930 3626 1155 3683 induxit
1211 3646 1223 3684 :
1283 3627 1352 3683 ad
1404 3645 1756 3703 quoscunque
1823 3638 2005 3687 autem

414 3715 700 3787 pervenire
737 3716 935 3787 potuit,
970 3715 1241 3773 violenter
1281 3717 1516 3773 admissa
1554 3726 1655 3787 est,
1701 3727 1754 3775 et
1784 3735 1894 3775 non
1926 3728 2007 3776 est

413 3804 697 3860 voluntate
743 3803 810 3859 ab
849 3804 965 3860 ullo
1005 3805 1227 3861 vivente
1256 3814 1523 3879 suscepta.
1556 3808 1612 3863 Si
1651 3807 1795 3865 hanc
1825 3810 2006 3867 nudus

411 3893 627 3951 debitor
670 3894 772 3951 sub
813 3911 978 3952 avaro
1020 3895 1324 3953 feneratore
1370 3898 1598 3970 patitur,
1642 3899 1796 3955 nulla
1828 3909 2006 3971 potest

412 3982 621 4039 ratione
664 3983 939 4057 diligere;
998 4001 1099 4043 nec
1144 3987 1321 4042 solum
1367 4003 1478 4042 non
1525 3986 1755 4060 diligere
1806 4005 2003 4061 cogno-

412 4071 604 4139 scitur,
648 4071 743 4128 sed
786 4073 1001 4129 timere.
1051 4074 1170 4143 Qua
1216 4076 1425 4131 ratione
1483 4091 1601 4131 eam
1646 4078 1873 4150 appetit,
1909 4078 2003 4152 qui

411 4166 465 4214 et
493 4159 655 4215 bonis
691 4160 956 4217 exuberat
1001 4162 1281 4230 omnibus,
1332 4171 1386 4219 et
1434 4164 1655 4235 penitus
1708 4167 1809 4221 ulli
1858 4167 1998 4223 nihil

411 4255 571 4312 debet
602 4255 631 4311 ?
669 4256 867 4313 Venite
907 4257 1036 4326 huc,
1086 4275 1261 4328 senes,
1298 4267 1353 4314 et
1399 4277 1608 4318 mecum
1658 4278 1821 4334 super
1858 4263 2003 4320 ﬁlios

411 4343 672 4418 plangite,
717 4346 809 4420 qui
860 4364 957 4403 vos
999 4347 1208 4405 viscera
1253 4357 1477 4421 paterna
1518 4350 1717 4407 habere
1760 4352 1998 4410 sentitis.

411 4437 609 4493 Venite
636 4436 766 4506 huc,
807 4437 1059 4511 juvenes,
1104 4449 1159 4497 et
1201 4438 1324 4497 ﬂete
1353 4457 1516 4514 super
1547 4441 1779 4514 juvenes
1808 4452 2001 4515 sponte

410 4536 717 4623 pereuntes.
751 4527 1170 4623 Iino-accedite,
1196 4538 1395 4603 patres.
1428 4539 1481 4587 et
1528 4530 1813 4605 prohibete
1842 4533 1997 4602 talia,
2032 4564 2080 4623 D

409 4631 478 4672 ne
506 4616 635 4672 talia
663 4616 970 4690 patiamini.
1003 4617 1228 4674 Deﬁcite
1276 4619 1560 4692 plorando,
1593 4620 1739 4677 oculi
1790 4622 1918 4689 mei,
1950 4630 2005 4679 et

408 4704 696 4778 caliginem
724 4705 982 4763 obducite
1013 4705 1307 4765 fundentes
1329 4708 1561 4763 ﬂumina
1590 4709 1958 4781 lacrymarum
1987 4727 1999 4765 :

409 4809 477 4849 ne
507 4794 721 4850 videam
750 4795 888 4853 caedi
917 4795 1123 4869 gladio,
1152 4814 1289 4870 quos
1318 4796 1448 4853 dum
1474 4796 1628 4869 virga
1656 4798 1794 4855 levis
1819 4806 2001 4869 tange-

409 4889 511 4951 ret,
542 4883 743 4940 tremui
767 4902 782 4954 ;
830 4884 962 4943 dum
991 4884 1274 4943 tristantes
1303 4884 1500 4943 leviter
1527 4884 1792 4956 viderem,
1824 4902 2003 4959 expa-

406 4987 487 5029 Vl.

476 5060 530 5120 8.
566 5061 742 5136 Igitur
777 5062 909 5120 dum
938 5061 1058 5121 hac
1101 5070 1157 5121 et
1194 5063 1304 5121 alia
1344 5063 1530 5121 senior
1560 5072 1999 5138 prosequeretur,

404 5166 530 5209 ecce
556 5150 846 5209 amborum
874 5152 1133 5228 conjuges
1158 5169 1285 5211 cum
1310 5154 1453 5211 natis
1479 5154 1717 5227 propriis
1742 5153 1998 5225 veniunt,

405 5248 459 5297 et
486 5240 797 5315 aspectibus
824 5257 1015 5300 eorum
1060 5241 1314 5316 proprios
1344 5243 1648 5301 infantulos
1688 5244 2000 5313 offerentes,

405 5326 504 5385 bas
531 5328 789 5404 ejulando
819 5347 983 5390 voces
1020 5330 1314 5390 effundunt
1345 5348 1357 5388 :
1385 5331 1597 5402 Quibus
1622 5348 1726 5390 nos
1753 5332 2002 5390 servitu-

403 5432 491 5477 rss
517 5419 835 5495 relinquitis
861 5420 892 5479 τ
918 5420 1120 5498 quibus
1156 5419 1401 5495 conjugii
1427 5421 1604 5479 nostri
1630 5421 1849 5480 traditis
1873 5420 2000 5480 cha-

861 5675 877 5702 ,
896 5635 1210 5691 constantia.

502 5560 538 5617 8
593 5561 728 5631 Alii,
777 5633 789 5644 ι
872 5564 1046 5621 mdia
1064 5579 1305 5645 sequerer
1327 5563 1464 5622 bella
1491 5568 1752 5636 raptores.

478 5561 562 5773 g9;
591 5632 693 5689 Ms.
726 5578 877 5706 Igitr“
896 5641 1210 5715 constantia.
1627 5705 1639 5717 .

509 5701 599 5773 10)
630 5702 746 5771 AL,
770 5704 943 5773 plenis
970 5705 1237 5773 affectibus
1265 5721 1289 5773 ;
1335 5706 1410 5763 al.
1444 5711 1667 5764 terrenis
1692 5723 1752 5765 as

509 5701 599 5777 10)
630 5702 746 5771 AL,
770 5701 943 5775 plenis
970 5705 1237 5777 aﬁectibus
1265 5721 1289 5773 ;
1335 5706 1410 5763 al.
1444 5705 1667 5764 terrenis
1692 5705 1998 5782 aspectibus.

2116 3279 2411 3353 gloriosum
2469 3278 2609 3351 (11),
2667 3286 2720 3335 et
2774 3278 2946 3335 nolite
2995 3277 3134 3335 illud
3182 3278 3434 3335 amittere
3491 3277 3729 3335 ﬂetibus

2114 3368 2485 3440 palvulorum.

2190 3458 2273 3513 10.
2309 3457 2424 3525 Isti,
2469 3473 2605 3530 quos
2632 3456 2885 3529 plorante
2915 3455 3224 3525 attenditis,
3281 3456 3585 3528 gauderent
3619 3454 3727 3511 ho-

2115 3545 2204 3602 die
2235 3546 2281 3602 si
2311 3555 2531 3619 possent
2572 3546 2713 3602 scire
2744 3563 2864 3621 quas
2896 3546 3107 3612 nostis;
3142 3552 3339 3618 putant
3367 3545 3515 3600 enim
3567 3544 3729 3617 quod

2116 3637 2220 3694 ista
2246 3638 2362 3693 vita
2392 3638 2463 3693 sit
2493 3637 2628 3705 sola,
2659 3654 2779 3710 qum
2806 3637 2851 3692 si
2885 3636 3051 3692 ﬁnem
3083 3636 3371 3709 acceperit,
3394 3635 3548 3691 nulla
3575 3635 3726 3691 vita-

2116 3727 2183 3782 lis
2211 3727 2429 3793 animm,
2475 3742 2700 3798 corpore
2752 3726 3063 3793 deficiente,
3096 3726 3276 3779 valeat
3324 3724 3504 3796 portio
3535 3740 3723 3780 rema-

2115 3831 2262 3871 nere.
2298 3815 2355 3871 Si
2394 3813 2539 3869 enim
2572 3813 2776 3871 scirent
2806 3830 2920 3869 esse
2974 3815 3198 3869 alteram
3244 3814 3418 3868 vitam
3467 3812 3725 3883 ignaram

2114 3905 2327 3973 mortis,
2359 3903 2598 3960 tristitiae
2638 3904 2902 3970 nesciam,
2934 3903 2992 3957 in
3028 3919 3137 3975 qua
3178 3902 3571 3959 immortalitas
3619 3917 3729 3958 re-

2114 4000 2261 4066 gnat,
2292 4002 2345 4049 et
2388 4000 2647 4064 perpetua
2697 3991 2895 4061 gaudia
2946 3998 3413 4057 commorantur;
3470 3991 3725 4062 profecto

2113 4080 2397 4137 vobiscum
2428 4080 2493 4134 ad
2524 4079 2675 4133 illam
2717 4078 3041 4133 festinarent
3075 4077 3403 4148 pertingere,
3451 4085 3507 4132 et
3538 4078 3723 4135 vitam

2113 4169 2264 4225 illam
2322 4185 2421 4240 pro
2468 4166 2649 4221 nihilo
2693 4172 3097 4237 computantes,
3162 4164 3317 4220 illam
3365 4176 3719 4239 appeterent,

2111 4274 2231 4331 quas
2261 4264 2314 4312 et
2342 4257 2400 4312 in
2420 4255 2790 4311 exsultatione
2808 4264 3087 4326 permanet
3113 4263 3166 4310 et
3193 4254 3414 4327 penitus
3434 4256 3587 4312 ﬁniri
3600 4276 3720 4316 non

2111 4348 2287 4403 novit.
2312 4348 2420 4404 Ista
2467 4346 2613 4403 enim
2646 4347 2762 4402 vita
2807 4346 3043 4418 fugitiva
3072 4354 3153 4401 est
3181 4354 3235 4401 et
3282 4354 3391 4402 tam
3446 4346 3715 4418 inﬁdelis,

2109 4446 2171 4495 ut
2204 4455 2305 4494 nec
2333 4438 2672 4493 amatoribus
2708 4438 2822 4493 suis
2851 4437 3013 4492 fidem
3049 4437 3291 4509 potuerit
3319 4438 3717 4496 custodire.Ab

2109 4531 2320 4603 origine
2350 4530 2495 4586 enim
2533 4529 2723 4585 mundi
2757 4530 2813 4584 in
2845 4544 2900 4584 se
2930 4529 3216 4585 credentes
3264 4528 3485 4594 fefellit,
3517 4546 3715 4588 omnes

2111 4636 2167 4677 se
2193 4625 2571 4692 exspectantes
2618 4618 2852 4690 decepit,
2904 4625 3130 4673 cunctos
3160 4616 3227 4673 de
3270 4634 3327 4673 se
3364 4633 3714 4689 praesumen-

2110 4717 2190 4765 tes
2237 4708 2433 4776 irrisit,
2471 4717 2526 4765 et
2555 4708 2632 4765 ita
2662 4709 2877 4763 nullum
2918 4706 3148 4762 omnino
3178 4714 3389 4763 certum
3441 4706 3709 4777 reddidit,

2109 4806 2171 4854 ut
2201 4798 2459 4853 omnibus
2492 4796 2751 4869 probetur
2792 4796 2963 4851 fuisse
3002 4796 3251 4852 mentita.
3283 4796 3461 4869 Atque
3489 4794 3708 4852 utinam

2109 4886 2282 4943 solius
2318 4883 2592 4942 mandacii
2621 4886 2796 4958 culpas
2833 4892 2973 4940 esset
2998 4884 3258 4952 obnoxia,
3303 4892 3357 4941 et
3385 4900 3479 4957 per
3517 4883 3712 4941 omnia

2109 4974 2345 5033 crimina
2391 4991 2611 5032 currere
2656 4991 2784 5031 suos
2840 4990 2952 5030 non
2981 4981 3198 5046 cogeret
3228 4972 3540 5030 amatoresl
3584 4972 3711 5045 Ipsa

2108 5065 2203 5123 dat
2252 5064 2577 5123 edacitatem
2629 5063 2950 5138 glutonibus
3014 5063 3157 5135 (12),
3214 5062 3330 5136 ipsa
3384 5061 3705 5121 ebrietatem

2109 5155 2310 5229 ingerit
2337 5153 2679 5222 temulentis,
2725 5154 2846 5227 ipsa
2898 5151 3245 5223 naufragium
3277 5151 3505 5224 pudoris
3550 5152 3708 5208 adul-

2108 5244 2260 5313 teris,
2287 5244 2407 5317 ipsa
2440 5242 2832 5300 exsecrabilem
2878 5240 3049 5298 tradit
3083 5239 3497 5313 perversitatem
3543 5238 3709 5296 ince—

2109 5333 2244 5402 stis;
2276 5332 2392 5407 ipsa
2418 5332 2678 5390 admonet
2697 5331 2897 5400 furem,
2928 5337 2992 5387 ut
3021 5330 3229 5403 rapiat;
3261 5328 3613 5398 iracundum,
3644 5338 3709 5387 ut

2108 5423 2340 5491 saeviat;
2395 5420 2736 5491 mendacem,
2763 5428 2827 5477 ut
2855 5420 3031 5478 fallat.
3086 5421 3208 5493 Ipsa
3251 5418 3398 5475 inter
3442 5416 3707 5492 conjuges

2209 5565 2299 5637 11)
2323 5563 2707 5637 Διηυῑονὶοεί.

2209 5565 2270 5621 11
2323 5565 2437 5634 AL,
2467 5565 2707 5637 gloriosi.

2181 5565 2301 5709 $12;
2333 5636 2545 5710 Papias,
2584 5636 2741 5693 ϐιαιο
2768 5652 2804 5691 a
2830 5636 2958 5707 gula
2986 5633 3153 5691 dictus
3170 5651 3191 5700 ,-
3213 5649 3395 5705 ganeo,
3420 5630 3699 5705 prodigus.
