3940 6372
142 373 299 428 1117

1425 369 1614 429 ACTA
1653 369 1707 426 S.
1753 370 2185 427 SEBASTIANI.

3325 372 3465 430 1118

139 497 688 587 ἀξγοῐῐίὸνεθηὶίρόῢ
721 495 866 587 inter
891 494 1096 552 amicos
1125 493 1450 587 discordias.
1481 495 1626 587 ίηῐεῗΐ
1663 511 1752 566 Pa'
1787 497 1838 556 Α
1870 514 2048 586 parari
2075 529 2106 568 a
2134 513 2312 583 vobis,
2346 522 2406 570 ut
2438 531 2718 587 nunquam
2750 531 2847 571 vos
2881 514 2986 570 nisi
3021 514 3164 571 inter
3195 522 3468 572 tormenta

141 586 352 642 ciﬁcos
394 586 536 654 lites,
573 585 716 641 inter
759 585 939 658 justos
988 586 1338 658 injustitiam,
1376 588 1521 642 inter
1569 585 1764 642 fratres

142 675 444 731 scandala.
477 676 600 747 Ipsa
625 675 772 731 tollit
800 674 1085 746 judicibus
1109 674 1408 747 justitiam,
1449 676 1613 731 castis
1652 692 1763 747 pu-

140 765 432 834 dicitiam,
463 767 770 823 artiﬁcibus
805 766 921 838 (l3)
957 767 1233 838 peritiam,
1269 766 1386 838 ipsa
1415 766 1595 822 aufert
1651 783 1762 822 mo-

142 855 320 912 ribus
349 856 718 928 disciplinam.
775 855 845 909 Et
887 864 947 910 ut
1001 855 1199 910 altiora
1249 872 1370 927 quae
1429 855 1764 910 amatoribus

142 945 275 1000 suis
309 946 508 1017 ingerit
537 945 771 1000 crimina
828 961 1234 1012 memoremus;
1287 945 1331 1000 si
1381 944 1606 1000 fratrem
1657 944 1763 999 ali-

142 1034 388 1106 quando
418 1035 588 1090 frater
635 1050 923 1105 germanus
971 1033 1194 1101 occidit,
1241 1034 1287 1088 si
1351 1033 1501 1089 ﬁlius
1545 1034 1766 1090 necavit

143 1133 396 1196 patrem,
428 1125 474 1180 si
505 1125 866 1196 interemptus
895 1131 974 1180 est
994 1123 1064 1178 ab
1094 1124 1271 1180 amico
1303 1126 1550 1190 amicus;
1605 1123 1764 1194 cujus

143 1214 278 1269 haec
341 1213 611 1270 instinctu
667 1213 809 1270 facta
864 1221 994 1268 sunt
1034 1214 1258 1281 scelera,
1311 1213 1469 1286 cujus
1533 1214 1760 1283 intuitu,

143 1302 324 1374 cujus
353 1320 468 1374 spe,
527 1302 686 1376 cujus
743 1302 946 1358 ﬁducia
996 1300 1100 1358 ista
1153 1310 1284 1357 sunt
1337 1302 1574 1359 nefanda
1602 1320 1765 1359 com-

144 1391 333 1446 missa
361 1393 390 1448 ‘i’
416 1391 679 1464 Nunquid
723 1407 835 1447 non
885 1389 1172 1462 prasentis
1218 1390 1346 1445 vita
1377 1407 1562 1446 amore
1593 1390 1766 1446 sedu-

142 1481 228 1536 cti
263 1481 376 1538 ista
405 1482 781 1550 committunt,
805 1480 1004 1536 etdum
1034 1479 1186 1534 illam
1217 1481 1342 1551 plus
1367 1496 1529 1552 quam
1550 1480 1764 1552 justum

145 1576 236 1626 est
267 1570 537 1642 diligunt,
568 1569 761 1642 iniquo
820 1569 948 1625 odio
1002 1568 1252 1624 homines
1303 1577 1712 1641 prosequuntur
1738 1569 1766 1624 Ῡ

147 1657 228 1714 Ut
260 1657 403 1730 quid
441 1659 592 1714 enim
640 1658 817 1730 pirata
849 1658 1199 1729 navigantem
1246 1655 1485 1728 jugulat,
1541 1664 1602 1710 ut
1631 1656 1765 1729 quid

149 1745 309 1801 latro
339 1746 585 1818 perimit,
617 1747 884 1801 viatorem
915 1745 1071 1800 dives
1127 1744 1393 1816 opprimit
1448 1760 1760 1824 pauperem,

145 1834 436 1907 superbus
484 1835 775 1902 humilem,
815 1841 869 1890 et
907 1833 1090 1889 omnis
1136 1848 1337 1888 nocens
1384 1847 1765 1904 quemcunque
1796 1867 1839 1926 Β

144 1924 408 1996 potuerit
435 1931 691 1995 aggravat
720 1923 1068 1978 innocentem
1110 1921 1137 1977 ?
1166 1922 1294 1976 Haec
1322 1928 1505 1975 autem
1551 1920 1765 1975 faciunt

146 2018 334 2085 mala,
368 2017 497 2090 quia
533 2016 625 2072 isti
673 2016 802 2072 vita:
850 2014 1057 2071 servire
1098 2014 1431 2082 desiderant,
1481 2022 1534 2070 et
1564 2032 1620 2071 se
1649 2015 1764 2070 exi-

149 2104 402 2161 stimant
431 2106 484 2160 in
517 2121 702 2160 amore
748 2103 866 2176 ejus
913 2121 1010 2177 per
1052 2113 1299 2176 tempora
1333 2104 1636 2176 prolixiora
1663 2103 1760 2160 du-

147 2208 316 2249 rare.
345 2193 465 2248 Non
497 2208 623 2263 ergo
651 2193 876 2249 alterius
914 2207 1078 2248 causa
1126 2191 1269 2247 ﬁunt
1315 2194 1520 2248 scelera
1566 2193 1673 2248 nisi
1704 2201 1767 2250 ut

148 2281 568 2338 infelicissimae
600 2281 689 2337 isti
720 2281 926 2338 carnali
970 2282 1099 2337 vitae
1129 2299 1162 2338 a
1213 2284 1527 2340 carnalibus
1547 2284 1766 2340 servia-

147 2379 271 2428 tur.

228 2461 327 2518 11.
361 2463 484 2533 Ipsa
527 2469 608 2518 est
653 2462 888 2537 denique
916 2479 1037 2536 quae
1089 2462 1168 2518 eis
1217 2463 1455 2520 crimina
1513 2463 1766 2537 imperat,

153 2554 324 2626 jubet
353 2553 620 2622 facinora,
655 2553 846 2610 suadet
875 2553 1080 2626 injusta
1105 2572 1116 2619 ;
1150 2561 1204 2608 et
1232 2565 1586 2628 posteaquam
1636 2570 1768 2610 om-

155 2643 217 2698 ni
261 2643 614 2712 crudelitate,
669 2644 929 2716 omnique
975 2644 1142 2699 fuerit
1187 2644 1454 2716 spurcitia
1501 2643 1764 2716 saginata,

155 2733 480 2789 servientes
510 2733 614 2788 sibi
671 2732 839 2788 tradit
867 2733 997 2788 ﬁliai
1021 2749 1152 2799 suae,
1186 2733 1243 2788 id
1275 2742 1356 2789 est
1385 2733 1548 2789 morti
1579 2749 1764 2806 perpe-

153 2829 298 2878 tuae.
329 2823 417 2877 Ex
449 2821 563 2894 ipsa
591 2821 760 2888 enim,
815 2830 869 2877 et
920 2838 989 2876 ex
1049 2821 1166 2893 ejus
1222 2829 1378 2877 utero
1436 2839 1586 2877 mors
1615 2831 1768 2878 aeter-

156 2927 231 2966 na
273 2919 360 2967 est
389 2918 536 2978 nata,
569 2919 814 2981 tempore
865 2926 974 2983 quo
1021 2911 1160 2982 gulae
1207 2927 1319 2966 suae
1364 2919 1417 2966 et
1465 2911 1686 2966 libidini
1716 2919 1771 2966 et

157 2999 630 3056 delectationibus
676 2999 964 3054 oculorum
1033 2997 1198 3070 primi
1251 2997 1506 3056 homines
1551 3001 1769 3056 servie-

157 3096 340 3155 runt;
384 3095 546 3160 atque
573 3087 697 3142 ideo
727 3086 822 3159 qui
863 3086 931 3142 ad
961 3094 1221 3142 aeternam
1260 3088 1431 3143 vitam
1480 3089 1610 3144 facti
1659 3089 1773 3145 fue-

160 3185 316 3246 rant,
351 3175 462 3232 huc
504 3177 561 3232 in
595 3177 756 3231 istam
798 3182 929 3230 sunt
969 3175 1247 3247 regionem
1293 3178 1486 3233 mortis
1526 3176 1719 3249 jactati
1755 3193 1766 3232 :

160 3263 304 3320 hinc
335 3263 538 3319 iterum
569 3271 696 3318 sunt
724 3263 792 3319 ad
822 3263 1028 3320 inferos
1073 3265 1342 3333 devoluti,
1389 3265 1534 3321 nihil
1580 3283 1766 3323 secum

162 3361 371 3426 praeter
420 3362 640 3425 peccata
689 3361 987 3426 portantes.
1044 3355 1171 3410 Hzec
1216 3371 1342 3428 ergo
1375 3355 1490 3411 vita
1522 3363 1602 3411 est
1649 3373 1769 3428 quat

163 3458 267 3498 vos
311 3442 478 3511 fallit,
509 3457 543 3496 ο
570 3441 733 3498 amici
762 3441 1096 3511 charissimi,
1129 3451 1190 3498 ut
1216 3443 1424 3500 amicos
1455 3451 1666 3500 vestros
1701 3445 1769 3501 ad

163 3530 346 3587 vitam
373 3541 565 3588 euntes
594 3539 912 3604 perpetuam
961 3531 1168 3604 injusto
1205 3533 1439 3590 consilio
1477 3535 1768 3591 revocetis.

775 3667 1002 3725 CAPUT
1053 3667 1148 3726 IV.

237 3775 454 3846 Inferni
471 3791 658 3848 paenae,
686 3775 898 3847 cwliquc
925 3775 1142 3848 gaudia,
1174 3780 1473 3848 martyrum
1508 3776 1700 3834 animis

820 3864 1106 3922 inculcata.

244 3963 332 4019 l2.
369 3962 496 4018 H320
524 3979 620 4018 vos
655 3961 898 4034 instigat,
933 3981 965 4020 ο
1005 3971 1254 4037 parentes
1304 3965 1661 4035 sanctissimi,
1711 3973 1772 4021 ut

171 4051 320 4108 ﬁlios
351 4061 566 4107 vestros
612 4051 1020 4124 proﬁciscentes
1045 4054 1111 4110 ad
1134 4053 1456 4110 comitatum
1490 4054 1605 4127 (ili)
1624 4055 1770 4123 coeli,

171 4142 237 4198 ad
269 4141 538 4197 honorem
570 4141 1070 4214 incorruptibilem,
1104 4144 1172 4200 ad
1201 4145 1476 4200 amicitias
1523 4145 1776 4218 impera-

172 4231 310 4287 toris
362 4230 574 4298 aeterni,
649 4231 992 4288 stultissimis
1077 4233 1567 4290 lamentationibus
1621 4251 1775 4290 revo-

175 4320 327 4376 cetis.
362 4321 469 4375 Ista
499 4328 578 4376 est
607 4337 728 4392 quae
759 4337 876 4386 vos,
911 4337 944 4374 o
973 4320 1296 4377 castissimae
1351 4322 1610 4395 conjuges
1640 4323 1778 4378 bea-

176 4415 380 4478 torum,
437 4425 533 4481 per
582 4408 800 4480 pietatis
844 4409 1087 4465 colorem
1137 4410 1481 4481 impietatem
1557 4420 1778 4485 marty-

178 4513 298 4553 rum
336 4497 614 4554 mentibus
646 4497 776 4553 fecit
807 4498 1036 4564 tradere,
1091 4505 1144 4553 et
1203 4514 1391 4554 necem
1439 4516 1536 4571 pro
1584 4501 1774 4557 libera-

1876 613 2135 677 perpetua
2163 605 2462 672 videretis;
2495 606 2590 662 ubi
2622 605 2760 661 edax
2799 607 3016 661 ﬂamma
3053 606 3464 664 incredulorum

1875 693 2085 749 animas
2115 695 2362 762 devorat,
2382 694 2474 750 ubi
2505 695 2769 752 dracones
2799 695 3299 766 lilaspliemantium
3324 695 3467 752 labia

1876 788 2192 850 comedunt.
2213 787 2307 843 ubi
2327 794 2604 858 serpentes
2625 787 2898 843 morsibus
2917 787 3032 842 suis
3054 787 3466 843 incredulorum

1876 885 2090 949 pectora
2123 877 2507 948 depascuntur.
2533 877 2654 932 Illic
2677 877 2920 931 ululatus
2950 884 3002 930 et
3025 877 3259 947 gemitus
3289 884 3466 941 sonat,

1877 974 1930 1021 et
1957 967 2162 1021 clamor
2182 967 2462 1028 confusus,
2481 983 2640 1038 quem
2668 965 2750 1020 vis
2772 973 3173 1020 tormentorum
3204 964 3468 1035 exagitat,

1876 1062 1931 1110 et
1959 1054 2198 1112 incendii
2225 1071 2411 1110 arsura
2431 1062 2738 1126 extorquet.
2761 1055 2889 1110 llaec
2905 1055 3020 1125 ipsa
3037 1061 3220 1109 autem
3243 1053 3471 1109 tribula-

1875 1144 1975 1210 tio,
2009 1161 2129 1216 quai
2168 1142 2287 1198 illic
2337 1143 2575 1215 excipiet
2607 1142 3076 1211 inﬁdeles,.nullo
3112 1143 3351 1197 termino
3382 1140 3470 1197 de-

1876 1233 2090 1299 ﬁnitur,
2122 1234 2278 1289 nullo
2301 1233 2409 1288 ﬁne
2430 1232 2802 1301 concluditur,
2834 1233 2928 1288 sed
2957 1248 3057 1288 nec
3083 1239 3205 1303 post
3230 1232 3471 1287 ﬂamma-

1876 1341 1997 1378 rum
2030 1324 2300 1380 atrocium
2331 1324 2679 1380 adustionem
2703 1324 3076 1389 consumitur,
3099 1322 3192 1379 sed
3223 1321 3289 1378 ad
3321 1321 3472 1378 redi-

1876 1412 2006 1467 viva
2052 1411 2311 1468 incendia
2349 1412 2551 1467 iterum
2585 1411 2682 1484 qui
2711 1410 2939 1466 adustus
2970 1411 3138 1468 fuerit
3167 1419 3470 1484 reparatur.

1951 1544 2034 1600 13.
2070 1545 2222 1600 Hanc
2269 1559 2396 1616 ergo
2445 1561 2660 1616 paenam
2705 1553 2758 1601 et
2788 1545 2924 1601 istos
2951 1545 3253 1618 permittite
3281 1541 3473 1600 evade-

1877 1649 1957 1702 re,
1987 1642 2040 1689 et
2070 1633 2431 1704 vosmetipsos
2481 1632 2690 1704 eripere
2743 1632 2996 1704 cogitate.
3042 1632 3349 1690 Permittite
3375 1632 3474 1687 in—

1876 1723 2036 1780 terim
2093 1722 2226 1778 istos
2290 1722 2358 1778 ad
2423 1739 2680 1779 coronam
2744 1723 3052 1794 pertingere
3116 1722 3469 1778 destinatam.

1874 1813 2054 1868 Nolite
2106 1812 2334 1879 timere;
2391 1830 2503 1868 non
2553 1813 2698 1868 enim
2758 1813 3158 1884 separabantur
3210 1829 3241 1867 a
3291 1809 3468 1878 vobis,

1875 1902 1968 1957 sed
2000 1900 2199 1957 vadent
2229 1918 2529 1974 praeparare
2560 1901 2717 1957 vobis
2747 1902 2804 1956 in
2837 1899 2976 1956 coelo
3022 1899 3262 1955 sidereas
3307 1914 3472 1953 man-

1874 1991 2077 2058 siones,
2124 1990 2181 2045 in
2229 1991 2428 2064 quibus
2474 2008 2582 2046 una
2617 1991 2906 2046 vobiscum
2954 1997 3008 2046 et
3065 2006 3189 2045 cum
3219 1988 3350 2043 ﬁliis
3381 2003 3471 2042 ve-

1875 2081 2004 2137 stris
2035 2081 2092 2136 in
2119 2089 2380 2153 perpetuo
2427 2080 2624 2152 gaudio
2665 2079 2950 2134 maneatis.
2985 2077 3143 2144 Quod
3176 2076 3221 2132 si
3252 2092 3350 2132 vos
3381 2075 3473 2130 do-

1878 2189 1999 2228 mus
2029 2183 2223 2230 vestrae
2256 2190 2324 2228 ex
2372 2173 2646 2245 lapidibus
2689 2172 2844 2228 factae
2894 2171 3220 2236 delectant;
3271 2175 3476 2242 quanto

1879 2261 2048 2334 magis
2081 2261 2299 2318 illarum
2339 2279 2438 2317 vos
2484 2262 2644 2317 debet
2691 2260 3051 2333 pulchritudo
3096 2260 3332 2315 invitare
3382 2257 3476 2313 do-

1880 2371 2118 2423 morum,
2151 2353 2245 2409 ubi
2271 2363 2399 2410 sunt
2430 2353 2674 2410 triclinia
2711 2370 2844 2408 auro
2875 2369 3015 2424 puro
3043 2351 3334 2418 radiantia,
3356 2366 3476 2422 qua;

1878 2457 1946 2496 ex
1977 2442 2205 2512 gemmis
2252 2449 2305 2496 et
2349 2441 2658 2513 margaritis
2701 2440 2905 2496 habent
2935 2448 3081 2494 zetas
3124 2438 3240 2509 (15)
3274 2437 3474 2491 instru-

1877 2530 2030 2585 etas?
2061 2529 2181 2584 Illic
2236 2529 2335 2584 ﬂos
2368 2545 2671 2602 purpureus
2721 2544 2969 2583 rosarum
3010 2541 3295 2596 nunquam
3335 2540 3475 2578 mar-

1877 2619 2044 2674 cescit
2076 2637 2090 2686 ;
2122 2619 2239 2674 illic
2268 2619 2462 2674 ﬂorida
2493 2634 2717 2673 nemora
2746 2623 3006 2688 perpetua
3031 2613 3313 2670 viriditate
3341 2629 3476 2670 ver-

1878 2715 2049 2774 nant;
2124 2707 2241 2764 illic
2301 2715 2452 2781 prata
2516 2707 2753 2763 recentia
2809 2705 2927 2777 (16)
2978 2720 3194 2775 semper
3260 2703 3473 2759 melleis

1879 2797 2060 2852 ﬂuunt
2092 2797 2228 2853 rivis
2255 2815 2268 2864 ;
2302 2798 2418 2853 illic
2446 2797 2652 2854 croceis
2681 2795 2928 2867 gramina
2953 2794 3180 2850 ﬂoribus
3202 2793 3472 2862 redolent,

1881 2893 1933 2942 et
1965 2886 2212 2942 halantes
2233 2887 2348 2958 (17)
2381 2887 2558 2958 campi
2583 2885 2854 2958 jucundis
2881 2883 3177 2941 admodum
3211 2882 3476 2940 odoribus

1881 2981 2114 3052 pollent.
2148 2983 2311 3035 Aura:
2339 2979 2416 3034 ibi
2448 2978 2618 3034 vitam
2651 2985 2912 3034 :eternam
2944 2977 3209 3034 habentes
3248 2976 3476 3032 naribus

1881 3075 2198 3123 nectareum
2235 3067 2454 3122 odorem
2488 3066 2754 3139 aspirarit.
2784 3067 2995 3122 Lumen
3040 3065 3117 3121 ibi
3165 3066 3284 3122 sine
3324 3063 3477 3119 radio

1883 3156 2118 3228 fulgens,
2142 3157 2406 3213 serenitas
2436 3155 2636 3230 absque
2678 3155 2892 3223 nubilo,
2923 3161 2976 3212 et
3006 3154 3210 3228 absque
3236 3151 3478 3210 tenebris

1878 3248 2168 3302 nocturnis
2183 3247 2271 3303 die
2291 3247 2435 3304 oculi
2461 3247 2894 3319 perfruuntur.N
2899 3247 3010 3301 ulla
3033 3246 3149 3301 illic
3170 3245 3478 3318 impediun-

1877 3343 1970 3391 tur
1999 3336 2355 3408 occupatione
2379 3336 2494 3408 (18)
2517 3336 2748 3402 deliciae,
2779 3336 2932 3391 nulla
2961 3334 3181 3406 penitus
3209 3333 3475 3389 sollicitu-

1881 3423 2012 3479 dine
2042 3423 2120 3480 ibi
2151 3425 2414 3482 securitas
2444 3425 2835 3492 conturbatur;
2889 3423 3152 3495 mugitus,
3209 3422 3474 3490 ululatus,

1882 3513 2137 3585 gemitus,
2180 3515 2479 3570 lamentum
2517 3523 2570 3570 et
2599 3515 2781 3570 luctus
2811 3531 3097 3587 nunquam
3145 3513 3265 3570 illic
3292 3512 3480 3569 audita

1881 3619 1982 3658 nec
2010 3603 2291 3660 nominata
2342 3612 2511 3660 sunt:
2565 3604 2772 3661 foedum
2832 3612 2886 3660 et
2932 3603 3200 3669 deforme,
3251 3610 3475 3670 tetrum,

1881 3690 2122 3764 nigrum,
2146 3692 2480 3749 horrendum
2511 3693 2745 3767 aliquid,
2768 3701 2861 3750 aut
2891 3693 3173 3750 sordidum
3198 3707 3478 3764 nunquam

1883 3779 1959 3836 ibi
1997 3781 2217 3854 penitus
2247 3782 2509 3839 viderunt
2541 3783 2688 3839 oculi
2727 3783 3134 3840 habitantium:
3162 3781 3481 3855 pulchritu—

1885 3869 2014 3925 dine
2046 3888 2176 3928 vero
2203 3873 2258 3927 in
2280 3873 2596 3929 ammnitate
2626 3889 2953 3941 memorum,
2980 3873 3268 3946 splendore
3291 3871 3347 3926 in
3360 3885 3481 3926 aere

1880 3957 2150 4029 jucundo,
2199 3968 2252 4016 et
2308 3961 2650 4018 formositate
2681 3969 2844 4035 atque
2879 3961 3032 4017 omni
3063 3959 3333 4033 elegantia
3361 3958 3481 4014 sine

1884 4051 2290 4107 intermissione
2337 4053 2485 4109 oculi
2533 4059 2778 4125 patentes
2826 4052 3222 4124 perfruuntur;
3256 4056 3310 4105 et
3339 4047 3480 4104 nihil

1881 4139 2110 4194 omnino
2166 4140 2314 4212 quod
2366 4142 2659 4198 conturbet
2723 4149 2960 4198 mentem
3013 4139 3242 4196 auribus
3296 4138 3478 4194 datur.

1884 4229 2093 4286 Sonant
2115 4230 2262 4286 enim
2296 4231 2374 4287 ibi
2400 4231 2608 4304 jugiter
2643 4249 2847 4304 organa
2879 4233 3242 4304 hymnorum,
3273 4247 3394 4304 quae
3415 4229 3484 4287 ad

1885 4318 2102 4374 laudem
2132 4319 2275 4398 regis
2300 4319 2368 4376 ab
2396 4321 2608 4392 angelis
2636 4329 2688 4377 et
2726 4320 3066 4393 archangelis
3103 4320 3481 4377 decantantur.

1886 4408 2219 4466 Amaritudo
2249 4418 2304 4466 et
2331 4411 2477 4468 fellis
2504 4412 2767 4483 asperitas
2797 4411 2874 4466 ibi
2903 4412 3082 4466 locum
3116 4427 3226 4464 non
3257 4409 3480 4465 habent:

1886 4497 2131 4553 tonitrua
2165 4498 2241 4554 ibi
2275 4517 2556 4573 nunquam
2587 4499 2775 4555 audita
2803 4506 2952 4565 sunt,
2984 4499 3202 4569 fulgura
3229 4505 3284 4553 et
3311 4513 3485 4553 coru-

181 4589 330 4646 tione
386 4591 599 4648 afferre.
670 4590 727 4646 Si
785 4589 932 4645 enim
988 4590 1388 4646 consensissent
1443 4579 1856 4649 revocationiD
1887 4587 2157 4644 scationes
2209 4605 2489 4661 nunquam
2541 4596 2858 4660 paruerunt.
2909 4587 3336 4644 Cinnamomum
3366 4585 3486 4644 illic

184 4687 395 4746 vestrae,
439 4695 611 4752 pauco
643 4677 864 4752 quidem
920 4685 1166 4750 tempore
1211 4678 1496 4736 vobiscum
1539 4697 1653 4738 esse
1685 4699 1776 4754 po-

191 4774 406 4840 terant;
441 4778 628 4844 postea
657 4784 787 4823 vero
841 4766 1102 4842 separari,
1135 4774 1188 4822 et
1239 4767 1314 4824 ita
1343 4767 1648 4828 habuerant
1697 4789 1776 4830 se-

255 4989 369 5060 (l3)
411 4987 644 5056 Quidam
674 4987 912 5057 codices,
940 4987 1168 5060 artibus.

257 5059 370 5142 (1})
415 5061 727 5142 comitatus,
771 5076 913 5142 saepe
953 5059 1160 5142 comites
1206 5059 1588 5142 imperatoris;
1633 5061 1781 5142 alias

188 5132 382 5212 comitis
405 5133 626 5214 o/ﬁciurn
653 5132 861 5214 ;.vul.g.o
898 5147 1050 5214 nunc
1100 5132 1287 5214 iocum,
1324 5133 1440 5214 sive
1484 5133 1778 5214 districtum

189 5201 689 5276 {jusjurisdictioni
717 5201 1002 5276 subjectum
1035 5220 1055 5268 ;
1101 5201 1206 5276 hic
1247 5205 1432 5276 aulam
1483 5203 1777 5276 signiﬁcat.

192 5271 276 5329 Sic
296 5271 576 5331 Possidius
607 5274 664 5329 in
707 5271 839 5330 Vita
879 5273 933 5329 S.
975 5273 1293 5344 Augustini,
1341 5275 1442 5332 Ubi
1476 5271 1596 5330 tunc
1643 5282 1780 5331 tem-

188 5346 331 5414 poris
359 5346 715 5404 Valentiniani
751 5345 986 5416 minoris
1011 5345 1297 5416 comitatus
1335 5345 1516 5416 fuerat
1534 5347 1780 5403 constitu-

197 5420 308 5482 tua;
334 5425 389 5474 et
433 5418 488 5474 S.
543 5417 798 5474 Ambros.
846 5417 913 5474 de
961 5415 1130 5473 Obitu
1178 5417 1578 5489 Valentiniani,
1616 5418 1785 5476 Iussit

195 5502 306 5572 eam
322 5489 726 5572 adfamitamm
765 5489 961 5572 veni-re.

289 5561 374 5633 15)
402 5562 595 5634 Papias
628 5579 640 5616 :
675 5562 834 5644 Ζειᾳι,
867 5561 1052 5642 domus
1115 5577 1197 5615 ua:
1223 5561 1403 5617 subtus
1464 5561 1579 5617 edes
1615 5579 1783 5644 aquas

199 5561 390 5690 imirent.
424 5633 583 5690 Unde
609 5648 672 5688 ea
726 5650 814 5690 v13
864 5649 1037 5689 vocis.
1080 5576 1384 5689 ql‘urnebus
1411 5578 1646 5691 Kdvers.
1681 5634 1780 5690 lib.

199 5713 341 5774 xxxv,
373 5721 424 5763 c.
456 5703 513 5775 4,
559 5709 749 5775 zetam,
805 5704 1018 5763 dicatam
1045 5703 1459 5778 interpretatur,
1489 5713 1543 5764 et
1572 5703 1785 5764 Casau-

1887 4677 2126 4747 virgulta
2155 4676 2404 4749 gignunt,
2436 4683 2491 4732 et
2520 4677 2827 4733 balsamum
2843 4675 3063 4731 arbusta
3092 4682 3479 4747 prorumpunt.

1886 4764 2035 4822 Odor
2070 4765 2212 4822 aeris
2240 4764 2660 4822 delectationem
2709 4779 2806 4836 per
2852 4763 3041 4819 omnia
3087 4761 3334 4818 membra
3361 4761 3484 4819 dif-

1887 4980 2066 5036 bonus
2103 4979 2176 5052 in,
2196 4979 2508 5052 ,Lamprid.,
2558 4979 2654 5052 qui
2704 4977 2828 5052 ideo
2853 4984 3029 5052 actam
3057 4985 3254 5052 vocat;
3285 4986 3339 5034 at
3369 4979 3483 5035 Sal-

1890 5052 2093 5107 masius
2147 5049 2356 5106 dietam’
2389 5049 2657 5122 actumque
2697 5049 2912 5122 scribit.
2958 5049 3051 5106 Sic
3103 5051 3334 5106 zabuton
3382 5067 3482 5122 pro

1889 5123 2198 5194 diabolum,
2255 5121 2587 5194 zabolenum:
2620 5139 2719 5194 pro
2783 5121 3149 5191 diabotenum,
3191 5121 3486 5194 garritui):

1889 5210 1989 5265 pro
2011 5193 2302 5248 diarritum
2351 5193 2502 5249 dicta
2541 5191 2854 5261 observant,
2903 5209 3137 5265 cumque
3185 5191 3254 5248 iis
3299 5193 3484 5248 Marti-

1891 5271 2040 5327 nius.
2082 5272 2156 5327 At
2184 5272 2520 5328 Passeratius
2561 5290 2593 5329 a
2620 5275 2743 5342 ζεῖν,
2775 5271 2999 5343 fervere,
3041 5270 3304 5339 deﬂectit,
3337 5271 3485 5345 quod

1891 5349 2144 5424 pluribus
2171 5351 2341 5407 solem
2363 5351 2627 5424 accipiat,
2662 5353 2750 5408 vel
2781 5367 2812 5406 a
2835 5353 2944 5424 ζῆν,
2977 5350 3168 5424 vivere.
3200 5349 3482 5407 Coenaculi

1891 5421 2060 5496 genus
2087 5421 2182 5496 hic
2213 5429 2267 5496 et
2286 5422 2420 5479 alibi
2451 5421 2745 5496 signiﬁcat.
2778 5422 2930 5480 Infra
2953 5421 3208 5490 zetarius,
3238 5429 3479 5478 letarum

1891 5494 2008 5549 sive
2039 5493 2398 5550 tricliniorum
2423 5493 2660 5552 curator.

1993 5563 2082 5634 16)
2114 5566 2216 5622 Ms.
2248 5566 2512 5635 Audom.,
2541 5566 2787 5623 virentia.

1994 5637 2058 5691 17
2115 5637 2229 5704 ΑΙ.,
2257 5638 2582 5694 albescentes.

1995 5637 2084 5780 18)
2119 5708 2235 5778 AL,
2266 5709 2547 5765 occasione.

1995 5706 2083 5778 18)
2119 5708 2235 5778 AL,
2266 5709 2547 5765 occasione.
