3940 6386
425 417 559 476 1119

1445 415 1543 470 AD
1581 412 1816 470 OPERA
1853 412 1909 469 S.
1949 410 2281 480 AMBROSII
2320 412 2698 470 APPENDIX.

3582 415 3720 472 1120

425 544 630 615 fundit,
679 553 733 601 et
787 560 909 602 esca
954 543 1031 601 ibi
1079 544 1236 600 nulla
1280 549 1520 599 stercora
1571 540 1816 598 conﬁcit.
1860 541 2014 598 Sicut
2042 541 2094 600 A
2121 556 2210 597 eas
2233 541 2476 611 invadet,
2507 550 2602 598 aut
2634 543 2858 599 luxuria
2920 543 3220 601 libidinum
3269 551 3442 600 mater
3495 543 3600 600 tibi
3629 559 3722 600 eas

419 636 568 692 enim
615 632 761 691 bono
809 633 1007 691 nuntio
1049 649 1229 702 aures,
1273 639 1327 688 et
1373 631 1518 689 bono
1558 631 1724 688 odore
1751 647 1927 700 nares,
1957 638 2011 687 et

421 726 566 782 bono
600 731 824 798 aspectu
880 723 1028 779 oculi
1058 722 1395 795 saginantur,
1424 729 1479 778 et
1509 722 1612 778 ista
1641 720 1869 776 refectio
1899 736 2010 776 non

423 821 599 888 potest
619 813 677 869 in
723 811 1080 884 digestionem
1103 827 1490 884 prorumpere;
1523 811 1601 866 ita
1621 810 1738 866 illic
1762 809 2008 877 refectio,

423 919 586 976 quam
635 919 695 959 os
740 901 1060 975 susceperit,
1110 901 1376 957 melliﬂua
1419 901 1476 956 in
1520 908 1680 973 gustu
1733 899 1838 955 hoc
1890 898 2012 954 uni-

423 993 624 1066 cuique
645 991 807 1065 sapit,
837 1007 945 1064 quo
994 989 1161 1046 fuerit
1196 990 1512 1047 delectatus.
1548 989 1744 1046 Statim
1776 989 2014 1062 denique

423 1087 570 1160 quod
618 1086 957 1158 concupierit
1001 1086 1207 1153 anima,
1260 1084 1535 1141 desiderio
1584 1082 1702 1155 ejus
1752 1084 2014 1139 universa

424 1177 784 1241 famulantur,
831 1182 884 1230 et
914 1173 1172 1230 omnibus
1219 1172 1678 1231 delectationibus
1714 1171 1832 1244 ejus
1863 1188 2013 1245 para-

423 1263 668 1321 tissimus
689 1263 858 1320 servit
887 1264 1133 1320 effectus.

497 1354 582 1411 14.
614 1356 748 1412 Nam
779 1354 873 1428 qui
905 1355 965 1411 in
996 1354 1101 1410 ista
1129 1353 1349 1410 mortali
1389 1353 1528 1423 vita,
1574 1362 1766 1411 contra
1804 1370 2012 1411 concu-

425 1443 719 1517 piscentias
748 1461 874 1500 suas
921 1451 974 1500 et
1019 1451 1210 1500 contra
1239 1442 1626 1500 delectationes
1665 1443 2010 1516 pugnaverit,

422 1533 675 1606 quisquis
723 1549 814 1590 eas
867 1550 979 1590 non
1023 1533 1365 1606 expenderit,
1422 1532 1540 1589 illic
1583 1549 1672 1588 eas
1717 1533 1955 1603 integras
1983 1548 2015 1587 a

422 1638 523 1678 suo
569 1621 824 1680 Creatore
878 1622 1252 1696 consequitur.
1301 1622 1422 1694 Ipse
1475 1621 1623 1676 enim
1673 1621 1752 1676 ita
1806 1620 2020 1676 creavit

422 1711 704 1770 hominem
732 1721 793 1770 ut
822 1715 1078 1771 viveret:
1129 1722 1184 1770 et
1235 1721 1466 1770 mortem
1512 1713 1676 1786 juxta
1723 1713 2014 1770 introitum

421 1801 804 1860 delectationis
831 1805 1035 1878 posuit,
1081 1812 1143 1860 ut
1173 1804 1231 1860 hi
1261 1804 1418 1877 queis
1465 1805 1600 1861 libet
1645 1821 1677 1860 a
1725 1804 1920 1860 mortis
1946 1803 2013 1858 ti-

2119 630 2333 704 eripiet,
2367 639 2462 688 aut
2491 631 2608 687 sine
2637 631 2828 702 dubio,
2861 632 3007 707 quod
3036 633 3181 691 nosti
3210 633 3437 706 optime,
3469 649 3620 689 mors
3649 649 3721 689 ex

2119 723 2422 797 improviso
2451 724 2768 797 aggrediens
2823 724 2896 779 ita
2939 724 3042 780 tibi
3073 725 3196 781 illas
3223 731 3535 796 extorquet,
3565 731 3630 779 ut
3659 729 3722 780 tu

2122 816 2246 871 illas
2275 815 2508 870 ulterius
2565 815 2622 870 in
2675 823 2790 871 toto
2841 831 2941 871 nec
2977 814 3178 870 habere
3235 814 3561 886 pravideas,
3618 828 3723 871 nec

2121 904 2326 960 videre.
2361 904 2623 978 Nunquid
2652 905 2695 960 si
2727 905 2991 961 transires
3022 922 3116 977 per
3146 904 3357 960 medias
3391 904 3535 960 acies
3580 904 3724 958 Bar-

2120 994 2400 1062 barorum,
2435 1004 2486 1050 et
2517 995 2792 1050 invenires
2823 995 3021 1050 fortem
3054 995 3235 1049 virum
3267 994 3361 1066 qui
3417 1002 3468 1048 te
3507 1009 3725 1064 semper

2122 1084 2339 1153 dilexit,
2371 1087 2466 1158 qui
2503 1085 2600 1142 tibi
2623 1086 2786 1142 etiam
2817 1088 3095 1142 sacculum
3128 1086 3376 1157 pecuniis
3422 1085 3724 1141 donaverat

2121 1176 2367 1247 plenum,
2402 1175 2676 1231 dicentem
2725 1177 2827 1231 tibi
2859 1194 2870 1231 :
2923 1178 3002 1231 Da
3049 1176 3186 1231 mihi
3216 1175 3604 1232 custodiendas
3635 1191 3723 1247 pe-

2121 1267 2313 1323 cunias
2346 1283 2477 1338 quas
2508 1265 2636 1321 dedi
2668 1265 2791 1333 tibi,
2823 1264 2950 1338 quia
2985 1267 3075 1321 isti
3125 1265 3342 1320 barbari
3386 1265 3725 1320 insidiantur

2121 1364 2184 1413 ut
2213 1374 2301 1413 eas
2335 1357 2436 1414 tibi
2468 1357 2737 1425 auferant,
2797 1373 2932 1430 quas
2959 1356 3092 1411 dum
3125 1355 3225 1411 tibi
3256 1355 3592 1412 abstulerint
3633 1355 3722 1411 sui

2121 1454 2175 1501 te
2205 1445 2402 1518 gladiis
2433 1446 2756 1501 laniabunt:
2790 1444 3044 1517 nunquid
3086 1461 3192 1500 non
3226 1443 3458 1515 pedibus
3491 1443 3611 1515 ejus
3655 1441 3723 1498 ad

2123 1537 2346 1592 volutus
2377 1552 2592 1608 rogares
2621 1551 2769 1602 eum,
2799 1541 2860 1589 ut
2890 1550 2979 1590 eas
3018 1534 3131 1606 ipse
3183 1533 3482 1603 susciperet
3511 1532 3577 1588 de
3606 1548 3721 1604 quo

2123 1638 2303 1685 certus
2334 1646 2476 1685 esses
2506 1627 2654 1700 quod
2691 1635 2745 1682 et
2781 1626 3048 1698 ampliora
3079 1641 3241 1698 quam
3288 1632 3567 1695 acceperat
3599 1624 3719 1680 red-

2123 1720 2294 1788 deret,
2327 1728 2381 1776 et
2430 1727 2482 1774 te
2530 1718 2710 1788 ipsum
2758 1716 2824 1770 ab
2873 1715 3126 1771 hostibus
3172 1715 3481 1771 liberaret?
3536 1717 3725 1772 Restat

2123 1827 2272 1867 nunc
2325 1818 2388 1865 ut
2433 1807 2649 1864 divitiis
2701 1805 2900 1862 vestris
2956 1813 3192 1861 tutorem
3249 1804 3470 1877 possitis
3518 1803 3722 1860 habere

421 1909 573 1950 more
617 1894 867 1964 evadere,
927 1896 1099 1952 vitam
1151 1903 1409 1952 aternam
1451 1904 1740 1969 quaerant;
1797 1903 1852 1952 et
1880 1895 2013 1951 dum
2044 1905 2089 1965 Β
2122 1900 2426 1959 Christum.

424 1992 617 2055 prater
645 1983 810 2040 istam
839 1985 1010 2042 vitam
1048 1985 1273 2042 alteram
1321 2001 1436 2041 esse
1465 1984 1783 2050 didicerint,
1815 1985 2013 2057 inqui-

422 2078 546 2128 rant
595 2079 786 2130 utrum
842 2081 898 2130 et
943 2073 1061 2146 ipsa
1106 2074 1278 2146 possit
1327 2081 1606 2130 senectute
1634 2072 1890 2129 intercidi
1918 2081 2012 2129 aut

425 2169 599 2216 morte
619 2162 909 2218 concludi:
934 2178 1098 2234 quam
1120 2163 1253 2218 dum
1273 2161 1642 2218 immortalem
1664 2162 2011 2233 agnoverint,

423 2245 706 2320 inquirant
748 2257 934 2305 utrum
983 2249 1153 2321 possit
1199 2251 1400 2306 iterum
1449 2251 1566 2322 ipsa
1619 2251 1895 2306 aeternitas
1923 2251 2013 2305 vel

423 2335 688 2396 honorem
735 2337 949 2396 tradere
971 2338 1138 2412 justis
1168 2339 1257 2394 vel
1287 2336 1509 2410 injustis
1545 2354 1761 2410 poenam
1785 2339 2010 2395 inferre.

1060 2436 1289 2496 CAPUT
1320 2437 1391 2493 V.

829 2528 1000 2601 Opum
1027 2529 1440 2599 deliciarumque
1462 2543 1607 2582 mus.

495 2619 582 2678 15.
623 2619 870 2692 Cumque
915 2618 1223 2692 specialiter
1249 2619 1329 2676 ita
1368 2635 1483 2676 esse
1511 2616 1882 2691 probaverint,
1913 2613 2018 2671 re-J

421 2716 548 2778 stat,
595 2718 658 2766 ut
686 2710 1046 2782 interrogent,
1097 2727 1196 2767 cur
1244 2725 1274 2765 a
1314 2711 1568 2768 Creatore
1606 2705 1817 2764 divitiae
1856 2705 2014 2760 facta

423 2800 554 2870 sint,
575 2802 620 2857 si
646 2799 764 2872 ejus
784 2801 899 2876 lege
932 2799 1348 2859 contemnenda
1377 2807 1542 2869 sunt,
1574 2800 1662 2855 vel
1697 2814 1864 2872 quare
1886 2813 2014 2871 qua-

423 2889 730 2962 drupedum
783 2900 838 2948 et
895 2891 1184 2948 volucrum
1231 2897 1393 2963 atque
1427 2889 1734 2960 repentium
1776 2888 2015 2944 varietas

421 2996 455 3034 a
482 2980 736 3038 Creatore
771 2981 914 3037 facta
954 2981 1046 3048 sit,
1075 2981 1121 3036 si
1168 2979 1402 3052 singulis
1433 2979 1550 3050 (19)
1584 2977 2014 3033 renuntiandum

422 3076 550 3125 est:
598 3086 698 3126 cur
738 3077 920 3126 autem
969 3070 1037 3125 ab
1087 3071 1206 3140 ipso
1254 3069 1508 3126 Creatore
1560 3068 1881 3123 medullitus
1929 3083 2014 3140 ge-

422 3157 595 3214 nuina
622 3158 913 3216 delectatio
941 3159 1009 3215 ad
1039 3160 1460 3215 incitamentum
1492 3157 1608 3229 (20)
1641 3166 1724 3214 est
1764 3157 2014 3213 libidinis

2204 1991 2288 2046 17.
2323 1987 2409 2043 Ad
2439 1984 2664 2042 delicias
2716 1983 3023 2040 veniamus.
3073 1983 3179 2050 Qui
3236 1981 3400 2038 habet
3429 1998 3586 2038 aures
3614 1999 3728 2039 au—

2127 2079 2341 2146 diendi,
2373 2076 2560 2132 audiet
2594 2091 2684 2130 eas
2714 2074 2959 2130 dicentes
3005 2072 3113 2129 sibi
3141 2091 3152 2129 :
3213 2073 3268 2129 Si
3302 2088 3427 2129 vere
3454 2081 3728 2128 amatores

2126 2167 2300 2223 nostri
2329 2167 2481 2234 estis,
2507 2165 2590 2220 illi
2620 2181 2720 2220 nos
2746 2162 3148 2230 commendate,
3174 2162 3268 2234 qui
3289 2178 3389 2219 nos
3407 2163 3564 2220 vobis
3586 2162 3729 2220 inte-

2127 2274 2248 2330 gras
2278 2256 2626 2327 illibatasque
2656 2254 2714 2310 in
2746 2254 2845 2309 illa
2866 2252 3084 2325 regione
3109 2253 3384 2318 restituat,
3417 2253 3476 2308 in
3506 2268 3616 2326 qua
3629 2269 3727 2309 vo.

2125 2349 2339 2406 hiscum
2367 2346 2572 2418 jugiter
2604 2361 2824 2400 manere
2852 2345 3124 2415 possimus
3158 2363 3170 2410 ;
3206 2345 3262 2399 iu
3293 2344 3399 2401 ista
3431 2345 3579 2400 enim
3609 2345 3730 2402 vita

2125 2437 2172 2494 si
2200 2435 2360 2493 vobis
2390 2443 2640 2491 nostrum
2694 2435 3035 2490 voluerimus
3089 2452 3356 2506 occupare
3407 2436 3727 2505 servitium,

2127 2527 2282 2601 quasi
2306 2527 2399 2583 hic
2431 2534 2693 2598 experta,
2725 2523 2804 2580 ibi
2833 2523 2991 2580 vobis
3021 2525 3249 2580 omnino
3280 2526 3601 2595 negabimus
3629 2544 3734 2584 no-

2125 2627 2252 2675 stra
2268 2617 2558 2674 servitutis
2579 2615 2843 2672 oﬂiciutn.
2865 2613 3141 2670 Dimittite
3159 2631 3257 2669 nos
3275 2615 3493 2670 interim
3517 2617 3734 2672 servire

2126 2707 2431 2773 morituris,
2463 2706 2593 2779 quia
2640 2705 2847 2761 idcirco
2883 2703 3117 2759 breviati
3163 2712 3290 2759 sunt
3332 2703 3448 2760 dies
3479 2705 3730 2762 mortali-

2126 2799 2250 2866 bus,
2275 2807 2338 2854 ut
2368 2795 2776 2852 immortalibus
2799 2792 3006 2864 jugiter
3039 2792 3390 2850 famulemur.
3433 2794 3522 2850 Sic
3571 2796 3728 2852 enim

2127 2889 2394 2959 scriptum
2452 2893 2577 2941 est:
2622 2885 2851 2954 Propter
2895 2884 3096 2938 electos
3145 2882 3546 2939 breviabuntur
3601 2884 3728 2941 dies

2129 2981 2341 3050 (Matth.
2370 2994 2530 3044 xxrv,
2564 2976 2680 3046 22),
2713 2983 2774 3030 ut
2793 2973 3028 3030 servitus
3064 2983 3249 3030 nostra
3278 2991 3388 3030 non
3436 2975 3507 3030 sit
3539 2977 3724 3048 longa.

2126 3068 2352 3140 Injustis
2369 3066 2590 3140 quidem
2619 3064 2891 3120 servimus
2909 3063 3110 3119 festino
3129 3080 3295 3119 cursu
3317 3063 3433 3136 (23)
3464 3082 3475 3120 :
3511 3063 3722 3137 impiis,

2126 3156 2402 3215 sceleratis
2458 3164 2512 3212 et
2553 3153 2810 3226 turpibus
2862 3153 3155 3220 servimus,
3207 3168 3318 3207 non
3369 3160 3582 3225 sponte,
3629 3154 3727 3212 sed

414 3249 652 3307 fundata
697 3251 1042 3324 corporibus,
1091 3251 1137 3306 si
1187 3267 1318 3307 usus
1360 3248 1478 3321 ejus
1524 3248 1737 3305 auctori
1792 3265 1903 3304 non
1933 3265 2016 3304 so-
2042 3252 2085 3312 C.
2123 3254 2344 3320 propter
2371 3262 2495 3302 eum
2524 3245 2616 3317 qui
2650 3261 2751 3299 nos
2789 3241 3456 3299 subdidit.Liberabimur
3484 3252 3667 3298 tamen
3697 3261 3731 3300 a

425 3339 538 3396 lum
586 3356 710 3396 eum
752 3340 916 3397 faciat
964 3356 1138 3408 reum,
1185 3339 1279 3396 sed
1328 3338 1492 3396 etiam
1534 3338 1809 3412 perpetuis
1838 3338 2018 3394 tradat

420 3431 710 3490 incendiis.
752 3431 1130 3502 Interrogatur
1175 3445 1304 3500 ergo
1348 3445 1360 3483 :
1412 3429 1524 3486 Cur
1557 3427 2016 3500 (21)aCreatore

420 3519 633 3577 divitia
665 3519 807 3576 data
839 3527 988 3585 sunt,
1046 3520 1093 3575 si
1119 3517 1535 3575 contemnenda
1561 3525 1690 3586 sunt
1718 3517 1746 3573 ?
1776 3518 2015 3588 Respon-

417 3609 614 3666 demus
647 3627 658 3664 :
691 3611 813 3666 Ista
843 3608 1058 3664 divitia
1089 3624 1121 3663 a
1147 3607 1402 3665 Creatore
1434 3607 1612 3673 facta,
1654 3606 2020 3678 alloquuntur

420 3699 832 3773 quodammodo
885 3707 1158 3756 amatores
1211 3716 1357 3767 suos,
1413 3698 1661 3754 dicentes
1701 3716 1713 3753 :
1777 3697 1866 3755 Sic
1917 3713 2019 3753 nos

421 3800 618 3859 amate,
652 3799 712 3848 ut
741 3808 772 3848 a
800 3791 960 3847 vobis
989 3806 1270 3864 nunquam
1324 3806 1658 3863 separemur.
1710 3788 1876 3861 Sequi
1917 3804 2016 3843 vos

422 3879 719 3936 morientes
776 3895 885 3935 non
931 3896 1249 3952 possumus;
1306 3879 1626 3936 antecedere
1681 3884 1861 3934 autem
1919 3893 2019 3932 vos

421 3971 672 4027 viventes
701 3985 1032 4042 possumus;
1081 3972 1178 4028 sed
1222 3971 1280 4028 .si
1331 3970 1437 4042 ipsi
1477 3968 1738 4042 jubeatis.
1773 3965 2019 4039 Cupidus

422 4065 696 4126 fenerator
740 4077 795 4125 et
846 4085 1044 4125 avarus
1097 4068 1355 4141 agricola,
1414 4083 1557 4122 unus
1607 4080 1799 4120 aurum
1849 4061 2020 4118 tradit

425 4156 641 4212 homini
671 4157 818 4229 quod
847 4157 1187 4228 duplicatum
1219 4156 1471 4229 recipiat,
1503 4155 1645 4210 alius
1672 4151 1891 4208 diversa
1920 4164 2019 4205 se-

423 4247 575 4303 mina
615 4253 771 4302 terra
801 4245 1122 4314 committit,
1166 4252 1228 4300 ut
1268 4245 1314 4300 si
1346 4244 1518 4317 possit
1547 4243 1667 4298 ﬁeri
1699 4239 1845 4314 quod
1874 4239 2020 4294 sim—

422 4339 569 4412 plem
600 4339 742 4394 tradi
770 4336 1090 4409 centuplum
1121 4343 1329 4408 quarat
1361 4335 1478 4407 (22)
1514 4334 1754 4405 recipere
1788 4349 1799 4388 :
1830 4338 1884 4387 et
1913 4329 2020 4386 de-

422 4428 572 4485 bitor
617 4444 812 4484 aurum
859 4425 1121 4482 creditori
1162 4425 1342 4482 reddit
1395 4425 1759 4496 duplicatum,
1793 4429 1846 4478 et
1874 4429 2021 4476 terra

422 4535 609 4575 semen
649 4516 832 4577 reddit
877 4516 1332 4589 centuplicatum.
1396 4515 1541 4572 Proh
1598 4513 1791 4569 nefas!
1858 4512 2018 4567 fenus

2127 3339 2390 3396 servitute
2412 3335 2802 3407 corruptionis,
2827 3341 2879 3389 et
2911 3335 3293 3390 revocabimur
3315 3333 3381 3390 ad
3412 3333 3725 3391 libertatem

2128 3430 2315 3502 gloria
2341 3429 2583 3484 ﬁliorum
2611 3426 2730 3482 Dei.
2752 3425 3150 3498 Omniaitaque
3178 3425 3491 3492 delectatio,
3523 3423 3728 3482 futura

2128 3519 2257 3574 vita
2289 3523 2522 3584 servata,
2583 3531 2695 3570 non
2736 3514 3022 3586 perditur;
3086 3530 3260 3586 neque
3305 3514 3452 3570 enim
3493 3514 3727 3586 repositi

2127 3606 2372 3664 thesauri
2408 3605 2801 3661 existimantur
2835 3603 2902 3658 ab
2931 3620 2994 3659 eo
3023 3604 3118 3676 qui
3153 3619 3243 3658 eos
3277 3602 3635 3660 absconderat
3667 3604 3729 3660 in

2125 3698 2308 3766 terris,
2339 3697 2638 3762 interesse;
2702 3693 2794 3749 sed
2853 3693 3026 3764 magis
3064 3701 3216 3748 tanto
3247 3693 3495 3748 securius
3547 3708 3604 3748 se
3634 3709 3732 3750 eos

2126 3789 2326 3845 habere
2353 3785 2604 3856 conﬁdit,
2636 3791 2841 3858 quanto
2871 3800 2963 3840 eos
2989 3784 3258 3840 occultius
3301 3790 3354 3837 et
3398 3781 3572 3837 tutius
3608 3783 3730 3838 col-

2127 3880 2412 3936 locaverit.

2199 3969 2285 4025 18.
2318 3969 2439 4025 Sint
2466 3983 2592 4039 ergo
2614 3965 2866 4039 reposita
2887 3965 3134 4020 omnium
3155 3963 3477 4020 deliciarum
3501 3963 3732 4020 aﬁluen-

2127 4064 2236 4132 tia,
2270 4071 2471 4118 utnon
2503 4059 2893 4128 contingantur
2921 4056 2980 4112 in
3025 4057 3126 4112 ista
3174 4055 3307 4122 vita,
3358 4071 3476 4126 qua
3519 4064 3732 4126 prate—

2125 4151 2231 4208 rit:
2260 4150 2387 4223 quia
2412 4150 2459 4204 si
2489 4148 2582 4204 hic
2610 4147 2666 4202 in
2689 4163 2796 4202 usu
2816 4145 3041 4212 fuerint,
3069 4146 3126 4200 in
3148 4144 3265 4210 illa,
3296 4143 3410 4198 vita
3430 4160 3550 4216 qua
3585 4161 3729 4202 nun-

2126 4256 2289 4314 quam
2330 4237 2590 4311 praterit,
2651 4236 2994 4291 amittentur.
3051 4235 3206 4302 Esto,
3268 4232 3415 4306 quod
3471 4232 3579 4289 ista
3613 4234 3733 4290 vita

2125 4335 2346 4388 centum
2377 4327 2635 4385 tendatur
2671 4341 2942 4381 annorum
2973 4323 3182 4396 spatiis,
3217 4322 3471 4396 nunquid
3501 4324 3732 4382 exclusa

2126 4420 2216 4476 die
2245 4419 2441 4475 ultima
2476 4433 2585 4472 non
2617 4416 2805 4471 statim
2827 4413 3108 4470 videbitur
3129 4413 3281 4485 quasi
3303 4429 3413 4467 non
3436 4412 3628 4482 fuisse,
3661 4431 3729 4472 ac

2127 4508 2390 4565 memoria
2419 4506 2654 4578 hospitis
2685 4521 2796 4559 uno
2827 4503 2915 4559 die
2966 4503 3111 4574 apud
3153 4519 3252 4558 nos
3297 4502 3572 4558 manentis
3633 4519 3730 4559 ve-

422 4608 645 4667 debitor
683 4608 979 4665 feneratori
1020 4606 1246 4664 reddere
1276 4606 1570 4679 pravalet;
1604 4613 1657 4660 et
1685 4611 1830 4658 terra
1875 4602 2017 4674 agri-
2047 4613 2094 4671 1)
2124 4598 2287 4669 stigia
2317 4595 2602 4670 reliquisse
2625 4595 2653 4651 ?
2695 4595 2796 4650 Illa
2842 4600 3023 4647 autem
3056 4590 3174 4647 vita
3206 4599 3386 4646 manet
3412 4590 3640 4663 jugiter,
3673 4599 3730 4648 et

422 4701 559 4758 cola
607 4716 707 4757 suo
763 4698 1051 4756 restituere
1110 4697 1482 4770 centuplicata
1529 4693 1739 4750 semina
1795 4699 2012 4764 potest;

421 4793 566 4847 Deus
594 4789 820 4847 divitias
865 4805 989 4844 suas
1017 4789 1062 4844 si
1096 4804 1127 4844 a
1154 4795 1208 4844 te
1237 4787 1526 4860 acceperit,
1559 4801 1647 4841 eas
1691 4783 1795 4842 tibi
1825 4781 2016 4855 ampli-

421 4878 610 4938 ﬁcatas
641 4879 865 4936 reddere
903 4894 1014 4935 non
1054 4877 1278 4950 potest?

497 4968 584 5025 16.
615 4966 860 5040 Inquiris
901 4981 1052 5024 nunc
1085 4983 1096 5021 :
1130 4965 1241 5023 Cur
1278 4965 1506 5022 divitias
1536 4963 1675 5020 mihi
1701 4961 1872 5029 dedit,
1910 4959 1956 5016 si
1985 4975 2018 5015 a

423 5077 510 5119 me
540 5060 645 5134 ipsi
675 5058 965 5117 reddenda
1021 5059 1198 5117 sunt?
1225 5059 1472 5115 Tradidit
1517 5075 1605 5114 eas
1635 5056 1759 5125 tibi,
1786 5062 1850 5112 ut
1880 5055 2018 5112 scias

423 5157 630 5226 quanta
657 5150 730 5207 sit
756 5149 814 5205 in
843 5149 922 5206 eis
950 5149 1166 5223 requies
1191 5192 1207 5218 ,
1239 5156 1441 5222 quanta
1470 5150 1746 5221 voluptas,
1778 5153 2018 5219 quantus

424 5243 613 5311 luxus,
648 5248 974 5317 quantaque
1005 5245 1234 5313 possunt
1264 5255 1378 5295 esse
1415 5238 1653 5306 delicia,
1684 5245 1746 5293 ut
1773 5253 1869 5309 per
1901 5235 2018 5292 hac

424 5330 631 5388 habens
679 5331 1003 5388 charitatem
1050 5346 1178 5387 cum
1225 5327 1440 5386 divitiis
1466 5329 1598 5396 tuis,
1632 5327 1746 5399 ipse
1793 5342 1882 5383 eas
1911 5333 2015 5381 tra-

424 5420 522 5478 das
577 5421 965 5479 custodiendas
1027 5419 1267 5479 Domino
1333 5427 1519 5477 nostro
1581 5419 1709 5475 Jesu
1773 5417 2016 5474 Christo.

425 5509 571 5577 Quas
623 5507 670 5562 si
724 5507 830 5580 ipsi
870 5507 1116 5563 nolueris
1168 5505 1411 5574 credere,
1442 5513 1534 5562 aut
1589 5502 1827 5561 edacitas
1879 5502 2018 5577 gulae

499 5633 618 5770 $19;
663 5632 775 5689 Alii
804 5631 1042 5714 codices,
1075 5633 1232 5704 gula.

525 5703 594 5760 20
660 5704 775 5770 AL,
807 5711 1232 5770 mqumamentmv

739 5746 775 5770 .,
807 5711 1279 5772 inquinamentum.

500 5773 618 5849 (2i)
659 5775 775 5842 AL,
805 5775 1106 5846 Interrogat
1131 5792 1252 5846 ergo
1279 5773 1397 5846 quis
1429 5791 1445 5830 :
1487 5776 1617 5842 Cur,
1648 5782 1752 5832 etc.

2125 4694 2436 4759 perseverat
2473 4686 2759 4752 instanter,
2791 4681 2950 4739 annis
2971 4697 3186 4754 quoque
3218 4679 3536 4736 labentibus
3560 4679 3723 4752 juve-

2125 4775 2301 4832 nescit
2330 4782 2382 4829 et
2410 4775 2598 4846 pollet,
2628 4780 2681 4828 et
2708 4772 2836 4827 inde
2883 4769 3258 4826 renovationis
3286 4769 3456 4825 sumit
3495 4767 3724 4825 initium

2125 4864 2271 4920 unde
2301 4864 2428 4920 ﬁnis
2472 4862 2764 4934 accipitur.
2823 4862 2866 4918 Ο
2921 4876 3047 4915 vere
3102 4861 3260 4915 illum
3316 4858 3636 4930 degenerem
3669 4866 3726 4915 et

2124 4953 2374 5009 omnium
2397 4953 2669 5008 bonorum
2693 4958 2996 5024 expertem,
3028 4951 3120 5022 qui
3151 4949 3316 5020 hujus
3335 4957 3442 5004 tam
3468 4947 3724 5004 formosa

2126 5043 2254 5100 vita
2275 5059 2458 5099 amore
2487 5058 2599 5098 non
2629 5042 2846 5113 capitur
2871 5043 2882 5096 l
2903 5041 2998 5114 qui
3029 5042 3187 5096 timet
3215 5040 3374 5094 istam
3407 5036 3578 5093 vitam
3601 5045 3726 5094 tra-

2125 5132 2254 5188 dere
2284 5133 2605 5205 perituram,
2637 5139 2690 5187 et
2729 5131 2879 5187 illam
2903 5131 3145 5202 accipere
3170 5145 3289 5201 quae
3308 5128 3523 5200 penitus
3547 5128 3726 5199 perire

2126 5238 2239 5278 non
2270 5221 2527 5290 novit,in
2556 5237 2662 5294 qua
2696 5220 2927 5288 delicia,
2969 5227 3022 5275 et
3049 5216 3459 5283 delectationes,
3507 5217 3723 5273 etdivi-

2126 5314 2239 5382 tia,
2270 5321 2324 5369 et
2357 5311 2552 5385 gaudia
2579 5311 2660 5369 sic
2688 5311 2976 5378 inchoant,
3017 5317 3077 5365 ut
3106 5307 3405 5365 terminum
3434 5308 3723 5376 nesciant,

2127 5403 2208 5461 sic
2237 5401 2570 5474 principium
2599 5401 2846 5473 capiunt,
2877 5408 2938 5457 ut
2967 5399 3188 5473 penitus
3234 5396 3394 5452 ﬁnire
3445 5413 3556 5454 non
3588 5415 3725 5471 pos-

2125 5492 2258 5550 sint.

2199 5629 2318 5700 (22)
2351 5630 2463 5695 AL,
2491 5633 2664 5697 queat.

2201 5700 2319 5771 (23)
2352 5701 2466 5770 AL,
2498 5700 2737 5754 incursu.
