3940 6368
208 383 338 442 1121

1475 389 1661 448 ACTA
1699 390 1754 448 S.
1798 381 2213 452 SEBASTIANI
2224 433 2239 450 .

3374 396 3514 459 1122

279 509 365 565 19.
396 509 531 565 Nam
555 508 649 581 qui
670 507 837 581 hujus
850 517 961 567 tam
993 510 1266 583 praeclaras
1287 513 1413 569 vitae
1441 522 1653 570 amator
1683 530 1798 571 esse
1824 522 1873 580 Α
1898 524 1952 572 et
1971 534 2089 573 cras
2117 518 2443 576 evanescit?
2471 519 2577 578 ista
2607 538 2727 594 quae
2754 522 2918 578 hodie
2946 525 3276 595 exardescit,
3310 536 3367 584 et
3388 544 3515 587 cras

202 605 473 674 noluerit,
519 622 631 662 non
662 607 839 663 solum
885 607 1044 664 istam
1076 609 1279 681 perdit,
1328 616 1383 665 et
1411 609 1479 666 ad
1512 610 1664 667 illam
1695 627 1807 667 non

201 695 483 767 pervenit,
510 711 703 751 verum
733 696 897 752 etiam
925 706 987 753 ut
1001 696 1113 769 jam
1139 697 1259 754 dixi
1287 715 1318 754 a
1346 707 1607 771 perpetua
1634 706 1808 755 morte

201 791 422 864 capitur
450 799 504 847 et
534 798 778 859 tenetur;
831 792 889 847 in
919 810 1025 866 qua
1055 803 1135 851 est
1158 793 1305 867 jugis
1344 794 1584 865 ﬂamma,
1631 814 1807 869 perse-

203 896 404 936 verans
433 881 741 950 tribulatio,
772 889 825 937 et
854 899 1015 955 poena
1044 894 1304 956 perpetua
1328 902 1341 951 ;
1374 885 1432 940 in
1467 901 1574 957 qua
1601 894 1810 943 atroces

201 970 385 1042 angeli
419 980 853 1040 commorantur,
906 989 1140 1045 quorum
1192 972 1418 1030 brachia
1463 975 1643 1046 capita
1673 974 1812 1031 dra-

205 1075 408 1116 conum
443 1069 591 1127 sunt,
624 1077 857 1133 quorum
887 1061 1033 1117 oculi
1063 1078 1130 1117 ex
1160 1079 1215 1118 se
1246 1063 1430 1135 igneas
1469 1063 1691 1134 sagittas
1713 1062 1810 1134 ja—

202 1147 505 1216 culantur;
554 1164 787 1221 quorum
822 1150 1011 1206 dentes
1041 1150 1185 1206 sicut
1222 1151 1524 1223 elephantis
1580 1150 1812 1224 proemi-

204 1244 362 1305 nent,
423 1245 475 1293 et
523 1237 815 1295 stimulant
868 1238 936 1295 ad
993 1247 1331 1296 tormentum
1391 1241 1565 1296 veluti
1623 1239 1810 1296 caudae.

208 1323 588 1396 scorpionum,
641 1342 873 1398 quorum
906 1344 1069 1384 voces
1098 1329 1273 1384 veluti
1304 1329 1522 1385 leonum
1558 1329 1811 1385 fremitus

202 1422 423 1482 sonant,
478 1430 710 1487 quorum
752 1424 1005 1489 aspectus
1050 1426 1342 1474 tremorem
1375 1418 1577 1475 incutit
1607 1418 1812 1491 pariter

208 1510 266 1558 et
294 1503 541 1559 dolorem
574 1513 627 1560 et
657 1514 912 1562 mortem.
964 1509 1145 1580 Atque
1174 1508 1384 1563 utinam
1437 1526 1585 1565 mors
1632 1517 1812 1581 posset

204 1589 266 1647 in
299 1590 387 1648 his
419 1594 685 1665 angustiis
712 1596 1028 1652 constitutis
1057 1598 1379 1653 occurrere!
1421 1597 1526 1653 Sed
1557 1596 1702 1670 quod
1730 1605 1811 1652 est

205 1681 484 1748 acerbius,
516 1683 583 1739 ad
614 1683 719 1740 hoc
746 1684 979 1754 vivitur,
1003 1692 1066 1741 ut
1093 1686 1430 1744 cruciatibus
1455 1688 1808 1759 gubernetur,

206 1770 279 1826 ad
312 1770 417 1827 hoc
464 1772 928 1846 redintegrantur,
975 1784 1038 1832 ut
1079 1792 1242 1832 exesa
1281 1776 1618 1848 serpentium
1656 1793 1813 1832 mor-

1916 606 2262 680 refrigescit?
2287 609 2389 665 ista
2418 627 2538 685 quae
2568 610 2669 668 sub
2695 611 2831 668 hora
2857 612 3165 684 inducitur,
3192 623 3246 672 et
3281 616 3383 674 sub
3412 616 3513 674 ho-

1916 711 1976 751 ra
2005 696 2363 754 excluditur?
2391 699 2587 755 anilla
2633 716 2753 772 quae
2795 702 2951 758 nullo
2989 702 3098 759 ﬁne
3139 705 3509 777 concluditur,

1917 786 2073 840 nullo
2091 794 2331 858 tempore
2351 788 2743 861 exstinguitur,
2758 791 2912 846 nulla
2930 807 3151 863 prorsus
3169 794 3514 852 consumitur

1918 877 2237 933 vetustate?
2263 878 2398 933 Nam
2431 877 2533 934 iste
2565 877 2726 935 dolor
2765 887 2860 935 aut
2906 879 3045 937 levis
3088 889 3188 952 est,
3238 892 3292 940 et
3338 891 3515 956 potest

1918 964 2279 1021 tolerabiliter
2308 966 2603 1036 sustineri;
2644 975 2740 1024 aut
2787 968 2970 1042 gravis
3016 978 3118 1040 est,
3179 978 3233 1027 et
3277 972 3514 1045 glorioso

1918 1054 2215 1111 certamine
2235 1054 2461 1111 citatum
2479 1056 2638 1113 offert
2658 1058 2860 1127 finem;
2894 1059 2988 1115 ille
3015 1068 3197 1116 autem
3229 1078 3515 1134 prunarum

1919 1140 2078 1197 dolor
2124 1151 2177 1199 et
2225 1144 2498 1201 cruciatus
2537 1146 2802 1216 incendii,
2835 1148 2929 1221 qui
2961 1147 3126 1220 hujus
3155 1150 3283 1207 vitae
3312 1159 3514 1210 amato-

1918 1228 2072 1286 ribus
2100 1229 2282 1301 datur,
2313 1248 2439 1288 cum
2470 1234 2544 1289 sit
2570 1235 2951 1293 vehementior
2978 1238 3239 1296 universo
3276 1247 3516 1298 tormen-

1918 1333 2101 1381 torum
2155 1342 2370 1399 genere,
2420 1344 2702 1403 nunquam
2756 1330 3032 1390 ﬁniendus
3077 1334 3409 1406 aggreditur,
3464 1343 3518 1394 et

1894 1413 2098 1470 -acrius
2128 1414 2360 1472 subinde
2400 1433 2563 1490 quam
2606 1419 2950 1479 inchoaverit
2996 1424 3173 1493 saevit,
3225 1433 3280 1481 et
3328 1426 3518 1483 nullus

1919 1503 2180 1559 saeviendi
2202 1506 2492 1575 terminus,
2524 1509 2712 1565 nullus
2741 1512 2969 1568 omnino
2989 1511 3118 1568 ﬁnis
3138 1515 3399 1583 occurrit,
3424 1514 3518 1573 sed

1920 1591 2124 1647 habens
2149 1610 2334 1651 secum
2362 1598 2622 1653 universa
2651 1600 3048 1671 suppliciorum
3070 1617 3267 1675 genera
3282 1603 3518 1661 subinde

1920 1691 2218 1740 renovatur
2248 1693 2309 1741 ut
2336 1686 2546 1758 saeviat,
2578 1699 2967 1763 augmentatur
3001 1701 3063 1750 ut
3092 1694 3395 1764 excruciet,
3428 1695 3513 1752 in-

1920 1774 2234 1834 ﬂammatur
2263 1787 2325 1836 ut
2350 1781 2535 1838 acrius
2564 1790 2708 1840 urat.

205 1859 363 1917 sibus
412 1862 660 1918 membra
710 1863 920 1920 iteratis
958 1864 1193 1921 subinde
1229 1875 1284 1923 et
1313 1866 1511 1922 iterum
1564 1866 1813 1939 repetitis
1841 1887 1887 1947 B
1992 1867 2080 1925 22.
2113 1870 2257 1927 Hinc
2286 1887 2415 1945 ergo
2444 1872 2512 1929 ab
2532 1872 2640 1930 hoc
2670 1874 2921 1945 interitu,
2943 1891 3080 1949 quos
3099 1891 3366 1946 amamus,
3390 1876 3516 1933 hor-

202 1951 486 2009 morsibus
514 1960 893 2011 attrectentur.

816 2078 1043 2137 CAPUT
1081 2081 1177 2139 VI.

566 2167 872 2237 Martyrum
903 2169 1131 2239 felicitas
1159 2175 1207 2225 et
1234 2169 1428 2241 gloria.

282 2276 371 2333 20.
412 2276 540 2333 Haec
568 2284 651 2334 est
679 2278 862 2333 omnis
905 2294 1067 2335 causa
1092 2280 1432 2349 certaminis,
1474 2297 1592 2354 quae
1623 2297 1810 2353 poenas

206 2366 468 2439 martyrii
509 2368 670 2423 docet
697 2367 1062 2423 tolerabiliter
1104 2368 1301 2423 debere
1342 2370 1579 2425 suﬂ'erri.
1629 2370 1809 2426 Nolite

206 2475 361 2531 ergo,
392 2475 425 2513 ο
455 2459 641 2527 amici,
672 2460 869 2528 nolite,
902 2476 935 2515 o
966 2466 1236 2532 parentes,
1264 2460 1457 2529 nolite,
1488 2478 1521 2516 ο
1550 2461 1809 2533 conjuges

206 2548 538 2603 venerandae.
565 2556 899 2618 sanctorum,
928 2549 1099 2606 nolite
1124 2566 1156 2605 a
1178 2550 1291 2605 vita
1311 2548 1378 2605 ad
1404 2557 1657 2618 mortem,
1673 2569 1809 2625 quos

210 2636 449 2709 diligitis
495 2653 773 2705 revocare,
824 2653 856 2692 a
906 2638 1104 2709 gaudio
1142 2639 1210 2695 ad
1264 2639 1473 2695 luctum
1520 2638 1740 2709 ducere,
1779 2658 1810 2697 a

213 2726 432 2782 lumine
462 2726 529 2781 ad
561 2726 811 2782 tenebras
842 2726 1079 2796 trahere,
1109 2736 1163 2783 et
1192 2727 1259 2783 ab
1292 2735 1495 2783 aeterna
1522 2730 1710 2801 requie
1742 2730 1809 2787 ad

209 2830 405 2888 poenas
434 2815 795 2885 sempiternas
821 2831 1112 2871 accersere.
1160 2816 1276 2872 Hoc
1304 2824 1383 2872 est
1412 2834 1538 2873 cum
1587 2818 1808 2878 diabolo

208 2905 369 2977 quasi
399 2904 641 2976 piscibus
664 2905 887 2961 hamum
910 2905 1152 2971 tendere,
1184 2914 1238 2961 et
1267 2906 1501 2964 invitare
1521 2909 1590 2964 ad
1620 2911 1809 2966 modi-

210 3010 339 3052 cam
371 2996 719 3063 suavitatem,
758 2996 816 3050 in
839 3012 944 3068 qua
974 2995 1124 3052 intus
1152 2997 1313 3053 lateat
1335 2999 1611 3055 cruciatus
1639 2999 1809 3057 visce-

212 3100 361 3153 rum,
385 3091 438 3139 et
460 3101 606 3140 mors
627 3084 953 3141 interiorum
977 3088 1266 3142 tormentis
1286 3096 1520 3144 extorta.
1547 3089 1808 3161 Nunquid

211 3189 330 3230 non
353 3172 457 3230 hoc
485 3182 565 3229 est
595 3173 666 3230 ad
691 3177 1192 3247 compensationem
1232 3186 1559 3233 aaternarum
1588 3178 1808 3234 delicia-

211 3278 339 3318 rum
372 3262 605 3334 fugitiva
636 3263 833 3336 gaudia
864 3271 1225 3336 anteponere;
1254 3273 1308 3322 et
1329 3273 1389 3321 ut
1419 3282 1710 3338 perparum
1740 3268 1811 3324 ri-
1843 3253 1886 3313 Ο

207 3351 398 3421 deant,
429 3354 648 3409 aeternis
677 3353 900 3410 ﬂetibus
925 3354 1235 3427 mancipare
1256 3356 1284 3411 ?
1317 3356 1431 3413 Hoc
1460 3357 1520 3412 in
1552 3357 1811 3430 gladiato-

206 3443 391 3511 ribus,
433 3443 527 3515 qui
574 3444 721 3500 ultro
763 3460 821 3500 se
862 3446 1121 3513 offerunt,
1171 3445 1417 3502 universi
1464 3446 1812 3518 damnamus,

208 3531 307 3606 qui
338 3532 685 3589 considerant
717 3533 882 3589 unius
913 3535 1043 3590 anni
1070 3533 1315 3603 delicias,
1347 3542 1400 3590 et
1429 3550 1541 3591 non
1567 3536 1811 3593 conside-

207 3629 356 3691 rant,
407 3622 502 3695 qui
559 3624 770 3680 fructus
807 3640 877 3679 ex
919 3624 1052 3696 ipsis
1089 3623 1303 3680 deliciis
1348 3626 1577 3683 oriatur.
1616 3627 1689 3682 Et
1727 3627 1812 3683 illi

207 3713 531 3769 cruciantur
551 3712 753 3769 ictibus
776 3713 1107 3784 gladiorum,
1138 3717 1226 3771 vel
1248 3716 1457 3771 alterna
1481 3715 1628 3772 caede
1647 3716 1811 3772 inter-

206 3818 282 3858 na
308 3801 607 3870 viscerum,
658 3803 827 3859 scisso
867 3804 1078 3860 ventris
1119 3803 1379 3876 tegmine,
1430 3804 1489 3861 in
1516 3813 1813 3878 conspectu

209 3893 500 3968 proferunt
522 3893 874 3965 populorum,
900 3900 963 3948 ut
992 3893 1285 3965 pinguedo,
1310 3911 1472 3968 quam
1502 3895 1814 3952 inconsulta

208 3983 401 4055 sagina
431 3984 761 4051 contulerat,
793 3982 1054 4039 oﬂ‘eratur
1083 3982 1307 4039 diabolo
1336 3983 1670 4041 devoranda.
1702 3986 1812 4041 Isto

210 4072 452 4131 consilio
485 4072 727 4141 inimici,
757 4087 866 4146 quo
898 4073 993 4129 isti
1026 4072 1143 4131 haec
1171 4074 1402 4143 faciunt,
1433 4075 1552 4147 ipso
1581 4074 1813 4132 consilio

211 4162 283 4219 ad
312 4162 486 4217 vitam
515 4169 773 4217 aeternam
805 4170 998 4218 euntes
1025 4162 1124 4219 Dei
1156 4171 1424 4237 martyres
1462 4172 1809 4234 revocantur,

214 4252 313 4327 qui
335 4259 399 4308 ut
419 4251 590 4308 vitam
613 4268 912 4324 paucorum
934 4252 1151 4309 dierum
1169 4254 1361 4310 vivant
1376 4261 1675 4311 exorantur
1693 4253 1809 4326 (24)

212 4349 509 4415 perpetuos
568 4341 845 4397 cruciatus
893 4341 1194 4412 incurrere,
1245 4350 1298 4399 et
1344 4352 1577 4400 mortem
1626 4360 1810 4417 perpe-

214 4437 389 4499 tuam,
419 4446 539 4502 quae
571 4430 881 4502 specialiter
911 4432 1203 4489 metuenda
1232 4440 1333 4501 est,
1365 4449 1478 4489 non
1507 4433 1720 4490 timere.

288 4517 378 4575 2i.
420 4520 560 4577 Huic
592 4522 708 4578 loco
751 4521 892 4577 forte
923 4522 1063 4578 illud
1092 4523 1373 4595 apponitis
1400 4541 1412 4579 :
1449 4523 1627 4592 Quare
1656 4523 1809 4581 Chri-

1921 1964 2101 2013 temur
2129 1959 2359 2016 evadere
2384 1979 2397 2027 ;
2431 1969 2485 2017 et
2514 1978 2614 2018 nos
2654 1962 2802 2035 ipsos
2828 1962 2898 2019 ad
2926 1963 3269 2022 evadendum
3300 1965 3519 2023 fortiter

1921 2062 2288 2120 praeparemus
2312 2068 2323 2106 :
2357 2067 2458 2109 nec
2488 2052 2781 2110 timeamus
2808 2071 2919 2111 una
2947 2054 3084 2111 hora
3110 2054 3251 2111 ferre
3270 2054 3517 2113 dolorem

1920 2136 1981 2193 in
2029 2154 2276 2210 corpore,
2332 2141 2428 2214 qui
2479 2151 2732 2215 optamus
2787 2152 3049 2218 perpetuo
3105 2143 3337 2217 gaudere
3392 2161 3518 2201 cum

1922 2224 2143 2283 Christo
2177 2246 2189 2283 :
2219 2229 2603 2300 permittamus
2631 2231 2870 2288 animam
2905 2240 3149 2289 nostram
3180 2250 3307 2290 cum
3339 2234 3521 2307 palma

1922 2318 2177 2391 martyrii
2210 2334 2280 2374 ex
2305 2318 2411 2376 hoc
2440 2320 2623 2392 egredi
2652 2338 2903 2394 corpore,
2930 2331 2993 2379 ut
3021 2322 3295 2395 possimus
3332 2339 3521 2395 pmnas

1921 2415 2151 2463 aeternas
2179 2408 2431 2475 evadere,
2461 2419 2516 2467 et
2542 2410 2611 2467 ad
2641 2413 3009 2483 possessiones
3052 2411 3289 2468 sidereas
3332 2413 3520 2486 plenas

1920 2498 2382 2556 delectationibus
2435 2501 2742 2571 pervenire.
2791 2502 3087 2573 Lacrymas
3136 2511 3351 2559 nostras
3393 2520 3522 2561 con-

1921 2594 2199 2642 vertamus
2228 2586 2287 2642 in
2314 2587 2605 2659 gaudium:
2639 2589 2768 2661 quia
2800 2606 2913 2646 non
2940 2589 3203 2648 debemus
3230 2591 3390 2663 quasi
3407 2608 3520 2650 mo-

1922 2677 2125 2732 rituros
2154 2677 2429 2748 plangere,
2459 2695 2596 2751 quos
2627 2694 2753 2736 cum
2786 2679 3004 2738 Christo
3029 2680 3308 2737 credimus
3330 2697 3519 2754 regna-

1920 2766 2556 2839 turos.Congratulemur
2576 2768 2881 2826 victoribus
2902 2768 3170 2839 hostium,
3192 2772 3515 2829 conculcata

1920 2872 2111 2911 eorum
2141 2856 2353 2912 cervice
2377 2873 2389 2911 :
2412 2858 2851 2930 congaudeamus
2879 2859 3133 2932 martyrii
3156 2867 3418 2932 praetexta
3431 2861 3515 2917 in-

1921 2945 2091 3014 dutis,
2122 2954 2176 3002 et
2202 2945 2327 3002 coeli
2352 2946 2524 3002 factos
2552 2948 2804 3005 consules
2833 2948 3155 3020 gloriemur.
3191 2951 3278 3005 En
3305 2949 3424 3006 dies
3454 2950 3514 3007 in

1921 3053 2030 3110 quo
2051 3037 2271 3095 vincere
2303 3054 2359 3093 se
2390 3046 2658 3110 tyrannus
2673 3040 3045 3109 existimabat,
3067 3041 3160 3115 qui
3183 3041 3315 3097 dum
3344 3041 3517 3113 capit,

1921 3135 2111 3198 captus
2138 3135 2255 3197 est;
2287 3127 2419 3186 dum
2452 3137 2621 3197 tenet,
2655 3130 2876 3188 vinctus
2919 3138 3033 3199 est;
3088 3132 3222 3189 dum
3271 3138 3513 3206 torquet,

1921 3225 2099 3274 tortus
2134 3226 2254 3287 est;
2294 3218 2427 3275 dum
2455 3220 2703 3290 insultat,
2736 3220 2930 3277 irrisus
2957 3229 3040 3277 est
3071 3240 3085 3290 ;
3117 3222 3250 3278 dum
3276 3220 3514 3295 jugulat,

1919 3306 2133 3364 occisus
2184 3315 2283 3365 est.
2328 3310 2488 3366 Nunc
2535 3326 2661 3382 ergo
2703 3310 2765 3365 in
2810 3326 2995 3366 amore
3041 3310 3295 3383 martyrii
3348 3312 3515 3368 etiam

1920 3406 2137 3453 nostros
2173 3398 2500 3455 suscitemus
2528 3399 2789 3467 affectus;
2832 3406 2894 3455 ut
2922 3398 3081 3456 illum
3111 3400 3206 3472 qui
3236 3399 3303 3456 de
3329 3409 3517 3463 nostra

1922 3487 2237 3558 captivitate
2268 3487 2448 3543 voluit
2486 3487 2771 3544 victoriam
2814 3503 3028 3561 capere,
3058 3488 3278 3545 fortiter
3322 3488 3517 3562 capia-

1922 3592 2065 3644 mus,
2092 3584 2146 3632 et
2171 3578 2325 3649 quasi
2350 3594 2381 3633 a
2401 3577 2553 3651 gravi
2577 3593 2773 3634 somno
2800 3577 3165 3650 expergefacti
3206 3579 3517 3652 aperiamus

1922 3667 2112 3723 oculos
2138 3667 2471 3736 animorum,
2505 3678 2567 3726 ut
2596 3667 2845 3725 videntes
2874 3667 3060 3724 foveas
3089 3685 3224 3742 quas
3251 3669 3311 3726 in
3339 3668 3515 3726 nostri

1921 3758 2221 3832 perniciem
2269 3758 2534 3817 inimicus
2576 3766 2878 3833 aptaverat,
2934 3774 3036 3815 nos
3081 3758 3304 3833 quidem
3348 3759 3518 3816 auxi-

1924 3848 2092 3903 liante
2120 3851 2232 3904 Deo
2262 3848 2577 3918 evadamus,
2611 3855 2665 3904 et
2698 3849 2817 3921 ipso
2855 3847 3077 3905 diabolo
3124 3864 3251 3905 cum
3296 3848 3517 3905 satelli-

1921 3936 2071 3992 tibus
2116 3938 2229 3993 suis
2259 3937 2317 3992 in
2352 3938 2525 4009 ipsam
2576 3954 2737 4011 quam
2778 3944 3062 4010 paraverat
3107 3936 3322 3994 foveam
3363 3934 3517 3994 inci-

1921 4025 2104 4096 dente,
2136 4042 2235 4083 nos
2263 4043 2389 4083 cum
2417 4026 2686 4099 Propheta
2711 4025 2961 4083 dicamus
2985 4044 2998 4084 :
3043 4050 3063 4074 ι
3083 4024 3363 4082 Foderunt
3389 4032 3516 4082 ante

1923 4116 2118 4172 faciem
2172 4130 2347 4172 meam
2406 4115 2645 4187 foveam,
2691 4123 2746 4173 et
2796 4115 2902 4189 ipsi
2943 4113 3262 4173 inciderunt
3291 4114 3350 4173 in
3395 4129 3516 4171 eam

1926 4205 2099 4280 (Psal.
2131 4221 2243 4274 va,
2272 4206 2350 4279 7).
2390 4229 2410 4253 ι

2529 4320 2759 4379 CAPUT
2786 4320 2907 4378 VII.

1923 4411 2217 4469 Sebastiani
2243 4412 2481 4470 oratione
2524 4419 2573 4469 et
2604 4412 2881 4469 miraculis
2915 4411 3151 4468 conversi
3178 4411 3287 4469 loc
3320 4417 3370 4468 et
3409 4410 3520 4470 Ni-

2577 4508 2858 4558 costratus.

214 4608 427 4666 stianus
458 4619 730 4668 tormenta
772 4628 883 4667 non
916 4612 1133 4681 metuit,
1161 4620 1214 4668 et
1244 4614 1529 4685 praesentis
1556 4630 1668 4669 non
1697 4622 1815 4670 ter—
1851 4621 1900 4681 D
1992 4610 2080 4668 23.
2114 4611 2288 4684 Igitur
2316 4627 2441 4668 cum
2472 4610 2588 4666 haec
2615 4608 2965 4666 beatissimus
2993 4608 3372 4681 Sebastianus,
3420 4610 3519 4667 in-

217 4706 369 4755 retur
397 4716 558 4771 paena
585 4701 815 4758 tortoris
845 4702 963 4774 (25)
984 4702 1011 4758 ?
1051 4702 1180 4758 Ideo
1208 4719 1319 4757 non
1346 4702 1619 4775 frangitur
1643 4713 1813 4774 metu,

218 4787 343 4845 ideo
372 4790 561 4846 dolore
609 4807 719 4845 non
752 4790 994 4861 ducitur,
1038 4793 1169 4865 quia
1197 4792 1300 4848 scit
1328 4809 1383 4848 se
1416 4793 1582 4848 unius
1610 4792 1817 4850 doloris

219 4880 397 4954 pretio
446 4888 720 4953 perpetua:
769 4884 1021 4939 sanitatis
1063 4884 1321 4956 gaudium
1367 4900 1582 4952 emere;
1631 4891 1685 4939 et
1722 4902 1817 4957 per

219 4980 656 5027 momentaneam
694 4972 1111 5030 tribulationem
1143 4975 1212 5031 ad
1242 4982 1555 5047 perpetuam
1588 4974 1816 5031 felicita-

220 5067 332 5117 tem
363 5068 416 5116 et
444 5062 834 5134 sempiternam
866 5062 1122 5119 laetitiam
1166 5064 1473 5136 pervenire.
1505 5064 1608 5120 Sed
1638 5064 1683 5119 si
1714 5064 1816 5120 iste

219 5150 500 5207 timendus
528 5151 601 5207 sit
628 5150 807 5221 dolor,
849 5152 1128 5210 timendus
1158 5154 1231 5211 sit
1258 5154 1537 5221 carnifex,
1574 5152 1820 5211 timenda

221 5260 442 5319 quoque
482 5246 555 5303 sit
591 5262 738 5303 nova
788 5255 842 5302 et
886 5245 1166 5318 exquisita
1212 5249 1438 5306 tortoris
1476 5248 1814 5317 crudelitas;

222 5351 343 5409 quae
372 5336 547 5407 magis
578 5335 845 5406 timenda,
877 5352 997 5409 quae
1030 5335 1322 5406 horrenda,
1371 5354 1490 5412 quas
1520 5338 1691 5410 magis
1720 5337 1819 5393 fu-

224 5426 422 5500 gienda
445 5433 527 5484 est
557 5436 611 5485 et
651 5426 916 5497 cavenda,
969 5427 1075 5484 ista
1120 5443 1242 5501 quae
1282 5427 1448 5485 hodie
1489 5427 1815 5499 effervescit,

298 5632 417 5781 (24)
458 5636 573 5707 AL,
606 5636 875 5695 docentur.
1191 5708 1202 5721 .

325 5709 418 5781 25)
457 5710 558 5781 Ms.
583 5709 741 5781 _Rip.,
764 5726 931 5781 pm
960 5714 1202 5765 tormenti

325 5709 419 5851 25;
457 5710 558 5766 Ms.
591 5709 741 5782 Rip.,
764 5726 931 5791 plena:
960 5709 1245 5791 tormentis.

325 5781 395 5837 26
457 5779 689 5849 Quidam
720 5780 958 5850 codices,
979 5788 1183 5850 Juxta:
1220 5798 1245 5839 ιη

301 5778 419 5851 (26)
457 5778 689 5849 Quidam
720 5778 958 5850 codices,
979 5781 1183 5850 juxta:
1220 5796 1331 5839 non
1360 5778 1640 5853 probatur.

1925 4700 2093 4756 dutus
2147 4700 2457 4773 chlamyde,
2515 4701 2829 4756 succinctus
2881 4698 3084 4767 balteo,
3143 4714 3213 4755 ex
3268 4715 3369 4756 suo
3424 4717 3518 4758 ore

1926 4790 2211 4863 proferret,
2252 4790 2437 4846 subito
2483 4805 2578 4862 per
2621 4805 2787 4844 unam
2836 4788 2947 4844 fere
2992 4788 3181 4844 horam
3229 4788 3519 4861 splendore

1925 4879 2101 4935 nimio
2126 4879 2193 4935 de
2222 4881 2361 4935 ccelo
2383 4879 2636 4934 veniente
2669 4877 3015 4934 illuminatus
3044 4886 3146 4945 est,
3184 4888 3237 4936 et
3266 4879 3369 4936 sub
3399 4879 3519 4953 ipso

1925 4972 2235 5045 splendore,
2264 4968 2657 5027 candidissimo
2686 4970 2855 5043 pallio
2884 4970 3119 5027 amictus
3167 4980 3250 5027 est
3295 4971 3363 5027 ab
3411 4988 3520 5027 an-

1925 5065 2060 5137 gelis
2097 5072 2304 5137 septem
2347 5063 2687 5133 clarissimis,
2717 5070 2771 5119 et
2794 5060 3018 5134 juvenis
3065 5064 3317 5137 apparuit
3356 5059 3520 5136 juxta

1925 5171 2051 5211 eum
2075 5154 2210 5212 dans
2245 5154 2296 5211 ei
2321 5172 2532 5228 pacem,
2560 5164 2614 5213 et
2641 5154 2864 5212 dicens:
2913 5154 2997 5211 Tu
3042 5170 3257 5227 semper
3303 5169 3517 5212 mecum

1926 5260 2052 5302 eris.

1996 5335 2085 5394 24.
2118 5334 2245 5392 Haec
2272 5341 2452 5392 autem
2483 5331 2808 5408 gerebantur
2833 5331 2981 5391 intra
3008 5331 3125 5408 (26)
3153 5330 3382 5393 domum
3410 5329 3519 5408 pri-

1929 5425 2197 5484 miscrinii
2234 5426 2376 5500 (27),
2403 5426 2628 5482 nomine
2646 5424 2962 5495 Nicostrati,
2988 5423 3133 5497 apud
3155 5440 3318 5499 quem
3339 5431 3520 5483 custo-

2003 5634 2121 5709 (27)
2147 5633 2259 5715 Sub
2286 5633 2645 5715 dispositione
2658 5631 2779 5715 _viri
2806 5631 3039 5715 illustris
3076 5629 3321 5715 pmfecti
3359 5625 3521 5715 Urbis

1931 5704 2076 5766 inter
2101 5704 2263 5763 'alias
2305 5704 2807 5777 adininistrationes
2834 5713 2927 5777 est
2938 5704 3358 5777 primfiscriuius,
3403 5704 3518 5762 sive

1928 5779 2294 5845 numerarius,
2327 5777 2397 5834 de
2419 5777 2578 5849 cujus
2608 5776 2793 5847 ofﬁcio
2819 5776 3003 5834 multa
3020 5776 3138 5836 alii.
