3940 6380
430 437 567 495 1123

1440 432 1537 492 ΑΙ)
1576 430 1810 493 OPERA
1849 433 1906 490 S.
1949 429 2284 490 AMBROSII
2321 426 2699 491 APPENDIX.

3584 430 3741 490 1124

425 563 720 622 diebantur
754 561 1138 620 Marcellianus
1165 567 1220 615 et
1246 559 1477 616 Marcus.
1525 559 1631 627 Qui
1675 559 2016 617 Nicostratus
2049 561 2100 619 A
2128 557 2502 627 abscederent,
2536 558 2800 615 dixerunt
2828 557 2877 614 ei
2911 575 2923 614 :
2949 556 3005 613 Si
3033 563 3095 612 tu
3119 555 3248 613 ﬁdei
3277 554 3534 628 gloriam,
3565 572 3741 628 quam

428 652 662 709 habebat
690 667 941 718 uxorem,
974 649 1199 706 nomine
1227 650 1371 705 Zoen
1399 667 1410 705 :
1444 648 1561 706 haec
1580 659 1704 706 ante
1725 667 1820 706 sex
1845 665 2018 706 annos

428 740 772 814 aegritudinis
809 739 1094 795 nimietate
1132 738 1274 795 facta
1317 746 1398 794 est
1444 746 1613 804 muta,
1665 739 2021 810 prudentiam

428 838 610 886 tamen
640 828 899 886 audiendi
926 836 980 884 et
1009 827 1352 898 intelligendi
1384 844 1494 881 non
1524 828 1703 882 solum
1737 843 1847 882 non
1890 827 2024 882 ami-

430 927 592 985 serat,
645 934 836 973 verum
887 917 1048 972 etiam
1101 917 1297 970 melius
1336 932 1496 986 quam
1550 916 1699 986 prius
1756 916 2025 972 habuerat

429 1026 644 1066 aurium
677 1007 917 1064 officium
948 1004 1246 1060 obtinebat.
1283 1004 1408 1058 Haec
1437 1005 1620 1075 itaque
1651 1021 1776 1060 cum
1813 1005 2025 1061 intelle-

430 1099 600 1155 xisset
625 1097 808 1152 omnia
840 1111 958 1167 qua
989 1094 1051 1149 Β.
1085 1092 1433 1148 Sebastianus
1461 1093 1696 1160 dixerat,
1727 1102 1781 1149 et
1809 1103 2022 1149 tantum

431 1187 617 1242 lumen
647 1187 793 1242 circa
823 1201 946 1239 eum
967 1183 1226 1248 vidisset;
1257 1199 1491 1254 cumque
1514 1198 1703 1238 omnes
1723 1183 2024 1240 tremefacti

431 1277 681 1332 miraculi
715 1285 937 1346 stupore
971 1282 1305 1334 tenerentur.
1340 1273 1603 1328 innuebat
1633 1290 1796 1328 manu
1831 1273 2027 1328 omni—

429 1366 553 1432 bus,
585 1375 644 1422 ut
673 1361 827 1438 quasi
858 1363 1225 1437 exprobrandi
1266 1371 1465 1428 essent,
1494 1363 1587 1434 qui
1615 1370 1727 1417 tam
1776 1362 2026 1418 evidenti

429 1454 718 1511 assertioni
769 1471 880 1508 non
909 1452 1212 1517 crederent,
1245 1459 1297 1507 et
1327 1451 1554 1522 genibus
1607 1450 1724 1522 ejus
1767 1451 2028 1506 advdluta

430 1560 620 1616 rogare
647 1559 771 1598 eum
800 1558 1060 1597 manuum
1092 1539 1316 1596 indiciis
1348 1539 1533 1611 cmpit.
1584 1539 1688 1595 Sed
1741 1540 1794 1595 S.
1852 1539 2029 1594 Seba-

430 1633 642 1688 stianus
673 1648 797 1688 cum
829 1630 1042 1685 videret
1067 1645 1184 1683 eam
1221 1627 1402 1684 cordis
1439 1635 1645 1684 secreta
1690 1627 1890 1700 linguae
1937 1646 2028 1683 ex-

431 1720 709 1795 pressione
741 1719 1016 1775 declarare
1055 1734 1166 1773 non
1195 1734 1368 1789 posse,
1402 1733 1592 1774 causas
1621 1716 1788 1789 hujus
1818 1719 2024 1774 silentii

429 1818 838 1885 percunctatus,
869 1809 1067 1865 didicit
1095 1809 1368 1864 sermonis
1395 1809 1478 1864 illi
1510 1808 1722 1880 copiam
1771 1808 1942 1864 nimia
1977 1809 2030 1863 vi

2134 665 2414 720 nunquam
2459 649 2725 704 habueras
2770 646 3063 718 accepisti;
3119 646 3395 719 quomodo
3437 663 3538 701 nos
3569 662 3740 718 quam

2132 736 2295 792 fidem
2339 754 2552 809 semper
2582 739 2650 794 ab
2691 737 2926 792 infantia
2972 735 3287 804 habuimus,
3334 735 3740 807 relinquentes,

2132 826 2234 882 tibi
2270 826 2537 898 passionis
2567 833 2766 880 nostrae
2796 825 3021 881 calicem
3052 824 3268 892 damus,
3306 840 3465 895 quem
3497 840 3600 879 nos
3630 823 3744 878 tibi

2134 915 2424 986 propinare
2471 930 2780 985 possumus,
2832 930 2942 969 non
2973 912 3225 968 donare?
3264 912 3430 968 Dives
3467 921 3550 968 est
3584 913 3740 967 enim

2135 1003 2190 1058 in
2217 1003 2475 1059 omnibus
2515 1003 2789 1072 Christus,
2830 1012 2884 1058 et
2915 1003 3060 1074 larga
3081 1003 3348 1058 ubertatis
3377 1019 3488 1057 sum
3509 1002 3742 1058 afﬂuen-

2137 1092 2212 1147 tia
2269 1091 2528 1147 omnibus
2584 1091 2934 1146 venientibus
2992 1091 3219 1146 meliora
3283 1090 3510 1146 exhibet
3569 1107 3742 1162 quam

2136 1188 2376 1252 rogatur.
2410 1181 2466 1236 Si
2487 1181 2632 1236 enim
2656 1198 2782 1236 cum
2812 1180 3000 1236 essetis
3029 1179 3323 1246 increduli,
3354 1179 3622 1234 donatum
3655 1185 3744 1234 est

2137 1270 2297 1326 vobis
2329 1271 2513 1326 lumen
2549 1271 2794 1326 veritatis
2819 1286 3141 1342 agnoscere;
3176 1276 3381 1342 quanto
3415 1270 3586 1340 magis
3617 1286 3735 1325 cre-

2136 1359 2395 1414 dentibus
2444 1359 2602 1414 vobis
2636 1358 2822 1414 omnia
2851 1374 3190 1431 quaecunque
3215 1357 3329 1430 jam
3366 1359 3595 1430 poscitis
3625 1357 3744 1413 do—

2138 1448 2418 1503 nabuntur
2435 1450 2461 1504 ?
2492 1448 2693 1504 Divina
2716 1448 2862 1503 enim
2895 1448 3186 1504 clementia
3210 1464 3425 1520 semper
3451 1456 3637 1520 parata
3657 1456 3746 1504 est

2139 1536 2297 1592 vobis
2319 1537 2577 1592 omnibus
2599 1538 2764 1609 gratis
2786 1544 3038 1608 praestare
3063 1555 3074 1592 :
3110 1545 3163 1591 et
3193 1552 3257 1591 eo
3290 1553 3744 1610 unumquemque

2139 1625 2324 1696 gratiae
2353 1642 2462 1680 sua:
2493 1625 2639 1681 dono
2670 1625 3026 1697 multiplicat,
3063 1641 3170 1697 quo
3192 1641 3348 1681 mens
3379 1625 3496 1697 ejus
3524 1627 3746 1683 altioris

2076 1749 2091 1759 ς
2138 1712 2266 1769 ﬁdei
2298 1715 2600 1786 susceperit
2635 1731 2907 1770 normam.
2945 1713 3112 1770 Fides
3143 1715 3314 1787 igitur
3343 1723 3523 1770 vestra
3550 1731 3580 1770 a
3611 1731 3746 1770 rna-

2139 1802 2361 1874 gisterio
2391 1804 2626 1876 sumpsit
2669 1804 2985 1873 exordium,
3035 1812 3088 1859 et
3117 1804 3302 1859 omnia
3331 1821 3450 1878 quae
3499 1804 3746 1860 eruditio

431 1899 773 1958 inﬁrmitatis
809 1899 1066 1954 ablatam.
1100 1899 1254 1954 Tunc
1281 1899 1342 1953 B.
1378 1896 1728 1954 Sebastianus
1757 1897 1937 1954 dixit:
1973 1899 2028 1953 Si
2059 1911 2103 1969 Β
2138 1909 2343 1950 annosa
2364 1894 2460 1948 vix
2490 1894 2722 1962 confert,
2755 1893 2930 1967 spatio
2959 1893 3124 1949 unius
3149 1893 3299 1950 horae.
3327 1895 3571 1966 cepistis.
3608 1897 3746 1952 Nul-

432 2006 530 2060 ego
587 2005 751 2044 verus
807 1986 1013 2044 Christi
1069 2004 1259 2043 servus
1311 2003 1456 2056 sum,
1506 1993 1561 2042 et
1618 1988 1666 2042 si
1720 2003 1849 2042 vera
1899 1996 2029 2043 sunt

433 2078 618 2136 omnia
646 2094 766 2149 quae
799 2093 868 2132 ex
897 2093 990 2133 ore
1020 2093 1140 2132 meo
1173 2076 1287 2132 hac
1308 2077 1507 2132 mulier
1524 2075 1740 2131 audivit
1770 2083 1824 2131 et
1856 2077 2028 2132 credi-

434 2165 538 2235 dit,
560 2166 751 2238 jubeat
779 2165 1050 2221 Dominus
1079 2182 1231 2222 meus
1261 2167 1414 2222 Jesus
1444 2166 1716 2234 Christus,
1756 2174 1818 2222 ut
1846 2166 2030 2222 redeat

435 2254 505 2312 ad
543 2271 661 2310 eam
692 2254 935 2311 ofﬁcium
980 2255 1200 2326 linguae,
1229 2262 1282 2310 et
1306 2255 1512 2327 aperiat
1549 2271 1608 2310 os
1635 2253 1751 2325 ejus
1783 2255 1879 2327 qui
1907 2271 2028 2327 ape-

435 2343 550 2400 ruit
579 2359 639 2398 os
657 2342 931 2399 Zacharias
963 2341 1241 2414 prophetae
1269 2342 1390 2409 sui;
1437 2352 1492 2398 et
1536 2342 1667 2398 fecit
1701 2358 1920 2399 crucem
1969 2342 2028 2398 in

436 2449 499 2489 os
525 2431 662 2503 ejus.
695 2433 875 2504 Atque
911 2431 977 2487 ad
1008 2432 1149 2488 hanc
1178 2448 1367 2488 vocem
1399 2431 1454 2488 S.
1487 2431 1812 2500 Sebastiani,
1849 2433 2027 2488 excla-

435 2538 551 2578 mat
565 2521 610 2576 it
639 2521 838 2576 mulier
863 2536 995 2576 voce
1025 2538 1237 2593 magna,
1267 2522 1456 2578 dicens
1484 2540 1496 2578 ε
1532 2523 1729 2578 Beatus
1757 2539 1813 2578 es
1849 2530 1930 2591 tu,
1973 2529 2030 2578 et

437 2610 760 2668 benedictus
785 2626 963 2666 sermo
989 2609 1100 2666 oris
1129 2610 1209 2665 tui
1239 2629 1250 2666 :
1284 2619 1338 2666 et
1370 2610 1515 2666 beati
1539 2611 1633 2684 qui
1661 2609 1895 2667 credunt
1935 2628 2031 2683 per

437 2709 490 2757 te
519 2699 799 2757 Christum
831 2700 1035 2755 Filium
1063 2699 1160 2755 Dei
1193 2700 1330 2756 vivi.
1360 2701 1474 2772 Ego
1513 2700 1661 2754 enim
1702 2700 1819 2756 vidi
1854 2699 2031 2756 oculis

439 2789 578 2844 meis
607 2790 858 2859 angelum
880 2788 948 2843 ad
979 2799 1031 2844 te
1065 2789 1374 2844 venientem
1408 2790 1474 2845 de
1522 2789 1679 2856 coelo,
1727 2797 1780 2844 et
1827 2789 2028 2844 librum

440 2885 566 2934 ante
597 2881 784 2934 oculos
813 2885 938 2934 tuos
966 2886 1262 2947 tenentem,
1309 2895 1378 2933 ex
1407 2879 1566 2951 cujus
1612 2879 1847 2936 lectione
1895 2879 2031 2934 uni—

437 2984 594 3024 versa
623 2968 892 3024 sermonis
926 2969 1006 3024 tui
1037 2968 1211 3024 oratio
1238 2969 1578 3024 decurrebat.
1626 2969 1907 3026 Benedicti
1936 2970 2030 3038 qui

439 3057 498 3113 in
538 3058 796 3114 omnibus
838 3075 958 3130 quae
1012 3059 1228 3114 locutus
1265 3076 1321 3116 es
1357 3060 1607 3129 credunt,
1657 3067 1710 3115 et
1755 3061 2032 3118 maledicti

441 3147 537 3219 qui
569 3147 946 3203 dubitaverint
975 3147 1060 3202 vel
1091 3147 1148 3202 in
1178 3165 1287 3204 uno
1317 3148 1484 3204 verbo
1529 3166 1599 3205 ex
1643 3149 1730 3205 his
1776 3151 2034 3206 omnibus

440 3251 560 3308 quae
590 3235 914 3291 audierunt:
959 3237 1216 3309 quoniam
1249 3237 1390 3292 sicut
1419 3254 1616 3295 aurora
1644 3240 2034 3310 superveniens

433 3328 719 3384 universas
740 3327 988 3385 tenebras
1013 3330 1191 3385 noctis
1210 3329 1475 3398 excludit,
1497 3339 1549 3387 et
1570 3333 1818 3388 omnium
1849 3334 2027 3389 oculis

435 3417 640 3485 lumen,
665 3418 810 3492 quod
841 3435 953 3474 nox
974 3426 1115 3476 caeca
1142 3428 1432 3491 negaverat
1447 3420 1656 3488 reddit;
1690 3422 1767 3477 ita
1799 3422 1895 3477 lux
1916 3439 2024 3478 ser-

434 3524 660 3564 monum
691 3515 911 3564 tuorum
937 3525 1154 3564 omnem
1185 3509 1495 3580 caliginem,
1519 3526 1848 3584 omnemque
1877 3512 2027 3584 igno-

434 3598 626 3653 rantia:
645 3598 944 3653 caecitatem
967 3599 1212 3666 extersit,
1236 3606 1288 3654 et
1313 3598 1486 3656 oculis
1510 3608 1653 3655 recte
1683 3600 2024 3656 credentium

435 3701 688 3742 serenum
721 3693 842 3757 post
871 3685 1051 3741 noctis
1078 3685 1331 3742 tenebras
1373 3688 1519 3744 diem
1565 3687 1806 3744 reddidit
1838 3706 1848 3743 :
1881 3705 1911 3744 a
1943 3705 2026 3744 me

436 3782 617 3830 autem
649 3789 762 3828 non
803 3772 980 3829 solum
1034 3774 1436 3832 incredulitatis
1473 3777 1723 3833 tenebras
1770 3777 2025 3846 exclusit,

437 3878 631 3918 verum
657 3860 820 3917 etiam
878 3863 1145 3919 sermonis
1193 3865 1299 3919 mei
1347 3864 1572 3935 ostium,
1607 3864 1753 3938 quod
1796 3882 1892 3939 per
1937 3880 2029 3922 sex

439 3968 612 4008 annos
634 3951 880 4007 clausum
905 3960 1042 4019 erat,
1074 3954 1347 4025 patefecit.

507 4041 596 4098 25.
628 4039 836 4099 Videns
864 4051 1044 4100 autem
1066 4044 1426 4115 Nicostratus,
1449 4045 1538 4101 vir
1563 4043 1700 4117 ejus,
1725 4046 1871 4117 quod
1891 4051 2030 4100 esset

439 4138 588 4186 tanta
619 4131 796 4186 virtus
825 4130 1029 4189 Christi
1070 4135 1128 4189 in
1160 4151 1256 4190 sua
1301 4151 1474 4192 uxore
1525 4135 1819 4200 celebrata,
1865 4134 2031 4206 coepit

439 4221 672 4294 pedibus
710 4220 824 4292 ejus
853 4223 1096 4292 advolvi,
1141 4232 1195 4280 et
1243 4224 1643 4295 indulgentiam
1685 4231 1888 4294 petere,
1930 4240 2030 4296 pro

439 4310 544 4366 hoc
573 4309 718 4384 quod
745 4311 1018 4384 imperiali
1045 4319 1098 4368 et
1125 4311 1468 4383 praefectorio
1493 4310 1651 4382 jussu
1677 4311 1902 4369 Sanctos
1932 4314 2029 4370 Dei

439 4400 716 4458 habuisset
746 4402 801 4457 in
829 4403 1069 4460 vinculis
1101 4421 1112 4458 :
1147 4410 1201 4457 et
1239 4401 1494 4458 auferens
1523 4417 1591 4456 ex
1638 4402 1893 4459 manibus
1937 4421 2032 4460 eo-

440 4509 560 4548 rum
588 4494 791 4550 ferreos
830 4511 1024 4561 nexus,
1077 4509 1250 4564 genua
1291 4507 1479 4546 eorum
1516 4492 1820 4563 amplexus,
1871 4494 2036 4565 cmpit

440 4597 628 4652 rogare
657 4590 718 4637 ut
746 4582 1105 4654 dignarentur
1143 4579 1450 4648 abscedere,
1499 4579 1688 4636 dicens
1723 4599 1734 4636 :
1777 4581 1821 4636 Ο
1869 4599 2031 4654 quam

439 4669 630 4726 beatus
676 4687 848 4726 essem
897 4669 944 4726 si
989 4685 1087 4741 pro
1130 4675 1310 4722 vestra
1359 4669 1553 4724 mereri
1606 4685 1817 4741 possem
1864 4671 2037 4726 salute

441 4759 747 4830 constringi
772 4761 782 4814 ι
819 4758 1068 4813 Forsitan
1101 4756 1384 4827 sanguinis
1410 4757 1518 4811 mei
1548 4758 1810 4813 effusione
1839 4759 2037 4814 ablue-

443 4870 548 4924 rer,
566 4865 626 4912 ut
643 4863 874 4910 mortem
899 4854 1048 4908 illam
1073 4869 1355 4924 pcenarum
1377 4863 1700 4909 aeternarum
1725 4855 2034 4923 evaderem,

445 4952 500 5001 et
527 4945 593 5000 ad
636 4945 789 4999 illam
839 4942 1009 4996 vitam
1049 4941 1434 5014 pertingerem,
1485 4959 1646 5015 quam
1696 4943 1856 4999 nobis
1893 4945 2037 4999 Deus

443 5052 539 5110 per
567 5053 628 5093 os
656 5035 869 5091 domini
898 5036 1006 5092 mei
1056 5034 1359 5091 Sebastiani
1394 5036 1741 5092 manifestare
1781 5037 2038 5110 dignatus

441 5134 542 5184 est.

1037 5241 1264 5299 CAPUT
1294 5242 1440 5298 VIII.

449 5341 791 5402 Marcelliani
829 5348 877 5397 et
904 5341 1078 5401 Marci
1123 5343 1438 5407 constantia,
1483 5339 1654 5396 oratio
1699 5341 1771 5396 ad
1802 5341 2038 5414 neophy-

1191 5437 1286 5485 tos.

519 5535 607 5593 26.
639 5533 886 5608 Cumque
913 5544 1126 5610 rogaret
1152 5535 1560 5594 Marcellianum
1603 5543 1658 5591 et
1702 5536 1943 5595 Marcum
1977 5547 2038 5596 ut

523 5703 643 5778 (28)
674 5705 820 5778 Alii,
856 5705 1206 5778 adigaudium
1249 5705 1492 5778 tendere;
1531 5705 1650 5773 alii,
1689 5707 1761 5763 ad
1805 5707 2038 5778 gladium

455 5775 660 5832 tendere
691 5775 847 5842 ;alii,
879 5775 1192 5845 ad’gradum
1223 5776 1444 5831 tendere.

2067 4627 2115 4685 D
2145 4625 2388 4697 torqueri
2432 4642 2443 4680 ε

2141 1984 2195 2039 la
2227 1999 2324 2038 vos
2362 1983 2631 2038 memoria
2661 1991 2953 2055 parentum
2998 1981 3230 2054 impedit
3258 1982 3497 2040 credere.
3539 1984 3749 2041 Nullus

2141 2079 2340 2126 tenera
2371 2070 2549 2126 aetatis
2569 2071 2626 2126 in
2647 2070 2793 2126 ﬁlios
2820 2078 2875 2126 et
2903 2078 3112 2126 vestros
3143 2077 3363 2126 revocat
3389 2071 3632 2127 nutritus
3661 2071 3747 2127 af-

2141 2160 2336 2217 fectus.
2372 2159 2741 2218 Contemnitis
2769 2159 2953 2216 subito
2982 2158 3131 2233 quod
3159 2175 3372 2233 semper
3404 2159 3646 2230 amastis,
3687 2168 3748 2217 et

2141 2246 2388 2320 queritis
2410 2246 2559 2318 quod
2597 2263 2879 2320 nunquam
2901 2246 3102 2303 scistis.
3131 2246 3235 2302 Per
3262 2246 3477 2319 ignaras
3505 2245 3745 2318 ingressi

2141 2335 2260 2392 vias
2289 2335 2474 2391 subito
2516 2336 2847 2407 pervenistis
2876 2336 2945 2390 ad
2978 2335 3282 2402 Christum,
3334 2343 3388 2391 et
3413 2334 3602 2390 animo
3625 2333 3748 2406 jam

2141 2430 2392 2486 intrastis
2421 2431 2643 2496 coelum,
2685 2427 2815 2500 quia
2846 2428 2904 2482 in
2933 2435 3078 2484 terra
3106 2427 3324 2483 nullum
3353 2425 3612 2483 solatium
3646 2442 3755 2482 re-

2141 2519 2409 2595 quisistis.
2434 2521 2478 2576 Ο
2503 2517 2935 2591 incomparabile
2957 2517 3086 2574 facti
3108 2516 3442 2588 przeconium
3467 2517 3480 2571 l
3513 2532 3546 2570 ο
3575 2532 3751 2588 quam

2143 2609 2417 2666 imitabile
2449 2609 2675 2665 virtutis
2703 2606 3018 2679 exemplum
3045 2607 3056 2662 l
3091 2605 3345 2661 Nondum
3367 2620 3466 2659 vos
3494 2602 3562 2658 ad
3583 2604 3752 2661 Chri-

2143 2707 2288 2755 stum
2323 2700 2467 2755 sacri
2509 2697 2855 2770 baptismatis
2885 2696 3034 2752 unda
3061 2695 3342 2768 perduxit,
3372 2693 3620 2748 nondum
3646 2710 3755 2765 per

2143 2787 2399 2855 tirocini;
2436 2788 2599 2844 initia
2619 2787 2882 2843 militaria
2901 2787 3117 2843 saltemi
3137 2786 3292 2857 signa
3320 2782 3664 2855 sumpsistis;
3690 2791 3753 2838 et

2137 2883 2252 2956 jam
2282 2900 2382 2956 pro
2411 2901 2541 2940 vero
2567 2885 2708 2957 Rege
2737 2901 2891 2940 arma
2923 2882 3192 2956 arripitis,
3225 2889 3280 2939 et
3310 2881 3428 2952 ejus
3475 2881 3683 2937 milites
3714 2897 3751 2937 a

2144 2977 2369 3034 vinculo
2408 2977 2537 3032 ferri
2581 2977 2877 3046 solventes,
2914 2993 3014 3033 vos
3044 2976 3193 3048 ipsos
3221 2973 3502 3046 intrepido
3542 2973 3752 3046 optatis

2144 3083 2242 3141 pro
2271 3067 2588 3124 occidendis
2614 3067 2814 3124 occidi.

2215 3185 2303 3241 27.
2345 3183 2483 3241 Cum
2528 3183 2644 3239 haec
2691 3184 2975 3240 audientes
3030 3199 3218 3238 omnes
3265 3183 3468 3256 pariter
3522 3183 3749 3240 ﬂetibus

2070 3267 2113 3326 C
2143 3273 2519 3345 pmnitentiam
2575 3273 2862 3344 praeteritae
2929 3273 3298 3345 persuasionis
3361 3274 3737 3344 ostenderent,

2135 3362 2351 3418 Marcus
2379 3361 2458 3416 ait
2491 3379 2501 3416 :
2535 3361 2762 3430 Discite,
2795 3369 3047 3434 parentes
3077 3361 3408 3431 charissimi,
3447 3371 3501 3420 et
3529 3370 3732 3431 vester,

2135 3467 2168 3507 ο
2214 3449 2492 3521 conjuges,
2551 3449 2726 3506 discat
2766 3449 2969 3522 jugalis
3017 3451 3263 3520 affectus,
3313 3451 3574 3507 adversus
3619 3467 3740 3523 pu-

2137 3560 2298 3616 gnam
2339 3542 2567 3613 diaboli,
2617 3553 2672 3600 et
2708 3553 2899 3602 contra
2946 3562 3135 3602 omnes
3176 3546 3398 3619 sagittas
3435 3549 3738 3605 affectuum

2135 3636 2371 3694 carnalis
2396 3635 2656 3694 desiderii
2678 3637 2936 3710 clypeum
2955 3638 3224 3694 virtutum
3247 3654 3539 3710 opponere,
3570 3646 3739 3710 atque

2138 3727 2282 3783 inter
2328 3727 2472 3784 acies
2519 3730 2796 3801 tyrannici
2841 3732 3115 3788 exercitus
3161 3730 3306 3787 hosti
3363 3748 3474 3787 non
3521 3730 3738 3801 cedere,

2136 3817 2407 3874 dimicare
2457 3820 2658 3890 acrius,
2716 3821 2942 3894 gradum
2976 3831 3157 3878 tenere
3190 3822 3329 3895 (28),
3373 3829 3428 3878 et
3454 3823 3522 3878 ad
3553 3839 3742 3895 regem

2138 3907 2356 3964 fortiter
2410 3910 2720 3981 pervenire.
2778 3912 3075 3984 Insurgant
3122 3922 3388 3984 quantum
3434 3912 3654 3981 volunt,
3687 3919 3746 3968 et

2137 3997 2367 4054 saeviant
2394 3999 2658 4055 satellites
2707 3999 3042 4068 daemonum,
3076 4008 3130 4055 et
3159 4001 3360 4072 quibus
3386 4003 3582 4057 volunt
3612 4018 3745 4074 pce—

2139 4087 2229 4143 nis
2258 4103 2488 4160 corpora
2529 4087 2801 4143 dilanient
2830 4097 3055 4156 nostra;
3089 4105 3289 4160 corpus
3319 4089 3570 4145 occidere
3604 4107 3745 4161 pos—

2139 4189 2290 4249 sunt,
2343 4181 2436 4236 sed
2485 4181 2728 4236 animam
2771 4181 2992 4238 vincere
3037 4196 3148 4237 non
3195 4189 3426 4253 possunt
3463 4197 3562 4252 pro
3610 4181 3744 4238 ﬁdei

2139 4277 2472 4342 pugnantem
2531 4269 2784 4325 veritate.
2845 4269 3209 4326 Gloriosiores
3258 4269 3469 4326 faciunt
3534 4270 3747 4328 milites

2140 4361 2373 4415 vulnera
2401 4375 2500 4430 pro
2530 4359 2860 4430 imperatore
2890 4367 3140 4434 suscepta
3172 4378 3184 4415 :
3229 4359 3286 4415 in
3313 4360 3418 4416 hoc
3447 4361 3594 4416 enim
3626 4360 3745 4416 dia-

2140 4447 2301 4502 bolus
2343 4445 2658 4519 tyrannidis
2704 4465 2815 4504 suae
2864 4448 3050 4504 furore
3097 4464 3248 4503 nunc
3291 4447 3470 4516 saevit,
3525 4448 3582 4502 in
3630 4465 3744 4521 quo

2143 4535 2413 4607 praevidet
2469 4537 2890 4607 perseverantiae
2952 4545 3145 4594 vestra:
3201 4543 3407 4608 tropaeo
3471 4552 3528 4592 se
3583 4552 3745 4608 posse

2497 4633 2549 4680 et
2604 4625 2726 4681 ideo
2775 4634 3051 4682 tormenta
3104 4625 3290 4694 infert,
3336 4642 3403 4681 ne
3453 4643 3573 4698 spes
3623 4626 3745 4698 ejus

2146 4723 2376 4788 pereat:
2431 4722 2663 4770 mortem
2711 4715 2973 4783 minatur,
3005 4722 3064 4770 ut
3107 4722 3344 4782 terreat;
3396 4716 3564 4772 vitam
3599 4733 3742 4788 pro-

2146 4804 2340 4871 mittit,
2373 4811 2434 4858 ut
2459 4803 2657 4874 eripiat
2686 4821 2699 4867 ;
2754 4803 3099 4859 securitatem
3129 4804 3439 4876 pollicetur,
3471 4812 3533 4859 ut
3558 4805 3739 4861 tollat.

2146 4893 2273 4947 Haec
2303 4900 2416 4946 tota
2449 4892 2581 4947 belli
2627 4891 2925 4960 calliditas,
2982 4892 3087 4949 hoc
3118 4893 3327 4949 fraudis
3354 4893 3670 4962 consilium,
3713 4912 3744 4950 a

2145 4981 2433 5056 suppliciis
2481 4983 2691 5054 eripere
2735 4999 2935 5054 corpus
2982 4992 3035 5038 et
3078 4983 3232 5038 vitiis
3261 4983 3501 5038 animam
3540 4983 3744 5056 subju-

2147 5092 2288 5148 gare.
2330 5075 2440 5131 Nos
2470 5091 2498 5129 e
2527 5081 2720 5128 contra
2750 5072 3146 5130 contendamus
3178 5073 3322 5130 hosti
3371 5090 3483 5129 non
3529 5074 3740 5143 cedere,

2146 5181 2344 5237 corpus
2390 5171 2760 5232 contemnere,
2825 5163 3023 5219 animae
3079 5163 3393 5219 subvenire.
3446 5162 3557 5220 Cur
3593 5163 3743 5220 enim

2145 5253 2433 5309 fortissimi
2489 5253 2655 5309 duces
2710 5252 2985 5309 militibus
3036 5253 3151 5324 (29)
3213 5252 3536 5321 miserrimis
3593 5259 3746 5324 terga

2146 5352 2490 5413 convertant,
2523 5352 2577 5400 et
2605 5345 2663 5400 in
2693 5361 2756 5401 eo
2785 5344 2932 5400 bello
2961 5343 3240 5413 deﬁciant,
3293 5344 3350 5399 in
3378 5360 3485 5417 quo
3515 5353 3747 5415 possunt

2146 5457 2261 5497 esse
2291 5438 2577 5496 victores?
2624 5438 2726 5494 Vel
2772 5455 2879 5512 qua
2909 5437 3120 5494 ratione
3167 5436 3307 5493 mori
3355 5436 3608 5505 timeant,
3648 5439 3746 5508 qui

2145 5536 2328 5594 sciunt
2374 5533 2517 5592 hanc
2563 5533 2807 5590 hominis
2850 5541 3104 5589 naturam
3135 5547 3272 5600 esse,
3317 5548 3430 5588 non
3479 5529 3745 5602 poenam?

2219 5707 2338 5779 (29)
2378 5708 2490 5779 AL,
2531 5706 2694 5765 Ducis
2722 5704 2932 5763 milites.
