3940 6420
223 451 365 509 1125

1488 449 1677 508 ACTA
1720 444 1776 507 S.
1823 449 1906 504 SE
1923 446 2267 506 BASTIANI.

3396 446 3534 508 1126

220 567 354 637 Cur,
399 568 645 641 inquam,
679 567 819 623 mori
865 566 1115 636 timeant,
1149 568 1244 641 qui
1275 567 1509 625 credunt
1547 568 1707 624 istam
1737 568 1821 623 vi-
1849 571 1900 629 Α
1932 577 1988 625 tu
2045 568 2293 624 conferas
2353 566 2595 637 Christo,
2650 576 2846 641 praesto
2894 568 3000 627 erit
3074 572 3533 628 remunerationis

219 666 331 715 tam
366 658 559 713 falsam
580 673 716 725 esse,
736 666 790 713 et
817 674 999 714 veram
1033 659 1205 713 vitam
1236 658 1479 714 inveniri
1511 675 1619 714 non
1643 674 1817 730 posse,

219 747 331 803 nisi
380 746 472 819 qui
522 746 591 802 ab
636 747 820 802 animo
871 764 970 803 suo
1015 748 1205 803 falsam
1256 748 1412 803 istam
1464 746 1725 819 adjecerit
1770 757 1823 804 et

217 834 506 903 caducam,
539 852 659 908 quae
691 852 802 891 non
832 836 983 891 aliud
1021 837 1359 893 amatoribus
1385 838 1520 905 suis,
1555 838 1659 893 nisi
1689 854 1824 909 pec—

217 935 342 983 cata
389 925 641 997 imperat,
690 926 881 981 suadet
925 926 1189 994 facinora,
1240 926 1439 998 ingerit
1482 927 1819 993 criminosa;

217 1015 476 1087 nihilque
504 1015 651 1071 aliud
684 1032 716 1069 a
746 1016 859 1070 suis
888 1016 1225 1070 amatoribus
1257 1016 1448 1086 exigit,
1487 1016 1594 1071 nisi
1628 1023 1689 1070 ut
1718 1031 1822 1087 pe—

218 1108 374 1162 nitus
418 1106 485 1162 de
526 1107 751 1178 perenni
785 1107 899 1161 vita
927 1123 1039 1162 non
1070 1107 1327 1180 cogitent,
1363 1116 1415 1163 et
1460 1122 1684 1179 regnum
1721 1104 1820 1160 Dei

217 1196 471 1251 futurum
502 1212 616 1250 esse
646 1195 975 1267 desperent?

295 1284 383 1340 28.
415 1284 573 1339 Nunc
603 1284 887 1339 videamus
916 1285 1117 1357 quibus
1154 1285 1369 1341 casibus
1406 1284 1670 1357 subjacet,
1702 1285 1820 1357 qui-

216 1373 432 1445 busque
475 1373 735 1445 periculis
779 1374 948 1430 servit
989 1374 1211 1441 ancilla,
1260 1382 1322 1429 ut
1361 1392 1484 1430 cum
1534 1392 1649 1430 eam
1683 1392 1820 1447 pro-

216 1463 537 1518 baverimus
568 1479 667 1519 nec
692 1465 925 1535 seipsam
957 1480 1111 1536 posse
1142 1480 1347 1535 regere,
1379 1463 1606 1519 servitia
1634 1472 1821 1518 nostra

216 1552 291 1608 ab
322 1552 440 1624 ejus
485 1553 864 1611 dominatione
909 1554 1177 1620 tollentes,
1210 1555 1436 1609 alteram
1486 1553 1821 1609 cui'nierito

218 1642 572 1698 serviendum
623 1643 714 1711 sit,
748 1643 1110 1716 requiramus.
1148 1642 1392 1708 Quantos
1427 1642 1575 1696 enim
1618 1648 1820 1697 amato-

219 1748 308 1787 res
337 1731 454 1804 ejus
484 1733 645 1788 ruiiia
692 1732 877 1788 subito
918 1732 1098 1803 gravis
1143 1733 1431 1803 oppressit,
1467 1731 1647 1801 fragor
1693 1731 1818 1786 σιηιί

216 1822 508 1893 percussit,
542 1823 752 1878 fulmen
784 1820 1032 1876 incendit
1064 1820 1206 1889 (30),
1236 1820 1520 1891 naufragia
1556 1820 1819 1891 perdide-

1932 656 2051 730 ejus
2081 658 2368 729 praemium
2407 674 2571 731 super
2624 666 2697 722 te.
2744 674 2951 715 corona
2988 660 3262 733 martyrii,
3324 660 3531 717 habens

1931 762 2116 801 secum
2181 746 2451 802 virtutum
2499 747 2749 803 omnium
2805 746 2968 804 ﬂores
3026 747 3527 816 immarcescibiles,

1932 841 2147 890 aeternis
2182 835 2312 891 vitae
2344 835 2558 907 gaudiis
2588 836 2909 909 profuturos
2938 835 3078 907 (32).
3126 837 3372 893 Audiens
3416 837 3532 894 haec

1932 924 2271 981 Nicostratus
2301 926 2728 997 primiscrinius,
2757 926 2894 982 abiit
2943 926 3012 982 ad
3043 926 3338 985 Claudium
3367 943 3531 984 com-

1931 1014 2379 1081 mentariensem,
2432 1025 2485 1070 et
2512 1014 2679 1086 jussit
2715 1014 3001 1072 universas
3031 1032 3293 1088 personas
3321 1015 3389 1071 ad
3419 1015 3532 1072 do-

1931 1119 2081 1157 mum
2133 1101 2250 1174 ejus
2294 1104 2584 1172 adducere,
2638 1104 2828 1161 dicens
2872 1121 2884 1159 :
2947 1103 3220 1171 Quoniam
3278 1103 3532 1176 proxima

1930 1193 2169 1249 sessione
2200 1211 2390 1250 omnes
2440 1194 2773 1250 discutiendi
2806 1202 2955 1263 sunt,
3001 1196 3129 1250 volo
3153 1203 3216 1250 ut
3255 1212 3382 1250 cuin
3419 1195 3532 1250 illis

1931 1282 2261 1339 Christianis
2289 1282 2384 1355 qui
2429 1283 2575 1355 apud
2620 1298 2707 1338 me
2750 1295 2904 1348 sunt,
2938 1291 3136 1355 praesto
3176 1284 3312 1352 sint,
3362 1300 3430 1340 ne
3459 1282 3534 1338 ali

1930 1383 2037 1441 qua
2098 1370 2452 1441 praefectoriaa
2492 1371 2645 1443 (33)
2713 1371 3042 1428 discussioni
3104 1372 3290 1428 deesse
3356 1371 3532 1444 possit

1929 1474 2181 1529 persona.

2000 1545 2088 1601 30.
2134 1545 2309 1616 Igitur
2353 1563 2477 1602 cuin
2530 1563 2723 1603 omnes
2774 1547 2843 1605 ad
2893 1548 3120 1605 domum
3166 1548 3530 1621 primiscrinii

1930 1634 2178 1705 perducti
2229 1642 2457 1705 starent,
2497 1644 2813 1694 catenarum
2869 1638 3108 1695 nexibus
3164 1641 3362 1710 vincti,
3423 1641 3531 1699 hoc

1930 1723 2094 1779 modo
2123 1741 2217 1781 eos
2245 1726 2333 1781 vir
2359 1726 2459 1783 Dei
2485 1726 2840 1784 Sebastianus
2883 1728 3188 1801 alloquitur
3217 1747 3229 1785 :
3275 1729 3525 1787 Crimina

1927 1816 2200 1874 diabolica
2236 1818 2282 1875 si
2312 1818 2524 1875 divinis
2551 1818 2856 1875 virtutibus
2886 1818 3102 1887 cedant,
3144 1826 3327 1875 reatus
3346 1827 3528 1876 vester

217 1918 371 1979 runt,
404 1913 544 1967 texit
574 1913 758 1978 chaos,
791 1910 1099 1982 Charybdis
1129 1909 1322 1975 ebibit,
1353 1908 1566 1980 gladius
1588 1907 1819 1980 jugula-
1848 1928 1894 1987 Β
1928 1923 1960 1962 a
1990 1916 2168 1963 morte
2193 1908 2532 1976 excluditur,
2555 1915 2609 1963 et
2637 1924 2669 1962 a
2699 1908 2913 1980 gaudiis
2938 1907 3189 1979 fugitivis
3220 1908 3337 1980 (34)
3370 1925 3526 1967 revo-

215 2000 334 2055 vill
384 2010 435 2056 et
492 2001 649 2057 istam
709 2000 895 2055 miseri
951 2016 1078 2055 cum
1155 1998 1444 2055 doloribus
1503 1998 1817 2054 amittentes

214 2089 410 2158 vitam,
457 2091 606 2145 illam
654 2090 872 2162 penitus
903 2088 1153 2144 invenire
1184 2105 1294 2144 non
1327 2090 1586 2160 possunt!
1620 2087 1706 2143 Ad
1737 2088 1817 2143 il-

212 2178 326 2234 lam
385 2180 588 2235 etenim
636 2180 808 2234 vitam
858 2195 970 2233 non
1017 2177 1172 2234 ducit
1220 2185 1451 2244 tortura,
1495 2177 1590 2233 sed
1633 2193 1812 2233 causa.

213 2267 341 2323 Uno
381 2267 619 2339 denique
661 2268 961 2341 eodemque
1006 2284 1291 2339 poenarum
1340 2283 1536 2340 genere
1562 2274 1615 2321 et
1646 2266 1818 2321 inno-

211 2360 471 2417 centibus
516 2361 664 2415 salus
711 2369 911 2416 aeterna
959 2360 1262 2429 confertur,
1311 2367 1364 2415 et
1415 2374 1574 2433 pcena
1625 2358 1817 2413 delin-

212 2448 519 2523 quentibus
547 2447 840 2521 irrogatur.

840 2579 1071 2638 CAPUT
1102 2579 1201 2636 IX.

331 2686 521 2743 Cazteri
548 2706 582 2742 a
604 2686 908 2743 Sebastiano
930 2702 1038 2740 una
1064 2702 1181 2740 cum
1200 2684 1420 2755 captivis
1450 2683 1707 2741 conversi.

290 2812 378 2868 29.
411 2812 585 2883 Igitur
612 2829 736 2868 cum
766 2812 884 2867 hinc
912 2818 965 2866 et
996 2810 1081 2865 his
1115 2809 1319 2865 similia
1367 2810 1582 2865 Marcus
1620 2825 1817 2881 prose-

212 2908 499 2975 queretur,
527 2907 811 2971 coeperunt
840 2915 1029 2955 omnes
1060 2900 1154 2971 qui
1188 2899 1412 2954 aderant
1454 2901 1567 2955 Deo
1616 2898 1816 2970 gratias

212 3005 396 3061 agere,
419 2998 580 3061 atque
610 2989 854 3043 universi
882 2988 1074 3043 ﬂentes
1104 2987 1502 3059 paenitudinem
1535 2987 1811 3059 gerebant,

213 3078 367 3151 quod
413 3078 667 3133 charitati
716 3077 814 3133 Dei
863 3078 1216 3149 praetulerant
1240 3093 1479 3132 amorem
1510 3077 1728 3144 carnis;
1761 3084 1816 3132 et

214 3168 350 3240 quia
381 3167 449 3223 ab
476 3183 645 3239 agone
679 3166 932 3239 martyrii
976 3167 1093 3223 ausi
1141 3167 1373 3222 fuissent
1419 3167 1631 3223 animos
1662 3183 1814 3222 revo-

214 3272 341 3313 care
384 3265 717 3311 sanctorum.
768 3255 1015 3328 Cumque
1062 3272 1273 3324 omnes,
1304 3256 1397 3329 qui
1441 3256 1507 3311 ad
1540 3256 1812 3328 decipien-
1851 3273 1895 3334 ο

214 3348 320 3403 dos
345 3354 561 3401 sanctos
589 3352 872 3413 venerant,
894 3346 1234 3400 unanimiter
1258 3344 1540 3401 crederent
1571 3345 1811 3413 Christo,

212 3435 561 3491 Nicostratus
607 3449 732 3490 cum
781 3432 1013 3504 conjuge
1057 3449 1155 3488 sua
1200 3433 1426 3505 urgebat
1472 3450 1527 3489 se
1568 3434 1757 3490 dicens
1798 3451 1810 3490 :

212 3525 342 3581 Non
404 3524 589 3580 cibum
646 3524 883 3595 capiam,
940 3538 1118 3595 neque
1177 3530 1388 3593 potum,
1447 3524 1555 3579 nisi
1614 3533 1815 3596 myste-

216 3610 368 3666 rium
419 3610 537 3680 (31)
575 3609 712 3664 mihi
744 3608 1069 3665 Christiana:
1116 3608 1398 3680 religionis
1443 3608 1610 3664 fuerit
1649 3610 1817 3666 tradi-

214 3708 360 3757 tum.
411 3700 511 3756 Cui
558 3699 612 3754 S.
662 3698 1014 3753 Sebastianus
1059 3697 1203 3754 dixit
1251 3716 1262 3754 :
1312 3699 1464 3753 Muta
1493 3698 1815 3769 dignitatem

214 3797 396 3857 tuam,
429 3796 482 3843 et
528 3802 643 3843 esse
694 3787 867 3859 magis
914 3786 1095 3857 incipe
1143 3786 1349 3843 Christi
1390 3788 1814 3860 primiscrinius,

214 3892 385 3951 quam
444 3874 708 3948 praefecti.
757 3873 904 3929 Audi
953 3874 1138 3947 itaque
1182 3877 1480 3932 consilium
1519 3893 1723 3945 meum,
1763 3884 1818 3933 et

215 3980 412 4022 omnes
460 3980 597 4035 quos
639 3980 823 4020 carcer
871 3964 1116 4029 inclusit,
1162 3979 1298 4036 quos
1345 3964 1570 4019 vincula
1605 3971 1816 4030 tenent,

216 4069 360 4127 quos
403 4052 675 4123 ergastula
720 4051 1044 4119 conﬁciunt,
1092 4052 1149 4107 in
1198 4068 1372 4107 unum
1419 4052 1623 4124 redige.
1660 4053 1819 4120 Quod

217 4159 348 4199 cum
383 4141 604 4210 feceris,
635 4141 940 4197 antistitem
971 4152 1328 4198 sacrosanctae
1357 4144 1491 4214 legis
1520 4143 1816 4212 adhibebo,

217 4240 284 4288 ut
337 4246 460 4288 cum
516 4230 773 4287 omnibus
828 4232 927 4303 qui
971 4231 1191 4288 credere
1237 4233 1517 4288 voluerint
1567 4233 1817 4306 mysterii

220 4318 491 4390 suscipias
536 4325 958 4374 sacramentum.
1010 4320 1067 4375 Si
1114 4320 1260 4375 enim
1311 4320 1565 4377 diabolus
1599 4322 1820 4379 Christo

220 4417 442 4463 sanctos
515 4424 643 4463 suos
715 4408 928 4463 auferre
987 4416 1216 4464 conatus
1280 4417 1382 4475 est,
1442 4418 1496 4465 et
1550 4421 1815 4478 conatur;

222 4503 430 4571 quanto
459 4497 631 4569 magis
660 4513 759 4552 nos
786 4497 1005 4568 pietatis
1036 4506 1359 4569 argumento
1389 4498 1509 4567 hos,
1542 4515 1679 4572 quos
1708 4500 1818 4555 dia-

221 4585 385 4643 bolus
431 4585 635 4656 injuste
679 4586 920 4643 lucratus
960 4594 1061 4655 est,
1093 4603 1284 4642 curare
1320 4587 1603 4655 debemus,
1635 4596 1689 4643 et
1718 4605 1818 4645 suo

222 4675 509 4730 restituere
539 4674 834 4731 Creatori?
872 4676 944 4730 Et
972 4676 1312 4731 Nicostratus
1356 4675 1423 4731 ad
1454 4676 1571 4733 haec
1601 4693 1819 4749 respon-

223 4768 330 4836 dit,
359 4768 550 4824 dicens
581 4787 593 4824 :
626 4769 913 4836 Quomodo
961 4770 1170 4843 iniquis
1225 4781 1279 4827 et
1333 4771 1647 4828 criminosis
1703 4790 1821 4846 pos-

222 4865 353 4914 sunt
399 4868 586 4913 sancta
631 4858 954 4915 committi?
1001 4860 1056 4915 S.
1109 4861 1459 4916 Sebastianus
1486 4860 1672 4919 dixit:
1709 4862 1821 4917 Sal-

224 4954 384 5002 vator
412 4955 597 5002 iioster
634 4964 731 5019 pro
769 4949 1147 5019 peccatoribus
1176 4966 1328 5005 suam
1360 4950 1522 5006 nobis
1559 4950 1820 5007 exhibere

222 5035 483 5108 dignatus
510 5044 590 5091 est
620 5036 966 5107 praesentiain
999 5045 1051 5091 et
1081 5038 1322 5093 ostendit
1349 5039 1693 5110 mysterium,
1728 5055 1823 5111 per

224 5126 373 5199 quod
404 5126 590 5180 omnia
620 5133 838 5198 peccata
868 5134 924 5181 et
952 5126 1183 5182 crimina
1214 5128 1429 5183 homini
1478 5129 1816 5197 auferantur,

223 5225 279 5274 et
325 5233 517 5274 omnes
555 5218 790 5274 virtutes
847 5218 1070 5274 Domini
1106 5219 1478 5275 conferantur.
1528 5222 1677 5277 Inter
1719 5222 1821 5278 ini-

224 5306 302 5363 tia
331 5307 502 5379 igitur
529 5308 908 5365 conversionis
953 5316 1062 5364 tuae
1102 5308 1208 5365 hoc
1256 5326 1457 5366 munus
1505 5310 1743 5383 primum
1775 5312 1821 5367 si

299 5487 419 5629 ἔξω)
456 5490 568 5570 Al._,
599 5489 1094 5571 ﬂammajncendii's
1114 5490 1341 5547 voravit.

326 5560 387 5617 31
451 5561 685 5627 Quidam
712 5562 951 5629 codices,
975 5563 1321 5629 martyrium.

326 5560 417 5633 3i)
451 5561 685 5627 Quidam
712 5562 951 5629 codices,
975 5563 1321 5633 martyrium.

301 5632 421 5705 (32)
456 5633 557 5705 Ms.
591 5633 738 5705 Rip.,
768 5634 1075 5705 redolentes.

300 5704 420 5779 (ξω)
456 5704 584 5779 _Al.,
626 5704 907 5779 praefecto;
938 5706 1037 5779 al.,
1059 5705 1284 5779 primori
1307 5723 1327 5772 ;
1352 5706 1450 5774 al.,
1478 5705 1639 5779 prce].
1667 5721 1826 5779 prae-

227 5775 391 5839 torii;
422 5775 521 5842 al.,
549 5777 792 5847 praetorii
818 5775 1149 5835 discussioni.

1849 4638 1897 4696 D

1928 2004 2104 2052 catur.
2142 1998 2341 2070 Egerat
2369 1998 2518 2053 enim
2562 2012 2658 2069 per
2713 2012 2845 2053 suos
2899 1997 3164 2054 satellites
3208 1996 3383 2054 hostis
3427 1998 3527 2054 in-

1922 2082 2128 2156 justus,
2200 2096 2258 2144 ut
2311 2088 2529 2143 animos
2566 2086 2813 2143 militum
2861 2086 3067 2146 Christi
3123 2087 3193 2144 ad
3254 2088 3525 2144 virtutum

1927 2175 2148 2232 culmen
2175 2183 2386 2233 erectos
2419 2176 2536 2247 (35)
2576 2183 2868 2244 everteret,
2899 2186 2953 2232 et
2998 2175 3057 2232 in
3091 2176 3210 2248 ipso
3240 2175 3527 2248 perfectio-

1928 2262 2017 2320 nis
2044 2263 2263 2335 fastigio
2307 2264 2535 2335 positos,
2588 2262 2660 2319 ad
2695 2280 2911 2321 caanum
2949 2272 3241 2321 conaretur
3286 2279 3528 2336 mergere

1928 2352 2255 2409 inferorum.
2287 2354 2400 2409 Hac
2426 2353 2494 2409 de
2523 2368 2687 2410 causa
2734 2354 2968 2412 incaluit
3013 2354 3235 2411 animus
3281 2354 3526 2412 hostium

1927 2439 2286 2498 dimicatione
2314 2448 2670 2513 provocatus,
2712 2450 2776 2498 ut
2793 2459 2918 2511 vos,
2953 2458 3091 2514 quos
3114 2441 3231 2514 jam
3284 2443 3528 2501 lucratus

1927 2529 2108 2587 fuerat
2131 2530 2414 2598 inimicus,
2445 2528 2512 2585 de
2533 2528 2653 2600 ejus
2681 2530 3003 2601 captivitate
3032 2530 3307 2597 tollentes,
3339 2540 3525 2588 vestro

1927 2632 2028 2672 vos
2055 2616 2299 2673 Creatori
2329 2616 2640 2673 reddamus.
2665 2617 2932 2672 Diabolus
2959 2615 3108 2671 enim
3137 2633 3239 2674 nec
3265 2617 3526 2676 dominus

1927 2715 2127 2773 vester,
2160 2721 2262 2760 nec
2288 2713 2522 2772 creator,
2554 2721 2656 2761 nec
2680 2714 2834 2777 pater
2853 2720 2970 2760 esse
2995 2704 3355 2776 dignoscitur:
3378 2708 3526 2765 Dens

1926 2801 2116 2848 autem
2141 2801 2194 2848 et
2213 2793 2372 2848 Pater
2390 2800 2444 2848 et
2465 2792 2737 2849 Dominus
2752 2800 2806 2849 et
2826 2792 3096 2851 Conditor
3115 2794 3520 2866 comprobatur.

1926 2885 1997 2940 Et
2014 2883 2063 2940 si
2084 2884 2232 2939 hunc
2243 2882 2684 2955 derelinquentes
2711 2882 2781 2938 ad
2802 2882 2959 2938 illum
2979 2883 3193 2953 abistis,
3215 2885 3311 2959 qui
3330 2884 3389 2940 in
3405 2892 3523 2942 tan-

1929 2982 2048 3029 tum
2074 2972 2243 3029 vestri
2270 2973 2485 3029 exstitit
2506 2972 2787 3043 inimicus,
2823 2981 2886 3028 ut
2904 2989 3004 3028 vos
3031 2972 3099 3029 ad
3121 2991 3308 3046 pinnas
3337 2992 3523 3049 perpe-

1927 3071 2034 3120 tua:
2062 3063 2257 3119 mortis
2287 3062 2603 3131 adduceret,
2653 3070 2707 3118 et
2736 3062 2805 3119 ad
2833 3062 3001 3119 istum
3032 3063 3292 3120 lethalem
3322 3065 3523 3122 faceret

1925 3154 2161 3210 exitium
2182 3155 2476 3221 devenire;
2506 3164 2712 3229 quanto
2740 3156 2913 3229 magis
2932 3156 2996 3212 ad
3029 3173 3152 3213 eum
3183 3157 3522 3215 redeundum

1925 3252 2007 3299 est
2017 3243 2112 3315 qui
2128 3244 2356 3300 unicum
2371 3245 2575 3301 Filium
2590 3262 2751 3301 suum
2765 3246 3003 3318 passioni
3019 3254 3074 3302 et
3085 3246 3250 3302 morti
3269 3247 3517 3317 tradidit,

1923 3340 1986 3388 ut
2007 3348 2106 3388 nos
2129 3349 2162 3387 a
2186 3332 2533 3404 passionibus
2551 3335 2772 3390 aeternis
2793 3341 2892 3389 eta
2915 3343 3087 3390 morte
3108 3344 3370 3407 perpetua
3386 3336 3522 3393 libe-

1924 3429 2068 3476 raret
2089 3421 2117 3477 ?
2145 3421 2282 3478 Cum
2312 3422 2429 3478 haec
2466 3429 2522 3477 et
2550 3422 2638 3478 his
2668 3422 2875 3478 similia
2902 3431 3321 3495 prosequeretur
3348 3423 3405 3481 S.
3429 3425 3519 3482 Se-

1924 3509 2225 3579 bastianus,
2268 3517 2684 3582 prostraverunt
2727 3526 2784 3566 se
2812 3527 2937 3568 cum
2968 3512 3226 3583 lacrymis
3250 3512 3516 3583 universi,

1925 3605 1980 3653 et
2016 3598 2176 3653 ﬂexis
2221 3597 2453 3671 genibus
2489 3605 2772 3671 eruperunt
2817 3598 3013 3654 cordis.
3026 3599 3293 3671 gemitum
3322 3599 3521 3657 redde-

1927 3702 2007 3755 re,
2040 3694 2095 3759 et
2122 3702 2179 3742 se
2209 3702 2427 3759 pecasse
2464 3695 2518 3744 et
2561 3688 2730 3759 impie
2784 3688 2959 3759 egisse
3000 3688 3339 3760 paenitentiae
3374 3689 3521 3747 voci-

1929 3776 2033 3833 bus
2061 3777 2388 3833 exclamare.
2423 3775 2750 3833 Fundebant
2800 3792 2932 3850 ergo
2970 3792 3182 3834 amaras
3228 3779 3520 3851 lacrymas,

1927 3875 1982 3924 et
2009 3883 2068 3922 se
2098 3867 2241 3922 velle
2295 3867 2516 3923 Christo
2549 3867 2793 3936 credere,
2849 3868 3129 3924 unanimis
3180 3869 3410 3927 vocibus
3441 3885 3522 3926 re-

1926 3955 2216 4013 sonabant.
2274 3957 2429 4014 Tunc
2484 3956 2547 4012 Β.
2607 3956 2961 4014 Sebastianus
3006 3954 3167 4029 jubet
3215 3974 3308 4016 eos
3332 3974 3525 4016 omnes

1926 4061 1959 4102 a
1983 4044 2225 4103 vinculis
2251 4055 2566 4105 catenarum
2595 4046 2832 4103 exsolvi.

2555 4174 2786 4233 CAPUT
2824 4174 2900 4233 X.

1994 4363 1999 4367 ι
2040 4287 2225 4343 Omnes
2263 4302 2298 4340 a
2324 4284 2621 4357 Polycarpo
2649 4284 2721 4339 ad
2750 4284 3065 4356 baptismum
3090 4286 3412 4357 prwparati.

1932 4469 1949 4490 θ
1999 4412 2087 4469 31.
2129 4411 2256 4467 Post
2292 4410 2412 4467 haec
2470 4412 2527 4468 S.
2576 4411 2929 4470 Sebastianus
2959 4413 3098 4470 abiit
3141 4413 3212 4470 ad
3266 4413 3522 4487 Polycar-

1926 4518 2058 4575 pum
2084 4500 2199 4573 (36)
2232 4500 2632 4573 presbyterum,
2686 4503 2782 4559 ubi
2820 4510 2934 4557 erat
2980 4517 3145 4558 causa
3191 4497 3521 4575 persecutio-

1928 4592 2016 4649 nis
2045 4595 2315 4661 occultus,
2347 4600 2399 4649 et
2439 4594 2686 4649 narravit
2719 4594 2767 4648 ei
2799 4592 2985 4648 omnia
3031 4609 3149 4666 qua:
3184 4601 3333 4666 gesta
3368 4600 3517 4651 sunt.

1928 4681 2141 4749 Quibus
2166 4681 2369 4737 auditis
2416 4683 2469 4736 S.
2504 4682 2837 4754 Polycarpus
2885 4680 3084 4752 gratias
3112 4681 3223 4753 egit
3284 4682 3416 4750 Deo,
3468 4690 3522 4739 et

1928 4788 2039 4827 una
2066 4787 2191 4827 cum
2230 4786 2294 4825 eo
2329 4770 2481 4825 venit
2517 4770 2585 4825 ad
2614 4770 2837 4826 domum
2882 4769 3176 4825 Nicostrati
3217 4770 3517 4841 primiscri-

1929 4858 2032 4926 nii,
2063 4867 2117 4914 et
2143 4858 2333 4914 videns
2362 4858 2550 4915 turbas
2579 4857 2943 4925 credentium,
2974 4858 3217 4913 salutans
3255 4874 3348 4914 eos
3393 4874 3549 4939 cum‘

1928 4951 2080 5006 omni
2112 4948 2308 5022 gaudio
2340 4949 2484 5007 dixit
2517 4964 2528 5002 :
2572 4948 2723 5005 Beati
2772 4964 2961 5003 omnes
3010 4964 3129 5014 vos,
3166 4948 3259 5020 qui
3290 4948 3522 5004 audistis

1929 5054 2120 5095 vocem
2151 5037 2373 5093 Domini
2405 5037 2579 5092 nostri
2608 5036 2737 5092 Iesu
2779 5035 2985 5092 Christi
3024 5035 3261 5091 dicentis
3291 5054 3302 5092 :
3347 5060 3365 5084 ι
3403 5036 3524 5092 Ve-

1930 5127 2044 5183 nite
2072 5126 2136 5183 ad
2189 5143 2295 5195 me,
2350 5142 2541 5182 omnes
2569 5126 2663 5200 qui
2696 5125 2954 5182 laboratis
3007 5133 3061 5181 et
3108 5124 3321 5182 onerati
3367 5124 3521 5195 estis,

1930 5222 1984 5272 et
2012 5232 2112 5288 ego
2141 5232 2239 5271 vos
2266 5215 2605 5288 requiescere
2637 5214 2860 5271 faciam.
2900 5215 3100 5272 Tollite
3122 5214 3316 5288 jugum
3337 5230 3522 5270 meum

1930 5321 2093 5378 super
2117 5322 2235 5374 vos,
2259 5312 2313 5361 et
2332 5305 2529 5361 discite
2553 5320 2584 5361 a
2606 5321 2694 5362 me
2723 5305 2854 5379 quia
2882 5304 3038 5362 mitis
3064 5321 3187 5362 sum
3207 5313 3261 5362 et
3294 5303 3525 5362 humilis

2031 5488 2124 5561 34)
2164 5489 2279 5558 AL,
2310 5488 2380 5544 ad
2406 5488 2603 5559 gaudia
2632 5488 2830 5561 votiva.

2031 5560 2123 5632 35)
2163 5561 2277 5632 A1,,
2306 5579 2341 5616 a
2378 5563 2638 5616 virtutum
2665 5560 2889 5632 culmine
2914 5564 3076 5632 recte.

1930 5625 2124 5761 mg?)
2166 5631 2221 5689 S-
2245 5625 2535 5705 Polycarpi
2557 5631 2862 5705 presbyteri
2893 5631 3092 5690 natalis
3122 5625 3305 5705 agitur
3331 5627 3400 5690 23
3431 5629 3529 5690 Fe-
