3940 6364
457 382 592 444 1127

1444 384 1540 441 ΑΙ)
1579 385 1813 442 OPERA
1851 384 1906 440 S.
1949 383 2283 442 AMBROSII
2322 383 2706 441 APPENDIX.

3620 383 3757 440 1128

453 508 640 574 corde,
695 514 750 564 et
800 507 1097 565 invenietis
1152 508 1400 582 requiem
1478 509 1770 566 animabus
1829 509 2047 566 vestris.
2079 511 2131 571 A
2162 508 2374 578 stodiae,
2404 507 2686 580 respondit
2718 525 2730 564 :
2765 506 3164 580 Amplitudinis
3190 515 3384 564 vestrm
3409 504 3574 579 jussu
3599 508 3757 566 Chri-

451 599 650 671 Jugum
686 599 833 654 enim
865 615 1047 655 meum
1076 614 1243 655 suave
1292 606 1392 667 est,
1424 605 1478 655 et
1509 615 1647 655 onus
1697 615 1879 655 meum
1930 598 2048 654 leve

455 687 668 759 (Matth.
702 704 784 757 x1,
815 688 884 744 28
912 690 1102 759 seqq.).
1134 713 1153 736 ι
1224 689 1338 744 Vos
1364 689 1548 762 itaque
1607 689 1802 744 fratres
1851 687 2046 755 nostri,

453 792 589 848 quos
618 775 866 831 nondum
890 775 1234 849 baptismatis
1262 777 1410 832 unda
1447 778 1613 832 diluit
1667 777 1805 848 (37),
1839 785 1893 832 et
1922 792 2047 832 con-

454 866 719 922 secrando
756 868 869 922 Deo
921 867 1289 938 omnipotenti
1340 866 1693 924 charissimos
1722 867 1868 922 ﬁlios
1897 866 2047 934 fecit,

454 971 553 1028 pro
585 953 690 1011 hoc
737 954 884 1028 quod
939 971 969 1010 a
1024 957 1305 1028 proposito
1361 966 1549 1013 sancto
1581 973 1837 1012 revocare
1867 953 2050 1014 conati

453 1047 587 1103 estis
611 1046 960 1102 beatissimos
1010 1047 1217 1103 milites
1260 1047 1490 1118 Christi,
1547 1065 1683 1120 opus
1737 1047 1895 1104 vobis
1935 1055 2052 1103 erat

453 1137 798 1208 poenitentia,
825 1145 885 1191 ut
921 1152 1016 1209 per
1067 1137 1240 1209 ipsam
1270 1137 1338 1193 ad
1381 1138 1780 1212 indulgentiam
1823 1137 2051 1193 venire-

454 1229 544 1284 tis.
599 1229 759 1286 Nunc
797 1236 1002 1297 autem,
1055 1229 1185 1302 quia
1236 1231 1304 1287 ad
1339 1239 1550 1288 tantam
1607 1231 1837 1305 gloriam
1859 1247 2053 1287 acces-

457 1319 626 1389 sistis,
655 1320 910 1376 utetiam
944 1321 1011 1378 ad
1043 1323 1348 1394 passionem
1391 1341 1422 1380 a
1465 1341 1572 1396 qua
1617 1324 1866 1380 dolenter
1912 1323 2050 1380 alt-is

452 1425 711 1466 revocare
742 1410 1018 1480 voluistis,
1071 1412 1138 1466 ad
1177 1413 1352 1484 ipsam
1408 1412 1731 1469 desideretis
1777 1422 2052 1486 gratanter

453 1499 596 1554 velle
626 1514 844 1555 currere
871 1507 924 1555 et
958 1500 1194 1557 libenter
1220 1501 1502 1573 amplecti,
1541 1503 1727 1559 sciatis
1775 1521 1872 1559 vos
1901 1511 1955 1558 et
1983 1503 2050 1558 ad

453 1587 856 1661 indulgentiam
889 1591 1228 1660 pervenisse,
1256 1599 1310 1646 et
1353 1591 1419 1646 ad
1468 1592 1706 1663 palmam
1756 1593 2046 1664 attingere.

421 1681 627 1740 -Vetus
652 1682 760 1738 hoc
788 1689 869 1738 est
897 1680 1193 1738 artiﬁcium
1220 1681 1450 1740 Christi.
1483 1683 1619 1739 Nam
1652 1683 1838 1754 ipsum
1888 1699 2048 1756 quem

453 1787 550 1828 vas
569 1772 854 1828 electionis
877 1789 990 1830 suae
1043 1772 1300 1846 dignatus
1330 1781 1414 1830 est
1433 1783 1487 1831 et
1519 1774 1698 1830 voluit
1724 1775 2048 1847 magistrum

2158 600 2361 656 stianas
2405 600 2551 656 intra
2592 598 2818 655 domum
2867 615 3042 656 meam
3094 598 3481 656 custodiendas
3539 602 3756 674 suscepi

2159 707 2436 762 personas,
2467 690 2669 762 quibus
2714 698 2774 746 ut
2805 698 3067 746 terrorem
3111 690 3382 762 passionis
3421 689 3757 760 incuterem,

2159 795 2375 833 reorum
2405 779 2532 834 illos
2563 779 2664 835 feci
2696 779 2892 835 sociari
2926 780 3192 851 personis,
3223 787 3284 834 ut
3301 779 3541 850 jussioni
3565 788 3756 837 vestrae

2159 877 2214 923 et
2264 868 2601 940 persuasioni
2650 877 2848 926 nostra
2893 870 2939 924 si
2969 885 3078 924 non
3106 884 3373 925 consensu
3412 885 3532 939 suo,
3565 870 3757 926 saltem

2158 957 2338 1013 alieno
2385 957 2762 1031 experimento
2800 960 3168 1028 consentiant,
3217 966 3270 1014 et
3312 967 3558 1016 metuant
3588 976 3658 1016 ne
3686 958 3756 1016 si-

2160 1045 2309 1101 milis
2337 1063 2430 1102 eos
2467 1063 2627 1119 poena
2666 1047 2977 1104 concludat.
3011 1047 3396 1104 Libentissime
3427 1047 3598 1119 igitur
3642 1047 3759 1106 haec

2158 1134 2387 1192 audiens
2435 1137 2723 1208 praefectus
2774 1136 2987 1193 dimisit
3033 1153 3159 1193 eum
3201 1136 3424 1194 dicens:
3457 1138 3655 1210 Magno
3705 1148 3759 1196 te

2159 1241 2326 1280 censu
2351 1241 2382 1280 a
2416 1225 2733 1296 parentibus
2771 1243 2961 1282 eorum
3005 1226 3344 1283 remunerari
3377 1227 3596 1297 faciam,
3629 1244 3756 1285 cum

2159 1331 2254 1386 per
2282 1321 2334 1369 te
2363 1314 2476 1370 illis
2505 1315 2713 1371 fuerint
2743 1316 3047 1372 incolumes
3074 1315 3178 1372 ﬁlii
3208 1316 3472 1373 restituti.

2231 1406 2320 1462 33.
2353 1408 2650 1464 Revertens
2697 1408 2883 1482 itaque
2931 1409 2999 1466 ad
3033 1410 3258 1466 domum
3287 1426 3438 1466 suam
3470 1410 3759 1468 Nicostra—

2159 1505 2249 1554 tus
2314 1498 2718 1579 primiscrinius
2773 1517 2899 1556 cum
2960 1500 3190 1558 Claudio
3247 1500 3757 1570 commentariensi,

2159 1587 2325 1658 coepit
2366 1588 2625 1645 universa
2676 1589 2898 1658 referre,
2931 1600 2983 1647 et
3013 1590 3248 1663 qualiter
3286 1592 3340 1647 S.
3378 1590 3758 1656 Sebastianus,

2158 1693 2283 1732 cum
2335 1676 2407 1732 sit
2454 1678 2663 1734 amicus
2692 1678 3106 1751 imperatorum,
3137 1679 3633 1736 christianissimus
3661 1680 3755 1748 sit,

2159 1773 2213 1822 et
2255 1765 2314 1821 in
2360 1767 2672 1824 eruditione
2720 1769 2912 1825 divina
2960 1771 3251 1842 perfectus,
3286 1777 3340 1826 et
3368 1771 3606 1843 qualiter
3635 1770 3755 1825 ani-

451 1861 706 1933 gentjbus
736 1861 886 1932 dare,
943 1863 1039 1936 qui
1090 1880 1202 1920 non
1245 1865 1424 1920 solum
1478 1863 1726 1920 ﬁdelium
1769 1864 1984 1919 animos
2020 1879 2050 1918 α
2082 1879 2124 1938 Β
2160 1872 2274 1912 mas
2330 1855 2772 1915 Christianorum
2829 1876 2925 1917 sua
2975 1859 3358 1917 exhortatione
3421 1868 3756 1929 revocasset,

449 1953 670 2024 pietatis
700 1954 982 2026 proposito
1028 1954 1342 2021 revocabat,
1399 1955 1494 2012 sed
1539 1956 1707 2011 etiam
1741 1957 1989 2011 nolentes
2015 1970 2047 2008 a

450 2041 672 2099 Christo
728 2043 1010 2100 discedere
1065 2044 1341 2116 lapidibus
1384 2043 1686 2112 obruebat;
1746 2043 1897 2101 hunc
1935 2059 2046 2098 no-

448 2129 534 2185 bis
564 2130 678 2200 ipse
708 2131 979 2186 Dominus
998 2133 1307 2202 apostolum
1329 2133 1665 2188 condonavit
1695 2177 1709 2200 ,
1741 2132 2045 2203 tribuitque

450 2217 613 2274 nobis
666 2233 734 2273 ex
785 2217 950 2273 Saulo
996 2218 1250 2287 Paulum,
1311 2237 1378 2275 ex
1406 2229 1651 2292 apostata
1678 2221 1809 2276 fecit
1835 2228 2046 2292 aposto-

451 2305 587 2373 lum,
621 2312 676 2360 et
707 2304 858 2360 dedit
906 2305 1166 2362 Ecclesia
1212 2323 1324 2362 suae
1371 2323 1440 2362 ex
1487 2316 1831 2379 persecutore
1861 2307 2045 2364 docto-

451 2410 588 2452 rem.
623 2393 852 2450 Amator
880 2395 1151 2467 passionis
1205 2396 1384 2453 factus
1414 2404 1496 2454 est
1537 2397 1604 2466 is,
1657 2396 1750 2470 qui
1782 2413 2048 2470 persecu-

450 2483 620 2540 tionis
648 2492 839 2541 auctor
865 2484 1151 2541 exstiterat
1185 2503 1196 2541 :
1251 2495 1305 2542 et
1331 2485 1424 2559 qui
1468 2486 1528 2541 in
1570 2485 1766 2542 alienis
1795 2486 2046 2544 aﬂlictio-

453 2572 619 2628 nibus
653 2572 807 2644 prius
834 2573 1231 2646 gratulabatur,
1281 2574 1338 2630 in
1385 2575 1499 2631 suis
1547 2575 1896 2647 postmodum
1928 2592 2044 2648 per-

453 2663 830 2720 secutionibus
903 2664 1207 2720 laetabatur.
1273 2665 1391 2736 Ipse
1445 2680 1572 2737 ergo
1626 2665 1722 2738 qui
1797 2674 1930 2722 tunc
1985 2667 2044 2722 in

452 2755 702 2827 apostolo
781 2772 879 2810 suo
953 2754 1212 2810 virtutem
1282 2753 1441 2810 istam
1498 2756 1764 2824 exercuit,
1824 2756 1941 2828 ipse
1991 2763 2069 2825 et_

452 2864 611 2905 nunc
665 2847 732 2904 de
790 2848 908 2919 ipso
965 2845 1266 2902 inferorum
1341 2848 1612 2916 conclavi,
1679 2855 1733 2904 et
1789 2864 1857 2923 ex
1913 2849 2046 2920 ipsis

454 2938 754 2994 draconum
788 2935 1039 2991 faucibus
1082 2936 1390 2992 animarum
1444 2945 1747 2993 vestrarum
1802 2939 2047 3010 captivi-

455 3036 622 3085 tatem
652 3028 876 3097 eripuit,
921 3034 974 3082 et
1008 3027 1168 3082 vobis
1224 3044 1373 3084 nunc
1426 3045 1458 3084 a
1499 3029 1738 3084 tenebris
1768 3029 1834 3085 ad
1867 3031 2044 3086 lucem

453 3117 824 3174 remeantibus
884 3126 1100 3173 aeternas
1149 3117 1277 3173 vitae
1327 3117 1521 3190 januas
1576 3120 1852 3191 patefecit.
1905 3120 2045 3188 Quia

452 3223 579 3279 ergo
614 3223 804 3262 omnes
833 3205 1126 3276 daemones,
1181 3208 1275 3279 qui
1330 3216 1459 3263 sunt
1510 3210 1858 3266 tenebrarum
1917 3211 2040 3280 ﬁlii,
2075 3241 2117 3300 ρ

451 3301 871 3370 contristantur,
892 3301 1039 3357 unde
1064 3311 1118 3358 et
1148 3317 1338 3357 omnes
1367 3301 1538 3358 sancti
1569 3303 1770 3373 angeli,
1802 3303 1894 3375 qui
1916 3311 2044 3358 sunt

453 3389 557 3445 ﬁlii
614 3391 772 3459 lucis,
833 3393 1198 3464 gratulantur,
1251 3391 1472 3448 accedat
1518 3392 1895 3465 unusquisque
1953 3409 2041 3449 ve-

451 3489 647 3550 strum,
679 3490 733 3538 et
761 3481 855 3538 det
879 3499 1079 3538 nomen
1127 3499 1308 3552 suum,
1342 3490 1404 3538 ut
1431 3482 1700 3540 hodierno
1741 3483 1831 3539 die
1872 3499 2042 3557 usque

450 3578 518 3635 ad
549 3593 832 3649 vesperam
862 3586 1212 3649 percurrente
1255 3577 1489 3650 jejunio,
1540 3579 1801 3635 festivum
1840 3579 2039 3651 baptis-

452 3669 614 3726 matis
638 3678 1039 3726 sacramentum
1071 3677 1441 3742 opportunum
1497 3677 1714 3743 tempus
1771 3671 2036 3727 inveniat.

450 3758 668 3814 Justum
702 3765 784 3813 est
827 3758 997 3828 enim,
1039 3767 1103 3814 ut
1149 3761 1239 3814 lex
1286 3776 1319 3815 a
1364 3757 1584 3816 mortali
1622 3759 1830 3816 mundo
1859 3760 2039 3816 absce-

449 3847 584 3905 dens
630 3848 698 3905 ad
723 3857 937 3905 nostras
966 3859 1174 3906 mentes
1203 3850 1539 3907 immortales
1567 3851 1807 3920 accedat,
1848 3859 1909 3907 ut
1945 3852 2039 3925 qui

447 3937 506 3994 in
553 3937 659 3995 isto
690 3939 890 3995 saeculo
921 3938 1158 3995 volutati
1190 3940 1247 3995 in
1278 3941 1396 3996 luto
1447 3941 1796 3997 tenebrarum
1826 3958 2035 4010 sumus,

449 4045 590 4102 aqua
622 4027 1075 4084 sanctiﬁcationis
1101 4028 1276 4084 abluti
1313 4045 1376 4087 ac
1406 4030 1676 4099 mundati,
1725 4038 1779 4086 et
1816 4030 2037 4086 sinceri-

446 4127 556 4176 tate
585 4118 766 4176 induti
796 4120 999 4174 alacres
1027 4135 1316 4190 pergamus
1362 4119 1428 4175 ad
1477 4119 1780 4177 Christum.
1831 4120 1959 4176 Haec
1986 4126 2039 4174 et

447 4208 535 4265 his
564 4207 771 4264 similia
795 4214 1155 4279 prosequente
1185 4208 1240 4262 S.
1292 4207 1618 4280 Polycarpo,
1663 4207 1909 4262 universi
1953 4223 2040 4280 ga-

445 4297 553 4354 visi
608 4305 756 4365 sunt,
810 4306 864 4353 et
896 4297 1272 4369 unusquisque
1302 4313 1504 4353 nomen
1555 4313 1715 4354 suum
1747 4297 2039 4355 festinabat

447 4387 765 4460 priusquam
789 4386 1221 4458 interrogaretur
1249 4384 1462 4442 offerre.

1063 4511 1288 4569 CAPUT
1326 4512 1424 4568 ΧΙ.

446 4604 720 4679 Baptizati
768 4606 1131 4676 catechume-ni,
1180 4623 1388 4677 unaque
1431 4603 1688 4661 Claudius
1737 4622 1850 4661 cum
1888 4606 2035 4678 ﬁliis.
2067 4603 2116 4660 D

520 4720 605 4778 32.
641 4719 887 4793 Cumque
921 4720 1038 4776 haec
1063 4727 1372 4792 agerentur,
1422 4717 1575 4773 venit
1603 4717 1864 4776 Claudius
1891 4734 2036 4774 com-

448 4810 835 4866 mentariensis
861 4809 928 4866 ad
959 4809 1316 4882 primiscrinii
1349 4807 1639 4863 Nicostrati
1671 4807 1919 4873 domum,
1940 4807 2036 4863 ubi

448 4897 553 4956 ista
583 4899 924 4970 agebantur;
978 4907 1033 4954 et
1085 4898 1220 4955 dicit
1273 4896 1619 4954 Nicostrato:
1672 4895 2038 4953 Vehementer

450 4989 777 5061 praefectura
801 4996 1074 5044 commota
1099 4995 1200 5054 est,
1233 4987 1379 5060 quod
1400 5003 1657 5060 personas
1685 5003 1903 5043 reorum
1929 4997 2037 5046 tuas

449 5077 648 5135 domus
677 5077 940 5135 custodiae
997 5077 1139 5134 tradi
1173 5077 1407 5149 jussisti.
1464 5079 1577 5135 Hac
1606 5077 1672 5133 de
1707 5094 1870 5135 causa
1924 5078 2038 5135 suis

448 5175 503 5224 te
539 5168 708 5240 jussit
760 5167 1050 5240 praefectus
1104 5167 1416 5240 aspectibus
1482 5169 1820 5239 praesentari.
1896 5167 2036 5226 Vide

446 5257 600 5328 quasi
640 5256 838 5314 debeas
874 5256 1238 5328 interrogatus
1280 5256 1408 5313 dare
1453 5272 1794 5328 responsum.
1829 5258 2036 5328 Ingres-

446 5362 538 5400 sus
565 5346 754 5418 itaque
792 5346 858 5402 ad
894 5345 1210 5419 praefectum
1240 5346 1601 5414 Nicostratus,
1649 5362 1774 5402 cum
1805 5345 2034 5401 interro-

448 5442 602 5504 gatus
630 5436 843 5504 fuisset,
869 5452 969 5492 cur
999 5451 1088 5491 eas
1119 5451 1396 5507 personas,
1443 5451 1578 5507 quas
1623 5435 1858 5491 carceris
1889 5436 2034 5492 clau-

447 5529 558 5579 stra
586 5523 912 5593 retinebant,
946 5540 1058 5581 suae
1101 5525 1341 5582 voluerit
1374 5523 1570 5580 domus
1599 5525 1899 5599 mancipari
1930 5542 2036 5583 cu-

2156 1953 2210 2001 et
2241 1946 2388 2017 quod
2423 1947 2561 2003 satis
2607 1947 2806 2004 idonea
2833 1949 3045 2006 ratione
3083 1949 3358 2006 docuisset
3391 1950 3550 2006 istam
3580 1947 3756 2005 vitam

2154 2033 2446 2106 fugitivam
2493 2046 2546 2094 et
2593 2037 2974 2110 imaginariam
3022 2055 3159 2106 esse,
3205 2049 3259 2096 et
3306 2039 3386 2096 sic
3409 2038 3542 2094 dum
3578 2037 3758 2094 teneri

2153 2131 2396 2195 putatur,
2429 2126 2652 2183 auferri.
2684 2126 2951 2183 Narrabat
2998 2127 3186 2195 etiam,
3218 2127 3494 2201 quomodo
3526 2125 3760 2183 veniens

2156 2221 2378 2284 repente
2421 2214 2519 2270 lux
2569 2214 2636 2271 de
2680 2215 2818 2272 coelo
2853 2217 3238 2288 perlustrasset
3265 2234 3414 2288 eum,
3445 2223 3500 2273 et
3527 2232 3758 2289 quomo-

2156 2299 2227 2356 do
2255 2317 2483 2357 uxorem
2514 2302 2653 2374 ejus,
2695 2320 2816 2378 qua
2860 2320 2956 2376 per
2997 2322 3095 2362 sex
3137 2323 3310 2363 annos
3352 2313 3506 2362 muta
3551 2305 3760 2374 fuerat,

2156 2389 2288 2446 fecit
2318 2391 2490 2462 loqui.

2225 2484 2314 2540 34.
2383 2484 2522 2541 Cum
2582 2484 2700 2541 hac
2756 2494 3028 2543 narrasset
3090 2488 3432 2545 Nicostratus
3499 2487 3760 2556 Claudio,

2153 2577 2363 2634 corruit
2412 2577 2481 2632 ad
2526 2577 2690 2649 pedes
2734 2577 3026 2635 Nicostrati
3069 2578 3350 2647 Claudius,
3391 2578 3583 2634 dicens
3617 2596 3629 2633 :
3669 2580 3762 2634 Ex

2154 2666 2353 2722 amissa
2392 2665 2626 2738 conjuge
2675 2666 2813 2723 duos
2861 2668 3007 2724 ﬁlios
3053 2667 3248 2737 habeo,
3281 2685 3350 2725 ex
3379 2666 3578 2741 quibus
3608 2685 3763 2726 unus

2156 2755 2424 2828 hydropis
2451 2757 2644 2813 morbo
2673 2757 2953 2829 fatigatur,
2985 2757 3128 2814 alius
3157 2758 3396 2814 diversis
3425 2758 3761 2816 vulneribus

2155 2846 2526 2918 opprimitur;
2578 2864 2711 2920 rogo
2752 2855 2814 2903 ut
2849 2847 3044 2919 jubeas
3068 2864 3159 2904 eos
3187 2848 3422 2905 visitari.
3451 2847 3572 2903 Non
3601 2849 3759 2905 enim

2155 2933 2350 2990 dubito
2395 2935 2542 3008 quod
2580 2937 2696 3005 ille,
2730 2936 2823 3009 qui
2869 2938 3049 3009 potuit
3080 2937 3255 2993 facere
3281 2946 3344 2993 ut
3376 2946 3497 3008 post
3524 2953 3618 2993 sex
3660 2953 3758 2993 an-

2154 3039 2256 3078 nos
2304 3025 2618 3097 loqueretur
2657 3042 2800 3081 uxor
2846 3033 2960 3094 tua,
2996 3026 3181 3093 faciat,
3214 3025 3257 3082 si
3291 3025 3558 3093 voluerit,
3588 3034 3652 3082 ut
3685 3025 3758 3082 ad

2153 3112 2299 3169 ﬁlios
2328 3130 2478 3170 meos
2521 3117 2726 3171 sanitas
2770 3114 2973 3170 redeat.
3008 3116 3079 3171 Et
3105 3114 3223 3172 haec
3250 3115 3438 3172 dicens
3477 3117 3759 3188 proripuit

2153 3217 2208 3258 se
2255 3203 2322 3258 ad
2367 3202 2592 3258 domum
2645 3221 2820 3272 suam,
2852 3213 2905 3260 et
2954 3203 3083 3260 fecit
3125 3204 3268 3260 inter
3307 3220 3501 3260 manus
3549 3203 3756 3266 adduci

2152 3289 2290 3345 duos
2329 3289 2475 3346 ﬁlios
2521 3308 2668 3360 suos,
2700 3299 2754 3347 et
2797 3291 3153 3348 introducens
3199 3308 3292 3348 eos
3327 3292 3471 3347 intra
3497 3291 3752 3352 domum.

2151 3377 2247 3434 ubi
2279 3388 2434 3435 erant
2461 3380 2634 3436 sancti
2667 3381 2788 3449 Dei,
2823 3379 3052 3452 projecit
3079 3397 3170 3438 eos
3209 3388 3335 3437 ante
3375 3381 3536 3453 pedes
3555 3397 3752 3437 eorum

2153 3467 2385 3525 dicens:
2427 3469 2593 3524 Nulla
2646 3469 2865 3540 penitus
2917 3468 3214 3526 dubietatis
3269 3469 3424 3541 signa
3469 3470 3526 3526 in
3581 3470 3752 3527 corde

2152 3573 2273 3614 meo
2303 3567 2684 3615 remanserunt
2716 3577 2728 3614 :
2762 3558 2856 3615 sed
2884 3575 2954 3615 ex
2990 3566 3108 3615 toto
3150 3558 3313 3617 corde
3343 3559 3569 3616 credens
3599 3559 3753 3631 quod
3823 3575 3825 3577 ‘

2152 3649 2425 3718 Christus,
2456 3667 2617 3724 quem
2647 3651 2851 3719 colitis,
2896 3650 3010 3724 ipse
3052 3651 3124 3708 sit
3164 3667 3330 3707 verus
3372 3653 3538 3720 Deus,
3569 3650 3752 3708 detuli

2149 3739 2260 3797 huc
2313 3741 2473 3798 vobis
2531 3742 2643 3799 duo
2699 3741 3038 3799 incrementa
3096 3758 3236 3809 mea,
3305 3741 3531 3798 credens
3595 3740 3754 3813 quod

2149 3839 2371 3903 possent
2416 3846 2512 3902 per
2553 3847 2653 3887 vos
2698 3847 2730 3886 a
2775 3830 2970 3886 mortis
2998 3829 3242 3903 periculo
3267 3829 3507 3886 liberari.
3541 3829 3754 3886 Dicunt

2149 3921 2199 3976 ei
2229 3937 2419 3977 omnes
2458 3920 2623 3977 simul
2668 3920 2844 3977 sancti
2875 3919 2974 3976 Dei
3008 3937 3020 3975 :
3053 3920 3254 3976 Omnes
3293 3935 3430 3992 quos
3458 3918 3551 3975 hic
3580 3917 3752 3976 hodie

2149 4009 2442 4066 inﬁrmitas
2472 4009 2657 4083 aliqua
2684 4017 2852 4078 tenet,
2885 4025 3019 4065 mox
3050 4017 3112 4064 ut
3141 4008 3441 4091 Christiani
3468 4008 3600 4065 facti
3629 4008 3750 4067 fue-

2147 4099 2281 4166 rint,
2312 4098 2672 4154 sanabuntur.

2219 4185 2306 4243 35.
2346 4185 2592 4258 Cumque
2620 4185 2880 4241 clamaret
2908 4183 3170 4241 Claudius
3197 4186 3416 4243 credere
3453 4202 3532 4254 se,
3563 4195 3620 4243 et
3649 4186 3742 4244 de-

2146 4274 2383 4331 siderare
2409 4274 2528 4330 ﬁeri
2565 4273 2965 4342 Christianum,
2991 4274 3158 4347 jussit
3207 4275 3263 4332 S.
3295 4275 3633 4348 Polycarpus
3682 4283 3746 4332 ut

2146 4363 2340 4419 darent
2369 4363 2574 4436 singuli
2621 4364 2848 4420 nomina
2884 4380 2999 4420 sua.
3033 4364 3251 4420 Primus
3281 4364 3465 4437 itaque
3491 4365 3745 4421 omnium

2145 4451 2300 4509 dedit
2331 4469 2533 4508 nomen
2567 4468 2727 4508 suum
2757 4452 3175 4526 Tranquillinus
3220 4462 3373 4526 pater
3402 4452 3747 4510 Marcelliani

2146 4549 2199 4597 et
2229 4543 2414 4599 Marci.
2462 4544 2588 4599 Post
2641 4543 2791 4599 hunc
2819 4559 2916 4599 sex
2944 4543 3107 4599 amici
3152 4560 3364 4611 eorum,
3397 4541 3453 4598 id
3486 4551 3588 4612 est,
3619 4544 3746 4599 Ari-

2147 4639 2290 4701 ston,
2337 4631 2772 4701 Crescentianus,
2825 4631 3227 4704 Eutychianus,
3269 4633 3538 4700 Urbanus,
3589 4631 3744 4689 Vita-

2148 4722 2236 4789 lis,
2277 4730 2331 4777 et
2383 4721 2603 4787 Justus;
2637 4730 2759 4793 post
2795 4719 2895 4776 hos
2935 4721 3278 4777 Nicostratus
3307 4719 3739 4794 primiscrinius,

2147 4818 2199 4865 et
2230 4808 2508 4866 Castorius
2536 4809 2703 4864 frater
2739 4806 2875 4879 ejus,
2910 4818 2963 4864 et
2993 4809 3254 4866 Claudius
3283 4807 3740 4867 commentarienc

2145 4899 2240 4956 sis.
2291 4900 2420 4955 Post
2465 4899 2565 4954 hos
2622 4899 2724 4954 ﬁlii
2777 4898 3013 4961 Claudii.
3059 4899 3435 4956 Felicissimus
3473 4909 3528 4956 et
3557 4901 3738 4958 Felix.

2145 4990 2272 5045 Post
2322 4989 2424 5044 hos
2480 4987 2681 5046 Marcia
2734 4998 2908 5045 mater
2952 4989 3287 5045 Marcelliani
3325 4997 3380 5044 et
3414 4990 3580 5046 Marci
3611 5007 3738 5047 cum

2145 5078 2414 5135 uxoribus
2442 5094 2628 5134 eorum
2662 5085 2715 5134 et
2757 5078 2890 5134 ﬁliis
2922 5096 2934 5134 :
2969 5078 3135 5135 simul
3166 5087 3347 5136 autem
3387 5087 3440 5136 et
3467 5079 3738 5152 Sympho-

2145 5186 2267 5226 rosa
2292 5186 2436 5225 uxor
2479 5167 2718 5236 Claudii,
2746 5177 2802 5225 et
2828 5169 2935 5224 Zoe
2961 5184 3105 5224 uxor
3131 5169 3447 5226 Nicostrati.
3480 5169 3608 5225 Post
3635 5169 3739 5227 hos

2145 5259 2326 5314 omnis
2355 5258 2567 5314 familia
2598 5275 2719 5332 qua
2765 5265 2880 5313 erat
2907 5258 2965 5314 in
3008 5257 3172 5315 domo
3199 5258 3512 5326 Nicostrati,
3537 5258 3738 5318 animm

2142 5347 2371 5419 triginta
2424 5354 2476 5402 et
2529 5355 2640 5403 tres
2686 5346 2987 5420 promiscui
3033 5365 3199 5405 sexus
3227 5355 3280 5404 et
3307 5349 3506 5418 aetatis,
3533 5347 3736 5408 dehinc

2144 5454 2333 5494 omnes
2379 5438 2473 5510 qui
2524 5438 2699 5496 vincti
2746 5439 2964 5498 fuerant
3010 5455 3074 5498 ac
3119 5439 3188 5498 de
3218 5441 3450 5500 carceris
3484 5441 3735 5514 squalore

2142 5528 2389 5600 adducti,
2415 5529 2613 5588 animae
2643 5529 2902 5589 sedecim.

523 5743 639 5816 (37)
681 5742 841 5799 Multi
893 5743 1110 5800 codices
1165 5747 1398 5803 nomium
1449 5748 1696 5819 mittunt,
1746 5748 1898 5820 quasi
1956 5750 2021 5806 ad
2081 5747 2256 5823 lapsos
2285 5748 2357 5808 sit
2386 5746 2580 5810 oratio.
