3940 6376
128 418 273 479 1129

1407 418 1597 476 ACTA
1634 418 1690 475 S.
1730 416 2163 475 SEBASTIANI.

3302 403 3439 475 I130

202 548 293 606 36.
327 546 499 620 Igitur
538 564 728 605 omnes
758 546 851 604 isti
881 564 1079 615 1.xvm,
1110 562 1143 602 a
1170 545 1225 601 S.
1266 545 1572 618 Polycarpo
1609 561 1745 617 pre—
1766 552 1818 610 Α
1847 544 2133 617 Agrestius
2188 542 2540 601 Chromatius
2588 543 2743 599 urbis
2790 546 2974 601 Romae
3025 544 3316 616 praefectus
3365 546 3442 602 ad

126 641 356 714 sbytero
380 638 671 711 baptizati,
713 645 767 693 et
794 653 825 693 a
853 638 908 693 S.
940 635 1261 693 Sebastiano
1291 635 1531 707 suscepti
1560 643 1688 690 sunt
1721 653 1734 702 ;

126 731 466 787 feminarum
497 737 681 785 autem
730 736 929 784 matres
977 728 1133 784 factae
1177 733 1307 781 sunt
1349 725 1573 780 Beatrix
1622 724 1737 794 (38)

127 827 186 875 et
212 820 426 875 Lucina
456 818 598 889 (39).
627 816 871 873 Primum
897 816 1081 889 itaque
1102 815 1318 872 Claudii
1340 814 1505 882 ﬁlios,
1540 812 1740 885 hydro-

128 910 321 982 picum
354 925 527 965 unum
571 918 625 964 et
674 908 905 963 alterum
956 906 1280 963 vulneribus
1321 907 1566 977 plenum,
1614 919 1742 958 mox

128 999 234 1056 ubi
285 1000 344 1055 in
392 997 618 1054 nomine
663 1006 866 1055 sanctae
911 996 1197 1053 Trinitatis
1242 996 1511 1062 intinxit;
1562 995 1638 1049 ita
1674 993 1743 1048 de

130 1089 291 1146 fonte
321 1090 438 1145 sani
484 1090 684 1145 elevati
725 1095 874 1155 sunt,
922 1094 984 1142 ut
1029 1102 1130 1142 nec
1167 1086 1385 1158 signum
1420 1085 1479 1141 in
1525 1084 1604 1139 eis
1646 1082 1741 1138 ali-

129 1180 295 1253 cujus
328 1180 505 1237 morbi
554 1179 819 1251 przeteriti
854 1178 1223 1234 remansisset.
1263 1177 1389 1233 Post
1430 1175 1531 1231 hos
1550 1182 1741 1230 autem

132 1270 446 1327 infantulos
491 1269 911 1341 Tranquillinus
962 1275 1115 1340 pater
1161 1266 1253 1324 SS.
1304 1265 1641 1323 Marcelliani
1689 1269 1744 1318 et

130 1359 326 1427 Marci,
360 1360 455 1431 qui
488 1360 563 1415 ita
592 1358 884 1431 podagrico
928 1367 983 1414 et
1011 1358 1321 1429 chiragrico
1351 1356 1529 1411 fuerat
1554 1354 1744 1410 dolore

133 1448 477 1504 constrictus
510 1447 650 1519 (40),
686 1456 747 1503 ut
775 1448 919 1504 sicut
949 1464 1112 1519 supra
1157 1446 1368 1502 dictum
1412 1454 1512 1512 est,
1546 1443 1644 1497 vix
1685 1442 1743 1497 in

135 1538 398 1594 manibus
426 1545 756 1609 portaretur.
791 1539 953 1593 Iluno
980 1537 1111 1593 dum
1139 1542 1406 1592 exuerent
1452 1534 1743 1590 indumen-

137 1627 235 1695 tis,
269 1636 322 1685 et
364 1628 459 1684 ille
506 1628 841 1684 intolerabili
888 1646 944 1683 se
990 1626 1195 1683 diceret
1243 1626 1431 1681 dolore
1477 1624 1740 1696 torqueri,

134 1717 444 1789 interrogat
497 1732 622 1772 eum
682 1716 1019 1788 Polycarpus
1087 1713 1394 1786 presbyter,
1466 1711 1658 1768 dicens
1728 1730 1739 1768 :

134 1805 545 1879 Tranquilline,
605 1805 651 1861 si
698 1822 767 1862 ex
808 1812 923 1861 toto
969 1805 1132 1861 corde
1179 1803 1356 1859 credis
1395 1801 1741 1873 unigenitum

1847 651 1903 690 se
1932 634 2375 707 Tranquillinum
2408 640 2612 706 patrem
2652 633 2989 689 Marcelliani
3034 640 3088 690 et
3130 634 3298 690 Marci
3328 652 3436 691 ve-

1850 727 1969 781 nire
1993 724 2170 796 jubet.
2212 724 2383 792 Quem
2417 741 2542 780 cum
2573 724 2639 780 de
2668 740 2892 780 suorum
2924 725 3260 795 perquireret
3289 725 3439 780 arbi-

1849 818 1957 872 trio
1986 816 2253 885 ﬁliorum,
2286 816 2702 887 Tranquillinus
2730 814 3048 886 respondit:
3081 814 3165 870 Ad
3193 814 3442 870 referen-

1850 906 1947 962 das
1975 905 2258 963 beneﬁciis
2289 906 2487 962 vestris
2515 905 2717 978 gratias
2745 906 2933 961 nullus
2972 904 3112 959 mihi
3142 904 3253 961 oris
3278 904 3444 961 suﬂi-

1851 996 1928 1054 cit
1978 1012 2176 1052 sermo.
2228 995 2346 1052 Nisi
2390 995 2537 1051 enim
2584 1002 2867 1052 currentes
2919 993 3218 1051 sententias
3273 994 3444 1051 vestri

1852 1088 2008 1144 frena
2038 1087 2432 1143 moderaminis
2460 1086 2788 1155 tenuissent,
2827 1094 2882 1141 et
2910 1102 3008 1157 ego
3034 1084 3179 1141 ﬁlios
3217 1085 3446 1142 amisis-

1852 1193 1987 1245 sem,
2011 1184 2065 1232 et
2097 1194 2182 1232 me
2213 1184 2420 1249 patrem
2452 1176 2554 1231 ﬁlii
2583 1193 2694 1232 non
2725 1175 3008 1232 haberent.
3042 1174 3439 1247 Congratulan-

1852 1274 1944 1321 tur
1990 1265 2129 1321 mihi
2170 1282 2381 1333 omnes,
2428 1282 2564 1338 quos
2610 1273 2759 1322 tenet
2799 1274 3056 1336 paternus
3093 1265 3341 1333 allectus,
3390 1272 3446 1321 et

1852 1356 2047 1428 pungit
2088 1356 2374 1413 charitatis
2414 1357 2712 1424 stimulus;
2770 1357 2935 1412 etiam
2993 1362 3196 1425 vestra,
3254 1354 3441 1424 credo,

1854 1445 2002 1517 quod
2035 1447 2173 1502 mihi
2203 1447 2541 1519 congaudeat
2573 1447 2866 1512 celsitudo,
2907 1447 3125 1517 quando
3156 1446 3444 1506 morituris

1855 1535 1969 1590 vita
2005 1538 2223 1606 collata,
2269 1546 2322 1593 et
2346 1539 2528 1594 anxiis
2558 1538 2750 1594 laetitia
2788 1538 3025 1608 reddita,
3066 1538 3321 1594 sollicitis
3351 1554 3447 1594 sed

1855 1627 2059 1683 curitas
2090 1628 2346 1684 restituta
2378 1628 2516 1700 (44).

1927 1719 2015 1775 39.
2050 1719 2203 1776 Tunc
2231 1720 2523 1791 praefectus
2541 1719 2820 1777 aestimans
2848 1719 2995 1776 ﬁlios
3015 1718 3133 1791 ejus
3154 1736 3281 1777 suas
3301 1719 3445 1776 velle

1855 1809 2020 1867 idolis
2051 1809 2316 1867 inclinare
2344 1812 2606 1880 cervices,
2637 1812 2749 1867 ait:
2787 1809 3045 1867 Venienti
3076 1827 3203 1883 ergo
3232 1811 3322 1867 die
3355 1810 3445 1867 de-

134 1896 347 1951 Filium
377 1894 477 1951 Dei
508 1895 807 1951 Dominum
841 1894 1023 1949 Iesum
1055 1892 1337 1982 Christum
1380 1890 1485 1982 tibi
1513 1890 1742 1946 salutem
1776 1921 1824 1982 B
1853 1898 1972 1955 bitu
2020 1898 2135 1971 (45)
2188 1898 2512 1955 numinibus
2537 1916 2568 1955 θ,
2595 1899 2729 1956 ﬁliis
2758 1899 2870 1955 tuis
2903 1899 3069 1956 thura
3097 1899 3402 1957 reddantur
3429 1917 3441 1957 ;

131 1998 297 2056 posse
338 1986 607 2053 conferre,
651 1992 704 2041 et
741 1982 999 2039 omnibus
1040 1981 1279 2054 peccatis
1313 1979 1426 2036 tuis
1456 1979 1743 2052 indulgen-

136 2075 275 2131 tiam
307 2075 642 2143 condonare,
672 2074 895 2147 proprio
926 2090 1019 2129 ore
1067 2072 1291 2130 edicito.
1326 2069 1745 2143 Tranquillinus

132 2165 470 2236 respondit:
504 2164 621 2235 Ego
668 2162 1070 2234 indulgentiam
1114 2162 1285 2217 solam
1332 2159 1569 2233 peccaiis
1609 2159 1746 2214 meis

133 2253 259 2308 dari
293 2261 347 2308 et
389 2252 639 2308 desidero
685 2258 738 2306 et
784 2267 968 2307 CI'OUO.
1014 2250 1308 2318 Caeterum,
1351 2248 1453 2305 etsi
1489 2256 1610 2320 post
1654 2247 1743 2302 ba-

134 2341 417 2414 ptismatis
444 2340 612 2412 hujus
638 2340 1127 2397 sanctiﬁcationem
1161 2340 1217 2394 in
1248 2338 1538 2395 doloribus
1567 2337 1742 2405 fuero,

133 2448 249 2488 non
280 2439 471 2503 potero
516 2430 583 2486 de
634 2430 742 2486 ﬁde
774 2429 979 2487 Christi
1018 2429 1252 2485 ulterius
1282 2427 1534 2484 dubitare
1568 2445 1579 2483 ;
1611 2443 1747 2498 pro-

131 2522 270 2579 bavi
299 2522 445 2577 enim
476 2529 530 2577 et
556 2538 624 2576 ex
665 2528 783 2576 toto
812 2520 975 2581 corde
1011 2520 1261 2587 credens,
1295 2519 1354 2575 in
1400 2535 1520 2574 mea
1562 2527 1744 2573 mente

134 2611 415 2678 consensi,
448 2610 595 2683 quod
625 2610 801 2666 Filius
842 2610 942 2666 Dei
981 2609 1053 2665 sit
1082 2610 1355 2665 Dominus
1381 2608 1536 2663 Jcsus
1579 2606 1742 2664 Chri-

137 2710 282 2771 stus,
314 2702 408 2774 qui
454 2708 631 2773 potest
661 2709 715 2755 et
743 2700 1030 2755 animabus
1059 2707 1112 2755 et
1141 2698 1463 2770 corporibus
1511 2699 1743 2753 salutem

134 2792 405 2858 tribuere,
453 2797 508 2845 et
559 2806 590 2844 a
632 2796 809 2844 morte
856 2796 1059 2843 aeterna
1098 2787 1168 2842 ad
1210 2788 1379 2842 vitam
1427 2793 1743 2858 perpetuam

137 2896 421 2937 revocare.
484 2879 612 2934 Haec
659 2895 784 2934 cum
826 2877 1058 2933 dixisset
1106 2892 1239 2932 voce
1290 2892 1503 2948 magna,
1554 2891 1745 2931 omnes

136 2969 317 3027 sancti
354 2986 462 3042 prae
512 2967 710 3039 gaudio
759 2967 1029 3038 lacrymas
1072 2965 1446 3034 effundebant,
1489 2974 1543 3021 et
1590 2982 1741 3037 roga-

133 3060 277 3117 bant
316 3058 621 3114 Dominum
668 3064 730 3111 ut
772 3056 900 3113 ﬁdei
942 3055 1058 3128 ejus
1104 3056 1315 3112 fructus
1344 3054 1740 3113 ostenderetur.

137 3148 381 3206 Sanctus
436 3147 607 3218 igitur
654 3146 991 3218 Polycarpus
1040 3145 1320 3201 confessor
1364 3153 1419 3201 et
1459 3144 1745 3216 presbyter

137 3256 279 3295 mox
323 3245 385 3293 ut
432 3253 557 3293 eum
605 3236 920 3294 chrismatis
953 3235 1069 3307 (41)
1116 3233 1301 3290 linivit
1330 3239 1630 3305 unguento,
1662 3232 1743 3286 in-

136 3328 447 3399 terrogavit
492 3343 615 3382 cun
677 3326 899 3395 iterum,
945 3325 990 3381 si
1031 3324 1275 3381 crederet
1322 3323 1380 3378 in
1428 3323 1639 3378 Patrem
1688 3330 1742 3378 et

136 3417 347 3474 Filium
386 3425 438 3473 et
467 3415 736 3487 Spiritum
769 3424 1017 3471 sanctum
1052 3434 1066 3483 ;
1103 3415 1285 3470 statim
1321 3420 1382 3467 ut
1411 3411 1691 3484 respondit
1724 3430 1736 3468 :

129 3507 334 3576 Credo,
385 3508 638 3563 resolutae
682 3515 811 3562 sunt
854 3522 1049 3561 manus
1104 3503 1222 3575 ejus
1269 3520 1387 3577 quae
1443 3511 1597 3557 erant
1644 3518 1739 3558 no-

132 3598 310 3666 dosas,
368 3605 424 3653 et
474 3614 649 3669 genua
692 3597 857 3652 simul
906 3604 959 3652 et
1007 3596 1209 3667 plantae
1256 3593 1456 3666 pedum
1504 3591 1622 3664 ejus
1663 3592 1742 3647 ita

131 3698 270 3746 sunt
298 3688 606 3744 incolumes
630 3686 880 3753 redditae,
911 3694 972 3741 ut
1010 3702 1073 3742 ac
1100 3684 1146 3740 si
1178 3684 1438 3756 puerulus
1463 3681 1740 3738 renovatis

133 3777 372 3852 pedibus
402 3777 515 3833 suis
550 3776 605 3831 in
659 3776 867 3831 fontem
914 3774 1266 3831 descenderet
1302 3775 1545 3830 clamans
1574 3781 1627 3828 et
1657 3771 1737 3827 di-

129 3885 264 3927 cens
298 3886 311 3924 :
347 3868 429 3922 Tu
467 3881 523 3921 es
551 3868 695 3922 Deus
741 3882 887 3921 unus
928 3873 982 3922 et
1024 3881 1207 3934 verus,
1252 3880 1413 3937 quem
1442 3863 1608 3918 miser
1634 3861 1739 3918 iste

131 3957 378 4016 mundus
407 3957 640 4027 ignorat.

204 4048 296 4105 37.
340 4047 458 4103 Hoc
508 4046 692 4118 itaque
738 4044 932 4101 ordine
979 4061 1078 4101 suo
1124 4044 1419 4117 haptizato,
1465 4043 1734 4112 universi,

129 4146 302 4211 prout
341 4153 458 4194 com
470 4135 707 4209 petebat,
737 4134 996 4207 baptizati
1028 4142 1177 4203 sunt,
1202 4142 1255 4191 et
1280 4151 1375 4206 per
1403 4132 1521 4189 dies
1548 4132 1735 4189 decem

130 4229 229 4301 qui
264 4226 382 4300 (42)
429 4233 750 4299 supererant
783 4225 1063 4294 dilationi,
1112 4242 1278 4298 quam
1310 4231 1644 4291 meruerant,
1675 4222 1735 4278 in

128 4318 233 4376 Dei
280 4317 540 4375 laudibus
587 4317 946 4389 perdurantes
987 4316 1261 4374 ducebant
1294 4316 1411 4373 dies
1456 4325 1510 4372 et
1548 4322 1736 4371 noctes

130 4410 191 4467 in
217 4407 446 4481 hymnis
484 4415 539 4464 et
565 4406 817 4474 canticis,
851 4414 905 4462 et
934 4406 1090 4480 quasi
1132 4405 1323 4462 ﬁdeles
1349 4406 1555 4461 milites
1582 4421 1733 4476 para-

128 4500 267 4557 bant
295 4500 512 4556 animos
555 4516 684 4555 suos
733 4497 801 4554 ad
847 4497 1224 4556 dimicandum
1272 4513 1371 4570 pro
1401 4496 1607 4554 Christi
1638 4514 1733 4553 no-

130 4590 284 4647 mine
313 4591 370 4645 in
400 4590 668 4662 martyrio
710 4588 988 4658 bellaturi,
1042 4588 1119 4644 ita
1145 4595 1208 4643 ut
1236 4597 1290 4644 et
1319 4587 1377 4643 in
1407 4586 1733 4643 mulieribus

129 4690 184 4738 et
213 4679 506 4735 infan‘tulis
534 4695 688 4734 amor
740 4679 977 4735 ferveret
1020 4676 1294 4749 martyrii,
1326 4684 1380 4732 et
1409 4676 1648 4732 invicem
1675 4694 1730 4734 se

128 4769 199 4827 ad
229 4769 631 4826 confessionem
681 4769 859 4825 sancti
905 4767 1150 4824 nominis
1194 4774 1389 4825 contra
1433 4765 1730 4823 diabolicae

130 4861 275 4919 acies
309 4868 694 4933 praepararent.

732 4966 958 5025 CAPUT
1001 4964 1123 5022 XII.

127 5056 365 5113 Errores
406 5056 689 5113 Gentilium
733 5074 911 5111 coram
945 5054 1250 5112 Chromatio
1304 5054 1455 5111 Urbis
1479 5053 1726 5125 pra/ecta

550 5145 809 5216 confutati
845 5166 879 5201 a
917 5145 1309 5215 Tranquillino.

201 5243 294 5302 38.
324 5242 529 5301 Diebus
555 5243 666 5317 (43)
698 5243 869 5316 igitur
894 5250 1125 5315 acceptae
1155 5241 1438 5298 dilationis
1467 5241 1720 5315 expletis,

203 5427 323 5500 (38)
356 5427 570 5500 Colitur
600 5428 653 5485 S.
687 5428 911 5486 Beatrix
935 5430 1004 5486 29
1030 5429 1140 5485 Jul.

204 5497 323 5571 (39)
354 5501 429 5554 De
460 5499 561 5556 hac
588 5500 795 5556 Lucina
825 5511 1007 5558 actum
1040 5501 1104 5558 16
1132 5500 1352 5557 Januar.
1404 5497 1462 5554 in
1504 5497 1637 5556 Vita
1662 5498 1718 5554 S.

127 5571 395 5629 Marcelli.
430 5572 646 5628 Colitur
677 5573 744 5627 30
774 5574 943 5631 Junii.

204 5642 323 5714 (40)
356 5643 469 5711 ΑΙ.,
500 5651 816 5701 contractus.

229 5714 322 5781 41)
355 5714 467 5780 AL,
495 5716 615 5770 olei.

229 5716 322 5781 41)
355 5716 467 5780 AL,
495 5716 615 5770 olei.

203 5716 323 5858 (42)
356 5785 585 5842 Addunt
613 5787 833 5860 quidam
866 5787 1103 5859 codices,
1129 5794 1176 5844 et
1204 5804 1312 5843 sex.

410 5885 652 5943 Paruon.
690 5886 866 5945 XVII.

1854 2004 1950 2060 per
1990 2005 2111 2061 quas
2161 1996 2215 2043 et
2248 1996 2311 2044 tu
2352 1988 2483 2046 ﬁliis
2527 2006 2837 2061 perseveres
2878 1989 3193 2057 incolumis,
3242 1998 3297 2046 et
3342 1988 3447 2046 tibi

1854 2076 1959 2132 ﬁlii
1988 2077 2391 2134 condonentur.
2415 2077 2663 2134 Audiens
2692 2079 2810 2135 haec
2838 2078 3253 2151 Tranquillinus
3274 2078 3442 2135 dixit:

1854 2167 2231 2224 IUusirissime
2281 2169 2548 2238 virorum,
2607 2170 2882 2225 examinis
2928 2170 3096 2225 vestri
3148 2170 3346 2225 libram
3398 2169 3446 2226 si

1856 2255 2044 2311 velitis
2073 2273 2197 2329 erga
2226 2273 2313 2312 me
2337 2264 2392 2312 et
2424 2257 2571 2313 ﬁlios
2611 2274 2762 2313 meos
2805 2274 2958 2330 aequa
3002 2257 3157 2313 lance
3198 2273 3445 2329 pensare,

1856 2362 2147 2417 agnoscere
2206 2345 2458 2418 poteritis
2521 2346 2628 2403 hoc
2682 2346 3058 2404 Christianum
3116 2346 3444 2404 vocabulum

1858 2452 2067 2506 magnae
2119 2452 2233 2491 esse
2290 2436 2535 2493 virtutis.
2604 2437 2899 2493 Praefectus
2956 2436 3137 2493 dixit:
3208 2436 3446 2504 Insanis,

1854 2525 2252 2597 Tranquilline.
2313 2526 2727 2598 Tranquillinus
2783 2526 3102 2598 respondit:
3169 2526 3446 2582 Insaniam

1854 2632 2044 2686 passus
2089 2632 2232 2682 sum,
2291 2622 2346 2670 et
2373 2615 2572 2670 anima:
2602 2622 2656 2669 et
2684 2614 2960 2685 corporis;
3023 2614 3118 2671 sed
3147 2614 3331 2671 statim
3381 2623 3446 2672 ut

1853 2703 2060 2760 credidi
2106 2702 2347 2771 Christo,
2380 2710 2434 2759 et
2474 2702 2672 2759 animae
2719 2719 2852 2758 meas
2884 2703 3064 2776 recepi
3104 2711 3159 2759 et
3195 2704 3442 2777 corporis

1853 2792 2162 2849 sanitatem.

1923 2891 2012 2948 40.
2046 2891 2340 2948 Praefectus
2369 2891 2514 2949 dixit
2539 2911 2551 2949 :
2607 2895 2743 2965 Ego,
2789 2902 2850 2951 ut
2877 2894 3059 2963 video,
3115 2894 3184 2951 ad
3212 2894 3317 2953 hoc
3345 2896 3443 2953 in—

1852 2982 2042 3040 ducias
2089 2984 2365 3040 sceleratis
2412 2983 2544 3040 ﬁliis
2588 2986 2700 3041 tuis
2740 2984 2956 3041 dedisse
2990 3002 3309 3058 cognoscor,
3378 2995 3444 3044 ut

1852 3088 1965 3128 non
1995 3074 2171 3129 solum
2201 3081 2263 3129 tu
2298 3074 2425 3129 illos
2463 3074 2530 3128 ab
2559 3089 2741 3130 errore
2775 3091 2886 3130 non
2919 3076 3162 3144 tolleres,
3214 3076 3311 3132 sed
3358 3075 3443 3133 illi

1851 3168 1905 3217 te
1948 3163 2062 3218 suis
2116 3162 2396 3219 erroribus
2441 3163 2742 3220 iri'etirent.
2792 3165 3211 3238 Tranquillinus
3252 3166 3439 3223 dixit:

1852 3253 1953 3309 Per
1983 3253 2211 3325 gloriam
2243 3261 2502 3321 vestram,
2554 3271 2753 3313 nomen
2786 3254 2964 3326 ipsum
3000 3256 3201 3311 erroris
3249 3256 3445 3313 discu-

1849 3342 1971 3411 tite,
1995 3352 2049 3399 et
2075 3343 2257 3399 videte
2287 3360 2407 3415 quae
2438 3359 2601 3414 opera
2632 3343 2833 3399 erroris
2871 3345 3095 3400 nomine
3121 3361 3439 3417 nuncupen-

1848 3441 1958 3489 tur.
2012 3434 2308 3489 Praefectus
2351 3434 2542 3489 dixit:
2597 3435 2679 3490 Tu
2724 3434 2815 3490 dic
2859 3451 2980 3507 qua:
3033 3452 3196 3506 opera
3242 3437 3442 3492 erroris

1849 3539 2050 3578 nomen
2101 3522 2393 3594 accipiant.
2479 3522 2895 3595 Tranquillinus
2949 3523 3133 3579 dixit:
3221 3524 3440 3581 Primus

1849 3630 2000 3669 error
2034 3620 2116 3669 est
2143 3614 2289 3671 viam
2319 3615 2448 3670 vitae
2478 3612 2808 3685 relinquere,
2856 3620 2910 3668 et
2938 3630 3033 3685 per
3062 3614 3208 3669 viam
3240 3617 3437 3672 mortis

1849 3712 2122 3775 gratanter
2178 3702 2448 3759 incedere.
2501 3703 2797 3758 Praefectus
2853 3701 3036 3758 dixit:
3084 3705 3155 3758 Et
3196 3721 3317 3777 quas
3357 3712 3440 3761 est

1848 3794 1939 3850 via
1965 3795 2159 3849 mortis
2180 3794 2207 3850 7
2254 3793 2671 3865 Tranquillinus
2699 3793 2879 3849 dixit:
2924 3794 3045 3849 Non
3077 3793 3181 3849 tibi
3210 3794 3437 3850 videtur

1846 3884 1938 3939 via
1965 3884 2161 3939 mortis
2188 3899 2325 3949 esse,
2358 3883 2591 3939 mortuis
2621 3881 2944 3938 hominibus
2972 3882 3206 3939 Deitatis
3232 3900 3436 3940 nomen

1845 3974 2147 4045 imponere,
2199 3982 2253 4029 et
2301 3974 2503 4047 ﬁguras
2549 3990 2737 4030 eorum
2791 3990 2889 4047 per
2937 3974 3087 4047 ligna
3127 3981 3181 4031 et
3230 3973 3439 4046 lapides

1845 4063 1908 4119 ad
1917 4079 2072 4119 orare
2093 4063 2122 4118 ?

1916 4160 2005 4216 41.
2037 4159 2334 4215 Praifectus
2363 4160 2510 4216 dixit
2536 4179 2546 4215 :
2596 4161 2742 4233 Ergo
2770 4177 2883 4216 non
2912 4167 3042 4215 sunt
3069 4158 3148 4215 dii
3180 4175 3318 4233 quos
3347 4176 3436 4219 co-

1845 4248 2055 4305 limus?
2115 4249 2534 4321 Tranquillinus
2562 4249 2739 4305 dixit:
2799 4251 2861 4305 In
2906 4257 3124 4305 tantum
3164 4265 3277 4304 non
3307 4258 3437 4306 sunt

1843 4341 1921 4397 dii
1952 4349 2015 4397 ut
2043 4342 2256 4413 legatur
2284 4341 2340 4396 in
2367 4340 2654 4398 codicibus
2684 4342 2923 4414 publicis
2977 4341 3117 4413 (46),
3168 4349 3223 4398 et
3244 4355 3248 4359 ‘
3269 4358 3434 4415 quam

1842 4432 1984 4487 male
2013 4431 2125 4487 sint
2159 4431 2296 4500 nati,
2338 4439 2391 4487 et
2421 4449 2586 4505 quam
2616 4432 2839 4506 iniquos
2866 4441 2920 4489 et
2947 4432 3197 4488 crudeles
3225 4440 3280 4488 et
3305 4449 3435 4489 sce—

1843 4523 2041 4577 leratos
2070 4529 2320 4594 parentes
2351 4521 2648 4577 habuerint
2679 4539 2693 4588 ;
2745 4530 2799 4577 et
2826 4537 2989 4593 quam
3021 4521 3211 4593 inique
3258 4529 3311 4575 et
3338 4521 3432 4578 do-

1845 4616 1955 4671 lose
1998 4625 2052 4671 et
2099 4615 2477 4671 fraudulenter
2505 4613 2784 4681 vixerint;
2825 4620 2879 4667 et
2924 4630 3088 4685 quam
3120 4613 3431 4678 miserabi-

1841 4706 1967 4762 liter
2018 4706 2224 4762 mortui
2280 4706 2409 4759 sint.
2477 4703 2759 4775 Numquid
2813 4710 3105 4775 antequam
3161 4704 3431 4761 Saturnus

1840 4795 2191 4852 Cretensibus
2223 4795 2533 4866 imperaret,
2585 4801 2638 4848 et
2679 4792 2920 4847 ﬁliorum
2964 4808 3189 4848 suorum
3238 4809 3431 4870 carnes

1839 4884 2169 4952 comederet,
2220 4886 2365 4940 Deus
2403 4883 2460 4937 in
2490 4882 2644 4936 coelis
2681 4897 2791 4936 non
2822 4890 2953 4949 erat,
3004 4890 3098 4938 aut
3138 4882 3299 4940 Creta
3330 4883 3428 4939 in-

1837 4976 1960 5032 sula
1997 4974 2231 5030 habebat
2262 4989 2463 5044 regem,
2511 4980 2564 5027 et
2592 4971 2714 5027 caeli
2756 4972 2929 5025 Deum
2962 4987 3073 5026 non
3105 4971 3430 5030 habebant?

1836 5062 2008 5120 Valde
2040 5071 2179 5117 errat
2226 5060 2320 5132 qui
2362 5067 2518 5131 putat
2547 5059 2735 5115 Jovem
2768 5058 2944 5115 ﬁlium
2979 5060 3119 5131 ejus,
3160 5061 3428 5133 imperare

1834 5155 2185 5220 fulminibus,
2221 5151 2653 5208 homuncionem
2685 5151 2741 5206 in
2782 5169 2891 5225 quo
2928 5152 3137 5209 malitia
3166 5160 3219 5208 et
3253 5152 3428 5208 libido

1834 5245 2110 5317 regnabat.
2161 5243 2334 5310 Quem
2367 5258 2477 5297 non
2513 5250 2832 5314 persecutus
2860 5250 2961 5309 est,
3013 5243 3107 5314 qui
3140 5243 3282 5313 patri
3312 5259 3425 5299 non

1906 5426 2021 5499 (43)
2064 5426 2339 5500 Scriptum
2361 5438 2476 5485 erat
2494 5430 2554 5484 in
2574 5428 2848 5486 Rosweidi
2872 5427 3239 5500 autographo:
3266 5427 3423 5485 Liber

1833 5518 1893 5556 II.
1930 5501 2078 5582 .Eam
2108 5499 2440 5557 divisionem
2482 5501 2541 5557 in
2585 5502 2741 5557 nullo
2781 5499 3090 5572 exemplari
3149 5508 3422 5573 repertam

1831 5588 2138 5628 omISImus.

1909 5642 2024 5714 (44)
2068 5645 2183 5712 AL,
2215 5651 2533 5701 constructa.

1905 5715 2024 5857 (45)
2064 5716 2163 5771 Ms.
2199 5718 2253 5773 S.
2285 5717 2449 5786 Gist.,
2482 5716 2598 5772 aeni
2624 5732 2742 5787 ergo
2762 5714 2915 5772 hodie
2944 5722 2991 5771 et
3017 5716 3211 5775 debita.

1930 5786 2022 5855 46)
2066 5788 2178 5856 ΑΙ.,
2212 5789 2421 5845 vestris.

1930 5786 2022 5855 46)
2066 5788 2178 5856 ΑΙ.,
2212 5789 2421 5845 vestris.

3071 5886 3141 5943 36
