3940 6374
539 413 674 476 1131

1541 418 1638 473 AD
1677 417 1910 476 OPERA
1948 416 2004 474 S.
2043 413 2375 476 AMBROSII
2413 418 2792 476 APPENDIX.

3693 417 3818 478 1132

535 540 830 616 pepercit?
880 542 991 596 Aut
1037 555 1200 612 quam
1261 539 1479 596 sordem
1529 557 1640 597 non
1687 543 1954 612 exercuit,
2019 543 2116 617 qui
2151 546 2306 604 Aest
2334 560 2496 617 quem
2525 543 2730 612 colitis,
2763 541 3066 612 Christum,
3115 558 3278 616 quem
3315 542 3492 600 Judaei
3538 545 3818 604 cruciﬁxe-

532 652 687 693 suam
717 649 1030 708 germanam
1059 632 1270 706 accepit
1299 649 1529 690 uxorem
1557 634 1586 690 ?
1629 635 1690 690 In
1720 635 1862 704 foro,
1905 637 1963 691 in
1993 637 2123 708 pla-

535 725 658 794 teis,
689 724 750 780 in
777 722 1056 790 domibus,
1091 729 1254 796 atque
1283 721 1343 778 in
1372 723 1524 778 omni
1557 723 1677 780 loco
1709 725 1954 796 quotidie
1994 724 2122 796 legi-

534 832 680 883 mus,
724 813 856 888 quia
879 811 1259 869 sordidissima
1285 813 1429 868 Juno
1460 813 1606 886 quod
1633 821 1685 869 et
1714 830 1870 869 soror
1895 821 1948 870 et
1980 832 2122 870 con-

529 904 636 976 jux
682 902 852 959 fuerit
899 901 1201 974 gloriatur:
1257 907 1312 955 et
1361 901 1502 972 rapti
1559 901 1895 974 Ganymedis
1945 903 2124 959 honor

534 993 888 1068 turpissimus
914 999 1076 1064 atque
1105 990 1502 1046 incestissimus
1534 991 1603 1046 ab
1629 991 1784 1064 ipsis,
1841 1009 1873 1048 a
1923 995 2123 1066 quibus

533 1081 687 1139 Jovis
713 1080 934 1148 colitur,
964 1095 1074 1134 non
1105 1087 1354 1150 negatur.
1384 1079 1505 1135 Non
1535 1096 1662 1152 ergo
1693 1099 1860 1151 erras,
1887 1084 1973 1139 vir
1997 1085 2120 1140 sub-

533 1171 846 1238 limissime,
895 1169 990 1242 qui
1027 1171 1164 1226 tales
1195 1169 1352 1238 colis,
1397 1171 1584 1244 quales
1627 1172 1887 1229 Romanis
1925 1173 2123 1246 jubent

535 1261 680 1334 leges
718 1276 820 1332 pro
846 1259 932 1314 sui
981 1257 1111 1315 facti
1171 1258 1431 1332 qualitate
1487 1259 1760 1330 damnari,
1820 1269 1874 1318 et
1927 1265 2121 1320 relicto

533 1351 648 1408 Deo
678 1349 1057 1420 omnipotente
1097 1347 1192 1420 qui
1222 1347 1282 1402 in
1315 1347 1472 1404 coelis
1499 1356 1707 1420 regnat,
1757 1350 1928 1422 lapidi
1959 1353 2118 1422 dicis,

533 1441 680 1497 Deus
710 1455 862 1494 meus
891 1454 949 1494 es
975 1445 1038 1493 tu
1064 1455 1075 1492 :
1107 1443 1163 1492 et
1193 1436 1344 1508 ligno
1372 1436 1540 1494 dicis:
1572 1439 1794 1511 Adjuva
1821 1441 1952 1497 me?

604 1527 693 1585 42.
725 1526 1020 1582 Praefectus
1047 1524 1228 1580 dixit:
1253 1525 1341 1579 Ex
1366 1541 1476 1598 quo
1503 1526 1746 1598 coepistis
1777 1527 2120 1600 blaSphema-

532 1635 591 1676 re
617 1617 768 1685 deos,
817 1623 871 1671 et
902 1631 934 1670 a
961 1615 1178 1671 cultura
1207 1629 1394 1669 eorum
1425 1614 1700 1684 recedere,
1729 1633 1798 1672 ex
1831 1634 1896 1673 eo
1925 1617 2120 1675 diver-

529 1707 606 1764 sis
633 1705 750 1778 (47)
787 1703 1038 1762 cladibus
1065 1705 1344 1761 Romanus
1376 1705 1528 1762 orbis
1552 1707 1903 1778 opprimitur.
1936 1709 2119 1766 Tran-

529 1794 798 1869 quillinus
827 1792 1148 1865 respondit:
1180 1795 1305 1850 Non
1333 1802 1415 1851 est
1441 1811 1657 1850 verum.
1688 1796 1825 1851 Nam
1855 1797 1901 1851 si
1933 1814 2114 1854 recen-

527 1902 644 1943 seas
674 1883 903 1942 decedas
938 1886 1086 1958 stylo
1114 1884 1262 1940 Livii
1317 1883 1434 1958 (48)
1485 1884 1742 1957 digestas,
1791 1888 1909 1944 illic
1947 1889 2115 1944 inve—
2147 1905 2192 1964 Β
2226 1887 2331 1958 lige
2379 1888 2667 1944 veritatem
2719 1907 2731 1944 :

525 1975 647 2032 nies
673 1973 798 2030 Jovi
827 1973 992 2031 thura
1020 1981 1308 2046 ponentes,
1330 1990 1441 2029 una
1469 1973 1558 2030 die
1587 1975 1786 2048 viginti
1806 1977 1913 2034 tria
1942 1979 2117 2034 millia

524 2063 757 2124 Romani
803 2064 1078 2120 exercitus
1118 2063 1349 2136 juvenes
1393 2064 1677 2122 cecidisse.
1729 2067 1834 2122 Sed
1893 2075 1947 2124 et
1975 2069 2115 2127 illud

523 2169 639 2214 non
668 2170 726 2210 es
752 2153 1064 2222 immemor,
1096 2153 1243 2225 quod
1272 2153 1617 2211 Senonenses
1650 2155 1792 2212 Galli
1819 2159 1984 2214 etiam
2017 2159 2112 2218 Ca-

522 2244 784 2320 pitolium
822 2251 1229 2315 occupaverunt
1285 2243 1400 2316 (49)
1451 2255 1504 2301 et
1551 2261 1770 2302 omnem
1809 2249 2111 2305 Romanam

523 2349 749 2390 manum
778 2332 895 2388 suis
919 2331 1180 2388 ludibriis
1209 2331 1592 2404 subjugarunt.
1634 2335 1890 2391 Diversas
1919 2336 2108 2406 fames,

526 2431 582 2480 et
604 2421 1000 2478 inenarrabiles
1013 2431 1213 2494 pestes,
1236 2421 1482 2480 diversas
1495 2425 2112 2497 captivitates,diversas

521 2513 818 2574 effusiones
845 2513 1130 2584 sanguinis
1158 2515 1436 2570 Romanus
1454 2516 1604 2572 orbis
1623 2533 1812 2590 passus
1831 2527 1930 2586 est,
1961 2527 2110 2574 ante-

523 2619 690 2678 quam
719 2619 890 2660 unum
921 2603 1163 2660 colerent
1194 2602 1448 2661 homines
1476 2607 1672 2662 Deum.
1700 2607 1861 2664 Nunc
1883 2625 2015 2664 vero
2041 2625 2111 2664 ex

521 2717 630 2776 quo
663 2700 964 2758 invisibilis
999 2707 1054 2756 et
1093 2715 1257 2756 verus
1285 2702 1430 2756 Deus
1466 2701 1633 2773 coepit
1678 2718 1712 2758 a
1755 2703 2108 2761 credentibus

520 2789 649 2860 coli,
681 2798 840 2848 aucta
873 2789 990 2863 (50)
1022 2805 1154 2861 pace
1182 2790 1422 2845 exsultat
1453 2791 1758 2847 Romanum
1791 2792 2106 2864 imperium.

519 2877 626 2936 Sed
666 2877 813 2953 quod
856 2864 1013 2952 pejus
1049 2886 1152 2946 est,
1198 2880 1362 2948 Deus,
1415 2879 1511 2952 qui
1557 2878 1660 2936 hoc
1699 2888 1938 2952 praestat,
1996 2898 2108 2938 non

520 2970 904 3044 cognoscitur;
929 2969 1024 3026 sed
1055 2978 1317 3028 creaturae
1347 2968 1467 3041 ejus
1494 2969 1811 3040 ascribitur,
1835 2970 2108 3046 quidquid

518 3074 552 3115 a
578 3058 831 3118 Creatore
861 3067 1167 3131 praestatur.

589 3147 679 3204 43.
718 3148 1013 3205 Pratfectus
1057 3149 1234 3205 dixit:
1295 3149 1353 3206 Si
1397 3148 1492 3204 ille
1548 3147 1811 3205 colendus
1857 3158 1956 3218 est,
2013 3151 2108 3225 qui

519 3235 778 3294 humanis
805 3237 1112 3294 commodis
1137 3237 1348 3310 aliquid
1378 3244 1619 3311 praestat,
1669 3238 1857 3294 nullus
1889 3239 1996 3294 nisi
2025 3240 2105 3296 sol
2139 3261 2188 3324 Ο

519 3323 816 3382 habebitur
843 3325 997 3396 deus,
1040 3327 1136 3400 qui
1172 3335 1394 3400 aspectu
1431 3343 1530 3382 suo
1563 3334 1721 3380 terrae
1753 3325 1962 3382 viscera
2004 3344 2110 3384 vc-

519 3423 685 3488 getat,
713 3422 777 3470 ut
803 3415 1016 3472 semina
1043 3425 1294 3488 suscepta
1320 3415 1610 3488 parturiat,
1646 3422 1699 3470 et
1737 3415 1985 3486 genuina;
2014 3434 2114 3473 so-

515 3505 662 3563 bolis
685 3521 851 3578 grana
880 3505 938 3561 in
967 3506 1153 3562 culmo
1181 3505 1455 3574 restituat,
1506 3513 1669 3578 atque
1700 3505 1974 3562 universis
2017 3525 2112 3562 sa-

515 3593 649 3650 lutis
691 3601 891 3650 nostrae
920 3593 1278 3661 utilitatibus,
1319 3600 1373 3648 et
1415 3595 1603 3648 lumen
1651 3601 1705 3649 et
1747 3595 2113 3651 restauratio-

518 3697 646 3737 nem
670 3681 876 3752 pariter
903 3681 1113 3736 tribuat
1148 3688 1204 3736 et
1232 3681 1500 3752 vigorem.
1547 3682 1972 3756 Tranquillinus
2015 3701 2114 3740 re-

515 3766 768 3840 spondit:
816 3769 888 3823 Et
919 3767 978 3823 in
1009 3767 1116 3824 hoc
1140 3785 1294 3824 error
1323 3778 1407 3826 est
1435 3769 1710 3827 inﬁnitus.
1759 3772 1892 3828 Nam
1925 3773 1970 3828 si
2001 3773 2113 3828 ho-

519 3855 610 3914 die
635 3873 730 3930 per
759 3873 980 3914 servum
1013 3875 1173 3914 suum
1204 3859 1479 3931 quispiam
1509 3860 1811 3917 clientibus
1853 3861 1966 3918 suis
2000 3864 2114 3918 tri-

519 3945 655 4002 buat
683 3944 831 4019 quod
851 3953 1096 4019 rogatur,
1127 3947 1345 4004 inﬁnita
1376 3947 1616 4004 stultitia
1644 3956 1745 4018 est,
1767 3949 1814 4005 si
1835 3952 2114 4022 neglectus

523 4033 618 4090 ille
647 4034 743 4108 qui
770 4035 1046 4107 praestitit,
1096 4053 1286 4092 servus
1326 4053 1422 4109 per
1451 4053 1614 4110 quem
1647 4039 1960 4109 praestiterit
2002 4040 2114 4096 ho-

521 4131 768 4181 noretur.
815 4125 887 4179 Et
915 4131 977 4180 ut
1015 4122 1255 4196 aliquam
1283 4124 1452 4196 hujus
1489 4124 1622 4182 dicti
1650 4128 2111 4200 comparationem

509 4211 842 4282 exhibeam;
896 4213 1151 4286 nunquid
1189 4231 1315 4270 cum
1346 4231 1515 4272 naves
1553 4217 1816 4273 Romanis
1853 4217 2114 4274 alimenta

521 4300 801 4369 deferunt,
834 4301 1072 4358 navibus
1103 4303 1288 4374 potius
1317 4302 1480 4377 Quam
1509 4305 1730 4376 regibus
1758 4306 1942 4377 gratiae
1978 4308 2110 4363 refe-

520 4398 722 4448 runtur
741 4389 770 4446 ‘l
816 4389 873 4446 Si
903 4405 1030 4463 ergo
1058 4407 1172 4446 non
1206 4391 1612 4464 navigantibus,
1659 4394 1750 4450 sed
1781 4395 2113 4467 imperanti-

519 4479 645 4550 bus,
698 4479 950 4536 homines
993 4482 1140 4554 quod
1167 4490 1520 4539 annonantur
1556 4483 1858 4552 ascribunt,
1907 4495 2110 4556 quanto

520 4569 694 4643 magis
735 4571 840 4627 soli
880 4573 994 4628 Deo
1033 4571 1254 4644 agendae
1283 4581 1411 4630 sunt
1443 4574 1652 4646 gratiae,
1700 4574 1858 4647 cujus
1889 4583 2030 4630 nutu
2059 4584 2112 4632 et

519 4660 640 4717 haec
679 4661 938 4718 omnibus
978 4663 1168 4720 usibus
1206 4663 1410 4720 nostris
1453 4666 1726 4722 elementa
1773 4666 2111 4736 deserviunt,

520 4757 576 4806 et
598 4752 682 4806 sol
710 4751 825 4824 ipse
855 4752 1102 4825 quotidie
1132 4763 1290 4810 terrm
1333 4754 1583 4826 marique
1614 4755 1822 4826 pariter
1864 4763 1918 4812 et
1955 4757 2116 4812 clau-

521 4838 674 4896 ditur
707 4840 767 4896 in
808 4841 917 4898 ﬁne
957 4841 1090 4911 diei,
1146 4848 1201 4897 et
1247 4841 1306 4897 in
1349 4841 1460 4898 diei
1506 4843 1708 4899 iterum
1757 4845 2114 4902 renovatione

520 4929 764 5002 aperitur
780 4930 809 4988 ?

1104 5021 1332 5080 CAPUT
1371 5024 1520 5080 XIII.

805 5109 959 5168 Verbi
993 5110 1297 5166 incarnatio
1341 5111 1537 5168 ϐεγιιὶῑί
1572 5111 1829 5183 exposita.

591 5197 681 5258 44.
721 5199 1018 5258 Praefectus
1045 5197 1232 5259 dixit:
1287 5201 1346 5258 Si
1376 5216 1505 5274 ergo
1533 5217 1680 5258 unus
1716 5211 1772 5258 et
1807 5199 2110 5257 invisibilis

591 5408 708 5480 (47)
750 5408 960 5467 Usitata
989 5407 1047 5463 in
1079 5407 1424 5481 Christianos
1452 5406 1732 5481 calumnia
1759 5407 2104 5481 avariisPP.

517 5478 818 5552 confutata,
849 5481 1152 5552 przesertim
1181 5479 1353 5552 Paulo
1382 5478 1578 5552 (_)ro_sio
1605 5484 1660 5532 et
1688 5478 1744 5552 ξ.
1774 5478 2102 5552 Augustino.

590 5549 869 5633 (48)”.41;
901 5551 1048 5619 libri,
1076 5550 1356 5608 mendose.
1381 5549 1658 5622 Scriptum
1691 5549 1749 5604 in
1779 5549 2106 5624 quibusdam

517 5620 827 5760 θΐῗὶῶἠίιιζ
851 5707 983 5766 ωδε,
1013 5710 1222 5766 omnes.
1248 5693 1568 5766 legendum
1599 5693 1804 5766 potius,
1836 5710 2106 5766 oppugna-

512 5765 740 5824 verunt;
788 5776 914 5816 nam
964 5763 1093 5821 inde
1123 5764 1298 5836 pretio
1327 5763 1572 5833 deducti,
1601 5763 1758 5822 'mox
1785 5771 1840 5820 et
1864 5763 2029 5836 pulsi
2074 5780 2104 5820 a

2147 4623 2194 4681 D

2229 641 2380 702 runt,
2412 651 2522 688 non
2551 632 2734 690 colitis
2759 633 2788 688 ’2‘
2815 631 3232 706 Tranquillinus
3277 631 3425 688 dixit
3457 651 3470 690 :
3504 634 3673 692 Recte
3711 635 3820 694 haec

2231 723 2558 794 inquireres,
2609 722 2654 778 si
2692 721 2912 778 credere
2948 721 3272 779 destin-ares.
3323 723 3634 782 Incredulis
3681 727 3818 783 enim

2231 829 2393 868 omne
2423 813 2572 884 quod
2601 815 2801 868 nolunt
2844 828 3047 868 vanum
3096 811 3338 868 videtur.
3388 812 3567 870 Semel
3593 815 3742 871 enim
3767 815 3818 871 in

2229 919 2468 974 praeceps
2497 903 2750 960 voluntas
2796 903 3112 960 mortalium
3160 902 3448 961 declinans
3489 905 3635 978 (51),
3666 923 3820 964 omne

2231 991 2378 1063 quod
2429 993 2701 1064 vituperat
2756 991 3055 1064 vituperari
3100 991 3374 1050 desiderat
3413 1011 3428 1062 ;
3497 1001 3552 1050 et
3599 996 3724 1051 vult
3765 1004 3822 1053 ut

2231 1079 2484 1136 laudetur
2501 1080 2569 1136 ab
2590 1080 2848 1137 omnibus
2869 1098 3030 1138 omne
3058 1081 3206 1154 quod
3234 1082 3443 1139 laudat.
3473 1081 3581 1140 Sed
3609 1084 3822 1156 sapiens

2230 1186 2328 1242 pro
2355 1171 2550 1226 merito
2596 1189 2697 1228 suo
2741 1172 3049 1244 cuicunque
3083 1171 3184 1239 rei,
3233 1181 3328 1228 aut
3365 1173 3822 1246 vituperationem

2230 1278 2382 1317 suam
2413 1261 2731 1334 impendere
2763 1263 2879 1335 (52)
2907 1263 3108 1319 nititur
3135 1271 3232 1320 aut
3256 1263 3494 1320 laudem.
3529 1264 3822 1322 Praefectus

2229 1351 2376 1408 dixit
2407 1369 2420 1407 :
2448 1352 2564 1422 Ego
2593 1358 2646 1407 te
2673 1351 2742 1408 de
2771 1351 2996 1410 Christo
3043 1360 3228 1408 vestro
3260 1351 3559 1425 interrogo.
3591 1353 3650 1409 Si
3679 1353 3824 1410 enim

2229 1455 2260 1496 a
2288 1441 2445 1496 vobis
2473 1441 2580 1498 hoc
2616 1441 2819 1497 colitur
2863 1439 3010 1513 quod
3058 1439 3178 1498 istis
3219 1442 3396 1498 oculis
3439 1458 3551 1498 non
3581 1442 3818 1514 videtur,

2229 1531 2507 1588 Christum
2541 1547 2654 1587 non
2699 1529 2881 1587 colitis
2927 1529 3023 1602 qui
3059 1539 3113 1588 et
3161 1530 3315 1588 visus
3343 1539 3444 1601 est,
3474 1519 3531 1590 et
3577 1533 3820 1603 auditus,

2227 1626 2282 1674 et
2323 1619 2710 1692 interrogatus,
2750 1626 2805 1676 et
2845 1619 3032 1675 omnia
3075 1637 3197 1694 quae.
3241 1619 3495 1678 humanas
3541 1621 3822 1696 fragilitati

2225 1717 2545 1781 competunt
2591 1711 2649 1765 in
2695 1709 2813 1782 ejus
2859 1710 3118 1782 leguntur
3166 1711 3416 1782 passione
3467 1713 3745 1786 completa
3797 1714 3825 1771 ?

2226 1798 2641 1872 Tranquillinus
2668 1799 2815 1856 dixit
2866 1798 3078 1856 :‘Audi
3117 1799 3540 1858 similitudinem
3577 1809 3634 1858 et
3665 1801 3823 1858 intel-

2785 1887 2952 1946 Verbi
3001 1888 3198 1961 gratia,
3246 1889 3292 1944 si
3341 1889 3508 1946 hodie
3551 1893 3820 1948 annulum

2227 1986 2383 2034 tuum
2413 1979 2704 2036 habentem
2734 1997 3005 2053 gemmam
3033 1981 3324 2053 pretiosam
3366 1981 3556 2038 videas
3594 1981 3657 2039 in
3685 1982 3824 2040 cloa-

2225 2084 2310 2136 ca,
2359 2078 2454 2126 aut
2521 2057 2580 2125 in
2635 2069 2990 2144 sterquilinio
3048 2071 3381 2141 volutatum,
3445 2079 3500 2127 et
3553 2070 3624 2128 ad
3679 2071 3824 2132 hunc

2225 2159 2528 2214 eruendum
2563 2159 2746 2216 mittas
2776 2177 2962 2215 servos
2990 2168 3116 2216 tuos
3149 2179 3162 2228 ;
3200 2159 3285 2216 illi
3314 2169 3496 2218 autem
3525 2178 3629 2220 nec
3657 2163 3818 2219 illum

2225 2247 2505 2318 potuerint
2536 2247 2786 2316 liberare,
2839 2247 2932 2304 sed
2981 2256 3035 2304 et
3079 2248 3288 2321 seipsos
3332 2250 3389 2306 in
3437 2250 3646 2324 aliquo,
3693 2250 3820 2307 dum

2224 2332 2384 2390 illum
2433 2343 2703 2390 conantur
2730 2334 2960 2406 eripere,
2993 2336 3294 2406 polluerint
3322 2355 3336 2405 ;
3385 2345 3572 2410 postea
3600 2355 3739 2396 vero
3766 2349 3824 2396 tu

2224 2423 2356 2494 ipse,
2386 2421 2663 2494 deponens
2709 2422 2808 2478 has
2850 2423 3049 2478 sericas
3080 2439 3214 2495 quas
3245 2424 3472 2482 indutus
3516 2444 3575 2482 es
3617 2436 3818 2496 vestes,

2223 2511 2418 2568 induas
2437 2520 2490 2567 te
2510 2511 2765 2566 servilem
2798 2509 3044 2568 tunicam
3064 2518 3118 2565 et
3138 2511 3476 2570 descendens
3494 2513 3554 2569 in
3575 2517 3823 2574 cloacam

2221 2600 2408 2656 mittas
2453 2616 2646 2656 manus
2673 2607 2796 2656 tuas
2844 2598 2903 2654 in
2937 2599 3290 2668 stercoribus,
3339 2608 3393 2656 et
3427 2603 3707 2660 annulum
3738 2621 3824 2662 au-

2220 2705 2372 2745 reum
2406 2689 2571 2746 simul
2601 2689 2710 2746 tuis
2739 2687 2992 2744 manibus
3020 2697 3376 2760 repraesentes
3420 2699 3476 2746 et
3519 2707 3822 2764 gemmam,

2219 2795 2329 2851 prae
2369 2779 2568 2852 gaudio
2613 2795 2806 2834 omnes
2845 2778 3052 2834 amicos
3092 2786 3218 2835 tuos
3266 2779 3472 2836 invitas
3500 2781 3571 2836 ad
3607 2786 3822 2856 epulas,

2219 2875 2272 2924 et
2311 2869 2514 2925 laetaris
2564 2885 2728 2941 super
2768 2869 3036 2924 annulum
3081 2876 3136 2924 et
3180 2885 3470 2942 gemmam,
3515 2873 3666 2944 quod
3714 2876 3826 2932 sint

2218 2957 2286 3014 de
2334 2957 2524 3014 nimiis
2569 2957 2918 3030 squaloribus
2965 2957 3214 3014 liberata.
3263 2958 3558 3016 Praefectus
3608 2961 3764 3019 dixit
3806 2982 3818 3020 :

2219 3047 2372 3102 Hanc
2415 3045 2847 3118 propositionem
2889 3045 2958 3103 ad
2990 3044 3149 3118 cujus
3194 3045 3622 3106 similitudinem
3673 3059 3816 3109 attu-

2217 3135 2331 3191 listi
2355 3135 2382 3190 εἶ
2419 3135 2835 3208 Tranquillinus
2863 3134 3186 3208 respondit:
3222 3136 3292 3193 Ut
3335 3138 3687 3196 ostenderem
3718 3141 3820 3198 tibi

2219 3241 2390 3280 unum
2451 3225 2794 3280 invisibilem
2861 3225 3033 3280 Deum
3106 3241 3208 3281 nos
3259 3227 3457 3284 colere.
3511 3229 3816 3288 meectus

2221 3315 2365 3372 dixit
2397 3334 2408 3371 ε
2455 3316 2526 3372 Et
2563 3315 2707 3388 quod
2742 3322 2823 3370 est
2859 3330 3052 3370 aurum
3095 3315 3124 3370 7
3162 3323 3256 3371 aut
3295 3332 3416 3388 quae
3461 3325 3544 3374 est
3579 3334 3821 3390 gemma,

2223 3422 2342 3478 quae
2389 3405 2446 3460 in
2477 3403 2827 3476 sterquilinio
2855 3403 3207 3459 volutabatur
3234 3403 3262 3459 ?
3291 3403 3717 3478 Tranquillinus
3737 3423 3818 3464 re-

2221 3495 2445 3568 spondit
2500 3512 2513 3550 :
2568 3496 2803 3561 Aurum,
2847 3509 3048 3566 corpus
3101 3492 3408 3549 humanum
3449 3502 3550 3562 est,
3605 3511 3826 3567 gemma

2221 3601 2352 3640 vero
2403 3583 2587 3640 anima
2632 3592 2732 3652 est,
2776 3599 2897 3656 quae
2945 3582 3004 3637 in
3050 3583 3170 3655 ipso
3198 3599 3424 3654 corpore
3473 3583 3692 3642 inclusa
3722 3593 3822 3643 est.

2223 3675 2434 3748 Corpus
2485 3690 2617 3730 vero
2665 3680 2720 3730 et
2776 3673 2962 3729 anima
3019 3687 3194 3729 unum
3241 3672 3524 3729 hominem
3583 3674 3822 3746 faciunt,

2223 3764 2500 3840 quomodo
2528 3779 2723 3820 aurum
2779 3771 2834 3819 et
2877 3778 3091 3834 gemma
3133 3778 3307 3818 unum
3345 3762 3614 3819 annulum
3646 3764 3824 3822 facere

2223 3855 2672 3928 comprobantur.
2729 3853 2834 3910 Sed
2887 3852 3244 3926 quantumvis
3288 3853 3558 3924 pretiosus
3601 3853 3712 3911 tibi
3757 3855 3826 3912 sit

2221 3945 2481 4012 annulus,
2509 3943 2668 4015 longe
2695 3941 2828 3998 satis
2855 3941 3023 3998 homo
3055 3941 3347 4013 pretiosior
3381 3948 3465 3997 est
3491 3944 3821 4016 centuplum

2222 4044 2276 4092 et
2303 4034 2502 4090 charus
2532 4032 2769 4089 Christo.
2799 4031 2881 4086 Tu
2910 4029 3110 4086 misisti
3158 4045 3346 4086 servos
3375 4039 3520 4102 tuos,
3553 4039 3619 4088 ut
3649 4049 3821 4090 annu-

2223 4125 2337 4180 lum
2381 4123 2448 4178 de
2493 4121 2748 4176 sordibus
2794 4119 3087 4191 eriperent,
3131 4126 3186 4174 et
3231 4119 3386 4174 nulla
3431 4121 3654 4180 ratione
3699 4139 3820 4180 eum

2221 4225 2409 4268 eruere
2451 4215 2768 4282 potuerunt.
2799 4207 2950 4264 Misit
2977 4213 3032 4262 et
3068 4205 3361 4279 prophetas
3401 4225 3529 4266 suos
3569 4212 3725 4269 Deus
3759 4211 3821 4268 de

2221 4301 2358 4356 coelo
2404 4299 2634 4370 loquens
2678 4296 2746 4353 ad
2780 4312 2892 4364 eos,
2927 4303 2989 4352 ut
3025 4294 3330 4352 humanum
3375 4313 3544 4369 genus
3570 4315 3604 4354 a
3632 4299 3820 4357 sordi-

2219 4389 2323 4446 bus
2364 4387 2530 4460 hujus
2569 4387 2762 4444 mundi
2805 4385 3040 4460 eriperet
3085 4385 3202 4458 (53)
3254 4403 3268 4444 :
3315 4395 3370 4444 et
3409 4388 3565 4445 nulla
3605 4393 3821 4448 ratione

2221 4458 2451 4535 omnino
2477 4477 2583 4534 hoc
2632 4477 2808 4534 facere
2836 4458 2922 4531 vel
2969 4458 3231 4532 instantia
3259 4483 3575 4548 potuerunt.
3617 4479 3707 4536 Tu
3735 4479 3820 4535 de-

2221 4567 2450 4639 posuisti
2480 4582 2670 4622 aureas
2695 4572 2893 4632 vestes,
2931 4571 2984 4620 et
3012 4563 3202 4621 servili
3233 4564 3560 4621 indumento
3589 4565 3820 4624 indutus

2223 4655 2553 4714 descendisti
2602 4655 2658 4711 in
2703 4657 2962 4724 cloacam,
3008 4663 3064 4710 et
3107 4671 3302 4711 manus
3350 4664 3472 4712 tuas
3514 4656 3722 4713 misisti
3762 4659 3818 4714 in

2223 4746 2497 4814 sordibus,
2527 4753 2590 4801 ut
2630 4746 2898 4800 annulum
2929 4745 2996 4800 de
3023 4743 3278 4800 sordibus
3317 4743 3577 4800 liberares
3612 4763 3626 4802 :
3661 4745 3818 4802 exuit

2222 4843 2274 4892 et
2313 4852 2370 4891 se
2399 4835 2650 4908 majestas
2693 4835 3016 4892 Divinitatis
3063 4852 3174 4892 suae
3216 4835 3528 4906 splendore,
3579 4852 3696 4893 non
3745 4847 3816 4896 ta-

2221 4941 2348 4980 men
2378 4941 2611 4996 superna
2636 4925 2951 4996 relinquens
2977 4942 2992 4992 ;
3023 4932 3077 4980 et
3107 4923 3291 4980 induit
3321 4939 3378 4980 se
3417 4923 3611 4980 servili
3641 4925 3815 4982 nostri

2221 5015 2466 5088 corporis
2495 5015 2838 5083 indumento,
2861 5023 2915 5072 et
2944 5014 3054 5070 huc
3083 5014 3141 5070 in
3168 5014 3407 5070 cloacam
3429 5012 3597 5086 hujus
3619 5013 3814 5072 mundi

2221 5111 2360 5166 coelo
2413 5107 2765 5176 descendens,
2824 5107 2976 5163 misit
3035 5110 3229 5164 manus
3271 5122 3395 5162 suas
3449 5105 3511 5162 in
3559 5107 3814 5164 sordibus

2219 5199 2536 5270 passionum
2567 5205 2878 5256 nostrarum
2905 5215 2922 5266 ;
2972 5205 3026 5254 et
3067 5196 3398 5271 passionem,
3439 5211 3562 5270 qua)
3600 5195 3815 5254 meritis

2219 5405 2472 5464 Camillo.

2315 5479 2384 5532 50
2434 5479 2549 5546 ΑΙ.,
2575 5479 2708 5534 alta.

2315 5479 2408 5620 51)
2439 5549 2554 5618 AL,
2587 5551 2708 5620 lapsi

2315 5549 2407 5620 51)
2439 5549 2554 5618 ΑΙ.,
2587 5551 2757 5621 lapsa.

2315 5621 2408 5762 52;
2438 5621 2552 5690 AL,
2585 5621 2888 5692 expendere.

2315 5692 2382 5746 53
2438 5692 2550 5761 AL,
2586 5693 2864 5762 eriperent.

2314 5692 2406 5762 53)
2438 5692 2550 5761 AL,
2586 5693 2864 5764 eriperent.
