3940 6386
135 448 275 520 1133

138 693 243 733 nos
271 693 500 733 suorum
532 676 775 732 reddidit
804 675 1127 747 digitorum.
1174 676 1308 731 Nam
1360 676 1457 749 qui
1505 692 1602 748 per
1654 676 1753 731 in-

134 766 524 823 credulitatem
581 764 978 820 volutabamur
1028 764 1086 819 in
1135 764 1486 837 squalorihus
1533 765 1749 833 mundi,

135 872 235 927 per
263 856 429 911 ﬁdem
462 855 635 910 abluti
667 871 698 909 a
726 853 1008 921 sordibus,
1027 852 1238 908 divinis
1267 869 1459 908 sumus
1477 851 1751 930 manibus,

132 954 202 1000 ut
225 945 321 1000 ille
349 954 478 1000 tuus
511 944 773 1011 annulus,
823 942 1089 998 restituti.
1142 941 1407 1014 Nunquid
1456 941 1605 997 servi
1647 940 1753 1009 tui,

134 1038 236 1112 qui
268 1046 321 1092 te
346 1043 685 1108 negaverunt
717 1034 1015 1090 dominum
1043 1049 1228 1099 suum,
1280 1033 1410 1088 dum
1457 1040 1512 1087 te
1542 1033 1598 1087 in
1648 1033 1757 1088 ha-

134 1127 263 1183 bitu
288 1126 477 1182 servili
508 1125 859 1197 respicerent,
902 1140 1018 1179 non
1072 1131 1373 1195 potuerunt
1418 1130 1483 1179 ut
1526 1123 1757 1179 rebelles

135 1214 323 1271 occidi
348 1215 376 1271 Ῡ
404 1216 485 1270 Ita
512 1221 565 1269 et
594 1214 689 1286 qui
726 1222 928 1285 negant
954 1212 1236 1270 Christum
1266 1211 1566 1268 Dominum
1595 1229 1755 1267 suum

135 1319 243 1375 pro
274 1303 379 1359 hoc
410 1302 555 1375 quod
580 1303 941 1373 semetipsum
974 1318 1005 1356 a
1036 1300 1323 1371 majestate
1353 1299 1685 1367 exinanivit,
1705 1308 1759 1356 et

137 1387 376 1443 formam
417 1387 565 1443 servi
603 1386 863 1458 suscepit,
898 1385 1218 1440 nullatenus
1256 1390 1517 1455 poterunt
1562 1389 1758 1450 aeterni

139 1475 291 1547 ignis
319 1491 508 1547 poenas
537 1475 786 1531 evadere.
822 1475 951 1530 Ideo
982 1473 1220 1545 denique
1246 1472 1407 1527 nobis
1436 1472 1605 1544 quiin
1630 1488 1756 1527 eum

137 1564 443 1632 credimus,
475 1563 669 1619 aeterni
700 1562 875 1618 fontis
912 1560 1061 1617 unda
1109 1561 1392 1629 subvenit,
1427 1568 1490 1615 ut
1521 1569 1759 1617 aeternus

140 1654 292 1726 ignis
324 1653 392 1709 ab
419 1661 626 1709 mterno
656 1653 809 1710 fonte
838 1652 1116 1719 vincatur,
1145 1659 1200 1708 et
1224 1650 1528 1707 inﬁdelitas
1556 1667 1588 1707 a
1613 1651 1759 1707 ﬁde-

142 1742 305 1798 litate
335 1750 642 1814 superetur.

218 1840 310 1897 45.
343 1840 639 1897 Praefectus
668 1839 813 1897 dixit
845 1858 857 1896 :
901 1839 971 1897 Ut
999 1841 1183 1910 video,
1213 1856 1327 1896 non
1355 1847 1418 1895 ut
1450 1839 1597 1895 ﬁlios
1633 1846 1760 1895 tuos

1427 459 1615 518 ACTA
1651 456 1706 517 S.
1746 454 2179 516 SEBASTIANI.

136 589 346 646 nostris
395 588 718 654 debebatur,
750 587 808 643 in
838 587 1133 660 semetipso
1180 587 1504 660 suscipiens,
1561 588 1747 659 gloriae
1780 591 1828 649 A

3312 444 3451 517 list

2437 585 2665 644 CAPUT
2701 578 2854 644 XIV.

2040 674 2376 732 Chromatius
2413 675 2565 732 Urbis
2589 675 2869 746 prcefectus
2897 675 3269 734 catechizatur.

1931 766 2021 823 47.
2052 766 2180 821 Post
2209 765 2329 821 haec
2358 766 2532 822 mittit
2562 774 2614 821 et
2638 765 2836 823 adduci
2862 783 2985 822 eum
3017 766 3084 822 ad
3112 783 3169 822 se
3198 771 3454 841 praecepit

1864 872 1959 927 per
1987 864 2203 912 noctem
2232 858 2466 923 occulte,
2498 865 2551 912 et
2581 856 2813 912 offerens
2850 858 2897 912 ei
2932 857 3211 913 inﬁnitum
3241 859 3456 930 pondus

1863 945 1982 1000 auri
2013 944 2228 1001 dicebat
2262 963 2273 1001 :
2319 946 2556 1001 Ostende
2588 946 2726 1001 mihi
2756 946 3220 1004 medicamentum
3250 964 3320 1004 ex
3348 966 3457 1021 quo

1865 1034 2196 1105 recuperasti
2227 1035 2480 1091 salutem.
2536 1035 2637 1091 Cui
2678 1036 3097 1108 Tranquillinus
3135 1038 3213 1093 ait
3247 1055 3259 1091 :
3308 1037 3459 1095 Scias

1865 1125 2124 1196 grandem
2178 1126 2314 1181 iram
2356 1136 2410 1182 et
2452 1126 2693 1182 furorem
2736 1127 2835 1183 Dei
2884 1144 3136 1199 passuros
3183 1145 3317 1197 esse,
3363 1129 3461 1202 qui

1866 1214 2096 1286 gratiam
2161 1213 2279 1286 ejus
2342 1216 2428 1270 vel
2492 1215 2917 1271 venundandam
2982 1217 3304 1273 existimant
3368 1219 3459 1273 vel

1865 1304 2172 1360 emendam.
2206 1304 2361 1360 Unde
2389 1304 2435 1359 si
2469 1305 2554 1361 vis
2582 1321 2614 1360 a
2642 1305 2935 1377 podagrico
2979 1306 3167 1363 dolore
3212 1307 3457 1376 liberari,

1865 1391 2024 1446 crede
2063 1390 2347 1448 Christum
2380 1394 2585 1449 Filium
2615 1394 2737 1462 Dei,
2781 1402 2835 1450 et
2866 1392 3203 1463 liberaberis,
3236 1403 3290 1450 et
3316 1396 3460 1453 sicut

1865 1479 2031 1535 hodie
2060 1496 2146 1535 me
2176 1481 2353 1549 vides,
2376 1481 2453 1536 ita
2472 1483 2658 1537 salvus
2688 1482 2814 1537 eris.
2847 1484 3054 1556 Nempe
3082 1484 3179 1539 vix
3205 1484 3461 1540 manibus

1866 1568 2168 1637 deferebar,
2217 1577 2270 1625 et
2315 1569 2572 1627 undecim
2615 1586 2787 1627 annos
2833 1588 2931 1642 per
2957 1589 3147 1629 omnes
3175 1572 3462 1645 juncturas

1867 1674 2165 1713 nervorum
2197 1658 2253 1712 in
2292 1675 2519 1730 corpore
2558 1675 2680 1715 meo
2709 1659 2961 1717 dolorum
2994 1661 3155 1717 nodis
3183 1662 3458 1731 astrictus,

1869 1746 1965 1800 vix
1994 1746 2078 1801 ori
2108 1763 2229 1801 meo
2281 1747 2437 1818 panis
2477 1747 2673 1803 alienis
2702 1748 2958 1805 manibus
2986 1749 3304 1807 tradebatur
3332 1770 3344 1807 :
3398 1752 3461 1807 il-

1869 1838 1975 1895 lico
2003 1846 2065 1894 ut
2104 1839 2386 1897 Christum
2426 1855 2617 1895 verum
2644 1841 2819 1895 Deum
2850 1856 2965 1896 esse
3002 1839 3234 1909 credidi,
3270 1839 3463 1896 salutis

140 1929 215 1986 ab
247 1929 351 1986 hac
378 1930 685 1987 intentione
715 1930 935 1986 tolleres
966 1930 1276 2003 poposcisse
1306 1928 1556 2000 probaris
1578 1929 1755 1985 indu—
1788 1939 1834 1998 Β
1868 1944 2000 1983 meae
2032 1928 2229 2000 gaudia
2257 1928 2456 1999 recepi,
2504 1934 2559 1984 et
2587 1944 2709 1983 sum
2739 1927 3053 1998 incolumis,
3104 1929 3234 2001 quia
3266 1945 3461 1985 verum

143 2018 288 2083 cias,
320 2020 415 2075 sed
438 2029 501 2076 ut
529 2019 626 2075 has
653 2018 827 2075 aniles
856 2018 1067 2074 fabulas
1115 2018 1184 2074 ad
1227 2026 1414 2073 nostra
1458 2018 1759 2074 tribunalia

151 2108 457 2164 meditatus
507 2108 624 2180 (54)
673 2108 913 2164 afferres.
964 2106 1379 2180 Tranquillinus
1420 2106 1601 2163 dixit:
1637 2107 1757 2162 Non

151 2197 476 2253 mediantur
503 2195 766 2268 discipuli
793 2195 1000 2253 Christi
1034 2195 1167 2269 quid
1199 2195 1258 2250 in
1286 2202 1587 2267 conspectu
1610 2194 1757 2266 judi-

151 2302 286 2343 cum
318 2291 738 2357 prosequantur.
793 2284 884 2340 Sic
913 2282 1084 2340 'enim
1132 2283 1469 2356 praemonuit
1517 2283 1707 2339 dicens
1742 2302 1753 2339 :

147 2373 389 2441 Quando
414 2373 777 2444 potestatibus
805 2371 971 2444 hujus
1004 2373 1198 2429 mundi
1220 2389 1318 2428 vos
1346 2387 1508 2429 causa
1528 2372 1634 2427 mei
1658 2388 1756 2428 no-

147 2461 325 2518 minis
364 2460 603 2529 tradent,
657 2461 829 2516 nolite
876 2461 1115 2533 cogitare
1162 2461 1441 2534 quomodo
1488 2468 1584 2515 aut
1623 2460 1758 2532 quid

148 2550 460 2623 loquamini
489 2567 502 2617 ;
534 2548 756 2604 dabitur
774 2550 921 2605 enim
945 2550 1105 2607 vobis
1120 2550 1395 2607 divinitus
1415 2549 1473 2604 in
1500 2550 1597 2605 illa
1624 2548 1759 2604 hora

152 2638 293 2712 quid
326 2638 647 2710 loquamini.
682 2639 805 2694 Non
827 2639 973 2694 enim
1003 2656 1103 2694 vos
1139 2639 1272 2695 estis
1306 2638 1401 2711 qui
1434 2637 1753 2709 loquimini,

148 2728 249 2786 sed
281 2727 519 2799 Spiritus
548 2727 667 2793 Dei,
700 2727 796 2798 qui
830 2727 1078 2798 loquitur
1115 2728 1175 2782 in
1224 2726 1381 2781 vobis
1431 2727 1643 2796 (Matth.
1694 2742 1754 2794 x,

152 2821 273 2892 19).
322 2821 444 2875 Non
476 2836 602 2890 ergo
636 2819 954 2874 meditando
982 2836 1100 2890 ego,
1132 2820 1227 2875 sed
1260 2819 1531 2875 credendo
1565 2818 1755 2875 inveni

152 2911 473 2969 Creatorem
502 2926 706 2977 meum,
739 2916 793 2964 et
819 2910 913 2981 qui
943 2926 1088 2965 eram
1122 2910 1416 2982 podagrico
1463 2919 1517 2966 et
1561 2910 1756 2967 chira-

152 3002 308 3075 grico
342 3001 532 3057 dolore
561 3008 876 3057 contractus
904 3008 957 3057 et
986 3009 1269 3074 quassatus
1301 3002 1441 3074 (55),
1476 3001 1662 3057 statim
1694 3011 1756 3058 ut

152 3094 380 3153 Christo
427 3092 659 3159 credidi,
693 3110 755 3148 ac
781 3092 826 3148 si
860 3092 1123 3164 parvulus
1165 3091 1416 3147 omnium
1472 3091 1756 3146 membro-

152 3202 282 3241 rum
312 3201 558 3240 meorum
590 3184 770 3256 recepi
800 3186 1111 3240 sanitatem.
1167 3183 1391 3240 Constat
1438 3200 1565 3255 ergo
1611 3183 1756 3255 apud

155 3274 410 3329 animum
443 3289 648 3341 meum,
691 3274 867 3345 ipsum
901 3289 987 3328 me
1018 3289 1226 3329 creasse
1255 3273 1349 3345 qui
1380 3290 1465 3328 me
1495 3289 1756 3328 renovare
1790 3297 1833 3355 ρ

148 3360 415 3433 dignatus
444 3368 545 3428 est,
577 3370 631 3417 et
658 3360 803 3417 sicut
832 3360 985 3417 dedit
1016 3361 1470 3417 restaurationem
1514 3364 1755 3433 corpori,

146 3451 231 3507 ita
263 3468 478 3525 quoque
510 3452 707 3506 animae
739 3459 861 3523 post
886 3451 1047 3507 istam
1072 3451 1244 3505 vitam
1293 3452 1419 3506 dare
1477 3452 1753 3528 promisit,

143 3540 193 3597 si
226 3547 413 3595 tamen
445 3556 558 3596 non
583 3540 787 3597 dubius
816 3556 918 3596 nec
947 3539 1178 3595 timidus
1209 3539 1500 3595 hominum
1534 3540 1755 3595 terrori-

143 3630 256 3687 bus
295 3628 517 3701 frangar
538 3648 551 3696 ;
598 3630 692 3686 sed
727 3628 783 3685 in
815 3627 932 3700 ejus
972 3628 1215 3685 nominis
1251 3628 1593 3685 confessione
1623 3647 1757 3701 per-

144 3716 359 3775 durans
387 3718 551 3773 ﬁdem
585 3716 875 3789 integram,
909 3733 1072 3790 quam
1105 3734 1192 3773 me
1218 3718 1365 3774 Deus
1410 3717 1542 3774 fecit
1586 3716 1755 3774 inve-

142 3806 291 3874 nire,
326 3822 666 3862 conservem.

215 3903 307 3960 46.
370 3902 667 3958 Prtefectus
722 3901 871 3958 dixit
922 3920 935 3958 :
996 3903 1219 3976 Ignoras
1249 3947 1266 3974 ,
1326 3904 1705 3978 Tranquilline
1736 3952 1751 3976 ,

144 4000 353 4065 quanta
383 3989 877 4045 invictissimorum
912 3991 1226 4064 principum
1247 4009 1373 4065 erga
1413 3994 1755 4051 Christianos

145 4079 230 4134 ira
259 4075 540 4146 desaeviat,
574 4085 628 4133 et
656 4077 780 4133 ideo
813 4080 967 4150 quasi
1000 4094 1227 4136 securus
1271 4081 1418 4153 quod
1455 4082 1557 4136 tibi
1591 4082 1756 4138 vide-

145 4175 242 4223 tur
271 4167 390 4222 sine
436 4166 635 4221 timore
685 4166 1051 4238 prosequeris.
1101 4168 1515 4241 Tranquillinus
1560 4169 1749 4226 dixit:

146 4256 367 4313 Stultus
396 4257 564 4311 timor
594 4264 695 4323 est,
729 4272 837 4328 quo
875 4257 1001 4328 plus
1036 4257 1264 4313 timetur
1309 4258 1551 4315 humana
1598 4259 1755 4314 indi-

145 4349 338 4417 gnatio
368 4360 531 4418 quam
562 4344 774 4400 divina.
812 4345 1076 4418 Nunquid
1123 4346 1169 4402 si
1217 4345 1275 4401 in
1319 4348 1501 4404 medio
1554 4363 1752 4403 canum

147 4433 474 4490 latrantium
507 4433 848 4498 venerimus,
879 4442 933 4489 et
960 4450 1103 4489 vano
1131 4433 1318 4489 furore
1347 4451 1448 4491 nos
1487 4435 1753 4507 coeperint

148 4525 267 4580 suis
298 4524 571 4580 morsibus
614 4532 926 4593 attrectare,
976 4532 1206 4597 possunt
1253 4524 1414 4581 nobis
1454 4524 1521 4581 de
1566 4526 1751 4581 animo

1867 2019 2043 2073 Deum
2073 2018 2400 2073 salvatorem
2432 2032 2617 2072 meum
2646 2016 2866 2088 agnovi.

1937 2103 2026 2161 48.
2068 2105 2222 2161 Tunc
2250 2105 2541 2177 praefectus
2585 2105 2799 2162 dimisit
2828 2122 2952 2161 eum
2984 2106 3173 2162 dicens
3203 2124 3213 2161 :
3267 2105 3463 2163 Adduc

1866 2195 1935 2251 ad
1966 2211 2051 2250 me
2081 2195 2177 2267 qui
2204 2202 2257 2273 te
2287 2194 2663 2251 Christianum
2704 2194 2857 2264 fecit,
2904 2202 2964 2249 ut
2996 2194 3042 2250 si
3072 2195 3209 2250 mihi
3246 2196 3466 2267 promi-

1867 2288 2000 2341 serit
2051 2287 2364 2355 sanitatem,
2417 2287 2621 2359 possim
2671 2295 2726 2343 et
2763 2303 2861 2360 ego
2915 2287 3035 2343 ﬁeri
3093 2286 3461 2344 Christianus.

1868 2374 2063 2431 Statim
2104 2385 2286 2431 autem
2331 2376 2749 2449 Tranquillinus
2796 2376 3027 2432 veniens
3081 2377 3149 2433 ad
3200 2376 3256 2432 S.
3303 2377 3464 2448 Poly-

1866 2480 2092 2536 carpum
2139 2465 2518 2536 presbyterum
2562 2464 2810 2520 narravit
2842 2464 2894 2519 ei
2932 2464 3120 2519 omnia
3168 2482 3288 2537 quae
3318 2473 3467 2537 gesta

1867 2554 1954 2609 vel
1984 2554 2133 2609 dicta
2161 2562 2287 2609 sunt
2310 2571 2323 2620 ;
2357 2561 2411 2608 et
2439 2552 2646 2609 ducens
2675 2570 2799 2609 eum
2827 2552 2972 2609 intra
3010 2554 3237 2609 domum
3269 2556 3465 2611 occul-

1866 2649 1937 2708 te,
1973 2641 2212 2712 praafecti
2242 2657 2367 2696 eum
2398 2640 2707 2711 aspectibus
2746 2643 3118 2712 praesentavit.
3156 2642 3259 2700 Cui
3309 2659 3464 2715 prae-

1865 2730 2042 2785 fectus
2088 2730 2211 2785 ait:
2269 2729 2422 2785 Licet
2469 2731 2652 2801 gravis
2702 2730 3107 2787 animadversio
3145 2732 3461 2805 principum

1865 2817 2194 2875 Christianis
2225 2819 2425 2874 infesta
2468 2819 2560 2887 sit,
2612 2827 2795 2875 tamen
2826 2836 2921 2892 spe
2954 2808 3338 2893 recuperanda;
3366 2839 3465 2877 sa-

1866 2909 1999 2965 lutis
2055 2908 2275 2965 aﬁ'eram
2332 2910 2491 2966 vobis
2543 2910 2814 2983 quidquid
2862 2912 3005 2968 illud
3044 2920 3126 2969 est
3171 2930 3346 2987 usque
3393 2912 3463 2970 ad

1864 2998 2161 3055 dimidiun
2192 2999 2465 3054 bonorum
2513 3001 2833 3071 patrimonii
2880 3003 3009 3070 mei,
3042 3003 3088 3058 si
3118 3003 3185 3059 ab
3219 3002 3323 3061 hac
3352 3021 3464 3059 no—

1864 3087 2098 3143 dositate
2150 3088 2604 3160 condylomatum
2637 3090 2753 3162 (57)
2805 3091 2912 3146 mei
2968 3092 3176 3147 fuerint
3219 3092 3464 3149 membra

1863 3179 2110 3251 corporis
2156 3180 2415 3237 resoluta.
2466 3182 2622 3237 Tunc
2676 3182 2730 3238 S.
2778 3183 3117 3256 Polycarpus
3171 3183 3462 3240 subridens

1865 3267 1942 3322 ait
1976 3285 1988 3322 :
2030 3269 2229 3325 Potens
2277 3279 2359 3326 est
2405 3271 2678 3326 Dominus
2721 3271 2875 3326 Jesus
2922 3271 3178 3329 Christus
3219 3281 3281 3329 ut
3309 3272 3462 3344 igno-

1866 3363 2061 3417 rantiae
2119 3369 2228 3417 ture
2278 3362 2478 3434 januas
2538 3363 2654 3434 (58)
2714 3363 2941 3435 aperiat,
2981 3372 3035 3418 et
3068 3363 3319 3419 ostendat
3355 3364 3461 3420 tibi

1867 3450 2012 3522 quod
2059 3450 2174 3522 ipse
2214 3451 2287 3507 sit
2327 3453 2573 3523 corporis
2620 3451 2701 3507 tui
2735 3459 3083 3516 restaurator.
3120 3454 3255 3508 Nam
3286 3468 3462 3524 pecu-

1866 3539 2015 3593 niam
2046 3539 2161 3593 sive
2196 3540 2290 3611 qui
2319 3539 2578 3608 aﬂ‘erunt,
2612 3540 2727 3595 sive
2761 3539 2857 3611 qui
2894 3539 3132 3595 oblatam
3162 3539 3463 3611 accipiunt,

1865 3644 1976 3683 non
2004 3629 2183 3684 solum
2212 3629 2421 3684 nullam
2447 3628 2763 3685 dolentibus
2789 3630 3084 3695 conferunt
3107 3630 3460 3694 medicinam,

1864 3718 1959 3774 sed
1991 3719 2156 3774 etiam
2188 3720 2294 3791 ipsi
2324 3719 2431 3775 sibi
2460 3719 2822 3775 insanabilem
2856 3719 3112 3774 morbum
3150 3729 3458 3776 assumunt.

1864 3807 2011 3863 Dicit
2051 3808 2101 3863 ei
2131 3809 2422 3880 praefectus
2451 3827 2463 3864 :
2509 3810 2611 3865 Dic
2643 3824 2771 3879 ergo
2801 3808 2940 3864 mihi
2971 3808 3103 3881 quid
3134 3808 3351 3877 faciam,
3400 3817 3463 3866 ut

1863 3897 2126 3969 consequi
2168 3898 2379 3953 valeam
2410 3896 2556 3971 quod
2586 3913 2763 3969 spero.
2796 3896 2944 3953 Dicit
2985 3897 3036 3953 ei
3077 3897 3414 3970 Polycarpus
3443 3915 3455 3954 :

1863 3985 1919 4040 Si
1975 3985 2275 4042 credideris
2334 4002 2404 4041 ex
2462 3993 2580 4041 toto
2629 3986 2793 4042 corde
2853 3993 2971 4054 tuo,
3027 3984 3171 4042 sicut
3224 3986 3462 4043 credidit

1864 4072 2301 4147 Tranquillinus,
2332 4076 2519 4130 salvus
2539 4074 2667 4130 eris.
2720 4073 2869 4130 Dicit
2897 4073 2948 4128 ei
2976 4074 3266 4146 praefectus
3294 4092 3306 4129 :
3340 4073 3461 4142 Quo

1862 4164 2055 4221 ordine
2098 4165 2319 4221 credere
2366 4164 2593 4219 debeam
2644 4163 2949 4219 intimate?
3000 4164 3154 4221 Tunc
3194 4164 3250 4219 S.
3282 4163 3462 4235 Poly-

1862 4273 2057 4327 carpus
2104 4255 2464 4311 catechizavit
2496 4270 2646 4321 eum,
2694 4261 2749 4308 et
2801 4252 3008 4309 indixit
3045 4252 3095 4308 ei
3133 4260 3195 4308 ut
3223 4267 3320 4324 per
3347 4252 3460 4308 tri-

1863 4345 2036 4403 duum
2060 4343 2365 4416 jejunaret.
2416 4345 2489 4399 Et
2517 4360 2827 4400 convocans
2855 4343 2925 4399 ad
2970 4359 3027 4398 se
3074 4343 3130 4399 S.
3176 4341 3460 4399 Sebastia—

1862 4453 2018 4505 num,
2040 4436 2219 4492 tribus
2246 4436 2443 4493 diebus
2470 4444 2523 4492 et
2544 4436 2722 4493 tribus
2747 4435 3005 4493 noctibus
3027 4433 3303 4505 jejunavit
3330 4449 3457 4489 cum

1860 4541 1977 4581 eo-:
2038 4534 2092 4581 et
2140 4542 2267 4582 cum
2318 4525 2579 4597 lacrymis
2626 4525 2831 4597 pariter
2876 4522 3124 4589 orabant,
3179 4528 3242 4575 ut
3291 4520 3455 4575 ﬁdem

146 4612 346 4671 tollere
379 4612 484 4669 hoc
529 4614 677 4686 quod
730 4632 829 4671 nos
876 4614 1129 4670 homines
1171 4631 1361 4670 sumus
1392 4614 1745 4671 rationabiles
1778 4653 1827 4711 D
1859 4614 2103 4669 nominis
2133 4615 2217 4670 sui
2265 4614 2324 4669 in
2362 4615 2594 4670 salutem
2644 4611 2884 4668 volentis
2925 4610 3145 4667 credere
3184 4609 3456 4665 Dominus

146 4700 289 4774 (56),
320 4718 445 4758 cum
475 4702 587 4757 sint
618 4702 702 4757 illi
733 4720 918 4773 canes,
952 4713 1006 4760 et
1036 4702 1465 4771 irrationabiles,
1507 4711 1560 4759 et
1592 4704 1749 4760 insa-

144 4790 205 4845 ni
224 4790 252 4845 ‘T
280 4790 363 4845 Ita
391 4790 487 4862 qui
518 4791 680 4847 nobis
709 4801 857 4849 recte
889 4792 1240 4849 credentibus
1277 4793 1608 4861 irascuntur,
1639 4810 1750 4849 saa-

144 4878 266 4935 vire
296 4879 517 4951 quidem
561 4892 808 4953 possunt,
859 4891 914 4938 et
953 4883 1156 4938 inferre
1203 4882 1391 4955 iniqua
1436 4884 1744 4955 supplicia;

144 4988 429 5045 nunquam
478 4981 661 5029 tamen
697 4975 763 5031 de
803 4976 967 5032 corde
1006 4983 1191 5031 nostro
1227 4976 1333 5033 hoc
1360 4976 1572 5031 auferre
1600 4986 1749 5049 pote-

143 5072 297 5130 runt,
330 5064 479 5136 quod
507 5067 811 5121 Dominum
842 5066 1025 5122 Iesum
1058 5067 1338 5124 Christum
1369 5074 1420 5123 et
1450 5075 1748 5123 creatorem

144 5170 263 5211 esse
293 5154 595 5223 credimus,
627 5165 681 5211 et
709 5154 1111 5226 redemptorem
1144 5164 1392 5212 nostrum
1439 5174 1502 5213 ac
1545 5166 1750 5213 restau-

145 5253 385 5302 ratorem
416 5263 534 5302 esse
563 5247 884 5318 gaudemus.
919 5247 1057 5301 Tum
1086 5247 1376 5320 praefectus
1416 5246 1581 5319 jussit
1622 5262 1746 5301 eum

144 5332 319 5405 recipi
348 5348 380 5389 a
408 5334 854 5403 Commentariis,
883 5332 1072 5391 dicens
1107 5351 1119 5391 :
1160 5334 1419 5392 Proxima
1447 5344 1499 5391 te
1529 5335 1748 5391 audiam

144 5438 390 5480 888810119
398 5465 410 5479 .

246 5569 342 5677 5'2.)
374 5601 495 5675 Al.,'
521 5604 820 5665 meditatas.

247 5679 344 5750 55)
380 5678 492 5750 AL,
509 5749 514 5750 ί
534 5695 776 5749 quassas.

250 5749 345 5819 56)
378 5749 636 5819 Quidam,
666 5751 972 5807 rationales.

227 5819 345 5902 (57)
383 5823 713 5904 Κονδὺὶωμα,
748 5840 829 5887 est
859 5831 918 5887 in
944 5824 1197 5906 condylis
1225 5825 1340 5885 sive
1373 5819 1622 5884 articulis
1650 5824 1746 5883 di-

1856 4702 2175 4761 declararet.

2447 4791 2674 4849 CAPUT
2711 4789 2838 4848 XV.

2250 4880 2544 4939 Chro-matii
2570 4879 2846 4949 confracta
2874 4877 3039 4933 idola.

1924 4970 2014 5028 49.
2056 4971 2230 5043 Igitur
2261 4986 2387 5025 cum
2416 4969 2534 5025 dies
2562 4967 2747 5035 tertia,
2783 4982 2904 5039 quae
2933 4964 3231 5022 constituta
3252 4965 3448 5034 fuerat,

1854 5061 2185 5129 advenisset,
2232 5060 2302 5116 ad
2330 5060 2556 5115 domum
2592 5056 2917 5113 sustinentis
2947 5055 3189 5128 praefecti
3220 5056 3452 5114 veniunt

1854 5153 2057 5224 pariter
2099 5157 2476 5223 properantes.
2526 5148 2635 5216 Qui
2683 5145 2918 5219 ingressi
2963 5145 3228 5201 dixerunt
3272 5164 3284 5202 :
3337 5146 3453 5202 Pax

1854 5242 1982 5298 fidei
2012 5250 2140 5297 tute.
2180 5242 2253 5297 At
2294 5241 2391 5296 ille
2435 5237 2763 5296 resalutavit
2809 5254 2901 5293 eos
2939 5236 3359 5305 oﬂiciosissime,
3398 5245 3453 5293 et

1855 5332 2108 5389 hortatur
2163 5348 2254 5387 eos
2308 5329 2495 5386 sedere
2542 5328 2705 5401 juxta
2738 5343 2815 5395 se,
2873 5333 2927 5381 et
2973 5325 3165 5381 dixit:
3225 5325 3313 5380 Ex
3358 5341 3453 5382 ore

1854 5423 2224 5497 Tranquillini
2272 5421 2412 5478 ratio
2461 5437 2676 5493 egressa
2723 5418 3013 5475 oculorum
3061 5432 3311 5472 meorum
3356 5431 3454 5472 as-

1854 5605 2089 5680 gitorum
2135 5604 2297 5661 tuber
2342 5603 2459 5680 sive
2484 5599 2869 5680 _inﬂammat_io
2904 5617 2916 5655 :
2959 5615 3090 5657 mss.
3152 5596 3451 5671 habebant,

1853 5672 2339 5749 Eondologmatum;
2369 5673 2615 5747 quidam,
2646 5672 2867 5727 doloris.

1926 5752 2041 5822 (58)
2086 5751 2197 5818 AL,
2239 5749 2448 5804 Valvas.
