  <div class='ocr_page' id='page_1' title='image "/cluster/home/n/w/nwhite01/storage/ocr_20150623/17/umn.31951002477311b/575.png"; bbox 0 0 3940 6392; ppageno 0'>
   <div class='ocr_carea' id='block_1_1' title="bbox 505 447 643 510">
    <p class='ocr_par' dir='ltr' id='par_1_1' title="bbox 505 447 643 510">
     <span class='ocr_line' id='line_1_1' title="bbox 505 447 643 510; baseline -0.036 0"><span class='ocrx_word' id='word_1_1' title='bbox 505 447 643 510; x_wconf 75' lang='lat' dir='ltr'>H35</span> 
     </span>
    </p>
   </div>
   <div class='ocr_carea' id='block_1_2' title="bbox 1505 446 2753 508">
    <p class='ocr_par' dir='ltr' id='par_1_2' title="bbox 1505 446 2753 508">
     <span class='ocr_line' id='line_1_2' title="bbox 1505 446 2753 508; baseline 0.001 -3"><span class='ocrx_word' id='word_1_2' title='bbox 1505 447 1601 505; x_wconf 84' lang='lat' dir='ltr'>AD</span> <span class='ocrx_word' id='word_1_3' title='bbox 1640 449 1874 507; x_wconf 81' lang='lat' dir='ltr'>OPERA</span> <span class='ocrx_word' id='word_1_4' title='bbox 1913 447 1968 505; x_wconf 90' lang='lat' dir='ltr'>S.</span> <span class='ocrx_word' id='word_1_5' title='bbox 2005 447 2336 508; x_wconf 81' lang='lat' dir='ltr'>AMBROSII</span> <span class='ocrx_word' id='word_1_6' title='bbox 2376 446 2753 506; x_wconf 85' lang='lat' dir='ltr'>APPENDIX.</span> 
     </span>
    </p>
   </div>
   <div class='ocr_carea' id='block_1_3' title="bbox 3663 439 3812 506">
    <p class='ocr_par' dir='ltr' id='par_1_3' title="bbox 3663 439 3812 506">
     <span class='ocr_line' id='line_1_3' title="bbox 3663 439 3812 506; baseline 0 0"><span class='ocrx_word' id='word_1_7' title='bbox 3663 439 3812 506; x_wconf 75' lang='lat'>“36</span> 
     </span>
    </p>
   </div>
   <div class='ocr_carea' id='block_1_4' title="bbox 503 570 3810 650">
    <p class='ocr_par' dir='ltr' id='par_1_4' title="bbox 503 570 3810 650">
     <span class='ocr_line' id='line_1_4' title="bbox 503 570 3810 650; baseline -0 -18"><span class='ocrx_word' id='word_1_8' title='bbox 503 575 742 633; x_wconf 88' lang='lat' dir='ltr'>sertione</span> <span class='ocrx_word' id='word_1_9' title='bbox 769 573 1096 630; x_wconf 77' lang='lat' dir='ltr'>declaratur.</span> <span class='ocrx_word' id='word_1_10' title='bbox 1129 573 1305 631; x_wconf 86' lang='lat' dir='ltr'>Video</span> <span class='ocrx_word' id='word_1_11' title='bbox 1351 570 1498 628; x_wconf 89' lang='lat' dir='ltr'>enim</span> <span class='ocrx_word' id='word_1_12' title='bbox 1545 572 1694 629; x_wconf 91' lang='lat' dir='ltr'>hunc</span> <span class='ocrx_word' id='word_1_13' title='bbox 1739 573 2087 629; x_wconf 88' lang='lat' dir='ltr'>sanissimum</span> <span class='ocrx_word' id='word_1_14' title='bbox 2119 576 2170 634; x_wconf 85' lang='lat' dir='ltr'>A</span> <span class='ocrx_word' id='word_1_15' title='bbox 2202 575 2353 632; x_wconf 88' lang='lat' dir='ltr'>teris.</span> <span class='ocrx_word' id='word_1_16' title='bbox 2385 575 2735 634; x_wconf 82' lang='lat' dir='ltr'>Chromatius</span> <span class='ocrx_word' id='word_1_17' title='bbox 2762 575 2908 632; x_wconf 87' lang='lat' dir='ltr'>dixit</span> <span class='ocrx_word' id='word_1_18' title='bbox 2939 593 2952 632; x_wconf 92' lang='lat'>:</span> <span class='ocrx_word' id='word_1_19' title='bbox 3003 575 3191 632; x_wconf 90' lang='lat' dir='ltr'>Indica</span> <span class='ocrx_word' id='word_1_20' title='bbox 3227 590 3358 649; x_wconf 89' lang='lat' dir='ltr'>ergo</span> <span class='ocrx_word' id='word_1_21' title='bbox 3384 574 3530 632; x_wconf 86' lang='lat' dir='ltr'>mihi</span> <span class='ocrx_word' id='word_1_22' title='bbox 3565 575 3704 650; x_wconf 87' lang='lat' dir='ltr'>quis</span> <span class='ocrx_word' id='word_1_23' title='bbox 3736 576 3810 632; x_wconf 87' lang='lat' dir='ltr'>sit</span> 
     </span>
    </p>
   </div>
   <div class='ocr_carea' id='block_1_5' title="bbox 503 663 2091 740">
    <p class='ocr_par' dir='ltr' id='par_1_5' title="bbox 503 663 2091 740">
     <span class='ocr_line' id='line_1_5' title="bbox 503 663 2091 740; baseline -0.003 -17"><span class='ocrx_word' id='word_1_24' title='bbox 503 681 665 740; x_wconf 85' lang='lat' dir='ltr'><strong>quem</strong></span> <span class='ocrx_word' id='word_1_25' title='bbox 694 663 987 738; x_wconf 89' lang='lat' dir='ltr'>podagrico</span> <span class='ocrx_word' id='word_1_26' title='bbox 1012 671 1066 720; x_wconf 93' lang='lat' dir='ltr'>et</span> <span class='ocrx_word' id='word_1_27' title='bbox 1100 663 1405 736; x_wconf 88' lang='lat' dir='ltr'>chiragrico</span> <span class='ocrx_word' id='word_1_28' title='bbox 1434 664 1681 720; x_wconf 82' lang='lat' dir='ltr'>videram</span> <span class='ocrx_word' id='word_1_29' title='bbox 1726 663 1913 719; x_wconf 89' lang='lat' dir='ltr'>dolore</span> <span class='ocrx_word' id='word_1_30' title='bbox 1945 680 2091 720; x_wconf 93' lang='lat' dir='ltr'>con-</span> 
     </span>
    </p>
   </div>
   <div class='ocr_carea' id='block_1_6' title="bbox 502 753 2090 829">
    <p class='ocr_par' dir='ltr' id='par_1_6' title="bbox 502 753 2090 829">
     <span class='ocr_line' id='line_1_6' title="bbox 502 753 2090 829; baseline -0.004 -15"><span class='ocrx_word' id='word_1_31' title='bbox 502 765 759 815; x_wconf 86' lang='lat' dir='ltr'>tractum.</span> <span class='ocrx_word' id='word_1_32' title='bbox 807 755 856 812; x_wconf 87' lang='lat' dir='ltr'>A</span> <span class='ocrx_word' id='word_1_33' title='bbox 887 771 1024 829; x_wconf 88' lang='lat' dir='ltr'>quos</span> <span class='ocrx_word' id='word_1_34' title='bbox 1071 771 1238 828; x_wconf 89' lang='lat' dir='ltr'>genus</span> <span class='ocrx_word' id='word_1_35' title='bbox 1269 753 1658 810; x_wconf 79' lang='lat' dir='ltr'>medicamenti</span> <span class='ocrx_word' id='word_1_36' title='bbox 1709 754 1855 810; x_wconf 92' lang='lat' dir='ltr'>unde</span> <span class='ocrx_word' id='word_1_37' title='bbox 1897 753 2090 809; x_wconf 77' lang='lat' dir='ltr'>fuisset</span> 
     </span>
    </p>
   </div>
   <div class='ocr_carea' id='block_1_7' title="bbox 503 843 2086 919">
    <p class='ocr_par' dir='ltr' id='par_1_7' title="bbox 503 843 2086 919">
     <span class='ocr_line' id='line_1_7' title="bbox 503 843 2086 919; baseline -0.003 -16"><span class='ocrx_word' id='word_1_38' title='bbox 503 847 744 903; x_wconf 76' lang='lat' dir='ltr'>salvatus</span> <span class='ocrx_word' id='word_1_39' title='bbox 787 845 1091 919; x_wconf 83' lang='lat' dir='ltr'>inquirens,</span> <span class='ocrx_word' id='word_1_40' title='bbox 1143 845 1248 900; x_wconf 90' lang='lat' dir='ltr'>tale</span> <span class='ocrx_word' id='word_1_41' title='bbox 1279 843 1346 898; x_wconf 89' lang='lat' dir='ltr'>ab</span> <span class='ocrx_word' id='word_1_42' title='bbox 1373 860 1437 900; x_wconf 91' lang='lat' dir='ltr'>eo</span> <span class='ocrx_word' id='word_1_43' title='bbox 1495 844 1671 916; x_wconf 87' lang='lat' dir='ltr'>recepi</span> <span class='ocrx_word' id='word_1_44' title='bbox 1717 860 2040 915; x_wconf 85' lang='lat' dir='ltr'>responsum</span> <span class='ocrx_word' id='word_1_45' title='bbox 2075 861 2086 899; x_wconf 96' lang='lat'>:</span> 
     </span>
    </p>
   </div>
   <div class='ocr_carea' id='block_1_8' title="bbox 501 931 2093 1003">
    <p class='ocr_par' dir='ltr' id='par_1_8' title="bbox 501 931 2093 1003">
     <span class='ocr_line' id='line_1_8' title="bbox 501 931 2093 1003; baseline -0.003 -11"><span class='ocrx_word' id='word_1_46' title='bbox 501 935 644 992; x_wconf 89' lang='lat' dir='ltr'>Dum</span> <span class='ocrx_word' id='word_1_47' title='bbox 675 933 838 990; x_wconf 90' lang='lat' dir='ltr'>ﬁdem</span> <span class='ocrx_word' id='word_1_48' title='bbox 880 949 1054 990; x_wconf 87' lang='lat' dir='ltr'>meam</span> <span class='ocrx_word' id='word_1_49' title='bbox 1088 931 1144 988; x_wconf 92' lang='lat' dir='ltr'>in</span> <span class='ocrx_word' id='word_1_50' title='bbox 1178 931 1344 988; x_wconf 89' lang='lat' dir='ltr'>idolis</span> <span class='ocrx_word' id='word_1_51' title='bbox 1379 949 1657 1003; x_wconf 89' lang='lat' dir='ltr'>ponerem,</span> <span class='ocrx_word' id='word_1_52' title='bbox 1689 933 1887 988; x_wconf 90' lang='lat' dir='ltr'>debilis</span> <span class='ocrx_word' id='word_1_53' title='bbox 1917 939 1969 987; x_wconf 91' lang='lat' dir='ltr'>et</span> <span class='ocrx_word' id='word_1_54' title='bbox 1995 932 2093 987; x_wconf 91' lang='lat' dir='ltr'>ni-</span> 
     </span>
    </p>
   </div>
   <div class='ocr_carea' id='block_1_9' title="bbox 503 1021 2088 1081">
    <p class='ocr_par' dir='ltr' id='par_1_9' title="bbox 503 1021 2088 1081">
     <span class='ocr_line' id='line_1_9' title="bbox 503 1021 2088 1081; baseline -0.003 -1"><span class='ocrx_word' id='word_1_55' title='bbox 503 1024 616 1081; x_wconf 88' lang='lat' dir='ltr'>mia</span> <span class='ocrx_word' id='word_1_56' title='bbox 644 1040 765 1080; x_wconf 91' lang='lat' dir='ltr'>sum</span> <span class='ocrx_word' id='word_1_57' title='bbox 792 1021 1112 1080; x_wconf 89' lang='lat' dir='ltr'>inﬁrmitate</span> <span class='ocrx_word' id='word_1_58' title='bbox 1140 1029 1450 1078; x_wconf 87' lang='lat' dir='ltr'>contractus</span> <span class='ocrx_word' id='word_1_59' title='bbox 1474 1040 1484 1076; x_wconf 91' lang='lat'>:</span> <span class='ocrx_word' id='word_1_60' title='bbox 1511 1030 1565 1076; x_wconf 88' lang='lat' dir='ltr'>at</span> <span class='ocrx_word' id='word_1_61' title='bbox 1592 1021 1688 1077; x_wconf 91' lang='lat' dir='ltr'>ubi</span> <span class='ocrx_word' id='word_1_62' title='bbox 1717 1039 1890 1078; x_wconf 93' lang='lat' dir='ltr'>unum</span> <span class='ocrx_word' id='word_1_63' title='bbox 1916 1024 2088 1077; x_wconf 91' lang='lat' dir='ltr'>Deum</span> 
     </span>
    </p>
   </div>
   <div class='ocr_carea' id='block_1_10' title="bbox 503 1111 2091 1182">
    <p class='ocr_par' dir='ltr' id='par_1_10' title="bbox 503 1111 2091 1182">
     <span class='ocr_line' id='line_1_10' title="bbox 503 1111 2091 1182; baseline -0.002 -14"><span class='ocrx_word' id='word_1_64' title='bbox 503 1113 563 1170; x_wconf 91' lang='lat' dir='ltr'>in</span> <span class='ocrx_word' id='word_1_65' title='bbox 593 1113 748 1172; x_wconf 72' lang='lat' dir='ltr'>cmlis</span> <span class='ocrx_word' id='word_1_66' title='bbox 776 1111 947 1169; x_wconf 88' lang='lat' dir='ltr'>didici</span> <span class='ocrx_word' id='word_1_67' title='bbox 974 1111 1285 1168; x_wconf 84' lang='lat' dir='ltr'>ostensione</span> <span class='ocrx_word' id='word_1_68' title='bbox 1315 1111 1779 1178; x_wconf 89' lang='lat' dir='ltr'>Christianorum,</span> <span class='ocrx_word' id='word_1_69' title='bbox 1824 1111 2091 1182; x_wconf 85' lang='lat' dir='ltr'>abnegavi</span> 
     </span>
    </p>
   </div>
   <div class='ocr_carea' id='block_1_11' title="bbox 503 1199 2089 1276">
    <p class='ocr_par' dir='ltr' id='par_1_11' title="bbox 503 1199 2089 1276">
     <span class='ocr_line' id='line_1_11' title="bbox 503 1199 2089 1276; baseline -0.003 -16"><span class='ocrx_word' id='word_1_70' title='bbox 503 1203 764 1260; x_wconf 86' lang='lat' dir='ltr'>universa</span> <span class='ocrx_word' id='word_1_71' title='bbox 792 1219 915 1276; x_wconf 58' lang='lat' dir='ltr'>qua;</span> <span class='ocrx_word' id='word_1_72' title='bbox 944 1201 1061 1257; x_wconf 88' lang='lat' dir='ltr'>sine</span> <span class='ocrx_word' id='word_1_73' title='bbox 1089 1218 1252 1257; x_wconf 87' lang='lat' dir='ltr'>causa</span> <span class='ocrx_word' id='word_1_74' title='bbox 1281 1199 1580 1268; x_wconf 88' lang='lat' dir='ltr'>colueram,</span> <span class='ocrx_word' id='word_1_75' title='bbox 1611 1209 1664 1257; x_wconf 89' lang='lat' dir='ltr'>et</span> <span class='ocrx_word' id='word_1_76' title='bbox 1693 1201 1894 1258; x_wconf 86' lang='lat' dir='ltr'>tradidi</span> <span class='ocrx_word' id='word_1_77' title='bbox 1926 1200 2089 1256; x_wconf 87' lang='lat' dir='ltr'>ﬁdem</span> 
     </span>
    </p>
   </div>
   <div class='ocr_carea' id='block_1_12' title="bbox 503 1290 2092 1363">
    <p class='ocr_par' dir='ltr' id='par_1_12' title="bbox 503 1290 2092 1363">
     <span class='ocr_line' id='line_1_12' title="bbox 503 1290 2092 1363; baseline -0.003 -13"><span class='ocrx_word' id='word_1_78' title='bbox 503 1293 676 1350; x_wconf 84' lang='lat' dir='ltr'>animi</span> <span class='ocrx_word' id='word_1_79' title='bbox 729 1293 835 1348; x_wconf 92' lang='lat' dir='ltr'>mei</span> <span class='ocrx_word' id='word_1_80' title='bbox 883 1290 1104 1348; x_wconf 85' lang='lat' dir='ltr'>Christo</span> <span class='ocrx_word' id='word_1_81' title='bbox 1145 1292 1286 1363; x_wconf 82' lang='lat'>(59).</span> <span class='ocrx_word' id='word_1_82' title='bbox 1335 1293 1464 1348; x_wconf 85' lang='lat' dir='ltr'>Mox</span> <span class='ocrx_word' id='word_1_83' title='bbox 1510 1301 1692 1348; x_wconf 92' lang='lat' dir='ltr'>autem</span> <span class='ocrx_word' id='word_1_84' title='bbox 1733 1299 1794 1346; x_wconf 91' lang='lat' dir='ltr'>ut</span> <span class='ocrx_word' id='word_1_85' title='bbox 1827 1308 2001 1346; x_wconf 91' lang='lat' dir='ltr'>unum</span> <span class='ocrx_word' id='word_1_86' title='bbox 2039 1298 2092 1346; x_wconf 92' lang='lat' dir='ltr'>et</span> 
     </span>
    </p>
   </div>
   <div class='ocr_carea' id='block_1_13' title="bbox 501 1382 2094 1454">
    <p class='ocr_par' dir='ltr' id='par_1_13' title="bbox 501 1382 2094 1454">
     <span class='ocr_line' id='line_1_13' title="bbox 501 1382 2094 1454; baseline -0.002 -14"><span class='ocrx_word' id='word_1_87' title='bbox 501 1399 696 1440; x_wconf 77' lang='lat' dir='ltr'>verum</span> <span class='ocrx_word' id='word_1_88' title='bbox 726 1385 901 1440; x_wconf 90' lang='lat' dir='ltr'>Deum</span> <span class='ocrx_word' id='word_1_89' title='bbox 933 1382 990 1437; x_wconf 91' lang='lat' dir='ltr'>in</span> <span class='ocrx_word' id='word_1_90' title='bbox 1019 1382 1174 1439; x_wconf 68' lang='lat' dir='ltr'>caelis</span> <span class='ocrx_word' id='word_1_91' title='bbox 1211 1398 1434 1454; x_wconf 92' lang='lat' dir='ltr'>regnare</span> <span class='ocrx_word' id='word_1_92' title='bbox 1472 1383 1753 1438; x_wconf 88' lang='lat' dir='ltr'>confessus</span> <span class='ocrx_word' id='word_1_93' title='bbox 1779 1399 1923 1448; x_wconf 89' lang='lat' dir='ltr'>sum,</span> <span class='ocrx_word' id='word_1_94' title='bbox 1973 1390 2094 1438; x_wconf 89' lang='lat' dir='ltr'>sta-</span> 
     </span>
    </p>
   </div>
   <div class='ocr_carea' id='block_1_14' title="bbox 501 1469 2091 1544">
    <p class='ocr_par' dir='ltr' id='par_1_14' title="bbox 501 1469 2091 1544">
     <span class='ocr_line' id='line_1_14' title="bbox 501 1469 2091 1544; baseline -0.002 -15"><span class='ocrx_word' id='word_1_95' title='bbox 501 1473 604 1529; x_wconf 93' lang='lat' dir='ltr'>tim</span> <span class='ocrx_word' id='word_1_96' title='bbox 634 1472 836 1539; x_wconf 90' lang='lat' dir='ltr'>omnis,</span> <span class='ocrx_word' id='word_1_97' title='bbox 867 1487 1028 1544; x_wconf 88' lang='lat' dir='ltr'>quam</span> <span class='ocrx_word' id='word_1_98' title='bbox 1060 1488 1156 1542; x_wconf 89' lang='lat' dir='ltr'>per</span> <span class='ocrx_word' id='word_1_99' title='bbox 1183 1471 1439 1527; x_wconf 90' lang='lat' dir='ltr'>undecim</span> <span class='ocrx_word' id='word_1_100' title='bbox 1469 1487 1642 1528; x_wconf 91' lang='lat' dir='ltr'>annos</span> <span class='ocrx_word' id='word_1_101' title='bbox 1669 1472 1980 1540; x_wconf 90' lang='lat' dir='ltr'>amiseram,</span> <span class='ocrx_word' id='word_1_102' title='bbox 2023 1469 2091 1526; x_wconf 92' lang='lat' dir='ltr'>ad</span> 
     </span>
    </p>
   </div>
   <div class='ocr_carea' id='block_1_15' title="bbox 504 1560 2093 1634">
    <p class='ocr_par' dir='ltr' id='par_1_15' title="bbox 504 1560 2093 1634">
     <span class='ocr_line' id='line_1_15' title="bbox 504 1560 2093 1634; baseline -0.001 -16"><span class='ocrx_word' id='word_1_103' title='bbox 504 1577 591 1618; x_wconf 91' lang='lat' dir='ltr'>me</span> <span class='ocrx_word' id='word_1_104' title='bbox 621 1576 838 1618; x_wconf 88' lang='lat' dir='ltr'>reversa</span> <span class='ocrx_word' id='word_1_105' title='bbox 863 1567 945 1615; x_wconf 90' lang='lat' dir='ltr'>est</span> <span class='ocrx_word' id='word_1_106' title='bbox 982 1560 1206 1626; x_wconf 86' lang='lat' dir='ltr'>sanitas,</span> <span class='ocrx_word' id='word_1_107' title='bbox 1255 1568 1309 1616; x_wconf 93' lang='lat' dir='ltr'>et</span> <span class='ocrx_word' id='word_1_108' title='bbox 1347 1561 1528 1616; x_wconf 90' lang='lat' dir='ltr'>omnis</span> <span class='ocrx_word' id='word_1_109' title='bbox 1557 1578 1587 1616; x_wconf 91' lang='lat' dir='ltr'>a</span> <span class='ocrx_word' id='word_1_110' title='bbox 1617 1577 1703 1616; x_wconf 90' lang='lat' dir='ltr'>me</span> <span class='ocrx_word' id='word_1_111' title='bbox 1733 1570 1812 1617; x_wconf 90' lang='lat' dir='ltr'>est</span> <span class='ocrx_word' id='word_1_112' title='bbox 1841 1562 2093 1634; x_wconf 89' lang='lat' dir='ltr'>protinus</span> 
     </span>
    </p>
   </div>
   <div class='ocr_carea' id='block_1_16' title="bbox 503 1650 2090 1724">
    <p class='ocr_par' dir='ltr' id='par_1_16' title="bbox 503 1650 2090 1724">
     <span class='ocr_line' id='line_1_16' title="bbox 503 1650 2090 1724; baseline -0.001 -16"><span class='ocrx_word' id='word_1_113' title='bbox 503 1651 800 1708; x_wconf 89' lang='lat' dir='ltr'>inﬁrmitas</span> <span class='ocrx_word' id='word_1_114' title='bbox 848 1658 1112 1722; x_wconf 89' lang='lat' dir='ltr'>separata.</span> <span class='ocrx_word' id='word_1_115' title='bbox 1169 1650 1296 1706; x_wconf 68' lang='lat' dir='ltr'>Haec</span> <span class='ocrx_word' id='word_1_116' title='bbox 1340 1650 1529 1707; x_wconf 89' lang='lat' dir='ltr'>audivi</span> <span class='ocrx_word' id='word_1_117' title='bbox 1571 1652 1815 1720; x_wconf 89' lang='lat' dir='ltr'>auribus,</span> <span class='ocrx_word' id='word_1_118' title='bbox 1863 1651 2090 1724; x_wconf 86' lang='lat' dir='ltr'>probavi</span> 
     </span>
    </p>
   </div>
   <div class='ocr_carea' id='block_1_17' title="bbox 504 1739 2092 1815">
    <p class='ocr_par' dir='ltr' id='par_1_17' title="bbox 504 1739 2092 1815">
     <span class='ocr_line' id='line_1_17' title="bbox 504 1739 2092 1815; baseline 0 -17"><span class='ocrx_word' id='word_1_119' title='bbox 504 1742 702 1810; x_wconf 91' lang='lat' dir='ltr'>oculis,</span> <span class='ocrx_word' id='word_1_120' title='bbox 760 1741 927 1800; x_wconf 89' lang='lat' dir='ltr'>corde</span> <span class='ocrx_word' id='word_1_121' title='bbox 985 1739 1228 1808; x_wconf 90' lang='lat' dir='ltr'>credidi;</span> <span class='ocrx_word' id='word_1_122' title='bbox 1289 1749 1532 1814; x_wconf 86' lang='lat' dir='ltr'>superest</span> <span class='ocrx_word' id='word_1_123' title='bbox 1581 1753 1644 1798; x_wconf 87' lang='lat' dir='ltr'>ut</span> <span class='ocrx_word' id='word_1_124' title='bbox 1693 1741 1839 1815; x_wconf 93' lang='lat' dir='ltr'>quod</span> <span class='ocrx_word' id='word_1_125' title='bbox 1886 1741 2092 1798; x_wconf 88' lang='lat' dir='ltr'>fecistis</span> 
     </span>
    </p>
   </div>
   <div class='ocr_carea' id='block_1_18' title="bbox 503 1829 2092 1904">
    <p class='ocr_par' dir='ltr' id='par_1_18' title="bbox 503 1829 2092 1904">
     <span class='ocr_line' id='line_1_18' title="bbox 503 1829 2092 1904; baseline 0 -18"><span class='ocrx_word' id='word_1_126' title='bbox 503 1829 890 1904; x_wconf 91' lang='lat' dir='ltr'>Tranquillino</span> <span class='ocrx_word' id='word_1_127' title='bbox 919 1837 974 1886; x_wconf 93' lang='lat' dir='ltr'>et</span> <span class='ocrx_word' id='word_1_128' title='bbox 1003 1829 1141 1885; x_wconf 90' lang='lat' dir='ltr'>mihi</span> <span class='ocrx_word' id='word_1_129' title='bbox 1172 1829 1407 1900; x_wconf 81' lang='lat' dir='ltr'>faciatis,</span> <span class='ocrx_word' id='word_1_130' title='bbox 1439 1837 1501 1886; x_wconf 92' lang='lat' dir='ltr'>ut</span> <span class='ocrx_word' id='word_1_131' title='bbox 1530 1831 1735 1904; x_wconf 87' lang='lat' dir='ltr'>possim</span> <span class='ocrx_word' id='word_1_132' title='bbox 1765 1833 1874 1887; x_wconf 87' lang='lat' dir='ltr'>mei</span> <span class='ocrx_word' id='word_1_133' title='bbox 1905 1847 2092 1903; x_wconf 83' lang='lat' dir='ltr'>corpo-</span> 
     </span>
    </p>
   </div>
   <div class='ocr_carea' id='block_1_19' title="bbox 501 1919 1190 1993">
    <p class='ocr_par' dir='ltr' id='par_1_19' title="bbox 501 1919 1190 1993">
     <span class='ocr_line' id='line_1_19' title="bbox 501 1919 1190 1993; baseline 0 -16"><span class='ocrx_word' id='word_1_134' title='bbox 501 1921 582 1979; x_wconf 90' lang='lat' dir='ltr'>ris</span> <span class='ocrx_word' id='word_1_135' title='bbox 609 1921 850 1993; x_wconf 88' lang='lat' dir='ltr'>recipere</span> <span class='ocrx_word' id='word_1_136' title='bbox 879 1919 1190 1977; x_wconf 86' lang='lat' dir='ltr'>sanitatem.</span> 
     </span>
    </p>
   </div>
   <div class='ocr_carea' id='block_1_20' title="bbox 573 2007 2096 2082">
    <p class='ocr_par' dir='ltr' id='par_1_20' title="bbox 573 2007 2096 2082">
     <span class='ocr_line' id='line_1_20' title="bbox 573 2007 2096 2082; baseline 0.001 -16"><span class='ocrx_word' id='word_1_137' title='bbox 573 2009 665 2067; x_wconf 81' lang='lat'>50.</span> <span class='ocrx_word' id='word_1_138' title='bbox 701 2009 1037 2082; x_wconf 89' lang='lat' dir='ltr'>Polycarpus</span> <span class='ocrx_word' id='word_1_139' title='bbox 1083 2007 1368 2081; x_wconf 83' lang='lat' dir='ltr'>presbyter</span> <span class='ocrx_word' id='word_1_140' title='bbox 1413 2007 1599 2064; x_wconf 84' lang='lat' dir='ltr'>dixit:</span> <span class='ocrx_word' id='word_1_141' title='bbox 1647 2009 1704 2065; x_wconf 91' lang='lat' dir='ltr'>Si</span> <span class='ocrx_word' id='word_1_142' title='bbox 1753 2017 2096 2067; x_wconf 86' lang='lat' dir='ltr'>transeuntes</span> 
     </span>
    </p>
   </div>
   <div class='ocr_carea' id='block_1_21' title="bbox 502 2095 2095 2169">
    <p class='ocr_par' dir='ltr' id='par_1_21' title="bbox 502 2095 2095 2169">
     <span class='ocr_line' id='line_1_21' title="bbox 502 2095 2095 2169; baseline 0 -15"><span class='ocrx_word' id='word_1_143' title='bbox 502 2097 721 2154; x_wconf 87' lang='lat' dir='ltr'>dolores</span> <span class='ocrx_word' id='word_1_144' title='bbox 765 2097 950 2152; x_wconf 90' lang='lat' dir='ltr'>anima</span> <span class='ocrx_word' id='word_1_145' title='bbox 977 2095 1240 2164; x_wconf 70' lang='lat' dir='ltr'>hominis</span> <span class='ocrx_word' id='word_1_146' title='bbox 1287 2112 1398 2151; x_wconf 89' lang='lat' dir='ltr'>non</span> <span class='ocrx_word' id='word_1_147' title='bbox 1445 2097 1654 2165; x_wconf 75' lang='lat' dir='ltr'>suffert,</span> <span class='ocrx_word' id='word_1_148' title='bbox 1702 2097 1838 2169; x_wconf 88' lang='lat' dir='ltr'>quid</span> <span class='ocrx_word' id='word_1_149' title='bbox 1884 2098 1951 2154; x_wconf 91' lang='lat' dir='ltr'>de</span> <span class='ocrx_word' id='word_1_150' title='bbox 1981 2099 2095 2154; x_wconf 88' lang='lat' dir='ltr'>illis</span> 
     </span>
    </p>
   </div>
   <div class='ocr_carea' id='block_1_22' title="bbox 503 2185 2096 2258">
    <p class='ocr_par' dir='ltr' id='par_1_22' title="bbox 503 2185 2096 2258">
     <span class='ocr_line' id='line_1_22' title="bbox 503 2185 2096 2258; baseline -0.001 -14"><span class='ocrx_word' id='word_1_151' title='bbox 503 2187 790 2244; x_wconf 89' lang='lat' dir='ltr'>doloribus</span> <span class='ocrx_word' id='word_1_152' title='bbox 828 2193 1017 2242; x_wconf 89' lang='lat' dir='ltr'>actura</span> <span class='ocrx_word' id='word_1_153' title='bbox 1043 2193 1146 2253; x_wconf 86' lang='lat' dir='ltr'>est,</span> <span class='ocrx_word' id='word_1_154' title='bbox 1185 2185 1386 2258; x_wconf 89' lang='lat' dir='ltr'>quibus</span> <span class='ocrx_word' id='word_1_155' title='bbox 1415 2187 1602 2242; x_wconf 90' lang='lat' dir='ltr'>nullus</span> <span class='ocrx_word' id='word_1_156' title='bbox 1630 2203 1869 2258; x_wconf 82' lang='lat' dir='ltr'>unquam</span> <span class='ocrx_word' id='word_1_157' title='bbox 1911 2189 2096 2244; x_wconf 82' lang='lat' dir='ltr'>evenit</span> 
     </span>
    </p>
   </div>
   <div class='ocr_carea' id='block_1_23' title="bbox 502 2274 2094 2346">
    <p class='ocr_par' dir='ltr' id='par_1_23' title="bbox 502 2274 2094 2346">
     <span class='ocr_line' id='line_1_23' title="bbox 502 2274 2094 2346; baseline 0 -13"><span class='ocrx_word' id='word_1_158' title='bbox 502 2276 654 2346; x_wconf 90' lang='lat' dir='ltr'>ﬁnis,</span> <span class='ocrx_word' id='word_1_159' title='bbox 684 2276 838 2332; x_wconf 87' lang='lat' dir='ltr'>nulla</span> <span class='ocrx_word' id='word_1_160' title='bbox 879 2275 1042 2331; x_wconf 75' lang='lat' dir='ltr'>datur</span> <span class='ocrx_word' id='word_1_161' title='bbox 1071 2274 1300 2330; x_wconf 90' lang='lat' dir='ltr'>omnino</span> <span class='ocrx_word' id='word_1_162' title='bbox 1333 2276 1651 2332; x_wconf 80' lang='lat' dir='ltr'>successio?</span> <span class='ocrx_word' id='word_1_163' title='bbox 1695 2277 1831 2332; x_wconf 90' lang='lat' dir='ltr'>Nam</span> <span class='ocrx_word' id='word_1_164' title='bbox 1861 2278 1953 2333; x_wconf 87' lang='lat' dir='ltr'>isti</span> <span class='ocrx_word' id='word_1_165' title='bbox 1984 2278 2094 2334; x_wconf 94' lang='lat' dir='ltr'>do-</span> 
     </span>
    </p>
   </div>
   <div class='ocr_carea' id='block_1_24' title="bbox 504 2364 2094 2440">
    <p class='ocr_par' dir='ltr' id='par_1_24' title="bbox 504 2364 2094 2440">
     <span class='ocr_line' id='line_1_24' title="bbox 504 2364 2094 2440; baseline 0 -16"><span class='ocrx_word' id='word_1_166' title='bbox 504 2368 650 2424; x_wconf 92' lang='lat' dir='ltr'>lores</span> <span class='ocrx_word' id='word_1_167' title='bbox 679 2366 903 2422; x_wconf 84' lang='lat' dir='ltr'>illorum</span> <span class='ocrx_word' id='word_1_168' title='bbox 935 2365 1189 2421; x_wconf 89' lang='lat' dir='ltr'>dolorum</span> <span class='ocrx_word' id='word_1_169' title='bbox 1221 2364 1514 2437; x_wconf 85' lang='lat' dir='ltr'>imaginem</span> <span class='ocrx_word' id='word_1_170' title='bbox 1546 2373 1787 2438; x_wconf 88' lang='lat' dir='ltr'>portant,</span> <span class='ocrx_word' id='word_1_171' title='bbox 1827 2375 1881 2423; x_wconf 92' lang='lat' dir='ltr'>et</span> <span class='ocrx_word' id='word_1_172' title='bbox 1907 2383 2094 2440; x_wconf 89' lang='lat' dir='ltr'>quan-</span> 
     </span>
    </p>
   </div>
   <div class='ocr_carea' id='block_1_25' title="bbox 505 2455 2088 2530">
    <p class='ocr_par' dir='ltr' id='par_1_25' title="bbox 505 2455 2088 2530">
     <span class='ocr_line' id='line_1_25' title="bbox 505 2455 2088 2530; baseline 0 -16"><span class='ocrx_word' id='word_1_173' title='bbox 505 2465 627 2515; x_wconf 90' lang='lat' dir='ltr'>tum</span> <span class='ocrx_word' id='word_1_174' title='bbox 669 2455 840 2512; x_wconf 88' lang='lat' dir='ltr'>distat</span> <span class='ocrx_word' id='word_1_175' title='bbox 894 2456 1040 2511; x_wconf 85' lang='lat' dir='ltr'>inter</span> <span class='ocrx_word' id='word_1_176' title='bbox 1088 2455 1271 2527; x_wconf 87' lang='lat' dir='ltr'>ignem</span> <span class='ocrx_word' id='word_1_177' title='bbox 1317 2456 1511 2510; x_wconf 86' lang='lat' dir='ltr'>vivum</span> <span class='ocrx_word' id='word_1_178' title='bbox 1551 2465 1604 2512; x_wconf 90' lang='lat' dir='ltr'>et</span> <span class='ocrx_word' id='word_1_179' title='bbox 1635 2457 1904 2528; x_wconf 75' lang='lat' dir='ltr'>picturam</span> <span class='ocrx_word' id='word_1_180' title='bbox 1952 2457 2088 2530; x_wconf 89' lang='lat' dir='ltr'>ejus,</span> 
     </span>
    </p>
   </div>
   <div class='ocr_carea' id='block_1_26' title="bbox 503 2544 2092 2619">
    <p class='ocr_par' dir='ltr' id='par_1_26' title="bbox 503 2544 2092 2619">
     <span class='ocr_line' id='line_1_26' title="bbox 503 2544 2092 2619; baseline -0.001 -13"><span class='ocrx_word' id='word_1_181' title='bbox 503 2555 718 2606; x_wconf 86' lang='lat' dir='ltr'>tantum</span> <span class='ocrx_word' id='word_1_182' title='bbox 749 2547 919 2605; x_wconf 82' lang='lat' dir='ltr'>distat</span> <span class='ocrx_word' id='word_1_183' title='bbox 964 2545 1110 2601; x_wconf 91' lang='lat' dir='ltr'>inter</span> <span class='ocrx_word' id='word_1_184' title='bbox 1149 2544 1365 2602; x_wconf 88' lang='lat' dir='ltr'>dolores</span> <span class='ocrx_word' id='word_1_185' title='bbox 1393 2561 1530 2618; x_wconf 89' lang='lat' dir='ltr'>quos</span> <span class='ocrx_word' id='word_1_186' title='bbox 1558 2563 1704 2603; x_wconf 90' lang='lat' dir='ltr'>nunc</span> <span class='ocrx_word' id='word_1_187' title='bbox 1733 2547 1939 2619; x_wconf 88' lang='lat' dir='ltr'>patitur</span> <span class='ocrx_word' id='word_1_188' title='bbox 1962 2564 2092 2604; x_wconf 90' lang='lat' dir='ltr'>cor-</span> 
     </span>
    </p>
   </div>
   <div class='ocr_carea' id='block_1_27' title="bbox 503 2635 2094 2710">
    <p class='ocr_par' dir='ltr' id='par_1_27' title="bbox 503 2635 2094 2710">
     <span class='ocr_line' id='line_1_27' title="bbox 503 2635 2094 2710; baseline -0.001 -16"><span class='ocrx_word' id='word_1_189' title='bbox 503 2654 628 2710; x_wconf 87' lang='lat' dir='ltr'>pus,</span> <span class='ocrx_word' id='word_1_190' title='bbox 659 2645 714 2694; x_wconf 92' lang='lat' dir='ltr'>et</span> <span class='ocrx_word' id='word_1_191' title='bbox 736 2637 863 2693; x_wconf 91' lang='lat' dir='ltr'>illos</span> <span class='ocrx_word' id='word_1_192' title='bbox 887 2652 1024 2708; x_wconf 92' lang='lat' dir='ltr'>quos</span> <span class='ocrx_word' id='word_1_193' title='bbox 1051 2635 1236 2690; x_wconf 90' lang='lat' dir='ltr'>anima</span> <span class='ocrx_word' id='word_1_194' title='bbox 1262 2651 1482 2706; x_wconf 89' lang='lat' dir='ltr'>passura</span> <span class='ocrx_word' id='word_1_195' title='bbox 1511 2645 1610 2702; x_wconf 78' lang='lat' dir='ltr'>est,</span> <span class='ocrx_word' id='word_1_196' title='bbox 1642 2636 1687 2691; x_wconf 90' lang='lat' dir='ltr'>si</span> <span class='ocrx_word' id='word_1_197' title='bbox 1719 2635 1906 2707; x_wconf 86' lang='lat' dir='ltr'>ignara</span> <span class='ocrx_word' id='word_1_198' title='bbox 1937 2637 2094 2694; x_wconf 90' lang='lat' dir='ltr'>Crea-</span> 
     </span>
    </p>
   </div>
   <div class='ocr_carea' id='block_1_28' title="bbox 503 2724 2095 2800">
    <p class='ocr_par' dir='ltr' id='par_1_28' title="bbox 503 2724 2095 2800">
     <span class='ocr_line' id='line_1_28' title="bbox 503 2724 2095 2800; baseline -0.002 -16"><span class='ocrx_word' id='word_1_199' title='bbox 503 2727 643 2784; x_wconf 89' lang='lat' dir='ltr'>toris</span> <span class='ocrx_word' id='word_1_200' title='bbox 667 2726 753 2783; x_wconf 92' lang='lat' dir='ltr'>sui</span> <span class='ocrx_word' id='word_1_201' title='bbox 779 2727 1064 2800; x_wconf 65' lang='lat' dir='ltr'>praesentis</span> <span class='ocrx_word' id='word_1_202' title='bbox 1092 2727 1220 2782; x_wconf 79' lang='lat' dir='ltr'>vitae</span> <span class='ocrx_word' id='word_1_203' title='bbox 1251 2724 1565 2796; x_wconf 76' lang='lat' dir='ltr'>impleverit</span> <span class='ocrx_word' id='word_1_204' title='bbox 1594 2741 1792 2780; x_wconf 90' lang='lat' dir='ltr'>munus</span> <span class='ocrx_word' id='word_1_205' title='bbox 1827 2725 2095 2798; x_wconf 87' lang='lat' dir='ltr'>(60).Age</span> 
     </span>
    </p>
   </div>
   <div class='ocr_carea' id='block_1_29' title="bbox 503 2815 2095 2890">
    <p class='ocr_par' dir='ltr' id='par_1_29' title="bbox 503 2815 2095 2890">
     <span class='ocr_line' id='line_1_29' title="bbox 503 2815 2095 2890; baseline 0 -15"><span class='ocrx_word' id='word_1_206' title='bbox 503 2835 632 2890; x_wconf 89' lang='lat' dir='ltr'>ergo</span> <span class='ocrx_word' id='word_1_207' title='bbox 662 2817 950 2876; x_wconf 90' lang='lat' dir='ltr'>nobiscum</span> <span class='ocrx_word' id='word_1_208' title='bbox 983 2817 1134 2890; x_wconf 91' lang='lat' dir='ltr'>prius</span> <span class='ocrx_word' id='word_1_209' title='bbox 1178 2816 1244 2873; x_wconf 93' lang='lat' dir='ltr'>de</span> <span class='ocrx_word' id='word_1_210' title='bbox 1279 2815 1564 2873; x_wconf 91' lang='lat' dir='ltr'>doloribus</span> <span class='ocrx_word' id='word_1_211' title='bbox 1607 2817 1748 2885; x_wconf 90' lang='lat' dir='ltr'>illis,</span> <span class='ocrx_word' id='word_1_212' title='bbox 1786 2824 1839 2873; x_wconf 92' lang='lat' dir='ltr'>et</span> <span class='ocrx_word' id='word_1_213' title='bbox 1880 2825 1997 2873; x_wconf 85' lang='lat' dir='ltr'>esto</span> <span class='ocrx_word' id='word_1_214' title='bbox 2027 2818 2095 2875; x_wconf 90' lang='lat' dir='ltr'>de</span> 
     </span>
    </p>
   </div>
   <div class='ocr_carea' id='block_1_30' title="bbox 505 2905 2095 2981">
    <p class='ocr_par' dir='ltr' id='par_1_30' title="bbox 505 2905 2095 2981">
     <span class='ocr_line' id='line_1_30' title="bbox 505 2905 2095 2981; baseline 0 -16"><span class='ocrx_word' id='word_1_215' title='bbox 505 2909 604 2968; x_wconf 89' lang='lat' dir='ltr'>illa</span> <span class='ocrx_word' id='word_1_216' title='bbox 628 2925 789 2981; x_wconf 88' lang='lat' dir='ltr'>poena</span> <span class='ocrx_word' id='word_1_217' title='bbox 813 2909 1108 2976; x_wconf 90' lang='lat' dir='ltr'>sollicitus,</span> <span class='ocrx_word' id='word_1_218' title='bbox 1130 2924 1250 2980; x_wconf 64' lang='lat' dir='ltr'>quae</span> <span class='ocrx_word' id='word_1_219' title='bbox 1273 2905 1436 2962; x_wconf 84' lang='lat' dir='ltr'>habet</span> <span class='ocrx_word' id='word_1_220' title='bbox 1461 2907 1642 2980; x_wconf 83' lang='lat' dir='ltr'>ignem</span> <span class='ocrx_word' id='word_1_221' title='bbox 1665 2923 1878 2979; x_wconf 91' lang='lat' dir='ltr'>semper</span> <span class='ocrx_word' id='word_1_222' title='bbox 1904 2907 2095 2965; x_wconf 92' lang='lat' dir='ltr'>arden-</span> 
     </span>
    </p>
   </div>
   <div class='ocr_carea' id='block_1_31' title="bbox 503 2995 1524 3068">
    <p class='ocr_par' dir='ltr' id='par_1_31' title="bbox 503 2995 1524 3068">
     <span class='ocr_line' id='line_1_31' title="bbox 503 2995 1524 3068; baseline -0.004 -13"><span class='ocrx_word' id='word_1_223' title='bbox 503 3007 638 3066; x_wconf 87' lang='lat' dir='ltr'>tem,</span> <span class='ocrx_word' id='word_1_224' title='bbox 659 3005 713 3054; x_wconf 92' lang='lat' dir='ltr'>et</span> <span class='ocrx_word' id='word_1_225' title='bbox 742 3014 982 3054; x_wconf 88' lang='lat' dir='ltr'>vermem</span> <span class='ocrx_word' id='word_1_226' title='bbox 1013 3012 1226 3068; x_wconf 90' lang='lat' dir='ltr'>semper</span> <span class='ocrx_word' id='word_1_227' title='bbox 1253 2995 1524 3052; x_wconf 87' lang='lat' dir='ltr'>edentem.</span> 
     </span>
    </p>
   </div>
   <div class='ocr_carea' id='block_1_32' title="bbox 572 3087 2092 3159">
    <p class='ocr_par' dir='ltr' id='par_1_32' title="bbox 572 3087 2092 3159">
     <span class='ocr_line' id='line_1_32' title="bbox 572 3087 2092 3159; baseline 0.001 -13"><span class='ocrx_word' id='word_1_228' title='bbox 572 3089 663 3146; x_wconf 79' lang='lat'>51.</span> <span class='ocrx_word' id='word_1_229' title='bbox 720 3089 874 3145; x_wconf 91' lang='lat' dir='ltr'>Tunc</span> <span class='ocrx_word' id='word_1_230' title='bbox 938 3087 1289 3146; x_wconf 87' lang='lat' dir='ltr'>Chromatius</span> <span class='ocrx_word' id='word_1_231' title='bbox 1345 3087 1500 3142; x_wconf 90' lang='lat' dir='ltr'>urbis</span> <span class='ocrx_word' id='word_1_232' title='bbox 1551 3088 1736 3144; x_wconf 77' lang='lat' dir='ltr'>Romae</span> <span class='ocrx_word' id='word_1_233' title='bbox 1786 3089 2092 3159; x_wconf 63' lang='lat' dir='ltr'>praafectus,</span> 
     </span>
    </p>
   </div>
   <div class='ocr_carea' id='block_1_33' title="bbox 506 3175 2094 3244">
    <p class='ocr_par' dir='ltr' id='par_1_33' title="bbox 506 3175 2094 3244">
     <span class='ocr_line' id='line_1_33' title="bbox 506 3175 2094 3244; baseline 0 -8"><span class='ocrx_word' id='word_1_234' title='bbox 506 3195 636 3236; x_wconf 91' lang='lat' dir='ltr'>cum</span> <span class='ocrx_word' id='word_1_235' title='bbox 669 3177 838 3234; x_wconf 91' lang='lat' dir='ltr'>unico</span> <span class='ocrx_word' id='word_1_236' title='bbox 885 3177 1002 3232; x_wconf 91' lang='lat' dir='ltr'>ﬁlio</span> <span class='ocrx_word' id='word_1_237' title='bbox 1043 3193 1143 3232; x_wconf 93' lang='lat' dir='ltr'>suo</span> <span class='ocrx_word' id='word_1_238' title='bbox 1189 3175 1464 3244; x_wconf 84' lang='lat' dir='ltr'>Tiburtio,</span> <span class='ocrx_word' id='word_1_239' title='bbox 1516 3175 1668 3232; x_wconf 91' lang='lat' dir='ltr'>dedit</span> <span class='ocrx_word' id='word_1_240' title='bbox 1705 3192 1905 3233; x_wconf 90' lang='lat' dir='ltr'>nomen</span> <span class='ocrx_word' id='word_1_241' title='bbox 1933 3195 2094 3235; x_wconf 91' lang='lat' dir='ltr'>suum</span> 
     </span>
    </p>
   </div>
   <div class='ocr_carea' id='block_1_34' title="bbox 2203 665 3809 740">
    <p class='ocr_par' dir='ltr' id='par_1_34' title="bbox 2203 665 3809 740">
     <span class='ocr_line' id='line_1_34' title="bbox 2203 665 3809 740; baseline 0 -18"><span class='ocrx_word' id='word_1_242' title='bbox 2203 684 2344 723; x_wconf 83' lang='lat' dir='ltr'>unus</span> <span class='ocrx_word' id='word_1_243' title='bbox 2371 676 2426 722; x_wconf 93' lang='lat' dir='ltr'>et</span> <span class='ocrx_word' id='word_1_244' title='bbox 2451 684 2613 723; x_wconf 78' lang='lat' dir='ltr'>verus</span> <span class='ocrx_word' id='word_1_245' title='bbox 2650 667 2812 724; x_wconf 82' lang='lat' dir='ltr'>Deus.</span> <span class='ocrx_word' id='word_1_246' title='bbox 2856 667 2911 724; x_wconf 94' lang='lat' dir='ltr'>S.</span> <span class='ocrx_word' id='word_1_247' title='bbox 2962 666 3312 724; x_wconf 87' lang='lat' dir='ltr'>Sebastianus</span> <span class='ocrx_word' id='word_1_248' title='bbox 3350 665 3649 740; x_wconf 88' lang='lat' dir='ltr'>respondit</span> <span class='ocrx_word' id='word_1_249' title='bbox 3685 685 3698 724; x_wconf 88' lang='lat'>:</span> <span class='ocrx_word' id='word_1_250' title='bbox 3751 666 3809 722; x_wconf 92' lang='lat' dir='ltr'>Si</span> 
     </span>
    </p>
   </div>
   <div class='ocr_carea' id='block_1_35' title="bbox 2203 755 3809 830">
    <p class='ocr_par' dir='ltr' id='par_1_35' title="bbox 2203 755 3809 830">
     <span class='ocr_line' id='line_1_35' title="bbox 2203 755 3809 830; baseline 0 -18"><span class='ocrx_word' id='word_1_251' title='bbox 2203 773 2418 812; x_wconf 87' lang='lat' dir='ltr'>servum</span> <span class='ocrx_word' id='word_1_252' title='bbox 2448 764 2604 812; x_wconf 88' lang='lat' dir='ltr'>tuum</span> <span class='ocrx_word' id='word_1_253' title='bbox 2631 758 2699 814; x_wconf 92' lang='lat' dir='ltr'>ad</span> <span class='ocrx_word' id='word_1_254' title='bbox 2729 756 3083 814; x_wconf 89' lang='lat' dir='ltr'>hauriendam</span> <span class='ocrx_word' id='word_1_255' title='bbox 3131 773 3324 830; x_wconf 91' lang='lat' dir='ltr'>aquam</span> <span class='ocrx_word' id='word_1_256' title='bbox 3369 757 3613 825; x_wconf 89' lang='lat' dir='ltr'>miseris,</span> <span class='ocrx_word' id='word_1_257' title='bbox 3669 755 3809 812; x_wconf 87' lang='lat' dir='ltr'>dum</span> 
     </span>
    </p>
   </div>
   <div class='ocr_carea' id='block_1_36' title="bbox 2203 845 3812 920">
    <p class='ocr_par' dir='ltr' id='par_1_36' title="bbox 2203 845 3812 920">
     <span class='ocr_line' id='line_1_36' title="bbox 2203 845 3812 920; baseline -0.001 -18"><span class='ocrx_word' id='word_1_258' title='bbox 2203 847 2270 902; x_wconf 87' lang='lat' dir='ltr'>ad</span> <span class='ocrx_word' id='word_1_259' title='bbox 2300 847 2504 902; x_wconf 86' lang='lat' dir='ltr'>fontem</span> <span class='ocrx_word' id='word_1_260' title='bbox 2548 847 2780 916; x_wconf 87' lang='lat' dir='ltr'>venerit,</span> <span class='ocrx_word' id='word_1_261' title='bbox 2827 847 3024 920; x_wconf 90' lang='lat' dir='ltr'>aspicit</span> <span class='ocrx_word' id='word_1_262' title='bbox 3063 848 3216 920; x_wconf 91' lang='lat' dir='ltr'>prius</span> <span class='ocrx_word' id='word_1_263' title='bbox 3262 863 3331 902; x_wconf 91' lang='lat' dir='ltr'>ne</span> <span class='ocrx_word' id='word_1_264' title='bbox 3377 846 3569 903; x_wconf 88' lang='lat' dir='ltr'>sordes</span> <span class='ocrx_word' id='word_1_265' title='bbox 3601 845 3812 919; x_wconf 73' lang='lat' dir='ltr'>aliqua</span> 
     </span>
    </p>
   </div>
   <div class='ocr_carea' id='block_1_37' title="bbox 2203 934 3811 1010">
    <p class='ocr_par' dir='ltr' id='par_1_37' title="bbox 2203 934 3811 1010">
     <span class='ocr_line' id='line_1_37' title="bbox 2203 934 3811 1010; baseline -0.001 -18"><span class='ocrx_word' id='word_1_266' title='bbox 2203 937 2352 993; x_wconf 89' lang='lat' dir='ltr'>intus</span> <span class='ocrx_word' id='word_1_267' title='bbox 2382 939 2582 994; x_wconf 85' lang='lat' dir='ltr'>lateant</span> <span class='ocrx_word' id='word_1_268' title='bbox 2606 938 2663 992; x_wconf 91' lang='lat' dir='ltr'>in</span> <span class='ocrx_word' id='word_1_269' title='bbox 2692 939 2900 1010; x_wconf 86' lang='lat' dir='ltr'>lagena,</span> <span class='ocrx_word' id='word_1_270' title='bbox 2932 945 2986 993; x_wconf 86' lang='lat' dir='ltr'>et</span> <span class='ocrx_word' id='word_1_271' title='bbox 3013 953 3124 993; x_wconf 91' lang='lat' dir='ltr'>non</span> <span class='ocrx_word' id='word_1_272' title='bbox 3153 945 3234 993; x_wconf 91' lang='lat' dir='ltr'>est</span> <span class='ocrx_word' id='word_1_273' title='bbox 3279 953 3444 992; x_wconf 89' lang='lat' dir='ltr'>ausus</span> <span class='ocrx_word' id='word_1_274' title='bbox 3491 951 3706 1009; x_wconf 86' lang='lat' dir='ltr'>aquam</span> <span class='ocrx_word' id='word_1_275' title='bbox 3751 934 3811 990; x_wconf 91' lang='lat' dir='ltr'>in</span> 
     </span>
    </p>
   </div>
   <div class='ocr_carea' id='block_1_38' title="bbox 2203 1025 3813 1096">
    <p class='ocr_par' dir='ltr' id='par_1_38' title="bbox 2203 1025 3813 1096">
     <span class='ocr_line' id='line_1_38' title="bbox 2203 1025 3813 1096; baseline -0.001 -14"><span class='ocrx_word' id='word_1_276' title='bbox 2203 1044 2299 1083; x_wconf 79' lang='lat' dir='ltr'>vas</span> <span class='ocrx_word' id='word_1_277' title='bbox 2329 1027 2564 1096; x_wconf 89' lang='lat' dir='ltr'>mittere,</span> <span class='ocrx_word' id='word_1_278' title='bbox 2596 1027 2704 1083; x_wconf 90' lang='lat' dir='ltr'>nisi</span> <span class='ocrx_word' id='word_1_279' title='bbox 2736 1027 3058 1085; x_wconf 91' lang='lat' dir='ltr'>mundatum</span> <span class='ocrx_word' id='word_1_280' title='bbox 3088 1043 3120 1082; x_wconf 93' lang='lat' dir='ltr'>a</span> <span class='ocrx_word' id='word_1_281' title='bbox 3148 1025 3403 1082; x_wconf 90' lang='lat' dir='ltr'>sordibus</span> <span class='ocrx_word' id='word_1_282' title='bbox 3423 1025 3670 1094; x_wconf 90' lang='lat' dir='ltr'>viderit;</span> <span class='ocrx_word' id='word_1_283' title='bbox 3707 1040 3813 1081; x_wconf 90' lang='lat' dir='ltr'>nos</span> 
     </span>
    </p>
   </div>
   <div class='ocr_carea' id='block_1_39' title="bbox 2203 1113 3810 1188">
    <p class='ocr_par' dir='ltr' id='par_1_39' title="bbox 2203 1113 3810 1188">
     <span class='ocr_line' id='line_1_39' title="bbox 2203 1113 3810 1188; baseline 0 -17"><span class='ocrx_word' id='word_1_284' title='bbox 2203 1116 2306 1172; x_wconf 87' lang='lat' dir='ltr'>tibi</span> <span class='ocrx_word' id='word_1_285' title='bbox 2338 1115 2612 1188; x_wconf 91' lang='lat' dir='ltr'>quomodo</span> <span class='ocrx_word' id='word_1_286' title='bbox 2651 1115 2952 1188; x_wconf 86' lang='lat' dir='ltr'>poterimus</span> <span class='ocrx_word' id='word_1_287' title='bbox 2995 1115 3208 1172; x_wconf 90' lang='lat' dir='ltr'>tradere</span> <span class='ocrx_word' id='word_1_288' title='bbox 3261 1115 3471 1170; x_wconf 88' lang='lat' dir='ltr'>fontem</span> <span class='ocrx_word' id='word_1_289' title='bbox 3519 1113 3810 1182; x_wconf 86' lang='lat' dir='ltr'>veritatis,</span> 
     </span>
    </p>
   </div>
   <div class='ocr_carea' id='block_1_40' title="bbox 2203 1203 3814 1278">
    <p class='ocr_par' dir='ltr' id='par_1_40' title="bbox 2203 1203 3814 1278">
     <span class='ocr_line' id='line_1_40' title="bbox 2203 1203 3814 1278; baseline -0.001 -17"><span class='ocrx_word' id='word_1_290' title='bbox 2203 1206 2311 1262; x_wconf 91' lang='lat' dir='ltr'>nisi</span> <span class='ocrx_word' id='word_1_291' title='bbox 2368 1205 2520 1278; x_wconf 90' lang='lat' dir='ltr'>prius</span> <span class='ocrx_word' id='word_1_292' title='bbox 2574 1215 2627 1261; x_wconf 90' lang='lat' dir='ltr'>te</span> <span class='ocrx_word' id='word_1_293' title='bbox 2676 1205 2746 1261; x_wconf 92' lang='lat' dir='ltr'>ab</span> <span class='ocrx_word' id='word_1_294' title='bbox 2800 1205 3057 1261; x_wconf 90' lang='lat' dir='ltr'>omnibus</span> <span class='ocrx_word' id='word_1_295' title='bbox 3114 1204 3389 1260; x_wconf 87' lang='lat' dir='ltr'>idolorum</span> <span class='ocrx_word' id='word_1_296' title='bbox 3440 1203 3715 1260; x_wconf 90' lang='lat' dir='ltr'>sordibus</span> <span class='ocrx_word' id='word_1_297' title='bbox 3759 1211 3814 1259; x_wconf 88' lang='lat' dir='ltr'>et</span> 
     </span>
    </p>
   </div>
   <div class='ocr_carea' id='block_1_41' title="bbox 2203 1291 3814 1368">
    <p class='ocr_par' dir='ltr' id='par_1_41' title="bbox 2203 1291 3814 1368">
     <span class='ocr_line' id='line_1_41' title="bbox 2203 1291 3814 1368; baseline -0.002 -17"><span class='ocrx_word' id='word_1_298' title='bbox 2203 1295 2550 1368; x_wconf 90' lang='lat' dir='ltr'>squaloribus</span> <span class='ocrx_word' id='word_1_299' title='bbox 2579 1295 2773 1351; x_wconf 88' lang='lat' dir='ltr'>feceris</span> <span class='ocrx_word' id='word_1_300' title='bbox 2799 1296 3041 1351; x_wconf 90' lang='lat' dir='ltr'>alienum</span> <span class='ocrx_word' id='word_1_301' title='bbox 3063 1295 3092 1351; x_wconf 82' lang='lat'><strong>?</strong></span> <span class='ocrx_word' id='word_1_302' title='bbox 3123 1293 3476 1352; x_wconf 85' lang='lat' dir='ltr'>Chromatius</span> <span class='ocrx_word' id='word_1_303' title='bbox 3504 1292 3665 1348; x_wconf 80' lang='lat' dir='ltr'>dixit</span> <span class='ocrx_word' id='word_1_304' title='bbox 3696 1310 3709 1348; x_wconf 95' lang='lat'>:</span> <span class='ocrx_word' id='word_1_305' title='bbox 3742 1291 3814 1347; x_wconf 88' lang='lat' dir='ltr'>Et</span> 
     </span>
    </p>
   </div>
   <div class='ocr_carea' id='block_1_42' title="bbox 2204 1381 3814 1460">
    <p class='ocr_par' dir='ltr' id='par_1_42' title="bbox 2204 1381 3814 1460">
     <span class='ocr_line' id='line_1_42' title="bbox 2204 1381 3814 1460; baseline -0.002 -19"><span class='ocrx_word' id='word_1_306' title='bbox 2204 1403 2314 1460; x_wconf 91' lang='lat' dir='ltr'>quo</span> <span class='ocrx_word' id='word_1_307' title='bbox 2353 1386 2544 1442; x_wconf 91' lang='lat' dir='ltr'>ordine</span> <span class='ocrx_word' id='word_1_308' title='bbox 2593 1385 2807 1442; x_wconf 89' lang='lat' dir='ltr'>alienus</span> <span class='ocrx_word' id='word_1_309' title='bbox 2843 1385 2983 1442; x_wconf 85' lang='lat' dir='ltr'>eﬂici</span> <span class='ocrx_word' id='word_1_310' title='bbox 3029 1393 3220 1458; x_wconf 90' lang='lat' dir='ltr'>potero</span> <span class='ocrx_word' id='word_1_311' title='bbox 3249 1382 3316 1440; x_wconf 88' lang='lat' dir='ltr'>ab</span> <span class='ocrx_word' id='word_1_312' title='bbox 3344 1382 3483 1440; x_wconf 80' lang='lat' dir='ltr'>his?</span> <span class='ocrx_word' id='word_1_313' title='bbox 3529 1382 3586 1439; x_wconf 90' lang='lat' dir='ltr'>S.</span> <span class='ocrx_word' id='word_1_314' title='bbox 3645 1381 3814 1439; x_wconf 84' lang='lat' dir='ltr'>Seba-</span> 
     </span>
    </p>
   </div>
   <div class='ocr_carea' id='block_1_43' title="bbox 2203 1471 3812 1548">
    <p class='ocr_par' dir='ltr' id='par_1_43' title="bbox 2203 1471 3812 1548">
     <span class='ocr_line' id='line_1_43' title="bbox 2203 1471 3812 1548; baseline -0.004 -15"><span class='ocrx_word' id='word_1_315' title='bbox 2203 1478 2417 1533; x_wconf 84' lang='lat' dir='ltr'>stianus</span> <span class='ocrx_word' id='word_1_316' title='bbox 2445 1477 2616 1532; x_wconf 85' lang='lat' dir='ltr'>dixit:</span> <span class='ocrx_word' id='word_1_317' title='bbox 2654 1477 2734 1532; x_wconf 93' lang='lat' dir='ltr'>Da</span> <span class='ocrx_word' id='word_1_318' title='bbox 2762 1475 2922 1532; x_wconf 90' lang='lat' dir='ltr'>nobis</span> <span class='ocrx_word' id='word_1_319' title='bbox 2949 1483 3270 1548; x_wconf 89' lang='lat' dir='ltr'>potestatem</span> <span class='ocrx_word' id='word_1_320' title='bbox 3309 1481 3371 1529; x_wconf 92' lang='lat' dir='ltr'>ut</span> <span class='ocrx_word' id='word_1_321' title='bbox 3407 1473 3599 1529; x_wconf 90' lang='lat' dir='ltr'>omnia</span> <span class='ocrx_word' id='word_1_322' title='bbox 3632 1471 3812 1540; x_wconf 88' lang='lat' dir='ltr'>idola,</span> 
     </span>
    </p>
   </div>
   <div class='ocr_carea' id='block_1_44' title="bbox 2204 1563 3812 1639">
    <p class='ocr_par' dir='ltr' id='par_1_44' title="bbox 2204 1563 3812 1639">
     <span class='ocr_line' id='line_1_44' title="bbox 2204 1563 3812 1639; baseline -0.002 -18"><span class='ocrx_word' id='word_1_323' title='bbox 2204 1583 2325 1639; x_wconf 66' lang='lat' dir='ltr'>quae</span> <span class='ocrx_word' id='word_1_324' title='bbox 2353 1566 2410 1620; x_wconf 91' lang='lat' dir='ltr'>in</span> <span class='ocrx_word' id='word_1_325' title='bbox 2444 1565 2609 1621; x_wconf 91' lang='lat' dir='ltr'>domo</span> <span class='ocrx_word' id='word_1_326' title='bbox 2658 1564 3055 1634; x_wconf 90' lang='lat' dir='ltr'>invenerimus,</span> <span class='ocrx_word' id='word_1_327' title='bbox 3099 1564 3313 1636; x_wconf 87' lang='lat' dir='ltr'>lapidea</span> <span class='ocrx_word' id='word_1_328' title='bbox 3357 1563 3812 1635; x_wconf 82' lang='lat' dir='ltr'>confringamus,</span> 
     </span>
    </p>
   </div>
   <div class='ocr_carea' id='block_1_45' title="bbox 2203 1653 3816 1727">
    <p class='ocr_par' dir='ltr' id='par_1_45' title="bbox 2203 1653 3816 1727">
     <span class='ocr_line' id='line_1_45' title="bbox 2203 1653 3816 1727; baseline -0.002 -17"><span class='ocrx_word' id='word_1_329' title='bbox 2203 1656 2382 1727; x_wconf 87' lang='lat' dir='ltr'>lignea</span> <span class='ocrx_word' id='word_1_330' title='bbox 2409 1654 2785 1725; x_wconf 88' lang='lat' dir='ltr'>incendamus,</span> <span class='ocrx_word' id='word_1_331' title='bbox 2813 1671 2974 1711; x_wconf 90' lang='lat' dir='ltr'>aurea</span> <span class='ocrx_word' id='word_1_332' title='bbox 3003 1664 3057 1711; x_wconf 92' lang='lat' dir='ltr'>et</span> <span class='ocrx_word' id='word_1_333' title='bbox 3093 1661 3346 1727; x_wconf 91' lang='lat' dir='ltr'>argentea</span> <span class='ocrx_word' id='word_1_334' title='bbox 3371 1653 3458 1710; x_wconf 88' lang='lat' dir='ltr'>vel</span> <span class='ocrx_word' id='word_1_335' title='bbox 3498 1667 3647 1708; x_wconf 71' lang='lat' dir='ltr'>aerea</span> <span class='ocrx_word' id='word_1_336' title='bbox 3682 1667 3816 1708; x_wconf 86' lang='lat' dir='ltr'>con-</span> 
     </span>
    </p>
   </div>
   <div class='ocr_carea' id='block_1_46' title="bbox 2205 1747 3816 1825">
    <p class='ocr_par' dir='ltr' id='par_1_46' title="bbox 2205 1747 3816 1825">
     <span class='ocr_line' id='line_1_46' title="bbox 2205 1747 3816 1825; baseline -0.002 -19"><span class='ocrx_word' id='word_1_337' title='bbox 2205 1751 2417 1820; x_wconf 84' lang='lat' dir='ltr'>ﬁemus,</span> <span class='ocrx_word' id='word_1_338' title='bbox 2447 1761 2501 1808; x_wconf 91' lang='lat' dir='ltr'>et</span> <span class='ocrx_word' id='word_1_339' title='bbox 2530 1753 2703 1825; x_wconf 92' lang='lat' dir='ltr'>pretia</span> <span class='ocrx_word' id='word_1_340' title='bbox 2732 1769 2921 1808; x_wconf 92' lang='lat' dir='ltr'>eorum</span> <span class='ocrx_word' id='word_1_341' title='bbox 2949 1751 3233 1824; x_wconf 80' lang='lat' dir='ltr'>egentibus</span> <span class='ocrx_word' id='word_1_342' title='bbox 3262 1749 3602 1807; x_wconf 88' lang='lat' dir='ltr'>dividamus.</span> <span class='ocrx_word' id='word_1_343' title='bbox 3635 1747 3816 1807; x_wconf 56' lang='lat' dir='ltr'>Chroc</span> 
     </span>
    </p>
   </div>
   <div class='ocr_carea' id='block_1_47' title="bbox 2205 1836 3817 1913">
    <p class='ocr_par' dir='ltr' id='par_1_47' title="bbox 2205 1836 3817 1913">
     <span class='ocr_line' id='line_1_47' title="bbox 2205 1836 3817 1913; baseline -0.001 -18"><span class='ocrx_word' id='word_1_344' title='bbox 2205 1841 2406 1897; x_wconf 90' lang='lat' dir='ltr'>matius</span> <span class='ocrx_word' id='word_1_345' title='bbox 2448 1841 2642 1898; x_wconf 80' lang='lat' dir='ltr'>dixit:</span> <span class='ocrx_word' id='word_1_346' title='bbox 2691 1843 2764 1898; x_wconf 90' lang='lat' dir='ltr'>Et</span> <span class='ocrx_word' id='word_1_347' title='bbox 2805 1859 2930 1900; x_wconf 90' lang='lat' dir='ltr'>cum</span> <span class='ocrx_word' id='word_1_348' title='bbox 2981 1842 3097 1899; x_wconf 64' lang='lat' dir='ltr'>hac</span> <span class='ocrx_word' id='word_1_349' title='bbox 3151 1841 3412 1910; x_wconf 89' lang='lat' dir='ltr'>feceritis,</span> <span class='ocrx_word' id='word_1_350' title='bbox 3469 1839 3614 1896; x_wconf 90' lang='lat' dir='ltr'>mihi</span> <span class='ocrx_word' id='word_1_351' title='bbox 3674 1836 3817 1913; x_wconf 79' lang='lat' dir='ltr'>quid</span> 
     </span>
    </p>
   </div>
   <div class='ocr_carea' id='block_1_48' title="bbox 2119 1930 3813 1996">
    <p class='ocr_par' dir='ltr' id='par_1_48' title="bbox 2119 1930 3813 1996">
     <span class='ocr_line' id='line_1_48' title="bbox 2119 1930 3813 1996; baseline -0.001 -5"><span class='ocrx_word' id='word_1_352' title='bbox 2119 1930 2166 1991; x_wconf 90' lang='lat' dir='ltr'><strong>B</strong></span> <span class='ocrx_word' id='word_1_353' title='bbox 2199 1935 2412 1994; x_wconf 88' lang='lat' dir='ltr'>fructus</span> <span class='ocrx_word' id='word_1_354' title='bbox 2455 1937 2724 1996; x_wconf 83' lang='lat' dir='ltr'>accedet?</span> <span class='ocrx_word' id='word_1_355' title='bbox 2777 1937 2832 1995; x_wconf 92' lang='lat' dir='ltr'>S.</span> <span class='ocrx_word' id='word_1_356' title='bbox 2891 1937 3243 1995; x_wconf 89' lang='lat' dir='ltr'>Sebastianus</span> <span class='ocrx_word' id='word_1_357' title='bbox 3289 1935 3476 1993; x_wconf 81' lang='lat' dir='ltr'>dixit:</span> <span class='ocrx_word' id='word_1_358' title='bbox 3531 1935 3813 1994; x_wconf 88' lang='lat' dir='ltr'>Omnium</span> 
     </span>
    </p>
   </div>
   <div class='ocr_carea' id='block_1_49' title="bbox 2204 2026 3814 2102">
    <p class='ocr_par' dir='ltr' id='par_1_49' title="bbox 2204 2026 3814 2102">
     <span class='ocr_line' id='line_1_49' title="bbox 2204 2026 3814 2102; baseline 0.001 -22"><span class='ocrx_word' id='word_1_359' title='bbox 2204 2042 2501 2082; x_wconf 86' lang='lat' dir='ltr'>nervorum</span> <span class='ocrx_word' id='word_1_360' title='bbox 2553 2027 2669 2100; x_wconf 80' lang='lat'>(62)</span> <span class='ocrx_word' id='word_1_361' title='bbox 2725 2035 2972 2099; x_wconf 88' lang='lat' dir='ltr'>tuorum,</span> <span class='ocrx_word' id='word_1_362' title='bbox 3029 2043 3264 2102; x_wconf 90' lang='lat' dir='ltr'>quorum</span> <span class='ocrx_word' id='word_1_363' title='bbox 3320 2026 3638 2084; x_wconf 87' lang='lat' dir='ltr'>nodositate</span> <span class='ocrx_word' id='word_1_364' title='bbox 3683 2041 3814 2083; x_wconf 86' lang='lat' dir='ltr'>con-</span> 
     </span>
    </p>
   </div>
   <div class='ocr_carea' id='block_1_50' title="bbox 2203 2111 3814 2191">
    <p class='ocr_par' dir='ltr' id='par_1_50' title="bbox 2203 2111 3814 2191">
     <span class='ocr_line' id='line_1_50' title="bbox 2203 2111 3814 2191; baseline 0 -21"><span class='ocrx_word' id='word_1_365' title='bbox 2203 2115 2506 2187; x_wconf 84' lang='lat' dir='ltr'>stringeris,</span> <span class='ocrx_word' id='word_1_366' title='bbox 2541 2118 2725 2174; x_wconf 86' lang='lat' dir='ltr'>statim</span> <span class='ocrx_word' id='word_1_367' title='bbox 2775 2117 3128 2191; x_wconf 91' lang='lat' dir='ltr'>consequeris</span> <span class='ocrx_word' id='word_1_368' title='bbox 3173 2116 3494 2184; x_wconf 88' lang='lat' dir='ltr'>sanitatem;</span> <span class='ocrx_word' id='word_1_369' title='bbox 3543 2122 3604 2172; x_wconf 83' lang='lat' dir='ltr'>et</span> <span class='ocrx_word' id='word_1_370' title='bbox 3652 2111 3814 2188; x_wconf 84' lang='lat' dir='ltr'>quasi</span> 
     </span>
    </p>
   </div>
   <div class='ocr_carea' id='block_1_51' title="bbox 2202 2205 3815 2282">
    <p class='ocr_par' dir='ltr' id='par_1_51' title="bbox 2202 2205 3815 2282">
     <span class='ocr_line' id='line_1_51' title="bbox 2202 2205 3815 2282; baseline 0.001 -21"><span class='ocrx_word' id='word_1_371' title='bbox 2202 2207 2296 2278; x_wconf 86' lang='lat' dir='ltr'>qui</span> <span class='ocrx_word' id='word_1_372' title='bbox 2327 2223 2608 2282; x_wconf 87' lang='lat' dir='ltr'>nunquam</span> <span class='ocrx_word' id='word_1_373' title='bbox 2635 2208 2898 2277; x_wconf 92' lang='lat' dir='ltr'>dolueris,</span> <span class='ocrx_word' id='word_1_374' title='bbox 2950 2209 3028 2265; x_wconf 92' lang='lat' dir='ltr'>ita</span> <span class='ocrx_word' id='word_1_375' title='bbox 3069 2207 3300 2282; x_wconf 88' lang='lat' dir='ltr'>pedibus</span> <span class='ocrx_word' id='word_1_376' title='bbox 3327 2209 3440 2265; x_wconf 91' lang='lat' dir='ltr'>tuis</span> <span class='ocrx_word' id='word_1_377' title='bbox 3468 2222 3702 2266; x_wconf 85' lang='lat' dir='ltr'>currere</span> <span class='ocrx_word' id='word_1_378' title='bbox 3731 2205 3815 2262; x_wconf 85' lang='lat' dir='ltr'>in-</span> 
     </span>
    </p>
   </div>
   <div class='ocr_carea' id='block_1_52' title="bbox 2200 2291 3814 2370">
    <p class='ocr_par' dir='ltr' id='par_1_52' title="bbox 2200 2291 3814 2370">
     <span class='ocr_line' id='line_1_52' title="bbox 2200 2291 3814 2370; baseline -0.001 -21"><span class='ocrx_word' id='word_1_379' title='bbox 2200 2295 2391 2366; x_wconf 88' lang='lat' dir='ltr'>cipies,</span> <span class='ocrx_word' id='word_1_380' title='bbox 2422 2305 2476 2352; x_wconf 84' lang='lat' dir='ltr'>et</span> <span class='ocrx_word' id='word_1_381' title='bbox 2499 2313 2790 2368; x_wconf 81' lang='lat' dir='ltr'>agnoscere</span> <span class='ocrx_word' id='word_1_382' title='bbox 2829 2297 2976 2370; x_wconf 90' lang='lat' dir='ltr'>quod</span> <span class='ocrx_word' id='word_1_383' title='bbox 3019 2297 3276 2354; x_wconf 89' lang='lat' dir='ltr'>inimicos</span> <span class='ocrx_word' id='word_1_384' title='bbox 3307 2305 3416 2353; x_wconf 73' lang='lat' dir='ltr'>tute</span> <span class='ocrx_word' id='word_1_385' title='bbox 3445 2294 3650 2352; x_wconf 86' lang='lat' dir='ltr'>salutis</span> <span class='ocrx_word' id='word_1_386' title='bbox 3679 2291 3814 2370; x_wconf 84' lang='lat' dir='ltr'>deos</span> 
     </span>
    </p>
   </div>
   <div class='ocr_carea' id='block_1_53' title="bbox 2200 2368 3812 2458">
    <p class='ocr_par' dir='ltr' id='par_1_53' title="bbox 2200 2368 3812 2458">
     <span class='ocr_line' id='line_1_53' title="bbox 2200 2368 3812 2458; baseline 0 -20"><span class='ocrx_word' id='word_1_387' title='bbox 2200 2382 2462 2440; x_wconf 84' lang='lat' dir='ltr'>dilexeris</span> <span class='ocrx_word' id='word_1_388' title='bbox 2502 2385 2653 2456; x_wconf 87' lang='lat'>(63);</span> <span class='ocrx_word' id='word_1_389' title='bbox 2690 2368 2862 2442; x_wconf 75' lang='lat' dir='ltr'>tuum</span> <span class='ocrx_word' id='word_1_390' title='bbox 2877 2403 3010 2442; x_wconf 91' lang='lat' dir='ltr'>vero</span> <span class='ocrx_word' id='word_1_391' title='bbox 3043 2393 3322 2458; x_wconf 90' lang='lat' dir='ltr'>parentem</span> <span class='ocrx_word' id='word_1_392' title='bbox 3354 2384 3504 2442; x_wconf 93' lang='lat' dir='ltr'>hunc</span> <span class='ocrx_word' id='word_1_393' title='bbox 3531 2399 3684 2452; x_wconf 88' lang='lat' dir='ltr'>esse,</span> <span class='ocrx_word' id='word_1_394' title='bbox 3717 2368 3812 2456; x_wconf 85' lang='lat' dir='ltr'>qui</span> 
     </span>
    </p>
   </div>
   <div class='ocr_carea' id='block_1_54' title="bbox 2199 2473 3810 2546">
    <p class='ocr_par' dir='ltr' id='par_1_54' title="bbox 2199 2473 3810 2546">
     <span class='ocr_line' id='line_1_54' title="bbox 2199 2473 3810 2546; baseline 0.003 -19"><span class='ocrx_word' id='word_1_395' title='bbox 2199 2479 2274 2541; x_wconf 90' lang='lat' dir='ltr'>te,</span> <span class='ocrx_word' id='word_1_396' title='bbox 2302 2474 2486 2529; x_wconf 90' lang='lat' dir='ltr'>statim</span> <span class='ocrx_word' id='word_1_397' title='bbox 2516 2483 2578 2530; x_wconf 92' lang='lat' dir='ltr'>ut</span> <span class='ocrx_word' id='word_1_398' title='bbox 2607 2473 2724 2546; x_wconf 89' lang='lat' dir='ltr'>ejus</span> <span class='ocrx_word' id='word_1_399' title='bbox 2752 2473 3006 2530; x_wconf 89' lang='lat' dir='ltr'>notitiam</span> <span class='ocrx_word' id='word_1_400' title='bbox 3037 2482 3201 2546; x_wconf 91' lang='lat' dir='ltr'>atque</span> <span class='ocrx_word' id='word_1_401' title='bbox 3245 2475 3523 2530; x_wconf 90' lang='lat' dir='ltr'>culturam</span> <span class='ocrx_word' id='word_1_402' title='bbox 3569 2474 3810 2532; x_wconf 84' lang='lat' dir='ltr'>invene-</span> 
     </span>
    </p>
   </div>
   <div class='ocr_carea' id='block_1_55' title="bbox 2201 2563 2903 2629">
    <p class='ocr_par' dir='ltr' id='par_1_55' title="bbox 2201 2563 2903 2629">
     <span class='ocr_line' id='line_1_55' title="bbox 2201 2563 2903 2629; baseline 0.004 -12"><span class='ocrx_word' id='word_1_403' title='bbox 2201 2563 2296 2629; x_wconf 92' lang='lat' dir='ltr'>ris,</span> <span class='ocrx_word' id='word_1_404' title='bbox 2328 2570 2598 2619; x_wconf 86' lang='lat' dir='ltr'>restaurat</span> <span class='ocrx_word' id='word_1_405' title='bbox 2624 2571 2679 2619; x_wconf 91' lang='lat' dir='ltr'>et</span> <span class='ocrx_word' id='word_1_406' title='bbox 2710 2565 2903 2620; x_wconf 83' lang='lat' dir='ltr'>salvat.</span> 
     </span>
    </p>
   </div>
   <div class='ocr_carea' id='block_1_56' title="bbox 2271 2650 3815 2726">
    <p class='ocr_par' dir='ltr' id='par_1_56' title="bbox 2271 2650 3815 2726">
     <span class='ocr_line' id='line_1_56' title="bbox 2271 2650 3815 2726; baseline 0.001 -18"><span class='ocrx_word' id='word_1_407' title='bbox 2271 2650 2360 2708; x_wconf 86' lang='lat'>53.</span> <span class='ocrx_word' id='word_1_408' title='bbox 2418 2651 2767 2709; x_wconf 89' lang='lat' dir='ltr'>Chromatius</span> <span class='ocrx_word' id='word_1_409' title='bbox 2820 2652 2967 2708; x_wconf 80' lang='lat' dir='ltr'>dixit</span> <span class='ocrx_word' id='word_1_410' title='bbox 3007 2669 3020 2710; x_wconf 96' lang='lat'>:</span> <span class='ocrx_word' id='word_1_411' title='bbox 3078 2652 3260 2710; x_wconf 89' lang='lat' dir='ltr'>Nolite</span> <span class='ocrx_word' id='word_1_412' title='bbox 3314 2653 3702 2726; x_wconf 87' lang='lat' dir='ltr'>vosmetipsos</span> <span class='ocrx_word' id='word_1_413' title='bbox 3749 2652 3815 2710; x_wconf 89' lang='lat' dir='ltr'>ad</span> 
     </span>
    </p>
   </div>
   <div class='ocr_carea' id='block_1_57' title="bbox 2201 2739 3814 2816">
    <p class='ocr_par' dir='ltr' id='par_1_57' title="bbox 2201 2739 3814 2816">
     <span class='ocr_line' id='line_1_57' title="bbox 2201 2739 3814 2816; baseline 0.002 -20"><span class='ocrx_word' id='word_1_414' title='bbox 2201 2739 2345 2797; x_wconf 91' lang='lat' dir='ltr'>hanc</span> <span class='ocrx_word' id='word_1_415' title='bbox 2392 2739 2652 2812; x_wconf 88' lang='lat' dir='ltr'>injuriam</span> <span class='ocrx_word' id='word_1_416' title='bbox 2683 2741 2999 2814; x_wconf 90' lang='lat' dir='ltr'>deponere:</span> <span class='ocrx_word' id='word_1_417' title='bbox 3057 2742 3151 2799; x_wconf 88' lang='lat' dir='ltr'>sed</span> <span class='ocrx_word' id='word_1_418' title='bbox 3197 2743 3370 2799; x_wconf 90' lang='lat' dir='ltr'>servis</span> <span class='ocrx_word' id='word_1_419' title='bbox 3423 2743 3563 2799; x_wconf 90' lang='lat' dir='ltr'>meis</span> <span class='ocrx_word' id='word_1_420' title='bbox 3620 2743 3814 2816; x_wconf 74' lang='lat' dir='ltr'>praeci-</span> 
     </span>
    </p>
   </div>
   <div class='ocr_carea' id='block_1_58' title="bbox 2203 2830 3817 2904">
    <p class='ocr_par' dir='ltr' id='par_1_58' title="bbox 2203 2830 3817 2904">
     <span class='ocr_line' id='line_1_58' title="bbox 2203 2830 3817 2904; baseline 0.003 -20"><span class='ocrx_word' id='word_1_421' title='bbox 2203 2830 2382 2902; x_wconf 90' lang='lat' dir='ltr'>piam;</span> <span class='ocrx_word' id='word_1_422' title='bbox 2413 2838 2467 2886; x_wconf 90' lang='lat' dir='ltr'>et</span> <span class='ocrx_word' id='word_1_423' title='bbox 2511 2830 2617 2902; x_wconf 90' lang='lat' dir='ltr'>ipsi</span> <span class='ocrx_word' id='word_1_424' title='bbox 2660 2831 2919 2887; x_wconf 85' lang='lat' dir='ltr'>universa</span> <span class='ocrx_word' id='word_1_425' title='bbox 2953 2831 3323 2904; x_wconf 89' lang='lat' dir='ltr'>confringent.</span> <span class='ocrx_word' id='word_1_426' title='bbox 3359 2830 3414 2888; x_wconf 89' lang='lat' dir='ltr'>S.</span> <span class='ocrx_word' id='word_1_427' title='bbox 3447 2831 3817 2890; x_wconf 88' lang='lat' dir='ltr'>Sebastianus</span> 
     </span>
    </p>
   </div>
   <div class='ocr_carea' id='block_1_59' title="bbox 2203 2917 3810 2995">
    <p class='ocr_par' dir='ltr' id='par_1_59' title="bbox 2203 2917 3810 2995">
     <span class='ocr_line' id='line_1_59' title="bbox 2203 2917 3810 2995; baseline 0.002 -21"><span class='ocrx_word' id='word_1_428' title='bbox 2203 2917 2392 2974; x_wconf 89' lang='lat' dir='ltr'>dixit:</span> <span class='ocrx_word' id='word_1_429' title='bbox 2444 2919 2612 2975; x_wconf 91' lang='lat' dir='ltr'>Dubii</span> <span class='ocrx_word' id='word_1_430' title='bbox 2657 2927 2711 2976; x_wconf 92' lang='lat' dir='ltr'>et</span> <span class='ocrx_word' id='word_1_431' title='bbox 2751 2919 2935 2976; x_wconf 84' lang='lat' dir='ltr'>timidi</span> <span class='ocrx_word' id='word_1_432' title='bbox 2975 2928 3028 2978; x_wconf 90' lang='lat' dir='ltr'>et</span> <span class='ocrx_word' id='word_1_433' title='bbox 3068 2920 3318 2978; x_wconf 89' lang='lat' dir='ltr'>inﬁdeles</span> <span class='ocrx_word' id='word_1_434' title='bbox 3347 2922 3392 2978; x_wconf 91' lang='lat' dir='ltr'>si</span> <span class='ocrx_word' id='word_1_435' title='bbox 3429 2936 3492 2978; x_wconf 88' lang='lat' dir='ltr'>ea</span> <span class='ocrx_word' id='word_1_436' title='bbox 3518 2922 3810 2995; x_wconf 79' lang='lat' dir='ltr'>confrege-</span> 
     </span>
    </p>
   </div>
   <div class='ocr_carea' id='block_1_60' title="bbox 2204 3008 3810 3084">
    <p class='ocr_par' dir='ltr' id='par_1_60' title="bbox 2204 3008 3810 3084">
     <span class='ocr_line' id='line_1_60' title="bbox 2204 3008 3810 3084; baseline 0.002 -22"><span class='ocrx_word' id='word_1_437' title='bbox 2204 3008 2588 3072; x_wconf 84' lang='lat' dir='ltr'>rint,inveniet</span> <span class='ocrx_word' id='word_1_438' title='bbox 2612 3009 2864 3066; x_wconf 89' lang='lat' dir='ltr'>diabolus</span> <span class='ocrx_word' id='word_1_439' title='bbox 2893 3027 2988 3082; x_wconf 90' lang='lat' dir='ltr'>per</span> <span class='ocrx_word' id='word_1_440' title='bbox 3009 3026 3391 3084; x_wconf 87' lang='lat' dir='ltr'>quamcunque</span> <span class='ocrx_word' id='word_1_441' title='bbox 3411 3010 3810 3083; x_wconf 79' lang='lat' dir='ltr'>negligentiam</span> 
     </span>
    </p>
   </div>
   <div class='ocr_carea' id='block_1_61' title="bbox 2204 3100 3809 3170">
    <p class='ocr_par' dir='ltr' id='par_1_61' title="bbox 2204 3100 3809 3170">
     <span class='ocr_line' id='line_1_61' title="bbox 2204 3100 3809 3170; baseline 0.001 -15"><span class='ocrx_word' id='word_1_442' title='bbox 2204 3115 2394 3155; x_wconf 91' lang='lat' dir='ltr'>eorum</span> <span class='ocrx_word' id='word_1_443' title='bbox 2423 3100 2766 3156; x_wconf 89' lang='lat' dir='ltr'>occasionem</span> <span class='ocrx_word' id='word_1_444' title='bbox 2795 3100 3030 3156; x_wconf 58' lang='lat' dir='ltr'>ledendi</span> <span class='ocrx_word' id='word_1_445' title='bbox 3077 3117 3192 3170; x_wconf 90' lang='lat' dir='ltr'>eos,</span> <span class='ocrx_word' id='word_1_446' title='bbox 3237 3108 3292 3157; x_wconf 89' lang='lat' dir='ltr'>et</span> <span class='ocrx_word' id='word_1_447' title='bbox 3342 3100 3529 3157; x_wconf 91' lang='lat' dir='ltr'>statim</span> <span class='ocrx_word' id='word_1_448' title='bbox 3570 3108 3643 3157; x_wconf 88' lang='lat' dir='ltr'>ut</span> <span class='ocrx_word' id='word_1_449' title='bbox 3692 3100 3809 3158; x_wconf 73' lang='lat' dir='ltr'>ltesi</span> 
     </span>
    </p>
   </div>
   <div class='ocr_carea' id='block_1_62' title="bbox 2205 3187 3809 3264">
    <p class='ocr_par' dir='ltr' id='par_1_62' title="bbox 2205 3187 3809 3264">
     <span class='ocr_line' id='line_1_62' title="bbox 2205 3187 3809 3264; baseline 0.004 -21"><span class='ocrx_word' id='word_1_450' title='bbox 2205 3187 2436 3258; x_wconf 89' lang='lat' dir='ltr'>fuerint,</span> <span class='ocrx_word' id='word_1_451' title='bbox 2467 3188 2652 3246; x_wconf 90' lang='lat' dir='ltr'>dicent</span> <span class='ocrx_word' id='word_1_452' title='bbox 2697 3191 2968 3260; x_wconf 88' lang='lat' dir='ltr'>inﬁdeles,</span> <span class='ocrx_word' id='word_1_453' title='bbox 3014 3202 3299 3264; x_wconf 91' lang='lat' dir='ltr'>propterea</span> <span class='ocrx_word' id='word_1_454' title='bbox 3345 3207 3438 3247; x_wconf 92' lang='lat' dir='ltr'>eos</span> <span class='ocrx_word' id='word_1_455' title='bbox 3481 3191 3646 3249; x_wconf 67' lang='lat' dir='ltr'>laesos</span> <span class='ocrx_word' id='word_1_456' title='bbox 3693 3207 3809 3249; x_wconf 86' lang='lat' dir='ltr'>esse</span> 
     </span>
    </p>
   </div>
   <div class='ocr_carea' id='block_1_63' title="bbox 504 3266 3800 3360">
    <p class='ocr_par' dir='ltr' id='par_1_63' title="bbox 504 3266 3800 3360">
     <span class='ocr_line' id='line_1_63' title="bbox 504 3266 3800 3360; baseline 0.002 -32"><span class='ocrx_word' id='word_1_457' title='bbox 504 3267 694 3360; x_wconf 86' lang='lat' dir='ltr'>dicens</span> <span class='ocrx_word' id='word_1_458' title='bbox 726 3287 740 3326; x_wconf 91' lang='lat'>:</span> <span class='ocrx_word' id='word_1_459' title='bbox 797 3269 860 3324; x_wconf 91' lang='lat' dir='ltr'>In</span> <span class='ocrx_word' id='word_1_460' title='bbox 891 3267 997 3360; x_wconf 87' lang='lat' dir='ltr'>hoc</span> <span class='ocrx_word' id='word_1_461' title='bbox 1023 3266 1090 3324; x_wconf 93' lang='lat' dir='ltr'>de</span> <span class='ocrx_word' id='word_1_462' title='bbox 1110 3267 1225 3360; x_wconf 70' lang='lat' dir='ltr'>ﬁde</span> <span class='ocrx_word' id='word_1_463' title='bbox 1269 3283 1389 3322; x_wconf 90' lang='lat' dir='ltr'>mea</span> <span class='ocrx_word' id='word_1_464' title='bbox 1423 3276 1615 3360; x_wconf 70' lang='lat' dir='ltr'>certos</span> <span class='ocrx_word' id='word_1_465' title='bbox 1633 3285 1732 3360; x_wconf 83' lang='lat' dir='ltr'>vos</span> <span class='ocrx_word' id='word_1_466' title='bbox 1752 3285 1875 3360; x_wconf 83' lang='lat' dir='ltr'>esse</span> <span class='ocrx_word' id='word_1_467' title='bbox 1899 3287 2094 3328; x_wconf 84' lang='lat' dir='ltr'>conve-</span> <span class='ocrx_word' id='word_1_468' title='bbox 2126 3299 2169 3360; x_wconf 71' lang='grc' dir='ltr'><strong>ρ</strong></span> <span class='ocrx_word' id='word_1_469' title='bbox 2205 3279 2334 3352; x_wconf 84' lang='lat' dir='ltr'>quia</span> <span class='ocrx_word' id='word_1_470' title='bbox 2363 3279 2510 3335; x_wconf 90' lang='lat' dir='ltr'>idola</span> <span class='ocrx_word' id='word_1_471' title='bbox 2538 3281 2942 3353; x_wconf 85' lang='lat' dir='ltr'>confregerunt.</span> <span class='ocrx_word' id='word_1_472' title='bbox 2976 3281 3093 3339; x_wconf 89' lang='lat' dir='ltr'>Nisi</span> <span class='ocrx_word' id='word_1_473' title='bbox 3124 3282 3271 3338; x_wconf 92' lang='lat' dir='ltr'>enim</span> <span class='ocrx_word' id='word_1_474' title='bbox 3304 3282 3532 3338; x_wconf 81' lang='lat' dir='ltr'>loricam</span> <span class='ocrx_word' id='word_1_475' title='bbox 3561 3280 3800 3350; x_wconf 87' lang='lat' dir='ltr'>habens,</span> 
     </span>
    </p>
   </div>
   <div class='ocr_carea' id='block_1_64' title="bbox 503 3355 2096 3432">
    <p class='ocr_par' dir='ltr' id='par_1_64' title="bbox 503 3355 2096 3432">
     <span class='ocr_line' id='line_1_64' title="bbox 503 3355 2096 3432; baseline 0.002 -16"><span class='ocrx_word' id='word_1_476' title='bbox 503 3359 613 3429; x_wconf 88' lang='lat' dir='ltr'>nit,</span> <span class='ocrx_word' id='word_1_477' title='bbox 663 3359 722 3414; x_wconf 88' lang='lat' dir='ltr'>in</span> <span class='ocrx_word' id='word_1_478' title='bbox 756 3374 865 3432; x_wconf 90' lang='lat' dir='ltr'>qua</span> <span class='ocrx_word' id='word_1_479' title='bbox 902 3357 1068 3414; x_wconf 90' lang='lat' dir='ltr'>etiam</span> <span class='ocrx_word' id='word_1_480' title='bbox 1098 3355 1274 3412; x_wconf 90' lang='lat' dir='ltr'>ﬁlium</span> <span class='ocrx_word' id='word_1_481' title='bbox 1324 3373 1507 3413; x_wconf 91' lang='lat' dir='ltr'>meum</span> <span class='ocrx_word' id='word_1_482' title='bbox 1558 3357 1933 3416; x_wconf 89' lang='lat' dir='ltr'>Christianum</span> <span class='ocrx_word' id='word_1_483' title='bbox 1978 3361 2096 3419; x_wconf 88' lang='lat' dir='ltr'>ﬁeri</span> 
     </span>
    </p>
   </div>
   <div class='ocr_carea' id='block_1_65' title="bbox 505 3445 2101 3520">
    <p class='ocr_par' dir='ltr' id='par_1_65' title="bbox 505 3445 2101 3520">
     <span class='ocr_line' id='line_1_65' title="bbox 505 3445 2101 3520; baseline 0.001 -14"><span class='ocrx_word' id='word_1_484' title='bbox 505 3464 723 3506; x_wconf 90' lang='lat' dir='ltr'>mecum</span> <span class='ocrx_word' id='word_1_485' title='bbox 754 3455 974 3520; x_wconf 88' lang='lat' dir='ltr'>exopto.</span> <span class='ocrx_word' id='word_1_486' title='bbox 1026 3447 1082 3503; x_wconf 91' lang='lat' dir='ltr'>S.</span> <span class='ocrx_word' id='word_1_487' title='bbox 1113 3445 1466 3503; x_wconf 86' lang='lat' dir='ltr'>Sebastianus</span> <span class='ocrx_word' id='word_1_488' title='bbox 1493 3447 1640 3503; x_wconf 80' lang='lat' dir='ltr'>dixit</span> <span class='ocrx_word' id='word_1_489' title='bbox 1667 3466 1678 3504; x_wconf 91' lang='lat'>:</span> <span class='ocrx_word' id='word_1_490' title='bbox 1717 3447 1858 3505; x_wconf 86' lang='lat' dir='ltr'>Vide</span> <span class='ocrx_word' id='word_1_491' title='bbox 1887 3465 1957 3505; x_wconf 90' lang='lat' dir='ltr'>ne</span> <span class='ocrx_word' id='word_1_492' title='bbox 1985 3451 2101 3507; x_wconf 92' lang='lat' dir='ltr'>sola</span> 
     </span>
    </p>
   </div>
   <div class='ocr_carea' id='block_1_66' title="bbox 507 3535 2098 3610">
    <p class='ocr_par' dir='ltr' id='par_1_66' title="bbox 507 3535 2098 3610">
     <span class='ocr_line' id='line_1_66' title="bbox 507 3535 2098 3610; baseline -0.001 -14"><span class='ocrx_word' id='word_1_493' title='bbox 507 3538 918 3610; x_wconf 90' lang='lat' dir='ltr'>recuperatione</span> <span class='ocrx_word' id='word_1_494' title='bbox 966 3536 1048 3592; x_wconf 92' lang='lat' dir='ltr'>tui</span> <span class='ocrx_word' id='word_1_495' title='bbox 1087 3535 1334 3608; x_wconf 89' lang='lat' dir='ltr'>corporis</span> <span class='ocrx_word' id='word_1_496' title='bbox 1379 3535 1578 3594; x_wconf 89' lang='lat' dir='ltr'>ductus</span> <span class='ocrx_word' id='word_1_497' title='bbox 1625 3546 1677 3594; x_wconf 83' lang='lat' dir='ltr'>te</span> <span class='ocrx_word' id='word_1_498' title='bbox 1723 3537 2098 3595; x_wconf 91' lang='lat' dir='ltr'>Christianum</span> 
     </span>
    </p>
   </div>
   <div class='ocr_carea' id='block_1_67' title="bbox 506 3624 2098 3698">
    <p class='ocr_par' dir='ltr' id='par_1_67' title="bbox 506 3624 2098 3698">
     <span class='ocr_line' id='line_1_67' title="bbox 506 3624 2098 3698; baseline 0.002 -16"><span class='ocrx_word' id='word_1_499' title='bbox 506 3625 625 3683; x_wconf 88' lang='lat' dir='ltr'>ﬁeri</span> <span class='ocrx_word' id='word_1_500' title='bbox 653 3642 856 3698; x_wconf 84' lang='lat' dir='ltr'>speres,</span> <span class='ocrx_word' id='word_1_501' title='bbox 889 3624 983 3680; x_wconf 91' lang='lat' dir='ltr'>sed</span> <span class='ocrx_word' id='word_1_502' title='bbox 1013 3625 1185 3697; x_wconf 85' lang='lat' dir='ltr'>magis</span> <span class='ocrx_word' id='word_1_503' title='bbox 1214 3643 1306 3698; x_wconf 90' lang='lat' dir='ltr'>spe</span> <span class='ocrx_word' id='word_1_504' title='bbox 1335 3626 1464 3682; x_wconf 74' lang='lat' dir='ltr'>vitae</span> <span class='ocrx_word' id='word_1_505' title='bbox 1493 3633 1713 3682; x_wconf 57' lang='lat' dir='ltr'>aeternae</span> <span class='ocrx_word' id='word_1_506' title='bbox 1742 3627 1909 3684; x_wconf 85' lang='lat' dir='ltr'>facias</span> <span class='ocrx_word' id='word_1_507' title='bbox 1951 3645 2098 3685; x_wconf 81' lang='lat' dir='ltr'>men-</span> 
     </span>
    </p>
   </div>
   <div class='ocr_carea' id='block_1_68' title="bbox 504 3713 2094 3786">
    <p class='ocr_par' dir='ltr' id='par_1_68' title="bbox 504 3713 2094 3786">
     <span class='ocr_line' id='line_1_68' title="bbox 504 3713 2094 3786; baseline 0.003 -16"><span class='ocrx_word' id='word_1_508' title='bbox 504 3721 616 3771; x_wconf 88' lang='lat' dir='ltr'>tem</span> <span class='ocrx_word' id='word_1_509' title='bbox 643 3721 794 3770; x_wconf 88' lang='lat' dir='ltr'>tuam</span> <span class='ocrx_word' id='word_1_510' title='bbox 842 3729 1036 3786; x_wconf 87' lang='lat' dir='ltr'>puram</span> <span class='ocrx_word' id='word_1_511' title='bbox 1080 3713 1148 3769; x_wconf 93' lang='lat' dir='ltr'>ad</span> <span class='ocrx_word' id='word_1_512' title='bbox 1177 3713 1473 3770; x_wconf 85' lang='lat' dir='ltr'>videndam</span> <span class='ocrx_word' id='word_1_513' title='bbox 1522 3715 1789 3771; x_wconf 88' lang='lat' dir='ltr'>rationem</span> <span class='ocrx_word' id='word_1_514' title='bbox 1827 3717 2094 3774; x_wconf 53' lang='lat' dir='ltr'>veritatis.</span> 
     </span>
    </p>
   </div>
   <div class='ocr_carea' id='block_1_69' title="bbox 503 3804 2097 3879">
    <p class='ocr_par' dir='ltr' id='par_1_69' title="bbox 503 3804 2097 3879">
     <span class='ocr_line' id='line_1_69' title="bbox 503 3804 2097 3879; baseline 0.001 -17"><span class='ocrx_word' id='word_1_515' title='bbox 503 3804 622 3862; x_wconf 90' lang='lat' dir='ltr'>Nisi</span> <span class='ocrx_word' id='word_1_516' title='bbox 653 3805 800 3862; x_wconf 92' lang='lat' dir='ltr'>enim</span> <span class='ocrx_word' id='word_1_517' title='bbox 831 3805 1120 3877; x_wconf 86' lang='lat' dir='ltr'>agnoveris</span> <span class='ocrx_word' id='word_1_518' title='bbox 1156 3805 1250 3879; x_wconf 92' lang='lat' dir='ltr'>qui</span> <span class='ocrx_word' id='word_1_519' title='bbox 1279 3805 1351 3860; x_wconf 90' lang='lat' dir='ltr'>sit</span> <span class='ocrx_word' id='word_1_520' title='bbox 1373 3804 1598 3861; x_wconf 91' lang='lat' dir='ltr'>Creator</span> <span class='ocrx_word' id='word_1_521' title='bbox 1625 3813 1772 3873; x_wconf 90' lang='lat' dir='ltr'>tuus,</span> <span class='ocrx_word' id='word_1_522' title='bbox 1810 3823 1918 3862; x_wconf 91' lang='lat' dir='ltr'>non</span> <span class='ocrx_word' id='word_1_523' title='bbox 1950 3815 2097 3878; x_wconf 86' lang='lat' dir='ltr'>pote-</span> 
     </span>
    </p>
   </div>
   <div class='ocr_carea' id='block_1_70' title="bbox 505 3893 2094 3967">
    <p class='ocr_par' dir='ltr' id='par_1_70' title="bbox 505 3893 2094 3967">
     <span class='ocr_line' id='line_1_70' title="bbox 505 3893 2094 3967; baseline -0.001 -16"><span class='ocrx_word' id='word_1_524' title='bbox 505 3895 582 3951; x_wconf 90' lang='lat' dir='ltr'>ris</span> <span class='ocrx_word' id='word_1_525' title='bbox 602 3894 851 3951; x_wconf 84' lang='lat' dir='ltr'>invenire</span> <span class='ocrx_word' id='word_1_526' title='bbox 873 3894 1101 3950; x_wconf 89' lang='lat' dir='ltr'>salutem</span> <span class='ocrx_word' id='word_1_527' title='bbox 1126 3910 1288 3967; x_wconf 90' lang='lat' dir='ltr'>quam</span> <span class='ocrx_word' id='word_1_528' title='bbox 1311 3894 1530 3966; x_wconf 85' lang='lat' dir='ltr'>quaeris.</span> <span class='ocrx_word' id='word_1_529' title='bbox 1550 3893 1901 3951; x_wconf 90' lang='lat' dir='ltr'>Chromatius</span> <span class='ocrx_word' id='word_1_530' title='bbox 1921 3894 2094 3950; x_wconf 84' lang='lat' dir='ltr'>dixit:</span> 
     </span>
    </p>
   </div>
   <div class='ocr_carea' id='block_1_71' title="bbox 502 3982 2098 4056">
    <p class='ocr_par' dir='ltr' id='par_1_71' title="bbox 502 3982 2098 4056">
     <span class='ocr_line' id='line_1_71' title="bbox 502 3982 2098 4056; baseline -0.001 -17"><span class='ocrx_word' id='word_1_531' title='bbox 502 3984 648 4055; x_wconf 89' lang='lat' dir='ltr'>Ergo</span> <span class='ocrx_word' id='word_1_532' title='bbox 678 3991 732 4040; x_wconf 91' lang='lat' dir='ltr'>et</span> <span class='ocrx_word' id='word_1_533' title='bbox 759 3982 996 4039; x_wconf 85' lang='lat' dir='ltr'>rusticos</span> <span class='ocrx_word' id='word_1_534' title='bbox 1024 3992 1078 4040; x_wconf 92' lang='lat' dir='ltr'>et</span> <span class='ocrx_word' id='word_1_535' title='bbox 1108 3983 1548 4056; x_wconf 90' lang='lat' dir='ltr'>simplicissimos</span> <span class='ocrx_word' id='word_1_536' title='bbox 1588 3983 1840 4039; x_wconf 90' lang='lat' dir='ltr'>homines</span> <span class='ocrx_word' id='word_1_537' title='bbox 1877 4000 1989 4039; x_wconf 90' lang='lat' dir='ltr'>non</span> <span class='ocrx_word' id='word_1_538' title='bbox 2018 3984 2098 4038; x_wconf 81' lang='lat' dir='ltr'>vi-</span> 
     </span>
    </p>
   </div>
   <div class='ocr_carea' id='block_1_72' title="bbox 503 4071 2095 4140">
    <p class='ocr_par' dir='ltr' id='par_1_72' title="bbox 503 4071 2095 4140">
     <span class='ocr_line' id='line_1_72' title="bbox 503 4071 2095 4140; baseline -0.003 -10"><span class='ocrx_word' id='word_1_539' title='bbox 503 4072 697 4130; x_wconf 87' lang='lat' dir='ltr'>demus</span> <span class='ocrx_word' id='word_1_540' title='bbox 725 4088 840 4128; x_wconf 90' lang='lat' dir='ltr'>esse</span> <span class='ocrx_word' id='word_1_541' title='bbox 871 4071 1236 4140; x_wconf 84' lang='lat' dir='ltr'>Christianos,</span> <span class='ocrx_word' id='word_1_542' title='bbox 1270 4072 1346 4128; x_wconf 89' lang='lat' dir='ltr'>ita</span> <span class='ocrx_word' id='word_1_543' title='bbox 1376 4080 1437 4128; x_wconf 88' lang='lat' dir='ltr'>ul.</span> <span class='ocrx_word' id='word_1_544' title='bbox 1463 4072 1608 4128; x_wconf 90' lang='lat' dir='ltr'>inter</span> <span class='ocrx_word' id='word_1_545' title='bbox 1639 4073 1790 4128; x_wconf 91' lang='lat' dir='ltr'>mille</span> <span class='ocrx_word' id='word_1_546' title='bbox 1822 4073 1971 4128; x_wconf 91' lang='lat' dir='ltr'>viros</span> <span class='ocrx_word' id='word_1_547' title='bbox 2000 4071 2095 4126; x_wconf 84' lang='lat' dir='ltr'>vix</span> 
     </span>
    </p>
   </div>
   <div class='ocr_carea' id='block_1_73' title="bbox 505 4161 2096 4235">
    <p class='ocr_par' dir='ltr' id='par_1_73' title="bbox 505 4161 2096 4235">
     <span class='ocr_line' id='line_1_73' title="bbox 505 4161 2096 4235; baseline -0.001 -17"><span class='ocrx_word' id='word_1_548' title='bbox 505 4161 758 4218; x_wconf 91' lang='lat' dir='ltr'>invenias</span> <span class='ocrx_word' id='word_1_549' title='bbox 785 4178 957 4216; x_wconf 91' lang='lat' dir='ltr'>unum</span> <span class='ocrx_word' id='word_1_550' title='bbox 981 4162 1074 4234; x_wconf 91' lang='lat' dir='ltr'>qui</span> <span class='ocrx_word' id='word_1_551' title='bbox 1099 4161 1271 4234; x_wconf 83' lang='lat' dir='ltr'>possit</span> <span class='ocrx_word' id='word_1_552' title='bbox 1291 4163 1378 4216; x_wconf 80' lang='lat' dir='ltr'>vel</span> <span class='ocrx_word' id='word_1_553' title='bbox 1397 4179 1712 4218; x_wconf 91' lang='lat' dir='ltr'>sermonum</span> <span class='ocrx_word' id='word_1_554' title='bbox 1746 4162 2096 4235; x_wconf 90' lang='lat' dir='ltr'>disciplinam</span> 
     </span>
    </p>
   </div>
   <div class='ocr_carea' id='block_1_74' title="bbox 504 4249 2096 4325">
    <p class='ocr_par' dir='ltr' id='par_1_74' title="bbox 504 4249 2096 4325">
     <span class='ocr_line' id='line_1_74' title="bbox 504 4249 2096 4325; baseline 0.001 -18"><span class='ocrx_word' id='word_1_555' title='bbox 504 4249 754 4323; x_wconf 87' lang='lat' dir='ltr'>adipisci.</span> <span class='ocrx_word' id='word_1_556' title='bbox 786 4250 1052 4324; x_wconf 88' lang='lat' dir='ltr'>Nunquid</span> <span class='ocrx_word' id='word_1_557' title='bbox 1081 4251 1138 4307; x_wconf 91' lang='lat' dir='ltr'>hi</span> <span class='ocrx_word' id='word_1_558' title='bbox 1161 4268 1350 4308; x_wconf 89' lang='lat' dir='ltr'>omnes</span> <span class='ocrx_word' id='word_1_559' title='bbox 1378 4252 1446 4308; x_wconf 93' lang='lat' dir='ltr'>ad</span> <span class='ocrx_word' id='word_1_560' title='bbox 1478 4253 1636 4308; x_wconf 89' lang='lat' dir='ltr'>istam</span> <span class='ocrx_word' id='word_1_561' title='bbox 1677 4252 2096 4325; x_wconf 88' lang='lat' dir='ltr'>inquisitionem</span> 
     </span>
    </p>
   </div>
   <div class='ocr_carea' id='block_1_75' title="bbox 504 4343 2098 4416">
    <p class='ocr_par' dir='ltr' id='par_1_75' title="bbox 504 4343 2098 4416">
     <span class='ocr_line' id='line_1_75' title="bbox 504 4343 2098 4416; baseline 0 -15"><span class='ocrx_word' id='word_1_562' title='bbox 504 4343 773 4416; x_wconf 85' lang='lat' dir='ltr'>attingere</span> <span class='ocrx_word' id='word_1_563' title='bbox 805 4351 1103 4416; x_wconf 82' lang='lat' dir='ltr'>potuerunt</span> <span class='ocrx_word' id='word_1_564' title='bbox 1131 4343 1263 4400; x_wconf 91' lang='lat' dir='ltr'>dum</span> <span class='ocrx_word' id='word_1_565' title='bbox 1301 4343 1495 4399; x_wconf 89' lang='lat' dir='ltr'>ﬁerent</span> <span class='ocrx_word' id='word_1_566' title='bbox 1541 4343 1892 4402; x_wconf 80' lang='lat' dir='ltr'>Christiani?</span> <span class='ocrx_word' id='word_1_567' title='bbox 1920 4345 1975 4401; x_wconf 93' lang='lat' dir='ltr'>S.</span> <span class='ocrx_word' id='word_1_568' title='bbox 2008 4347 2098 4401; x_wconf 80' lang='lat' dir='ltr'>Se-</span> 
     </span>
    </p>
   </div>
   <div class='ocr_carea' id='block_1_76' title="bbox 507 4433 2098 4508">
    <p class='ocr_par' dir='ltr' id='par_1_76' title="bbox 507 4433 2098 4508">
     <span class='ocr_line' id='line_1_76' title="bbox 507 4433 2098 4508; baseline -0.001 -16"><span class='ocrx_word' id='word_1_569' title='bbox 507 4434 793 4492; x_wconf 87' lang='lat' dir='ltr'>bastianus</span> <span class='ocrx_word' id='word_1_570' title='bbox 835 4433 952 4490; x_wconf 87' lang='lat' dir='ltr'>ait:</span> <span class='ocrx_word' id='word_1_571' title='bbox 995 4434 1110 4490; x_wconf 82' lang='lat' dir='ltr'>Hoc</span> <span class='ocrx_word' id='word_1_572' title='bbox 1137 4449 1456 4506; x_wconf 89' lang='lat' dir='ltr'>responsum</span> <span class='ocrx_word' id='word_1_573' title='bbox 1502 4440 1658 4490; x_wconf 92' lang='lat' dir='ltr'>tuum</span> <span class='ocrx_word' id='word_1_574' title='bbox 1699 4443 1898 4492; x_wconf 70' lang='lat' dir='ltr'>nostrae</span> <span class='ocrx_word' id='word_1_575' title='bbox 1929 4435 2098 4508; x_wconf 89' lang='lat' dir='ltr'>partis</span> 
     </span>
    </p>
   </div>
   <div class='ocr_carea' id='block_1_77' title="bbox 505 4523 2096 4596">
    <p class='ocr_par' dir='ltr' id='par_1_77' title="bbox 505 4523 2096 4596">
     <span class='ocr_line' id='line_1_77' title="bbox 505 4523 2096 4596; baseline -0.001 -16"><span class='ocrx_word' id='word_1_576' title='bbox 505 4523 688 4580; x_wconf 90' lang='lat' dir='ltr'>ﬁrmat</span> <span class='ocrx_word' id='word_1_577' title='bbox 711 4524 829 4596; x_wconf 83' lang='grc'>(61)</span> <span class='ocrx_word' id='word_1_578' title='bbox 859 4523 1234 4580; x_wconf 90' lang='lat' dir='ltr'>assertionem.</span> <span class='ocrx_word' id='word_1_579' title='bbox 1256 4523 1392 4580; x_wconf 90' lang='lat' dir='ltr'>Nam</span> <span class='ocrx_word' id='word_1_580' title='bbox 1417 4523 1486 4579; x_wconf 88' lang='lat' dir='ltr'>ab</span> <span class='ocrx_word' id='word_1_581' title='bbox 1507 4523 1718 4594; x_wconf 82' lang='lat' dir='ltr'>origine</span> <span class='ocrx_word' id='word_1_582' title='bbox 1748 4524 1940 4580; x_wconf 90' lang='lat' dir='ltr'>mundi</span> <span class='ocrx_word' id='word_1_583' title='bbox 1971 4540 2096 4580; x_wconf 92' lang='lat' dir='ltr'>cum</span> 
     </span>
    </p>
   </div>
   <div class='ocr_carea' id='block_1_78' title="bbox 2210 3370 3806 3444">
    <p class='ocr_par' dir='ltr' id='par_1_78' title="bbox 2210 3370 3806 3444">
     <span class='ocr_line' id='line_1_78' title="bbox 2210 3370 3806 3444; baseline 0.001 -18"><span class='ocrx_word' id='word_1_584' title='bbox 2210 3387 2320 3426; x_wconf 93' lang='lat' dir='ltr'>non</span> <span class='ocrx_word' id='word_1_585' title='bbox 2347 3370 2582 3442; x_wconf 86' lang='lat' dir='ltr'>eripitur</span> <span class='ocrx_word' id='word_1_586' title='bbox 2601 3371 2802 3428; x_wconf 88' lang='lat' dir='ltr'>ictibus</span> <span class='ocrx_word' id='word_1_587' title='bbox 2829 3372 3172 3444; x_wconf 79' lang='lat' dir='ltr'>sagittarum.</span> <span class='ocrx_word' id='word_1_588' title='bbox 3197 3372 3363 3428; x_wconf 88' lang='lat' dir='ltr'>Galea</span> <span class='ocrx_word' id='word_1_589' title='bbox 3390 3372 3542 3427; x_wconf 90' lang='lat' dir='ltr'>enim</span> <span class='ocrx_word' id='word_1_590' title='bbox 3561 3380 3622 3429; x_wconf 88' lang='lat' dir='ltr'>et</span> <span class='ocrx_word' id='word_1_591' title='bbox 3649 3381 3806 3429; x_wconf 85' lang='lat' dir='ltr'>scuto</span> 
     </span>
    </p>
   </div>
   <div class='ocr_carea' id='block_1_79' title="bbox 2209 3463 3803 3536">
    <p class='ocr_par' dir='ltr' id='par_1_79' title="bbox 2209 3463 3803 3536">
     <span class='ocr_line' id='line_1_79' title="bbox 2209 3463 3803 3536; baseline 0.002 -19"><span class='ocrx_word' id='word_1_592' title='bbox 2209 3469 2262 3518; x_wconf 87' lang='lat' dir='ltr'>et</span> <span class='ocrx_word' id='word_1_593' title='bbox 2291 3463 2445 3518; x_wconf 86' lang='lat' dir='ltr'>hasta</span> <span class='ocrx_word' id='word_1_594' title='bbox 2471 3465 2648 3520; x_wconf 88' lang='lat' dir='ltr'>utitur</span> <span class='ocrx_word' id='word_1_595' title='bbox 2675 3463 2835 3522; x_wconf 87' lang='lat' dir='ltr'>docta</span> <span class='ocrx_word' id='word_1_596' title='bbox 2860 3480 3053 3520; x_wconf 90' lang='lat' dir='ltr'>manus</span> <span class='ocrx_word' id='word_1_597' title='bbox 3082 3464 3140 3518; x_wconf 92' lang='lat' dir='ltr'>in</span> <span class='ocrx_word' id='word_1_598' title='bbox 3170 3463 3380 3536; x_wconf 70' lang='lat' dir='ltr'>praelio,</span> <span class='ocrx_word' id='word_1_599' title='bbox 3422 3471 3484 3520; x_wconf 90' lang='lat' dir='ltr'>ut</span> <span class='ocrx_word' id='word_1_600' title='bbox 3513 3479 3582 3520; x_wconf 83' lang='lat' dir='ltr'>ex</span> <span class='ocrx_word' id='word_1_601' title='bbox 3623 3463 3803 3521; x_wconf 86' lang='lat' dir='ltr'>muni-</span> 
     </span>
    </p>
   </div>
   <div class='ocr_carea' id='block_1_80' title="bbox 2209 3551 3805 3625">
    <p class='ocr_par' dir='ltr' id='par_1_80' title="bbox 2209 3551 3805 3625">
     <span class='ocr_line' id='line_1_80' title="bbox 2209 3551 3805 3625; baseline -0.001 -16"><span class='ocrx_word' id='word_1_602' title='bbox 2209 3554 2358 3610; x_wconf 89' lang='lat' dir='ltr'>mine</span> <span class='ocrx_word' id='word_1_603' title='bbox 2387 3571 2665 3610; x_wconf 89' lang='lat' dir='ltr'>armorum</span> <span class='ocrx_word' id='word_1_604' title='bbox 2712 3560 2766 3609; x_wconf 93' lang='lat' dir='ltr'>et</span> <span class='ocrx_word' id='word_1_605' title='bbox 2807 3553 3016 3625; x_wconf 89' lang='lat' dir='ltr'>impetu</span> <span class='ocrx_word' id='word_1_606' title='bbox 3060 3551 3294 3608; x_wconf 85' lang='lat' dir='ltr'>feriendi</span> <span class='ocrx_word' id='word_1_607' title='bbox 3344 3561 3586 3609; x_wconf 91' lang='lat' dir='ltr'>assumat</span> <span class='ocrx_word' id='word_1_608' title='bbox 3643 3551 3805 3610; x_wconf 79' lang='lat' dir='ltr'>auda-</span> 
     </span>
    </p>
   </div>
   <div class='ocr_carea' id='block_1_81' title="bbox 2207 3639 3800 3718">
    <p class='ocr_par' dir='ltr' id='par_1_81' title="bbox 2207 3639 3800 3718">
     <span class='ocr_line' id='line_1_81' title="bbox 2207 3639 3800 3718; baseline -0.004 -16"><span class='ocrx_word' id='word_1_609' title='bbox 2207 3644 2368 3713; x_wconf 84' lang='lat' dir='ltr'>ciam,</span> <span class='ocrx_word' id='word_1_610' title='bbox 2398 3653 2454 3702; x_wconf 92' lang='lat' dir='ltr'>et</span> <span class='ocrx_word' id='word_1_611' title='bbox 2483 3653 2632 3718; x_wconf 87' lang='lat' dir='ltr'>terga</span> <span class='ocrx_word' id='word_1_612' title='bbox 2660 3660 2772 3701; x_wconf 91' lang='lat' dir='ltr'>non</span> <span class='ocrx_word' id='word_1_613' title='bbox 2800 3648 2999 3700; x_wconf 87' lang='lat' dir='ltr'>vertat.</span> <span class='ocrx_word' id='word_1_614' title='bbox 3046 3642 3314 3699; x_wconf 91' lang='lat' dir='ltr'>Similiter</span> <span class='ocrx_word' id='word_1_615' title='bbox 3343 3651 3398 3698; x_wconf 91' lang='lat' dir='ltr'>et</span> <span class='ocrx_word' id='word_1_616' title='bbox 3425 3641 3641 3698; x_wconf 87' lang='lat' dir='ltr'>milites</span> <span class='ocrx_word' id='word_1_617' title='bbox 3684 3639 3800 3709; x_wconf 88' lang='lat' dir='ltr'>Dei,</span> 
     </span>
    </p>
   </div>
   <div class='ocr_carea' id='block_1_82' title="bbox 2208 3729 3801 3808">
    <p class='ocr_par' dir='ltr' id='par_1_82' title="bbox 2208 3729 3801 3808">
     <span class='ocr_line' id='line_1_82' title="bbox 2208 3729 3801 3808; baseline -0.004 -16"><span class='ocrx_word' id='word_1_618' title='bbox 2208 3735 2304 3808; x_wconf 90' lang='lat' dir='ltr'>qui</span> <span class='ocrx_word' id='word_1_619' title='bbox 2332 3742 2486 3792; x_wconf 90' lang='lat' dir='ltr'>scuto</span> <span class='ocrx_word' id='word_1_620' title='bbox 2514 3735 2643 3791; x_wconf 90' lang='lat' dir='ltr'>ﬁdei</span> <span class='ocrx_word' id='word_1_621' title='bbox 2673 3735 3022 3802; x_wconf 90' lang='lat' dir='ltr'>muniuntur,</span> <span class='ocrx_word' id='word_1_622' title='bbox 3065 3739 3119 3788; x_wconf 89' lang='lat' dir='ltr'>et</span> <span class='ocrx_word' id='word_1_623' title='bbox 3158 3731 3328 3788; x_wconf 89' lang='lat' dir='ltr'>lorica</span> <span class='ocrx_word' id='word_1_624' title='bbox 3355 3729 3621 3802; x_wconf 89' lang='lat' dir='ltr'>tegminis</span> <span class='ocrx_word' id='word_1_625' title='bbox 3650 3729 3801 3788; x_wconf 90' lang='lat' dir='ltr'>Chri-</span> 
     </span>
    </p>
   </div>
   <div class='ocr_carea' id='block_1_83' title="bbox 2208 3820 3798 3898">
    <p class='ocr_par' dir='ltr' id='par_1_83' title="bbox 2208 3820 3798 3898">
     <span class='ocr_line' id='line_1_83' title="bbox 2208 3820 3798 3898; baseline -0.005 -14"><span class='ocrx_word' id='word_1_626' title='bbox 2208 3827 2278 3884; x_wconf 81' lang='lat' dir='ltr'>sti</span> <span class='ocrx_word' id='word_1_627' title='bbox 2323 3834 2702 3898; x_wconf 87' lang='lat' dir='ltr'>proteguntur,</span> <span class='ocrx_word' id='word_1_628' title='bbox 2761 3823 3023 3880; x_wconf 89' lang='lat' dir='ltr'>habentes</span> <span class='ocrx_word' id='word_1_629' title='bbox 3069 3823 3274 3894; x_wconf 87' lang='lat' dir='ltr'>galeam</span> <span class='ocrx_word' id='word_1_630' title='bbox 3320 3820 3447 3877; x_wconf 90' lang='lat' dir='ltr'>ﬁdei</span> <span class='ocrx_word' id='word_1_631' title='bbox 3486 3827 3542 3876; x_wconf 91' lang='lat' dir='ltr'>et</span> <span class='ocrx_word' id='word_1_632' title='bbox 3583 3820 3798 3886; x_wconf 88' lang='lat' dir='ltr'>salutis,</span> 
     </span>
    </p>
   </div>
   <div class='ocr_carea' id='block_1_84' title="bbox 2208 3909 3798 3988">
    <p class='ocr_par' dir='ltr' id='par_1_84' title="bbox 2208 3909 3798 3988">
     <span class='ocr_line' id='line_1_84' title="bbox 2208 3909 3798 3988; baseline -0.004 -17"><span class='ocrx_word' id='word_1_633' title='bbox 2208 3915 2341 3988; x_wconf 92' lang='lat' dir='ltr'>ipsis</span> <span class='ocrx_word' id='word_1_634' title='bbox 2369 3924 2450 3971; x_wconf 90' lang='lat' dir='ltr'>est</span> <span class='ocrx_word' id='word_1_635' title='bbox 2477 3921 2657 3970; x_wconf 91' lang='lat' dir='ltr'>tutum</span> <span class='ocrx_word' id='word_1_636' title='bbox 2689 3912 2831 3968; x_wconf 91' lang='lat' dir='ltr'>inire</span> <span class='ocrx_word' id='word_1_637' title='bbox 2859 3919 3155 3968; x_wconf 87' lang='lat' dir='ltr'>certamen.</span> <span class='ocrx_word' id='word_1_638' title='bbox 3197 3909 3451 3981; x_wconf 89' lang='lat' dir='ltr'>Pugnant</span> <span class='ocrx_word' id='word_1_639' title='bbox 3475 3910 3628 3965; x_wconf 89' lang='lat' dir='ltr'>enim</span> <span class='ocrx_word' id='word_1_640' title='bbox 3661 3925 3798 3966; x_wconf 85' lang='lat' dir='ltr'>acer-</span> 
     </span>
    </p>
   </div>
   <div class='ocr_carea' id='block_1_85' title="bbox 2207 3997 3798 4071">
    <p class='ocr_par' dir='ltr' id='par_1_85' title="bbox 2207 3997 3798 4071">
     <span class='ocr_line' id='line_1_85' title="bbox 2207 3997 3798 4071; baseline -0.004 -10"><span class='ocrx_word' id='word_1_641' title='bbox 2207 4005 2346 4061; x_wconf 91' lang='lat' dir='ltr'>rime</span> <span class='ocrx_word' id='word_1_642' title='bbox 2392 4011 2446 4060; x_wconf 92' lang='lat' dir='ltr'>et</span> <span class='ocrx_word' id='word_1_643' title='bbox 2492 4003 2710 4058; x_wconf 87' lang='lat' dir='ltr'>fortiter</span> <span class='ocrx_word' id='word_1_644' title='bbox 2743 4001 2996 4068; x_wconf 91' lang='lat' dir='ltr'>vincunt,</span> <span class='ocrx_word' id='word_1_645' title='bbox 3045 3998 3174 4071; x_wconf 90' lang='lat' dir='ltr'>quia</span> <span class='ocrx_word' id='word_1_646' title='bbox 3221 4007 3414 4054; x_wconf 88' lang='lat' dir='ltr'>contra</span> <span class='ocrx_word' id='word_1_647' title='bbox 3459 3997 3798 4055; x_wconf 89' lang='lat' dir='ltr'>invisibilem</span> 
     </span>
    </p>
   </div>
   <div class='ocr_carea' id='block_1_86' title="bbox 2207 4087 3798 4163">
    <p class='ocr_par' dir='ltr' id='par_1_86' title="bbox 2207 4087 3798 4163">
     <span class='ocr_line' id='line_1_86' title="bbox 2207 4087 3798 4163; baseline -0.007 -11"><span class='ocrx_word' id='word_1_648' title='bbox 2207 4096 2419 4152; x_wconf 85' lang='lat' dir='ltr'>hostem</span> <span class='ocrx_word' id='word_1_649' title='bbox 2449 4093 2539 4150; x_wconf 90' lang='lat' dir='ltr'>die</span> <span class='ocrx_word' id='word_1_650' title='bbox 2569 4100 2842 4163; x_wconf 88' lang='lat' dir='ltr'>noctuque</span> <span class='ocrx_word' id='word_1_651' title='bbox 2882 4087 3300 4160; x_wconf 88' lang='lat' dir='ltr'>infatigabiliter</span> <span class='ocrx_word' id='word_1_652' title='bbox 3343 4089 3708 4160; x_wconf 69' lang='lat' dir='ltr'>praeliantur;</span> <span class='ocrx_word' id='word_1_653' title='bbox 3749 4092 3798 4144; x_wconf 92' lang='lat' dir='ltr'>et</span> 
     </span>
    </p>
   </div>
   <div class='ocr_carea' id='block_1_87' title="bbox 2206 4175 3796 4250">
    <p class='ocr_par' dir='ltr' id='par_1_87' title="bbox 2206 4175 3796 4250">
     <span class='ocr_line' id='line_1_87' title="bbox 2206 4175 3796 4250; baseline -0.006 -9"><span class='ocrx_word' id='word_1_654' title='bbox 2206 4191 2335 4241; x_wconf 90' lang='lat' dir='ltr'>sunt</span> <span class='ocrx_word' id='word_1_655' title='bbox 2364 4183 2494 4240; x_wconf 90' lang='lat' dir='ltr'>tecti</span> <span class='ocrx_word' id='word_1_656' title='bbox 2524 4181 2582 4237; x_wconf 93' lang='lat' dir='ltr'>in</span> <span class='ocrx_word' id='word_1_657' title='bbox 2611 4181 2870 4237; x_wconf 90' lang='lat' dir='ltr'>omnibus</span> <span class='ocrx_word' id='word_1_658' title='bbox 2918 4177 3198 4246; x_wconf 91' lang='lat' dir='ltr'>membris,</span> <span class='ocrx_word' id='word_1_659' title='bbox 3231 4175 3339 4233; x_wconf 89' lang='lat' dir='ltr'>ﬁde</span> <span class='ocrx_word' id='word_1_660' title='bbox 3369 4177 3561 4250; x_wconf 88' lang='lat' dir='ltr'>potius</span> <span class='ocrx_word' id='word_1_661' title='bbox 3603 4175 3796 4236; x_wconf 84' lang='lat' dir='ltr'>armati</span> 
     </span>
    </p>
   </div>
   <div class='ocr_carea' id='block_1_88' title="bbox 2207 4266 3794 4348">
    <p class='ocr_par' dir='ltr' id='par_1_88' title="bbox 2207 4266 3794 4348">
     <span class='ocr_line' id='line_1_88' title="bbox 2207 4266 3794 4348; baseline -0.005 -18"><span class='ocrx_word' id='word_1_662' title='bbox 2207 4290 2370 4348; x_wconf 87' lang='lat' dir='ltr'>quam</span> <span class='ocrx_word' id='word_1_663' title='bbox 2399 4273 2562 4328; x_wconf 87' lang='lat' dir='ltr'>ferro.</span> <span class='ocrx_word' id='word_1_664' title='bbox 2595 4269 2944 4329; x_wconf 90' lang='lat' dir='ltr'>Chromatius</span> <span class='ocrx_word' id='word_1_665' title='bbox 2975 4267 3153 4325; x_wconf 82' lang='lat' dir='ltr'>dixit:</span> <span class='ocrx_word' id='word_1_666' title='bbox 3189 4266 3310 4323; x_wconf 90' lang='lat' dir='ltr'>Fiat</span> <span class='ocrx_word' id='word_1_667' title='bbox 3336 4269 3596 4326; x_wconf 87' lang='lat' dir='ltr'>voluntas</span> <span class='ocrx_word' id='word_1_668' title='bbox 3624 4267 3724 4326; x_wconf 92' lang='lat' dir='ltr'>Dei</span> <span class='ocrx_word' id='word_1_669' title='bbox 3746 4272 3794 4324; x_wconf 90' lang='lat' dir='ltr'>et</span> 
     </span>
    </p>
   </div>
   <div class='ocr_carea' id='block_1_89' title="bbox 2207 4357 3794 4434">
    <p class='ocr_par' dir='ltr' id='par_1_89' title="bbox 2207 4357 3794 4434">
     <span class='ocr_line' id='line_1_89' title="bbox 2207 4357 3794 4434; baseline -0.003 -16"><span class='ocrx_word' id='word_1_670' title='bbox 2207 4371 2404 4420; x_wconf 88' lang='lat' dir='ltr'>vestra.</span> <span class='ocrx_word' id='word_1_671' title='bbox 2435 4363 2588 4419; x_wconf 91' lang='lat' dir='ltr'>Tunc</span> <span class='ocrx_word' id='word_1_672' title='bbox 2617 4361 2671 4420; x_wconf 94' lang='lat' dir='ltr'>S.</span> <span class='ocrx_word' id='word_1_673' title='bbox 2701 4361 3034 4434; x_wconf 86' lang='lat' dir='ltr'>Polycarpus</span> <span class='ocrx_word' id='word_1_674' title='bbox 3061 4357 3347 4432; x_wconf 87' lang='lat' dir='ltr'>presbyter</span> <span class='ocrx_word' id='word_1_675' title='bbox 3370 4359 3508 4416; x_wconf 89' lang='lat' dir='ltr'>etB.</span> <span class='ocrx_word' id='word_1_676' title='bbox 3531 4359 3794 4417; x_wconf 85' lang='lat' dir='ltr'>Sebastia-</span> 
     </span>
    </p>
   </div>
   <div class='ocr_carea' id='block_1_90' title="bbox 2206 4450 3792 4528">
    <p class='ocr_par' dir='ltr' id='par_1_90' title="bbox 2206 4450 3792 4528">
     <span class='ocr_line' id='line_1_90' title="bbox 2206 4450 3792 4528; baseline -0.005 -16"><span class='ocrx_word' id='word_1_677' title='bbox 2206 4472 2310 4512; x_wconf 90' lang='lat' dir='ltr'>nus</span> <span class='ocrx_word' id='word_1_678' title='bbox 2352 4453 2744 4528; x_wconf 71' lang='lat' dir='ltr'>praecingentes</span> <span class='ocrx_word' id='word_1_679' title='bbox 2770 4468 2825 4508; x_wconf 91' lang='lat' dir='ltr'>se</span> <span class='ocrx_word' id='word_1_680' title='bbox 2854 4459 3178 4519; x_wconf 86' lang='lat' dir='ltr'>oraverunt;</span> <span class='ocrx_word' id='word_1_681' title='bbox 3223 4456 3278 4506; x_wconf 88' lang='lat' dir='ltr'>et</span> <span class='ocrx_word' id='word_1_682' title='bbox 3320 4459 3446 4522; x_wconf 92' lang='lat' dir='ltr'>post</span> <span class='ocrx_word' id='word_1_683' title='bbox 3491 4450 3792 4510; x_wconf 85' lang='lat' dir='ltr'>orationem</span> 
     </span>
    </p>
   </div>
   <div class='ocr_carea' id='block_1_91' title="bbox 2205 4541 3790 4620">
    <p class='ocr_par' dir='ltr' id='par_1_91' title="bbox 2205 4541 3790 4620">
     <span class='ocr_line' id='line_1_91' title="bbox 2205 4541 3790 4620; baseline -0.002 -17"><span class='ocrx_word' id='word_1_684' title='bbox 2205 4545 2442 4620; x_wconf 88' lang='lat' dir='ltr'>amplius</span> <span class='ocrx_word' id='word_1_685' title='bbox 2457 4561 2616 4620; x_wconf 92' lang='lat' dir='ltr'>quam</span> <span class='ocrx_word' id='word_1_686' title='bbox 2639 4543 2874 4601; x_wconf 90' lang='lat' dir='ltr'>ducenta</span> <span class='ocrx_word' id='word_1_687' title='bbox 2887 4541 3162 4598; x_wconf 92' lang='lat' dir='ltr'>idolorum</span> <span class='ocrx_word' id='word_1_688' title='bbox 3183 4541 3340 4614; x_wconf 89' lang='lat' dir='ltr'>signa</span> <span class='ocrx_word' id='word_1_689' title='bbox 3362 4541 3790 4618; x_wconf 86' lang='lat' dir='ltr'>confringentes,</span> 
     </span>
    </p>
   </div>
   <div class='ocr_carea' id='block_1_92' title="bbox 505 4610 3186 4724">
    <p class='ocr_par' dir='ltr' id='par_1_92' title="bbox 505 4610 3186 4724">
     <span class='ocr_line' id='line_1_92' title="bbox 505 4610 3186 4724; baseline -0.001 -54"><span class='ocrx_word' id='word_1_690' title='bbox 505 4613 765 4670; x_wconf 89' lang='lat' dir='ltr'>ruricolis</span> <span class='ocrx_word' id='word_1_691' title='bbox 797 4619 852 4668; x_wconf 90' lang='lat' dir='ltr'>et</span> <span class='ocrx_word' id='word_1_692' title='bbox 878 4610 1190 4684; x_wconf 87' lang='lat' dir='ltr'>pastoribus</span> <span class='ocrx_word' id='word_1_693' title='bbox 1219 4612 1408 4668; x_wconf 75' lang='lat' dir='ltr'>ovium</span> <span class='ocrx_word' id='word_1_694' title='bbox 1427 4614 1572 4668; x_wconf 89' lang='lat' dir='ltr'>Deus</span> <span class='ocrx_word' id='word_1_695' title='bbox 1593 4611 1786 4668; x_wconf 88' lang='lat' dir='ltr'>habuit</span> <span class='ocrx_word' id='word_1_696' title='bbox 1806 4613 2094 4681; x_wconf 91' lang='lat' dir='ltr'>rationem,</span> <span class='ocrx_word' id='word_1_697' title='bbox 2126 4665 2174 4724; x_wconf 83' lang='lat' dir='ltr'><strong>D</strong></span> <span class='ocrx_word' id='word_1_698' title='bbox 2209 4610 2492 4710; x_wconf 42' lang='lat' dir='ltr'>eueherqu</span> <span class='ocrx_word' id='word_1_699' title='bbox 2516 4634 2714 4708; x_wconf 62' lang='lat' dir='ltr'>gratias</span> <span class='ocrx_word' id='word_1_700' title='bbox 2741 4648 2897 4706; x_wconf 64' lang='lat' dir='ltr'>agere</span> <span class='ocrx_word' id='word_1_701' title='bbox 2925 4633 3037 4689; x_wconf 69' lang='lat' dir='ltr'>Deo</span> <span class='ocrx_word' id='word_1_702' title='bbox 3065 4647 3186 4688; x_wconf 48' lang='lat' dir='ltr'>suo.</span> 
     </span>
     <span class='ocr_line' id='line_1_93' title="bbox 509 4699 2071 4724; baseline 0 0"><span class='ocrx_word' id='word_1_703' title='bbox 509 4707 557 4724; x_wconf 71' lang='grc' dir='ltr'>,ι</span> <span class='ocrx_word' id='word_1_704' title='bbox 587 4699 736 4724; x_wconf 70' lang='grc' dir='ltr'>2--..ι-</span> <span class='ocrx_word' id='word_1_705' title='bbox 772 4699 935 4724; x_wconf 65' lang='grc' dir='ltr'>Ω-Α...</span> <span class='ocrx_word' id='word_1_706' title='bbox 971 4699 1159 4724; x_wconf 60' lang='grc' dir='ltr'>..η--..ΔΖ</span> <span class='ocrx_word' id='word_1_707' title='bbox 1193 4700 1417 4724; x_wconf 63' lang='lat'>-.-_.:....-</span> <span class='ocrx_word' id='word_1_708' title='bbox 1459 4717 1563 4724; x_wconf 62' lang='grc' dir='ltr'>...λη</span> <span class='ocrx_word' id='word_1_709' title='bbox 1602 4701 1758 4724; x_wconf 69' lang='grc' dir='ltr'>,1--ΖΑ</span> <span class='ocrx_word' id='word_1_710' title='bbox 1793 4701 2071 4724; x_wconf 67' lang='grc' dir='ltr'>----.-.-ΑΣ</span> 
     </span>
    </p>
   </div>
   <div class='ocr_carea' id='block_1_93' title="bbox 505 4699 2096 4773">
    <p class='ocr_par' dir='ltr' id='par_1_93' title="bbox 505 4699 2096 4773">
     <span class='ocr_line' id='line_1_94' title="bbox 505 4699 2096 4773; baseline -0.001 -16"><span class='ocrx_word' id='word_1_711' title='bbox 505 4707 560 4757; x_wconf 88' lang='lat' dir='ltr'>et</span> <span class='ocrx_word' id='word_1_712' title='bbox 582 4699 744 4772; x_wconf 80' lang='lat' dir='ltr'>juxta</span> <span class='ocrx_word' id='word_1_713' title='bbox 770 4699 939 4756; x_wconf 87' lang='lat' dir='ltr'>ﬁnem</span> <span class='ocrx_word' id='word_1_714' title='bbox 971 4699 1162 4756; x_wconf 89' lang='lat' dir='ltr'>mundi</span> <span class='ocrx_word' id='word_1_715' title='bbox 1193 4700 1420 4756; x_wconf 88' lang='lat' dir='ltr'>veniens</span> <span class='ocrx_word' id='word_1_716' title='bbox 1458 4717 1567 4756; x_wconf 89' lang='lat' dir='ltr'>non</span> <span class='ocrx_word' id='word_1_717' title='bbox 1598 4701 1761 4773; x_wconf 87' lang='lat' dir='ltr'>elegit</span> <span class='ocrx_word' id='word_1_718' title='bbox 1788 4701 2096 4773; x_wconf 90' lang='lat' dir='ltr'>grammati-</span> 
     </span>
    </p>
   </div>
   <div class='ocr_carea' id='block_1_94' title="bbox 505 4791 2098 4865">
    <p class='ocr_par' dir='ltr' id='par_1_94' title="bbox 505 4791 2098 4865">
     <span class='ocr_line' id='line_1_95' title="bbox 505 4791 2098 4865; baseline -0.001 -16"><span class='ocrx_word' id='word_1_719' title='bbox 505 4807 599 4849; x_wconf 91' lang='lat' dir='ltr'>cos</span> <span class='ocrx_word' id='word_1_720' title='bbox 624 4798 678 4846; x_wconf 88' lang='lat' dir='ltr'>et</span> <span class='ocrx_word' id='word_1_721' title='bbox 703 4797 966 4857; x_wconf 90' lang='lat' dir='ltr'>oratores,</span> <span class='ocrx_word' id='word_1_722' title='bbox 997 4791 1092 4847; x_wconf 91' lang='lat' dir='ltr'>sed</span> <span class='ocrx_word' id='word_1_723' title='bbox 1121 4800 1430 4864; x_wconf 88' lang='lat' dir='ltr'>peccatores</span> <span class='ocrx_word' id='word_1_724' title='bbox 1459 4799 1514 4848; x_wconf 90' lang='lat' dir='ltr'>et</span> <span class='ocrx_word' id='word_1_725' title='bbox 1546 4791 1847 4862; x_wconf 90' lang='lat' dir='ltr'>simplices,</span> <span class='ocrx_word' id='word_1_726' title='bbox 1881 4799 1934 4848; x_wconf 88' lang='lat' dir='ltr'>et</span> <span class='ocrx_word' id='word_1_727' title='bbox 1964 4791 2098 4865; x_wconf 91' lang='lat' dir='ltr'>ipsis</span> 
     </span>
    </p>
   </div>
   <div class='ocr_carea' id='block_1_95' title="bbox 506 4879 1228 4938">
    <p class='ocr_par' dir='ltr' id='par_1_95' title="bbox 506 4879 1228 4938">
     <span class='ocr_line' id='line_1_96' title="bbox 506 4879 1228 4938; baseline 0.001 -2"><span class='ocrx_word' id='word_1_728' title='bbox 506 4879 737 4936; x_wconf 90' lang='lat' dir='ltr'>tradidit</span> <span class='ocrx_word' id='word_1_729' title='bbox 768 4879 1022 4936; x_wconf 88' lang='lat' dir='ltr'>notitiam</span> <span class='ocrx_word' id='word_1_730' title='bbox 1053 4895 1228 4938; x_wconf 90' lang='lat' dir='ltr'>suam.</span> 
     </span>
    </p>
   </div>
   <div class='ocr_carea' id='block_1_96' title="bbox 577 4968 2100 5043">
    <p class='ocr_par' dir='ltr' id='par_1_96' title="bbox 577 4968 2100 5043">
     <span class='ocr_line' id='line_1_97' title="bbox 577 4968 2100 5043; baseline -0.001 -16"><span class='ocrx_word' id='word_1_731' title='bbox 577 4969 667 5027; x_wconf 78' lang='lat'>52.</span> <span class='ocrx_word' id='word_1_732' title='bbox 708 4968 1058 5027; x_wconf 89' lang='lat' dir='ltr'>Chromatius</span> <span class='ocrx_word' id='word_1_733' title='bbox 1085 4969 1272 5025; x_wconf 81' lang='lat' dir='ltr'>dixit:</span> <span class='ocrx_word' id='word_1_734' title='bbox 1321 4968 1434 5028; x_wconf 90' lang='lat' dir='ltr'>Cur</span> <span class='ocrx_word' id='word_1_735' title='bbox 1479 4985 1606 5042; x_wconf 92' lang='lat' dir='ltr'>ergo</span> <span class='ocrx_word' id='word_1_736' title='bbox 1648 4986 1734 5026; x_wconf 91' lang='lat' dir='ltr'>me</span> <span class='ocrx_word' id='word_1_737' title='bbox 1779 4968 1918 5026; x_wconf 92' lang='lat' dir='ltr'>dicis</span> <span class='ocrx_word' id='word_1_738' title='bbox 1947 4968 2100 5043; x_wconf 88' lang='lat' dir='ltr'>prius</span> 
     </span>
    </p>
   </div>
   <div class='ocr_carea' id='block_1_97' title="bbox 505 5057 2098 5134">
    <p class='ocr_par' dir='ltr' id='par_1_97' title="bbox 505 5057 2098 5134">
     <span class='ocr_line' id='line_1_98' title="bbox 505 5057 2098 5134; baseline 0 -18"><span class='ocrx_word' id='word_1_739' title='bbox 505 5057 705 5116; x_wconf 91' lang='lat' dir='ltr'>debere</span> <span class='ocrx_word' id='word_1_740' title='bbox 733 5075 1027 5131; x_wconf 90' lang='lat' dir='ltr'>agnoscere</span> <span class='ocrx_word' id='word_1_741' title='bbox 1065 5059 1189 5132; x_wconf 90' lang='lat' dir='ltr'>quis</span> <span class='ocrx_word' id='word_1_742' title='bbox 1231 5059 1302 5115; x_wconf 93' lang='lat' dir='ltr'>sit</span> <span class='ocrx_word' id='word_1_743' title='bbox 1334 5067 1548 5116; x_wconf 88' lang='lat' dir='ltr'>creator</span> <span class='ocrx_word' id='word_1_744' title='bbox 1577 5078 1751 5129; x_wconf 93' lang='lat' dir='ltr'>meus,</span> <span class='ocrx_word' id='word_1_745' title='bbox 1797 5077 1959 5134; x_wconf 93' lang='lat' dir='ltr'>quem</span> <span class='ocrx_word' id='word_1_746' title='bbox 1990 5061 2098 5116; x_wconf 90' lang='lat' dir='ltr'>nisi</span> 
     </span>
    </p>
   </div>
   <div class='ocr_carea' id='block_1_98' title="bbox 511 5149 2101 5222">
    <p class='ocr_par' dir='ltr' id='par_1_98' title="bbox 511 5149 2101 5222">
     <span class='ocr_line' id='line_1_99' title="bbox 511 5149 2101 5222; baseline -0.001 -16"><span class='ocrx_word' id='word_1_747' title='bbox 511 5149 830 5222; x_wconf 86' lang='lat' dir='ltr'>agnoverim</span> <span class='ocrx_word' id='word_1_748' title='bbox 877 5149 1106 5204; x_wconf 89' lang='lat' dir='ltr'>salutem</span> <span class='ocrx_word' id='word_1_749' title='bbox 1148 5149 1398 5204; x_wconf 90' lang='lat' dir='ltr'>invenire</span> <span class='ocrx_word' id='word_1_750' title='bbox 1441 5166 1551 5205; x_wconf 92' lang='lat' dir='ltr'>non</span> <span class='ocrx_word' id='word_1_751' title='bbox 1597 5150 1800 5220; x_wconf 90' lang='lat' dir='ltr'>possim</span> <span class='ocrx_word' id='word_1_752' title='bbox 1827 5150 1854 5204; x_wconf 75' lang='lat' dir='ltr'>‘I</span> <span class='ocrx_word' id='word_1_753' title='bbox 1907 5150 1964 5206; x_wconf 93' lang='lat' dir='ltr'>S.</span> <span class='ocrx_word' id='word_1_754' title='bbox 1996 5149 2101 5205; x_wconf 92' lang='lat' dir='ltr'>Se-</span> 
     </span>
    </p>
   </div>
   <div class='ocr_carea' id='block_1_99' title="bbox 507 5240 2101 5310">
    <p class='ocr_par' dir='ltr' id='par_1_99' title="bbox 507 5240 2101 5310">
     <span class='ocr_line' id='line_1_100' title="bbox 507 5240 2101 5310; baseline 0.001 -12"><span class='ocrx_word' id='word_1_755' title='bbox 507 5241 789 5299; x_wconf 87' lang='lat' dir='ltr'>bastianus</span> <span class='ocrx_word' id='word_1_756' title='bbox 829 5241 976 5298; x_wconf 87' lang='lat' dir='ltr'>dixit</span> <span class='ocrx_word' id='word_1_757' title='bbox 1010 5259 1022 5298; x_wconf 92' lang='lat'>:</span> <span class='ocrx_word' id='word_1_758' title='bbox 1071 5242 1211 5310; x_wconf 85' lang='lat' dir='ltr'>Quia</span> <span class='ocrx_word' id='word_1_759' title='bbox 1252 5243 1456 5298; x_wconf 88' lang='lat' dir='ltr'>multos</span> <span class='ocrx_word' id='word_1_760' title='bbox 1485 5240 1614 5296; x_wconf 90' lang='lat' dir='ltr'>deos</span> <span class='ocrx_word' id='word_1_761' title='bbox 1643 5249 1697 5296; x_wconf 93' lang='lat' dir='ltr'>et</span> <span class='ocrx_word' id='word_1_762' title='bbox 1743 5243 1945 5298; x_wconf 89' lang='lat' dir='ltr'>multas</span> <span class='ocrx_word' id='word_1_763' title='bbox 1973 5243 2101 5300; x_wconf 90' lang='lat' dir='ltr'>deas</span> 
     </span>
    </p>
   </div>
   <div class='ocr_carea' id='block_1_100' title="bbox 508 5330 2100 5404">
    <p class='ocr_par' dir='ltr' id='par_1_100' title="bbox 508 5330 2100 5404">
     <span class='ocr_line' id='line_1_101' title="bbox 508 5330 2100 5404; baseline -0.001 -15"><span class='ocrx_word' id='word_1_764' title='bbox 508 5333 750 5390; x_wconf 89' lang='lat' dir='ltr'>coluisti.</span> <span class='ocrx_word' id='word_1_765' title='bbox 800 5332 916 5389; x_wconf 92' lang='lat' dir='ltr'>Nisi</span> <span class='ocrx_word' id='word_1_766' title='bbox 961 5349 1090 5404; x_wconf 86' lang='lat' dir='ltr'>ergo</span> <span class='ocrx_word' id='word_1_767' title='bbox 1135 5330 1237 5387; x_wconf 93' lang='lat' dir='ltr'>hos</span> <span class='ocrx_word' id='word_1_768' title='bbox 1266 5348 1298 5386; x_wconf 92' lang='lat' dir='ltr'>a</span> <span class='ocrx_word' id='word_1_769' title='bbox 1339 5331 1502 5388; x_wconf 90' lang='lat' dir='ltr'>corde</span> <span class='ocrx_word' id='word_1_770' title='bbox 1541 5339 1638 5386; x_wconf 89' lang='lat' dir='ltr'>tuo</span> <span class='ocrx_word' id='word_1_771' title='bbox 1679 5333 1999 5400; x_wconf 85' lang='lat' dir='ltr'>excluseris,</span> <span class='ocrx_word' id='word_1_772' title='bbox 2047 5339 2100 5388; x_wconf 91' lang='lat' dir='ltr'>et</span> 
     </span>
    </p>
   </div>
   <div class='ocr_carea' id='block_1_101' title="bbox 509 5417 2098 5494">
    <p class='ocr_par' dir='ltr' id='par_1_101' title="bbox 509 5417 2098 5494">
     <span class='ocr_line' id='line_1_102' title="bbox 509 5417 2098 5494; baseline 0.002 -19"><span class='ocrx_word' id='word_1_773' title='bbox 509 5417 778 5494; x_wconf 89' lang='lat' dir='ltr'>imagines</span> <span class='ocrx_word' id='word_1_774' title='bbox 814 5439 1004 5478; x_wconf 90' lang='lat' dir='ltr'>eorum</span> <span class='ocrx_word' id='word_1_775' title='bbox 1052 5421 1408 5494; x_wconf 86' lang='lat' dir='ltr'>confregeris,</span> <span class='ocrx_word' id='word_1_776' title='bbox 1461 5428 1516 5477; x_wconf 90' lang='lat' dir='ltr'>et</span> <span class='ocrx_word' id='word_1_777' title='bbox 1559 5423 1880 5492; x_wconf 88' lang='lat' dir='ltr'>cognoveris</span> <span class='ocrx_word' id='word_1_778' title='bbox 1927 5439 2098 5478; x_wconf 90' lang='lat' dir='ltr'>unum</span> 
     </span>
    </p>
   </div>
   <div class='ocr_carea' id='block_1_102' title="bbox 508 5508 2102 5584">
    <p class='ocr_par' dir='ltr' id='par_1_102' title="bbox 508 5508 2102 5584">
     <span class='ocr_line' id='line_1_103' title="bbox 508 5508 2102 5584; baseline 0.001 -18"><span class='ocrx_word' id='word_1_779' title='bbox 508 5517 563 5566; x_wconf 83' lang='lat' dir='ltr'>et</span> <span class='ocrx_word' id='word_1_780' title='bbox 590 5527 782 5568; x_wconf 87' lang='lat' dir='ltr'>verum</span> <span class='ocrx_word' id='word_1_781' title='bbox 809 5512 1008 5579; x_wconf 92' lang='lat' dir='ltr'>Deum,</span> <span class='ocrx_word' id='word_1_782' title='bbox 1037 5508 1212 5566; x_wconf 86' lang='lat' dir='ltr'>vitam</span> <span class='ocrx_word' id='word_1_783' title='bbox 1241 5515 1296 5566; x_wconf 90' lang='lat' dir='ltr'>et</span> <span class='ocrx_word' id='word_1_784' title='bbox 1320 5509 1550 5566; x_wconf 87' lang='lat' dir='ltr'>salutem</span> <span class='ocrx_word' id='word_1_785' title='bbox 1581 5509 1828 5568; x_wconf 90' lang='lat' dir='ltr'>invenire</span> <span class='ocrx_word' id='word_1_786' title='bbox 1857 5527 1970 5568; x_wconf 90' lang='lat' dir='ltr'>non</span> <span class='ocrx_word' id='word_1_787' title='bbox 1993 5527 2102 5584; x_wconf 90' lang='lat' dir='ltr'>po-</span> 
     </span>
    </p>
   </div>
   <div class='ocr_carea' id='block_1_103' title="bbox 613 5741 1813 5816">
    <p class='ocr_par' dir='ltr' id='par_1_103' title="bbox 613 5741 1813 5816">
     <span class='ocr_line' id='line_1_104' title="bbox 613 5741 1813 5816; baseline 0.002 -18"><span class='ocrx_word' id='word_1_788' title='bbox 613 5741 704 5816; x_wconf 65' lang='grc' dir='ltr'><strong>ῳ)</strong></span> <span class='ocrx_word' id='word_1_789' title='bbox 747 5743 860 5816; x_wconf 72' lang='lat' dir='ltr'>AL,</span> <span class='ocrx_word' id='word_1_790' title='bbox 897 5743 1168 5816; x_wconf 72' lang='lat' dir='ltr'>Creatoris</span> <span class='ocrx_word' id='word_1_791' title='bbox 1199 5745 1283 5800; x_wconf 76' lang='lat' dir='ltr'>sui</span> <span class='ocrx_word' id='word_1_792' title='bbox 1314 5741 1568 5816; x_wconf 68' lang='lat' dir='ltr'>sprererit</span> <span class='ocrx_word' id='word_1_793' title='bbox 1601 5759 1813 5800; x_wconf 83' lang='lat' dir='ltr'>munus.</span> 
     </span>
    </p>
   </div>
   <div class='ocr_carea' id='block_1_104' title="bbox 608 5671 1815 5743">
    <p class='ocr_par' dir='ltr' id='par_1_104' title="bbox 608 5671 1815 5743">
     <span class='ocr_line' id='line_1_105' title="bbox 608 5671 1815 5743; baseline 0 -15"><span class='ocrx_word' id='word_1_794' title='bbox 608 5671 703 5743; x_wconf 63' lang='grc'>59)</span> <span class='ocrx_word' id='word_1_795' title='bbox 743 5672 860 5739; x_wconf 85' lang='grc' dir='ltr'>ΑΙ.,</span> <span class='ocrx_word' id='word_1_796' title='bbox 889 5672 1141 5728; x_wconf 78' lang='lat' dir='ltr'>Animam</span> <span class='ocrx_word' id='word_1_797' title='bbox 1170 5689 1337 5729; x_wconf 87' lang='lat' dir='ltr'>meam</span> <span class='ocrx_word' id='word_1_798' title='bbox 1365 5688 1430 5728; x_wconf 77' lang='lat' dir='ltr'>ea:</span> <span class='ocrx_word' id='word_1_799' title='bbox 1453 5671 1554 5743; x_wconf 78' lang='lat' dir='ltr'>ﬁde</span> <span class='ocrx_word' id='word_1_800' title='bbox 1587 5672 1815 5728; x_wconf 79' lang='lat' dir='ltr'>Christo.</span> 
     </span>
    </p>
   </div>
   <div class='ocr_carea' id='block_1_105' title="bbox 582 5671 1147 5884">
    <p class='ocr_par' dir='ltr' id='par_1_105' title="bbox 582 5671 1147 5884">
     <span class='ocr_line' id='line_1_106' title="bbox 608 5671 1142 5814; baseline -0.007 -86"><span class='ocrx_word' id='word_1_801' title='bbox 608 5671 704 5814; x_wconf 55' lang='lat'>59;</span> <span class='ocrx_word' id='word_1_802' title='bbox 743 5672 860 5739; x_wconf 95' lang='lat' dir='ltr'>AL,</span> <span class='ocrx_word' id='word_1_803' title='bbox 889 5672 1142 5753; x_wconf 77' lang='lat' dir='ltr'>Animam</span> 
     </span>
     <span class='ocr_line' id='line_1_107' title="bbox 582 5671 1147 5884; baseline -0.004 -14"><span class='ocrx_word' id='word_1_804' title='bbox 582 5671 702 5884; x_wconf 44' lang='lat' dir='ltr'>id?)</span> <span class='ocrx_word' id='word_1_805' title='bbox 739 5743 860 5882; x_wconf 48' lang='lat'>211::</span> <span class='ocrx_word' id='word_1_806' title='bbox 884 5744 1147 5884; x_wconf 52' lang='grc' dir='ltr'>ἓῆἶῗπίιῖῗ</span> 
     </span>
    </p>
   </div>
   <div class='ocr_carea' id='block_1_106' title="bbox 2794 4758 3200 4820">
    <p class='ocr_par' dir='ltr' id='par_1_106' title="bbox 2794 4758 3200 4820">
     <span class='ocr_line' id='line_1_108' title="bbox 2794 4758 3200 4820; baseline -0.01 0"><span class='ocrx_word' id='word_1_807' title='bbox 2794 4761 3022 4820; x_wconf 86' lang='lat' dir='ltr'>CAPUT</span> <span class='ocrx_word' id='word_1_808' title='bbox 3049 4758 3200 4817; x_wconf 86' lang='lat' dir='ltr'>XVI.</span> 
     </span>
    </p>
   </div>
   <div class='ocr_carea' id='block_1_107' title="bbox 2207 4847 3791 4925">
    <p class='ocr_par' dir='ltr' id='par_1_107' title="bbox 2207 4847 3791 4925">
     <span class='ocr_line' id='line_1_109' title="bbox 2207 4847 3791 4925; baseline -0.005 -10"><span class='ocrx_word' id='word_1_809' title='bbox 2207 4855 2572 4915; x_wconf 68' lang='lat' dir='ltr'>Instrumentis</span> <span class='ocrx_word' id='word_1_810' title='bbox 2597 4852 2898 4925; x_wconf 72' lang='lat' dir='ltr'>astrologia:</span> <span class='ocrx_word' id='word_1_811' title='bbox 2916 4851 3226 4922; x_wconf 73' lang='lat' dir='ltr'>judiciariw</span> <span class='ocrx_word' id='word_1_812' title='bbox 3249 4847 3539 4923; x_wconf 71' lang='lat' dir='ltr'>confracti:</span> <span class='ocrx_word' id='word_1_813' title='bbox 3575 4857 3791 4910; x_wconf 77' lang='lat' dir='ltr'>sanatur</span> 
     </span>
    </p>
   </div>
   <div class='ocr_carea' id='block_1_108' title="bbox 2825 4941 3182 4999">
    <p class='ocr_par' dir='ltr' id='par_1_108' title="bbox 2825 4941 3182 4999">
     <span class='ocr_line' id='line_1_110' title="bbox 2825 4941 3182 4999; baseline -0.003 0"><span class='ocrx_word' id='word_1_814' title='bbox 2825 4941 3182 4999; x_wconf 80' lang='lat' dir='ltr'>Chromatius.</span> 
     </span>
    </p>
   </div>
   <div class='ocr_carea' id='block_1_109' title="bbox 2276 5049 3790 5114">
    <p class='ocr_par' dir='ltr' id='par_1_109' title="bbox 2276 5049 3790 5114">
     <span class='ocr_line' id='line_1_111' title="bbox 2276 5049 3790 5114; baseline -0.005 0"><span class='ocrx_word' id='word_1_815' title='bbox 2276 5057 2364 5114; x_wconf 77' lang='grc'>54.</span> <span class='ocrx_word' id='word_1_816' title='bbox 2395 5056 2522 5112; x_wconf 91' lang='lat' dir='ltr'>Post</span> <span class='ocrx_word' id='word_1_817' title='bbox 2551 5053 2668 5110; x_wconf 87' lang='lat' dir='ltr'>haec</span> <span class='ocrx_word' id='word_1_818' title='bbox 2687 5061 3029 5110; x_wconf 88' lang='lat' dir='ltr'>accesserunt</span> <span class='ocrx_word' id='word_1_819' title='bbox 3057 5051 3126 5108; x_wconf 92' lang='lat' dir='ltr'>ad</span> <span class='ocrx_word' id='word_1_820' title='bbox 3152 5049 3534 5109; x_wconf 88' lang='lat' dir='ltr'>Chromatium</span> <span class='ocrx_word' id='word_1_821' title='bbox 3555 5051 3790 5110; x_wconf 84' lang='lat' dir='ltr'>dicentes</span> 
     </span>
    </p>
   </div>
   <div class='ocr_carea' id='block_1_110' title="bbox 2208 5143 3788 5219">
    <p class='ocr_par' dir='ltr' id='par_1_110' title="bbox 2208 5143 3788 5219">
     <span class='ocr_line' id='line_1_112' title="bbox 2208 5143 3788 5219; baseline -0.004 -13"><span class='ocrx_word' id='word_1_822' title='bbox 2208 5150 2256 5206; x_wconf 92' lang='lat' dir='ltr'>ei</span> <span class='ocrx_word' id='word_1_823' title='bbox 2283 5169 2294 5206; x_wconf 92' lang='lat'>:</span> <span class='ocrx_word' id='word_1_824' title='bbox 2337 5146 2826 5219; x_wconf 86' lang='lat' dir='ltr'>Confringentibus</span> <span class='ocrx_word' id='word_1_825' title='bbox 2856 5145 3015 5202; x_wconf 89' lang='lat' dir='ltr'>nobis</span> <span class='ocrx_word' id='word_1_826' title='bbox 3045 5144 3190 5202; x_wconf 89' lang='lat' dir='ltr'>idola</span> <span class='ocrx_word' id='word_1_827' title='bbox 3218 5152 3280 5200; x_wconf 92' lang='lat' dir='ltr'>tu</span> <span class='ocrx_word' id='word_1_828' title='bbox 3307 5143 3551 5202; x_wconf 91' lang='lat' dir='ltr'>debuisti</span> <span class='ocrx_word' id='word_1_829' title='bbox 3600 5145 3788 5204; x_wconf 39' lang='lat' dir='ltr'>sanitas</span> 
     </span>
    </p>
   </div>
   <div class='ocr_carea' id='block_1_111' title="bbox 2207 5233 3788 5311">
    <p class='ocr_par' dir='ltr' id='par_1_111' title="bbox 2207 5233 3788 5311">
     <span class='ocr_line' id='line_1_113' title="bbox 2207 5233 3788 5311; baseline -0.004 -16"><span class='ocrx_word' id='word_1_830' title='bbox 2207 5248 2318 5295; x_wconf 90' lang='lat' dir='ltr'>tem</span> <span class='ocrx_word' id='word_1_831' title='bbox 2349 5239 2608 5311; x_wconf 90' lang='lat' dir='ltr'>recipere,</span> <span class='ocrx_word' id='word_1_832' title='bbox 2639 5237 2745 5292; x_wconf 88' lang='lat' dir='ltr'>nisi</span> <span class='ocrx_word' id='word_1_833' title='bbox 2778 5236 2917 5292; x_wconf 89' lang='lat' dir='ltr'>forte</span> <span class='ocrx_word' id='word_1_834' title='bbox 2952 5235 3136 5307; x_wconf 88' lang='lat' dir='ltr'>aliqua</span> <span class='ocrx_word' id='word_1_835' title='bbox 3164 5233 3266 5290; x_wconf 92' lang='lat' dir='ltr'>tibi</span> <span class='ocrx_word' id='word_1_836' title='bbox 3314 5234 3374 5290; x_wconf 92' lang='lat' dir='ltr'>in</span> <span class='ocrx_word' id='word_1_837' title='bbox 3411 5235 3600 5293; x_wconf 90' lang='lat' dir='ltr'>animo</span> <span class='ocrx_word' id='word_1_838' title='bbox 3647 5238 3788 5310; x_wconf 83' lang='lat' dir='ltr'>signa</span> 
     </span>
    </p>
   </div>
   <div class='ocr_carea' id='block_1_112' title="bbox 2211 5324 3786 5398">
    <p class='ocr_par' dir='ltr' id='par_1_112' title="bbox 2211 5324 3786 5398">
     <span class='ocr_line' id='line_1_114' title="bbox 2211 5324 3786 5398; baseline -0.003 -14"><span class='ocrx_word' id='word_1_839' title='bbox 2211 5327 2553 5384; x_wconf 86' lang='lat' dir='ltr'>inﬁdelitatis</span> <span class='ocrx_word' id='word_1_840' title='bbox 2607 5327 3088 5398; x_wconf 87' lang='lat' dir='ltr'>derelinquuntur.</span> <span class='ocrx_word' id='word_1_841' title='bbox 3147 5324 3261 5380; x_wconf 86' lang='lat' dir='ltr'>Hoc</span> <span class='ocrx_word' id='word_1_842' title='bbox 3312 5324 3465 5381; x_wconf 92' lang='lat' dir='ltr'>enim</span> <span class='ocrx_word' id='word_1_843' title='bbox 3503 5326 3654 5398; x_wconf 89' lang='lat' dir='ltr'>apud</span> <span class='ocrx_word' id='word_1_844' title='bbox 3701 5340 3786 5382; x_wconf 88' lang='lat' dir='ltr'>nos</span> 
     </span>
    </p>
   </div>
   <div class='ocr_carea' id='block_1_113' title="bbox 2209 5413 3785 5490">
    <p class='ocr_par' dir='ltr' id='par_1_113' title="bbox 2209 5413 3785 5490">
     <span class='ocr_line' id='line_1_115' title="bbox 2209 5413 3785 5490; baseline -0.002 -17"><span class='ocrx_word' id='word_1_845' title='bbox 2209 5426 2419 5475; x_wconf 85' lang='lat' dir='ltr'>certum</span> <span class='ocrx_word' id='word_1_846' title='bbox 2445 5419 2700 5490; x_wconf 86' lang='lat' dir='ltr'>gerimus,</span> <span class='ocrx_word' id='word_1_847' title='bbox 2733 5415 2878 5490; x_wconf 93' lang='lat' dir='ltr'>quod</span> <span class='ocrx_word' id='word_1_848' title='bbox 2926 5423 3018 5471; x_wconf 90' lang='lat' dir='ltr'>aut</span> <span class='ocrx_word' id='word_1_849' title='bbox 3059 5422 3139 5470; x_wconf 92' lang='lat' dir='ltr'>est</span> <span class='ocrx_word' id='word_1_850' title='bbox 3185 5413 3420 5487; x_wconf 91' lang='lat' dir='ltr'>aliquid,</span> <span class='ocrx_word' id='word_1_851' title='bbox 3467 5415 3617 5488; x_wconf 89' lang='lat' dir='ltr'>quod</span> <span class='ocrx_word' id='word_1_852' title='bbox 3667 5429 3785 5472; x_wconf 89' lang='lat' dir='ltr'>non-</span> 
     </span>
    </p>
   </div>
   <div class='ocr_carea' id='block_1_114' title="bbox 2210 5505 3783 5580">
    <p class='ocr_par' dir='ltr' id='par_1_114' title="bbox 2210 5505 3783 5580">
     <span class='ocr_line' id='line_1_116' title="bbox 2210 5505 3783 5580; baseline -0.004 -15"><span class='ocrx_word' id='word_1_853' title='bbox 2210 5509 2340 5565; x_wconf 90' lang='lat' dir='ltr'>dum</span> <span class='ocrx_word' id='word_1_854' title='bbox 2373 5517 2454 5565; x_wconf 91' lang='lat' dir='ltr'>est</span> <span class='ocrx_word' id='word_1_855' title='bbox 2476 5508 2743 5576; x_wconf 84' lang='lat' dir='ltr'>fractum;</span> <span class='ocrx_word' id='word_1_856' title='bbox 2777 5513 2870 5563; x_wconf 86' lang='lat' dir='ltr'>aut</span> <span class='ocrx_word' id='word_1_857' title='bbox 2898 5506 2945 5562; x_wconf 92' lang='lat' dir='ltr'>si</span> <span class='ocrx_word' id='word_1_858' title='bbox 2976 5505 3162 5564; x_wconf 91' lang='lat' dir='ltr'>omnia</span> <span class='ocrx_word' id='word_1_859' title='bbox 3190 5505 3366 5564; x_wconf 85' lang='lat' dir='ltr'>fracta</span> <span class='ocrx_word' id='word_1_860' title='bbox 3392 5515 3542 5576; x_wconf 87' lang='lat' dir='ltr'>sunt,</span> <span class='ocrx_word' id='word_1_861' title='bbox 3574 5506 3708 5580; x_wconf 90' lang='lat' dir='ltr'>quid</span> <span class='ocrx_word' id='word_1_862' title='bbox 3736 5505 3783 5560; x_wconf 89' lang='lat' dir='ltr'>in</span> 
     </span>
    </p>
   </div>
   <div class='ocr_carea' id='block_1_115' title="bbox 2309 5669 2949 5739">
    <p class='ocr_par' dir='ltr' id='par_1_115' title="bbox 2309 5669 2949 5739">
     <span class='ocr_line' id='line_1_117' title="bbox 2309 5669 2949 5739; baseline -0.002 -12"><span class='ocrx_word' id='word_1_863' title='bbox 2309 5671 2400 5739; x_wconf 78' lang='lat'>62)</span> <span class='ocrx_word' id='word_1_864' title='bbox 2439 5671 2552 5739; x_wconf 88' lang='lat' dir='ltr'>AL,</span> <span class='ocrx_word' id='word_1_865' title='bbox 2581 5669 2949 5726; x_wconf 81' lang='lat' dir='ltr'>membrorum.</span> 
     </span>
    </p>
   </div>
   <div class='ocr_carea' id='block_1_116' title="bbox 2284 5672 3082 5814">
    <p class='ocr_par' dir='ltr' id='par_1_116' title="bbox 2284 5672 3082 5814">
     <span class='ocr_line' id='line_1_118' title="bbox 2309 5672 2949 5739; baseline -0.002 -12"><span class='ocrx_word' id='word_1_866' title='bbox 2309 5672 2376 5727; x_wconf 77' lang='lat'>62</span> <span class='ocrx_word' id='word_1_867' title='bbox 2439 5672 2552 5739; x_wconf 88' lang='lat' dir='ltr'>AL,</span> <span class='ocrx_word' id='word_1_868' title='bbox 2581 5672 2949 5726; x_wconf 81' lang='lat' dir='ltr'>membrorum.</span> 
     </span>
     <span class='ocr_line' id='line_1_119' title="bbox 2284 5672 3082 5814; baseline -0.001 -17"><span class='ocrx_word' id='word_1_869' title='bbox 2284 5672 2400 5814; x_wconf 49' lang='lat'>€63;</span> <span class='ocrx_word' id='word_1_870' title='bbox 2433 5743 2547 5810; x_wconf 88' lang='lat' dir='ltr'>AL,</span> <span class='ocrx_word' id='word_1_871' title='bbox 2577 5741 2813 5798; x_wconf 76' lang='lat' dir='ltr'>colendos</span> <span class='ocrx_word' id='word_1_872' title='bbox 2845 5740 3082 5798; x_wconf 59' lang='lat' dir='ltr'>dureris.</span> 
     </span>
    </p>
   </div>
  </div>
