3940 6364
175 368 325 429 1137

1445 375 1637 435 ACTA
1673 375 1729 433 S.
1771 373 2110 431 SEBASTIA
2120 374 2165 428 N
2170 374 2210 429 Ι.

3348 370 3487 429 1138

176 496 377 554 animo
430 514 582 570 geras
646 499 810 557 nobis
879 500 1194 559 evidentius
1248 500 1559 559 manifesta.
1626 501 1780 559 Tunc
1806 501 1858 562 A
1893 498 2166 571 assignare
2224 496 2422 553 nititur
2473 494 2685 568 aliquid
2738 502 2793 551 et
2846 494 3097 569 probare.
3154 498 3269 568 Age
3310 511 3481 567 nunc,

177 585 285 644 ille
338 606 350 645 :
399 587 603 659 Habeo,
657 589 861 663 inquit,
909 591 1229 648 cubiculum
1284 591 1676 660 bolovitreum,
1726 591 1784 647 in

177 691 299 749 quo
324 678 506 734 omnis
532 678 827 752 disciplina
856 682 1140 737 stellarum
1170 697 1233 736 ac
1262 682 1523 737 mathesis
1559 682 1785 738 mecha-

178 765 317 823 nica
344 774 425 823 est
452 776 567 825 arte
609 777 926 826 constructa
956 771 1094 841 (64),
1128 771 1186 825 in
1216 770 1373 842 cujus
1400 770 1607 826 fabrica
1635 778 1786 842 pater

179 869 346 913 meus
393 857 726 931 Tarquinius
765 859 1002 930 amplius
1044 875 1207 932 quam
1238 859 1473 915 ducenta
1504 860 1620 930 (65)
1654 875 1785 930 pon-

176 942 260 1000 do
307 947 425 1002 auri
456 947 801 1019 dignoscitur
831 950 1173 1020 expendisse.
1209 949 1309 1007 Cui
1350 950 1405 1006 S.
1437 949 1787 1005 Sebastianus

177 1032 381 1092 dixit:
416 1036 472 1092 Si
528 1036 632 1093 hoc
683 1045 745 1093 tu
812 1038 1089 1110 integrum
1147 1038 1343 1094 habere
1408 1040 1673 1103 volueris,
1736 1047 1786 1095 te

178 1124 371 1197 ipsum
435 1124 663 1200 frangis.
723 1126 1077 1184 Chromatius
1131 1128 1275 1184 dixit
1328 1146 1340 1184 :
1393 1127 1537 1195 Quid
1590 1127 1785 1207 enim?

180 1214 451 1273 Mathesis
495 1223 592 1272 aut
637 1216 945 1289 ephemeris
992 1219 1108 1289 (66)
1157 1219 1342 1292 aliquo
1388 1217 1784 1276 sacriﬁciorum

179 1319 297 1360 usu
319 1305 598 1374 coluntur,
628 1322 753 1362 cum
783 1314 998 1363 tantum
1028 1308 1107 1363 eis
1137 1308 1406 1363 mensium
1437 1317 1492 1364 et
1514 1323 1785 1363 annorum

180 1408 384 1451 cursus
424 1403 575 1451 certo
620 1412 854 1451 numero
910 1412 1007 1469 per
1048 1396 1308 1453 horarum
1356 1398 1530 1471 spatia
1576 1397 1786 1452 distin—

182 1492 440 1556 guuntur
473 1486 637 1558 (67)?
664 1494 718 1542 et
760 1487 970 1543 lunaris
1003 1487 1151 1558 globi
1180 1488 1467 1559 plenitudo
1491 1489 1578 1543 vel
1609 1488 1787 1543 dimi-

180 1572 371 1642 nutio,
402 1572 701 1646 digitorum
746 1582 923 1644 motu,
958 1575 1189 1631 rationis
1231 1575 1565 1648 magisterio,
1598 1582 1652 1630 et
1680 1575 1785 1631 cal-

181 1661 306 1718 culi
397 1666 810 1737 computatione
888 1666 1266 1738 praavidetur?
1330 1666 1385 1722 S.
1453 1666 1787 1738 Polycarpus

181 1752 479 1827 presbyter
507 1752 684 1811 dixit:
709 1755 832 1812 Illic
858 1756 1014 1826 signa
1034 1755 1252 1825 Leonis,
1273 1764 1327 1811 et
1348 1756 1710 1828 Capricornii,
1733 1764 1787 1811 et

1892 589 2170 660 interroga
2211 589 2448 643 alterum
2500 585 2969 653 mathematicum,
3011 585 3102 642 cui
3140 585 3283 658 ipsas
3323 587 3487 645 horas

1892 679 2181 752 ipsumque
2211 686 2427 751 tempus
2449 680 2503 733 in
2527 679 2688 735 bonis
2729 677 2833 732 tibi
2872 679 3197 735 exuberasse
3221 679 3392 748 dicas,
3420 680 3484 737 il-

1895 769 2001 826 lico
2034 769 2249 825 videbis
2300 785 2425 824 eum
2472 767 2573 824 tibi
2640 766 2987 823 rationabilia
3041 768 3320 825 schemata
3362 769 3484 825 inﬁ-

1893 862 2009 916 nita
2064 861 2276 927 afferre,
2338 858 2539 931 quibus
2576 858 2858 929 approbet,
2918 858 3048 930 quia
3099 859 3153 913 in
3201 859 3335 931 ipsis
3381 859 3485 917 tibi

1897 951 2232 1023 temporibus
2244 951 2463 1005 evenire
2484 950 2778 1004 debuerint
2796 949 2956 1003 bona.
2977 948 3261 1006 Circulum
3283 950 3488 1006 etenim

1895 1049 2041 1096 tenet
2077 1057 2146 1095 ex
2185 1041 2337 1095 omni
2382 1049 2531 1112 parte
2559 1041 2875 1107 collectum,
2911 1038 2967 1093 in
2998 1055 3107 1111 quo
3161 1039 3406 1095 diversas
3434 1047 3489 1095 et

1895 1132 2071 1187 varias
2117 1148 2303 1187 causas
2332 1132 2552 1203 accipit,
2585 1140 2638 1187 et
2665 1130 2866 1204 quibus
2923 1129 3268 1187 occasionem
3306 1128 3488 1202 capiat

1893 1222 2109 1279 dicendi
2143 1222 2290 1295 quod
2322 1222 2583 1278 voluerit.

1928 1317 2053 1373 ‘56.
2087 1317 2225 1372 Nam
2259 1315 2445 1371 futura
2471 1316 2602 1371 dum
2638 1314 2859 1387 penitus
2899 1315 3199 1387 praevidere
3227 1330 3339 1371 non
3367 1329 3488 1386 pos-

1893 1418 2043 1477 sunt,
2070 1410 2468 1465 climactericas
2498 1408 2713 1476 dicunt,
2738 1407 2792 1463 id
2823 1416 2904 1463 est
2931 1415 3138 1463 naturas
3170 1405 3249 1461 rei
3280 1405 3491 1463 incerta

1894 1500 2165 1571 profugia.
2200 1500 2335 1553 Nam
2388 1498 2624 1552 ὤκει-δίε
2671 1497 3011 1571 temporibus
3057 1497 3172 1552 nati
3217 1513 3330 1553 uno
3358 1514 3489 1554 nau-

1896 1593 2068 1665 fragio
2099 1593 2402 1663 perierunt,
2441 1601 2495 1647 et
2520 1608 2631 1647 una
2660 1592 2792 1648 hora
2821 1590 2931 1648 diei
2962 1593 3050 1649 vel
3081 1594 3258 1649 noctis
3288 1592 3489 1661 exorti,

1894 1683 2032 1738 alter
2086 1681 2155 1737 ad
2208 1683 2620 1739 mendicitatem
2670 1683 3002 1755 deponitur,
3051 1682 3298 1739 ascendit
3351 1683 3493 1739 alter

1893 1774 1961 1831 ad
1991 1789 2216 1846 regnum
2243 1794 2256 1843 ;
2290 1783 2345 1830 et
2383 1775 2438 1830 in
2470 1792 2580 1830 uno
2610 1775 2800 1846 praelio
2838 1775 3259 1831 innumerabilis
3289 1775 3493 1833 multi-

181 1841 501 1940 Sagittarii,
516 1850 570 1900 et
590 1843 999 1940 Scorpionis,-et
1019 1844 1184 1940 'l‘auri
1208 1852 1357 1940 sunt,
1385 1845 1504 1940 illic
1515 1845 1581 1940 in
1603 1845 1786 1940 Ariete
1824 1864 1867 1925 Β
1895 1866 2029 1922 tudo
2054 1841 2449 1939 prosternitur,
2481 1876 2535 1923 et
2560 1841 2670 1921 uno
2700 1866 2809 1933 die,
2842 1866 2956 1921 imo
2987 1882 3098 1922 uno
3127 1876 3333 1939 puncto
3368 1868 3486 1940 (72)

182 1930 345 2002 luna,
374 1931 435 1988 in
463 1932 674 1991 Cancro
703 1932 875 2001 hora;
925 1934 984 1989 in
1031 1932 1164 1990 Jove
1203 1934 1380 2002 stella,
1414 1934 1473 1989 in
1513 1934 1785 1991 Mercurio

182 2022 426 2096 tropica,
478 2022 538 2078 in
580 2023 793 2081 Venere
819 2022 982 2091 Mars,
1013 2031 1068 2079 et
1094 2022 1154 2078 in
1183 2022 1441 2079 omnibus
1468 2022 1590 2079 istis
1618 2039 1787 2079 mon-

182 2112 422 2169 struosis
468 2112 811 2169 daemonibus
864 2130 952 2170 ars
992 2114 1107 2170 Deo
1153 2112 1382 2170 inimica
1416 2113 1784 2185 cognoscitur.

183 2202 302 2259 Ista
330 2201 633 2259 Christiani
678 2201 757 2258 ita
784 2210 1059 2271 recusant,
1092 2212 1153 2260 ut
1180 2219 1293 2259 non
1324 2203 1503 2260 solum
1541 2202 1646 2275 ipsi
1675 2218 1788 2259 non

184 2291 450 2360 habeant,
500 2308 613 2348 non
658 2293 863 2360 colant,
909 2310 1022 2350 non
1073 2293 1319 2362 credant,
1364 2310 1473 2349 non
1527 2300 1784 2361 teneant;

185 2396 384 2438 verum
423 2381 591 2438 etiam
640 2397 743 2438 nec
768 2381 983 2439 animos
1027 2383 1153 2439 illos
1194 2383 1447 2451 habeant,
1481 2384 1574 2455 qui
1602 2382 1789 2454 hujus-

185 2469 409 2528 cemodi
438 2471 600 2543 nugis
627 2487 788 2527 suum
830 2480 1102 2544 occupant
1150 2482 1337 2547 pectus
1359 2474 1386 2530 ‘I
1416 2473 1616 2530 Omnia
1641 2473 1789 2529 enim

186 2558 300 2617 ista
329 2558 467 2616 falsa
492 2559 942 2634 deceptionisque
976 2562 1229 2619 ministra
1278 2571 1408 2619 sunt
1435 2581 1448 2619 :
1482 2562 1790 2620 similitudo

187 2647 253 2706 in
282 2649 364 2706 eis
396 2650 647 2706 veritatis
673 2658 776 2717 est,
811 2665 925 2705 non
952 2650 1069 2722 ipsa
1099 2653 1322 2708 veritas.

259 2747 352 2805 55.
401 2747 551 2804 Dicit
584 2748 635 2804 ei
674 2747 1025 2805 Chromatius
1061 2767 1073 2805 ε
1107 2749 1251 2816 Quid
1271 2750 1298 2806 ?
1343 2749 1491 2823 quod
1522 2767 1792 2807 nonnun-

184 2852 358 2911 quam
432 2837 620 2892 futura
684 2839 1107 2909 praenuntiant?
1171 2839 1227 2895 S.
1288 2838 1640 2896 Sebastianus
1711 2840 1790 2896 di-

182 2926 277 2983 xit
334 2943 347 2982 :
410 2926 520 2982 Ista
574 2926 762 2982 omnia
829 2927 1128 2983 vanissima
1184 2944 1298 2984 esse
1362 2937 1416 2985 et
1476 2929 1790 2999 falsissima,

186 3014 415 3073 Christo
445 3014 745 3083 revelante,
785 3017 1180 3088 cognovimus;
1215 3034 1334 3090 quae
1376 3018 1476 3073 tibi
1507 3035 1655 3076 nunc
1684 3036 1793 3075 ma-

187 3103 450 3161 nifestius
492 3104 818 3177 aperiemus.
869 3107 1109 3180 Praecipe
1155 3108 1318 3164 hodie
1352 3109 1420 3165 ad
1449 3119 1502 3166 te
1533 3110 1794 3167 mathesis

1895 1955 1954 2011 in
1979 1971 2088 2011 una
2107 1956 2293 2026 domo,
2326 1956 2448 2012 duae
2469 1956 2709 2025 feminae,
2733 1955 3091 2029 pudicissima
3111 1957 3299 2025 altera,
3320 1959 3494 2013 altera

1895 2045 2135 2103 efﬁcitur
2156 2044 2465 2118 impudica:
2499 2046 2789 2117 utriusque
2810 2046 2980 2101 stella:
2996 2045 3044 2100 si
3074 2045 3331 2101 meritum
3361 2061 3492 2102 con-

1896 2146 2146 2213 tulerint,
2195 2160 2298 2201 nec
2355 2143 2619 2198 meretrix
2668 2141 3031 2214 vituperanda
3083 2150 3184 2210 est,
3215 2158 3317 2198 nec
3344 2146 3497 2197 casta

1898 2236 2190 2293 laudanda.
2220 2235 2378 2292 Certe
2400 2235 2580 2305 legum
2611 2233 2811 2287 latores
2840 2242 2894 2289 et
2913 2232 3189 2304 principes
3224 2246 3378 2286 sacra
3396 2246 3495 2287 sua

1898 2327 2255 2403 praevaricata
2307 2325 2567 2398 puniunt,
2621 2332 2675 2380 et
2714 2323 2839 2379 ideo
2882 2323 3087 2391 forum,
3140 2321 3262 2377 ideo
3294 2319 3491 2393 jndex,

1901 2421 2026 2477 ideo
2051 2418 2198 2491 jura,
2218 2426 2281 2475 ut
2294 2416 2433 2489 justi
2462 2415 2758 2472 laudentur
2787 2424 2952 2482 recte,
2985 2422 3039 2469 et
3069 2413 3260 2485 injusti
3296 2413 3494 2469 merito

1900 2510 2223 2583 puniantur.
2258 2508 2328 2562 Et
2359 2506 2465 2561 hoc
2494 2505 2625 2561 nolo
2653 2512 2713 2559 ut
2741 2504 2978 2559 otiosum
3010 2503 3310 2570 existimes,
3345 2501 3495 2575 quod

1900 2600 2137 2670 teipsum
2190 2597 2438 2652 nondum
2470 2596 2741 2650 salvatum
2773 2592 3012 2649 attendis
3076 2592 3213 2647 Nam
3243 2591 3289 2647 si
3317 2606 3386 2646 ex
3412 2590 3492 2655 in-

1900 2698 2052 2760 tegro
2079 2703 2109 2740 a
2138 2693 2190 2741 te
2223 2683 2436 2739 inimici
2481 2683 2693 2754 generis
2742 2681 2968 2737 humani
2998 2680 3350 2736 caeremonias
3401 2677 3492 2734 ab-

1895 2779 2111 2851 jiceres,
2146 2776 2202 2831 in
2232 2773 2521 2844 temetipso
2550 2771 2697 2844 quod
2729 2788 2921 2827 verum
2961 2777 3043 2826 est
3076 2769 3382 2827 didicisses.

1972 2868 2060 2923 57.
2112 2862 2359 2920 Audiens
2408 2861 2525 2917 haec
2555 2860 2906 2917 Chromatius
2950 2859 3136 2915 dixit:
3191 2858 3368 2916 Verus
3397 2856 3492 2913 ille

1900 2959 2046 3013 Deus
2082 2962 2183 3020 est,
2236 2953 2331 3025 qui
2357 2969 2455 3007 vos
2503 2951 2640 3007 tales
2686 2951 2947 3022 probatur
2985 2949 3184 3006 habere
3230 2950 3489 3006 cultores.

1901 3046 2037 3102 Nam
2068 3043 2248 3100 omnis
2277 3058 2455 3099 sermo
2486 3048 2664 3097 vester
2693 3040 2769 3096 ita
2797 3038 3105 3096 rationibus
3125 3038 3321 3107 aﬁluit,
3355 3045 3417 3094 ut
3440 3045 3494 3094 et

1904 3134 2175 3208 pecudum
2205 3133 2272 3188 ad
2302 3131 2573 3187 rationem
2605 3145 2790 3186 veram
2812 3137 3021 3186 mentes
3051 3128 3300 3185 inclinet.
3340 3126 3495 3184 Unde

187 3192 385 3294 venire
414 3191 718 3294 doctorem,
748 3195 840 3251 cui
881 3195 1051 3294 dicas,
1085 3197 1182 3253 illo
1220 3205 1464 3271 tempore
1491 3207 1544 3255 te
1581 3200 1787 3272 asperis
1823 3227 1867 3288 α
1903 3191 2069 3281 3mm
2116 3223 2220 3279 hoc
2264 3222 2444 3294 ipsum
2497 3219 2645 3293 quod
2690 3218 2758 3275 ad
2799 3224 3054 3274 ornatum
3100 3217 3299 3274 domus
3343 3216 3499 3272 vis,“

187 3282 413 3342 casibus
463 3284 758 3353 laborasse,
788 3293 842 3342 et
888 3286 1105 3358 inquire
1154 3304 1250 3359 per
1295 3306 1430 3363 quas
1472 3291 1655 3347 stellas
1686 3292 1789 3349 hoc

189 3371 298 3429 tibi
320 3373 568 3429 evenerit
596 3374 728 3429 mali
754 3392 769 3441 ;
800 3390 1059 3446 responsa
1080 3374 1197 3447 ejus
1223 3385 1385 3433 erunt
1406 3380 1595 3449 procul
1622 3380 1791 3437 dubio

189 3459 350 3529 talia,
382 3460 529 3533 quod
576 3469 790 3534 tempus
832 3469 991 3518 tuum
1040 3478 1071 3518 a
1098 3464 1376 3521 malitiosa
1405 3466 1575 3523 Marte
1614 3483 1791 3523 susce-

190 3556 352 3622 ptum
382 3557 484 3617 est,
521 3558 616 3606 aut
647 3551 917 3608 Saturnus
962 3553 1359 3623 apocatasticus
1395 3555 1511 3627 (68)
1544 3556 1669 3625 fuit,
1699 3564 1794 3613 aut

189 3657 375 3699 annus
403 3650 532 3699 tuus
561 3660 630 3699 ex
659 3643 928 3700 diametro
954 3653 1238 3717 susceptus
1265 3654 1365 3714 est,
1398 3657 1492 3703 aut
1518 3648 1793 3705 climacte-

190 3731 313 3788 rica
345 3731 462 3804 (69)
493 3731 598 3787 tibi
624 3731 684 3787 in
705 3740 894 3788 centro
922 3742 1052 3789 sunt
1080 3742 1226 3803 nata,
1256 3742 1351 3791 aut
1378 3736 1641 3807 syndetus
1673 3736 1789 3808 (70)

190 3820 306 3878 fuit
332 3836 460 3876 cum
493 3820 660 3889 malo,
691 3828 786 3876 aut
811 3821 1132 3891 invisibilis,
1153 3832 1248 3879 aut
1267 3823 1324 3878 in
1345 3824 1617 3880 schemate
1650 3826 1789 3897 (71),

188 3918 290 3969 aut
319 3909 625 3966 immobilis
652 3909 798 3968 circa
827 3919 879 3967 te
909 3912 1125 3968 exstitit
1144 3929 1335 3969 cursus
1362 3914 1421 3969 in
1450 3915 1642 3970 stellis.
1668 3916 1795 3971 Haec

190 4007 249 4058 et
297 3999 387 4056 his
427 3998 629 4055 similis
676 4016 802 4056 cum
833 3999 1065 4069 dixerit,
1100 4002 1334 4059 rationis
1361 4002 1463 4058 tibi
1493 4004 1793 4060 verisimile

299 4132 393 4203 64)
427 4134 543 4203 Al.,
569 4136 860 4190 mechanice
889 4142 1031 4192 stare
1063 4136 1271 4191 videtur
1299 4143 1613 4193 constructa.

299 4205 391 4288 (ἐξ)
425 4205 522 4288 ‘Ms.
558 4206 708 4288 Bip.,
741 4209 958 4288 talenta.

298 4276 391 4349 66)
433 4276 692 4357 Ἐφημιρὶς
722 4279 943 4357 proprie
974 4278 1211 4335 diarium
1235 4287 1335 4349 est,
1368 4280 1486 4338 sive
1516 4296 1601 4337 res
1625 4282 1794 4339 actio-

194 4370 406 4428 nesque
436 4374 533 4428 per
560 4356 678 4413 dies
703 4356 1008 4428 descriptae.

339 4372 406 4411 ue
473 4374 533 4413 er
560 4371 678 4413 dies
703 4371 1008 4428 descriptae.

298 4371 391 4502 3])
427 4374 526 4485 las.
558 4428 754 4497 Rehd,
774 4430 1011 4502 pondere
1032 4438 1321 4502 pensentur
1343 4438 1390 4486 et
1421 4433 1722 4489 tendantur.

300 4446 391 4498 οι)
427 4446 526 4485 ius.
558 4446 754 4497 ιίεεικι.³
823 4446 1011 4484 onaere
1032 4446 1321 4502 pensentur
1343 4446 1390 4486 et
1421 4446 1722 4489 tendantur.

300 4498 392 4569 68)
423 4501 519 4585 ‘Ita
569 4516 702 4585 mss;
736 4446 1001 4585 pigrique.
1057 4504 1277 4585 Tempus
1306 4520 1425 4585 .quo
1451 4506 1530 4557 sol
1562 4504 1797 4585 (aliusve

194 4570 439 4643 planeta)
470 4570 781 4654 eamdem
822 4570 1028 4642 partem
1070 4570 1315 4654 signiferi
1330 4570 1435 4654 per
1464 4570 1663 4629 eosdem
1692 4594 1790 4630 nu-
1832 4589 1876 4646 ι)

195 4658 373 4699 meros
400 4643 555 4712 redit,
582 4660 680 4714 per
705 4660 835 4713 quos
862 4661 1049 4699 cursus
1086 4643 1172 4700 sui
1193 4643 1522 4716 principium
1550 4654 1797 4716 cmperat,

199 4723 632 4777 ἀποκατάστασιν
698 4721 885 4769 vocant
955 4717 1180 4771 studiosi
1242 4734 1423 4772 rerum
1495 4719 1793 4774 ccelestium.

202 4794 529 4868 columella.
561 4795 745 4868 Potest
774 4809 902 4868 ergo
934 4802 987 4868 et
1017 4796 1291 4852 revolutio
1317 4796 1537 4852 Saturni
1568 4798 1798 4868 planetae

201 4866 272 4923 ad
320 4866 562 4939 primum
604 4866 772 4947 situm
821 4864 1075 4947 intelligi,
1122 4877 1216 4947 aut
1263 4864 1712 4947 turbatiore—erum
1745 4878 1799 4947 et

201 4936 551 5011 κατάστασις,
621 4936 865 5008 maligno
937 4936 1056 5010 ejus
1132 4939 1310 4995 sidere
1373 4938 1663 4995 concitata.
1729 4943 1801 4995 At
1866 4942 1873 4947 ’

202 5034 309 5100 ms.
358 5018 483 5100 Bip.
514 5015 1119 5100 _habet_apocasticus._
1147 5019 1413 5100 Bretchus
1460 5020 1798 5100 apostaticus,

202 5091 264 5147 id
301 5097 397 5163 est,
430 5087 791 5160 retrogradus
823 5103 840 5142 :
870 5100 965 5147 aut
1009 5092 1211 5164 potius,
1261 5087 1583 5158 contrarius,
1624 5087 1799 5146 male;

201 5164 357 5237 ﬁcus,

280 5234 399 5308 (69)
483 5240 843 5313 Κλίμαιτῆρις
905 5234 1173 5313 dicuntur
1232 5233 1365 5289 anni
1429 5234 1707 5300 scansiles,
1772 5250 1803 5289 a

202 5320 411 5393 κλίμαξ.
445 5312 593 5386 quod
635 5326 716 5373 est
765 5315 985 5390 gradus.
1036 5312 1377 5393 Vanissimas
1429 5313 1559 5393 istas
1622 5313 1802 5368 obser-

190 5388 460 5477 vationes
480 5396 595 5477 ipse
635 5388 848 5477 Plinius
876 5394 1015 5477 ridet
1046 5392 1143 5448 lib.
1177 5411 1277 5477 vri,
1300 5392 1524 5477 cap-.49
1556 5410 1566 5447 :
1597 5394 1804 5477 Rursus

209 5464 521 5539 zEsculapii
578 5474 732 5535 secta,
784 5467 985 5539 inquit,
1043 5482 1158 5535 qua,
1208 5471 1347 5539 stata
1386 5464 1514 5539 cita:
1559 5464 1731 5539 spatia
1770 5476 1804 5513 a

207 5540 376 5595 stellis
422 5535 590 5610 decipi
635 5539 779 5607 dicit,
818 5535 905 5593 sed
944 5535 1541 5610 quantumplurimum
1584 5536 1802 5600 tribuat,

209 5614 470 5668 incertum
504 5607 595 5667 est.
629 5612 779 5667 Rara
824 5607 997 5666 autem
1026 5626 1131 5663 esse
1173 5607 1352 5663 dicunt
1403 5607 1639 5677 longiora
1668 5611 1806 5661 tem-

205 5701 366 5764 pora,
404 5682 839 5764 quandoquidem
885 5680 1155 5737 momentis
1212 5680 1469 5764 horarum
1518 5678 1807 5764 insignibus

214 5748 361 5815 lunai
383 5748 656 5813 dierumvé
679 5760 870 5828 septem
896 5759 1053 5826 atque
1077 5768 1260 5811 novem
1290 5751 1431 5824 (quae
1458 5756 1600 5806 nocte
1626 5766 1687 5804 ac
1724 5748 1807 5804 die

1900 3331 2021 3371 sum
2051 3312 2349 3384 excepisse,
2381 3328 2451 3367 ne
2481 3308 2745 3381 impediat
2775 3306 2941 3362 saluti
2973 3322 3105 3363 mea:
3135 3305 3252 3378 ejus
3283 3306 3495 3364 incolu-

1901 3403 2083 3471 mitas,
2135 3400 2455 3472 dissipetur.
2509 3397 2684 3457 Credo
2739 3394 2911 3457 enim.
2960 3403 3014 3451 et
3065 3394 3183 3450 haec
3209 3393 3346 3451 ﬁdes
3376 3410 3498 3451 mea

1902 3500 2004 3560 est,
2027 3490 2176 3564 quod
2196 3489 2285 3546 his
2316 3487 2573 3545 omnibus
2601 3502 2721 3559 quae
2734 3482 3167 3543 Christianitatis
3184 3485 3273 3539 lex
3291 3483 3496 3541 abomi-

1902 3589 2070 3637 natur
2105 3587 2161 3636 et
2186 3577 2466 3651 prohibet,
2493 3576 2592 3631 sia
2619 3591 2705 3630 me
2735 3592 2805 3632 ex
2837 3574 3050 3647 integro
3080 3590 3423 3646 separavero,
3442 3582 3496 3631 et

1903 3677 2225 3745 praesentem
2259 3684 2470 3723 merear
2495 3668 2729 3721 salutem
2759 3664 3020 3737 consequi
3050 3672 3104 3719 et
3125 3664 3388 3720 futuram.

1972 3760 2064 3817 58.
2108 3757 2353 3822 Audiens
2399 3757 2517 3813 haec
2572 3755 2723 3811 ﬁlius
2776 3753 2895 3825 ejus
2960 3753 3246 3810 Tiburtius
3301 3752 3493 3812 dixit:

1901 3850 2065 3906 Nulla
2120 3847 2295 3920 patiar
2340 3846 2553 3901 ratione
2600 3844 2707 3900 hoc
2752 3860 2889 3916 opus
2938 3843 3236 3915 pretiosum
3267 3850 3321 3900 et
3348 3860 3498 3916 prai-

1903 3939 2127 4011 cipuum
2158 3946 2212 3994 et
2249 3934 2677 4009 incomparabile
2707 3932 2892 4005 dejici.
2925 3931 3029 3988 Sed
3054 3948 3123 3987 ne
3152 3940 3391 4004 paternas
3416 3949 3498 3990 sa-

1904 4029 2009 4084 luti
2059 4026 2252 4083 videar
2299 4027 2491 4083 venire
2534 4024 2863 4092 contrarius,
2913 4022 3231 4080 deferantur
3261 4022 3374 4079 duo
3402 4022 3498 4081 cli-

1904 4161 2271 4232 observantur)
2295 4161 2473 4232 ingens
2504 4161 2660 4215 turba
2687 4165 2959 4226 nascatur,
2990 4158 3208 4232 scansili
3235 4175 3500 4232 annorum

1906 4238 2007 4307 lege
2045 4229 2281 4301 occidua,
2329 4229 2490 4303 quam
2534 4233 2865 4307 climacteras
2898 4231 3197 4307 appellant,
3244 4247 3351 4285 non
3389 4229 3501 4301 fere

1904 4302 1980 4363 ita
2033 4307 2217 4377 genitis
2258 4302 2351 4359 Liv
2397 4321 2595 4377 annum
2647 4302 3023 4377 excedentibus.
3079 4303 3321 4377 Primum
3379 4318 3499 4377 ergo

1904 4373 2052 4434 artis'
2072 4379 2239 4449 ipsius
2262 4376 2613 4449 inconstantia
2643 4374 2881 4429 declarat
2906 4390 3067 4444 quam
3084 4373 3283 4449 incerta
3301 4390 3384 4429 res
3404 4375 3495 4427 sit.

1905 4444 2169 4506 Accedunt
2209 4447 2563 4519 experimenta
2590 4452 2635 4499 et
2663 4452 2899 4519 exempta
2928 4444 3267 4519 recentissimi
3294 4459 3498 4519 census,

1905 4539 2055 4593 quem
2074 4520 2215 4575 intra
2231 4515 2636 4593 quadriennium
2668 4515 3008 4593 imperatores
3038 4515 3277 4593 Caesares
3312 4515 3497 4593 Vespa-

1909 4583 2069 4664 siani,
2097 4583 2253 4663 pater
2264 4592 2530 4664 ﬁliusque,
2550 4608 2567 4641 ί
2578 4583 2783 4664 censores
2797 4592 3026 4664 egerunt.
3047 4585 3117 4664 Et
3132 4656 3143 4664 _
3157 4583 3495 4664 quibusdam

1908 4656 2209 4734 interje'ctis
2238 4656 2546 4734 exemplis,
2559 4658 2776 4714 subdit:
2800 4656 2930 4712 Alia
2948 4656 3293 4734 mortalitatis
3313 4656 3497 4734 incon-

1908 4727 2104 4791 stantia
2131 4754 2142 4791 :
2166 4727 2424 4790 Homerus
2451 4731 2624 4784 eadem
2648 4734 2790 4782 nocte
2808 4734 2960 4782 natos
2980 4727 3247 4781 Hectorem
3275 4732 3323 4780 et
3341 4727 3499 4795 Poly-

1908 4808 2159 4863 damanta
2194 4804 2380 4869 tradit,
2414 4808 2521 4857 tam
2567 4800 2786 4853 diversw
2812 4798 2971 4852 sortis
3011 4797 3172 4852 viros.
3295 4797 3496 4869 Mario,

1912 4881 2010 4935 Cn.
2048 4878 2285 4934 Carbone
2331 4864 2394 4929 iii
2438 4888 2567 4926 coss.
2610 4870 2679 4924 ad
2726 4869 2967 4938 quintum
3010 4868 3241 4923 Kalend.
3282 4864 3500 4935 lunias,

1908 4951 1984 5007 M.
2017 4949 2260 5006 Caecilius
2290 4944 2464 5013 Rufus
2501 4950 2547 4997 et
2580 4942 2639 4997 Ο.
2672 4940 3136 5013 LiciniusCalvus
3187 4938 3367 5013 eadem
3415 4939 3500 5013 die

1908 5022 2067 5091 geniti
2103 5025 2243 5079 sunt,
2276 5010 2539 5091 oratores
2563 5013 2773 5091 quidem
2816 5012 2989 5091 ambo,
3037 5011 3267 5091 sedtum
3291 5010 3501 5091 dispari

1909 5081 2110 5147 Eventu.
2143 5092 2252 5145 Hoc
2296 5087 2454 5142 etiam
2500 5085 2686 5139 iisdem
2732 5084 2878 5139 horis
2922 5084 3251 5138 nascentibus
3300 5081 3499 5137 intota

1909 5164 2104 5217 mundo
2152 5160 2382 5232 quotidie
2419 5156 2607 5232 evenit,
2643 5156 2951 5226 pariterque
2993 5154 3194 5210 domini
3245 5170 3307 5209 ac
3361 5152 3501 5209 servi

1909 5230 2215 5307 gignuntur,
2250 5248 2388 5307 reges
2416 5236 2464 5284 et
2492 5230 2687 5307 inopes:
2918 5296 2956 5307 ῃ
3198 5295 3234 5307 μ

1984 5306 2103 5377 (70)
2142 5294 2409 5377 Βὲθοὴῖιιιδ
2447 5308 2510 5377 et
2558 5294 3069 5377 quidamucodices,
3118 5295 3360 5377 reditus,
3400 5294 3497 5361 aL,

1912 5367 2212 5449 synedéthos
2236 5394 2255 5439 ;
2283 5373 2457 5449 al.,__si
2484 5367 2715 5437 inditus;
2742 5369 2834 5449 alii
2867 5377 3030 5449 recte,
3053 5367 3363 5449 sqndetos‘et
3383 5382 3503 5436 syn-

1913 5438 2080 5517 dvetus,
2114 5448 2169 5503 id
2201 5438 2282 5502 est
2309 5438 2618 5517 colligatus,
2642 5441 2987 5508 convinctus;
3004 5440 3144 5495 forte
3178 5438 3500 5510 syndesmos,

1912 5528 2346 5663 ωἳθῖῗδᾞῗάδω
2375 5588 2610 5663 codices,
2624 5581 3153 5656 stigmate.Brechtus
3167 5580 3275 5640 hoc
3289 5579 3500 5640 omisit.

1988 5661 2105 5736 (72)
2130 5664 2246 5730 AL,
2272 5661 2457 5735 puncti
2484 5665 2677 5715 atomo.
