3940 6378
533 374 668 438 1139

1551 381 1645 436 AD
1685 379 1920 438 OPERA
1957 379 2012 438 S.
2055 379 2392 438 AMBROSII
2429 379 2812 438 APPENDIX.

3697 377 3822 435 1140

527 503 656 560 bani
687 511 739 559 et
772 503 987 560 accensi
1025 510 1156 560 ante
1181 503 1408 577 januam
1452 505 1696 562 cubiculi
1729 514 2122 578 praeparentur,
2153 509 2204 568 Α
2237 506 2402 562 nibus
2448 507 2720 578 peccatis;
2753 515 2809 562 at
2853 506 2950 562 ille
2991 505 3068 562 ait
3101 524 3113 562 :
3147 507 3257 563 Ista
3287 506 3442 580 prius
3465 505 3708 562 debuisti
3740 505 3821 560 in.

528 599 591 646 ut
630 589 764 645 dum
815 590 1155 650 destructum
1203 594 1271 650 ab
1321 595 1401 651 eis
1456 595 1644 664 fuerit,
1693 603 1748 651 et
1792 604 1945 668 pater
1972 613 2125 654 meus

529 697 643 736 non
672 680 938 752 receperit
965 683 1278 752 sanitatem,
1322 685 1486 740 ambo
1520 685 1576 740 in
1615 685 1847 758 singulis
1891 686 2126 743 clibanis

530 769 854 826 ardentibus
900 771 1307 844 demergautur.
1348 774 1598 830 Audiens
1635 773 1752 830 haec
1795 781 1948 846 pater
1983 772 2124 846 ejus,

530 859 861 934 prohibebat
903 860 1045 917 ﬁeri.
1091 861 1276 918 Sancti
1308 879 1441 919 vero
1495 880 1604 918 non
1643 865 1820 920 solum
1859 879 1971 920 non
2001 880 2126 920 me-

530 951 762 1007 tuebant
820 950 1151 1023 promissum
1198 951 1459 1022 exitium,
1517 970 1709 1010 verum
1764 952 1930 1010 etiam
1985 970 2126 1010 con-

531 1048 739 1097 stanter
766 1041 1057 1111 praeparari
1085 1041 1332 1098 clibanos
1360 1042 1742 1101 hortabantur.

599 1129 852 1186 59.Tunc
879 1138 1224 1186 accesserunt
1244 1131 1314 1186 ad
1335 1131 1592 1189 universa
1621 1133 1771 1190 idola
1801 1133 2128 1207 crystallina

533 1226 586 1274 et
610 1217 936 1286 holovitrea,
969 1227 1023 1275 et
1069 1235 1232 1276 omne
1261 1235 1398 1292 opus
1427 1221 1568 1276 illud
1607 1223 1990 1280 mechanicum
2033 1240 2044 1278 :
2075 1229 2130 1278 et

532 1309 740 1376 subito,
771 1308 904 1365 dum
953 1317 1268 1367 sanctorum
1307 1313 1564 1370 manibus
1592 1314 1991 1386 frangerentur,
2022 1325 2129 1384 ap-

533 1397 716 1470 paruit
745 1404 870 1454 ante
916 1399 1106 1454 oculos
1157 1398 1466 1458 Chromatii
1492 1400 1738 1472 juvenis,
1769 1402 1928 1474 cujus
1963 1401 2129 1456 facies

533 1487 788 1544 flammeo
815 1487 1062 1544 radiabat
1082 1496 1324 1560 aspectu,
1352 1497 1408 1546 et
1431 1491 1577 1546 dixit
1607 1491 1688 1547 ei:
1715 1491 1866 1547 Misit
1893 1507 1980 1546 me
2008 1493 2128 1547 Do-

533 1577 720 1634 minus
749 1593 903 1633 meus
947 1579 1102 1634 Jesus
1130 1579 1404 1648 Christus,
1445 1581 1534 1637 cui
1573 1581 1878 1648 credidisti,
1909 1589 1972 1637 ut
1999 1598 2129 1637 om—

535 1667 693 1723 nium
723 1667 1098 1724 membrorum
1151 1676 1375 1725 tuorum
1432 1670 1663 1742 recipias
1705 1671 2013 1728 sanitatem.
2044 1669 2130 1727 Ad

2233 595 2450 668 quirere
2495 605 2788 668 antequam
2819 595 2916 651 has
2946 596 3098 652 aulas
3131 595 3272 668 regis
3303 595 3420 666 (74)
3451 595 3717 650 caelorum
3748 593 3822 649 in-

2233 691 2454 740 trarem.
2501 686 2660 742 Nunc
2705 692 2886 741 autem
2918 683 3203 762 reinduam
3236 700 3322 738 me
3353 699 3467 739 non
3504 682 3822 754 baptizatus,

2234 780 2296 828 ut
2325 773 2584 829 omnibus
2630 775 2802 846 prius,
2833 773 3034 846 quibus
3076 789 3200 829 sum
3248 773 3440 840 iratus,
3476 773 3822 844 indulgeam;

2235 861 2494 918 omnibus
2533 861 2874 918 debitoribus
2925 862 3062 917 meis
3100 861 3464 934 chimgrapha
3503 861 3823 927 restituam;

2235 949 2282 1006 si
2310 949 2400 1006 cui
2427 949 2637 1024 aliquid
2665 951 2935 1006 violenter
2963 950 3188 1018 abstuli,
3212 950 3488 1021 integrum
3511 947 3672 1029 reddi
3699 963 3825 1020 prae-

2235 1039 2434 1111 cipiam
2468 1057 2480 1096 :
2514 1041 2636 1096 duae
2680 1039 2819 1096 mihi
2865 1049 2986 1112 post
3031 1041 3223 1096 uxoris
3260 1040 3474 1096 obitum
3507 1037 3826 1096 concubinis

2235 1135 2386 1196 sunt,
2413 1137 2468 1186 et
2497 1129 2618 1185 istis
2646 1129 2828 1186 dotem
2850 1137 2904 1186 et
2919 1129 3144 1187 maritos
3165 1129 3396 1198 tradam,
3419 1129 3488 1185 ab
3507 1127 3666 1185 omni
3688 1143 3828 1184 nexu

2236 1215 2445 1285 servili,
2476 1216 2736 1289 ingenuo,
2759 1219 2995 1290 privato,
3025 1219 3114 1274 vel
3159 1218 3382 1290 publico
3413 1225 3642 1274 actuum
3691 1231 3828 1272 meo-

2237 1324 2359 1362 rum
2389 1309 2666 1364 exsolvam
2705 1328 2716 1366 :
2749 1317 2805 1364 et
2837 1309 2912 1366 ita
2940 1309 3162 1365 demum
3194 1309 3508 1380 promittam
3553 1307 3827 1363 renuntia-

2237 1405 2423 1452 turum
2469 1413 2556 1453 me
2584 1397 2840 1453 omnibus
2885 1397 3120 1469 peccatis
3163 1397 3452 1454 diabolicis
3481 1405 3536 1452 et
3579 1397 3830 1467 volupta-

2237 1489 2386 1546 tibus
2427 1489 2641 1545 mundi.
2690 1489 2838 1546 Dicit
2881 1491 2932 1546 ei
2971 1490 3308 1562 Polycarpus
3337 1489 3628 1562 presbyter
3660 1505 3673 1544 :
3707 1487 3829 1542 Bea-

2236 1577 2431 1634 tiorem
2467 1585 2520 1633 te
2569 1578 2807 1634 caelestis
2851 1578 3001 1634 unda
3054 1577 3369 1650 perfundet,
3425 1593 3553 1634 cum
3599 1593 3668 1632 ea
3715 1590 3832 1647 qua

2237 1668 2466 1724 arbitrio
2491 1675 2588 1724 tuo
2616 1668 2756 1726 dicis
2784 1677 2838 1726 te
2871 1685 2986 1726 esse
3016 1669 3314 1736 facturum,
3335 1676 3452 1724 tota
3479 1666 3832 1724 festinatione

532 1755 676 1813 hanc
703 1773 893 1812 vocem
934 1756 1258 1814 sanissimus
1287 1756 1536 1814 redditus
1565 1759 1732 1831 coapit
1759 1775 1981 1816 currere
2008 1768 2132 1830 post
2239 1757 2600 1829 compleveris
2633 1776 2644 1814 :
2679 1773 2805 1814 nam
2855 1765 2909 1814 et
2955 1757 3384 1832 quadragesimus
3438 1764 3659 1828 tempus
3713 1753 3831 1811 ideo

526 1845 808 1917 juvenem,
849 1854 911 1902 ut
967 1845 1130 1919 pedes
1176 1845 1296 1918 ejus
1341 1847 1698 1905 oscularetur.
1741 1849 1816 1905 At
1843 1848 1938 1904 ille
1980 1847 2126 1904 dixit
2159 1859 2205 1920 Β
2236 1846 2578 1919 baptizandis
2625 1846 2956 1919 injungitur,
2987 1855 3050 1903 ut
3103 1855 3184 1904 tot
3223 1846 3418 1903 diebus
3463 1845 3580 1918 (75)
3617 1843 3727 1916 ipsi
3757 1842 3830 1898 di-

533 1936 584 1992 ei
609 1953 620 1992 :
641 1935 781 1992 Vide
802 1951 871 1991 ne
890 1937 1178 2010 contingas
1202 1953 1310 2006 me,
1351 1936 1481 2010 quia
1509 1937 1756 1994 nondum
1782 1937 2127 2010 baptismatis

533 2023 896 2082 sanctiﬁcatio
923 2033 978 2081 te
1011 2042 1042 2081 a
1075 2025 1426 2098 squaloribus
1474 2027 1654 2084 abluit
1701 2027 1997 2083 idolorum.
2032 2025 2125 2082 Vi-

533 2113 668 2170 dens
697 2113 814 2170 haec
839 2113 1125 2170 Tiburtius
1170 2114 1322 2172 ﬁlius
1353 2115 1493 2188 ejus,
1521 2114 1840 2171 advolvitur
1869 2115 1936 2172 ad
1966 2115 2127 2187 pedes

535 2201 594 2258 S.
654 2202 965 2275 Polycarpi.
1028 2204 1149 2274 Ipse
1197 2210 1380 2258 autem
1431 2203 1783 2260 Chromatius
1835 2203 2128 2276 praefectus

535 2290 870 2361 astringebat
898 2291 1112 2364 plantas
1142 2290 1197 2346 S.
1222 2290 1549 2356 Sebastiani,
1580 2300 1635 2346 et
1663 2290 1824 2345 ambo
1854 2307 1962 2346 una
1992 2305 2127 2346 voce

535 2383 846 2440 clamabant
874 2400 886 2438 :
921 2383 1098 2440 Verus
1126 2385 1273 2440 Deus
1302 2391 1383 2438 est
1413 2381 1688 2449 Christus,
1725 2397 1890 2437 verus
1913 2391 1966 2438 et
1997 2398 2126 2437 om-

534 2472 790 2545 nipotens
829 2471 1151 2544 unigenitus
1211 2471 1387 2529 Filius
1437 2470 1560 2540 Dei,
1610 2486 1772 2544 quem
1816 2471 2126 2544 praedicatis

535 2560 670 2619 boni
698 2562 941 2620 ministri
970 2561 1106 2634 ejus.

1101 2707 1329 2766 CAPUT
1377 2708 1558 2768 XVII.

862 2815 1156 2876 Chromatii
1169 2822 1219 2871 et
1245 2815 1473 2874 Tiburtii
1500 2817 1806 2889 baptismus.

610 2953 701 3010 60.
737 2953 892 3008 Tunc
919 2951 982 3006 B.
1017 2949 1368 3009 Sebastianus
1396 2951 1544 3008 dixit
1569 2951 1891 3010 Chromatio
1921 2971 1932 3010 :
1974 2953 2128 3013 Sicut

539 3042 655 3113 ipse
703 3041 848 3097 nosti
882 3083 897 3109 ,
953 3038 1326 3112 principatum
1375 3041 1568 3112 primae
1607 3041 1852 3098 cohortis
1881 3059 2000 3116 ago,
2033 3045 2128 3100 sed

535 3137 723 3186 utrum
771 3131 844 3184 sit
882 3129 1085 3184 militia
1141 3129 1258 3201 (73)
1312 3128 1577 3199 hominis,
1618 3131 1829 3188 nescire
1860 3131 1994 3188 olim
2022 3133 2128 3190 de-

2235 1943 2388 1994 scant
2416 1936 2826 1992 renuntiaturos
2854 1952 2911 1992 se
2941 1951 3056 1992 esse
3083 1935 3342 1992 omnibus
3369 1935 3582 1992 artibus
3615 1930 3831 1989 inimici

2235 2037 2289 2083 et
2339 2025 2532 2082 mundi
2577 2026 2944 2096 commerciis,
2984 2026 3031 2082 si
3076 2025 3172 2100 qui
3212 2025 3497 2082 verissime
3543 2024 3695 2082 efﬁci
3743 2039 3832 2078 vo-

2235 2117 2359 2172 lunt
2390 2115 2710 2173 Christiani.

2305 2211 2394 2268 62.
2426 2213 2585 2268 Tunc
2613 2212 2896 2269 Tiburtius
2916 2212 3144 2284 juvenis
3172 2211 3614 2286 sapientissimus
3647 2209 3826 2268 dixit:

2235 2299 2414 2380 Pater,
2445 2299 2492 2353 si
2523 2299 2624 2353 tibi
2655 2316 2754 2370 pro
2783 2301 3166 2357 renuntiandis
3208 2303 3444 2372 negotiis
3473 2309 3698 2372 tempus
3723 2297 3828 2354 ﬂa-

2237 2388 2394 2457 gitas,
2425 2402 2524 2457 ego
2552 2387 2648 2458 qui
2673 2389 2856 2444 adhuc
2887 2398 3242 2462 suscepturus
3270 2407 3418 2447 eram
3448 2389 3676 2462 negotia
3705 2389 3830 2456 fori,

2234 2479 2338 2536 soli
2367 2478 2730 2550 susceptionis
2752 2480 3023 2536 voluntati
3053 2483 3310 2538 renuntio
3343 2501 3356 2538 :
3391 2490 3447 2537 et
3475 2483 3568 2555 qui
3613 2482 3834 2540 futurus

2235 2585 2379 2624 eram
2412 2567 2710 2624 advocatus
2754 2567 2822 2624 ad
2851 2567 3086 2639 agendas
3116 2585 3306 2626 causas
3335 2571 3690 2639 mortalium,
3727 2587 3833 2628 sus-

2236 2655 2436 2729 cipiam
2469 2655 2962 2726 Christianitatem,
2993 2657 3062 2714 ad
3091 2657 3324 2730 agendas
3354 2659 3601 2714 actiones
3633 2659 3835 2732 angeli-

2235 2761 2346 2814 cas,
2376 2761 2502 2802 cum
2546 2762 2690 2802 unus
2724 2761 2838 2802 esse
2867 2761 3082 2817 coepero
3118 2762 3188 2802 ex
3229 2763 3421 2802 eorum
3451 2763 3718 2814 numero,
3749 2747 3836 2822 qui

2237 2841 2495 2890 aeternam
2546 2835 2718 2890 vitam
2764 2833 3063 2906 accipiunt,
3097 2841 3152 2890 et
3199 2834 3517 2891 efﬁciuntur
3565 2835 3836 2893 causidici

2236 2925 2563 2983 sanctitatis.
2612 2925 2766 2980 Tunc
2809 2924 3152 2995 amplexatus
3194 2933 3276 2980 est
3314 2939 3440 2980 eum
3470 2925 3532 2979 B.
3567 2923 3838 2980 Sebastia-

2237 3030 2386 3070 nus:
2428 3029 2589 3086 quem
2638 3029 2764 3068 cum
2820 3012 3144 3084 baptizasset
3189 3013 3244 3068 S.
3303 3013 3669 3085 Polycarpus,
3729 3013 3837 3084 ipse

2235 3113 2390 3176 pater
2420 3101 2785 3174 susceptionis
2813 3101 2930 3173 ejus
2959 3108 3041 3158 est
3070 3101 3266 3158 factus.

536 3217 708 3285 crevi,
760 3234 861 3274 nec
889 3218 1110 3274 vellem.
1159 3197 1246 3274 Ad
1280 3217 1386 3276 hoc
1424 3197 1639 3275 tantum
1684 3220 1788 3277 sub
1833 3221 2126 3296 chlamyde
2160 3215 2204 3276 C
2251 3200 2395 3296 __63-
2431 3199 2604 3296 Ῑείίξξτ
2631 3199 2763 3296 ἀαξη
2791 3199 2949 3296 Ρῆιιιοί
2979 3198 3276 3296 ῆάφεξᾷυω
3294 3197 3569 3296 fama“?
3601 3197 3837 3296 fuisse?

537 3305 706 3364 latere
733 3305 913 3375 volui,
943 3312 1007 3360 ut
1042 3305 1358 3362 nutantium
1418 3306 1632 3363 animos
1663 3307 2016 3378 instruerem,
2072 3318 2127 3366 et

535 3393 850 3450 dubitantes
868 3403 1178 3452 constantes
1205 3395 1500 3464 efﬁcerem,
1521 3412 1590 3452 ne
1609 3397 1927 3469 passionum
1957 3398 2127 3455 dolo—

536 3484 692 3541 ribus
745 3485 1018 3553 cederent,
1065 3502 1202 3558 quos
1251 3485 1387 3543 ﬁdes
1433 3487 1635 3545 fecerat
1684 3488 1994 3545 bellatores.
2045 3489 2127 3544 Tu

540 3586 724 3635 autem
773 3577 1122 3651 amplissimae
1174 3578 1462 3651 potestatis
1512 3578 1720 3651 apicem
1773 3597 1984 3652 gerens,
2013 3598 2124 3638 non

535 3677 690 3740 potes
733 3665 1086 3739 temetipsum
1119 3683 1222 3724 nec
1262 3683 1295 3723 a
1350 3667 1680 3739 spectaculis
1709 3669 1920 3737 tollere,
1950 3685 2126 3742 neque

529 3757 849 3832 judicandis
878 3759 1114 3832 negotiis
1137 3759 1441 3816 absentare.
1485 3759 1764 3817 Simulans
1785 3760 1953 3833 igitur
1974 3762 2126 3834 aegri-

534 3847 806 3917 tudinem,
855 3847 962 3905 tibi
1007 3847 1112 3920 ipsi
1166 3849 1386 3920 postula
1429 3866 1818 3918 successorem,
1861 3857 1924 3906 ut
1953 3851 2128 3922 possis

534 3937 674 3994 liber
721 3935 788 3992 ad
837 3935 1292 4008 occupationibus
1343 3937 1557 4007 mundi,
1589 3937 1790 3994 futura
1820 3939 1949 3995 vitae
1977 3939 2126 3995 rudi-

535 4035 723 4084 menta
747 4027 1044 4100 suscipere,
1067 4033 1131 4082 ut
1149 4028 1389 4085 secunda
1420 4029 1711 4086 nativitate
1739 4027 1940 4085 iterum
1966 4037 2128 4085 natus

533 4115 752 4172 aeternis
789 4115 1044 4172 eﬂiciaris
1073 4116 1395 4187 parentibus
1441 4119 1640 4190 proles.
1685 4117 1894 4173 Eodem
1941 4117 2126 4190 itaque

532 4199 624 4260 die
662 4201 838 4258 mittit
881 4201 951 4258 ad
993 4203 1200 4260 amicos
1243 4220 1372 4260 suos
1420 4206 1479 4260 in
1516 4204 1722 4277 palatio
1773 4206 2000 4276 positos,
2030 4221 2126 4277 per

535 4305 672 4362 quos
700 4287 1098 4345 testimonialia
1126 4291 1331 4363 scripta
1359 4292 1683 4363 suscipiens,
1701 4292 2023 4350 tirocinium
2044 4293 2125 4351 di-

531 4377 677 4434 vinas
707 4377 924 4434 militiae
949 4386 1240 4450 antequam
1271 4379 1638 4452 baptizaretur
1665 4382 1892 4455 accepit.

601 4469 689 4526 61.
723 4469 868 4537 Quid
901 4487 1219 4541 memorem,
1241 4488 1405 4546 quam
1431 4472 1764 4544 plenissimae
1780 4473 1910 4531 ﬁdei
1929 4475 2120 4544 fuerit,

2235 3287 2372 3356 dies,
2397 3287 2656 3344 omnibus
2675 3287 2778 3342 rite
2799 3281 3202 3342 abrenuntiatis
3231 3303 3264 3342 a
3288 3285 3611 3344 Chromatio
3642 3286 3834 3344 mundi

2234 3376 2490 3448 negotiis,
2513 3376 2753 3448 suscepit
2772 3375 3125 3434 Chromatius
3143 3376 3284 3432 sacri
3309 3375 3663 3448 baptismatis
3683 3375 3834 3432 novi-

2233 3474 2402 3523 tatem
2437 3484 2448 3522 :
2483 3473 2538 3522 et
2579 3482 2706 3523 cum
2754 3465 2944 3521 eodem
2993 3480 3062 3520 ex
3105 3464 3319 3520 familia
3363 3464 3484 3536 ejus
3531 3465 3833 3536 promiscui

2234 3571 2399 3611 sexus
2427 3555 2580 3610 mille
2609 3553 3020 3628 quadringenta
3053 3553 3269 3621 animae,
3302 3569 3440 3626 quos
3469 3569 3668 3610 omnes
3688 3554 3833 3626 prius

2235 3643 2690 3701 manumissionis
2718 3643 2890 3715 gratia
2917 3657 2950 3698 a
2984 3643 3270 3699 servitutis
3312 3643 3458 3700 nodo
3478 3643 3756 3712 exsolvit,
3783 3650 3832 3700 et

2235 3733 2395 3790 donis
2422 3733 2648 3806 optimis
2675 3730 2962 3800 instruxit,
2990 3730 3179 3788 dicens
3225 3731 3330 3788 hoc
3363 3749 3374 3786 :
3409 3731 3497 3787 Illi
3529 3731 3630 3804 qui
3661 3733 3828 3789 Deum

2234 3823 2510 3894 incipiunt
2537 3820 2737 3878 habere
2777 3827 3008 3893 patrem,
3040 3819 3186 3876 servi
3220 3818 3465 3876 hominis
3488 3835 3606 3876 non
3634 3818 3830 3877 debent

2234 3927 2368 3969 esse.

2795 4063 3024 4125 CAPUT
3052 4064 3257 4124 XVIII.

2239 4172 2594 4239 Chromatius,
2617 4171 2940 4246 prcefectura
2984 4170 3140 4229 Urbis
3165 4171 3430 4242 abdicata,
3447 4175 3824 4246 persecutionis

2657 4268 2884 4333 tempore
2915 4261 3247 4318 Christianos
3273 4262 3396 4319 alit.

2299 4386 2387 4442 64.
2463 4386 2596 4442 Erat
2659 4393 2841 4442 autem
2913 4401 3054 4458 papa
3125 4386 3279 4444 urbis
3344 4389 3533 4446 Romae
3605 4391 3824 4448 nomine

2230 4477 2392 4536 Caius
2427 4477 2566 4550 (76),
2610 4477 2699 4534 vir
2752 4495 2959 4550 magna;
3007 4478 3315 4550 prudentiae
3361 4497 3684 4555 magnaeque
3721 4482 3821 4538 vir-

529 4575 804 4632 quamque
825 4561 970 4618 acris
990 4560 1196 4634 ingenii
1215 4569 1408 4618 contra
1433 4561 1741 4618 inﬁdelium
1773 4573 1978 4621 asserta
1995 4581 2124 4620 con-
2152 4569 2200 4628 D
2234 4567 2386 4633 tutis,
2421 4565 2820 4637 imperantibus
2850 4565 3053 4624 Carino
3085 4567 3226 4638 (77),
3261 4567 3608 4626 Diocletiano
3638 4579 3695 4628 et
3721 4572 3822 4628 Ma-

527 4647 782 4706 stiterit?
838 4651 1083 4724 Sequens
1117 4651 1280 4708 lectio
1327 4652 1660 4709 manifestat.
1704 4653 1842 4710 Nam
1871 4653 1930 4709 in
1962 4653 2122 4712 initio

529 4737 770 4810 qualiter
798 4739 870 4796 sit
901 4741 1232 4798 sacrosancti
1260 4741 1432 4798 fontis
1451 4743 1600 4798 unda
1616 4743 1888 4814 perfusus,
1914 4745 2115 4802 mentis

528 4824 646 4898 ejus
672 4826 808 4884 ﬁdes
839 4827 1124 4885 evidenter
1151 4828 1748 4902 enituit.Interrogatus
1771 4831 1818 4886 si
1847 4829 2116 4898 crederet,

525 4915 892 4974 dixit:Credo.
917 4918 1121 4974 Iterum
1143 4917 1530 4992 interrogatus,
1554 4929 1742 4976 utrum
1763 4919 2116 4977 abrenuntia-

523 5017 609 5065 ret
629 5009 886 5066 omnibus
906 5009 1090 5080 idolis,
1109 5010 1421 5084 respondit:
1439 5011 1803 5070 Abrenuntio.
1824 5013 2118 5068 Prosecuta

523 5105 605 5154 est
633 5098 992 5172 interrogatio
1037 5099 1354 5170 sacerdotis,
1387 5109 1576 5158 utrum
1607 5100 1952 5158 renuntiaret
2000 5117 2114 5158 om-

593 5291 710 5362 (73)
739 5291 870 5349 Mss.
904 5289 1188 5361 Rebdorf.,
1217 5291 1450 5348 malitia.

621 5363 710 5432 74)
741 5363 856 5432 AL,
887 5363 1054 5432 regni.

620 5434 709 5503 75)
741 5435 855 5498 AL,
888 5435 1008 5489 totis
1038 5435 1238 5492 diebus.

619 5505 706 5574 76)
744 5505 960 5579 Colitur
987 5505 1041 5562 S.
1057 5506 1234 5579 Caius
1259 5522 1398 5579 papa
1424 5507 1494 5579 22
1521 5504 1722 5577 April.;
1754 5508 1897 5565 sedit
1925 5525 1957 5564 a
1983 5523 2113 5563 con-

517 5574 704 5652 sulatu_
741 5574 865 5652 Cari
892 5593 949 5652 ιε
962 5585 1016 5652 et
1045 5574 1379 5652 Carinifan.
1431 5574 1626 5652 chroji.
1669 5579 2014 5652 283,Uusque
2039 5579 2110 5634 ad

515 5644 861 5770 ggpgglagqréi
916 5644 1248 5704 Diocletiani
1307 5665 1381 5716 vr,
1427 5657 1485 5706 et
1539 5644 1846 5707 Constantii
1903 5644 1964 5718 ιὶ,
2013 5666 2104 5705 an.

2229 4655 2500 4711 ximiano.
2543 4654 2648 4710 Sed
2685 4655 3064 4712 Diocletianus
3096 4657 3155 4711 in
3184 4656 3326 4712 Urbe
3355 4667 3471 4714 erat
3497 4674 3627 4717 cum
3658 4661 3820 4718 Maxi-

2230 4745 2414 4800 miano
2447 4761 2458 4800 :
2493 4743 2725 4802 Carinus
2753 4751 2934 4800 autem
2981 4752 3096 4800 erat
3136 4761 3263 4802 cum
3306 4746 3458 4802 omni
3489 4750 3742 4807 exercitu
3766 4750 3820 4806 in

2228 4833 2474 4904 partibus
2521 4833 2824 4888 Galliarum
2873 4832 3083 4904 positus
3116 4839 3208 4890 :et
3261 4832 3380 4906 ejus
3420 4834 3635 4893 intuitu
3682 4839 3818 4895 lenta

2229 4925 2534 4996 persecutio
2549 4923 2881 4982 Diocletiani
2895 4923 3043 4980 circa
3056 4924 3400 4982 Christianos
3419 4943 3537 4982 esse
3551 4938 3786 5002 cmperat
3802 4947 3814 4996 ;

2227 5015 2358 5088 quia
2398 5015 2632 5073 Carinus
2683 5013 2798 5086 (78)
2849 5013 3083 5071 habebat
3132 5016 3347 5089 aliquos
3399 5015 3634 5088 amicos,
3691 5035 3818 5094 quos

2225 5102 2392 5175 hujus
2415 5102 2567 5160 tituli
2593 5101 2863 5175 professio
2891 5100 3204 5161 decorabat.

2303 5295 2420 5367 (77)
2439 5293 2670 5353 Carinus
2689 5292 2791 5367 sub
2806 5293 2970 5350 ﬁnem
2985 5294 3117 5351 anni
3134 5295 3238 5354 282
3260 5295 3438 5356 Caesar
3449 5309 3667 5359 creatus
3685 5302 3812 5361 Caro

2222 5374 2375 5442 patre
2413 5367 2474 5442 _in
2519 5366 2871 5442 expeditione
2915 5367 3134 5442 Persica
3168 5368 3282 5425 ictu
3312 5370 3588 5442 fulminis,
3622 5374 3810 5430 Nume-

2223 5437 2378 5492 riano
2403 5437 2739 5526 fratrenlép'ri
2773 5437 2948 5526 soceri
2980 5437 3512 5526 fraudeexstinctis,
3543 5437 3662 5526 ipse
3690 5463 3810 5518 quo-

2222 5525 2326 5580 que
2353 5525 2498 5564 anno
2529 5509 2652 5578 285,
2674 5509 3006 5566 Diocletiani
3039 5527 3098 5578 ιι,
3131 5509 3199 5566 ab
3229 5509 3335 5568 hoc
3360 5509 3542 5571 victus
3562 5509 3808 5574 interem-

2219 5587 2452 5652 ptusque
2481 5588 2583 5636 est.

2293 5653 2312 5727 ς
2321 5651 2410 5720 78)
2439 5653 2557 5707 Huc
2577 5651 2806 5727 fortasse
2827 5651 3068 5727 respexit
3083 5653 3354 5727 Vopiscus
3370 5655 3436 5712 de
3457 5673 3522 5712 eo
3544 5659 3802 5725 scribens,

2218 5721 2346 5778 odio
2376 5729 2576 5779 nostra:
2605 5721 2888 5796 religionis
2914 5721 2933 5779 Ξ
2966 5721 3428 5800 Amicos-optimos
3455 5745 3691 5804 quosque
3719 5721 3806 5788 re;-
