3940 6392
156 387 294 448 1141

151 612 492 670 Maximiano
534 621 588 670 et
619 612 891 687 Aquilino
923 613 1063 686 (80),
1094 613 1434 683 consulibus,
1487 613 1630 670 facta
1673 621 1757 670 est

155 701 466 778 persecutio
498 703 646 771 talis,
703 710 764 759 ut
816 703 1006 758 nullus
1061 711 1268 760 emeret
1296 703 1383 758 vel
1414 702 1756 760 venundaret

154 792 512 866 aliquidrnisi
542 791 637 866 qui
672 790 1000 848 statunculis
1030 790 1147 862 (81)
1211 791 1403 863 positis
1434 791 1489 846 in
1520 808 1584 847 eo
1611 792 1752 860 loco,

153 865 500 939 ubiemendi
527 881 701 954 gratia
727 890 951 937 ventum
985 881 1193 948 fuisset,
1217 880 1397 936 thuris
1413 879 1756 936 exhibuisset

154 970 465 1028 incensum.
515 971 674 1028 Circa
729 969 938 1026 insulas
987 970 1128 1040 (82),
1187 968 1333 1026 circa
1381 971 1555 1036 vicos,
1609 973 1754 1028 circa

154 1061 451 1135 nymphaea
483 1061 600 1134 (83)
625 1077 842 1134 quoque
871 1067 1026 1115 erant
1047 1059 1208 1132 positi
1241 1061 1632 1132 compulsores,
1657 1062 1752 1135 qui

155 1167 336 1224 neque
369 1149 586 1206 emendi
608 1150 820 1220 copiam
851 1149 1068 1216 darent,
1103 1157 1197 1204 aut
1236 1147 1524 1204 hauriendi
1556 1166 1752 1224 aquam

155 1238 332 1310 ipsam
389 1239 709 1296 facultatem
762 1237 1089 1306 tribuerent,
1121 1237 1228 1294 nisi
1285 1238 1380 1311 qui
1428 1237 1594 1295 idolis
1619 1239 1752 1296 deli-

153 1327 396 1384 bassent.

223 1423 315 1480 66.
349 1423 502 1480 Tunc
528 1422 584 1481 S.
617 1421 735 1480 Caii
767 1422 1007 1496 episcopi
1049 1423 1284 1480 consilio
1323 1423 1534 1494 habito,
1583 1424 1752 1483 Chro-

152 1511 361 1569 matius
383 1511 616 1568 illustris
645 1512 734 1567 vir
761 1529 952 1568 omnes
979 1511 1321 1570 Christianos
1350 1514 1408 1569 in
1433 1514 1617 1581 [domo
1655 1531 1754 1570 sua

152 1601 418 1674 suscepit,
450 1609 504 1657 et
532 1601 818 1657 universos
850 1601 926 1656 ita
941 1601 1180 1670 fovebat,
1216 1609 1278 1658 ut
1308 1604 1494 1659 nullus
1523 1603 1752 1660 omnino

152 1689 502 1746 sacriﬁcandi
555 1689 868 1746 necessitati
916 1690 1314 1748 succumberet.
1375 1691 1577 1749 Verum
1623 1693 1753 1765 quia

151 1787 308 1836 tanta
348 1779 434 1836 vis
471 1779 869 1852 persecutionis
918 1779 1222 1848 exstiterat,
1281 1787 1343 1835 ut
1399 1781 1586 1852 opinio
1635 1781 1752 1854 ipsa

1413 389 1603 448 ACTA
1640 389 1696 447 S.
1737 390 2171 448 SEBASTIANI.

223 523 314 582 65.
332 522 507 596 Igitur
519 522 702 582 occiso
718 521 922 582 Carino
943 521 999 578 in
1016 522 1241 581 civitate
1253 522 1598 596 Maguntiaco
1613 525 1754 598 (79),
1784 530 1832 589 Α

3321 397 3460 457 1142

1864 553 1926 600 ιιι
1954 544 2012 600 hi
2043 545 2139 618 qui
2169 545 2423 618 martyrii
2451 544 2669 618 pondus
2710 561 2768 602 se
2796 561 2952 618 posse
2979 547 3220 620 perferre
3250 548 3455 624 despe-

1865 641 2009 700 rant,
2039 634 2402 691 confessionis
2424 634 2653 707 gratiam
2684 641 2928 702 teneant,
2985 646 3038 694 et
3063 636 3255 696 dantes
3310 642 3456 700 latus

1866 725 1982 797 (86)
2016 725 2373 794 bellantibus,
2406 726 2614 784 Christi
2652 726 2920 795 militum,
2943 728 3038 801 qui
3061 747 3158 802 pro
3187 731 3306 803 ejus
3325 743 3456 791 sunt

1863 815 2088 872 nomine
2118 816 2433 888 pugnaturi,
2483 816 2918 872 sollicitudinem
2949 826 3158 890 gerant.
3221 821 3458 895 Pergant

1863 903 2048 977 itaque
2073 905 2169 977 qui
2208 905 2404 961 volunt
2431 921 2541 960 una
2561 922 2685 960 cum
2715 905 2848 962 ﬁliis
2895 907 3101 964 nostris
3135 907 3456 968 Chromatio

1863 1001 1915 1048 et
1945 994 2216 1064 Tiburtio,
2247 1005 2302 1052 et
2333 1011 2550 1052 mecum
2597 996 2655 1051 in
2703 996 2806 1054 hac
2835 996 2970 1052 urbe
3023 999 3118 1071 qui
3175 1001 3456 1059 voluerint

1863 1093 2139 1140 maneant.
2181 1085 2303 1140 Non
2333 1084 2481 1140 enim
2511 1102 2610 1142 nos
2649 1093 2918 1142 terrarum
2953 1088 3129 1160 spatia
3175 1088 3454 1160 divident,

1863 1189 1998 1245 quos
2027 1173 2230 1232 Christi
2261 1174 2501 1231 charitas
2529 1177 2722 1246 nectit,
2751 1194 2853 1234 nec
2881 1178 3186 1236 absentiam
3213 1187 3454 1238 vestram

1862 1261 2109 1318 sentiunt
2136 1263 2284 1319 oculi
2319 1265 2514 1334 nostri,
2539 1266 2669 1339 quia
2693 1265 2761 1322 de
2783 1265 3062 1323 interioris
3092 1267 3337 1327 hominis
3354 1287 3453 1328 vos

1861 1349 2143 1406 intuemur
2171 1362 2413 1424 aspectu.

1933 1442 2020 1496 67.
2051 1443 2178 1499 Hmc
2207 1451 2260 1498 et
2292 1443 2379 1499 his
2407 1445 2614 1501 similia
2633 1445 2851 1503 dicente
2880 1463 3019 1520 papa
3063 1448 3216 1518 Caio,
3257 1449 3452 1506 excla-

1861 1530 2033 1584 mavit
2061 1531 2364 1599 Tiburtius,
2403 1533 2488 1587 vir
2534 1534 2896 1604 clarissimus,
2936 1535 3158 1594 dicens:
3211 1537 3451 1596 Obsecro

1860 1625 1935 1686 te,
1969 1625 2121 1691 pater
2156 1627 2209 1674 et
2237 1619 2619 1692 episcoporum
2650 1623 2924 1696 episcOpe,
2958 1641 3027 1680 ne
3086 1643 3173 1682 me
3226 1627 3454 1699 patiaris

1861 1714 2009 1779 terga
2045 1709 2500 1780 persequentibus
2527 1709 2677 1767 dare.
2713 1711 2848 1767 Mihi
2872 1713 3020 1769 enim
3060 1715 3220 1770 valde
3237 1715 3452 1788 jucun-

1859 1796 1989 1851 dum
2021 1804 2101 1852 est
2131 1806 2185 1854 et
2214 1798 2474 1870 optabile,
2507 1799 2552 1854 si
2590 1817 2804 1872 possem
2835 1801 3038 1858 millies
3059 1820 3158 1876 pro
3178 1820 3310 1860 vero
3336 1806 3452 1862 Deo

150 1867 592 1927 Christianitatis
628 1867 746 1940 ejus
801 1868 965 1924 celari
1018 1885 1130 1924 non
1186 1875 1386 1941 posset,
1449 1869 1648 1925 meruit
1679 1887 1746 1924 ex

1875 1886 2060 1956 )ccidi,
2091 1867 2306 1944 tantum
2339 1897 2401 1945 ut
2427 1867 2738 1946 illius-vitae
2768 1867 3095 1964 dignitatem
3145 1893 3450 1964 inveniam,

149 1973 308 2014 sacro
347 1957 612 2030 rescripto
655 1956 1005 2015 Chromatius
1033 1965 1094 2012 ut
1150 1956 1406 2014 medendi
1455 1959 1626 2030 gratia
1690 1959 1749 2014 in

147 2046 434 2120 Campano
467 2045 652 2102 littore
697 2053 1024 2114 moraretur,
1073 2047 1131 2101 in
1174 2062 1284 2120 quo
1312 2053 1426 2102 erat
1455 2047 1550 2103 lati
1579 2047 1748 2119 cespi-

143 2135 218 2194 tis
251 2136 374 2210 (84)
400 2135 680 2204 dominus,
698 2135 998 2208 tribuitque
1018 2135 1230 2208 copiam
1253 2136 1406 2192 omni
1437 2136 1749 2195 Christiano

148 2227 229 2284 ire
258 2227 476 2283 volenti
525 2243 654 2282 cum
683 2225 874 2282 eodem
905 2226 975 2282 ad
1032 2227 1398 2298 persecutoris
1445 2227 1653 2284 rabiem
1683 2229 1750 2285 de

149 2313 495 2373 clinandam.
529 2315 686 2371 Tunc
715 2321 836 2371 orta
860 2322 942 2371 est
971 2315 1255 2372 contentio
1301 2315 1445 2372 inter
1485 2317 1540 2373 S.
1591 2317 1751 2391 Poly-

147 2422 381 2479 carpum
419 2414 473 2462 et
513 2406 577 2462 B.
618 2406 1001 2464 Sebastianum
1034 2425 1048 2475 ;
1101 2407 1225 2480 quis
1271 2406 1470 2464 horum
1513 2408 1750 2464 duorum

147 2493 206 2550 in
238 2493 387 2551 Urbe
446 2503 774 2564 remaneret,
823 2502 877 2552 et
933 2495 1058 2569 quis
1105 2495 1211 2552 iret
1255 2512 1381 2554 cum
1411 2495 1750 2568 Chromatio,

147 2583 246 2656 qui
277 2590 494 2640 tantum
529 2585 794 2658 populum
826 2592 1136 2657 susceperat
1163 2585 1560 2643 Christianum.
1613 2587 1744 2654 Qui-

150 2671 258 2730 bus
285 2673 682 2730 altercantibus
701 2673 1036 2730 venerabilis
1053 2691 1188 2746 papa
1213 2674 1376 2731 Caius
1401 2675 1549 2730 dixit
1574 2694 1586 2732 :
1609 2677 1752 2732 Dum

154 2761 321 2818 ambo
351 2762 622 2834 passionis
675 2779 933 2819 coronam
965 2763 1230 2835 quaeritis,
1264 2763 1593 2836 acquisitum
1634 2767 1756 2820 Do—

154 2853 313 2908 mino
339 2851 602 2924 populum
634 2851 916 2908 desolatis.
950 2852 1106 2908 Unde
1139 2852 1276 2906 mihi
1311 2853 1552 2922 videtur,
1582 2861 1645 2909 ut
1669 2861 1753 2923 tu,

154 2941 329 2996 frater
357 2939 676 3013 Polycarpe,
710 2941 837 3013 quia
870 2948 924 2995 et
971 2939 1260 2996 sacerdotii
1311 2947 1518 2996 rectum
1570 2943 1756 2998 trami-

153 3037 268 3086 tem
299 3038 476 3098 tenes,
509 3036 562 3084 et
586 3029 818 3085 scientia
844 3030 944 3086 Dei
976 3030 1218 3103 repletus
1247 3047 1324 3098 es,
1357 3029 1546 3103 pergas
1593 3032 1755 3087 simul

157 3120 225 3176 ad
260 3118 653 3176 confortandas
681 3119 1022 3176 credentium
1067 3127 1278 3176 mentes
1317 3127 1370 3174 et
1403 3121 1617 3176 animos
1645 3123 1759 3177 du-

1859 1990 2022 2047 quam
2053 1978 2242 2034 nullus
2271 1978 2411 2034 mihi
2439 1995 2719 2036 successor
2761 1981 2975 2054 eripiat,
3006 1981 3098 2039 cui
3137 1983 3293 2039 nulla
3316 1991 3450 2041 tem-

1861 2082 1991 2137 pora
2011 2064 2176 2121 ﬁnem
2203 2067 2512 2140 imponant.
2541 2069 2698 2126 Tunc
2741 2071 2796 2126 S.
2856 2071 3042 2139 Caius,
3103 2072 3453 2146 congaudens

1859 2155 1988 2210 ﬁdei
2019 2155 2157 2228 ejus,
2193 2159 2464 2230 lacrymas
2498 2159 2832 2229 etfundebat,
2867 2177 3030 2217 orans
3047 2168 3112 2220 ut
3139 2178 3332 2219 omnes
3357 2163 3454 2236 qui

1859 2255 2232 2303 remanserant
2265 2249 2565 2306 certamine
2594 2249 2834 2307 victores
2861 2251 3215 2321 exsisterent,
3245 2253 3457 2311 trium-

1861 2335 2034 2406 phum
2065 2337 2316 2409 martyrii
2353 2337 2649 2410 capientes.

2444 2473 2672 2532 CAPUT
2711 2474 2866 2531 XIX.

1865 2563 1960 2619 SS.
1993 2563 2308 2630 Sebastiani,
2367 2561 2614 2628 Tiburtii,
2646 2569 2694 2617 et
2719 2562 2953 2618 aliorum
3000 2565 3279 2635 praeclara
3306 2564 3454 2636 facta

2541 2655 2599 2710 in
2633 2656 2783 2712 Urbe.

1935 2765 2022 2822 68.
2054 2766 2448 2822 Bemanserant
2473 2773 2654 2820 autem
2677 2779 2803 2820 cum
2834 2763 3139 2820 venerabili
3167 2764 3300 2823 Caio
3319 2782 3460 2840 papa

1867 2855 1947 2924 hi,
1979 2855 2362 2912 Marcellianus
2389 2863 2443 2910 et
2470 2855 2710 2921 Marcus,
2751 2853 2917 2909 simul
2975 2869 3193 2926 quoque
3220 2861 3274 2911 et
3305 2864 3460 2927 pater

1867 2962 2054 3001 eorum
2086 2945 2175 2999 vir
2203 2943 2542 3000 clarissimus
2585 2941 3024 3015 Tranquillinus,
3067 2941 3200 2998 item
3253 2944 3316 3000 B.
3367 2943 3458 3001 Se-

1866 3035 2171 3101 bastianus,
2200 3041 2254 3088 et
2279 3031 2687 3105 pulcherrimus
2736 3029 2982 3102 juvenis,
3013 3031 3108 3087 sed
3162 3039 3218 3088 et
3272 3040 3462 3090 mente

1869 3123 2173 3196 pulchrior,
2207 3122 2262 3178 S.
2287 3121 2594 3188 Tiburtius,
2649 3129 2703 3176 et
2752 3119 3096 3176 Nicostratus
3145 3136 3216 3176 ex
3270 3121 3462 3194 primi-

155 3207 282 3265 bios
311 3207 665 3265 mdiﬁcandos
697 3209 838 3281 (85).
871 3211 944 3264 At
981 3209 1076 3264 ille
1121 3209 1208 3265 his
1239 3209 1441 3266 auditis
1467 3211 1680 3284 quievit
1707 3219 1761 3267 et
1791 3253 1834 3314 Ο
1871 3213 2077 3270 scrinio
2105 3229 2230 3268 cum
2261 3211 2428 3267 fratre
2485 3227 2586 3266 suo
2641 3208 2909 3278 Castorio,
2943 3215 2997 3264 et
3051 3225 3178 3267 cum
3231 3209 3463 3283 conjuge

157 3297 428 3355 blandum
465 3315 615 3372 papae
645 3299 940 3371 imperium
976 3300 1358 3372 aequanimiter
1386 3301 1534 3356 tulit.
1591 3301 1757 3358 Venit

158 3388 348 3462 itaque
377 3388 494 3445 dies
520 3389 834 3458 Dominica,
855 3389 912 3444 in
945 3405 1052 3462 qua
1077 3389 1241 3446 Caius
1281 3389 1568 3462 episcopus
1595 3407 1758 3462 agens

161 3493 284 3550 quae
316 3478 415 3534 Dei
466 3487 598 3535 sunt
647 3478 793 3535 intra
816 3477 1040 3534 domum
1083 3478 1407 3547 Chromatii,
1439 3479 1540 3536 hac
1569 3497 1759 3537 omnes

159 3568 467 3642 alloquitur
516 3584 694 3625 voce:
743 3567 1017 3624 Dominus
1060 3575 1247 3623 noster
1288 3570 1442 3625 Jesus
1486 3569 1757 3639 Christus,

159 3657 424 3730 praescius
451 3656 768 3730 fragilitatis
795 3657 1070 3725 humanae,
1095 3657 1234 3713 duos
1253 3658 1310 3713 in
1333 3674 1389 3714 se
1411 3658 1759 3716 credentibus

160 3745 457 3803 constituit
485 3744 706 3820 gradus,
751 3745 1113 3802 confessionis
1151 3746 1360 3803 scilicet
1402 3755 1455 3803 et
1482 3749 1754 3820 martyrii,

162 3892 359 3964 legavit
375 3909 397 3964 ;
411 3891 972 3964 pessimum‘quemque
989 3892 1174 3963 elegit;
1207 3899 1303 3947 aut
1331 3895 1492 3950 tenuit
1510 3903 1564 3950 et
1593 3895 1754 3952 infra:

162 3959 460 4019 hominibus
490 3959 739 4032 improbis
789 3959 1082 4032 plurimum
1127 3964 1330 4019 detulit.
1389 3966 1544 4021 Tales
1594 3968 1756 4022 etiam

162 4033 470 4108 Christiani
494 4031 690 4108 habiti,
735 4031 1046 4108 quanquam
1101 4034 1349 4108 alioquin
1399 4037 1654 4107 ﬂagitiose
1688 4039 1759 4094 vi-

163 4104 609 4184 aisse__Carinum_
643 4102 870 4182 Qrosius
900 4102 1410 4184 quoquehtes'taturl
1459 4102 1561 4184 Sed
1587 4118 1760 4184 _aucta

164 4176 399 4253 invidia,
465 4175 610 4253 quod
669 4175 729 4253 in
785 4175 1050 4230 comitatu
1110 4177 1465 4253 Christianos.
1517 4179 1758 4253 haberet,

165 4247 328 4304 etiam
384 4245 667 4318 sanguine!
688 4245 936 4318 junctos,
995 4254 1059 4318 ut
1123 4263 1192 4303 ex
1253 4249 1383 4306 Vita
1434 4249 1491 4306 S.
1554 4245 1760 4308 Juliani

145 4319 198 4390 _9
223 4318 472 4387 Januar.,
490 4316 620 4390 ‘cap.
647 4316 732 4390 18,
761 4331 894 4370 num
907 4362 926 4390 ._
942 4317 1039 4390 735,
1063 4327 1228 4390 patet.

235 4391 354 4462 (79)
403 4391 483 4446 lta
534 4387 784 4460 plerique
809 4388 1048 4463 codices
1064 4387 1094 4463 ';_
1148 4389 1762 4463 quidam,Maguntiara,

167 4457 343 4533 unus,
377 4457 749 4533 Mogunttacc;
808 4457 1189 4530 Mombricius,
1239 4457 1580 4533 Montiach'o;
1623 4457 1764 4520 Breé

167 4480 326 4530 unus,
377 4480 749 4522 moxunuaco;
808 4480 1189 4530 mole'lOlllS,
1239 4480 1580 4533 mon—uacuo;
1623 4480 1759 4520 51‘8-

167 4531 344 4600 chtus,
406 4480 499 4588 ad)
531 4533 820 4604 Margum:
877 4539 1042 4604 recte.
1101 4533 1181 4586 Ita
1234 4533 1543 4604 Vopiscus:
1622 4537 1759 4590 Nam

167 4610 349 4679 contra
399 4603 793 4679 Diocletianum
847 4603 1030 4679 inultis
1084 4605 1288 4673 proeliis
1325 4603 1598 4679 conﬂixit.
1633 4608 1762 4679 _Sed
1790 4616 1838 4674 D
1867 4623 1984 4679 cap.

168 4675 355 4747 ultima
407 4691 590 4747 pugna
629 4671 804 4747 (apud
861 4671 1112 4747 Margunt
1173 4671 1447 4731 commissa
1501 4677 1758 4733 occubuit.

170 4744 292 4819 Alia
337 4744 674 4819 exemplaria
720 4745 924 4819 habent
969 4744 1113 4816 apud
1149 4747 1432 4819 Martium.
1462 4749 1762 4819 Eutropius

173 4814 266 4873 lib.
311 4835 406 4874 x1:
458 4814 650 4874 Postea
705 4817 966 4878 Carinum
1000 4814 1156 4872 omni
1202 4819 1322 4872 odio
1359 4825 1408 4872 et
1433 4814 1764 4874 detestatione

171 4887 437 4964 uiuentem,
484 4891 632 4960 apud
672 4893 922 4964 Mergum
970 4888 1166 4960 ingenti
1195 4890 1400 4964 proelio
1452 4891 1610 4964 vicit,
1625 4908 1764 4964 piro-

173 4958 336 5016 duum
381 4961 448 5017 ab
509 4958 740 5018 exercitu
795 4958 914 5026 suo,
975 4958 1122 5030 quem
1179 4958 1456 5030 fortiorem
1523 4958 1761 5026 habebat,

174 5038 300 5087 certe
352 5033 632 5101 desertum,
691 5036 829 5091 inter
911 5032 1246 5090 Viminalium
1313 5039 1468 5102 atque
1524 5033 1764 5087 Aureum

173 5111 410 5160 montem.
459 5105 721 5162 Aurelius
775 5106 970 5164 Victor
1020 5103 1088 5158 de
1139 5102 1490 5159 Caesaribus:
1542 5105 1616 5158 At
1665 5107 1762 5160 Ca-

173 5173 322 5246 rinas
349 5175 440 5232 ubi
465 5176 703 5233 Moesiam
743 5175 961 5246 contigit
983 5175 1124 5230 illico
1161 5176 1408 5246 Mergum
1445 5175 1610 5244 juxta
1639 5176 1762 5230 Dio-

177 5245 390 5302 cletiano
445 5264 770 5318 congressus,
851 5245 978 5302 dum
1043 5247 1209 5318 victos
1284 5245 1438 5301 avide
1485 5253 1761 5318 premeret,

177 5329 388 5390 quorum
439 5317 554 5373 ictu
592 5320 812 5375 interiit.
861 5319 1082 5390 Margus
1132 5317 1262 5390 urbs
1289 5326 1404 5373 erat
1451 5317 1671 5386 Moesiae,
1711 5325 1765 5373 et

178 5384 396 5456 ﬂumen,
427 5397 491 5445 ut
523 5390 579 5446 in
607 5392 815 5448 Tabula
838 5384 1121 5446 itineraria
1149 5389 1337 5444 videre
1375 5396 1475 5444 est.

249 5460 361 5532 (80)
405 5463 488 5518 Ita
509 5463 756 5534 plerique
777 5461 992 5534 codices
1014 5476 1221 5534 omnes.
1257 5459 1568 5533 Legendum
1600 5461 1763 5534 forte,

184 5529 409 5604 Marium
437 5541 486 5589 et
509 5529 789 5604 Aquilino,
820 5533 926 5589 nisi
955 5531 1319 5604 Maximianus
1339 5529 1651 5604 fHerculeus
1679 5531 1764 5586 illi

183 5602 522 5678 subrogatus,
559 5602 653 5678 qui
681 5622 828 5662 anno
851 5603 1122 5678 sequenti,
1153 5602 1358 5678 Christi
1389 5603 1516 5671 287,
1560 5619 1766 5658 secun—

183 5671 305 5730 dum
335 5671 682 5750 consulatum
716 5671 941 5750 gessisse
965 5675 1196 5750 legitur;
1218 5675 1291 5750 Iis
1323 5691 1448 5745 ergo
1477 5691 1616 5750 coss.
1639 5690 1764 5730 cum

185 5747 452 5820 superiore
503 5764 650 5806 anno
699 5746 912 5807 occisus
957 5753 1098 5804 esset
1155 5747 1406 5814 Carinas,
1471 5746 1764 5802 vehemens

1871 3319 1988 3370 sua,
2047 3302 2154 3356 Zoe
2209 3298 2634 3364 nomine;item
2691 3297 2951 3353 Claudius
2981 3313 3107 3354 cum
3165 3297 3458 3354 Victorino

1871 3392 2039 3447 fratre
2070 3408 2168 3446 suo
2193 3398 2246 3444 et
2272 3407 2397 3446 cum
2427 3388 2544 3443 ﬁlio
2590 3404 2690 3443 suo
2719 3385 3125 3458 Symphoriano
3193 3386 3310 3460 (87)
3369 3387 3466 3460 qui

1871 3481 2051 3536 fuerat
2077 3496 2108 3534 a
2137 3477 2330 3534 morbo
2352 3476 2618 3549 hydropis
2647 3475 2929 3531 liberatus.
2963 3474 3030 3529 Hi
3062 3481 3300 3542 tantum,
3329 3474 3469 3530 uni-

1872 3568 2046 3624 versis
2074 3585 2198 3626 cum
2225 3565 2546 3624 Chromatio
2598 3563 3098 3636 proﬁciscentibus,
3157 3577 3285 3618 cum
3329 3563 3464 3621 Caio

1873 3661 2127 3732 episcopo
2181 3662 2594 3723 remanserunt;
2635 3655 2881 3710 Marcum
2935 3661 2990 3709 et
3052 3651 3466 3709 Marcellianum

1871 3748 2114 3807 diaconii
2153 3747 2362 3803 honore
2413 3740 3278 3816 sanctificavit.Tranquillinum
3330 3757 3463 3798 vero

1871 3904 2147 3953 commota
2176 3891 2570 3966 persecutioin
2598 3888 2917 3966 Qccidente.

1945 3967 2062 4039 (81)
2095 3957 2577 4039 Ιῐξι’8.-(ᾒιορεοι“ἱιιβ
2611 3963 2912 4039 Turonens.
2948 3957 3070 4039 libJ
3099 3958 3236 4039 Hist.
3267 3957 3464 4039 Franc.

1873 4030 1991 4110 cap.
2025 4030 2060 4093 5
2089 4038 2187 4092 Hic
2217 4030 2428 4110 (Clius')
2479 4035 2690 4110 primus
2724 4031 3093 4110 statunculam
3132 4030 3470 4110 adorandum

1873 4101 2073 4165 diaboli
2099 4101 2432 4178 instigatione
2479 4101 2774 4178 constituit.
2819 4102 2933 4158 Alii
2991 4102 3350 4178 statunculurn
3377 4101 3468 4156 le-

1876 4189 2030 4253 gunt,
2054 4187 2107 4253 et
2127 4171 2454 4253 staticulum,
2474 4176 2556 4232 uti
2587 4184 2641 4232 et
2669 4176 2781 4238 h'ic,
2809 4180 3040 4253 restque‘
3077 4171 3314 4253 staticuli
3352 4187 3467 4253 no-

1873 4242 2000 4307 men
2019 4242 2192 4323 etiam
2223 4242 2948 4323 Tertullianoqusurpatum.‘
2971 4320 2980 4323 _
3001 4242 3308 4323 Brechtus:
3345 4249 3466 4298 sta-

1876 4323 2145 4396 tiunculis,
2175 4322 2269 4396 hoc
2299 4326 2390 4396 est,
2420 4321 2607 4396 paruis
2637 4319 2905 4396 idolorum
2933 4319 3184 4396 statu-is."
3367 4384 3379 4396 '
3421 4384 3432 4396 ι

1949 4394 2066 4463 (82)
2098 4394 2297 4448 Insulae
2325 4385 2382 4463 in
2412 4385 2644 4463 urbibus
2668 4395 2798 4444 sunt
2823 4387 3022 4463 domus
3051 4385 3297 4463 undique
3325 4385 3466 4463 vicis

1874 4455 2094 4532 clausae,
2125 4471 2288 4534 atque
2315 4461 2383 4516 ab
2419 4461 2542 4534 aliis
2571 4465 2850 4534 separatae,
2903 4455 3464 4534 uti_marina3_.insulm

1874 4535 2009 4591 undi
2052 4525 2120 4590 ue
2168 4525 2324 4606 aquis
2378 4525 2716 4588 ambiuntur.
2775 4527 3070 4583 Suetonius
3111 4526 3169 4605 in
3225 4525 3460 4592 Nerone,

1874 4623 1984 4666 can.
2015 4553 2117 4662 i6:
2147 4607 2222 4660 Et
2250 4611 2308 4659 ut
2334 4610 2456 4658 ante
2486 4604 2693 4656 insulas
2716 4617 2777 4655 ac
2805 4599 2987 4652 domos
3010 4604 3248 4666 porticus
3275 4602 3460 4666 essent,

2107 4624 2117 4660 :
2147 4614 2222 4660 Et
2250 4614 2308 4659 ut
2334 4614 2456 4658 ante
2486 4614 2693 4656 insulas
2716 4617 2777 4655 ac
2805 4614 2987 4652 domos
3010 4614 3248 4663 porticus
3275 4614 3460 4663 essent,

1871 4665 2190 4748 tte-quarum
2219 4675 2435 4730 solariis
2463 4673 2699 4748 incendia
2723 4665 3032 4725 arcerent-ur
3051 4684 3072 4731 ;
3099 4673 3158 4748 et
3199 4667 3257 4721 in
3287 4665 3459 4748 Iulio,

1871 4737 1989 4814 cap'.
2028 4748 2092 4802 41
2121 4766 2133 4803 ;
2177 4749 2458 4802 Recensum
2483 4744 2671 4814 populi
2701 4757 2791 4814 nec
2817 4755 2962 4794 more
3020 4753 3109 4814 nec
3142 4738 3252 4814 loco
3281 4737 3456 4814 solito,

1871 4807 1960 4876 sed
1984 4819 2196 4873 vicatim
2230 4833 2327 4888 per
2349 4807 2600 4888 dominos
2629 4813 2933 4888 insularum
2969 4809 3106 4888 .egit.
3166 4809 3229 4862 In
3282 4807 3458 4863 veteri

1871 4879 2246 4963 descriptione:
2273 4886 2432 4963 Urbis
2475 4885 2542 4940 ad
2600 4883 2843 4956 singulas
2871 4879 3140 4952 regiones,
3196 4891 3460 4934 numerus

1872 4958 2204 5033 exprimitur
2230 4958 2556 5012 insularum.
3028 5022 3039 5032 θ
3114 5021 3124 5032 η
3415 5019 3427 5030 υ

1947 5033 2062 5103 (83)
2089 5033 2202 5096 AL,
2236 5029 2508 5103 nymphas.
2541 5029 2626 5103 ln__
2649 5023 2836 5103 eadem
2867 5023 3235 5103 descriptione
3297 5018 3460 5103 Urbis

1873 5091 2068 5175 praeter
2085 5103 2144 5155 ba
2154 5091 2538 5175 inea'lacusque
2559 5097 2766 5175 aliquo}
2786 5091 3140 5175 recensentur
3161 5091 3456 5175 nytnpltma.

1875 5163 2143 5248 (81L)AL,
2175 5172 2315 5248 quod
2345 5163 2488 5224 lutea:
2539 5163 2942 5248 subterﬂ_uit,in
2997 5181 3100 5236 quo
3138 5169 3255 5218 erat
3309 5163 3460 5217 latice

1866 5240 2050 5318 piscis,
2079 5240 2424 5318 etrc._,_inepte
2449 5249 2706 5318 corrupta
2749 5240 2932 5318 lectio.

1946 5305 2062 5387 (85')
2096 5305 2362 5384 Mszip',
2398 5305 2748 5377 recreandos;
2782 5310 2880 5378 aL,
2907 5305 3312 5380 conﬁrmandos.

1947 5388 2064 5456 (86)
2099 5389 2212 5454 AL,
2247 5387 2439 5460 locum;
2471 5455 2504 5460 μ
2543 5455 2552 5460 _
2617 5455 2626 5460 _
2913 5452 2950 5460 __
3021 5451 3034 5460 _
3133 5449 3146 5460 O

1949 5447 2065 5531 (87)
2099 5461 2149 5514 Is
2179 5447 2340 5529 supra
2390 5455 2744 5531 Felirissirnus
2773 5451 3036 5531 appellari
3092 5447 3336 5531 videtur.
3388 5449 3463 5503 At

1875 5521 2004 5586 mss.
2037 5521 2228 5585 omnes
2247 5521 2624 5601 praeterquam
2656 5521 2948 5601 Ripatorii,
2985 5521 3460 5601 SympltOCianum,

1874 5603 1966 5658 hic
1992 5601 2216 5668 habent,
2243 5592 2402 5674 quem
2431 5592 3064 5674 alii_Symphro_nianuni,_
3089 5592 3185 5674 alii
3215 5593 3462 5674 Syrum?-

1874 5611 1966 5658 hic
1992 5611 2216 5668 habent,
2243 5617 2402 5674 quem
2431 5611 2525 5654 alii
2557 5611 3059 5667 Sympnromanum,
3089 5611 3185 5675 alii
3215 5611 3461 5722 δῖπψιζρ-

1873 5675 2340 5747 nianurn‘vocant.
2377 5669 2677 5747 ln_sc_riptAus
2695 5665 3212 5747 est_Martyrolog1is
3303 5662 3461 5731 Juln,

1873 5754 1929 5804 at
1955 5744 2310 5802 Felicissimus
2342 5749 2396 5798 et
2416 5738 2569 5796 ΓειΞώ
2597 5739 2630 5796 2
2657 5738 2906 5808 ejusdem.
