  <div class='ocr_page' id='page_1' title='image "/cluster/home/n/w/nwhite01/storage/ocr_20150623/17/umn.31951002477311b/579.png"; bbox 0 0 3940 6378; ppageno 0'>
   <div class='ocr_carea' id='block_1_1' title="bbox 498 402 636 457">
    <p class='ocr_par' dir='ltr' id='par_1_1' title="bbox 498 402 636 457">
     <span class='ocr_line' id='line_1_1' title="bbox 498 402 636 457; baseline 0 0"><span class='ocrx_word' id='word_1_1' title='bbox 498 402 636 457; x_wconf 78' lang='lat' dir='ltr'><strong>U43</strong></span> 
     </span>
    </p>
   </div>
   <div class='ocr_carea' id='block_1_2' title="bbox 1513 393 2753 455">
    <p class='ocr_par' dir='ltr' id='par_1_2' title="bbox 1513 393 2753 455">
     <span class='ocr_line' id='line_1_2' title="bbox 1513 393 2753 455; baseline -0.004 -1"><span class='ocrx_word' id='word_1_2' title='bbox 1513 400 1608 454; x_wconf 82' lang='lat' dir='ltr'><strong>AD</strong></span> <span class='ocrx_word' id='word_1_3' title='bbox 1649 399 1883 455; x_wconf 78' lang='lat' dir='ltr'>OPERA</span> <span class='ocrx_word' id='word_1_4' title='bbox 1920 396 1976 452; x_wconf 90' lang='lat' dir='ltr'><strong>S.</strong></span> <span class='ocrx_word' id='word_1_5' title='bbox 2005 394 2336 452; x_wconf 80' lang='lat' dir='ltr'><strong>AMBROSII</strong></span> <span class='ocrx_word' id='word_1_6' title='bbox 2375 393 2753 451; x_wconf 83' lang='lat' dir='ltr'><strong>APPENDIX.</strong></span> 
     </span>
    </p>
   </div>
   <div class='ocr_carea' id='block_1_3' title="bbox 3660 390 3826 447">
    <p class='ocr_par' dir='ltr' id='par_1_3' title="bbox 3660 390 3826 447">
     <span class='ocr_line' id='line_1_3' title="bbox 3660 390 3826 447; baseline 0.006 -1"><span class='ocrx_word' id='word_1_7' title='bbox 3660 390 3826 447; x_wconf 72' lang='grc'><strong>1144</strong></span> 
     </span>
    </p>
   </div>
   <div class='ocr_carea' id='block_1_4' title="bbox 482 521 3824 604">
    <p class='ocr_par' dir='ltr' id='par_1_4' title="bbox 482 521 3824 604">
     <span class='ocr_line' id='line_1_4' title="bbox 482 521 3824 604; baseline -0.003 -17"><span class='ocrx_word' id='word_1_8' title='bbox 482 539 688 604; x_wconf 79' lang='lat' dir='ltr'><strong>patrem</strong></span> <span class='ocrx_word' id='word_1_9' title='bbox 721 545 936 597; x_wconf 87' lang='lat' dir='ltr'><strong>eorum,</strong></span> <span class='ocrx_word' id='word_1_10' title='bbox 965 527 1096 586; x_wconf 91' lang='lat' dir='ltr'><strong>fecit</strong></span> <span class='ocrx_word' id='word_1_11' title='bbox 1124 529 1550 602; x_wconf 81' lang='lat' dir='ltr'><strong>presbyterium.</strong></span> <span class='ocrx_word' id='word_1_12' title='bbox 1583 529 1638 586; x_wconf 87' lang='lat' dir='ltr'><strong>S.</strong></span> <span class='ocrx_word' id='word_1_13' title='bbox 1693 527 2070 585; x_wconf 80' lang='lat' dir='ltr'><strong>Sebastianum</strong></span> <span class='ocrx_word' id='word_1_14' title='bbox 2103 528 2153 586; x_wconf 83' lang='lat' dir='ltr'><strong>A</strong></span> <span class='ocrx_word' id='word_1_15' title='bbox 2185 525 2403 581; x_wconf 75' lang='lat' dir='ltr'><strong>fortiter</strong></span> <span class='ocrx_word' id='word_1_16' title='bbox 2431 525 2488 581; x_wconf 92' lang='lat' dir='ltr'><strong>in</strong></span> <span class='ocrx_word' id='word_1_17' title='bbox 2528 524 2725 580; x_wconf 90' lang='lat' dir='ltr'><strong>timore</strong></span> <span class='ocrx_word' id='word_1_18' title='bbox 2753 522 2998 592; x_wconf 90' lang='lat' dir='ltr'><strong>Domini,</strong></span> <span class='ocrx_word' id='word_1_19' title='bbox 3023 521 3285 594; x_wconf 86' lang='lat' dir='ltr'><strong>perduxit</strong></span> <span class='ocrx_word' id='word_1_20' title='bbox 3332 537 3426 578; x_wconf 91' lang='lat' dir='ltr'><strong>eos</strong></span> <span class='ocrx_word' id='word_1_21' title='bbox 3469 521 3542 578; x_wconf 87' lang='lat' dir='ltr'><strong>ad</strong></span> <span class='ocrx_word' id='word_1_22' title='bbox 3594 537 3824 595; x_wconf 87' lang='lat' dir='ltr'><strong>papam</strong></span> 
     </span>
    </p>
   </div>
   <div class='ocr_carea' id='block_1_5' title="bbox 481 616 2071 691">
    <p class='ocr_par' dir='ltr' id='par_1_5' title="bbox 481 616 2071 691">
     <span class='ocr_line' id='line_1_5' title="bbox 481 616 2071 691; baseline -0.003 -15"><span class='ocrx_word' id='word_1_23' title='bbox 481 627 686 687; x_wconf 89' lang='lat' dir='ltr'><strong>autem,</strong></span> <span class='ocrx_word' id='word_1_24' title='bbox 721 619 815 691; x_wconf 90' lang='lat' dir='ltr'><strong>qui</strong></span> <span class='ocrx_word' id='word_1_25' title='bbox 841 619 908 674; x_wconf 92' lang='lat' dir='ltr'><strong>ad</strong></span> <span class='ocrx_word' id='word_1_26' title='bbox 939 619 1242 676; x_wconf 90' lang='lat' dir='ltr'><strong>multorum</strong></span> <span class='ocrx_word' id='word_1_27' title='bbox 1267 618 1568 690; x_wconf 87' lang='lat' dir='ltr'><strong>profectum</strong></span> <span class='ocrx_word' id='word_1_28' title='bbox 1589 617 1690 673; x_wconf 88' lang='lat' dir='ltr'><strong>sub</strong></span> <span class='ocrx_word' id='word_1_29' title='bbox 1720 617 1898 688; x_wconf 86' lang='lat' dir='ltr'><strong>specie</strong></span> <span class='ocrx_word' id='word_1_30' title='bbox 1929 616 2071 672; x_wconf 90' lang='lat' dir='ltr'><strong>mili-</strong></span> 
     </span>
    </p>
   </div>
   <div class='ocr_carea' id='block_1_6' title="bbox 481 707 2072 776">
    <p class='ocr_par' dir='ltr' id='par_1_6' title="bbox 481 707 2072 776">
     <span class='ocr_line' id='line_1_6' title="bbox 481 707 2072 776; baseline -0.003 -10"><span class='ocrx_word' id='word_1_31' title='bbox 481 711 572 766; x_wconf 90' lang='lat' dir='ltr'><strong>tia</strong></span> <span class='ocrx_word' id='word_1_32' title='bbox 601 709 822 776; x_wconf 82' lang='lat' dir='ltr'><strong>latebat,</strong></span> <span class='ocrx_word' id='word_1_33' title='bbox 855 709 1201 764; x_wconf 83' lang='lat' dir='ltr'><strong>defensorem</strong></span> <span class='ocrx_word' id='word_1_34' title='bbox 1235 708 1493 765; x_wconf 91' lang='lat' dir='ltr'><strong>Ecclesia</strong></span> <span class='ocrx_word' id='word_1_35' title='bbox 1547 707 1814 776; x_wconf 85' lang='lat' dir='ltr'><strong>instituit,</strong></span> <span class='ocrx_word' id='word_1_36' title='bbox 1847 715 2072 763; x_wconf 87' lang='lat' dir='ltr'><strong>cateros</strong></span> 
     </span>
    </p>
   </div>
   <div class='ocr_carea' id='block_1_7' title="bbox 481 797 1188 856">
    <p class='ocr_par' dir='ltr' id='par_1_7' title="bbox 481 797 1188 856">
     <span class='ocr_line' id='line_1_7' title="bbox 481 797 1188 856; baseline -0.006 0"><span class='ocrx_word' id='word_1_37' title='bbox 481 816 614 856; x_wconf 86' lang='lat' dir='ltr'><strong>vero</strong></span> <span class='ocrx_word' id='word_1_38' title='bbox 641 799 1006 856; x_wconf 86' lang='lat' dir='ltr'><strong>subdiaconos</strong></span> <span class='ocrx_word' id='word_1_39' title='bbox 1036 797 1188 853; x_wconf 90' lang='lat' dir='ltr'><strong>fecit.</strong></span> 
     </span>
    </p>
   </div>
   <div class='ocr_carea' id='block_1_8' title="bbox 553 889 2075 970">
    <p class='ocr_par' dir='ltr' id='par_1_8' title="bbox 553 889 2075 970">
     <span class='ocr_line' id='line_1_8' title="bbox 553 889 2075 970; baseline -0.009 -14"><span class='ocrx_word' id='word_1_40' title='bbox 553 899 644 956; x_wconf 89' lang='lat'><strong>69.</strong></span> <span class='ocrx_word' id='word_1_41' title='bbox 677 896 779 953; x_wconf 91' lang='lat' dir='ltr'><strong>Sed</strong></span> <span class='ocrx_word' id='word_1_42' title='bbox 809 896 938 970; x_wconf 85' lang='lat' dir='ltr'><strong>quia</strong></span> <span class='ocrx_word' id='word_1_43' title='bbox 965 904 1116 951; x_wconf 88' lang='lat' dir='ltr'><strong>tutus</strong></span> <span class='ocrx_word' id='word_1_44' title='bbox 1170 893 1356 949; x_wconf 90' lang='lat' dir='ltr'><strong>nullus</strong></span> <span class='ocrx_word' id='word_1_45' title='bbox 1398 889 1637 947; x_wconf 87' lang='lat' dir='ltr'><strong>inveniri</strong></span> <span class='ocrx_word' id='word_1_46' title='bbox 1667 898 1878 961; x_wconf 84' lang='lat' dir='ltr'><strong>poterat</strong></span> <span class='ocrx_word' id='word_1_47' title='bbox 1923 889 2075 944; x_wconf 88' lang='lat' dir='ltr'><strong>locus</strong></span> 
     </span>
    </p>
   </div>
   <div class='ocr_carea' id='block_1_9' title="bbox 483 981 2076 1052">
    <p class='ocr_par' dir='ltr' id='par_1_9' title="bbox 483 981 2076 1052">
     <span class='ocr_line' id='line_1_9' title="bbox 483 981 2076 1052; baseline -0.005 -8"><span class='ocrx_word' id='word_1_48' title='bbox 483 988 551 1044; x_wconf 89' lang='lat' dir='ltr'><strong>ad</strong></span> <span class='ocrx_word' id='word_1_49' title='bbox 583 986 842 1043; x_wconf 86' lang='lat' dir='ltr'><strong>latebram</strong></span> <span class='ocrx_word' id='word_1_50' title='bbox 875 982 1273 1042; x_wconf 88' lang='lat' dir='ltr'><strong>confovendam</strong></span> <span class='ocrx_word' id='word_1_51' title='bbox 1329 982 1468 1052; x_wconf 90' lang='lat'><strong>(88),</strong></span> <span class='ocrx_word' id='word_1_52' title='bbox 1502 981 1858 1036; x_wconf 83' lang='lat' dir='ltr'><strong>morabantur</strong></span> <span class='ocrx_word' id='word_1_53' title='bbox 1885 994 2076 1036; x_wconf 86' lang='lat' dir='ltr'><strong>omnes</strong></span> 
     </span>
    </p>
   </div>
   <div class='ocr_carea' id='block_1_10' title="bbox 483 1068 2072 1151">
    <p class='ocr_par' dir='ltr' id='par_1_10' title="bbox 483 1068 2072 1151">
     <span class='ocr_line' id='line_1_10' title="bbox 483 1068 2072 1151; baseline -0.006 -19"><span class='ocrx_word' id='word_1_54' title='bbox 483 1077 630 1151; x_wconf 89' lang='lat' dir='ltr'><strong>apud</strong></span> <span class='ocrx_word' id='word_1_55' title='bbox 653 1076 936 1134; x_wconf 90' lang='lat' dir='ltr'><strong>Castulum</strong></span> <span class='ocrx_word' id='word_1_56' title='bbox 963 1072 1254 1146; x_wconf 86' lang='lat' dir='ltr'><strong>quemdam</strong></span> <span class='ocrx_word' id='word_1_57' title='bbox 1274 1071 1650 1128; x_wconf 88' lang='lat' dir='ltr'><strong>Christianum</strong></span> <span class='ocrx_word' id='word_1_58' title='bbox 1674 1069 1936 1125; x_wconf 89' lang='lat' dir='ltr'><strong>zetarium</strong></span> <span class='ocrx_word' id='word_1_59' title='bbox 1955 1068 2072 1139; x_wconf 88' lang='grc'>(89)</span> 
     </span>
    </p>
   </div>
   <div class='ocr_carea' id='block_1_11' title="bbox 482 1156 2074 1240">
    <p class='ocr_par' dir='ltr' id='par_1_11' title="bbox 482 1156 2074 1240">
     <span class='ocr_line' id='line_1_11' title="bbox 482 1156 2074 1240; baseline -0.006 -18"><span class='ocrx_word' id='word_1_60' title='bbox 482 1166 673 1240; x_wconf 85' lang='lat' dir='ltr'><strong>palatii</strong></span> <span class='ocrx_word' id='word_1_61' title='bbox 699 1183 710 1220; x_wconf 92' lang='lat'>:</span> <span class='ocrx_word' id='word_1_62' title='bbox 743 1165 838 1238; x_wconf 89' lang='lat' dir='ltr'><strong>qui</strong></span> <span class='ocrx_word' id='word_1_63' title='bbox 870 1163 1126 1220; x_wconf 89' lang='lat' dir='ltr'><strong>Castulus</strong></span> <span class='ocrx_word' id='word_1_64' title='bbox 1155 1159 1358 1216; x_wconf 87' lang='lat' dir='ltr'><strong>ibidem</strong></span> <span class='ocrx_word' id='word_1_65' title='bbox 1383 1159 1437 1214; x_wconf 92' lang='lat' dir='ltr'><strong>in</strong></span> <span class='ocrx_word' id='word_1_66' title='bbox 1461 1158 1684 1230; x_wconf 90' lang='lat' dir='ltr'><strong>palatio,</strong></span> <span class='ocrx_word' id='word_1_67' title='bbox 1719 1158 1775 1212; x_wconf 93' lang='lat' dir='ltr'><strong>in</strong></span> <span class='ocrx_word' id='word_1_68' title='bbox 1805 1156 2074 1231; x_wconf 88' lang='lat' dir='ltr'><strong>superiori</strong></span> 
     </span>
    </p>
   </div>
   <div class='ocr_carea' id='block_1_12' title="bbox 484 1247 2074 1312">
    <p class='ocr_par' dir='ltr' id='par_1_12' title="bbox 484 1247 2074 1312">
     <span class='ocr_line' id='line_1_12' title="bbox 484 1247 2074 1312; baseline -0.008 1"><span class='ocrx_word' id='word_1_69' title='bbox 484 1258 606 1312; x_wconf 91' lang='lat' dir='ltr'><strong>loco</strong></span> <span class='ocrx_word' id='word_1_70' title='bbox 636 1264 688 1311; x_wconf 89' lang='lat' dir='ltr'><strong>et</strong></span> <span class='ocrx_word' id='word_1_71' title='bbox 725 1252 883 1309; x_wconf 85' lang='lat' dir='ltr'><strong>valde</strong></span> <span class='ocrx_word' id='word_1_72' title='bbox 938 1249 1208 1308; x_wconf 90' lang='lat' dir='ltr'><strong>altissimo</strong></span> <span class='ocrx_word' id='word_1_73' title='bbox 1252 1248 1651 1305; x_wconf 88' lang='lat' dir='ltr'><strong>commanebat.</strong></span> <span class='ocrx_word' id='word_1_74' title='bbox 1710 1247 1837 1304; x_wconf 90' lang='lat' dir='ltr'><strong>Ideo</strong></span> <span class='ocrx_word' id='word_1_75' title='bbox 1893 1255 2074 1302; x_wconf 88' lang='lat' dir='ltr'><strong>autem</strong></span> 
     </span>
    </p>
   </div>
   <div class='ocr_carea' id='block_1_13' title="bbox 483 1335 2076 1416">
    <p class='ocr_par' dir='ltr' id='par_1_13' title="bbox 483 1335 2076 1416">
     <span class='ocr_line' id='line_1_13' title="bbox 483 1335 2076 1416; baseline -0.007 -15"><span class='ocrx_word' id='word_1_76' title='bbox 483 1345 603 1402; x_wconf 89' lang='lat' dir='ltr'><strong>hac</strong></span> <span class='ocrx_word' id='word_1_77' title='bbox 627 1352 754 1416; x_wconf 88' lang='lat' dir='ltr'><strong>apta</strong></span> <span class='ocrx_word' id='word_1_78' title='bbox 783 1341 997 1398; x_wconf 87' lang='lat' dir='ltr'><strong>mansio</strong></span> <span class='ocrx_word' id='word_1_79' title='bbox 1027 1338 1384 1411; x_wconf 86' lang='lat' dir='ltr'><strong>probabatur,</strong></span> <span class='ocrx_word' id='word_1_80' title='bbox 1411 1339 1540 1410; x_wconf 86' lang='lat' dir='ltr'><strong>quia</strong></span> <span class='ocrx_word' id='word_1_81' title='bbox 1568 1346 1622 1394; x_wconf 91' lang='lat' dir='ltr'><strong>et</strong></span> <span class='ocrx_word' id='word_1_82' title='bbox 1677 1335 1791 1410; x_wconf 90' lang='lat' dir='ltr'><strong>ipse</strong></span> <span class='ocrx_word' id='word_1_83' title='bbox 1820 1336 2076 1394; x_wconf 90' lang='lat' dir='ltr'><strong>Castulus</strong></span> 
     </span>
    </p>
   </div>
   <div class='ocr_carea' id='block_1_14' title="bbox 483 1427 2076 1492">
    <p class='ocr_par' dir='ltr' id='par_1_14' title="bbox 483 1427 2076 1492">
     <span class='ocr_line' id='line_1_14' title="bbox 483 1427 2076 1492; baseline -0.005 -1"><span class='ocrx_word' id='word_1_84' title='bbox 483 1451 610 1492; x_wconf 92' lang='lat' dir='ltr'><strong>cum</strong></span> <span class='ocrx_word' id='word_1_85' title='bbox 667 1433 780 1489; x_wconf 87' lang='lat' dir='ltr'><strong>suis</strong></span> <span class='ocrx_word' id='word_1_86' title='bbox 838 1431 1098 1486; x_wconf 90' lang='lat' dir='ltr'><strong>omnibus</strong></span> <span class='ocrx_word' id='word_1_87' title='bbox 1157 1427 1651 1486; x_wconf 87' lang='lat' dir='ltr'><strong>christianissimus</strong></span> <span class='ocrx_word' id='word_1_88' title='bbox 1679 1434 1826 1492; x_wconf 89' lang='lat' dir='ltr'><strong>erat;</strong></span> <span class='ocrx_word' id='word_1_89' title='bbox 1878 1433 1932 1481; x_wconf 93' lang='lat' dir='ltr'><strong>et</strong></span> <span class='ocrx_word' id='word_1_90' title='bbox 1986 1427 2076 1483; x_wconf 85' lang='lat' dir='ltr'><strong>lex</strong></span> 
     </span>
    </p>
   </div>
   <div class='ocr_carea' id='block_1_15' title="bbox 485 1515 2075 1590">
    <p class='ocr_par' dir='ltr' id='par_1_15' title="bbox 485 1515 2075 1590">
     <span class='ocr_line' id='line_1_15' title="bbox 485 1515 2075 1590; baseline -0.006 -9"><span class='ocrx_word' id='word_1_91' title='bbox 485 1525 612 1582; x_wconf 89' lang='lat' dir='ltr'><strong>data</strong></span> <span class='ocrx_word' id='word_1_92' title='bbox 636 1522 704 1580; x_wconf 92' lang='lat' dir='ltr'><strong>de</strong></span> <span class='ocrx_word' id='word_1_93' title='bbox 723 1519 1008 1579; x_wconf 90' lang='lat' dir='ltr'><strong>sacriﬁciis</strong></span> <span class='ocrx_word' id='word_1_94' title='bbox 1027 1535 1152 1576; x_wconf 90' lang='lat' dir='ltr'><strong>cum</strong></span> <span class='ocrx_word' id='word_1_95' title='bbox 1183 1517 1388 1590; x_wconf 89' lang='lat' dir='ltr'><strong>ubique</strong></span> <span class='ocrx_word' id='word_1_96' title='bbox 1411 1515 1496 1572; x_wconf 87' lang='lat' dir='ltr'><strong>sui</strong></span> <span class='ocrx_word' id='word_1_97' title='bbox 1528 1517 1742 1572; x_wconf 84' lang='lat' dir='ltr'><strong>fervore</strong></span> <span class='ocrx_word' id='word_1_98' title='bbox 1767 1515 2075 1584; x_wconf 86' lang='lat' dir='ltr'><strong>desaviret,</strong></span> 
     </span>
    </p>
   </div>
   <div class='ocr_carea' id='block_1_16' title="bbox 485 1606 2076 1685">
    <p class='ocr_par' dir='ltr' id='par_1_16' title="bbox 485 1606 2076 1685">
     <span class='ocr_line' id='line_1_16' title="bbox 485 1606 2076 1685; baseline -0.004 -15"><span class='ocrx_word' id='word_1_99' title='bbox 485 1615 544 1670; x_wconf 90' lang='lat' dir='ltr'><strong>in</strong></span> <span class='ocrx_word' id='word_1_100' title='bbox 576 1613 690 1670; x_wconf 85' lang='lat' dir='ltr'><strong>illis</strong></span> <span class='ocrx_word' id='word_1_101' title='bbox 719 1613 813 1685; x_wconf 88' lang='lat' dir='ltr'><strong>qui</strong></span> <span class='ocrx_word' id='word_1_102' title='bbox 839 1611 1044 1684; x_wconf 90' lang='lat' dir='ltr'><strong>palatio</strong></span> <span class='ocrx_word' id='word_1_103' title='bbox 1059 1608 1432 1675; x_wconf 85' lang='lat' dir='ltr'><strong>adhaerebant,</strong></span> <span class='ocrx_word' id='word_1_104' title='bbox 1466 1607 1596 1680; x_wconf 88' lang='lat' dir='ltr'><strong>quia</strong></span> <span class='ocrx_word' id='word_1_105' title='bbox 1625 1623 1726 1663; x_wconf 90' lang='lat' dir='ltr'><strong>nec</strong></span> <span class='ocrx_word' id='word_1_106' title='bbox 1749 1606 1989 1678; x_wconf 87' lang='lat' dir='ltr'><strong>suspicio</strong></span> <span class='ocrx_word' id='word_1_107' title='bbox 2009 1607 2076 1664; x_wconf 91' lang='lat' dir='ltr'><strong>de</strong></span> 
     </span>
    </p>
   </div>
   <div class='ocr_carea' id='block_1_17' title="bbox 485 1695 2073 1775">
    <p class='ocr_par' dir='ltr' id='par_1_17' title="bbox 485 1695 2073 1775">
     <span class='ocr_line' id='line_1_17' title="bbox 485 1695 2073 1775; baseline -0.004 -16"><span class='ocrx_word' id='word_1_108' title='bbox 485 1703 564 1760; x_wconf 92' lang='lat' dir='ltr'><strong>eis</strong></span> <span class='ocrx_word' id='word_1_109' title='bbox 592 1719 708 1758; x_wconf 90' lang='lat' dir='ltr'><strong>esse</strong></span> <span class='ocrx_word' id='word_1_110' title='bbox 735 1709 968 1775; x_wconf 86' lang='lat' dir='ltr'><strong>poterat,</strong></span> <span class='ocrx_word' id='word_1_111' title='bbox 1000 1699 1300 1757; x_wconf 83' lang='lat' dir='ltr'><strong>celabatur.</strong></span> <span class='ocrx_word' id='word_1_112' title='bbox 1332 1698 1508 1753; x_wconf 87' lang='lat' dir='ltr'><strong>Erant</strong></span> <span class='ocrx_word' id='word_1_113' title='bbox 1536 1713 1685 1768; x_wconf 87' lang='lat' dir='ltr'><strong>ergo,</strong></span> <span class='ocrx_word' id='word_1_114' title='bbox 1717 1703 1779 1752; x_wconf 89' lang='lat' dir='ltr'><strong>ut</strong></span> <span class='ocrx_word' id='word_1_115' title='bbox 1806 1695 2073 1765; x_wconf 86' lang='lat' dir='ltr'><strong>diximus,</strong></span> 
     </span>
    </p>
   </div>
   <div class='ocr_carea' id='block_1_18' title="bbox 484 1785 2077 1859">
    <p class='ocr_par' dir='ltr' id='par_1_18' title="bbox 484 1785 2077 1859">
     <span class='ocr_line' id='line_1_18' title="bbox 484 1785 2077 1859; baseline -0.005 -10"><span class='ocrx_word' id='word_1_116' title='bbox 484 1808 676 1849; x_wconf 90' lang='lat' dir='ltr'><strong>omnes</strong></span> <span class='ocrx_word' id='word_1_117' title='bbox 704 1791 762 1848; x_wconf 92' lang='lat' dir='ltr'><strong>hi</strong></span> <span class='ocrx_word' id='word_1_118' title='bbox 790 1797 1066 1848; x_wconf 85' lang='lat' dir='ltr'><strong>morantes</strong></span> <span class='ocrx_word' id='word_1_119' title='bbox 1089 1804 1215 1846; x_wconf 90' lang='lat' dir='ltr'><strong>cum</strong></span> <span class='ocrx_word' id='word_1_120' title='bbox 1247 1794 1436 1844; x_wconf 90' lang='lat' dir='ltr'><strong>sancto</strong></span> <span class='ocrx_word' id='word_1_121' title='bbox 1457 1803 1594 1859; x_wconf 90' lang='lat' dir='ltr'><strong>papa</strong></span> <span class='ocrx_word' id='word_1_122' title='bbox 1625 1785 1756 1844; x_wconf 88' lang='lat' dir='ltr'><strong>Caio</strong></span> <span class='ocrx_word' id='word_1_123' title='bbox 1779 1785 1923 1859; x_wconf 87' lang='lat' dir='ltr'><strong>apud</strong></span> <span class='ocrx_word' id='word_1_124' title='bbox 1953 1785 2077 1844; x_wconf 90' lang='lat' dir='ltr'><strong>Cas-</strong></span> 
     </span>
    </p>
   </div>
   <div class='ocr_carea' id='block_1_19' title="bbox 2183 611 3829 684">
    <p class='ocr_par' dir='ltr' id='par_1_19' title="bbox 2183 611 3829 684">
     <span class='ocr_line' id='line_1_19' title="bbox 2183 611 3829 684; baseline -0.003 -13"><span class='ocrx_word' id='word_1_125' title='bbox 2183 614 2378 672; x_wconf 89' lang='lat' dir='ltr'><strong>Caium</strong></span> <span class='ocrx_word' id='word_1_126' title='bbox 2410 622 2464 670; x_wconf 91' lang='lat' dir='ltr'><strong>et</strong></span> <span class='ocrx_word' id='word_1_127' title='bbox 2493 613 2640 670; x_wconf 83' lang='lat' dir='ltr'><strong>dixit</strong></span> <span class='ocrx_word' id='word_1_128' title='bbox 2674 631 2686 668; x_wconf 91' lang='lat'><strong>:</strong></span> <span class='ocrx_word' id='word_1_129' title='bbox 2721 612 3068 669; x_wconf 89' lang='lat' dir='ltr'><strong>Venerabilis</strong></span> <span class='ocrx_word' id='word_1_130' title='bbox 3108 629 3245 684; x_wconf 90' lang='lat' dir='ltr'><strong>papa</strong></span> <span class='ocrx_word' id='word_1_131' title='bbox 3289 628 3351 669; x_wconf 91' lang='lat' dir='ltr'><strong>ac</strong></span> <span class='ocrx_word' id='word_1_132' title='bbox 3401 611 3616 668; x_wconf 87' lang='lat' dir='ltr'><strong>divina</strong></span> <span class='ocrx_word' id='word_1_133' title='bbox 3669 611 3829 684; x_wconf 84' lang='lat' dir='ltr'><strong>legis</strong></span> 
     </span>
    </p>
   </div>
   <div class='ocr_carea' id='block_1_20' title="bbox 2181 700 3828 776">
    <p class='ocr_par' dir='ltr' id='par_1_20' title="bbox 2181 700 3828 776">
     <span class='ocr_line' id='line_1_20' title="bbox 2181 700 3828 776; baseline -0.004 -16"><span class='ocrx_word' id='word_1_134' title='bbox 2181 703 2429 770; x_wconf 89' lang='lat' dir='ltr'><strong>antistes,</strong></span> <span class='ocrx_word' id='word_1_135' title='bbox 2459 719 2583 758; x_wconf 90' lang='lat' dir='ltr'><strong>ecce</strong></span> <span class='ocrx_word' id='word_1_136' title='bbox 2609 719 2748 776; x_wconf 91' lang='lat' dir='ltr'><strong>quos</strong></span> <span class='ocrx_word' id='word_1_137' title='bbox 2775 717 2870 773; x_wconf 90' lang='lat' dir='ltr'><strong>per</strong></span> <span class='ocrx_word' id='word_1_138' title='bbox 2897 717 2984 757; x_wconf 91' lang='lat' dir='ltr'><strong>me</strong></span> <span class='ocrx_word' id='word_1_139' title='bbox 3016 701 3181 757; x_wconf 90' lang='lat' dir='ltr'><strong>hodie</strong></span> <span class='ocrx_word' id='word_1_140' title='bbox 3213 703 3456 758; x_wconf 88' lang='lat' dir='ltr'><strong>lucratus</strong></span> <span class='ocrx_word' id='word_1_141' title='bbox 3495 708 3585 756; x_wconf 90' lang='lat' dir='ltr'><strong>est</strong></span> <span class='ocrx_word' id='word_1_142' title='bbox 3639 700 3828 758; x_wconf 84' lang='lat' dir='ltr'><strong>Chri-</strong></span> 
     </span>
    </p>
   </div>
   <div class='ocr_carea' id='block_1_21' title="bbox 2183 799 3822 874">
    <p class='ocr_par' dir='ltr' id='par_1_21' title="bbox 2183 799 3822 874">
     <span class='ocr_line' id='line_1_21' title="bbox 2183 799 3822 874; baseline -0.001 -19"><span class='ocrx_word' id='word_1_143' title='bbox 2183 809 2319 868; x_wconf 89' lang='lat' dir='ltr'><strong>stus,</strong></span> <span class='ocrx_word' id='word_1_144' title='bbox 2351 801 2409 856; x_wconf 92' lang='lat' dir='ltr'><strong>in</strong></span> <span class='ocrx_word' id='word_1_145' title='bbox 2440 800 2640 874; x_wconf 90' lang='lat' dir='ltr'><strong>quibus</strong></span> <span class='ocrx_word' id='word_1_146' title='bbox 2668 799 2802 856; x_wconf 85' lang='lat' dir='ltr'><strong>ﬁdes</strong></span> <span class='ocrx_word' id='word_1_147' title='bbox 2849 816 2986 866; x_wconf 90' lang='lat' dir='ltr'><strong>mea,</strong></span> <span class='ocrx_word' id='word_1_148' title='bbox 3020 801 3174 855; x_wconf 84' lang='lat' dir='ltr'><strong>velut</strong></span> <span class='ocrx_word' id='word_1_149' title='bbox 3220 799 3516 856; x_wconf 86' lang='lat' dir='ltr'><strong>arbuscula</strong></span> <span class='ocrx_word' id='word_1_150' title='bbox 3545 799 3822 868; x_wconf 84' lang='lat' dir='ltr'><strong>novella,</strong></span> 
     </span>
    </p>
   </div>
   <div class='ocr_carea' id='block_1_22' title="bbox 2185 887 3823 964">
    <p class='ocr_par' dir='ltr' id='par_1_22' title="bbox 2185 887 3823 964">
     <span class='ocr_line' id='line_1_22' title="bbox 2185 887 3823 964; baseline -0.002 -18"><span class='ocrx_word' id='word_1_151' title='bbox 2185 891 2427 964; x_wconf 90' lang='lat' dir='ltr'><strong>primum</strong></span> <span class='ocrx_word' id='word_1_152' title='bbox 2459 891 2710 963; x_wconf 90' lang='lat' dir='ltr'><strong>prorupit</strong></span> <span class='ocrx_word' id='word_1_153' title='bbox 2741 890 2798 946; x_wconf 92' lang='lat' dir='ltr'><strong>in</strong></span> <span class='ocrx_word' id='word_1_154' title='bbox 2828 889 3091 946; x_wconf 90' lang='lat' dir='ltr'><strong>fructum.</strong></span> <span class='ocrx_word' id='word_1_155' title='bbox 3116 889 3270 944; x_wconf 90' lang='lat' dir='ltr'><strong>Tunc</strong></span> <span class='ocrx_word' id='word_1_156' title='bbox 3299 887 3355 944; x_wconf 91' lang='lat' dir='ltr'><strong>S.</strong></span> <span class='ocrx_word' id='word_1_157' title='bbox 3381 887 3550 945; x_wconf 89' lang='lat' dir='ltr'><strong>Caius</strong></span> <span class='ocrx_word' id='word_1_158' title='bbox 3581 887 3823 959; x_wconf 89' lang='lat' dir='ltr'><strong>episco-</strong></span> 
     </span>
    </p>
   </div>
   <div class='ocr_carea' id='block_1_23' title="bbox 2188 973 3824 1053">
    <p class='ocr_par' dir='ltr' id='par_1_23' title="bbox 2188 973 3824 1053">
     <span class='ocr_line' id='line_1_23' title="bbox 2188 973 3824 1053; baseline -0.001 -18"><span class='ocrx_word' id='word_1_159' title='bbox 2188 997 2290 1053; x_wconf 89' lang='lat' dir='ltr'><strong>pus</strong></span> <span class='ocrx_word' id='word_1_160' title='bbox 2314 979 2614 1051; x_wconf 82' lang='lat' dir='ltr'><strong>baptizavit</strong></span> <span class='ocrx_word' id='word_1_161' title='bbox 2641 996 2752 1047; x_wconf 91' lang='lat' dir='ltr'><strong>eos,</strong></span> <span class='ocrx_word' id='word_1_162' title='bbox 2787 979 2892 1035; x_wconf 92' lang='lat' dir='ltr'><strong>hoc</strong></span> <span class='ocrx_word' id='word_1_163' title='bbox 2921 988 3022 1046; x_wconf 87' lang='lat' dir='ltr'><strong>est,</strong></span> <span class='ocrx_word' id='word_1_164' title='bbox 3057 973 3319 1048; x_wconf 87' lang='lat' dir='ltr'><strong>juvenem</strong></span> <span class='ocrx_word' id='word_1_165' title='bbox 3366 993 3495 1034; x_wconf 92' lang='lat' dir='ltr'><strong>cum</strong></span> <span class='ocrx_word' id='word_1_166' title='bbox 3529 976 3824 1053; x_wconf 80' lang='lat' dir='ltr'><strong>parenti-</strong></span> 
     </span>
    </p>
   </div>
   <div class='ocr_carea' id='block_1_24' title="bbox 2193 1067 3179 1144">
    <p class='ocr_par' dir='ltr' id='par_1_24' title="bbox 2193 1067 3179 1144">
     <span class='ocr_line' id='line_1_24' title="bbox 2193 1067 3179 1144; baseline -0.002 -20"><span class='ocrx_word' id='word_1_167' title='bbox 2193 1067 2294 1124; x_wconf 87' lang='lat' dir='ltr'><strong>bus</strong></span> <span class='ocrx_word' id='word_1_168' title='bbox 2323 1069 2458 1137; x_wconf 91' lang='lat' dir='ltr'><strong>suis,</strong></span> <span class='ocrx_word' id='word_1_169' title='bbox 2491 1069 2604 1124; x_wconf 89' lang='lat' dir='ltr'><strong>Deo</strong></span> <span class='ocrx_word' id='word_1_170' title='bbox 2633 1067 2832 1144; x_wconf 86' lang='lat' dir='ltr'><strong>gratias</strong></span> <span class='ocrx_word' id='word_1_171' title='bbox 2859 1067 3179 1124; x_wconf 86' lang='lat' dir='ltr'><strong>referentes.</strong></span> 
     </span>
    </p>
   </div>
   <div class='ocr_carea' id='block_1_25' title="bbox 2790 1200 3188 1260">
    <p class='ocr_par' dir='ltr' id='par_1_25' title="bbox 2790 1200 3188 1260">
     <span class='ocr_line' id='line_1_25' title="bbox 2790 1200 3188 1260; baseline -0.01 0"><span class='ocrx_word' id='word_1_172' title='bbox 2790 1201 3018 1260; x_wconf 85' lang='lat' dir='ltr'><strong>CAPUT</strong></span> <span class='ocrx_word' id='word_1_173' title='bbox 3060 1200 3188 1258; x_wconf 83' lang='grc' dir='ltr'><strong>ΧΧ.</strong></span> 
     </span>
    </p>
   </div>
   <div class='ocr_carea' id='block_1_26' title="bbox 2365 1299 3613 1374">
    <p class='ocr_par' dir='ltr' id='par_1_26' title="bbox 2365 1299 3613 1374">
     <span class='ocr_line' id='line_1_26' title="bbox 2365 1299 3613 1374; baseline -0.001 -15"><span class='ocrx_word' id='word_1_174' title='bbox 2365 1302 2461 1359; x_wconf 89' lang='lat' dir='ltr'><strong>SS.</strong></span> <span class='ocrx_word' id='word_1_175' title='bbox 2502 1303 2654 1370; x_wconf 83' lang='lat' dir='ltr'><strong>Zoes,</strong></span> <span class='ocrx_word' id='word_1_176' title='bbox 2694 1302 3058 1374; x_wconf 81' lang='lat' dir='ltr'><strong>Tranquillini</strong></span> <span class='ocrx_word' id='word_1_177' title='bbox 3085 1307 3132 1356; x_wconf 82' lang='lat' dir='ltr'><strong>et</strong></span> <span class='ocrx_word' id='word_1_178' title='bbox 3158 1299 3394 1357; x_wconf 77' lang='lat' dir='ltr'><strong>aliorum</strong></span> <span class='ocrx_word' id='word_1_179' title='bbox 3421 1301 3613 1358; x_wconf 71' lang='lat' dir='ltr'><strong>cades.</strong></span> 
     </span>
    </p>
   </div>
   <div class='ocr_carea' id='block_1_27' title="bbox 2258 1425 3825 1499">
    <p class='ocr_par' dir='ltr' id='par_1_27' title="bbox 2258 1425 3825 1499">
     <span class='ocr_line' id='line_1_27' title="bbox 2258 1425 3825 1499; baseline -0.001 -16"><span class='ocrx_word' id='word_1_180' title='bbox 2258 1425 2342 1483; x_wconf 90' lang='lat'><strong>73.</strong></span> <span class='ocrx_word' id='word_1_181' title='bbox 2377 1425 2582 1483; x_wconf 85' lang='lat' dir='ltr'><strong>Verum</strong></span> <span class='ocrx_word' id='word_1_182' title='bbox 2614 1425 2743 1498; x_wconf 90' lang='lat' dir='ltr'><strong>quia</strong></span> <span class='ocrx_word' id='word_1_183' title='bbox 2770 1427 3007 1484; x_wconf 90' lang='lat' dir='ltr'><strong>multum</strong></span> <span class='ocrx_word' id='word_1_184' title='bbox 3039 1433 3120 1482; x_wconf 92' lang='lat' dir='ltr'><strong>est</strong></span> <span class='ocrx_word' id='word_1_185' title='bbox 3148 1425 3196 1483; x_wconf 90' lang='lat' dir='ltr'><strong>si</strong></span> <span class='ocrx_word' id='word_1_186' title='bbox 3241 1426 3481 1482; x_wconf 92' lang='lat' dir='ltr'><strong>velimus</strong></span> <span class='ocrx_word' id='word_1_187' title='bbox 3517 1441 3583 1482; x_wconf 91' lang='lat' dir='ltr'><strong>ea</strong></span> <span class='ocrx_word' id='word_1_188' title='bbox 3607 1440 3825 1499; x_wconf 86' lang='lat' dir='ltr'><strong>prose-</strong></span> 
     </span>
    </p>
   </div>
   <div class='ocr_carea' id='block_1_28' title="bbox 2185 1519 3830 1593">
    <p class='ocr_par' dir='ltr' id='par_1_28' title="bbox 2185 1519 3830 1593">
     <span class='ocr_line' id='line_1_28' title="bbox 2185 1519 3830 1593; baseline 0 -19"><span class='ocrx_word' id='word_1_189' title='bbox 2185 1519 2281 1592; x_wconf 89' lang='lat' dir='ltr'><strong>qui</strong></span> <span class='ocrx_word' id='word_1_190' title='bbox 2309 1536 2430 1592; x_wconf 87' lang='lat' dir='ltr'><strong>qua</strong></span> <span class='ocrx_word' id='word_1_191' title='bbox 2460 1527 2513 1576; x_wconf 89' lang='lat' dir='ltr'><strong>et</strong></span> <span class='ocrx_word' id='word_1_192' title='bbox 2541 1528 2746 1593; x_wconf 87' lang='lat' dir='ltr'><strong>quanta</strong></span> <span class='ocrx_word' id='word_1_193' title='bbox 2771 1535 2867 1592; x_wconf 90' lang='lat' dir='ltr'><strong>per</strong></span> <span class='ocrx_word' id='word_1_194' title='bbox 2895 1536 2988 1575; x_wconf 90' lang='lat' dir='ltr'><strong>eos</strong></span> <span class='ocrx_word' id='word_1_195' title='bbox 3017 1519 3209 1575; x_wconf 86' lang='lat' dir='ltr'><strong>fecerit</strong></span> <span class='ocrx_word' id='word_1_196' title='bbox 3237 1519 3516 1588; x_wconf 89' lang='lat' dir='ltr'><strong>Christus,</strong></span> <span class='ocrx_word' id='word_1_197' title='bbox 3551 1519 3830 1593; x_wconf 85' lang='lat' dir='ltr'><strong>qualiter</strong></span> 
     </span>
    </p>
   </div>
   <div class='ocr_carea' id='block_1_29' title="bbox 2185 1611 3833 1684">
    <p class='ocr_par' dir='ltr' id='par_1_29' title="bbox 2185 1611 3833 1684">
     <span class='ocr_line' id='line_1_29' title="bbox 2185 1611 3833 1684; baseline 0 -18"><span class='ocrx_word' id='word_1_198' title='bbox 2185 1611 2562 1684; x_wconf 87' lang='lat' dir='ltr'><strong>unusquisque</strong></span> <span class='ocrx_word' id='word_1_199' title='bbox 2588 1611 2657 1668; x_wconf 89' lang='lat' dir='ltr'><strong>ad</strong></span> <span class='ocrx_word' id='word_1_200' title='bbox 2687 1612 2922 1684; x_wconf 88' lang='lat' dir='ltr'><strong>palmam</strong></span> <span class='ocrx_word' id='word_1_201' title='bbox 2965 1611 3220 1684; x_wconf 88' lang='lat' dir='ltr'><strong>martyrii</strong></span> <span class='ocrx_word' id='word_1_202' title='bbox 3262 1611 3499 1680; x_wconf 89' lang='lat' dir='ltr'><strong>venerit,</strong></span> <span class='ocrx_word' id='word_1_203' title='bbox 3530 1619 3833 1668; x_wconf 86' lang='lat' dir='ltr'><strong>tantum-</strong></span> 
     </span>
    </p>
   </div>
   <div class='ocr_carea' id='block_1_30' title="bbox 2187 1699 3819 1774">
    <p class='ocr_par' dir='ltr' id='par_1_30' title="bbox 2187 1699 3819 1774">
     <span class='ocr_line' id='line_1_30' title="bbox 2187 1699 3819 1774; baseline 0.002 -19"><span class='ocrx_word' id='word_1_204' title='bbox 2187 1699 2350 1757; x_wconf 91' lang='lat' dir='ltr'><strong>modo</strong></span> <span class='ocrx_word' id='word_1_205' title='bbox 2378 1701 2737 1774; x_wconf 82' lang='lat' dir='ltr'><strong>explicemus.</strong></span> <span class='ocrx_word' id='word_1_206' title='bbox 2771 1701 3094 1758; x_wconf 86' lang='lat' dir='ltr'><strong>Beatissima</strong></span> <span class='ocrx_word' id='word_1_207' title='bbox 3121 1703 3227 1758; x_wconf 90' lang='lat' dir='ltr'><strong>Zoe</strong></span> <span class='ocrx_word' id='word_1_208' title='bbox 3274 1701 3332 1758; x_wconf 90' lang='lat' dir='ltr'><strong>in</strong></span> <span class='ocrx_word' id='word_1_209' title='bbox 3385 1702 3819 1774; x_wconf 82' lang='lat' dir='ltr'><strong>Apostolorum</strong></span> 
     </span>
    </p>
   </div>
   <div class='ocr_carea' id='block_1_31' title="bbox 2185 1789 3828 1864">
    <p class='ocr_par' dir='ltr' id='par_1_31' title="bbox 2185 1789 3828 1864">
     <span class='ocr_line' id='line_1_31' title="bbox 2185 1789 3828 1864; baseline 0.001 -19"><span class='ocrx_word' id='word_1_210' title='bbox 2185 1791 2384 1859; x_wconf 91' lang='lat' dir='ltr'><strong>uatale,</strong></span> <span class='ocrx_word' id='word_1_211' title='bbox 2435 1791 2566 1847; x_wconf 90' lang='lat' dir='ltr'><strong>dum</strong></span> <span class='ocrx_word' id='word_1_212' title='bbox 2609 1791 2678 1848; x_wconf 91' lang='lat' dir='ltr'><strong>ad</strong></span> <span class='ocrx_word' id='word_1_213' title='bbox 2723 1791 3136 1850; x_wconf 90' lang='lat' dir='ltr'><strong>Confessionem</strong></span> <span class='ocrx_word' id='word_1_214' title='bbox 3178 1790 3295 1861; x_wconf 80' lang='lat' dir='ltr'><strong>(9i)</strong></span> <span class='ocrx_word' id='word_1_215' title='bbox 3351 1789 3498 1846; x_wconf 88' lang='lat' dir='ltr'><strong>Petri</strong></span> <span class='ocrx_word' id='word_1_216' title='bbox 3554 1790 3828 1864; x_wconf 90' lang='lat' dir='ltr'><strong>apostoli</strong></span> 
     </span>
    </p>
   </div>
   <div class='ocr_carea' id='block_1_32' title="bbox 484 1875 3831 1954">
    <p class='ocr_par' dir='ltr' id='par_1_32' title="bbox 484 1875 3831 1954">
     <span class='ocr_line' id='line_1_32' title="bbox 484 1875 3831 1954; baseline -0.001 -16"><span class='ocrx_word' id='word_1_217' title='bbox 484 1883 665 1938; x_wconf 89' lang='lat' dir='ltr'><strong>tulum</strong></span> <span class='ocrx_word' id='word_1_218' title='bbox 694 1881 980 1947; x_wconf 89' lang='lat' dir='ltr'><strong>zetarium,</strong></span> <span class='ocrx_word' id='word_1_219' title='bbox 1015 1879 1074 1935; x_wconf 93' lang='lat' dir='ltr'><strong>in</strong></span> <span class='ocrx_word' id='word_1_220' title='bbox 1102 1879 1238 1951; x_wconf 91' lang='lat' dir='ltr'><strong>ipsis</strong></span> <span class='ocrx_word' id='word_1_221' title='bbox 1259 1877 1639 1950; x_wconf 86' lang='lat' dir='ltr'><strong>superioribus</strong></span> <span class='ocrx_word' id='word_1_222' title='bbox 1667 1876 1885 1950; x_wconf 90' lang='lat' dir='ltr'><strong>palatii,</strong></span> <span class='ocrx_word' id='word_1_223' title='bbox 1917 1884 1972 1933; x_wconf 89' lang='lat' dir='ltr'><strong>et</strong></span> <span class='ocrx_word' id='word_1_224' title='bbox 1985 1875 2076 1932; x_wconf 92' lang='lat' dir='ltr'><strong>die</strong></span> <span class='ocrx_word' id='word_1_225' title='bbox 2107 1884 2154 1946; x_wconf 88' lang='grc' dir='ltr'>Β</span> <span class='ocrx_word' id='word_1_226' title='bbox 2183 1885 2382 1947; x_wconf 87' lang='lat' dir='ltr'><strong>oraret,</strong></span> <span class='ocrx_word' id='word_1_227' title='bbox 2409 1878 2476 1935; x_wconf 91' lang='lat' dir='ltr'><strong>ab</strong></span> <span class='ocrx_word' id='word_1_228' title='bbox 2498 1879 2889 1936; x_wconf 90' lang='lat' dir='ltr'><strong>insidiantibus</strong></span> <span class='ocrx_word' id='word_1_229' title='bbox 2918 1879 3140 1952; x_wconf 83' lang='lat' dir='ltr'><strong>paganis</strong></span> <span class='ocrx_word' id='word_1_230' title='bbox 3163 1886 3426 1948; x_wconf 90' lang='lat' dir='ltr'><strong>arctatur,</strong></span> <span class='ocrx_word' id='word_1_231' title='bbox 3458 1878 3831 1954; x_wconf 85' lang='lat' dir='ltr'><strong>duciturque</strong></span> 
     </span>
    </p>
   </div>
   <div class='ocr_carea' id='block_1_33' title="bbox 484 1967 2076 2047">
    <p class='ocr_par' dir='ltr' id='par_1_33' title="bbox 484 1967 2076 2047">
     <span class='ocr_line' id='line_1_33' title="bbox 484 1967 2076 2047; baseline -0.004 -16"><span class='ocrx_word' id='word_1_232' title='bbox 484 1983 762 2047; x_wconf 89' lang='lat' dir='ltr'><strong>noctuque</strong></span> <span class='ocrx_word' id='word_1_233' title='bbox 789 1969 1082 2046; x_wconf 81' lang='lat' dir='ltr'><strong>gemitibus</strong></span> <span class='ocrx_word' id='word_1_234' title='bbox 1100 1987 1163 2026; x_wconf 88' lang='lat' dir='ltr'><strong>ac</strong></span> <span class='ocrx_word' id='word_1_235' title='bbox 1182 1969 1422 2037; x_wconf 87' lang='lat' dir='ltr'><strong>ﬂetibus,</strong></span> <span class='ocrx_word' id='word_1_236' title='bbox 1450 1975 1504 2024; x_wconf 92' lang='lat' dir='ltr'><strong>et</strong></span> <span class='ocrx_word' id='word_1_237' title='bbox 1528 1967 1758 2040; x_wconf 89' lang='lat' dir='ltr'><strong>jejuniis</strong></span> <span class='ocrx_word' id='word_1_238' title='bbox 1777 1975 1940 2042; x_wconf 86' lang='lat' dir='ltr'><strong>atque</strong></span> <span class='ocrx_word' id='word_1_239' title='bbox 1960 1984 2076 2024; x_wconf 88' lang='lat' dir='ltr'><strong>ora-</strong></span> 
     </span>
    </p>
   </div>
   <div class='ocr_carea' id='block_1_34' title="bbox 484 2056 2077 2131">
    <p class='ocr_par' dir='ltr' id='par_1_34' title="bbox 484 2056 2077 2131">
     <span class='ocr_line' id='line_1_34' title="bbox 484 2056 2077 2131; baseline -0.004 -12"><span class='ocrx_word' id='word_1_240' title='bbox 484 2061 734 2119; x_wconf 91' lang='lat' dir='ltr'><strong>tionibus</strong></span> <span class='ocrx_word' id='word_1_241' title='bbox 794 2059 1066 2131; x_wconf 88' lang='lat' dir='ltr'><strong>occupati,</strong></span> <span class='ocrx_word' id='word_1_242' title='bbox 1093 2057 1394 2116; x_wconf 84' lang='lat' dir='ltr'><strong>exorabant</strong></span> <span class='ocrx_word' id='word_1_243' title='bbox 1449 2059 1776 2125; x_wconf 82' lang='lat' dir='ltr'><strong>Dominum,</strong></span> <span class='ocrx_word' id='word_1_244' title='bbox 1809 2065 1870 2114; x_wconf 90' lang='lat' dir='ltr'><strong>ut</strong></span> <span class='ocrx_word' id='word_1_245' title='bbox 1924 2056 2077 2130; x_wconf 83' lang='lat' dir='ltr'><strong>digni</strong></span> 
     </span>
    </p>
   </div>
   <div class='ocr_carea' id='block_1_35' title="bbox 486 2147 2078 2220">
    <p class='ocr_par' dir='ltr' id='par_1_35' title="bbox 486 2147 2078 2220">
     <span class='ocr_line' id='line_1_35' title="bbox 486 2147 2078 2220; baseline -0.002 -15"><span class='ocrx_word' id='word_1_246' title='bbox 486 2149 823 2205; x_wconf 90' lang='lat' dir='ltr'><strong>haberentur</strong></span> <span class='ocrx_word' id='word_1_247' title='bbox 851 2147 1142 2204; x_wconf 85' lang='lat' dir='ltr'><strong>tolerantia</strong></span> <span class='ocrx_word' id='word_1_248' title='bbox 1180 2147 1542 2204; x_wconf 90' lang='lat' dir='ltr'><strong>confessionis</strong></span> <span class='ocrx_word' id='word_1_249' title='bbox 1570 2147 1706 2220; x_wconf 89' lang='lat' dir='ltr'><strong>ejus,</strong></span> <span class='ocrx_word' id='word_1_250' title='bbox 1740 2147 1798 2203; x_wconf 89' lang='lat' dir='ltr'><strong>in</strong></span> <span class='ocrx_word' id='word_1_251' title='bbox 1849 2162 2078 2202; x_wconf 89' lang='lat' dir='ltr'><strong>numero</strong></span> 
     </span>
    </p>
   </div>
   <div class='ocr_carea' id='block_1_36' title="bbox 486 2235 1386 2308">
    <p class='ocr_par' dir='ltr' id='par_1_36' title="bbox 486 2235 1386 2308">
     <span class='ocr_line' id='line_1_36' title="bbox 486 2235 1386 2308; baseline -0.002 -14"><span class='ocrx_word' id='word_1_252' title='bbox 486 2247 802 2296; x_wconf 89' lang='lat' dir='ltr'><strong>sanctorum</strong></span> <span class='ocrx_word' id='word_1_253' title='bbox 832 2244 1136 2308; x_wconf 86' lang='lat' dir='ltr'><strong>martyrum</strong></span> <span class='ocrx_word' id='word_1_254' title='bbox 1167 2235 1386 2292; x_wconf 91' lang='lat' dir='ltr'><strong>sociari.</strong></span> 
     </span>
    </p>
   </div>
   <div class='ocr_carea' id='block_1_37' title="bbox 559 2323 2079 2397">
    <p class='ocr_par' dir='ltr' id='par_1_37' title="bbox 559 2323 2079 2397">
     <span class='ocr_line' id='line_1_37' title="bbox 559 2323 2079 2397; baseline -0.001 -14"><span class='ocrx_word' id='word_1_255' title='bbox 559 2327 648 2383; x_wconf 91' lang='lat'><strong>70.</strong></span> <span class='ocrx_word' id='word_1_256' title='bbox 690 2325 1076 2382; x_wconf 86' lang='lat' dir='ltr'><strong>Ascendebant</strong></span> <span class='ocrx_word' id='word_1_257' title='bbox 1096 2333 1277 2381; x_wconf 90' lang='lat' dir='ltr'><strong>autem</strong></span> <span class='ocrx_word' id='word_1_258' title='bbox 1337 2323 1402 2380; x_wconf 89' lang='lat' dir='ltr'><strong>ad</strong></span> <span class='ocrx_word' id='word_1_259' title='bbox 1433 2339 1524 2380; x_wconf 91' lang='lat' dir='ltr'><strong>eos</strong></span> <span class='ocrx_word' id='word_1_260' title='bbox 1566 2324 1778 2380; x_wconf 89' lang='lat' dir='ltr'><strong>occulte</strong></span> <span class='ocrx_word' id='word_1_261' title='bbox 1835 2323 2079 2397; x_wconf 82' lang='lat' dir='ltr'><strong>religiosi</strong></span> 
     </span>
    </p>
   </div>
   <div class='ocr_carea' id='block_1_38' title="bbox 487 2415 2078 2490">
    <p class='ocr_par' dir='ltr' id='par_1_38' title="bbox 487 2415 2078 2490">
     <span class='ocr_line' id='line_1_38' title="bbox 487 2415 2078 2490; baseline -0.001 -16"><span class='ocrx_word' id='word_1_262' title='bbox 487 2417 595 2475; x_wconf 89' lang='lat' dir='ltr'><strong>viri</strong></span> <span class='ocrx_word' id='word_1_263' title='bbox 627 2426 680 2474; x_wconf 90' lang='lat' dir='ltr'><strong>et</strong></span> <span class='ocrx_word' id='word_1_264' title='bbox 709 2417 976 2490; x_wconf 88' lang='lat' dir='ltr'><strong>religiosa</strong></span> <span class='ocrx_word' id='word_1_265' title='bbox 1000 2416 1240 2485; x_wconf 88' lang='lat' dir='ltr'><strong>femina,</strong></span> <span class='ocrx_word' id='word_1_266' title='bbox 1283 2422 1337 2470; x_wconf 91' lang='lat' dir='ltr'><strong>et</strong></span> <span class='ocrx_word' id='word_1_267' title='bbox 1365 2432 1395 2471; x_wconf 92' lang='lat' dir='ltr'><strong>a</strong></span> <span class='ocrx_word' id='word_1_268' title='bbox 1429 2415 1642 2472; x_wconf 89' lang='lat' dir='ltr'><strong>Sanctis</strong></span> <span class='ocrx_word' id='word_1_269' title='bbox 1670 2415 1914 2472; x_wconf 89' lang='lat' dir='ltr'><strong>diversas</strong></span> <span class='ocrx_word' id='word_1_270' title='bbox 1970 2416 2078 2473; x_wconf 88' lang='lat' dir='ltr'><strong>sibi</strong></span> 
     </span>
    </p>
   </div>
   <div class='ocr_carea' id='block_1_39' title="bbox 487 2505 2080 2580">
    <p class='ocr_par' dir='ltr' id='par_1_39' title="bbox 487 2505 2080 2580">
     <span class='ocr_line' id='line_1_39' title="bbox 487 2505 2080 2580; baseline -0.001 -16"><span class='ocrx_word' id='word_1_271' title='bbox 487 2507 783 2565; x_wconf 88' lang='lat' dir='ltr'><strong>sanitatum</strong></span> <span class='ocrx_word' id='word_1_272' title='bbox 815 2507 1014 2580; x_wconf 89' lang='lat' dir='ltr'><strong>gratias</strong></span> <span class='ocrx_word' id='word_1_273' title='bbox 1048 2506 1438 2580; x_wconf 85' lang='lat' dir='ltr'><strong>impetrabant.</strong></span> <span class='ocrx_word' id='word_1_274' title='bbox 1492 2505 1884 2564; x_wconf 88' lang='lat' dir='ltr'><strong>Corroboratos</strong></span> <span class='ocrx_word' id='word_1_275' title='bbox 1913 2523 2080 2562; x_wconf 90' lang='lat' dir='ltr'><strong>nam-</strong></span> 
     </span>
    </p>
   </div>
   <div class='ocr_carea' id='block_1_40' title="bbox 487 2595 2080 2672">
    <p class='ocr_par' dir='ltr' id='par_1_40' title="bbox 487 2595 2080 2672">
     <span class='ocr_line' id='line_1_40' title="bbox 487 2595 2080 2672; baseline -0.002 -18"><span class='ocrx_word' id='word_1_276' title='bbox 487 2614 592 2672; x_wconf 92' lang='lat' dir='ltr'><strong>que</strong></span> <span class='ocrx_word' id='word_1_277' title='bbox 627 2615 765 2654; x_wconf 86' lang='lat' dir='ltr'><strong>vera</strong></span> <span class='ocrx_word' id='word_1_278' title='bbox 797 2597 924 2653; x_wconf 80' lang='lat' dir='ltr'><strong>fidei</strong></span> <span class='ocrx_word' id='word_1_279' title='bbox 954 2595 1212 2653; x_wconf 88' lang='lat' dir='ltr'><strong>ﬁrmitate</strong></span> <span class='ocrx_word' id='word_1_280' title='bbox 1247 2605 1300 2652; x_wconf 91' lang='lat' dir='ltr'><strong>et</strong></span> <span class='ocrx_word' id='word_1_281' title='bbox 1321 2595 1554 2651; x_wconf 89' lang='lat' dir='ltr'><strong>solidato</strong></span> <span class='ocrx_word' id='word_1_282' title='bbox 1581 2595 1938 2667; x_wconf 82' lang='lat' dir='ltr'><strong>fundamento</strong></span> <span class='ocrx_word' id='word_1_283' title='bbox 1957 2596 2080 2651; x_wconf 83' lang='lat' dir='ltr'><strong>vir-</strong></span> 
     </span>
    </p>
   </div>
   <div class='ocr_carea' id='block_1_41' title="bbox 493 2685 2080 2759">
    <p class='ocr_par' dir='ltr' id='par_1_41' title="bbox 493 2685 2080 2759">
     <span class='ocr_line' id='line_1_41' title="bbox 493 2685 2080 2759; baseline 0 -15"><span class='ocrx_word' id='word_1_284' title='bbox 493 2695 698 2756; x_wconf 90' lang='lat' dir='ltr'><strong>tutum,</strong></span> <span class='ocrx_word' id='word_1_285' title='bbox 754 2687 1052 2743; x_wconf 82' lang='lat' dir='ltr'><strong>sanitatnm</strong></span> <span class='ocrx_word' id='word_1_286' title='bbox 1119 2686 1292 2759; x_wconf 87' lang='lat' dir='ltr'><strong>gratia</strong></span> <span class='ocrx_word' id='word_1_287' title='bbox 1328 2685 1774 2759; x_wconf 89' lang='lat' dir='ltr'><strong>prosequebatur.</strong></span> <span class='ocrx_word' id='word_1_288' title='bbox 1833 2686 1970 2742; x_wconf 90' lang='lat' dir='ltr'><strong>Nam</strong></span> <span class='ocrx_word' id='word_1_289' title='bbox 2026 2695 2080 2744; x_wconf 92' lang='lat' dir='ltr'><strong>et</strong></span> 
     </span>
    </p>
   </div>
   <div class='ocr_carea' id='block_1_42' title="bbox 493 2776 2080 2850">
    <p class='ocr_par' dir='ltr' id='par_1_42' title="bbox 493 2776 2080 2850">
     <span class='ocr_line' id='line_1_42' title="bbox 493 2776 2080 2850; baseline 0 -15"><span class='ocrx_word' id='word_1_290' title='bbox 493 2795 770 2836; x_wconf 68' lang='lat' dir='ltr'><strong>caecorum</strong></span> <span class='ocrx_word' id='word_1_291' title='bbox 800 2777 946 2834; x_wconf 92' lang='lat' dir='ltr'><strong>oculi</strong></span> <span class='ocrx_word' id='word_1_292' title='bbox 1002 2776 1460 2833; x_wconf 89' lang='lat' dir='ltr'><strong>illuminabantur</strong></span> <span class='ocrx_word' id='word_1_293' title='bbox 1491 2793 1680 2832; x_wconf 90' lang='lat' dir='ltr'><strong>eorum</strong></span> <span class='ocrx_word' id='word_1_294' title='bbox 1729 2777 2002 2850; x_wconf 90' lang='lat' dir='ltr'><strong>precibus,</strong></span> <span class='ocrx_word' id='word_1_295' title='bbox 2027 2785 2080 2835; x_wconf 89' lang='lat' dir='ltr'><strong>et</strong></span> 
     </span>
    </p>
   </div>
   <div class='ocr_carea' id='block_1_43' title="bbox 492 2866 2080 2941">
    <p class='ocr_par' dir='ltr' id='par_1_43' title="bbox 492 2866 2080 2941">
     <span class='ocr_line' id='line_1_43' title="bbox 492 2866 2080 2941; baseline 0.001 -19"><span class='ocrx_word' id='word_1_296' title='bbox 492 2867 827 2923; x_wconf 90' lang='lat' dir='ltr'><strong>sanabantur</strong></span> <span class='ocrx_word' id='word_1_297' title='bbox 855 2866 1087 2936; x_wconf 85' lang='lat' dir='ltr'><strong>inﬁrmi,</strong></span> <span class='ocrx_word' id='word_1_298' title='bbox 1142 2873 1196 2922; x_wconf 91' lang='lat' dir='ltr'><strong>et</strong></span> <span class='ocrx_word' id='word_1_299' title='bbox 1220 2882 1290 2923; x_wconf 85' lang='lat' dir='ltr'><strong>ex</strong></span> <span class='ocrx_word' id='word_1_300' title='bbox 1326 2866 1559 2923; x_wconf 89' lang='lat' dir='ltr'><strong>obsessis</strong></span> <span class='ocrx_word' id='word_1_301' title='bbox 1587 2868 1908 2941; x_wconf 87' lang='lat' dir='ltr'><strong>corporibus</strong></span> <span class='ocrx_word' id='word_1_302' title='bbox 1975 2868 2080 2924; x_wconf 87' lang='lat' dir='ltr'><strong>dae-</strong></span> 
     </span>
    </p>
   </div>
   <div class='ocr_carea' id='block_1_44' title="bbox 489 2957 1074 3028">
    <p class='ocr_par' dir='ltr' id='par_1_44' title="bbox 489 2957 1074 3028">
     <span class='ocr_line' id='line_1_44' title="bbox 489 2957 1074 3028; baseline -0.005 -15"><span class='ocrx_word' id='word_1_303' title='bbox 489 2972 679 3013; x_wconf 91' lang='lat' dir='ltr'><strong>mones</strong></span> <span class='ocrx_word' id='word_1_304' title='bbox 709 2957 1074 3028; x_wconf 89' lang='lat' dir='ltr'><strong>pellebantur.</strong></span> 
     </span>
    </p>
   </div>
   <div class='ocr_carea' id='block_1_45' title="bbox 569 3041 2083 3112">
    <p class='ocr_par' dir='ltr' id='par_1_45' title="bbox 569 3041 2083 3112">
     <span class='ocr_line' id='line_1_45' title="bbox 569 3041 2083 3112; baseline -0.004 -8"><span class='ocrx_word' id='word_1_305' title='bbox 569 3047 656 3104; x_wconf 83' lang='grc'><strong>71.</strong></span> <span class='ocrx_word' id='word_1_306' title='bbox 689 3048 901 3104; x_wconf 88' lang='lat' dir='ltr'><strong>Interea</strong></span> <span class='ocrx_word' id='word_1_307' title='bbox 921 3045 1052 3101; x_wconf 89' lang='lat' dir='ltr'><strong>dum</strong></span> <span class='ocrx_word' id='word_1_308' title='bbox 1083 3043 1202 3100; x_wconf 84' lang='lat' dir='ltr'><strong>hac</strong></span> <span class='ocrx_word' id='word_1_309' title='bbox 1225 3051 1486 3112; x_wconf 87' lang='lat' dir='ltr'><strong>aguntur,</strong></span> <span class='ocrx_word' id='word_1_310' title='bbox 1512 3041 1786 3098; x_wconf 86' lang='lat' dir='ltr'><strong>transiens</strong></span> <span class='ocrx_word' id='word_1_311' title='bbox 1802 3043 1864 3098; x_wconf 89' lang='grc' dir='ltr'><strong>Β.</strong></span> <span class='ocrx_word' id='word_1_312' title='bbox 1890 3043 2083 3100; x_wconf 87' lang='lat' dir='ltr'><strong>Tibur-</strong></span> 
     </span>
    </p>
   </div>
   <div class='ocr_carea' id='block_1_46' title="bbox 493 3129 2082 3202">
    <p class='ocr_par' dir='ltr' id='par_1_46' title="bbox 493 3129 2082 3202">
     <span class='ocr_line' id='line_1_46' title="bbox 493 3129 2082 3202; baseline -0.002 -11"><span class='ocrx_word' id='word_1_313' title='bbox 493 3135 606 3191; x_wconf 91' lang='lat' dir='ltr'><strong>tius</strong></span> <span class='ocrx_word' id='word_1_314' title='bbox 637 3135 880 3191; x_wconf 90' lang='lat' dir='ltr'><strong>occurrit</strong></span> <span class='ocrx_word' id='word_1_315' title='bbox 911 3131 1127 3189; x_wconf 91' lang='lat' dir='ltr'><strong>homini</strong></span> <span class='ocrx_word' id='word_1_316' title='bbox 1161 3129 1258 3202; x_wconf 89' lang='lat' dir='ltr'><strong>qui</strong></span> <span class='ocrx_word' id='word_1_317' title='bbox 1277 3130 1344 3186; x_wconf 90' lang='lat' dir='ltr'><strong>de</strong></span> <span class='ocrx_word' id='word_1_318' title='bbox 1370 3131 1484 3186; x_wconf 90' lang='lat' dir='ltr'><strong>alto</strong></span> <span class='ocrx_word' id='word_1_319' title='bbox 1530 3131 1732 3202; x_wconf 90' lang='lat' dir='ltr'><strong>lapsus,</strong></span> <span class='ocrx_word' id='word_1_320' title='bbox 1765 3137 1819 3185; x_wconf 92' lang='lat' dir='ltr'><strong>et</strong></span> <span class='ocrx_word' id='word_1_321' title='bbox 1845 3140 2009 3202; x_wconf 87' lang='lat' dir='ltr'><strong>caput</strong></span> <span class='ocrx_word' id='word_1_322' title='bbox 2033 3133 2082 3188; x_wconf 92' lang='lat' dir='ltr'><strong>ei</strong></span> 
     </span>
    </p>
   </div>
   <div class='ocr_carea' id='block_1_47' title="bbox 2189 1967 3829 2044">
    <p class='ocr_par' dir='ltr' id='par_1_47' title="bbox 2189 1967 3829 2044">
     <span class='ocr_line' id='line_1_47' title="bbox 2189 1967 3829 2044; baseline 0.003 -21"><span class='ocrx_word' id='word_1_323' title='bbox 2189 1967 2257 2024; x_wconf 89' lang='lat' dir='ltr'><strong>ad</strong></span> <span class='ocrx_word' id='word_1_324' title='bbox 2287 1978 2579 2042; x_wconf 88' lang='lat' dir='ltr'><strong>patronum</strong></span> <span class='ocrx_word' id='word_1_325' title='bbox 2605 1971 2844 2044; x_wconf 89' lang='lat' dir='ltr'><strong>regionis</strong></span> <span class='ocrx_word' id='word_1_326' title='bbox 2871 1969 3224 2028; x_wconf 86' lang='lat' dir='ltr'><strong>Naumachia</strong></span> <span class='ocrx_word' id='word_1_327' title='bbox 3270 1970 3412 2043; x_wconf 82' lang='lat'><strong>(92),</strong></span> <span class='ocrx_word' id='word_1_328' title='bbox 3445 1977 3500 2026; x_wconf 91' lang='lat' dir='ltr'><strong>et</strong></span> <span class='ocrx_word' id='word_1_329' title='bbox 3537 1972 3829 2044; x_wconf 87' lang='lat' dir='ltr'><strong>compel—</strong></span> 
     </span>
    </p>
   </div>
   <div class='ocr_carea' id='block_1_48' title="bbox 2189 2059 3829 2135">
    <p class='ocr_par' dir='ltr' id='par_1_48' title="bbox 2189 2059 3829 2135">
     <span class='ocr_line' id='line_1_48' title="bbox 2189 2059 3829 2135; baseline 0.003 -20"><span class='ocrx_word' id='word_1_330' title='bbox 2189 2059 2325 2116; x_wconf 90' lang='lat' dir='ltr'><strong>litur</strong></span> <span class='ocrx_word' id='word_1_331' title='bbox 2351 2061 2542 2118; x_wconf 86' lang='lat' dir='ltr'><strong>Martis</strong></span> <span class='ocrx_word' id='word_1_332' title='bbox 2570 2063 2882 2119; x_wconf 89' lang='lat' dir='ltr'><strong>statunculo</strong></span> <span class='ocrx_word' id='word_1_333' title='bbox 2908 2061 3048 2135; x_wconf 90' lang='lat'><strong>(93),</strong></span> <span class='ocrx_word' id='word_1_334' title='bbox 3075 2061 3221 2135; x_wconf 88' lang='lat' dir='ltr'><strong>quod</strong></span> <span class='ocrx_word' id='word_1_335' title='bbox 3248 2062 3364 2118; x_wconf 92' lang='lat' dir='ltr'><strong>illic</strong></span> <span class='ocrx_word' id='word_1_336' title='bbox 3392 2062 3592 2132; x_wconf 87' lang='lat' dir='ltr'><strong>stabat,</strong></span> <span class='ocrx_word' id='word_1_337' title='bbox 3610 2062 3829 2120; x_wconf 84' lang='lat' dir='ltr'><strong>thuris</strong></span> 
     </span>
    </p>
   </div>
   <div class='ocr_carea' id='block_1_49' title="bbox 2191 2151 3825 2224">
    <p class='ocr_par' dir='ltr' id='par_1_49' title="bbox 2191 2151 3825 2224">
     <span class='ocr_line' id='line_1_49' title="bbox 2191 2151 3825 2224; baseline 0.003 -20"><span class='ocrx_word' id='word_1_338' title='bbox 2191 2157 2370 2220; x_wconf 88' lang='lat' dir='ltr'><strong>guttas</strong></span> <span class='ocrx_word' id='word_1_339' title='bbox 2427 2151 2738 2208; x_wconf 87' lang='lat' dir='ltr'><strong>incendere.</strong></span> <span class='ocrx_word' id='word_1_340' title='bbox 2789 2152 2928 2208; x_wconf 90' lang='lat' dir='ltr'><strong>Tum</strong></span> <span class='ocrx_word' id='word_1_341' title='bbox 2979 2153 3074 2208; x_wconf 91' lang='lat' dir='ltr'><strong>illa</strong></span> <span class='ocrx_word' id='word_1_342' title='bbox 3117 2151 3445 2224; x_wconf 89' lang='lat' dir='ltr'><strong>respondit:</strong></span> <span class='ocrx_word' id='word_1_343' title='bbox 3502 2152 3825 2210; x_wconf 83' lang='lat' dir='ltr'><strong>Mulierem</strong></span> 
     </span>
    </p>
   </div>
   <div class='ocr_carea' id='block_1_50' title="bbox 2190 2239 3822 2314">
    <p class='ocr_par' dir='ltr' id='par_1_50' title="bbox 2190 2239 3822 2314">
     <span class='ocr_line' id='line_1_50' title="bbox 2190 2239 3822 2314; baseline 0.002 -19"><span class='ocrx_word' id='word_1_344' title='bbox 2190 2239 2351 2298; x_wconf 88' lang='lat' dir='ltr'><strong>Marti</strong></span> <span class='ocrx_word' id='word_1_345' title='bbox 2382 2241 2689 2298; x_wconf 87' lang='lat' dir='ltr'><strong>sacriﬁcare</strong></span> <span class='ocrx_word' id='word_1_346' title='bbox 2737 2242 3089 2314; x_wconf 89' lang='lat' dir='ltr'><strong>compellitis,</strong></span> <span class='ocrx_word' id='word_1_347' title='bbox 3143 2249 3203 2297; x_wconf 90' lang='lat' dir='ltr'><strong>ut</strong></span> <span class='ocrx_word' id='word_1_348' title='bbox 3231 2242 3532 2300; x_wconf 89' lang='lat' dir='ltr'><strong>ostendatis</strong></span> <span class='ocrx_word' id='word_1_349' title='bbox 3562 2243 3822 2300; x_wconf 87' lang='lat' dir='ltr'><strong>Martem</strong></span> 
     </span>
    </p>
   </div>
   <div class='ocr_carea' id='block_1_51' title="bbox 2190 2329 3826 2404">
    <p class='ocr_par' dir='ltr' id='par_1_51' title="bbox 2190 2329 3826 2404">
     <span class='ocr_line' id='line_1_51' title="bbox 2190 2329 3826 2404; baseline 0.004 -21"><span class='ocrx_word' id='word_1_350' title='bbox 2190 2335 2432 2385; x_wconf 88' lang='lat' dir='ltr'><strong>vestrum</strong></span> <span class='ocrx_word' id='word_1_351' title='bbox 2468 2329 2794 2386; x_wconf 90' lang='lat' dir='ltr'><strong>mulieribus</strong></span> <span class='ocrx_word' id='word_1_352' title='bbox 2823 2330 3086 2387; x_wconf 91' lang='lat' dir='ltr'><strong>delectari</strong></span> <span class='ocrx_word' id='word_1_353' title='bbox 3118 2331 3146 2387; x_wconf 73' lang='grc' dir='ltr'><em>ἳ</em></span> <span class='ocrx_word' id='word_1_354' title='bbox 3183 2329 3288 2387; x_wconf 86' lang='lat' dir='ltr'><strong>Sed</strong></span> <span class='ocrx_word' id='word_1_355' title='bbox 3326 2329 3420 2386; x_wconf 91' lang='lat' dir='ltr'><strong>ille</strong></span> <span class='ocrx_word' id='word_1_356' title='bbox 3451 2331 3826 2404; x_wconf 89' lang='lat' dir='ltr'><strong>impudicis—</strong></span> 
     </span>
    </p>
   </div>
   <div class='ocr_carea' id='block_1_52' title="bbox 2191 2420 3824 2495">
    <p class='ocr_par' dir='ltr' id='par_1_52' title="bbox 2191 2420 3824 2495">
     <span class='ocr_line' id='line_1_52' title="bbox 2191 2420 3824 2495; baseline 0.002 -19"><span class='ocrx_word' id='word_1_357' title='bbox 2191 2420 2342 2476; x_wconf 86' lang='lat' dir='ltr'><strong>sima</strong></span> <span class='ocrx_word' id='word_1_358' title='bbox 2373 2420 2576 2477; x_wconf 86' lang='lat' dir='ltr'><strong>Veneri</strong></span> <span class='ocrx_word' id='word_1_359' title='bbox 2627 2421 2808 2494; x_wconf 90' lang='lat' dir='ltr'><strong>potuit</strong></span> <span class='ocrx_word' id='word_1_360' title='bbox 2867 2422 3132 2494; x_wconf 87' lang='lat' dir='ltr'><strong>pudorem</strong></span> <span class='ocrx_word' id='word_1_361' title='bbox 3191 2421 3421 2495; x_wconf 90' lang='lat' dir='ltr'><strong>eripere,</strong></span> <span class='ocrx_word' id='word_1_362' title='bbox 3480 2422 3619 2479; x_wconf 92' lang='lat' dir='ltr'><strong>mihi</strong></span> <span class='ocrx_word' id='word_1_363' title='bbox 3663 2439 3824 2480; x_wconf 84' lang='lat' dir='ltr'><strong>vero</strong></span> 
     </span>
    </p>
   </div>
   <div class='ocr_carea' id='block_1_53' title="bbox 2189 2509 3823 2584">
    <p class='ocr_par' dir='ltr' id='par_1_53' title="bbox 2189 2509 3823 2584">
     <span class='ocr_line' id='line_1_53' title="bbox 2189 2509 3823 2584; baseline 0.001 -18"><span class='ocrx_word' id='word_1_364' title='bbox 2189 2519 2456 2582; x_wconf 86' lang='lat' dir='ltr'><strong>tropaeum</strong></span> <span class='ocrx_word' id='word_1_365' title='bbox 2483 2509 2611 2566; x_wconf 88' lang='lat' dir='ltr'><strong>ﬁdei</strong></span> <span class='ocrx_word' id='word_1_366' title='bbox 2633 2511 2691 2566; x_wconf 92' lang='lat' dir='ltr'><strong>in</strong></span> <span class='ocrx_word' id='word_1_367' title='bbox 2720 2511 2898 2566; x_wconf 88' lang='lat' dir='ltr'><strong>fronte</strong></span> <span class='ocrx_word' id='word_1_368' title='bbox 2937 2511 3178 2584; x_wconf 90' lang='lat' dir='ltr'><strong>portanti</strong></span> <span class='ocrx_word' id='word_1_369' title='bbox 3208 2510 3319 2567; x_wconf 87' lang='lat' dir='ltr'><strong>non</strong></span> <span class='ocrx_word' id='word_1_370' title='bbox 3336 2511 3536 2584; x_wconf 90' lang='lat' dir='ltr'><strong>poterit</strong></span> <span class='ocrx_word' id='word_1_371' title='bbox 3568 2529 3823 2584; x_wconf 81' lang='lat' dir='ltr'><strong>prava-</strong></span> 
     </span>
    </p>
   </div>
   <div class='ocr_carea' id='block_1_54' title="bbox 2192 2600 3820 2674">
    <p class='ocr_par' dir='ltr' id='par_1_54' title="bbox 2192 2600 3820 2674">
     <span class='ocr_line' id='line_1_54' title="bbox 2192 2600 3820 2674; baseline 0.002 -18"><span class='ocrx_word' id='word_1_372' title='bbox 2192 2601 2322 2656; x_wconf 89' lang='lat' dir='ltr'><strong>lere.</strong></span> <span class='ocrx_word' id='word_1_373' title='bbox 2353 2600 2474 2656; x_wconf 93' lang='lat' dir='ltr'><strong>Non</strong></span> <span class='ocrx_word' id='word_1_374' title='bbox 2503 2601 2650 2657; x_wconf 90' lang='lat' dir='ltr'><strong>enim</strong></span> <span class='ocrx_word' id='word_1_375' title='bbox 2675 2617 2773 2674; x_wconf 86' lang='lat' dir='ltr'><strong>ego</strong></span> <span class='ocrx_word' id='word_1_376' title='bbox 2797 2605 2933 2657; x_wconf 86' lang='lat' dir='ltr'><strong>meis</strong></span> <span class='ocrx_word' id='word_1_377' title='bbox 2963 2610 3155 2658; x_wconf 86' lang='lat' dir='ltr'><strong>contra</strong></span> <span class='ocrx_word' id='word_1_378' title='bbox 3174 2618 3298 2658; x_wconf 88' lang='lat' dir='ltr'><strong>eum</strong></span> <span class='ocrx_word' id='word_1_379' title='bbox 3331 2600 3544 2658; x_wconf 89' lang='lat' dir='ltr'><strong>viribus</strong></span> <span class='ocrx_word' id='word_1_380' title='bbox 3573 2602 3820 2671; x_wconf 84' lang='lat' dir='ltr'><strong>luctor;</strong></span> 
     </span>
    </p>
   </div>
   <div class='ocr_carea' id='block_1_55' title="bbox 2193 2689 3822 2762">
    <p class='ocr_par' dir='ltr' id='par_1_55' title="bbox 2193 2689 3822 2762">
     <span class='ocr_line' id='line_1_55' title="bbox 2193 2689 3822 2762; baseline 0.001 -16"><span class='ocrx_word' id='word_1_381' title='bbox 2193 2689 2285 2746; x_wconf 89' lang='lat' dir='ltr'><strong>sed</strong></span> <span class='ocrx_word' id='word_1_382' title='bbox 2315 2689 2374 2746; x_wconf 89' lang='lat' dir='ltr'><strong>in</strong></span> <span class='ocrx_word' id='word_1_383' title='bbox 2409 2691 2635 2748; x_wconf 89' lang='lat' dir='ltr'><strong>Domini</strong></span> <span class='ocrx_word' id='word_1_384' title='bbox 2675 2691 2784 2748; x_wconf 90' lang='lat' dir='ltr'><strong>mei</strong></span> <span class='ocrx_word' id='word_1_385' title='bbox 2823 2691 2952 2748; x_wconf 89' lang='lat' dir='ltr'><strong>Jesu</strong></span> <span class='ocrx_word' id='word_1_386' title='bbox 2986 2691 3192 2750; x_wconf 89' lang='lat' dir='ltr'><strong>Christi</strong></span> <span class='ocrx_word' id='word_1_387' title='bbox 3243 2691 3447 2748; x_wconf 89' lang='lat' dir='ltr'><strong>virtute</strong></span> <span class='ocrx_word' id='word_1_388' title='bbox 3483 2689 3822 2762; x_wconf 89' lang='lat' dir='ltr'><strong>conﬁdens,</strong></span> 
     </span>
    </p>
   </div>
   <div class='ocr_carea' id='block_1_56' title="bbox 2193 2781 3826 2856">
    <p class='ocr_par' dir='ltr' id='par_1_56' title="bbox 2193 2781 3826 2856">
     <span class='ocr_line' id='line_1_56' title="bbox 2193 2781 3826 2856; baseline 0.001 -19"><span class='ocrx_word' id='word_1_389' title='bbox 2193 2787 2246 2837; x_wconf 90' lang='lat' dir='ltr'><strong>et</strong></span> <span class='ocrx_word' id='word_1_390' title='bbox 2275 2797 2374 2838; x_wconf 92' lang='lat' dir='ltr'><strong>vos</strong></span> <span class='ocrx_word' id='word_1_391' title='bbox 2431 2788 2484 2838; x_wconf 88' lang='lat' dir='ltr'><strong>et</strong></span> <span class='ocrx_word' id='word_1_392' title='bbox 2539 2781 2698 2838; x_wconf 89' lang='lat' dir='ltr'><strong>illum</strong></span> <span class='ocrx_word' id='word_1_393' title='bbox 2755 2781 2960 2856; x_wconf 89' lang='lat' dir='ltr'><strong>pariter</strong></span> <span class='ocrx_word' id='word_1_394' title='bbox 3016 2781 3247 2838; x_wconf 90' lang='lat' dir='ltr'><strong>ridendo</strong></span> <span class='ocrx_word' id='word_1_395' title='bbox 3279 2789 3592 2838; x_wconf 89' lang='lat' dir='ltr'><strong>contemno.</strong></span> <span class='ocrx_word' id='word_1_396' title='bbox 3639 2781 3826 2839; x_wconf 86' lang='lat' dir='ltr'><strong>Tunc</strong></span> 
     </span>
    </p>
   </div>
   <div class='ocr_carea' id='block_1_57' title="bbox 2193 2868 3824 2944">
    <p class='ocr_par' dir='ltr' id='par_1_57' title="bbox 2193 2868 3824 2944">
     <span class='ocr_line' id='line_1_57' title="bbox 2193 2868 3824 2944; baseline 0.001 -18"><span class='ocrx_word' id='word_1_397' title='bbox 2193 2878 2456 2943; x_wconf 89' lang='lat' dir='ltr'><strong>patronus</strong></span> <span class='ocrx_word' id='word_1_398' title='bbox 2485 2871 2724 2944; x_wconf 83' lang='lat' dir='ltr'><strong>regionis</strong></span> <span class='ocrx_word' id='word_1_399' title='bbox 2747 2872 2897 2927; x_wconf 90' lang='lat' dir='ltr'><strong>misit</strong></span> <span class='ocrx_word' id='word_1_400' title='bbox 2927 2887 3043 2926; x_wconf 91' lang='lat' dir='ltr'><strong>eam</strong></span> <span class='ocrx_word' id='word_1_401' title='bbox 3077 2871 3134 2924; x_wconf 90' lang='lat' dir='ltr'><strong>in</strong></span> <span class='ocrx_word' id='word_1_402' title='bbox 3165 2868 3472 2924; x_wconf 91' lang='lat' dir='ltr'><strong>custodiam</strong></span> <span class='ocrx_word' id='word_1_403' title='bbox 3501 2871 3824 2929; x_wconf 83' lang='lat' dir='ltr'><strong>obscuris—</strong></span> 
     </span>
    </p>
   </div>
   <div class='ocr_carea' id='block_1_58' title="bbox 2194 2955 3820 3034">
    <p class='ocr_par' dir='ltr' id='par_1_58' title="bbox 2194 2955 3820 3034">
     <span class='ocr_line' id='line_1_58' title="bbox 2194 2955 3820 3034; baseline 0.002 -20"><span class='ocrx_word' id='word_1_404' title='bbox 2194 2958 2411 3027; x_wconf 88' lang='lat' dir='ltr'><strong>simam,</strong></span> <span class='ocrx_word' id='word_1_405' title='bbox 2440 2966 2496 3016; x_wconf 86' lang='lat' dir='ltr'><strong>et</strong></span> <span class='ocrx_word' id='word_1_406' title='bbox 2524 2976 2620 3033; x_wconf 91' lang='lat' dir='ltr'><strong>per</strong></span> <span class='ocrx_word' id='word_1_407' title='bbox 2648 2960 2891 3034; x_wconf 89' lang='lat' dir='ltr'><strong>quinque</strong></span> <span class='ocrx_word' id='word_1_408' title='bbox 2941 2957 3060 3012; x_wconf 92' lang='lat' dir='ltr'><strong>dies</strong></span> <span class='ocrx_word' id='word_1_409' title='bbox 3113 2955 3246 3011; x_wconf 87' lang='lat' dir='ltr'><strong>fecit</strong></span> <span class='ocrx_word' id='word_1_410' title='bbox 3293 2971 3412 3010; x_wconf 90' lang='lat' dir='ltr'><strong>eam</strong></span> <span class='ocrx_word' id='word_1_411' title='bbox 3467 2973 3572 3014; x_wconf 90' lang='lat' dir='ltr'><strong>nec</strong></span> <span class='ocrx_word' id='word_1_412' title='bbox 3604 2960 3820 3018; x_wconf 85' lang='lat' dir='ltr'><strong>lumen</strong></span> 
     </span>
    </p>
   </div>
   <div class='ocr_carea' id='block_1_59' title="bbox 2194 3045 3818 3119">
    <p class='ocr_par' dir='ltr' id='par_1_59' title="bbox 2194 3045 3818 3119">
     <span class='ocr_line' id='line_1_59' title="bbox 2194 3045 3818 3119; baseline 0.002 -15"><span class='ocrx_word' id='word_1_413' title='bbox 2194 3049 2404 3119; x_wconf 79' lang='lat' dir='ltr'><strong>videre,</strong></span> <span class='ocrx_word' id='word_1_414' title='bbox 2439 3066 2540 3107; x_wconf 91' lang='lat' dir='ltr'><strong>nec</strong></span> <span class='ocrx_word' id='word_1_415' title='bbox 2568 3051 2754 3107; x_wconf 89' lang='lat' dir='ltr'><strong>cibum</strong></span> <span class='ocrx_word' id='word_1_416' title='bbox 2783 3064 2884 3106; x_wconf 91' lang='lat' dir='ltr'><strong>nec</strong></span> <span class='ocrx_word' id='word_1_417' title='bbox 2911 3053 3101 3119; x_wconf 88' lang='lat' dir='ltr'><strong>potum</strong></span> <span class='ocrx_word' id='word_1_418' title='bbox 3141 3045 3408 3118; x_wconf 89' lang='lat' dir='ltr'><strong>accipere.</strong></span> <span class='ocrx_word' id='word_1_419' title='bbox 3458 3046 3652 3106; x_wconf 90' lang='lat' dir='ltr'><strong>Solum</strong></span> <span class='ocrx_word' id='word_1_420' title='bbox 3687 3067 3818 3107; x_wconf 76' lang='lat' dir='ltr'><strong>vox</strong></span> 
     </span>
    </p>
   </div>
   <div class='ocr_carea' id='block_1_60' title="bbox 2197 3137 3811 3212">
    <p class='ocr_par' dir='ltr' id='par_1_60' title="bbox 2197 3137 3811 3212">
     <span class='ocr_line' id='line_1_60' title="bbox 2197 3137 3811 3212; baseline 0.003 -19"><span class='ocrx_word' id='word_1_421' title='bbox 2197 3137 2314 3211; x_wconf 89' lang='lat' dir='ltr'><strong>ejus</strong></span> <span class='ocrx_word' id='word_1_422' title='bbox 2342 3139 2436 3212; x_wconf 91' lang='lat' dir='ltr'><strong>qui</strong></span> <span class='ocrx_word' id='word_1_423' title='bbox 2461 3155 2579 3195; x_wconf 92' lang='lat' dir='ltr'><strong>eam</strong></span> <span class='ocrx_word' id='word_1_424' title='bbox 2626 3139 2746 3195; x_wconf 91' lang='lat' dir='ltr'><strong>illic</strong></span> <span class='ocrx_word' id='word_1_425' title='bbox 2793 3137 3092 3194; x_wconf 88' lang='lat' dir='ltr'><strong>incluserat</strong></span> <span class='ocrx_word' id='word_1_426' title='bbox 3147 3137 3474 3194; x_wconf 89' lang='lat' dir='ltr'><strong>audiebatur</strong></span> <span class='ocrx_word' id='word_1_427' title='bbox 3509 3138 3761 3197; x_wconf 88' lang='lat' dir='ltr'><strong>dicentis</strong></span> <span class='ocrx_word' id='word_1_428' title='bbox 3793 3159 3811 3199; x_wconf 92' lang='lat'>:</span> 
     </span>
    </p>
   </div>
   <div class='ocr_carea' id='block_1_61' title="bbox 493 3219 3816 3304">
    <p class='ocr_par' dir='ltr' id='par_1_61' title="bbox 493 3219 3816 3304">
     <span class='ocr_line' id='line_1_61' title="bbox 493 3219 3816 3304; baseline 0.002 -23"><span class='ocrx_word' id='word_1_429' title='bbox 493 3224 683 3281; x_wconf 91' lang='lat' dir='ltr'><strong>omnia</strong></span> <span class='ocrx_word' id='word_1_430' title='bbox 713 3223 958 3280; x_wconf 90' lang='lat' dir='ltr'><strong>membra</strong></span> <span class='ocrx_word' id='word_1_431' title='bbox 985 3227 1354 3294; x_wconf 87' lang='lat' dir='ltr'><strong>quassaverat,</strong></span> <span class='ocrx_word' id='word_1_432' title='bbox 1386 3219 1465 3275; x_wconf 90' lang='lat' dir='ltr'><strong>ita</strong></span> <span class='ocrx_word' id='word_1_433' title='bbox 1483 3227 1546 3276; x_wconf 92' lang='lat' dir='ltr'><strong>ut</strong></span> <span class='ocrx_word' id='word_1_434' title='bbox 1569 3219 1638 3276; x_wconf 92' lang='lat' dir='ltr'><strong>de</strong></span> <span class='ocrx_word' id='word_1_435' title='bbox 1661 3219 1777 3275; x_wconf 75' lang='lat' dir='ltr'><strong>sola</strong></span> <span class='ocrx_word' id='word_1_436' title='bbox 1804 3221 2084 3293; x_wconf 85' lang='lat' dir='ltr'><strong>sepultura</strong></span> <span class='ocrx_word' id='word_1_437' title='bbox 2119 3243 2162 3304; x_wconf 73' lang='grc' dir='ltr'><strong>ρ</strong></span> <span class='ocrx_word' id='word_1_438' title='bbox 2193 3228 2530 3286; x_wconf 90' lang='lat' dir='ltr'><strong>Ibimorieris</strong></span> <span class='ocrx_word' id='word_1_439' title='bbox 2558 3227 2721 3296; x_wconf 89' lang='lat' dir='ltr'><strong>fame,</strong></span> <span class='ocrx_word' id='word_1_440' title='bbox 2753 3234 2806 3282; x_wconf 90' lang='lat' dir='ltr'><strong>et</strong></span> <span class='ocrx_word' id='word_1_441' title='bbox 2859 3225 2974 3295; x_wconf 91' lang='lat' dir='ltr'><strong>siti,</strong></span> <span class='ocrx_word' id='word_1_442' title='bbox 3028 3235 3084 3284; x_wconf 92' lang='lat' dir='ltr'><strong>et</strong></span> <span class='ocrx_word' id='word_1_443' title='bbox 3132 3227 3398 3296; x_wconf 78' lang='lat' dir='ltr'><strong>caecitate,</strong></span> <span class='ocrx_word' id='word_1_444' title='bbox 3434 3227 3542 3285; x_wconf 88' lang='lat' dir='ltr'><strong>nisi</strong></span> <span class='ocrx_word' id='word_1_445' title='bbox 3572 3237 3626 3286; x_wconf 88' lang='lat' dir='ltr'><strong>te</strong></span> <span class='ocrx_word' id='word_1_446' title='bbox 3656 3229 3816 3288; x_wconf 62' lang='lat' dir='ltr'><strong>liba-</strong></span> 
     </span>
    </p>
   </div>
   <div class='ocr_carea' id='block_1_62' title="bbox 492 3311 2080 3388">
    <p class='ocr_par' dir='ltr' id='par_1_62' title="bbox 492 3311 2080 3388">
     <span class='ocr_line' id='line_1_62' title="bbox 492 3311 2080 3388; baseline -0.001 -16"><span class='ocrx_word' id='word_1_447' title='bbox 492 3315 611 3388; x_wconf 89' lang='lat' dir='ltr'><strong>ejus</strong></span> <span class='ocrx_word' id='word_1_448' title='bbox 637 3322 859 3388; x_wconf 87' lang='lat' dir='ltr'><strong>agerent</strong></span> <span class='ocrx_word' id='word_1_449' title='bbox 884 3313 965 3383; x_wconf 90' lang='lat' dir='ltr'><strong>hi,</strong></span> <span class='ocrx_word' id='word_1_450' title='bbox 997 3329 1232 3388; x_wconf 91' lang='lat' dir='ltr'><strong>quorum</strong></span> <span class='ocrx_word' id='word_1_451' title='bbox 1274 3311 1425 3368; x_wconf 91' lang='lat' dir='ltr'><strong>ﬁlius</strong></span> <span class='ocrx_word' id='word_1_452' title='bbox 1461 3327 1576 3369; x_wconf 84' lang='lat' dir='ltr'><strong>esse</strong></span> <span class='ocrx_word' id='word_1_453' title='bbox 1639 3311 2080 3385; x_wconf 85' lang='lat' dir='ltr'><strong>dignoscebatur.</strong></span> 
     </span>
    </p>
   </div>
   <div class='ocr_carea' id='block_1_63' title="bbox 493 3401 2084 3474">
    <p class='ocr_par' dir='ltr' id='par_1_63' title="bbox 493 3401 2084 3474">
     <span class='ocr_line' id='line_1_63' title="bbox 493 3401 2084 3474; baseline -0.002 -11"><span class='ocrx_word' id='word_1_454' title='bbox 493 3407 649 3464; x_wconf 90' lang='lat' dir='ltr'><strong>Tunc</strong></span> <span class='ocrx_word' id='word_1_455' title='bbox 679 3404 817 3462; x_wconf 92' lang='lat' dir='ltr'><strong>dicit</strong></span> <span class='ocrx_word' id='word_1_456' title='bbox 842 3405 922 3461; x_wconf 90' lang='lat' dir='ltr'><strong>eis</strong></span> <span class='ocrx_word' id='word_1_457' title='bbox 941 3403 1201 3461; x_wconf 86' lang='lat' dir='ltr'><strong>flentibus</strong></span> <span class='ocrx_word' id='word_1_458' title='bbox 1225 3420 1236 3458; x_wconf 94' lang='lat'>:</span> <span class='ocrx_word' id='word_1_459' title='bbox 1281 3401 1588 3458; x_wconf 90' lang='lat' dir='ltr'><strong>Permittite</strong></span> <span class='ocrx_word' id='word_1_460' title='bbox 1640 3418 1726 3458; x_wconf 90' lang='lat' dir='ltr'><strong>me</strong></span> <span class='ocrx_word' id='word_1_461' title='bbox 1753 3413 2084 3474; x_wconf 88' lang='lat' dir='ltr'><strong>pracantare</strong></span> 
     </span>
    </p>
   </div>
   <div class='ocr_carea' id='block_1_64' title="bbox 495 3491 2083 3569">
    <p class='ocr_par' dir='ltr' id='par_1_64' title="bbox 495 3491 2083 3569">
     <span class='ocr_line' id='line_1_64' title="bbox 495 3491 2083 3569; baseline -0.002 -15"><span class='ocrx_word' id='word_1_462' title='bbox 495 3495 613 3569; x_wconf 89' lang='lat'><strong>(90)</strong></span> <span class='ocrx_word' id='word_1_463' title='bbox 647 3495 718 3564; x_wconf 89' lang='lat' dir='ltr'><strong>ei,</strong></span> <span class='ocrx_word' id='word_1_464' title='bbox 778 3493 1012 3551; x_wconf 87' lang='lat' dir='ltr'><strong>forsitan</strong></span> <span class='ocrx_word' id='word_1_465' title='bbox 1060 3491 1410 3566; x_wconf 90' lang='lat' dir='ltr'><strong>recuperabit</strong></span> <span class='ocrx_word' id='word_1_466' title='bbox 1457 3492 1771 3549; x_wconf 89' lang='lat' dir='ltr'><strong>sanitatem.</strong></span> <span class='ocrx_word' id='word_1_467' title='bbox 1832 3493 2083 3567; x_wconf 89' lang='lat' dir='ltr'><strong>Cumque</strong></span> 
     </span>
    </p>
   </div>
   <div class='ocr_carea' id='block_1_65' title="bbox 494 3581 2084 3657">
    <p class='ocr_par' dir='ltr' id='par_1_65' title="bbox 494 3581 2084 3657">
     <span class='ocr_line' id='line_1_65' title="bbox 494 3581 2084 3657; baseline -0.001 -13"><span class='ocrx_word' id='word_1_468' title='bbox 494 3603 683 3644; x_wconf 90' lang='lat' dir='ltr'><strong>omnes</strong></span> <span class='ocrx_word' id='word_1_469' title='bbox 713 3584 990 3642; x_wconf 90' lang='lat' dir='ltr'><strong>dedissent</strong></span> <span class='ocrx_word' id='word_1_470' title='bbox 1037 3584 1296 3657; x_wconf 89' lang='lat' dir='ltr'><strong>spatium,</strong></span> <span class='ocrx_word' id='word_1_471' title='bbox 1355 3583 1581 3640; x_wconf 89' lang='lat' dir='ltr'><strong>accessit</strong></span> <span class='ocrx_word' id='word_1_472' title='bbox 1637 3581 1802 3655; x_wconf 81' lang='lat' dir='ltr'><strong>juxta</strong></span> <span class='ocrx_word' id='word_1_473' title='bbox 1852 3599 1999 3650; x_wconf 82' lang='lat' dir='ltr'><strong>eum,</strong></span> <span class='ocrx_word' id='word_1_474' title='bbox 2030 3592 2084 3642; x_wconf 89' lang='lat' dir='ltr'><strong>et</strong></span> 
     </span>
    </p>
   </div>
   <div class='ocr_carea' id='block_1_66' title="bbox 493 3672 2080 3748">
    <p class='ocr_par' dir='ltr' id='par_1_66' title="bbox 493 3672 2080 3748">
     <span class='ocr_line' id='line_1_66' title="bbox 493 3672 2080 3748; baseline -0.002 -15"><span class='ocrx_word' id='word_1_475' title='bbox 493 3676 683 3734; x_wconf 88' lang='lat' dir='ltr'><strong>dicens</strong></span> <span class='ocrx_word' id='word_1_476' title='bbox 711 3691 876 3748; x_wconf 89' lang='lat' dir='ltr'><strong>supra</strong></span> <span class='ocrx_word' id='word_1_477' title='bbox 902 3676 1133 3731; x_wconf 90' lang='lat' dir='ltr'><strong>vulnera</strong></span> <span class='ocrx_word' id='word_1_478' title='bbox 1163 3672 1281 3746; x_wconf 91' lang='lat' dir='ltr'><strong>ejus</strong></span> <span class='ocrx_word' id='word_1_479' title='bbox 1309 3675 1455 3731; x_wconf 90' lang='lat' dir='ltr'><strong>lente</strong></span> <span class='ocrx_word' id='word_1_480' title='bbox 1493 3673 1798 3730; x_wconf 89' lang='lat' dir='ltr'><strong>orationem</strong></span> <span class='ocrx_word' id='word_1_481' title='bbox 1827 3673 2080 3730; x_wconf 88' lang='lat' dir='ltr'><strong>Domini-</strong></span> 
     </span>
    </p>
   </div>
   <div class='ocr_carea' id='block_1_67' title="bbox 492 3761 2078 3838">
    <p class='ocr_par' dir='ltr' id='par_1_67' title="bbox 492 3761 2078 3838">
     <span class='ocr_line' id='line_1_67' title="bbox 492 3761 2078 3838; baseline -0.003 -13"><span class='ocrx_word' id='word_1_482' title='bbox 492 3783 612 3825; x_wconf 86' lang='lat' dir='ltr'><strong>cam</strong></span> <span class='ocrx_word' id='word_1_483' title='bbox 641 3773 696 3822; x_wconf 89' lang='lat' dir='ltr'><strong>et</strong></span> <span class='ocrx_word' id='word_1_484' title='bbox 721 3765 1064 3838; x_wconf 87' lang='lat' dir='ltr'><strong>symbolum,</strong></span> <span class='ocrx_word' id='word_1_485' title='bbox 1096 3763 1174 3821; x_wconf 89' lang='lat' dir='ltr'><strong>ita</strong></span> <span class='ocrx_word' id='word_1_486' title='bbox 1201 3763 1432 3820; x_wconf 91' lang='lat' dir='ltr'><strong>solidata</strong></span> <span class='ocrx_word' id='word_1_487' title='bbox 1453 3773 1581 3820; x_wconf 91' lang='lat' dir='ltr'><strong>sunt</strong></span> <span class='ocrx_word' id='word_1_488' title='bbox 1609 3779 1730 3818; x_wconf 91' lang='lat' dir='ltr'><strong>ossa</strong></span> <span class='ocrx_word' id='word_1_489' title='bbox 1749 3761 1889 3834; x_wconf 90' lang='lat' dir='ltr'><strong>ejus,</strong></span> <span class='ocrx_word' id='word_1_490' title='bbox 1920 3772 1975 3820; x_wconf 91' lang='lat' dir='ltr'><strong>et</strong></span> <span class='ocrx_word' id='word_1_491' title='bbox 1997 3781 2078 3820; x_wconf 89' lang='lat' dir='ltr'><strong>ca-</strong></span> 
     </span>
    </p>
   </div>
   <div class='ocr_carea' id='block_1_68' title="bbox 491 3853 2082 3930">
    <p class='ocr_par' dir='ltr' id='par_1_68' title="bbox 491 3853 2082 3930">
     <span class='ocr_line' id='line_1_68' title="bbox 491 3853 2082 3930; baseline -0.003 -17"><span class='ocrx_word' id='word_1_492' title='bbox 491 3864 590 3930; x_wconf 91' lang='lat' dir='ltr'><strong>put</strong></span> <span class='ocrx_word' id='word_1_493' title='bbox 619 3863 674 3912; x_wconf 91' lang='lat' dir='ltr'><strong>et</strong></span> <span class='ocrx_word' id='word_1_494' title='bbox 701 3855 886 3912; x_wconf 88' lang='lat' dir='ltr'><strong>omnia</strong></span> <span class='ocrx_word' id='word_1_495' title='bbox 913 3855 1146 3924; x_wconf 89' lang='lat' dir='ltr'><strong>viscera,</strong></span> <span class='ocrx_word' id='word_1_496' title='bbox 1168 3862 1230 3912; x_wconf 92' lang='lat' dir='ltr'><strong>ut</strong></span> <span class='ocrx_word' id='word_1_497' title='bbox 1255 3853 1410 3928; x_wconf 86' lang='lat' dir='ltr'><strong>quasi</strong></span> <span class='ocrx_word' id='word_1_498' title='bbox 1439 3853 1582 3910; x_wconf 91' lang='lat' dir='ltr'><strong>nihil</strong></span> <span class='ocrx_word' id='word_1_499' title='bbox 1603 3854 1652 3910; x_wconf 90' lang='lat' dir='ltr'><strong>ei</strong></span> <span class='ocrx_word' id='word_1_500' title='bbox 1681 3853 1972 3923; x_wconf 89' lang='lat' dir='ltr'><strong>evenisset,</strong></span> <span class='ocrx_word' id='word_1_501' title='bbox 2004 3853 2082 3910; x_wconf 89' lang='lat' dir='ltr'><strong>ita</strong></span> 
     </span>
    </p>
   </div>
   <div class='ocr_carea' id='block_1_69' title="bbox 491 3942 1114 4002">
    <p class='ocr_par' dir='ltr' id='par_1_69' title="bbox 491 3942 1114 4002">
     <span class='ocr_line' id='line_1_69' title="bbox 491 3942 1114 4002; baseline -0.005 0"><span class='ocrx_word' id='word_1_502' title='bbox 491 3945 668 4002; x_wconf 85' lang='lat' dir='ltr'><strong>factus</strong></span> <span class='ocrx_word' id='word_1_503' title='bbox 696 3944 769 4001; x_wconf 88' lang='lat' dir='ltr'><strong>sit</strong></span> <span class='ocrx_word' id='word_1_504' title='bbox 798 3942 1114 4000; x_wconf 87' lang='lat' dir='ltr'><strong>incolumis.</strong></span> 
     </span>
    </p>
   </div>
   <div class='ocr_carea' id='block_1_70' title="bbox 565 4041 2083 4116">
    <p class='ocr_par' dir='ltr' id='par_1_70' title="bbox 565 4041 2083 4116">
     <span class='ocr_line' id='line_1_70' title="bbox 565 4041 2083 4116; baseline 0 -15"><span class='ocrx_word' id='word_1_505' title='bbox 565 4045 652 4101; x_wconf 82' lang='lat'><strong>72.</strong></span> <span class='ocrx_word' id='word_1_506' title='bbox 686 4044 815 4101; x_wconf 90' lang='lat' dir='ltr'><strong>Hac</strong></span> <span class='ocrx_word' id='word_1_507' title='bbox 841 4045 1026 4116; x_wconf 89' lang='lat' dir='ltr'><strong>itaque</strong></span> <span class='ocrx_word' id='word_1_508' title='bbox 1057 4058 1182 4100; x_wconf 91' lang='lat' dir='ltr'><strong>cum</strong></span> <span class='ocrx_word' id='word_1_509' title='bbox 1212 4041 1452 4108; x_wconf 87' lang='lat' dir='ltr'><strong>fecisset,</strong></span> <span class='ocrx_word' id='word_1_510' title='bbox 1485 4041 1651 4115; x_wconf 81' lang='lat' dir='ltr'><strong>capit</strong></span> <span class='ocrx_word' id='word_1_511' title='bbox 1668 4041 1768 4098; x_wconf 92' lang='lat' dir='ltr'><strong>ira.</strong></span> <span class='ocrx_word' id='word_1_512' title='bbox 1800 4043 2083 4102; x_wconf 88' lang='lat' dir='ltr'><strong>Tenebant</strong></span> 
     </span>
    </p>
   </div>
   <div class='ocr_carea' id='block_1_71' title="bbox 493 4132 2082 4208">
    <p class='ocr_par' dir='ltr' id='par_1_71' title="bbox 493 4132 2082 4208">
     <span class='ocr_line' id='line_1_71' title="bbox 493 4132 2082 4208; baseline -0.001 -16"><span class='ocrx_word' id='word_1_513' title='bbox 493 4143 674 4192; x_wconf 90' lang='lat' dir='ltr'><strong>autem</strong></span> <span class='ocrx_word' id='word_1_514' title='bbox 707 4136 865 4192; x_wconf 92' lang='lat' dir='ltr'><strong>illum</strong></span> <span class='ocrx_word' id='word_1_515' title='bbox 908 4141 1158 4208; x_wconf 91' lang='lat' dir='ltr'><strong>parentes</strong></span> <span class='ocrx_word' id='word_1_516' title='bbox 1186 4133 1306 4204; x_wconf 88' lang='lat' dir='ltr'><strong>ejus</strong></span> <span class='ocrx_word' id='word_1_517' title='bbox 1331 4132 1608 4188; x_wconf 86' lang='lat' dir='ltr'><strong>dicentes:</strong></span> <span class='ocrx_word' id='word_1_518' title='bbox 1662 4132 1804 4188; x_wconf 86' lang='lat' dir='ltr'><strong>Veni</strong></span> <span class='ocrx_word' id='word_1_519' title='bbox 1834 4140 1888 4188; x_wconf 91' lang='lat' dir='ltr'><strong>et</strong></span> <span class='ocrx_word' id='word_1_520' title='bbox 1943 4134 2082 4190; x_wconf 91' lang='lat' dir='ltr'><strong>habe</strong></span> 
     </span>
    </p>
   </div>
   <div class='ocr_carea' id='block_1_72' title="bbox 494 4221 2082 4282">
    <p class='ocr_par' dir='ltr' id='par_1_72' title="bbox 494 4221 2082 4282">
     <span class='ocr_line' id='line_1_72' title="bbox 494 4221 2082 4282; baseline -0.001 0"><span class='ocrx_word' id='word_1_521' title='bbox 494 4241 618 4282; x_wconf 88' lang='lat' dir='ltr'><strong>eum</strong></span> <span class='ocrx_word' id='word_1_522' title='bbox 649 4241 871 4281; x_wconf 90' lang='lat' dir='ltr'><strong>servum</strong></span> <span class='ocrx_word' id='word_1_523' title='bbox 925 4235 979 4281; x_wconf 90' lang='lat' dir='ltr'><strong>et</strong></span> <span class='ocrx_word' id='word_1_524' title='bbox 1034 4222 1221 4279; x_wconf 91' lang='lat' dir='ltr'><strong>omnia</strong></span> <span class='ocrx_word' id='word_1_525' title='bbox 1249 4223 1394 4278; x_wconf 91' lang='lat' dir='ltr'><strong>bona</strong></span> <span class='ocrx_word' id='word_1_526' title='bbox 1441 4229 1627 4277; x_wconf 90' lang='lat' dir='ltr'><strong>nostra</strong></span> <span class='ocrx_word' id='word_1_527' title='bbox 1655 4221 1758 4276; x_wconf 87' lang='lat' dir='ltr'><strong>tibi</strong></span> <span class='ocrx_word' id='word_1_528' title='bbox 1812 4222 2082 4281; x_wconf 90' lang='lat' dir='ltr'><strong>tradimus</strong></span> 
     </span>
    </p>
   </div>
   <div class='ocr_carea' id='block_1_73' title="bbox 493 4309 2080 4384">
    <p class='ocr_par' dir='ltr' id='par_1_73' title="bbox 493 4309 2080 4384">
     <span class='ocr_line' id='line_1_73' title="bbox 493 4309 2080 4384; baseline -0.001 -15"><span class='ocrx_word' id='word_1_529' title='bbox 493 4329 621 4370; x_wconf 89' lang='lat' dir='ltr'><strong>cum</strong></span> <span class='ocrx_word' id='word_1_530' title='bbox 671 4327 756 4380; x_wconf 91' lang='lat' dir='ltr'><strong>eo,</strong></span> <span class='ocrx_word' id='word_1_531' title='bbox 819 4311 951 4384; x_wconf 90' lang='lat' dir='ltr'><strong>quia</strong></span> <span class='ocrx_word' id='word_1_532' title='bbox 993 4312 1173 4383; x_wconf 89' lang='lat' dir='ltr'><strong>ipsum</strong></span> <span class='ocrx_word' id='word_1_533' title='bbox 1211 4309 1464 4374; x_wconf 87' lang='lat' dir='ltr'><strong>unicum,</strong></span> <span class='ocrx_word' id='word_1_534' title='bbox 1508 4325 1670 4382; x_wconf 87' lang='lat' dir='ltr'><strong>quem</strong></span> <span class='ocrx_word' id='word_1_535' title='bbox 1728 4309 2080 4382; x_wconf 87' lang='lat' dir='ltr'><strong>habebamus,</strong></span> 
     </span>
    </p>
   </div>
   <div class='ocr_carea' id='block_1_74' title="bbox 493 4399 2080 4476">
    <p class='ocr_par' dir='ltr' id='par_1_74' title="bbox 493 4399 2080 4476">
     <span class='ocr_line' id='line_1_74' title="bbox 493 4399 2080 4476; baseline 0.003 -16"><span class='ocrx_word' id='word_1_536' title='bbox 493 4403 656 4460; x_wconf 90' lang='lat' dir='ltr'><strong>nobis</strong></span> <span class='ocrx_word' id='word_1_537' title='bbox 695 4401 810 4476; x_wconf 92' lang='lat' dir='ltr'><strong>jam</strong></span> <span class='ocrx_word' id='word_1_538' title='bbox 858 4411 1137 4459; x_wconf 88' lang='lat' dir='ltr'><strong>mortuum</strong></span> <span class='ocrx_word' id='word_1_539' title='bbox 1178 4399 1468 4457; x_wconf 89' lang='lat' dir='ltr'><strong>reddidisti</strong></span> <span class='ocrx_word' id='word_1_540' title='bbox 1517 4400 1730 4458; x_wconf 85' lang='lat' dir='ltr'><strong>vivum.</strong></span> <span class='ocrx_word' id='word_1_541' title='bbox 1776 4403 1922 4460; x_wconf 91' lang='lat' dir='ltr'><strong>Dicit</strong></span> <span class='ocrx_word' id='word_1_542' title='bbox 1965 4407 2080 4464; x_wconf 90' lang='lat' dir='ltr'><strong>eis:</strong></span> 
     </span>
    </p>
   </div>
   <div class='ocr_carea' id='block_1_75' title="bbox 493 4489 2083 4566">
    <p class='ocr_par' dir='ltr' id='par_1_75' title="bbox 493 4489 2083 4566">
     <span class='ocr_line' id='line_1_75' title="bbox 493 4489 2083 4566; baseline 0.002 -17"><span class='ocrx_word' id='word_1_543' title='bbox 493 4493 551 4549; x_wconf 91' lang='lat' dir='ltr'><strong>Si</strong></span> <span class='ocrx_word' id='word_1_544' title='bbox 579 4507 644 4548; x_wconf 88' lang='lat' dir='ltr'><strong>ea</strong></span> <span class='ocrx_word' id='word_1_545' title='bbox 683 4507 803 4564; x_wconf 89' lang='lat' dir='ltr'><strong>qua</strong></span> <span class='ocrx_word' id='word_1_546' title='bbox 858 4491 1017 4548; x_wconf 89' lang='lat' dir='ltr'><strong>vobis</strong></span> <span class='ocrx_word' id='word_1_547' title='bbox 1072 4489 1270 4547; x_wconf 82' lang='lat' dir='ltr'><strong>dixero</strong></span> <span class='ocrx_word' id='word_1_548' title='bbox 1316 4489 1575 4555; x_wconf 87' lang='lat' dir='ltr'><strong>feceritis,</strong></span> <span class='ocrx_word' id='word_1_549' title='bbox 1609 4491 1794 4563; x_wconf 86' lang='lat' dir='ltr'><strong>magni</strong></span> <span class='ocrx_word' id='word_1_550' title='bbox 1851 4495 2083 4566; x_wconf 89' lang='lat' dir='ltr'><strong>pendam</strong></span> 
     </span>
    </p>
   </div>
   <div class='ocr_carea' id='block_1_76' title="bbox 2195 3317 2942 3392">
    <p class='ocr_par' dir='ltr' id='par_1_76' title="bbox 2195 3317 2942 3392">
     <span class='ocr_line' id='line_1_76' title="bbox 2195 3317 2942 3392; baseline -0.003 -16"><span class='ocrx_word' id='word_1_551' title='bbox 2195 3327 2371 3378; x_wconf 87' lang='lat' dir='ltr'><strong>turam</strong></span> <span class='ocrx_word' id='word_1_552' title='bbox 2403 3317 2780 3392; x_wconf 87' lang='lat' dir='ltr'><strong>repromiseris</strong></span> <span class='ocrx_word' id='word_1_553' title='bbox 2812 3317 2942 3375; x_wconf 91' lang='lat' dir='ltr'><strong>diis.</strong></span> 
     </span>
    </p>
   </div>
   <div class='ocr_carea' id='block_1_77' title="bbox 2266 3407 3810 3482">
    <p class='ocr_par' dir='ltr' id='par_1_77' title="bbox 2266 3407 3810 3482">
     <span class='ocr_line' id='line_1_77' title="bbox 2266 3407 3810 3482; baseline 0.003 -17"><span class='ocrx_word' id='word_1_554' title='bbox 2266 3409 2352 3466; x_wconf 92' lang='lat'><strong>74.</strong></span> <span class='ocrx_word' id='word_1_555' title='bbox 2384 3409 2489 3466; x_wconf 91' lang='lat' dir='ltr'><strong>Sed</strong></span> <span class='ocrx_word' id='word_1_556' title='bbox 2521 3425 2645 3465; x_wconf 91' lang='lat' dir='ltr'><strong>cum</strong></span> <span class='ocrx_word' id='word_1_557' title='bbox 2677 3407 3098 3480; x_wconf 88' lang='lat' dir='ltr'><strong>pertransissent</strong></span> <span class='ocrx_word' id='word_1_558' title='bbox 3130 3423 3226 3465; x_wconf 92' lang='lat' dir='ltr'><strong>sex</strong></span> <span class='ocrx_word' id='word_1_559' title='bbox 3253 3407 3370 3466; x_wconf 91' lang='lat' dir='ltr'><strong>dies</strong></span> <span class='ocrx_word' id='word_1_560' title='bbox 3397 3422 3810 3482; x_wconf 80' lang='lat' dir='ltr'><strong>suggesserunt</strong></span> 
     </span>
    </p>
   </div>
   <div class='ocr_carea' id='block_1_78' title="bbox 2195 3498 3817 3574">
    <p class='ocr_par' dir='ltr' id='par_1_78' title="bbox 2195 3498 3817 3574">
     <span class='ocr_line' id='line_1_78' title="bbox 2195 3498 3817 3574; baseline 0.002 -16"><span class='ocrx_word' id='word_1_561' title='bbox 2195 3499 2262 3559; x_wconf 89' lang='lat' dir='ltr'><strong>de</strong></span> <span class='ocrx_word' id='word_1_562' title='bbox 2289 3516 2350 3558; x_wconf 91' lang='lat' dir='ltr'><strong>ea</strong></span> <span class='ocrx_word' id='word_1_563' title='bbox 2380 3501 2634 3573; x_wconf 88' lang='lat' dir='ltr'><strong>prafecto</strong></span> <span class='ocrx_word' id='word_1_564' title='bbox 2665 3499 2915 3557; x_wconf 87' lang='lat' dir='ltr'><strong>savienti</strong></span> <span class='ocrx_word' id='word_1_565' title='bbox 2951 3518 2962 3555; x_wconf 89' lang='lat'><strong>:</strong></span> <span class='ocrx_word' id='word_1_566' title='bbox 2997 3499 3092 3574; x_wconf 93' lang='lat' dir='ltr'><strong>qui</strong></span> <span class='ocrx_word' id='word_1_567' title='bbox 3117 3498 3284 3572; x_wconf 89' lang='lat' dir='ltr'><strong>jussit</strong></span> <span class='ocrx_word' id='word_1_568' title='bbox 3330 3516 3448 3556; x_wconf 91' lang='lat' dir='ltr'><strong>eam</strong></span> <span class='ocrx_word' id='word_1_569' title='bbox 3477 3517 3510 3557; x_wconf 90' lang='lat' dir='ltr'><strong>a</strong></span> <span class='ocrx_word' id='word_1_570' title='bbox 3555 3502 3707 3559; x_wconf 91' lang='lat' dir='ltr'><strong>collo</strong></span> <span class='ocrx_word' id='word_1_571' title='bbox 3749 3513 3817 3561; x_wconf 82' lang='lat' dir='ltr'><strong>et</strong></span> 
     </span>
    </p>
   </div>
   <div class='ocr_carea' id='block_1_79' title="bbox 2197 3591 3822 3666">
    <p class='ocr_par' dir='ltr' id='par_1_79' title="bbox 2197 3591 3822 3666">
     <span class='ocr_line' id='line_1_79' title="bbox 2197 3591 3822 3666; baseline 0.002 -16"><span class='ocrx_word' id='word_1_572' title='bbox 2197 3593 2414 3666; x_wconf 89' lang='lat' dir='ltr'><strong>capillis</strong></span> <span class='ocrx_word' id='word_1_573' title='bbox 2459 3592 2517 3648; x_wconf 92' lang='lat' dir='ltr'><strong>in</strong></span> <span class='ocrx_word' id='word_1_574' title='bbox 2549 3591 2800 3650; x_wconf 89' lang='lat' dir='ltr'><strong>arborem</strong></span> <span class='ocrx_word' id='word_1_575' title='bbox 2857 3593 3131 3651; x_wconf 82' lang='lat' dir='ltr'><strong>excelsam</strong></span> <span class='ocrx_word' id='word_1_576' title='bbox 3187 3592 3447 3664; x_wconf 89' lang='lat' dir='ltr'><strong>suspendi</strong></span> <span class='ocrx_word' id='word_1_577' title='bbox 3504 3601 3558 3650; x_wconf 89' lang='lat' dir='ltr'><strong>et</strong></span> <span class='ocrx_word' id='word_1_578' title='bbox 3612 3593 3822 3653; x_wconf 85' lang='lat' dir='ltr'><strong>subter</strong></span> 
     </span>
    </p>
   </div>
   <div class='ocr_carea' id='block_1_80' title="bbox 2195 3682 3818 3757">
    <p class='ocr_par' dir='ltr' id='par_1_80' title="bbox 2195 3682 3818 3757">
     <span class='ocr_line' id='line_1_80' title="bbox 2195 3682 3818 3757; baseline 0.002 -19"><span class='ocrx_word' id='word_1_579' title='bbox 2195 3683 2411 3740; x_wconf 91' lang='lat' dir='ltr'><strong>fumum</strong></span> <span class='ocrx_word' id='word_1_580' title='bbox 2445 3700 2513 3739; x_wconf 86' lang='lat' dir='ltr'><strong>ex</strong></span> <span class='ocrx_word' id='word_1_581' title='bbox 2543 3683 2895 3757; x_wconf 88' lang='lat' dir='ltr'><strong>sterquilinio</strong></span> <span class='ocrx_word' id='word_1_582' title='bbox 2949 3682 3220 3739; x_wconf 90' lang='lat' dir='ltr'><strong>adhiberi.</strong></span> <span class='ocrx_word' id='word_1_583' title='bbox 3261 3682 3456 3739; x_wconf 90' lang='lat' dir='ltr'><strong>Statim</strong></span> <span class='ocrx_word' id='word_1_584' title='bbox 3494 3691 3685 3740; x_wconf 90' lang='lat' dir='ltr'><strong>autem</strong></span> <span class='ocrx_word' id='word_1_585' title='bbox 3742 3701 3818 3749; x_wconf 80' lang='lat' dir='ltr'><strong>ut</strong></span> 
     </span>
    </p>
   </div>
   <div class='ocr_carea' id='block_1_81' title="bbox 2196 3773 3818 3851">
    <p class='ocr_par' dir='ltr' id='par_1_81' title="bbox 2196 3773 3818 3851">
     <span class='ocr_line' id='line_1_81' title="bbox 2196 3773 3818 3851; baseline 0.001 -21"><span class='ocrx_word' id='word_1_586' title='bbox 2196 3791 2454 3847; x_wconf 89' lang='lat' dir='ltr'><strong>suspensa</strong></span> <span class='ocrx_word' id='word_1_587' title='bbox 2505 3783 2604 3851; x_wconf 81' lang='lat' dir='ltr'><strong>est,</strong></span> <span class='ocrx_word' id='word_1_588' title='bbox 2646 3773 2704 3830; x_wconf 90' lang='lat' dir='ltr'><strong>in</strong></span> <span class='ocrx_word' id='word_1_589' title='bbox 2735 3773 3080 3831; x_wconf 89' lang='lat' dir='ltr'><strong>confessione</strong></span> <span class='ocrx_word' id='word_1_590' title='bbox 3126 3773 3351 3830; x_wconf 90' lang='lat' dir='ltr'><strong>Domini</strong></span> <span class='ocrx_word' id='word_1_591' title='bbox 3391 3773 3577 3830; x_wconf 87' lang='lat' dir='ltr'><strong>emisit</strong></span> <span class='ocrx_word' id='word_1_592' title='bbox 3623 3774 3818 3846; x_wconf 87' lang='lat' dir='ltr'><strong>spiri-</strong></span> 
     </span>
    </p>
   </div>
   <div class='ocr_carea' id='block_1_82' title="bbox 2192 3862 3815 3937">
    <p class='ocr_par' dir='ltr' id='par_1_82' title="bbox 2192 3862 3815 3937">
     <span class='ocr_line' id='line_1_82' title="bbox 2192 3862 3815 3937; baseline 0.001 -15"><span class='ocrx_word' id='word_1_593' title='bbox 2192 3875 2312 3922; x_wconf 90' lang='lat' dir='ltr'><strong>tum</strong></span> <span class='ocrx_word' id='word_1_594' title='bbox 2373 3865 2513 3937; x_wconf 82' lang='lat'><strong>(94).</strong></span> <span class='ocrx_word' id='word_1_595' title='bbox 2561 3864 2649 3920; x_wconf 92' lang='lat' dir='ltr'><strong>Illi</strong></span> <span class='ocrx_word' id='word_1_596' title='bbox 2701 3871 2885 3920; x_wconf 90' lang='lat' dir='ltr'><strong>autem</strong></span> <span class='ocrx_word' id='word_1_597' title='bbox 2935 3862 3242 3920; x_wconf 88' lang='lat' dir='ltr'><strong>auferentes</strong></span> <span class='ocrx_word' id='word_1_598' title='bbox 3288 3879 3488 3935; x_wconf 89' lang='lat' dir='ltr'><strong>corpus</strong></span> <span class='ocrx_word' id='word_1_599' title='bbox 3515 3863 3636 3935; x_wconf 91' lang='lat' dir='ltr'><strong>ejus</strong></span> <span class='ocrx_word' id='word_1_600' title='bbox 3664 3881 3815 3923; x_wconf 82' lang='lat' dir='ltr'><strong>saxo</strong></span> 
     </span>
    </p>
   </div>
   <div class='ocr_carea' id='block_1_83' title="bbox 2191 3952 3807 4030">
    <p class='ocr_par' dir='ltr' id='par_1_83' title="bbox 2191 3952 3807 4030">
     <span class='ocr_line' id='line_1_83' title="bbox 2191 3952 3807 4030; baseline -0.001 -17"><span class='ocrx_word' id='word_1_601' title='bbox 2191 3959 2502 4030; x_wconf 88' lang='lat' dir='ltr'><strong>ligaverunt</strong></span> <span class='ocrx_word' id='word_1_602' title='bbox 2527 3962 2580 4010; x_wconf 92' lang='lat' dir='ltr'><strong>et</strong></span> <span class='ocrx_word' id='word_1_603' title='bbox 2613 3953 2825 4010; x_wconf 89' lang='lat' dir='ltr'><strong>Tiberis</strong></span> <span class='ocrx_word' id='word_1_604' title='bbox 2864 3953 3022 4010; x_wconf 87' lang='lat' dir='ltr'><strong>alveo</strong></span> <span class='ocrx_word' id='word_1_605' title='bbox 3055 3953 3466 4021; x_wconf 89' lang='lat' dir='ltr'><strong>immerserunt,</strong></span> <span class='ocrx_word' id='word_1_606' title='bbox 3503 3952 3762 4010; x_wconf 88' lang='lat' dir='ltr'><strong>dicentes</strong></span> <span class='ocrx_word' id='word_1_607' title='bbox 3792 3974 3807 4012; x_wconf 90' lang='lat'>:</span> 
     </span>
    </p>
   </div>
   <div class='ocr_carea' id='block_1_84' title="bbox 2190 4041 3811 4117">
    <p class='ocr_par' dir='ltr' id='par_1_84' title="bbox 2190 4041 3811 4117">
     <span class='ocr_line' id='line_1_84' title="bbox 2190 4041 3811 4117; baseline -0.002 -13"><span class='ocrx_word' id='word_1_608' title='bbox 2190 4049 2268 4106; x_wconf 79' lang='lat' dir='ltr'><strong>Ne</strong></span> <span class='ocrx_word' id='word_1_609' title='bbox 2318 4044 2621 4105; x_wconf 89' lang='lat' dir='ltr'><strong>Christiani</strong></span> <span class='ocrx_word' id='word_1_610' title='bbox 2675 4060 2875 4117; x_wconf 87' lang='lat' dir='ltr'><strong>corpus</strong></span> <span class='ocrx_word' id='word_1_611' title='bbox 2943 4043 3061 4116; x_wconf 88' lang='lat' dir='ltr'><strong>ejus</strong></span> <span class='ocrx_word' id='word_1_612' title='bbox 3116 4043 3335 4112; x_wconf 89' lang='lat' dir='ltr'><strong>tollant,</strong></span> <span class='ocrx_word' id='word_1_613' title='bbox 3367 4049 3421 4098; x_wconf 88' lang='lat' dir='ltr'><strong>et</strong></span> <span class='ocrx_word' id='word_1_614' title='bbox 3445 4041 3655 4100; x_wconf 84' lang='lat' dir='ltr'><strong>faciant</strong></span> <span class='ocrx_word' id='word_1_615' title='bbox 3692 4041 3811 4100; x_wconf 83' lang='lat' dir='ltr'><strong>sibi</strong></span> 
     </span>
    </p>
   </div>
   <div class='ocr_carea' id='block_1_85' title="bbox 2193 4135 2562 4192">
    <p class='ocr_par' dir='ltr' id='par_1_85' title="bbox 2193 4135 2562 4192">
     <span class='ocr_line' id='line_1_85' title="bbox 2193 4135 2562 4192; baseline -0.008 -1"><span class='ocrx_word' id='word_1_616' title='bbox 2193 4135 2351 4192; x_wconf 88' lang='lat' dir='ltr'><strong>illam</strong></span> <span class='ocrx_word' id='word_1_617' title='bbox 2382 4135 2562 4190; x_wconf 86' lang='lat' dir='ltr'><strong>deam.</strong></span> 
     </span>
    </p>
   </div>
   <div class='ocr_carea' id='block_1_86' title="bbox 2268 4221 3807 4296">
    <p class='ocr_par' dir='ltr' id='par_1_86' title="bbox 2268 4221 3807 4296">
     <span class='ocr_line' id='line_1_86' title="bbox 2268 4221 3807 4296; baseline 0 -16"><span class='ocrx_word' id='word_1_618' title='bbox 2268 4225 2354 4282; x_wconf 80' lang='lat'><strong>15.</strong></span> <span class='ocrx_word' id='word_1_619' title='bbox 2388 4224 2565 4295; x_wconf 84' lang='lat' dir='ltr'><strong>Igitur</strong></span> <span class='ocrx_word' id='word_1_620' title='bbox 2592 4221 2864 4280; x_wconf 89' lang='lat' dir='ltr'><strong>celebrato</strong></span> <span class='ocrx_word' id='word_1_621' title='bbox 2893 4221 3160 4296; x_wconf 87' lang='lat' dir='ltr'><strong>martyrio</strong></span> <span class='ocrx_word' id='word_1_622' title='bbox 3189 4221 3326 4294; x_wconf 90' lang='lat' dir='ltr'><strong>ejus,</strong></span> <span class='ocrx_word' id='word_1_623' title='bbox 3360 4222 3518 4279; x_wconf 87' lang='lat' dir='ltr'><strong>venit</strong></span> <span class='ocrx_word' id='word_1_624' title='bbox 3547 4223 3607 4279; x_wconf 88' lang='lat' dir='ltr'><strong>in</strong></span> <span class='ocrx_word' id='word_1_625' title='bbox 3635 4239 3807 4280; x_wconf 90' lang='lat' dir='ltr'><strong>som-</strong></span> 
     </span>
    </p>
   </div>
   <div class='ocr_carea' id='block_1_87' title="bbox 2195 4311 3802 4386">
    <p class='ocr_par' dir='ltr' id='par_1_87' title="bbox 2195 4311 3802 4386">
     <span class='ocr_line' id='line_1_87' title="bbox 2195 4311 3802 4386; baseline 0 -17"><span class='ocrx_word' id='word_1_626' title='bbox 2195 4313 2284 4370; x_wconf 91' lang='lat' dir='ltr'><strong>nis</strong></span> <span class='ocrx_word' id='word_1_627' title='bbox 2311 4314 2373 4369; x_wconf 92' lang='lat' dir='ltr'><strong>B.</strong></span> <span class='ocrx_word' id='word_1_628' title='bbox 2406 4312 2743 4380; x_wconf 86' lang='lat' dir='ltr'><strong>Sebastiano,</strong></span> <span class='ocrx_word' id='word_1_629' title='bbox 2773 4319 2826 4368; x_wconf 90' lang='lat' dir='ltr'><strong>et</strong></span> <span class='ocrx_word' id='word_1_630' title='bbox 2854 4312 3103 4369; x_wconf 85' lang='lat' dir='ltr'><strong>narravit</strong></span> <span class='ocrx_word' id='word_1_631' title='bbox 3127 4313 3178 4368; x_wconf 92' lang='lat' dir='ltr'><strong>ei</strong></span> <span class='ocrx_word' id='word_1_632' title='bbox 3197 4311 3434 4386; x_wconf 88' lang='lat' dir='ltr'><strong>qualiter</strong></span> <span class='ocrx_word' id='word_1_633' title='bbox 3461 4311 3802 4386; x_wconf 87' lang='lat' dir='ltr'><strong>martyrium</strong></span> 
     </span>
    </p>
   </div>
   <div class='ocr_carea' id='block_1_88' title="bbox 2196 4401 3811 4475">
    <p class='ocr_par' dir='ltr' id='par_1_88' title="bbox 2196 4401 3811 4475">
     <span class='ocr_line' id='line_1_88' title="bbox 2196 4401 3811 4475; baseline -0.001 -15"><span class='ocrx_word' id='word_1_634' title='bbox 2196 4402 2419 4460; x_wconf 89' lang='lat' dir='ltr'><strong>Domini</strong></span> <span class='ocrx_word' id='word_1_635' title='bbox 2449 4402 2794 4475; x_wconf 90' lang='lat' dir='ltr'><strong>suscepisset.</strong></span> <span class='ocrx_word' id='word_1_636' title='bbox 2823 4401 2980 4471; x_wconf 88' lang='lat' dir='ltr'><strong>Quod</strong></span> <span class='ocrx_word' id='word_1_637' title='bbox 3026 4418 3154 4460; x_wconf 88' lang='lat' dir='ltr'><strong>cum</strong></span> <span class='ocrx_word' id='word_1_638' title='bbox 3196 4409 3470 4458; x_wconf 89' lang='lat' dir='ltr'><strong>narrasset</strong></span> <span class='ocrx_word' id='word_1_639' title='bbox 3516 4402 3572 4458; x_wconf 92' lang='lat' dir='ltr'><strong>S.</strong></span> <span class='ocrx_word' id='word_1_640' title='bbox 3621 4401 3811 4459; x_wconf 86' lang='lat' dir='ltr'><strong>Seba-</strong></span> 
     </span>
    </p>
   </div>
   <div class='ocr_carea' id='block_1_89' title="bbox 2197 4489 3798 4566">
    <p class='ocr_par' dir='ltr' id='par_1_89' title="bbox 2197 4489 3798 4566">
     <span class='ocr_line' id='line_1_89' title="bbox 2197 4489 3798 4566; baseline -0.001 -17"><span class='ocrx_word' id='word_1_641' title='bbox 2197 4493 2428 4561; x_wconf 85' lang='lat' dir='ltr'><strong>stianus,</strong></span> <span class='ocrx_word' id='word_1_642' title='bbox 2483 4491 2759 4566; x_wconf 89' lang='lat' dir='ltr'><strong>proripuit</strong></span> <span class='ocrx_word' id='word_1_643' title='bbox 2814 4507 2868 4547; x_wconf 90' lang='lat' dir='ltr'><strong>se</strong></span> <span class='ocrx_word' id='word_1_644' title='bbox 2925 4490 2980 4549; x_wconf 83' lang='lat' dir='ltr'><strong>S.</strong></span> <span class='ocrx_word' id='word_1_645' title='bbox 3040 4490 3480 4564; x_wconf 89' lang='lat' dir='ltr'><strong>Tranquillinus,</strong></span> <span class='ocrx_word' id='word_1_646' title='bbox 3549 4489 3798 4548; x_wconf 85' lang='lat' dir='ltr'><strong>dicens:</strong></span> 
     </span>
    </p>
   </div>
   <div class='ocr_carea' id='block_1_90' title="bbox 495 4577 3804 4662">
    <p class='ocr_par' dir='ltr' id='par_1_90' title="bbox 495 4577 3804 4662">
     <span class='ocr_line' id='line_1_90' title="bbox 495 4577 3804 4662; baseline 0 -24"><span class='ocrx_word' id='word_1_647' title='bbox 495 4581 800 4640; x_wconf 84' lang='lat' dir='ltr'><strong>mercedem</strong></span> <span class='ocrx_word' id='word_1_648' title='bbox 831 4581 1084 4638; x_wconf 88' lang='lat' dir='ltr'><strong>sanitatis</strong></span> <span class='ocrx_word' id='word_1_649' title='bbox 1114 4579 1302 4652; x_wconf 89' lang='lat' dir='ltr'><strong>hujus.</strong></span> <span class='ocrx_word' id='word_1_650' title='bbox 1329 4579 1536 4636; x_wconf 91' lang='lat' dir='ltr'><strong>Dicunt</strong></span> <span class='ocrx_word' id='word_1_651' title='bbox 1582 4579 1632 4636; x_wconf 91' lang='lat' dir='ltr'><strong>ei</strong></span> <span class='ocrx_word' id='word_1_652' title='bbox 1662 4589 1914 4652; x_wconf 78' lang='lat' dir='ltr'><strong>parentes</strong></span> <span class='ocrx_word' id='word_1_653' title='bbox 1933 4583 2081 4656; x_wconf 89' lang='lat' dir='ltr'><strong>ejus:</strong></span> <span class='ocrx_word' id='word_1_654' title='bbox 2114 4603 2163 4662; x_wconf 78' lang='grc' dir='ltr'>ι)</span> <span class='ocrx_word' id='word_1_655' title='bbox 2199 4583 2440 4638; x_wconf 84' lang='lat' dir='ltr'><strong>Femina</strong></span> <span class='ocrx_word' id='word_1_656' title='bbox 2466 4581 2534 4638; x_wconf 89' lang='lat' dir='ltr'><strong>ad</strong></span> <span class='ocrx_word' id='word_1_657' title='bbox 2565 4596 2824 4638; x_wconf 88' lang='lat' dir='ltr'><strong>coronam</strong></span> <span class='ocrx_word' id='word_1_658' title='bbox 2855 4580 3192 4653; x_wconf 87' lang='lat' dir='ltr'><strong>pracedunt,</strong></span> <span class='ocrx_word' id='word_1_659' title='bbox 3223 4587 3284 4636; x_wconf 90' lang='lat' dir='ltr'><strong>ut</strong></span> <span class='ocrx_word' id='word_1_660' title='bbox 3311 4577 3448 4652; x_wconf 89' lang='lat' dir='ltr'><strong>quid</strong></span> <span class='ocrx_word' id='word_1_661' title='bbox 3486 4579 3741 4636; x_wconf 87' lang='lat' dir='ltr'><strong>vivimus</strong></span> <span class='ocrx_word' id='word_1_662' title='bbox 3773 4580 3804 4638; x_wconf 79' lang='lat'><strong>?</strong></span> 
     </span>
    </p>
   </div>
   <div class='ocr_carea' id='block_1_91' title="bbox 493 4669 2088 4743">
    <p class='ocr_par' dir='ltr' id='par_1_91' title="bbox 493 4669 2088 4743">
     <span class='ocr_line' id='line_1_91' title="bbox 493 4669 2088 4743; baseline 0.002 -14"><span class='ocrx_word' id='word_1_663' title='bbox 493 4671 866 4743; x_wconf 83' lang='lat' dir='ltr'><strong>Nosmetipsos</strong></span> <span class='ocrx_word' id='word_1_664' title='bbox 918 4671 965 4727; x_wconf 92' lang='lat' dir='ltr'><strong>si</strong></span> <span class='ocrx_word' id='word_1_665' title='bbox 1021 4686 1206 4727; x_wconf 90' lang='lat' dir='ltr'><strong>servos</strong></span> <span class='ocrx_word' id='word_1_666' title='bbox 1236 4669 1434 4726; x_wconf 89' lang='lat' dir='ltr'><strong>habere</strong></span> <span class='ocrx_word' id='word_1_667' title='bbox 1499 4669 1762 4742; x_wconf 86' lang='lat' dir='ltr'><strong>digneris,</strong></span> <span class='ocrx_word' id='word_1_668' title='bbox 1815 4673 2088 4732; x_wconf 89' lang='lat' dir='ltr'><strong>contraire</strong></span> 
     </span>
    </p>
   </div>
   <div class='ocr_carea' id='block_1_92' title="bbox 496 4759 2088 4836">
    <p class='ocr_par' dir='ltr' id='par_1_92' title="bbox 496 4759 2088 4836">
     <span class='ocr_line' id='line_1_92' title="bbox 496 4759 2088 4836; baseline 0.003 -20"><span class='ocrx_word' id='word_1_669' title='bbox 496 4777 608 4818; x_wconf 92' lang='lat' dir='ltr'><strong>non</strong></span> <span class='ocrx_word' id='word_1_670' title='bbox 638 4776 926 4833; x_wconf 89' lang='lat' dir='ltr'><strong>possumus</strong></span> <span class='ocrx_word' id='word_1_671' title='bbox 950 4777 962 4816; x_wconf 93' lang='lat'>:</span> <span class='ocrx_word' id='word_1_672' title='bbox 996 4759 1131 4834; x_wconf 87' lang='lat' dir='ltr'><strong>quin</strong></span> <span class='ocrx_word' id='word_1_673' title='bbox 1161 4759 1274 4816; x_wconf 92' lang='lat' dir='ltr'><strong>imo</strong></span> <span class='ocrx_word' id='word_1_674' title='bbox 1303 4767 1356 4815; x_wconf 88' lang='lat' dir='ltr'><strong>et</strong></span> <span class='ocrx_word' id='word_1_675' title='bbox 1385 4765 1657 4832; x_wconf 88' lang='lat' dir='ltr'><strong>optamus,</strong></span> <span class='ocrx_word' id='word_1_676' title='bbox 1713 4760 1758 4817; x_wconf 90' lang='lat' dir='ltr'><strong>si</strong></span> <span class='ocrx_word' id='word_1_677' title='bbox 1788 4759 1903 4834; x_wconf 91' lang='lat' dir='ltr'><strong>ipse</strong></span> <span class='ocrx_word' id='word_1_678' title='bbox 1926 4761 2088 4836; x_wconf 89' lang='lat' dir='ltr'><strong>judi-</strong></span> 
     </span>
    </p>
   </div>
   <div class='ocr_carea' id='block_1_93' title="bbox 495 4847 2083 4924">
    <p class='ocr_par' dir='ltr' id='par_1_93' title="bbox 495 4847 2083 4924">
     <span class='ocr_line' id='line_1_93' title="bbox 495 4847 2083 4924; baseline 0.001 -16"><span class='ocrx_word' id='word_1_679' title='bbox 495 4850 706 4908; x_wconf 85' lang='lat' dir='ltr'><strong>caveris</strong></span> <span class='ocrx_word' id='word_1_680' title='bbox 729 4849 983 4922; x_wconf 87' lang='lat' dir='ltr'><strong>dignum.</strong></span> <span class='ocrx_word' id='word_1_681' title='bbox 1012 4849 1166 4906; x_wconf 89' lang='lat' dir='ltr'><strong>Tunc</strong></span> <span class='ocrx_word' id='word_1_682' title='bbox 1194 4847 1610 4921; x_wconf 77' lang='lat' dir='ltr'><strong>apprehendens</strong></span> <span class='ocrx_word' id='word_1_683' title='bbox 1657 4865 1852 4908; x_wconf 87' lang='lat' dir='ltr'><strong>manus</strong></span> <span class='ocrx_word' id='word_1_684' title='bbox 1871 4867 2083 4924; x_wconf 85' lang='lat' dir='ltr'><strong>eorum,</strong></span> 
     </span>
    </p>
   </div>
   <div class='ocr_carea' id='block_1_94' title="bbox 497 4939 2084 5012">
    <p class='ocr_par' dir='ltr' id='par_1_94' title="bbox 497 4939 2084 5012">
     <span class='ocr_line' id='line_1_94' title="bbox 497 4939 2084 5012; baseline 0.003 -17"><span class='ocrx_word' id='word_1_685' title='bbox 497 4940 798 5012; x_wconf 84' lang='lat' dir='ltr'><strong>segregavit</strong></span> <span class='ocrx_word' id='word_1_686' title='bbox 826 4955 974 4995; x_wconf 91' lang='lat' dir='ltr'><strong>eosa</strong></span> <span class='ocrx_word' id='word_1_687' title='bbox 1000 4939 1196 5008; x_wconf 90' lang='lat' dir='ltr'><strong>turbis,</strong></span> <span class='ocrx_word' id='word_1_688' title='bbox 1242 4947 1298 4996; x_wconf 91' lang='lat' dir='ltr'><strong>et</strong></span> <span class='ocrx_word' id='word_1_689' title='bbox 1359 4939 1629 4998; x_wconf 90' lang='lat' dir='ltr'><strong>indicavit</strong></span> <span class='ocrx_word' id='word_1_690' title='bbox 1689 4942 1767 4998; x_wconf 90' lang='lat' dir='ltr'><strong>eis</strong></span> <span class='ocrx_word' id='word_1_691' title='bbox 1822 4943 2084 5000; x_wconf 85' lang='lat' dir='ltr'><strong>virtutem</strong></span> 
     </span>
    </p>
   </div>
   <div class='ocr_carea' id='block_1_95' title="bbox 497 5028 2086 5090">
    <p class='ocr_par' dir='ltr' id='par_1_95' title="bbox 497 5028 2086 5090">
     <span class='ocr_line' id='line_1_95' title="bbox 497 5028 2086 5090; baseline 0.004 -6"><span class='ocrx_word' id='word_1_692' title='bbox 497 5029 740 5086; x_wconf 90' lang='lat' dir='ltr'><strong>nominis</strong></span> <span class='ocrx_word' id='word_1_693' title='bbox 771 5029 994 5088; x_wconf 91' lang='lat' dir='ltr'><strong>Christi.</strong></span> <span class='ocrx_word' id='word_1_694' title='bbox 1049 5030 1122 5087; x_wconf 90' lang='lat' dir='ltr'><strong>Et</strong></span> <span class='ocrx_word' id='word_1_695' title='bbox 1149 5028 1344 5087; x_wconf 89' lang='lat' dir='ltr'><strong>videns</strong></span> <span class='ocrx_word' id='word_1_696' title='bbox 1389 5031 1636 5088; x_wconf 91' lang='lat' dir='ltr'><strong>animum</strong></span> <span class='ocrx_word' id='word_1_697' title='bbox 1667 5047 1854 5089; x_wconf 90' lang='lat' dir='ltr'><strong>eorum</strong></span> <span class='ocrx_word' id='word_1_698' title='bbox 1912 5032 2086 5090; x_wconf 87' lang='lat' dir='ltr'><strong>ﬁxum</strong></span> 
     </span>
    </p>
   </div>
   <div class='ocr_carea' id='block_1_96' title="bbox 571 5191 1395 5262">
    <p class='ocr_par' dir='ltr' id='par_1_96' title="bbox 571 5191 1395 5262">
     <span class='ocr_line' id='line_1_96' title="bbox 571 5191 1395 5262; baseline -0.002 -14"><span class='ocrx_word' id='word_1_699' title='bbox 571 5191 690 5262; x_wconf 89' lang='lat'><strong>(88)</strong></span> <span class='ocrx_word' id='word_1_700' title='bbox 720 5191 820 5247; x_wconf 91' lang='lat' dir='ltr'><strong>Ms.</strong></span> <span class='ocrx_word' id='word_1_701' title='bbox 847 5191 997 5262; x_wconf 77' lang='lat' dir='ltr'><strong>Bip.,</strong></span> <span class='ocrx_word' id='word_1_702' title='bbox 1029 5191 1395 5246; x_wconf 74' lang='lat' dir='ltr'><strong>contuendum.</strong></span> 
     </span>
    </p>
   </div>
   <div class='ocr_carea' id='block_1_97' title="bbox 573 5261 2088 5336">
    <p class='ocr_par' dir='ltr' id='par_1_97' title="bbox 573 5261 2088 5336">
     <span class='ocr_line' id='line_1_97' title="bbox 573 5261 2088 5336; baseline 0 -15"><span class='ocrx_word' id='word_1_703' title='bbox 573 5265 694 5335; x_wconf 92' lang='lat'><strong>(89)</strong></span> <span class='ocrx_word' id='word_1_704' title='bbox 727 5261 871 5330; x_wconf 87' lang='lat' dir='ltr'><strong>Quid</strong></span> <span class='ocrx_word' id='word_1_705' title='bbox 922 5261 1051 5336; x_wconf 62' lang='lat' dir='ltr'><strong>seta</strong></span> <span class='ocrx_word' id='word_1_706' title='bbox 1097 5261 1210 5317; x_wconf 90' lang='lat' dir='ltr'><strong>sint</strong></span> <span class='ocrx_word' id='word_1_707' title='bbox 1260 5268 1542 5336; x_wconf 73' lang='lat' dir='ltr'><strong>aut_zaatw,</strong></span> <span class='ocrx_word' id='word_1_708' title='bbox 1572 5263 1807 5336; x_wconf 84' lang='lat' dir='ltr'><strong>_quibus</strong></span> <span class='ocrx_word' id='word_1_709' title='bbox 1854 5265 2088 5321; x_wconf 80' lang='lat' dir='ltr'><strong>zetarius</strong></span> 
     </span>
    </p>
   </div>
   <div class='ocr_carea' id='block_1_98' title="bbox 498 5333 1620 5406">
    <p class='ocr_par' dir='ltr' id='par_1_98' title="bbox 498 5333 1620 5406">
     <span class='ocr_line' id='line_1_98' title="bbox 498 5333 1620 5406; baseline 0.003 -18"><span class='ocrx_word' id='word_1_710' title='bbox 498 5333 739 5404; x_wconf 82' lang='lat' dir='ltr'><strong>pratrat,</strong></span> <span class='ocrx_word' id='word_1_711' title='bbox 773 5349 937 5406; x_wconf 87' lang='lat' dir='ltr'><strong>supra</strong></span> <span class='ocrx_word' id='word_1_712' title='bbox 965 5333 1174 5389; x_wconf 91' lang='lat' dir='ltr'><strong>dictum</strong></span> <span class='ocrx_word' id='word_1_713' title='bbox 1205 5341 1285 5389; x_wconf 89' lang='lat' dir='ltr'><strong>est</strong></span> <span class='ocrx_word' id='word_1_714' title='bbox 1312 5333 1379 5406; x_wconf 88' lang='lat' dir='ltr'><strong>ad</strong></span> <span class='ocrx_word' id='word_1_715' title='bbox 1409 5350 1529 5406; x_wconf 87' lang='lat' dir='ltr'><strong>cap.</strong></span> <span class='ocrx_word' id='word_1_716' title='bbox 1566 5333 1620 5390; x_wconf 91' lang='lat'><strong>3.</strong></span> 
     </span>
    </p>
   </div>
   <div class='ocr_carea' id='block_1_99' title="bbox 595 5405 1640 5475">
    <p class='ocr_par' dir='ltr' id='par_1_99' title="bbox 595 5405 1640 5475">
     <span class='ocr_line' id='line_1_99' title="bbox 595 5405 1640 5475; baseline -0.001 -13"><span class='ocrx_word' id='word_1_717' title='bbox 595 5406 688 5475; x_wconf 88' lang='lat'><strong>90)</strong></span> <span class='ocrx_word' id='word_1_718' title='bbox 719 5405 834 5470; x_wconf 81' lang='lat' dir='ltr'><strong>AL,</strong></span> <span class='ocrx_word' id='word_1_719' title='bbox 861 5408 1176 5469; x_wconf 68' lang='lat' dir='ltr'><strong>incantare;</strong></span> <span class='ocrx_word' id='word_1_720' title='bbox 1209 5406 1308 5473; x_wconf 88' lang='lat' dir='ltr'><strong>al.,</strong></span> <span class='ocrx_word' id='word_1_721' title='bbox 1340 5405 1640 5462; x_wconf 66' lang='lat' dir='ltr'><strong>demutare.</strong></span> 
     </span>
    </p>
   </div>
   <div class='ocr_carea' id='block_1_100' title="bbox 595 5475 2085 5548">
    <p class='ocr_par' dir='ltr' id='par_1_100' title="bbox 595 5475 2085 5548">
     <span class='ocr_line' id='line_1_100' title="bbox 595 5475 2085 5548; baseline 0.002 -16"><span class='ocrx_word' id='word_1_722' title='bbox 595 5478 690 5546; x_wconf 82' lang='lat'><strong>91)</strong></span> <span class='ocrx_word' id='word_1_723' title='bbox 723 5475 1004 5548; x_wconf 88' lang='lat' dir='ltr'><strong>Confessio</strong></span> <span class='ocrx_word' id='word_1_724' title='bbox 1035 5483 1116 5532; x_wconf 88' lang='lat' dir='ltr'><strong>est</strong></span> <span class='ocrx_word' id='word_1_725' title='bbox 1166 5493 1290 5548; x_wconf 90' lang='lat' dir='ltr'><strong>pars</strong></span> <span class='ocrx_word' id='word_1_726' title='bbox 1319 5478 1562 5548; x_wconf 85' lang='lat' dir='ltr'><strong>ecclesia</strong></span> <span class='ocrx_word' id='word_1_727' title='bbox 1616 5475 1710 5532; x_wconf 90' lang='lat' dir='ltr'><strong>ubi</strong></span> <span class='ocrx_word' id='word_1_728' title='bbox 1767 5485 2085 5536; x_wconf 88' lang='lat' dir='ltr'><strong>sanctorum</strong></span> 
     </span>
    </p>
   </div>
   <div class='ocr_carea' id='block_1_101' title="bbox 390 5546 1852 5620">
    <p class='ocr_par' dir='ltr' id='par_1_101' title="bbox 390 5546 1852 5620">
     <span class='ocr_line' id='line_1_101' title="bbox 390 5546 1852 5620; baseline 0.004 -20"><span class='ocrx_word' id='word_1_729' title='bbox 390 5568 398 5578; x_wconf 81' lang='lat'>~</span> <span class='ocrx_word' id='word_1_730' title='bbox 500 5546 1068 5620; x_wconf 79' lang='lat' dir='ltr'><strong>corpora_guiescunt,</strong></span> <span class='ocrx_word' id='word_1_731' title='bbox 1093 5546 1292 5620; x_wconf 53' lang='lat' dir='ltr'><strong>ac&#39;fere</strong></span> <span class='ocrx_word' id='word_1_732' title='bbox 1317 5547 1419 5620; x_wconf 90' lang='lat' dir='ltr'><strong>sub</strong></span> <span class='ocrx_word' id='word_1_733' title='bbox 1452 5547 1646 5620; x_wconf 90' lang='lat' dir='ltr'><strong>majori</strong></span> <span class='ocrx_word' id='word_1_734' title='bbox 1673 5549 1852 5606; x_wconf 88' lang='lat' dir='ltr'><strong>altari.</strong></span> 
     </span>
    </p>
   </div>
   <div class='ocr_carea' id='block_1_102' title="bbox 533 5617 2086 5696">
    <p class='ocr_par' dir='ltr' id='par_1_102' title="bbox 533 5617 2086 5696">
     <span class='ocr_line' id='line_1_102' title="bbox 533 5617 2086 5696; baseline 0.004 -26"><span class='ocrx_word' id='word_1_735' title='bbox 533 5683 543 5693; x_wconf 42' lang='lat'><strong><em>.</em></strong></span> <span class='ocrx_word' id='word_1_736' title='bbox 573 5617 690 5694; x_wconf 78' lang='lat'><strong>(92)</strong></span> <span class='ocrx_word' id='word_1_737' title='bbox 721 5617 912 5696; x_wconf 77' lang='lat' dir='ltr'><strong>Plures</strong></span> <span class='ocrx_word' id='word_1_738' title='bbox 944 5617 1248 5696; x_wconf 87' lang='lat' dir='ltr'><strong>fuerunt__in</strong></span> <span class='ocrx_word' id='word_1_739' title='bbox 1272 5619 1413 5696; x_wconf 80' lang='lat' dir='ltr'><strong>Urbe</strong></span> <span class='ocrx_word' id='word_1_740' title='bbox 1460 5617 1818 5696; x_wconf 50' lang='lat' dir='ltr'><strong>lt&#39;a&#39;amachia,</strong></span> <span class='ocrx_word' id='word_1_741' title='bbox 1875 5621 2086 5696; x_wconf 84' lang='lat' dir='ltr'><strong>Diocle-</strong></span> 
     </span>
    </p>
   </div>
   <div class='ocr_carea' id='block_1_103' title="bbox 503 5689 2088 5758">
    <p class='ocr_par' dir='ltr' id='par_1_103' title="bbox 503 5689 2088 5758">
     <span class='ocr_line' id='line_1_103' title="bbox 503 5689 2088 5758; baseline 0.005 -18"><span class='ocrx_word' id='word_1_742' title='bbox 503 5689 642 5740; x_wconf 90' lang='lat' dir='ltr'><strong>tiani</strong></span> <span class='ocrx_word' id='word_1_743' title='bbox 670 5689 888 5756; x_wconf 89' lang='lat' dir='ltr'><strong>regione</strong></span> <span class='ocrx_word' id='word_1_744' title='bbox 918 5703 1064 5758; x_wconf 89' lang='lat' dir='ltr'><strong>nona</strong></span> <span class='ocrx_word' id='word_1_745' title='bbox 1087 5707 1100 5754; x_wconf 91' lang='lat'><strong>;</strong></span> <span class='ocrx_word' id='word_1_746' title='bbox 1125 5690 1246 5745; x_wconf 88' lang='lat' dir='ltr'><strong>alia</strong></span> <span class='ocrx_word' id='word_1_747' title='bbox 1267 5689 1429 5746; x_wconf 89' lang='lat' dir='ltr'><strong>tertia</strong></span> <span class='ocrx_word' id='word_1_748' title='bbox 1449 5690 1699 5758; x_wconf 87' lang='lat' dir='ltr'><strong>decima;</strong></span> <span class='ocrx_word' id='word_1_749' title='bbox 1723 5691 1844 5747; x_wconf 86' lang='lat' dir='ltr'><strong>dua</strong></span> <span class='ocrx_word' id='word_1_750' title='bbox 1874 5691 2088 5748; x_wconf 86' lang='lat' dir='ltr'><strong>decima</strong></span> 
     </span>
    </p>
   </div>
   <div class='ocr_carea' id='block_1_104' title="bbox 502 5757 2084 5833">
    <p class='ocr_par' dir='ltr' id='par_1_104' title="bbox 502 5757 2084 5833">
     <span class='ocr_line' id='line_1_104' title="bbox 502 5757 2084 5833; baseline 0.007 -23"><span class='ocrx_word' id='word_1_751' title='bbox 502 5762 693 5828; x_wconf 88' lang='lat' dir='ltr'><strong>quarta</strong></span> <span class='ocrx_word' id='word_1_752' title='bbox 725 5764 874 5813; x_wconf 90' lang='lat' dir='ltr'><strong>trans</strong></span> <span class='ocrx_word' id='word_1_753' title='bbox 904 5757 1165 5816; x_wconf 88' lang='lat' dir='ltr'><strong>Tiberim.</strong></span> <span class='ocrx_word' id='word_1_754' title='bbox 1201 5761 1270 5816; x_wconf 87' lang='lat' dir='ltr'><strong>Et</strong></span> <span class='ocrx_word' id='word_1_755' title='bbox 1291 5760 1561 5820; x_wconf 72' lang='lat' dir='ltr'><strong>Batonius</strong></span> <span class='ocrx_word' id='word_1_756' title='bbox 1589 5757 1690 5820; x_wconf 69' lang='lat' dir='ltr'><strong>an.</strong></span> <span class='ocrx_word' id='word_1_757' title='bbox 1732 5762 1857 5831; x_wconf 79' lang='lat'><strong>286,</strong></span> <span class='ocrx_word' id='word_1_758' title='bbox 1887 5779 1942 5818; x_wconf 92' lang='lat' dir='ltr'><strong>n.</strong></span> <span class='ocrx_word' id='word_1_759' title='bbox 1997 5764 2084 5833; x_wconf 86' lang='grc'><strong>13,</strong></span> 
     </span>
    </p>
   </div>
   <div class='ocr_carea' id='block_1_105' title="bbox 2197 4668 3806 4745">
    <p class='ocr_par' dir='ltr' id='par_1_105' title="bbox 2197 4668 3806 4745">
     <span class='ocr_line' id='line_1_105' title="bbox 2197 4668 3806 4745; baseline -0.002 -17"><span class='ocrx_word' id='word_1_760' title='bbox 2197 4673 2315 4744; x_wconf 86' lang='lat' dir='ltr'><strong>Ipse</strong></span> <span class='ocrx_word' id='word_1_761' title='bbox 2379 4687 2596 4745; x_wconf 87' lang='lat' dir='ltr'><strong>quoque</strong></span> <span class='ocrx_word' id='word_1_762' title='bbox 2678 4670 3011 4727; x_wconf 90' lang='lat' dir='ltr'><strong>descendens</strong></span> <span class='ocrx_word' id='word_1_763' title='bbox 3095 4669 3487 4742; x_wconf 87' lang='lat' dir='ltr'><strong>Apostolorum</strong></span> <span class='ocrx_word' id='word_1_764' title='bbox 3556 4668 3806 4726; x_wconf 89' lang='lat' dir='ltr'><strong>natalitii</strong></span> 
     </span>
    </p>
   </div>
   <div class='ocr_carea' id='block_1_106' title="bbox 2197 4757 3801 4829">
    <p class='ocr_par' dir='ltr' id='par_1_106' title="bbox 2197 4757 3801 4829">
     <span class='ocr_line' id='line_1_106' title="bbox 2197 4757 3801 4829; baseline 0 -11"><span class='ocrx_word' id='word_1_765' title='bbox 2197 4771 2392 4818; x_wconf 90' lang='lat' dir='ltr'><strong>octavo</strong></span> <span class='ocrx_word' id='word_1_766' title='bbox 2449 4761 2562 4829; x_wconf 89' lang='lat' dir='ltr'><strong>die,</strong></span> <span class='ocrx_word' id='word_1_767' title='bbox 2623 4759 2692 4816; x_wconf 87' lang='lat' dir='ltr'><strong>ad</strong></span> <span class='ocrx_word' id='word_1_768' title='bbox 2747 4760 2810 4816; x_wconf 87' lang='grc' dir='ltr'>Β.</span> <span class='ocrx_word' id='word_1_769' title='bbox 2868 4758 3023 4815; x_wconf 91' lang='lat' dir='ltr'><strong>Pauli</strong></span> <span class='ocrx_word' id='word_1_770' title='bbox 3062 4757 3477 4816; x_wconf 90' lang='lat' dir='ltr'><strong>Confessionem</strong></span> <span class='ocrx_word' id='word_1_771' title='bbox 3507 4758 3748 4816; x_wconf 86' lang='lat' dir='ltr'><strong>accessit</strong></span> <span class='ocrx_word' id='word_1_772' title='bbox 3788 4779 3801 4818; x_wconf 90' lang='lat'><strong>:</strong></span> 
     </span>
    </p>
   </div>
   <div class='ocr_carea' id='block_1_107' title="bbox 2196 4847 3806 4922">
    <p class='ocr_par' dir='ltr' id='par_1_107' title="bbox 2196 4847 3806 4922">
     <span class='ocr_line' id='line_1_107' title="bbox 2196 4847 3806 4922; baseline -0.002 -14"><span class='ocrx_word' id='word_1_773' title='bbox 2196 4851 2561 4908; x_wconf 89' lang='lat' dir='ltr'><strong>nihilominus</strong></span> <span class='ocrx_word' id='word_1_774' title='bbox 2587 4857 2642 4906; x_wconf 90' lang='lat' dir='ltr'><strong>et</strong></span> <span class='ocrx_word' id='word_1_775' title='bbox 2671 4850 2786 4922; x_wconf 90' lang='lat' dir='ltr'><strong>ipse</strong></span> <span class='ocrx_word' id='word_1_776' title='bbox 2810 4865 3094 4922; x_wconf 89' lang='lat' dir='ltr'><strong>perpessus</strong></span> <span class='ocrx_word' id='word_1_777' title='bbox 3123 4847 3356 4905; x_wconf 88' lang='lat' dir='ltr'><strong>insidias</strong></span> <span class='ocrx_word' id='word_1_778' title='bbox 3387 4854 3578 4904; x_wconf 88' lang='lat' dir='ltr'><strong>tentus</strong></span> <span class='ocrx_word' id='word_1_779' title='bbox 3607 4855 3718 4916; x_wconf 90' lang='lat' dir='ltr'><strong>est,</strong></span> <span class='ocrx_word' id='word_1_780' title='bbox 3750 4855 3806 4905; x_wconf 89' lang='lat' dir='ltr'><strong>et</strong></span> 
     </span>
    </p>
   </div>
   <div class='ocr_carea' id='block_1_108' title="bbox 2195 4935 3804 5013">
    <p class='ocr_par' dir='ltr' id='par_1_108' title="bbox 2195 4935 3804 5013">
     <span class='ocr_line' id='line_1_108' title="bbox 2195 4935 3804 5013; baseline -0.001 -16"><span class='ocrx_word' id='word_1_781' title='bbox 2195 4957 2225 4997; x_wconf 93' lang='lat' dir='ltr'><strong>a</strong></span> <span class='ocrx_word' id='word_1_782' title='bbox 2254 4942 2456 5013; x_wconf 92' lang='lat' dir='ltr'><strong>populo</strong></span> <span class='ocrx_word' id='word_1_783' title='bbox 2485 4939 2755 5013; x_wconf 89' lang='lat' dir='ltr'><strong>lapidatus</strong></span> <span class='ocrx_word' id='word_1_784' title='bbox 2784 4945 3036 4995; x_wconf 88' lang='lat' dir='ltr'><strong>mortuus</strong></span> <span class='ocrx_word' id='word_1_785' title='bbox 3074 4945 3156 4994; x_wconf 90' lang='lat' dir='ltr'><strong>est</strong></span> <span class='ocrx_word' id='word_1_786' title='bbox 3183 4938 3325 5010; x_wconf 83' lang='grc'>(95),</span> <span class='ocrx_word' id='word_1_787' title='bbox 3355 4944 3410 4994; x_wconf 85' lang='lat' dir='ltr'><strong>et</strong></span> <span class='ocrx_word' id='word_1_788' title='bbox 3445 4953 3652 5011; x_wconf 87' lang='lat' dir='ltr'><strong>corpus</strong></span> <span class='ocrx_word' id='word_1_789' title='bbox 3679 4935 3804 5010; x_wconf 86' lang='lat' dir='ltr'><strong>ejus</strong></span> 
     </span>
    </p>
   </div>
   <div class='ocr_carea' id='block_1_109' title="bbox 2196 5029 3228 5105">
    <p class='ocr_par' dir='ltr' id='par_1_109' title="bbox 2196 5029 3228 5105">
     <span class='ocr_line' id='line_1_109' title="bbox 2196 5029 3228 5105; baseline -0.003 -17"><span class='ocrx_word' id='word_1_790' title='bbox 2196 5031 2456 5089; x_wconf 89' lang='lat' dir='ltr'><strong>Tiberino</strong></span> <span class='ocrx_word' id='word_1_791' title='bbox 2487 5029 2687 5104; x_wconf 86' lang='lat' dir='ltr'><strong>gurgiti</strong></span> <span class='ocrx_word' id='word_1_792' title='bbox 2718 5029 3092 5105; x_wconf 81' lang='lat' dir='ltr'><strong>mancipatum</strong></span> <span class='ocrx_word' id='word_1_793' title='bbox 3124 5034 3228 5086; x_wconf 87' lang='lat' dir='ltr'><strong>est-</strong></span> 
     </span>
    </p>
   </div>
   <div class='ocr_carea' id='block_1_110' title="bbox 2196 5193 3802 5265">
    <p class='ocr_par' dir='ltr' id='par_1_110' title="bbox 2196 5193 3802 5265">
     <span class='ocr_line' id='line_1_110' title="bbox 2196 5193 3802 5265; baseline -0.002 -15"><span class='ocrx_word' id='word_1_794' title='bbox 2196 5194 2302 5252; x_wconf 89' lang='lat' dir='ltr'><strong>hoc</strong></span> <span class='ocrx_word' id='word_1_795' title='bbox 2327 5202 2477 5251; x_wconf 88' lang='lat' dir='ltr'><strong>trans</strong></span> <span class='ocrx_word' id='word_1_796' title='bbox 2505 5193 2746 5250; x_wconf 89' lang='lat' dir='ltr'><strong>Tiberim</strong></span> <span class='ocrx_word' id='word_1_797' title='bbox 2773 5199 2992 5265; x_wconf 16' lang='lat' dir='ltr'><strong>gestum,</strong></span> <span class='ocrx_word' id='word_1_798' title='bbox 3011 5199 3215 5265; x_wconf 81' lang='lat' dir='ltr'><strong>censet,</strong></span> <span class='ocrx_word' id='word_1_799' title='bbox 3278 5197 3331 5246; x_wconf 92' lang='lat' dir='ltr'><strong>et</strong></span> <span class='ocrx_word' id='word_1_800' title='bbox 3375 5205 3516 5265; x_wconf 64' lang='lat' dir='ltr'><strong>noua</strong></span> <span class='ocrx_word' id='word_1_801' title='bbox 3570 5205 3802 5265; x_wconf 69' lang='lat' dir='ltr'><strong>munera</strong></span> 
     </span>
    </p>
   </div>
   <div class='ocr_carea' id='block_1_111' title="bbox 2196 5261 3802 5331">
    <p class='ocr_par' dir='ltr' id='par_1_111' title="bbox 2196 5261 3802 5331">
     <span class='ocr_line' id='line_1_111' title="bbox 2196 5261 3802 5331; baseline -0.004 -10"><span class='ocrx_word' id='word_1_802' title='bbox 2196 5273 2317 5322; x_wconf 81' lang='lat' dir='ltr'><strong>tunc</strong></span> <span class='ocrx_word' id='word_1_803' title='bbox 2371 5266 2523 5321; x_wconf 83' lang='lat' dir='ltr'><strong>certis</strong></span> <span class='ocrx_word' id='word_1_804' title='bbox 2583 5266 2726 5331; x_wconf 83' lang='lat' dir='ltr'><strong>locis,</strong></span> <span class='ocrx_word' id='word_1_805' title='bbox 2775 5261 2928 5320; x_wconf 76' lang='lat' dir='ltr'><strong>certis</strong></span> <span class='ocrx_word' id='word_1_806' title='bbox 2981 5263 3274 5318; x_wconf 77' lang='lat' dir='ltr'><strong>hominibus</strong></span> <span class='ocrx_word' id='word_1_807' title='bbox 3325 5261 3398 5317; x_wconf 86' lang='lat' dir='ltr'><strong>ad</strong></span> <span class='ocrx_word' id='word_1_808' title='bbox 3451 5261 3802 5330; x_wconf 76' lang='lat' dir='ltr'><strong>inquirendos</strong></span> 
     </span>
    </p>
   </div>
   <div class='ocr_carea' id='block_1_112' title="bbox 2199 5333 3802 5406">
    <p class='ocr_par' dir='ltr' id='par_1_112' title="bbox 2199 5333 3802 5406">
     <span class='ocr_line' id='line_1_112' title="bbox 2199 5333 3802 5406; baseline -0.004 -12"><span class='ocrx_word' id='word_1_809' title='bbox 2199 5338 2528 5394; x_wconf 78' lang='lat' dir='ltr'><strong>Christianos</strong></span> <span class='ocrx_word' id='word_1_810' title='bbox 2561 5337 2846 5401; x_wconf 81' lang='lat' dir='ltr'><strong>distincta;</strong></span> <span class='ocrx_word' id='word_1_811' title='bbox 2901 5336 3077 5405; x_wconf 84' lang='lat' dir='ltr'><strong>sicque</strong></span> <span class='ocrx_word' id='word_1_812' title='bbox 3116 5341 3187 5406; x_wconf 9' lang='lat' dir='ltr'><strong>rut</strong></span> <span class='ocrx_word' id='word_1_813' title='bbox 3236 5334 3333 5406; x_wconf 76' lang='lat' dir='ltr'><strong>uni</strong></span> <span class='ocrx_word' id='word_1_814' title='bbox 3371 5333 3542 5406; x_wconf 76' lang='lat' dir='ltr'><strong>Urbis</strong></span> <span class='ocrx_word' id='word_1_815' title='bbox 3572 5335 3802 5406; x_wconf 9' lang='lat' dir='ltr'><strong>gregioni</strong></span> 
     </span>
    </p>
   </div>
   <div class='ocr_carea' id='block_1_113' title="bbox 2190 5403 3803 5480">
    <p class='ocr_par' dir='ltr' id='par_1_113' title="bbox 2190 5403 3803 5480">
     <span class='ocr_line' id='line_1_113' title="bbox 2190 5403 3803 5480; baseline -0.001 -16"><span class='ocrx_word' id='word_1_816' title='bbox 2190 5411 2371 5480; x_wconf 82' lang='lat' dir='ltr'><strong>plures</strong></span> <span class='ocrx_word' id='word_1_817' title='bbox 2419 5415 2583 5464; x_wconf 81' lang='lat' dir='ltr'><strong>essent</strong></span> <span class='ocrx_word' id='word_1_818' title='bbox 2619 5407 2854 5480; x_wconf 64' lang='lat' dir='ltr'><strong>praefecti</strong></span> <span class='ocrx_word' id='word_1_819' title='bbox 2902 5403 3143 5480; x_wconf 74' lang='lat' dir='ltr'><strong>patroni,</strong></span> <span class='ocrx_word' id='word_1_820' title='bbox 3168 5405 3276 5480; x_wconf 64' lang='lat' dir='ltr'><strong>qui</strong></span> <span class='ocrx_word' id='word_1_821' title='bbox 3331 5405 3532 5476; x_wconf 75' lang='lat' dir='ltr'><strong>singuli</strong></span> <span class='ocrx_word' id='word_1_822' title='bbox 3561 5403 3622 5460; x_wconf 74' lang='lat' dir='ltr'><strong>in</strong></span> <span class='ocrx_word' id='word_1_823' title='bbox 3644 5403 3803 5478; x_wconf 74' lang='lat' dir='ltr'><strong>parte</strong></span> 
     </span>
    </p>
   </div>
   <div class='ocr_carea' id='block_1_114' title="bbox 2195 5477 3374 5546">
    <p class='ocr_par' dir='ltr' id='par_1_114' title="bbox 2195 5477 3374 5546">
     <span class='ocr_line' id='line_1_114' title="bbox 2195 5477 3374 5546; baseline -0.002 -10"><span class='ocrx_word' id='word_1_824' title='bbox 2195 5477 2294 5536; x_wconf 66' lang='lat' dir='ltr'><strong>sibi</strong></span> <span class='ocrx_word' id='word_1_825' title='bbox 2325 5477 2630 5536; x_wconf 61' lang='lat' dir='ltr'><strong>concredita</strong></span> <span class='ocrx_word' id='word_1_826' title='bbox 2655 5477 2987 5537; x_wconf 71' lang='lat' dir='ltr'><strong>Christiaitos</strong></span> <span class='ocrx_word' id='word_1_827' title='bbox 3025 5477 3374 5546; x_wconf 74' lang='lat' dir='ltr'><strong>inquirerent.</strong></span> 
     </span>
    </p>
   </div>
   <div class='ocr_carea' id='block_1_115' title="bbox 2263 5551 3139 5694">
    <p class='ocr_par' dir='ltr' id='par_1_115' title="bbox 2263 5551 3139 5694">
     <span class='ocr_line' id='line_1_115' title="bbox 2263 5551 3139 5694; baseline -0.003 -86"><span class='ocrx_word' id='word_1_828' title='bbox 2263 5552 2386 5694; x_wconf 52' lang='lat'><strong>(93)</strong></span> <span class='ocrx_word' id='word_1_829' title='bbox 2419 5553 2535 5619; x_wconf 82' lang='lat' dir='ltr'><strong>AL,</strong></span> <span class='ocrx_word' id='word_1_830' title='bbox 2573 5551 2837 5619; x_wconf 80' lang='lat' dir='ltr'><strong>staticulo,</strong></span> <span class='ocrx_word' id='word_1_831' title='bbox 2869 5559 2929 5607; x_wconf 94' lang='lat' dir='ltr'><strong>ut</strong></span> <span class='ocrx_word' id='word_1_832' title='bbox 2958 5564 3139 5622; x_wconf 86' lang='lat' dir='ltr'><strong>supra.</strong></span> 
     </span>
     <span class='ocr_line' id='line_1_116' title="bbox 2269 5622 2838 5690; baseline 0.004 -12"><span class='ocrx_word' id='word_1_833' title='bbox 2269 5623 2362 5690; x_wconf 89' lang='lat'><strong>(94</strong></span> <span class='ocrx_word' id='word_1_834' title='bbox 2428 5623 2640 5680; x_wconf 86' lang='lat' dir='ltr'><strong>Colitur</strong></span> <span class='ocrx_word' id='word_1_835' title='bbox 2667 5623 2702 5681; x_wconf 86' lang='lat'><strong>5</strong></span> <span class='ocrx_word' id='word_1_836' title='bbox 2728 5622 2838 5680; x_wconf 87' lang='lat' dir='ltr'><strong>Jul.</strong></span> 
     </span>
    </p>
   </div>
   <div class='ocr_carea' id='block_1_116' title="bbox 2269 5622 2838 5690">
    <p class='ocr_par' dir='ltr' id='par_1_116' title="bbox 2269 5622 2838 5690">
     <span class='ocr_line' id='line_1_117' title="bbox 2269 5622 2838 5690; baseline 0.004 -12"><span class='ocrx_word' id='word_1_837' title='bbox 2269 5622 2386 5690; x_wconf 88' lang='lat'><strong>(94)</strong></span> <span class='ocrx_word' id='word_1_838' title='bbox 2428 5623 2640 5680; x_wconf 86' lang='lat' dir='ltr'><strong>Colitur</strong></span> <span class='ocrx_word' id='word_1_839' title='bbox 2667 5623 2702 5681; x_wconf 87' lang='lat'><strong>5</strong></span> <span class='ocrx_word' id='word_1_840' title='bbox 2728 5622 2838 5680; x_wconf 87' lang='lat' dir='ltr'><strong>Jul.</strong></span> 
     </span>
    </p>
   </div>
   <div class='ocr_carea' id='block_1_117' title="bbox 2269 5695 2587 5768">
    <p class='ocr_par' dir='ltr' id='par_1_117' title="bbox 2269 5695 2587 5768">
     <span class='ocr_line' id='line_1_118' title="bbox 2269 5695 2587 5768; baseline -0.003 -17"><span class='ocrx_word' id='word_1_841' title='bbox 2269 5695 2384 5768; x_wconf 71' lang='lat'><strong>(95)</strong></span> <span class='ocrx_word' id='word_1_842' title='bbox 2417 5695 2451 5750; x_wconf 88' lang='lat'><strong>6</strong></span> <span class='ocrx_word' id='word_1_843' title='bbox 2476 5695 2587 5752; x_wconf 84' lang='lat' dir='ltr'><strong>Jul.</strong></span> 
     </span>
    </p>
   </div>
  </div>
