3940 6374
252 422 397 485 1145

1528 425 1714 482 ACTA
1752 426 1805 481 S.
1851 424 2282 484 SEBASTIANI.

3413 434 3551 490 1146

330 551 416 609 76.
449 551 585 607 Item
634 551 972 607 Nicostratus
1019 556 1072 606 et
1121 549 1384 607 Claudius
1427 565 1535 607 una
1578 567 1702 607 cum
1756 550 1852 608 Ca-
1880 559 1931 619 Α
1964 552 2077 607 lum
2103 551 2308 608 divinas
2337 552 2560 609 virtutis
2594 561 2695 620 est,
2723 562 3054 612 sectatorum
3096 556 3353 615 videlicet
3382 557 3557 615 Chri-

244 641 426 699 storio
456 647 510 696 et
535 640 826 699 Victorino
871 649 924 697 et
963 640 1389 712 Symphoriano,
1440 640 1569 696 dum
1625 656 1853 713 corpora

244 730 585 789 Sanctorum
630 746 725 803 per
762 746 857 786 ora
890 729 1148 785 Tiberina
1192 730 1554 801 requirerent,
1600 746 1630 785 a
1676 747 1851 802 perse-

242 822 536 880 cutoribus
567 823 707 879 tenti
753 831 900 889 sunt,
951 829 1005 877 et
1053 821 1120 876 ad
1159 820 1319 878 Urbis
1366 822 1681 893 praefectum
1734 839 1851 895 per-

242 912 424 970 ducti.
468 913 601 969 Erat
637 911 812 984 judex
851 912 1148 980 Fabianus,
1183 912 1277 987 qui
1306 929 1398 967 eos
1428 912 1752 969 hortabatur
1781 914 1849 971 ad

241 1001 695 1068 sacriﬁcandum,
726 1009 782 1058 et
809 1018 907 1073 per
936 1001 1122 1059 decem
1151 1001 1268 1057 dies
1297 1002 1466 1057 minis
1494 1018 1584 1058 eos
1613 1011 1666 1058 et
1698 1004 1849 1060 blan-

239 1091 406 1148 ditiis
456 1108 621 1163 agens
668 1092 726 1147 in
775 1092 932 1147 nullo
977 1092 1196 1163 penitus
1244 1092 1424 1163 potuit
1478 1108 1844 1151 commovere.

240 1181 406 1239 Tunc
453 1184 584 1240 fecit
620 1182 689 1241 de
734 1183 802 1239 iis
841 1184 1243 1255 suggestionem
1279 1183 1720 1255 imperatoribus,
1751 1185 1848 1257 qui

231 1271 527 1346 jusserunt
556 1290 647 1329 eos
674 1290 846 1347 usque
886 1274 1049 1329 tertio
1084 1272 1348 1345 torqueri.
1398 1273 1644 1347 Cumque
1694 1276 1847 1331 nulla

239 1364 459 1420 ratione
488 1366 777 1421 tormentis
818 1359 1088 1438 compulsi
1124 1364 1397 1433 cederent,
1442 1364 1608 1437 jussit
1651 1383 1743 1422 eos
1787 1367 1845 1422 in

238 1453 429 1509 medio
456 1453 594 1509 mari
620 1455 930 1526 pracipites
958 1452 1096 1509 dari.
1130 1455 1209 1511 Im
1221 1454 1424 1509 mensis
1453 1454 1621 1527 igitur
1652 1455 1845 1511 arctati

235 1542 601 1615 ponderibus,
633 1543 809 1616 pelagi
851 1542 1112 1599 ﬂuctibus
1159 1543 1273 1599 dati
1320 1552 1468 1613 sunt,
1520 1551 1573 1600 et
1621 1544 1682 1599 in
1725 1545 1845 1601 loco

236 1633 456 1689 mundo
486 1632 631 1690 inter
677 1649 846 1706 aquas
892 1648 1150 1689 coronam
1197 1633 1450 1705 martyrii
1496 1634 1844 1690 celebrarunt

241 1723 387 1797 (96).
421 1726 831 1783 Insidiabantur
854 1727 1037 1799 itaque
1069 1725 1317 1782 inﬁdeles
1345 1725 1623 1795 ﬁdelibus,
1656 1734 1710 1782 et
1740 1726 1842 1782 ini-

235 1830 353 1889 quo
404 1815 589 1872 furore
634 1816 821 1872 vexati
868 1816 1235 1873 christianum
1286 1832 1397 1872 non
1443 1823 1695 1889 poterant
1742 1832 1843 1872 nec

233 1921 446 1964 nomen
473 1908 686 1966 audire.

837 2042 1065 2101 CAPUT
1094 2043 1246 2100 XXI.

688 2152 743 2207 S.
786 2151 1017 2209 Tiburtii
1044 2151 1386 2224 martyrium.

309 2267 397 2324 77.
433 2267 648 2324 Interea
680 2266 812 2324 dum
844 2270 898 2325 S.
933 2268 1067 2327 Caio
1096 2268 1351 2341 episcopo
1394 2270 1617 2343 quidam
1664 2287 1719 2327 se
1765 2271 1835 2327 si-

226 2358 443 2415 mulata
470 2358 580 2414 ﬁde
609 2358 891 2424 sociasset,
932 2358 1121 2415 dicens
1163 2375 1219 2415 se
1256 2375 1371 2416 esse
1415 2359 1830 2429 Christianum;

225 2464 399 2521 porro
428 2447 521 2504 hic
548 2455 791 2519 apostata
834 2448 1139 2516 exstiterat,
1189 2454 1244 2504 et
1290 2456 1405 2505 erat
1453 2449 1835 2506 fraudulentus

227 2538 291 2593 in
324 2538 476 2593 omni
527 2555 797 2606 sermone,
842 2544 895 2593 et
941 2539 1178 2595 callidus
1217 2539 1275 2595 in
1320 2539 1473 2595 omni
1516 2543 1829 2599 commisso.

226 2626 378 2695 Quid
400 2628 571 2683 multa
586 2628 613 2683 ?
637 2628 769 2683 dum
799 2645 830 2683 a
861 2629 1183 2683 B.Tiburtio
1199 2629 1322 2685 viro
1343 2630 1832 2687 scholasticissimo

225 2725 284 2773 et
323 2715 500 2772 nobili
520 2724 574 2772 et
601 2725 789 2772 sancto
834 2718 1150 2788 frequenter
1183 2726 1521 2789 argueretur,
1554 2718 1702 2790 quod
1746 2736 1830 2775 ca-

222 2805 396 2878 pillos
424 2821 588 2876 super
616 2806 826 2876 apicem
845 2806 1044 2861 frontis
1064 2806 1300 2861 tonsoris
1320 2814 1434 2861 arte
1454 2815 1827 2880 componeret,

223 2901 285 2951 et
311 2894 458 2967 quod
486 2894 705 2950 assidue
734 2902 1046 2966 pasceretur
1083 2895 1198 2965 (97)
1235 2903 1288 2951 et
1319 2894 1558 2951 ludendo
1597 2896 1828 2968 prande-

224 2992 313 3041 ret
337 3002 351 3051 ;
383 2994 436 3040 et
457 2984 603 3056 quod
622 2983 878 3041 licentius
898 2985 1229 3040 feminarum
1252 3001 1307 3040 se
1326 2986 1638 3057 aspectibus
1654 2986 1827 3056 daret,

224 3082 282 3130 et
329 3073 475 3148 quod
507 3090 538 3129 a
560 3072 789 3145 jejuniis
834 3090 891 3129 se
921 3083 973 3130 et
1002 3074 1346 3131 orationibus
1388 3077 1626 3143 tolleret,
1682 3077 1828 3148 quod

224 3180 425 3220 somno
454 3162 675 3219 deditus
708 3180 821 3219 non
850 3163 1136 3220 interesset
1167 3164 1399 3236 pervigil
1432 3165 1549 3238 (98)
1584 3166 1641 3221 in
1671 3165 1828 3238 hym-

234 3253 325 3310 nis
340 3253 437 3309 Dei
457 3254 785 3311 ducentibus
807 3262 1021 3321 noctes;
1054 3254 1186 3311 dum
1215 3273 1313 3328 pro
1344 3256 1451 3325 his,
1478 3265 1540 3312 ut
1559 3257 1826 3325 diximus,
1866 3284 1909 3344 ο

233 3358 267 3399 a
291 3343 356 3399 B.
390 3342 640 3399 Tiburtio
669 3343 851 3401 acrius
879 3353 1214 3417 argueretur,
1242 3346 1467 3402 simulat
1497 3364 1552 3402 se
1590 3346 1828 3420 aequani-

222 3424 400 3487 miter
444 3441 757 3489 monentem
804 3433 1092 3505 accipere:
1147 3442 1199 3489 et
1244 3436 1354 3508 egit
1402 3442 1515 3491 arte
1559 3447 1831 3509 quatenus

231 3528 479 3578 orantem
523 3521 578 3578 S.
613 3522 925 3579 Tiburtium
981 3523 1507 3595 comprehenderent
1557 3526 1827 3583 inﬁdeles.

226 3610 294 3667 In
325 3626 432 3683 qua
458 3611 944 3683 comprehensione
989 3613 1229 3685 seipsum
1278 3615 1453 3671 teneri
1492 3616 1645 3684 fecit,
1677 3624 1729 3671 et
1760 3616 1828 3672 si-

228 3700 347 3756 mul
377 3699 445 3755 ad
474 3700 825 3756 secretarium
846 3701 1068 3772 perduci
1088 3702 1295 3774 judicis
1322 3704 1617 3761 szevientis.
1637 3708 1709 3762 At
1732 3705 1826 3762 ubi

225 3789 532 3847 introducti
559 3797 707 3857 sunt,
748 3791 1021 3846 Fabianus
1061 3793 1348 3864 praefectus
1386 3794 1533 3851 dixit
1579 3796 1647 3852 ad
1699 3812 1826 3852 eum

224 3877 322 3953 qui
352 3894 409 3934 se
437 3888 551 3935 arte
574 3878 873 3936 tradiderat
902 3898 913 3936 :
949 3880 1083 3948 Quis
1111 3882 1353 3939 diceris?
1376 3884 1449 3939 At
1479 3885 1574 3940 ille
1604 3902 1825 3957 respon-

221 3967 309 4025 dit
343 3984 355 4024 :
390 3968 695 4041 Torquatus
724 3970 863 4039 (99).
896 3970 1168 4026 Fabianus
1201 3971 1348 4028 dixit
1380 3991 1391 4029 :
1423 3972 1568 4040 Quid
1606 3975 1823 4047 proﬁte-

221 4056 349 4115 ris?
379 4058 685 4132 Torquatus
723 4058 870 4115 dixit
903 4078 916 4116 :
963 4060 1310 4118 Christianus
1356 4081 1500 4120 sum.
1548 4065 1822 4123 Fabianus

220 4146 399 4204 dixit:
434 4148 657 4219 Ignoras
676 4148 823 4221 quod
839 4147 1123 4220 jusserunt
1145 4151 1500 4209 invictissimi
1523 4154 1817 4227 principes,

219 4244 283 4293 ut
321 4235 417 4309 qui
464 4235 771 4293 sacriﬁcare
805 4238 912 4294 diis
941 4240 1225 4296 noluerint
1255 4241 1489 4298 diversis
1535 4244 1820 4316 suppliciis

218 4327 613 4383 macerentur?
643 4326 949 4399 Torquatus
979 4327 1161 4385 dixit:
1219 4330 1323 4386 Hic
1366 4332 1624 4403 magister
1666 4350 1820 4389 meus

218 4421 322 4483 est,
350 4422 405 4471 et
433 4414 550 4488 ipse
581 4431 667 4471 me
699 4432 913 4488 semper
951 4415 1176 4473 docuit:
1234 4420 1382 4492 quod
1432 4421 1582 4478 hunc
1626 4422 1818 4479 videro

218 4502 419 4569 facere,
450 4519 669 4561 necesse
697 4512 779 4561 est
807 4513 867 4561 ut
892 4504 1110 4562 faciam.

293 4594 378 4651 78.
411 4594 685 4651 Fabianus
729 4611 1026 4652 conversus
1063 4595 1133 4653 ad
1170 4596 1226 4652 S.
1269 4596 1583 4655 Tiburtium
1618 4599 1763 4657 dixit
1797 4620 1809 4657 :

214 4681 441 4740 Audisti
471 4684 607 4757 quid
635 4685 944 4758 Torquatus
981 4686 1233 4743 asserat?
1281 4687 1415 4759 quid
1466 4689 1535 4745 ad
1580 4689 1684 4746 ista
1734 4708 1813 4747 re-

214 4773 497 4845 spondes?
552 4775 607 4831 S.
656 4774 942 4832 Tiburtius
989 4776 1181 4833 dixit:
1234 4777 1541 4852 Torquatus
1584 4778 1682 4836 diu
1731 4788 1812 4837 est

214 4865 364 4940 quod
412 4883 469 4923 se
517 4865 895 4924 Christianum
925 4884 1040 4923 esse
1078 4868 1376 4936 mentitur;
1427 4869 1607 4928 virtus
1660 4872 1809 4928 enim

212 4956 459 5013 nominis
486 4955 660 5029 ipsius
688 4957 863 5015 sancti
893 4957 1132 5030 graviter
1152 4958 1258 5014 fert
1281 4966 1335 5014 et
1364 4960 1610 5029 moleste,
1643 4977 1806 5017 suum

212 5063 417 5105 nomen
445 5065 558 5105 non
588 5065 619 5104 a
646 5048 760 5106 suis
783 5050 1122 5107 amatoribus
1170 5052 1251 5122 (1)
1295 5052 1570 5126 usurpari.
1602 5054 1809 5111 Revera

208 5138 384 5206 enim,
436 5141 524 5198 vir
569 5142 961 5213 illustrissime,
1006 5143 1111 5203 hoc
1150 5144 1525 5205 Christianum
1573 5146 1807 5205 vocabu-

283 5355 401 5495 (39)
436 5358 466 5412 7
495 5358 604 5413 Jul.

380 5430 399 5495 )
432 5428 532 5484 Ms.
566 5430 604 5486 Β

307 5428 399 5501 97)
432 5428 532 5501 Ms.
566 5429 715 5500 Bip.,
744 5435 976 5501 potaret.

305 5498 397 5573 9s)
431 5500 544 5573 at,
566 5498 867 5573 pervigiles.

280 5503 397 5640 (98;
431 5503 544 5568 AL,
566 5503 867 5573 pervigiles.

213 5570 807 5697 Τυξὲααῗέξξθρὴωδῐη
843 5573 1157 5646 Curtuatus,
1204 5591 1273 5632 ne
1322 5576 1463 5635 forte
1512 5578 1802 5652 legendum

260 5657 532 5699 urcuatus.

308 5712 360 5781 1)
384 5714 499 5781 AL,
527 5716 788 5772 moribus.

308 5712 333 5767 1
384 5714 499 5781 AL,
527 5716 788 5772 moribus.

279 5710 363 5857 E2)
389 5784 505 5855 AL,
536 5787 840 5847 mollienda.

1961 646 2053 711 sti,
2086 644 2181 718 qui
2213 662 2341 701 vere
2365 646 2736 718 philosophati
2777 654 2925 713 sunt,
2964 647 3060 719 qui
3089 663 3217 703 vere
3251 648 3555 705 Christiani

1959 734 2092 791 dicti
2125 743 2273 802 sunt,
2304 735 2397 808 qui
2429 736 2496 791 ad
2542 736 2867 791 obterendas
2898 734 3157 791 libidines
3200 735 3419 792 fortiter
3458 737 3557 793 di-

1960 826 2253 882 micarunt.
2313 826 2591 893 Credisne,
2630 826 2737 881 ‘vir
2793 826 3186 893 illustrissime,
3237 827 3386 885 hunc
3439 844 3554 885 esse

1960 914 2355 982 Christianum,
2393 915 2487 989 qui
2519 918 2575 971 in
2606 915 2882 971 lenocinio
2925 916 3009 971 sui
3038 916 3314 971 moliendo
3357 918 3438 989 (2)
3470 933 3553 972 ca-

1958 1004 2090 1076 pitis
2119 1004 2361 1059 ﬁmbrias
2394 1004 2473 1075 (3)
2514 1021 2578 1060 co
2641 1005 2832 1073 mittit,
2882 1004 2977 1077 qui
3027 1012 3303 1061 tonsorem
3348 1004 3550 1077 diligit,

1957 1094 2052 1166 qui
2084 1095 2331 1165 scapulas
2352 1095 2591 1150 molliter
2620 1096 2798 1165 gestit,
2824 1093 2919 1167 qui
2946 1094 3160 1150 ﬂuxum
3194 1094 3276 1165 (4)
3308 1111 3550 1167 gressum

1959 1183 2209 1255 improbo
2239 1184 2364 1239 nisu
2386 1183 2671 1251 distendit,
2719 1184 2814 1256 qui
2859 1184 3009 1238 viros
3038 1184 3378 1255 negligenter
3415 1183 3550 1257 agit,

1957 1272 2189 1328 feminas
2215 1273 2536 1346 diligentius
2567 1274 2813 1329 intuetur
2842 1273 2870 1329 ?
2907 1273 3197 1345 Nunquam
3230 1275 3365 1329 tales
3394 1274 3551 1332 Chri-

1955 1371 2070 1419 stus
2111 1363 2309 1418 habere
2355 1363 2613 1435 dignatus
2650 1373 2731 1420 est
2780 1380 2984 1421 servos.
3032 1366 3237 1423 Verum
3283 1365 3548 1438 quoniam

1955 1467 2041 1506 me
2062 1451 2153 1508 hic
2181 1469 2236 1508 se
2265 1452 2608 1509 imitaturum
2641 1455 2892 1522 asseruit,
2916 1454 3008 1511 hic
3041 1456 3100 1510 in
3128 1462 3226 1510 tuo
3253 1462 3550 1525 conspectu

1954 1542 2210 1613 probabis
2259 1560 2384 1599 eum
2442 1560 2557 1599 esse
2616 1544 2929 1600 mentitum.
2994 1544 3094 1601 Hic
3149 1544 3298 1600 enim
3365 1543 3547 1617 qualis

1953 1649 2165 1706 semper
2193 1633 2379 1700 fuerit,
2414 1650 2563 1690 nunc
2595 1634 2881 1691 evidenter
2908 1636 3178 1692 ostendet.

2026 1724 2110 1780 79.
2151 1722 2426 1779 Fabianus
2464 1723 2610 1779 dixit
2643 1742 2655 1780 :
2689 1724 3008 1781 Consultius
3055 1723 3240 1791 facies,
3288 1723 3334 1779 si
3383 1722 3551 1780 saluti

1950 1819 2060 1868 tuas
2087 1813 2358 1879 consulas,
2388 1821 2442 1868 et
2472 1813 2784 1885 principum
2816 1812 3034 1868 decreta
3062 1828 3173 1867 non
3202 1820 3544 1867 contemnas.

1866 1925 1912 1985 Β
1950 1901 2005 1959 S.
2029 1901 2313 1958 Tiburtius
2333 1903 2479 1959 dixit
2515 1921 2525 1958 :
2561 1905 2673 1975 Ego
2698 1903 2861 1958 saluti
2884 1919 3016 1958 meae
3038 1902 3237 1957 melius
3263 1917 3376 1956 non
3403 1917 3548 1957 con-

1949 1992 2092 2061 sulo,
2123 2007 2284 2064 quam
2315 1999 2376 2047 ut
2409 1994 2539 2049 deos
2568 1993 2803 2066 deasque
2831 2000 3202 2061 contemnam,
3236 2006 3410 2047 unum
3443 1991 3549 2045 Do-

1948 2084 2164 2140 minum
2193 2084 2374 2140 Jesum
2401 2084 2680 2143 Christum
2711 2087 2886 2141 Deum
2912 2099 3096 2138 meum
3121 2098 3237 2138 esse
3260 2080 3544 2137 conﬁtear.

1949 2176 2257 2250 Torquatus
2311 2177 2457 2232 dixit
2518 2195 2529 2233 :
2588 2177 2710 2232 Non
2789 2175 2966 2230 solum
3034 2174 3148 2244 ipse
3204 2169 3551 2228 Christianus

1947 2266 2187 2323 crudelis
2242 2273 2345 2332 est,
2406 2281 2593 2321 verum
2658 2263 2820 2321 etiam
2882 2263 3072 2319 multis
3126 2259 3437 2334 persuadet,
3497 2266 3551 2315 et

1947 2356 2171 2429 decipit,
2203 2373 2265 2413 ac
2294 2357 2453 2413 docet
2491 2371 2681 2412 omnes
2717 2354 2847 2409 deos
2892 2352 3168 2408 daemones
3214 2364 3328 2404 esse
3360 2367 3374 2415 ;
3433 2348 3549 2421 ipse

1946 2454 2125 2503 autem
2157 2464 2282 2505 cum
2309 2447 2474 2503 sociis
2503 2446 2636 2514 suis,
2674 2462 2799 2501 cum
2818 2444 3019 2517 quibus
3040 2440 3274 2513 magicas
3294 2447 3440 2495 artes
3463 2438 3543 2511 (5)

1946 2544 2183 2604 exercet,
2231 2535 2321 2591 die
2367 2543 2641 2607 noctuque
2699 2531 3167 2589 incantationibus
3225 2536 3542 2600 occupatur.

1944 2625 2000 2681 S.
2034 2625 2318 2680 Tiburtius
2342 2625 2489 2680 dixit
2523 2643 2534 2680 :
2579 2625 2769 2697 Falsus
2810 2621 2964 2676 testis
3014 2636 3127 2674 non
3156 2618 3262 2673 erit
3290 2618 3545 2689 impuni-

1943 2721 2053 2770 tus.
2103 2714 2174 2768 Et
2210 2713 2287 2768 ait
2318 2713 2497 2784 judici
2533 2729 2543 2767 :
2581 2714 2706 2779 Iste,
2747 2726 2907 2782 quem
2949 2707 3124 2774 vides,
3167 2706 3539 2762 illustrissime

1942 2802 2052 2871 vir,
2101 2802 2326 2859 malitiae
2372 2819 2484 2858 suae
2530 2801 2679 2858 curis
2724 2807 3034 2855 exaestuans
3079 2796 3148 2852 ad
3198 2796 3341 2852 nihil
3387 2796 3541 2851 aliud

1943 2890 2273 2949 Christianis
2310 2901 2392 2947 est
2416 2891 2661 2963 junctus,
2710 2888 2817 2945 nisi
2866 2895 2927 2943 ut
2971 2887 3234 2959 cogitaret
3264 2884 3541 2959 quomodo

1942 2998 1998 3038 se
2045 2982 2205 3038 nobis
2244 2983 2400 3054 quasi
2448 2981 2824 3039 Christianum
2861 2979 3218 3045 ostenderet;
3263 2976 3541 3050 quomodo

1943 3072 2070 3129 aliis
2117 3089 2173 3128 se
2219 3072 2604 3129 ﬁdelissimum
2654 3072 3000 3125 mentiretur.
3055 3066 3539 3142 Reprehendebam

1944 3166 2025 3237 (6)
2053 3174 2238 3223 tamen
2265 3164 2324 3220 in
2368 3182 2432 3221 eo
2474 3164 2802 3238 Cyclopeam
2835 3162 3180 3231 edacitatem,
3211 3168 3265 3217 et
3301 3174 3540 3216 mersum

1941 3255 2073 3310 vino
2102 3254 2364 3327 pudorem
2399 3255 2505 3326 (7),
2537 3262 2591 3308 et
2620 3253 2886 3326 sepultam
2926 3250 3107 3307 divini
3139 3249 3381 3305 nominis
3418 3264 3538 3304 san-

1938 3344 2205 3402 ctitatem.
2242 3344 2445 3399 Ebrius
2492 3342 2799 3414 patiebatur
2828 3342 3001 3408 sitim,
3048 3347 3103 3394 et
3146 3338 3382 3393 esuriem
3426 3353 3539 3393 vo-

1940 3449 2095 3489 mens
2128 3451 2139 3489 :
2171 3448 2271 3489 nec
2300 3440 2362 3487 ut
2391 3432 2759 3497 Christianus,
2792 3430 2885 3485 sed
2916 3436 2977 3484 ut
2998 3426 3346 3483 Antonianas
3365 3423 3535 3499 quod-

1939 3522 2063 3578 dam
2109 3523 2203 3579 ille
2249 3524 2485 3578 conviva
2529 3520 2913 3588 manducabat,
2960 3517 3202 3583 bibebat,
3255 3514 3533 3583 vomebat,

1939 3620 1994 3667 et
2039 3627 2189 3668 nunc
2246 3611 2589 3669 Christianos
2654 3610 2854 3682 arguit,
2903 3607 3245 3665 Christianos
3293 3612 3533 3673 accusat,

1938 3701 1996 3756 in
2017 3718 2117 3757 nos
2146 3701 2335 3756 mitem
2353 3700 2595 3773 judicem
2619 3699 2834 3765 incitat,
2853 3697 3095 3769 gladium
3119 3694 3329 3750 nolenti
3354 3692 3535 3765 judici

1938 3791 2187 3863 porrigit,
2221 3798 2275 3845 et
2322 3797 2383 3845 ut
2432 3789 2720 3845 daemoniis
2754 3787 2994 3843 cervices
3035 3793 3249 3841 nostras
3288 3783 3535 3839 incline-

1936 3896 2058 3935 mus
2086 3879 2355 3936 hortatur.
2390 3879 2657 3936 Videmus
2688 3885 2879 3933 votum
2906 3884 3083 3943 tuum,
3112 3874 3367 3929 videmus
3395 3889 3534 3929 cru—

1932 3978 2059 4026 enta
2107 3970 2373 4037 consilia;
2421 3976 2474 4024 et
2510 3969 2769 4024 scelerata
2816 3973 2932 4021 arte
2978 3962 3271 4019 verborum
3321 3976 3533 4017 venena

1929 4060 2014 4116 tui
2047 4061 2283 4132 pectoris
2327 4060 2628 4116 intuemur.
2667 4058 2968 4128 Accingere
2996 4071 3164 4121 nunc,
3196 4050 3527 4109 crudelissi-

1930 4164 2017 4204 me
2068 4150 2147 4222 (8)
2186 4168 2197 4205 :
2243 4159 2395 4205 utere
2440 4146 2717 4205 carniﬁcis
2767 4145 2949 4202 oﬂicio
3001 4163 3012 4200 :
3064 4142 3289 4199 vindica
3332 4139 3435 4195 tibi
3468 4146 3523 4195 et

1930 4236 2103 4308 ipsius
2142 4236 2350 4308 judicis
2393 4254 2585 4293 vocem
2631 4255 2646 4305 ;
2707 4236 2922 4307 applica
2970 4234 3209 4301 aculeos,
3259 4228 3530 4302 suspende

1930 4326 2293 4395 Christianos,
2348 4327 2567 4394 damna,
2641 4333 2881 4398 percute,
2961 4322 3211 4391 incende,
3273 4319 3532 4377 universa

1928 4427 2202 4477 tormenta
2247 4420 2470 4486 adhibe,
2519 4421 2658 4475 bene
2696 4435 2798 4474 nos
2846 4417 3123 4489 accepisti.
3174 4414 3231 4471 Si
3263 4414 3525 4471 exsilium

1928 4510 2175 4577 minaris,
2224 4511 2329 4569 hoc
2365 4508 2886 4583 philosophantibus
2916 4514 3066 4561 totus
3108 4514 3190 4561 est
3235 4502 3478 4560 mundus
3509 4521 3523 4571 ;

1923 4603 1970 4659 si
2000 4603 2355 4676 supplicium,
2389 4603 2675 4658 evadimus
2696 4597 2891 4653 mundi
2919 4610 3192 4654 carcerem
3222 4613 3235 4661 ;
3264 4594 3311 4651 si
3345 4593 3524 4666 ignes,

1924 4693 2131 4765 majora
2171 4693 2369 4747 horum
2411 4691 2470 4746 in
2517 4687 2915 4760 cupiditatibus
2945 4685 3245 4741 vincimus.
3277 4684 3522 4740 Decerne

1918 4781 2190 4857 quidquid
2221 4781 2375 4848 libet,
2410 4780 2592 4835 omnis
2607 4777 2766 4833 nobis
2788 4775 2917 4832 vilis
2946 4782 3028 4831 est
3053 4790 3233 4847 pcena,
3259 4773 3357 4830 ubi
3387 4788 3525 4846 pura

1918 4890 2100 4930 comes
2130 4878 2211 4927 est
2239 4868 2597 4927 conscientia.

1986 4971 2074 5029 80.
2126 4969 2400 5027 Fabianus
2430 4967 2719 5041 praefectus
2748 4965 2895 5031 dixit
2925 4983 2936 5021 :
2967 4964 3219 5023 Restitue
3245 4971 3299 5021 te
3333 4964 3520 5035 generi

1913 5069 2031 5128 tuo,
2063 5070 2117 5117 et
2161 5060 2267 5116 hoc
2313 5066 2429 5115 esto
2462 5056 2609 5132 quod
2656 5065 2711 5114 te
2754 5064 2951 5113 natura
2995 5054 3249 5114 dictavit.
3297 5053 3514 5111 Nobilis

1913 5149 2061 5206 enim
2089 5157 2250 5206 natus
2286 5148 2354 5205 ad
2383 5155 2591 5205 tantam
2641 5146 2935 5203 devolutus
2976 5161 3032 5202 es
3070 5145 3281 5214 faecem,
3308 5153 3371 5201 ut
3421 5159 3514 5199 ve-

1985 5366 2065 5437 (3)
2093 5364 2208 5435 AL,
2237 5363 2402 5435 ﬁbras
2430 5357 2624 5417 omittit
2652 5374 2673 5423 ;
2711 5357 2809 5426 aL,
2840 5357 3007 5430 ﬁbras
3033 5356 3250 5413 amittit.

1984 5434 2066 5507 (4)
2101 5438 2217 5506 AL,
2238 5434 2469 5508 ﬂexum.

2008 5511 2065 5581 5)
2099 5509 2214 5577 AL,
2252 5508 2444 5564 clades.

2007 5577 2063 5649 6)
2098 5583 2215 5649 AL,
2246 5577 2710 5649 reprehendebant.

2010 5587 2040 5637 6
2098 5587 2215 5649 AL,
2246 5587 2710 5649 reprehendebant.

2010 5587 2063 5724 7;
2096 5653 2211 5733 AL,
2239 5652 2543 5733 immensum
2570 5646 2683 5704 vini
2699 5642 2956 5717 pudorem
2975 5663 2998 5713 ,'
3026 5645 3315 5718 Brechtus,
3345 5664 3512 5713 emer.

1908 5740 2025 5779 sum
2052 5731 2173 5779 vino
2199 5731 2462 5795 putorem.

1982 5795 2064 5869 (8)
2091 5795 2182 5853 AL
2192 5791 2217 5865 ξ
2238 5791 2686 5852 christianissime.
