3940 6406
463 405 595 464 1147

1487 408 1586 462 AD
1625 405 1859 463 OPERA
1897 403 1954 461 S.
1995 402 2333 460 AMBROSII
2369 401 2750 461 APPENDIX.

3628 399 3785 460 1148

445 532 516 589 lis
546 534 627 606 (9)
658 542 712 591 et
753 533 1087 607 supplicium
1137 532 1303 589 simul
1351 539 1406 589 et
1449 530 1734 588 infamiam
1773 530 1957 587 subire
1986 539 2040 587 et
2066 530 2113 589 A
2222 527 2312 584 84.
2345 528 2623 584 Tenentur
2651 534 2771 599 post
2806 525 2922 583 hinc
2957 523 3341 582 Marcellianus
3384 533 3444 584 et
3494 527 3773 596 Marcus;

444 630 697 679 mortem.
742 622 797 680 S.
847 621 1134 678 Tiburtius
1181 621 1329 677 dixit
1384 640 1395 677 :
1439 621 1484 679 Ο
1548 620 2031 694 prudentissimum

442 710 711 781 virorum,
759 718 814 766 et
860 711 1122 767 Romanis
1155 709 1397 783 judicem
1438 709 1799 766 constitutum
1848 709 1860 764 l
1908 706 2037 780 quia

442 798 782 857 meretricem
832 800 1126 868 Venerem,
1154 810 1210 856 et
1245 800 1515 855 incestum
1552 799 1763 866 Jovem,
1801 805 1855 853 et
1900 798 2035 853 Mer-

440 887 658 945 curium
706 889 977 957 fallacem,
1022 896 1075 945 et
1120 889 1416 945 Saturnum
1464 887 1707 944 ﬁliorum
1737 888 2035 944 occisorem

440 978 622 1033 colere
662 978 813 1044 nolo,
857 977 1138 1033 infamiam
1178 976 1554 1051 generositatis
1593 976 1704 1049 (10)
1756 976 1978 1032 incurro
2020 993 2031 1031 :

442 1071 497 1120 et
521 1065 652 1137 quia
680 1082 852 1121 unum
879 1074 933 1122 et
962 1082 1152 1121 verum
1185 1068 1380 1135 Deum,
1414 1065 1507 1137 qui
1539 1064 1595 1120 in
1626 1065 1780 1121 caelis
1826 1070 2034 1136 regnat,

443 1152 611 1208 adoro
648 1161 703 1209 et
747 1170 998 1223 veneror,
1043 1154 1335 1227 suppliciis
1379 1171 1467 1211 me
1508 1153 1889 1210 macerandum
1921 1169 2037 1209 esse

444 1241 673 1298 minaris
702 1244 731 1299 7
765 1243 885 1299 Non
914 1244 1213 1300 annuimus
1237 1251 1344 1299 tute
1372 1243 1712 1315 persuasioni
1742 1260 1756 1309 ;
1798 1258 1910 1298 non
1940 1258 2035 1298 ne-

444 1346 634 1399 gamus
679 1331 797 1403 (11)
840 1332 1119 1391 Christum
1156 1332 1358 1388 Filium
1407 1331 1506 1389 Dei
1548 1331 1617 1387 ad
1654 1331 1761 1387 hoc
1796 1331 1863 1387 de
1899 1330 2036 1387 ccelo

442 1408 790 1473 descendisse
816 1419 886 1475 ad
933 1427 1128 1489 terras,
1158 1428 1221 1475 ut
1248 1437 1279 1475 a
1307 1420 1469 1476 terris
1513 1419 1678 1475 homo
1722 1420 1791 1476 ad
1835 1420 2035 1475 coelum

444 1516 627 1578 posset
654 1508 987 1576 ascendere;
1037 1508 1162 1565 ideo
1204 1510 1335 1566 istas
1379 1525 1568 1565 omnes
1611 1525 1776 1564 vanas
1810 1509 2031 1581 efﬁgies,

443 1612 580 1668 quas
625 1596 808 1653 colitis
853 1596 971 1653 sine
1018 1613 1199 1667 causa,
1247 1599 1568 1669 proculcans
1611 1598 1838 1671 pedibus
1874 1600 2032 1668 meis,

444 1687 556 1742 Deo
585 1702 671 1741 me
702 1685 1068 1757 omnipotenti
1099 1686 1330 1758 subjeci.

510 1774 600 1831 81.
632 1775 786 1832 Tunc
823 1776 1094 1832 Fabianus
1134 1775 1301 1847 jussit
1346 1782 1471 1831 ante
1513 1776 1674 1848 pedes
1701 1777 1819 1850 ejus
1847 1776 2033 1834 carbo-

442 1880 539 1920 nes
566 1865 819 1921 ardentes
869 1864 1116 1933 eﬁ'undi;
1149 1873 1203 1921 et
1239 1866 1317 1921 ait
1344 1864 1413 1921 ad
1464 1882 1589 1922 eum

440 1968 615 2009 unum
652 1970 681 2009 e
717 1953 954 2023 duobus,
983 1962 1078 2010 aut
1107 1954 1271 2011 thura
1304 1955 1363 2010 in
1403 1955 1523 2011 istis
1569 1955 1901 2012 carbonibus
1924 1957 2034 2013 ad-

433 2038 563 2110 jice,
595 2048 690 2097 aut
715 2042 948 2114 pedibus
984 2059 1147 2115 super
1185 2061 1279 2100 eos
1319 2043 1483 2100 nudis
1526 2044 1735 2100 incede.
1782 2045 1937 2101 Tunc
1966 2046 2029 2101 Β.

439 2128 722 2186 Tiburtius
768 2131 972 2187 faciens
1019 2132 1234 2204 signum
1282 2133 1481 2200 crucis,
1527 2140 1841 2189 constanter
1886 2133 2035 2189 nuda

438 2235 602 2292 super
642 2237 734 2277 eos
776 2220 1051 2293 ingressus
1100 2230 1180 2278 est
1228 2223 1436 2295 planta,
1480 2229 1536 2278 et
1574 2222 1738 2295 ccepit
1776 2223 2032 2295 praefecto

437 2306 621 2364 dicere
679 2325 692 2363 :
745 2310 968 2382 Depone
1017 2309 1398 2366 inﬁdelitatem
1450 2320 1506 2367 et
1559 2310 1708 2367 disce
1758 2313 1885 2383 quia
1940 2312 2033 2369 hic

438 2396 589 2464 solus
613 2404 695 2453 est
720 2399 886 2465 Deus,
916 2415 1077 2472 quem
1122 2399 1452 2457 conﬁtemur
1480 2399 1745 2456 creaturis
1774 2400 2031 2457 omnibus

438 2487 735 2543 dominari.
766 2488 923 2545 Mitte
970 2497 1051 2558 tu,
1100 2490 1146 2546 si
1193 2496 1368 2561 potes,
1411 2488 1471 2544 in
1507 2488 1731 2545 nomine
1760 2489 1911 2545 Jovis
1940 2490 2029 2547 dei

436 2575 521 2631 tui
568 2591 762 2633 manus
811 2577 868 2633 in
909 2577 1145 2635 calidam
1190 2594 1431 2651 aquam;
1474 2586 1528 2634 et
1558 2577 1604 2633 si
1639 2581 1834 2649 ‘potest
1877 2579 2030 2636 Jovis

436 2671 586 2734 tuus,
618 2664 789 2723 faciat
826 2674 880 2723 te
916 2684 1029 2723 non
1068 2667 1271 2724 sentire
1303 2667 1572 2723 fervorem
1613 2668 1843 2724 ardoris.
1892 2668 2027 2724 Nam

436 2752 577 2809 mihi
607 2754 664 2810 in
696 2755 919 2811 nomine
951 2755 1177 2812 Domini
1217 2756 1324 2811 mei
1371 2756 1499 2811 Iesu
1536 2754 1742 2813 Christi
1784 2755 2026 2823 videtur,

436 2840 583 2915 quod
637 2859 800 2915 super
847 2860 1031 2900 roseos
1087 2843 1248 2900 ﬂores
1302 2843 1541 2916 gradior,
1598 2844 1727 2917 quia
1781 2852 2028 2901 creatura

434 2931 710 2990 Creatoris
738 2932 823 2989 sui
852 2932 1154 2990 famulatur
1178 2932 1430 3005 imperio.

504 3021 593 3078 82.
626 3023 899 3078 Fabianus
939 3022 1084 3079 dixit
1124 3041 1136 3079 :
1186 3024 1322 3092 Quis
1359 3025 1574 3097 ignorat
1618 3025 1886 3100 magicam
1929 3041 2028 3080 vos

434 3110 687 3167 docuisse
731 3110 1011 3169 Christum
1061 3120 1301 3170 vestrum
1333 3114 1362 3170 ?
1399 3115 1454 3171 S.
1503 3115 1787 3171 Tiburtius
1825 3112 1970 3170 dixit
2010 3132 2021 3169 :

432 3202 778 3309 obmutesce,
812 3203 1031 3274 infelix,
1061 3212 1116 3261 et
1139 3206 1252 3261 noli
1283 3206 1508 3264 auribus
1541 3207 1677 3263 meis
1707 3208 1848 3263 hanc
1882 3205 2023 3277 inju-
2054 3245 2103 3309 Ο

432 3291 569 3347 riam
619 3292 816 3360 facere,
851 3301 914 3350 ut
965 3294 1184 3351 audiam
1233 3304 1287 3351 te
1338 3295 1531 3353 rabido
1569 3313 1662 3352 ore
1711 3298 2020 3364 latrantem,

430 3380 757 3437 melliﬂuum
804 3400 1007 3440 nomen
1045 3383 1162 3455 ejus
1207 3393 1454 3442 sanctum
1516 3387 1820 3442 nominare.
1871 3386 2025 3443 Tunc

430 3470 601 3529 iratus
638 3474 913 3532 Fabianus
954 3476 1185 3533 dictavit
1231 3478 1557 3534 sententiam
1606 3479 1836 3534 dicens:
1878 3478 2024 3535 Blas-

428 3561 716 3632 phemator
741 3563 988 3630 deorum,
1012 3572 1066 3620 et
1098 3581 1221 3621 reus
1243 3565 1511 3622 atrocium
1544 3564 1892 3637 injuriarum,
1918 3568 2024 3639 gla-

428 3649 523 3706 dio
569 3649 1058 3708 animadvertatur.
1105 3655 1315 3710 Ductus
1356 3663 1438 3710 est
1491 3662 1672 3711 autem
1733 3655 1823 3711 via
1868 3655 2024 3711 Lavi-

428 3754 565 3794 cana
592 3740 757 3796 tertio
787 3741 1050 3797 milliario
1080 3743 1148 3799 ab
1196 3744 1357 3812 Urbe,
1407 3752 1461 3799 et
1511 3743 1798 3800 effundens
1824 3745 2023 3801 oratio-

429 3842 554 3883 nem
585 3828 653 3884 ad
682 3830 1003 3900 Dominum,
1045 3847 1157 3887 uno
1203 3831 1317 3888 ictu
1351 3831 1518 3903 gladii
1548 3832 1864 3889 verberatus
1891 3833 2026 3890 abs-

2148 624 2202 673 et
2229 615 2392 673 ambo
2419 616 2570 689 ligati
2609 615 2679 671 ad
2716 616 2961 688 stipitem
2992 615 3179 672 clavos
3208 614 3266 670 in
3292 614 3530 687 pedibus
3564 624 3774 674 acutos

2147 714 2474 778 acceperunt
2502 724 2515 773 ;
2549 706 2750 779 quibus
2780 705 2997 762 dicebat
3017 704 3404 761 insanissimus
3434 705 3767 764 Fabianus:

2148 796 2362 852 Tandiu
2389 796 2518 851 ﬁxis
2547 796 2762 853 stabitis
2790 795 3011 868 plantis,
3045 811 3329 868 quousque
3359 794 3468 851 diis
3493 795 3768 852 debitum

2148 885 2483 942 redhibeatis
2530 885 2792 942 ofﬁcium.
2850 886 3003 941 Tunc
3054 883 3215 940 ambo
3270 884 3469 941 fratres
3520 884 3582 941 in
3641 902 3771 942 uno

2149 975 2299 1046 ligno
2334 974 2539 1030 conﬁxi
2584 974 2886 1046 psallebant
2928 973 3218 1030 dicentes:
3261 973 3401 1029 Ecce
3441 990 3607 1046 quam
3643 973 3773 1029 bo-

2149 1080 2282 1119 num
2311 1070 2366 1118 et
2392 1079 2553 1136 quam
2577 1062 2887 1134 jucundum
2930 1063 3179 1119 habitare
3227 1064 3421 1121 fratres
3459 1065 3519 1121 in
3547 1082 3765 1122 unum.

2148 1155 2295 1211 Dicit
2334 1154 2414 1210 eis
2462 1154 2771 1211 Fabianus:
2829 1154 3083 1211 Infelices
3132 1162 3186 1210 et
3228 1155 3438 1224 miseri,
3486 1155 3768 1228 deponite

2148 1246 2442 1302 amentiam
2486 1254 2743 1313 vestram,
2793 1256 2847 1303 et
2895 1246 3123 1301 liberate
3153 1246 3517 1318 vosmetipsos
3545 1264 3580 1302 a
3608 1263 3765 1304 cru—

2147 1332 2384 1389 ciatibus
2412 1333 2834 1389 imminentibus
2864 1350 3027 1405 super
3056 1349 3171 1389 vos.
3214 1332 3317 1391 Cui
3354 1334 3766 1406 respondentes

2148 1420 2310 1478 ambo
2337 1421 2602 1478 dixerunt
2627 1441 2638 1478 :
2665 1424 2959 1496 Nunquam
2984 1432 3096 1479 tam
3126 1421 3264 1478 bene
3283 1423 3489 1493 epulati
3516 1440 3757 1480 sumus:

2148 1512 2312 1567 modo
2336 1512 2603 1584 ccepimus
2643 1528 2758 1568 esse
2786 1511 2887 1568 ﬁxi
2921 1512 2979 1567 in
3014 1529 3200 1568 amore
3244 1512 3472 1569 Christi.
3518 1512 3759 1570 Utinam

2146 1619 2247 1658 nos
2274 1602 2356 1659 sic
2384 1618 2499 1658 esse
2529 1603 2672 1659 sicut
2700 1619 2891 1659 sumus
2932 1602 3122 1658 tandiu
3152 1603 3461 1675 permittas,
3494 1604 3759 1676 quandju

2145 1692 2310 1764 hujus
2338 1692 2578 1764 tegimur
2606 1692 2850 1765 corporis
2876 1692 3202 1748 indumento
3226 1692 3237 1748 l
3274 1692 3521 1767 Cumque
3550 1701 3762 1749 trans-

2144 1783 2273 1838 isset
2330 1798 2440 1838 una
2478 1783 2597 1839 dies
2640 1790 2693 1839 et
2739 1799 2849 1839 una
2896 1798 3028 1851 nox,
3077 1789 3131 1837 et
3178 1782 3263 1838 illi
3309 1782 3367 1838 in
3415 1782 3645 1855 psalmis
3697 1792 3761 1840 et

1650 1886 1662 1923 :
1717 1867 1873 1939 Elige
1927 1867 2030 1923 tibi
2061 1891 2107 1951 B
2144 1872 2368 1945 hymnis
2397 1880 2825 1945 perseverarent,
2852 1871 3019 1944 jussit
3048 1888 3141 1928 eos
3167 1871 3356 1928 ambos
3385 1873 3483 1929 ubi
3523 1874 3758 1931 stabant

2143 1962 2348 2018 lanceis
2382 1978 2477 2034 per
2525 1962 2693 2017 latera
2742 1960 3065 2018 verberari:
3112 1970 3167 2017 et
3213 1961 3291 2017 ita
3342 1978 3438 2034 per
3482 1962 3753 2035 martyrii

2142 2051 2370 2121 gloriam
2409 2050 2478 2106 ad
2516 2050 2727 2106 siderea
2771 2066 2937 2122 regna
2984 2051 3358 2122 migraverunt
3408 2049 3548 2123 (14).
3600 2052 3753 2108 Item

2141 2140 2339 2211 sepulti
2369 2148 2497 2197 sunt
2526 2148 2580 2196 et
2610 2141 2714 2213 ipsi
2747 2140 2805 2197 in
2832 2140 2924 2197 via
2951 2142 3150 2213 Appia,
3198 2141 3463 2197 milliario
3493 2141 3752 2198 secundo

2140 2229 2208 2285 ab
2235 2229 2399 2295 Urbe,
2422 2230 2479 2285 in
2507 2231 2627 2286 loco
2650 2229 2746 2302 qui
2770 2238 2997 2285 vocatur
3020 2230 3103 2285 Ad
3128 2229 3358 2299 Arenas,
3381 2230 3510 2303 quia
3529 2237 3757 2302 crypta:

2139 2334 2425 2375 arenarum
2452 2319 2570 2375 illic
2595 2325 2771 2385 erant,
2802 2336 2871 2375 ex
2898 2318 3098 2392 quibus
3138 2318 3300 2376 Urbis
3332 2321 3537 2377 moenia
3565 2328 3749 2378 strue-

2137 2414 2338 2470 bantur
2369 2414 2509 2486 (15).

2702 2526 2931 2585 CAPUT
2955 2527 3159 2584 XXIII.

2420 2627 2476 2683 S.
2508 2624 2803 2682 Sebastiani
2833 2627 3124 2697 gloriosum
3161 2633 3443 2685 certamen.

2204 2740 2295 2799 85.
2325 2740 2423 2797 His
2452 2739 2529 2796 ita‘
2553 2740 2738 2813 gestis,
2766 2740 2831 2795 B.
2862 2739 3213 2797 Sebastianus
3240 2740 3309 2797 ab
3331 2740 3750 2801 insidiantibus

2135 2838 2441 2888 conventus
2475 2836 2556 2886 est
2589 2847 2601 2885 :
2652 2838 2706 2885 et
2734 2828 2883 2902 quia,
2914 2838 2976 2885 ut
3002 2828 3268 2897 diximus,
3301 2828 3597 2885 videbatur
3633 2832 3751 2888 sub

2136 2918 2427 2992 chlamyde
2460 2919 2646 2987 latere,
2680 2934 2805 2974 cum
2838 2918 2997 2973 miles
3021 2927 3160 2974 esset
3190 2917 3548 2989 dignissimus
3578 2919 3749 2976 Chri-

2137 3010 2227 3077 sti,
2278 3006 2544 3080 suggessit
2577 3008 2646 3063 de
2672 3024 2736 3064 eo
2766 3007 3055 3079 praefectus
3095 3006 3438 3063 Diocletiano
3484 3007 3749 3080 impera-

2135 3104 2262 3161 tori.
2295 3105 2470 3173 Quem
2500 3104 2877 3162 Diocletianus
2917 3104 2986 3161 ad
3028 3120 3084 3159 se
3113 3119 3444 3172 convocans,
3468 3103 3583 3160 ait:
3618 3106 3747 3178 Ego

2133 3200 2188 3249 te
2218 3194 2363 3250 inter
2391 3196 2598 3267 primos
2626 3194 2816 3266 palatii
2835 3193 2941 3249 mei
2964 3210 3178 3265 semper
3208 3192 3399 3261 habui,
3432 3201 3485 3248 et
3516 3200 3577 3249 tu
3608 3210 3747 3250 con-

2138 3290 2221 3337 tra
2256 3282 2486 3339 salutem
2535 3298 2711 3338 meam
2761 3281 2819 3337 in
2867 3281 3129 3353 injuriam
3186 3280 3411 3337 deorum
3470 3281 3748 3339 hactenus

2134 3372 2361 3429 latuisti.
2396 3374 2449 3429 S.
2484 3374 2833 3431 Sebastianus
2863 3374 3036 3430 dixit:
3068 3374 3172 3429 Pro
3201 3374 3376 3429 salute
3405 3380 3501 3429 tua
3519 3389 3746 3446 semper

2134 3461 2415 3519 Christum
2444 3464 2611 3533 colui,
2659 3472 2713 3519 et
2749 3479 2849 3535 pro
2886 3470 3035 3519 statu
3066 3462 3297 3519 Romani
3348 3461 3497 3517 orbis
3539 3461 3739 3533 illum,

2134 3553 2229 3625 qui
2259 3552 2315 3608 in
2346 3553 2497 3609 cmlis
2521 3562 2622 3622 est,
2655 3569 2870 3625 semper
2906 3552 3151 3620 adoravi,
3197 3551 3552 3608 considerans
3582 3568 3615 3608 a
3645 3553 3750 3609 la-

2134 3640 2356 3713 pidibus
2383 3643 2654 3703 auxilium
2686 3649 2867 3714 petere
2897 3640 3074 3697 insani
3103 3639 3297 3712 capitis
3327 3656 3443 3695 esse
3480 3647 3535 3695 et
3571 3640 3736 3699 vani.

2134 3730 2289 3787 Tunc
2319 3730 2491 3787 iratus
2520 3731 2895 3787 Diocletianus
2916 3729 3081 3801 jussit
3110 3744 3235 3784 eum
3257 3728 3384 3784 duci
3407 3727 3465 3783 in
3488 3727 3743 3786 medium

2134 3836 2411 3892 campum,
2458 3828 2511 3875 et
2564 3820 2722 3892 ligari
2772 3820 2926 3892 quasi
2974 3819 3191 3889 signum
3242 3817 3311 3872 ad
3354 3816 3631 3887 sagittam,
3686 3826 3747 3875 et

427 3917 593 3972 cessit
638 3919 777 3992 (I2).
829 3920 902 3976 Et
949 3922 1007 3977 in
1056 3921 1245 3978 eodem
1292 3922 1412 3978 loco
1455 3938 1486 3978 a
1514 3931 1739 3995 parente
1787 3924 2022 3996 quodam

2147 3907 2294 3971 iussit
2323 3916 2386 3964 ut
2411 3908 2681 3980 sagittarii
2718 3924 2843 3963 eum
2875 3906 3103 3978 ﬁgerent
3136 3906 3275 3978 (16).
3335 3905 3490 3961 Tunc
3521 3920 3744 3976 posue-

429 4002 742 4063 Cbristiano
770 4008 1016 4079 sepultus
1045 4016 1127 4064 est
1159 4028 1170 4065 :
1205 4010 1264 4065 in
1316 4026 1427 4082 quo
1473 4010 1593 4067 loco
1623 4013 1796 4067 multa
1824 4011 2023 4067 beneﬁ-

427 4090 515 4147 cia
557 4108 771 4165 semper
815 4097 1073 4166 praestitit
1120 4097 1373 4154 Christus
1414 4100 1485 4155 ad
1528 4099 1745 4155 laudem
1783 4099 2026 4155 nominis

429 4181 517 4239 sui
544 4197 716 4254 usque
744 4183 804 4239 in
834 4192 1157 4257 prasentem
1189 4186 1357 4243 diem.

1007 4319 1234 4377 CAPUT
1264 4320 1443 4375 XXII.

633 4418 729 4475 SS.
765 4417 992 4487 Castuli,
1025 4418 1383 4487 Marcelliani,
1414 4417 1607 4487 Marci,
1636 4418 1815 4475 credes.

497 4532 587 4589 83.
629 4532 758 4590 Post
797 4533 916 4590 haec
958 4540 1140 4590 autem
1180 4534 1487 4607 Torquatus
1517 4533 1627 4605 egit
1671 4540 1734 4589 ut
1770 4532 2023 4591 Castulus

2134 4006 2265 4052 runt
2290 4013 2413 4053 eum
2447 3998 2651 4052 milites
2682 3997 2737 4051 in
2760 3995 2941 4051 medio
2964 4011 3179 4067 campo,
3207 4003 3262 4051 et
3286 3994 3418 4050 hinc
3449 3994 3579 4050 inde
3599 4010 3739 4052 eum

2133 4086 2211 4140 ita
2240 4086 2455 4157 sagittis
2483 4086 2861 4157 repleverunt,
2894 4091 2956 4139 ut
2984 4084 3139 4156 quasi
3185 4082 3425 4141 hericius
3471 4083 3550 4139 ita
3596 4093 3747 4142 esset

2133 4174 2380 4231 hirsutus
2411 4174 2528 4245 (17)
2562 4172 2764 4229 ictibus
2795 4173 3135 4244 sagittarum.

2201 4265 2291 4321 86.
2324 4264 2685 4321 IEstimantes
2713 4272 2895 4319 autem
2927 4264 3085 4320 illum
3115 4280 3230 4319 esse
3257 4271 3538 4319 mortuum
3566 4262 3741 4320 abie-

2134 4362 2282 4410 runt.
2314 4354 2467 4411 Tunc
2496 4354 2687 4411 relicta
2716 4354 2976 4427 martyris
3014 4353 3224 4411 Castuli
3254 4352 3466 4420 zetarii,
3505 4353 3744 4411 nomine

2131 4445 2283 4501 Irene
2316 4444 2457 4517 (18),
2486 4443 2622 4501 abiit
2668 4451 2849 4509 nocte,
2897 4450 2960 4499 ut
3003 4459 3201 4514 corpus
3246 4442 3366 4515 ejus
3413 4443 3637 4499 tolleret
3684 4452 3744 4501 et

2131 4534 2401 4606 sepeliret.
2438 4535 2510 4589 Et
2554 4533 2844 4590 inveniens
2892 4549 3016 4587 eum
3065 4532 3348 4587 viventem
3391 4531 3627 4587 adduxit
3666 4533 3743 4590 ad

426 4622 660 4678 zetarius
689 4622 901 4695 palatii,
931 4623 1131 4695 hospes
1161 4622 1512 4692 Sanctorum,
1541 4622 2023 4695 comprehendere-
2053 4613 2103 4672 D
2134 4621 2361 4678 domum
2391 4638 2545 4677 suam
2577 4621 2636 4677 in
2665 4622 2812 4678 scala
2838 4620 3054 4677 excelsa
3086 4620 3202 4691 (19)
3244 4618 3339 4674 ubi
3381 4618 3638 4675 manebat
3665 4620 3740 4678 ad

425 4717 517 4766 tur
551 4730 561 4767 :
602 4710 697 4784 qui
729 4728 853 4768 cum
886 4711 1079 4768 fuiSset
1107 4720 1370 4781 arctatus,
1417 4720 1471 4768 et
1514 4711 1607 4768 hic
1635 4712 1798 4769 tertio
1827 4728 2022 4784 appen-

426 4817 539 4869 sus,
572 4800 739 4857 tertio
766 4799 1008 4867 auditus,
1057 4801 1114 4855 in
1144 4800 1487 4857 confessione
1519 4801 1739 4857 Domini
1769 4818 2021 4874 perseve-

425 4905 574 4958 rans,
619 4889 820 4946 missus
866 4898 947 4946 est
994 4890 1053 4945 in
1093 4890 1331 4959 foveam,
1374 4899 1428 4947 et
1469 4892 1695 4953 dimissa
1740 4900 1821 4948 est
1862 4909 2024 4965 super

426 4995 550 5035 eum
587 4996 764 5036 massa
809 4980 1075 5049 arenaria,
1116 4989 1170 5037 et
1214 4981 1331 5054 ipse
1373 4999 1497 5040 cum
1542 4984 1724 5055 palma
1769 4984 2022 5057 martyrii

426 5067 687 5140 migravit
721 5068 837 5142 (13)
871 5068 940 5127 ad
967 5071 1288 5128 Dominum.

527 5310 615 5380 10)
648 5307 1265 5380 Al.,_ingenerositatem.

527 5381 616 5451 11)
648 5381 766 5451 AL,
796 5397 905 5436 non
930 5381 1235 5450 abnuimus,
1284 5397 1390 5437 non
1426 5382 1727 5451 renitimur,
1774 5398 1881 5437 non
1919 5398 2021 5439 ne-

425 5466 625 5518 gamus.

501 5521 617 5591 (12)
653 5521 868 5596 Colitur
897 5522 1273 5596 S.‘Tiburtius
1306 5523 1368 5578 11
1402 5527 1569 5596 Aug,
1610 5541 1718 5596 quo
1762 5526 1851 5582 die
1879 5533 1933 5581 et
1962 5525 2017 5582 S.

428 5587 1004 5670 Chrohmatiiparentis
1041 5592 1161 5665 ejus
1185 5594 1453 5651 memoria
1479 5587 1679 5670 agitur.

500 5660 621 5801 (13)
651 5662 720 5717 26
747 5660 951 5719 Martii.

503 5729 597 5800 (Ui
656 5731 723 5787 is
750 5730 919 5791 Junii.

503 5729 621 5800 (Ui)
656 5731 723 5787 is
750 5730 919 5791 Junii.

524 5238 582 5305 9)
614 5238 728 5308 AL,
761 5238 955 5309 possis.

498 5239 955 5451 iniistis

2130 4712 2420 4785 palatium,
2449 4718 2505 4766 et
2535 4710 2612 4766 ibi
2642 4710 2787 4767 intra
2816 4725 3017 4782 paucos
3046 4707 3163 4763 dies
3192 4707 3423 4764 salutem
3448 4707 3740 4780 integerri-

2133 4817 2276 4855 mam
2306 4798 2652 4871 recuperavit
2678 4798 2736 4853 in
2766 4797 3025 4853 omnibus
3061 4795 3345 4852 membris.

2200 4889 2290 4945 87.
2326 4886 2571 4958 Cumque
2602 4902 2792 4942 omnes
2820 4884 3120 4942 Christiani
3165 4883 3233 4941 ad
3277 4899 3404 4939 eum
3453 4884 3743 4940 conveni—

2131 4985 2274 5047 rent,
2304 4976 2667 5033 hortabantur
2702 4990 2825 5030 eum
2864 4973 3174 5031 abscedere.
3218 4974 3316 5029 Ille
3363 4980 3549 5029 autem
3600 4990 3741 5030 ora-

2129 5067 2281 5124 tione
2320 5067 2467 5124 facta
2504 5064 2809 5132 descendit,
2841 5072 2895 5120 et
2922 5070 3071 5120 stans
3103 5078 3268 5135 super
3299 5061 3503 5135 gradus
3531 5062 3740 5121 Helio—

2233 5238 2322 5305 15)
2358 5238 2472 5305 AL,
2501 5235 2919 5291 instruebantur.

2233 5239 2298 5295 15
2358 5238 2472 5305 AL,
2501 5238 2919 5291 instruebantur.

2203 5238 2322 5383 116)
2352 5310 2467 5376 AL,
2498 5315 2791 5383 sumerent;
2836 5307 2931 5374 aL,
2967 5312 3217 5372 suerent;
3264 5304 3360 5373 aL,
3403 5313 3691 5361 rxsuerent
3722 5314 3759 5375 ;‘

2129 5378 2228 5448 aL,
2258 5378 2315 5435 in
2344 5398 2462 5435 eum
2483 5378 2741 5448 jacerent.

2232 5454 2319 5521 17)
2348 5453 2460 5517 AL,
2492 5450 2732 5509 insutus:
2768 5450 2863 5517 aL,
2893 5448 3106 5504 insitus.
3218 5520 3223 5521 γ
3291 5519 3302 5521 _
3505 5473 3518 5488 ο

2231 5519 2320 5590 18)
2372 5522 2604 5579 Plurimi
2644 5522 2880 5587 codices,
2928 5521 3158 5587 Hirene,
3210 5519 3443 5589 Raban.,
3485 5522 3739 5589 Herene;

2129 5593 2225 5663 aL,
2258 5596 2503 5659 Herena;
2536 5593 2630 5661 aL,
2662 5595 2888 5649 xErena.

2202 5667 2314 5737 (19)
2348 5666 2460 5734 AL,
2488 5664 2719 5721 insulam
2749 5664 3022 5720 excelsam.
