3940 6362
195 366 223 422 1
236 365 343 423 149

193 488 378 560 gabali
452 485 595 560 (20),

194 577 415 650 Iniquis
444 576 894 648 subreptionibus
929 578 1144 633 animos
1187 578 1405 650 imperii
1447 580 1616 635 vestri
1647 587 1796 635 tem-

194 668 417 740 plorum
467 664 752 738 pontiﬁces
793 666 1066 735 obsident,
1118 677 1466 739 suggerentes
1511 669 1579 724 de
1625 670 1797 727 Chri—

194 756 396 814 stianis
438 756 574 813 falsa
607 764 936 825 commenta,
983 757 1227 812 dicentes
1267 774 1357 814 eos
1397 758 1632 830 reipubl.
1681 776 1796 816 esse

194 845 580 913 adversarios;
631 861 868 918 quorum
925 846 1269 903 orationibus
1319 847 1437 919 ipsa
1489 848 1798 920 respublica

200 931 531 993 melioratur
573 942 627 989 et
661 934 896 1002 crescit;
951 935 1047 1007 qui
1096 953 1195 1008 pro
1239 936 1472 1007 imperio
1516 946 1699 993 vestro
1743 946 1797 995 et

195 1042 302 1098 pro
349 1026 523 1082 salute
566 1024 801 1081 Romani
851 1023 1127 1080 exercitus
1174 1042 1329 1080 orare
1388 1041 1499 1081 non
1546 1034 1785 1085 cessant.

196 1114 343 1172 Cum
380 1114 498 1170 haec
542 1122 598 1169 et
636 1113 769 1169 talia
799 1113 1029 1181 diceret,
1074 1113 1452 1170 Diocletianus
1477 1114 1589 1170 ait:
1642 1116 1797 1171 Tune

196 1221 260 1262 es
288 1203 659 1271 Sebastianus,
702 1219 863 1275 quem
909 1219 1007 1258 nos
1044 1202 1254 1258 dudum
1301 1204 1513 1275 sagittis
1547 1203 1799 1277 jussera—

200 1311 331 1349 mus
375 1291 663 1348 interﬁci?
710 1292 765 1347 S.
799 1292 1150 1348 Sebastianus
1192 1293 1373 1349 dixit:
1424 1294 1511 1349 Ad
1560 1293 1664 1350 hoc
1711 1311 1798 1351 me

196 1382 479 1438 Dominus
508 1397 663 1437 meus
690 1382 847 1437 Jesus
881 1380 1135 1439 Christus
1176 1381 1499 1438 resuscitare
1541 1383 1799 1456 dignatus

197 1479 306 1540 est,
342 1479 404 1527 ut
432 1470 758 1527 conveniam
790 1480 843 1527 et
871 1478 1145 1527 contester
1172 1488 1272 1527 vos
1297 1488 1478 1528 coram
1511 1473 1663 1528 omni
1690 1491 1800 1546 po-

197 1559 358 1632 pulo,
417 1558 625 1631 injusto
674 1558 889 1631 judicio
945 1559 1384 1631 persecutionem
1445 1568 1683 1617 vestram
1738 1561 1799 1618 in

199 1646 416 1707 Christi
445 1648 681 1704 famulos
709 1647 987 1704 ebullisse.

275 1738 367 1795 88.
408 1738 563 1793 Tunc
585 1736 753 1809 jussit
783 1754 908 1793 eum
938 1737 998 1792 in
1024 1736 1391 1809 hippodromo
1439 1738 1555 1810 (21)
1606 1738 1800 1810 palatii

198 1825 359 1896 duci,
404 1834 459 1882 et
500 1835 608 1883 tam
639 1826 736 1883 diu
765 1826 1016 1897 fustigari
1066 1826 1208 1897 (22),
1267 1826 1512 1898 quandiu
1542 1827 1798 1899 spiritum

197 1915 511 1972 exhalaret.
562 1916 715 1971 Tunc
745 1915 991 1970 tulerunt
1030 1931 1228 1986 corpus
1264 1914 1382 1986 ejus
1412 1925 1591 1983 nocte,
1640 1924 1694 1972 et
1742 1916 1800 1972 in

197 2005 444 2062 cloacam
504 2003 799 2061 Maximam
860 2002 976 2074 (23)
1037 2002 1305 2059 miserunt
1367 2004 1646 2060 dicentes:
1722 2006 1801 2062 Ne

198 2093 349 2152 forte
388 2093 691 2153 Christiani
719 2110 845 2149 eum
882 2092 990 2149 sibi
1024 2102 1328 2166 martyrem
1358 2093 1585 2152 faciant.
1645 2096 1801 2154 Tunc

441 2291 869 2374 Ubi__hi_fuerint
898 2292 1097 2374 gradus
1122 2291 1474 2374 Heliogabali,
1511 2292 1802 2374 sive‘Ela-

200 2362 421 2437 gabali;
462 2364 656 2437 colligi
682 2362 1099 2437 exLampridio
1128 2370 1327 2437 potest,
1354 2362 1475 2437 _qui
1518 2364 1577 2437 in
1615 2364 1801 2437 Anto-

200 2434 346 2491 nino
379 2434 729 2508 Heliogaban
763 2435 837 2490 ita
866 2434 1094 2508 scribit:
1126 2435 1528 2508 Heliogabalum
1555 2434 1611 2488 in
1642 2436 1804 2508 Pala-

205 2508 325 2561 tino
378 2505 570 2574 monte,
625 2506 795 2575 juxta
848 2506 982 2560 mdes
1035 2505 1413 2576 imperatorias
1459 2507 1799 2573 consecravit,

205 2579 360 2658 eique
386 2580 634 2658 templum
663 2577 901 2658 [δείλην
951 2577 1009 2658 id
1048 2594 1204 2658 agens
1231 2594 1295 2658 ne
1323 2578 1440 2657 quis
1469 2578 1648 2657 Roma:
1678 2579 1803 2658 deus

203 2649 321 2704 nisi
375 2648 751 2719 Heliogabalus
798 2650 1075 2719 coleretur.
1145 2648 1319 2719 Hujus
1376 2648 1640 2704 nimirum
1713 2648 1802 2704 dei

203 2720 463 2777 sacerdos
491 2718 668 2775 fuerat
692 2719 1008 2775 Antoninus
1039 2718 1157 2772 ille.

284 2792 403 2862 (21)
444 2790 634 2862 Aliqui
655 2790 890 2856 codices,
913 2789 1204 2862 epidromio
1226 2807 1239 2856 ;
1272 2787 1516 2862 quidam,
1540 2790 1802 2862 hypodro-

204 2860 321 2917 mio
347 2880 359 2922 ;
384 2860 506 2926 alii,
537 2860 704 2925 recte,
734 2860 1119 2932 hippodromio.

284 2933 405 3001 (22)
446 2933 703 2988 Rabanus
731 2931 798 2987 et
814 2932 931 2998 alii,
964 2931 1228 3001 fatigari;
1273 2931 1368 2997 al.,
1399 2931 1629 3000 fustibus
1649 2932 1799 2988 caedi.

289 3004 408 3074 (23)
450 3006 528 3059 De
559 3003 760 3060 cloacis
790 3002 951 3059 Urbis
992 3005 1149 3074 plane
1192 3002 1531 3058 admirandis
1578 3005 1803 3060 consule

205 3075 516 3133 Baronium
562 3075 619 3130 in
661 3075 844 3130 Notat.
895 3074 962 3129 ad
1007 3076 1294 3144 Martyrol.
1342 3075 1410 3131 26
1448 3075 1626 3145 Aug;
1676 3076 1803 3130 An—

206 3147 731 3219 dreamrFrulvium,
771 3146 1094 3216 Antiquitat.
1133 3148 1359 3219 Roman.
1402 3146 1497 3201 lib.
1551 3163 1633 3215 1n,
1681 3162 1800 3219 cap.

207 3218 282 3275 30
308 3236 321 3283 ;
351 3218 615 3282 Plinium,
646 3216 743 3271 lib.
772 3233 972 3281 xxxvr,
1004 3233 1121 3288 cap.
1158 3218 1243 3273 15.

289 3288 408 3358 (24)
448 3288 717 3343 Brechtus
755 3296 808 3343 et
836 3288 1081 3359 plerique
1111 3288 1348 3356 codices,
1393 3290 1451 3343 in
1476 3304 1630 3345 unco.
1680 3290 1804 3345 Un-

208 3376 342 3417 cum
372 3360 522 3415 hunc
552 3375 667 3415 esse
695 3360 818 3414 vult
846 3360 1136 3432 Baronius,
1165 3362 1635 3432 quoaccloacam
1667 3377 1802 3432 per-

208 3438 455 3503 tractum
486 3440 601 3486 erat
633 3430 892 3503 martyris
920 3447 1137 3503 corpus,
1182 3430 1244 3503 ut
1272 3431 1392 3487 ﬁeri
1418 3430 1642 3503 solitum
1668 3430 1805 3503 plu-

210 3502 371 3557 ribus
412 3509 661 3557 veterum
710 3501 1042 3573 testimoniis
1089 3501 1321 3571 probat.,
1351 3501 1699 3573 Lampridius
1745 3503 1803 3558 in

208 3573 557 3631 Commodo:
616 3571 874 3640 Carnifex
904 3589 1035 3625 unco
1068 3573 1333 3640 trahatur,
1375 3571 1620 3640 carnifex
1644 3591 1806 3628 sena—

210 3651 301 3699 tus
329 3661 473 3698 more
504 3643 772 3712 majorum
800 3660 931 3697 unco
953 3644 1219 3698 trahatur.
1246 3646 1318 3700 Et
1342 3644 1401 3699 in
1431 3644 1799 3714 Heliogabalo:

206 3717 323 3772 Per
348 3717 551 3787 plateas
583 3721 779 3787 tractus
807 3715 1291 3787 estsm'didissime,
1331 3733 1428 3786 per
1465 3717 1669 3771 cloacas
1694 3717 1806 3771 du-

207 3785 362 3855 ctus,
392 3792 439 3840 et
478 3786 535 3838 in
573 3785 800 3858 Tiberim
823 3785 1110 3858 submissus
1139 3793 1230 3841 est.
1280 3785 1352 3841 At
1379 3803 1503 3858 cum
1537 3787 1807 3858 impactus

207 3864 357 3914 esset
387 3857 601 3936 corpori
633 3872 830 3936 uncus,
863 3856 956 3928 qui
986 3873 1054 3936 ex
1093 3873 1236 3936 unco
1266 3857 1580 3936 pendebat?
1609 3856 1806 3936 annn-

208 3945 312 3986 cus
337 3927 630 3998 multiplex
660 3927 720 3983 in
750 3927 893 3996 uno,
930 3928 1105 3984 veluti
1143 3945 1253 4002 quo
1269 3927 1311 3984 ‘e
1340 3929 1521 4001 puteis
1564 3930 1805 4001 profun-

1107 362 1203 419 DE
1240 362 1587 422 VITIORUM
1627 364 2140 435 VIRTUTUMQUE
2188 368 2596 427 CONFLICTU.

3371 368 3510 429 1150

677 486 1030 544 venientibus
1108 487 1533 561 imperatoribus
1602 490 1748 546 dixit
1776 510 1788 547 :
1824 496 1873 555 Α
1902 491 1964 547 Β.
1999 491 2362 549 Sebastianus
2381 494 2634 566 apparuit
2655 510 2711 549 1n
2733 495 2942 551 somnis
2962 495 3018 551 S.
3040 495 3262 552 Lucina
3287 495 3505 553 cuidam

1906 593 2170 642 matronas
2191 588 2637 659 religiosissime,
2662 588 2851 645 dicens
2884 606 2895 643 :
2928 591 2989 645 In
3020 590 3204 645 cloaca
3233 588 3349 656 illa,
3381 605 3504 661 qua;

1905 683 1987 732 est
2021 675 2183 747 juxta
2228 677 2458 745 circum,
2503 677 2751 733 invenies
2796 695 2994 749 corpus
3033 695 3210 734 meum
3265 677 3508 750 pendens

1904 765 1963 820 in
1994 764 2231 837 gompho
2263 766 2404 837 (24).
2436 767 2550 822 Hoc
2591 775 2652 822 tu
2680 766 2813 822 dum
2846 765 3120 823 levaveris
3148 767 3410 840 perduces
3436 766 3507 823 ad

1905 854 2251 910 catacumhas
2289 855 2406 925 (25)
2457 863 2510 911 et
2556 855 2786 928 sepelies
2823 855 2880 910 in
2920 855 3084 912 initio
3114 865 3319 929 cryptae
3343 854 3508 927 juxta

1905 942 2135 1014 vestigia
2168 943 2579 1014 Apostolorum.

1975 1032 2065 1089 89.
2110 1034 2263 1089 Tunc
2303 1035 2363 1090 Β.
2398 1035 2606 1091 Lucina
2653 1036 2770 1107 ipsa
2816 1052 2910 1108 per
2950 1052 3007 1091 se
3034 1052 3162 1091 cum
3192 1034 3367 1091 servis
3394 1033 3509 1091 suis

1906 1121 2089 1177 medio
2138 1122 2316 1178 noctis
2368 1123 2526 1190 abiit,
2573 1133 2626 1181 et
2672 1125 2858 1180 levans
2903 1140 3029 1180 eum
3080 1124 3265 1195 posuit
3311 1124 3369 1179 in
3419 1139 3508 1195 pa-

1906 1228 2050 1267 vone
2098 1212 2215 1284 (26)
2273 1231 2393 1281 suo,
2453 1222 2506 1270 et
2566 1215 2829 1287 perduxit
2891 1215 2959 1271 ad
3009 1216 3189 1272 locum
3241 1214 3338 1270 ubi
3395 1214 3510 1287 ipse

1906 1300 2291 1372 imperaverat,
2324 1309 2378 1358 et
2408 1319 2535 1359 cum
2565 1304 2721 1359 omni
2753 1304 3046 1376 diligentia
3084 1302 3356 1376 sepelivit.
3387 1304 3510 1374 Ipsa

1910 1397 2092 1445 autem
2144 1400 2331 1447 sancta
2372 1392 2582 1449 Lucina
2624 1409 2733 1465 pax
2781 1409 2900 1449 xxx
2940 1394 3058 1450 dies
3094 1408 3126 1448 a
3170 1392 3290 1448 loco
3320 1397 3509 1447 sancto

1908 1480 2027 1552 ipso
2056 1497 2170 1535 non
2199 1480 2470 1538 discessit.

1977 1569 2067 1626 90.
2123 1570 2252 1625 Post
2302 1570 2615 1642 aliquantos
2659 1578 2842 1627 autem
2890 1588 3064 1628 annos
3113 1588 3212 1644 per
3248 1569 3509 1627 Ecclesiae

1909 1668 1990 1715 est
2036 1659 2251 1715 reddita
2281 1677 2293 1714 :
2324 1675 2445 1732 qua
2487 1652 2675 1715 statim
2722 1667 2786 1715 ut
2826 1661 3069 1717 Ecclesia
3096 1660 3324 1732 gloriam
3356 1658 3510 1732 pacis

1907 1749 2138 1820 accepit,
2190 1748 2417 1804 domum
2473 1765 2627 1804 suam
2684 1748 2815 1804 fecit
2869 1749 3153 1805 ecclesiam
3208 1748 3349 1819 (27).
3407 1746 3511 1804 Cui

1833 1862 1876 1921 Β
1906 1856 2097 1895 omnes
2143 1856 2270 1897 suas
2327 1856 2456 1911 opes
2483 1839 2551 1895 ad
2593 1838 3034 1896 Christianorum
3068 1841 3310 1912 requiem
3343 1838 3510 1895 relin-

1908 1946 2102 2002 quens,
2132 1931 2266 1987 fecit
2310 1930 2485 2002 ipsam
2533 1930 2832 1986 Ecclesiam
2877 1928 3143 1985 haeredem
3179 1930 3237 1985 in
3265 1928 3509 1995 Christo,

1910 2019 2006 2091 qui
2036 2036 2162 2075 cum
2188 2021 2300 2074 Deo
2327 2020 2484 2074 Patre
2513 2028 2567 2075 et
2589 2017 2802 2090 Spiritu
2831 2028 3018 2075 sancto
3043 2018 3270 2090 aequalis
3294 2017 3438 2072 vivit
3457 2024 3513 2073 et

1910 2116 2099 2180 regnat
2118 2108 2177 2163 in
2197 2107 2411 2163 unitate
2429 2107 2657 2163 virtutis
2676 2109 2731 2163 in
2751 2107 3510 2163 saeculasaaculorumAmen.

1911 2298 2160 2355 dioribus
2206 2314 2326 2369 quax
2367 2297 2678 2353 inciderent
2706 2297 2995 2369 extrahere
3023 2312 3142 2353 mos
3179 2303 3288 2364 est;
3335 2296 3512 2369 sicqui

1911 2387 2071 2425 muro
2118 2368 2365 2424 fortassis
2412 2369 2547 2424 dens
2594 2386 2737 2424 unus
2785 2368 3035 2424 inﬁxus?
3080 2368 3386 2436 Veriorem,
3434 2368 3514 2423 ne

1914 2441 2180 2508 fallimur,
2212 2440 2501 2497 lectionem
2534 2440 2757 2513 quidam
2788 2440 3007 2513 codices
3050 2446 3511 2513 commonstrant,

1912 2513 1967 2584 in
2002 2512 2202 2584 quibus
2237 2513 2461 2584 gmnpho
2507 2509 2567 2566 ef
2604 2512 2805 2584 gonpho
2849 2511 3141 2584 scriptum.
3192 2509 3507 2584 Legendum

1912 2583 1969 2637 in
2014 2580 2253 2653 gomphol
2306 2580 2407 2637 Est
2461 2580 2666 2660 γὸμφός,
2701 2580 2907 2635 νοιαυαε
2955 2580 3041 2637 vel
3087 2580 3368 2651 junctum.
3426 2581 3510 2636 Ita

1911 2663 2110 2731 Satius,
2139 2680 2195 2718 1v
2224 2663 2360 2718 Silv.
2397 2662 2465 2719 de
2498 2661 2590 2717 via
2618 2660 2931 2717 Domitiana
2964 2678 2975 2715 :

2158 2775 2302 2823 Tunc
2329 2775 2640 2823 umbonibus
2677 2777 2797 2823 hinc
2822 2784 2875 2824 et
2897 2775 3015 2823 hinc
3041 2774 3253 2831 coactis,

2100 2902 2108 2909 _
2161 2837 2228 2886 Et
2255 2838 2451 2886 crebris
2482 2837 2578 2886 iter
2598 2839 2812 2898 alligare
2841 2839 3099 2899 gomphis,

1910 2932 2176 2990 connexis
2205 2932 2590 3006 nimiruane
2610 2933 3058 3006 distorqueantur
3087 2942 3140 2989 et
3167 2932 3236 2989 ab
3264 2930 3505 3006 invicem

1912 3005 2269 3072 divellantur,
2328 3005 2620 3074 lapidibus.
2681 3004 3055 3061 Tert'ullianus
3109 3022 3165 3060 m
3219 3004 3501 3075 Apolog.:

1917 3077 2150 3133 Cervices
2191 3076 2436 3147 ponimus
2495 3084 2613 3131 ante
2668 3078 2962 3147 plumbum,
3022 3083 3069 3131 et
3116 3076 3399 3147 glutinum,
3462 3079 3511 3128 et

1913 3149 2177 3230 gomphos.
2234 3147 2896 3230 Franciscusﬁlephyrus
2948 3147 3364 3230 Pa‘raphraste's“
3395 3161 3505 3228 ma:

1835 3211 1880 3271 C
1911 3211 2060 3289 fores
2103 3221 2278 3273 clavos
2323 3219 2524 3275 reddit.
2570 3211 2780 3274 Eadem
2805 3236 2915 3275 vox
2944 3211 3105 3275 infra.
3129 3219 3189 3273 in
3215 3218 3269 3273 S.
3305 3215 3507 3289 Thyrsi

1912 3288 2204 3361 martyrio.
2241 3291 2342 3346 Hic
2372 3307 2500 3361 ergo
2533 3290 2783 3346 eminens
2812 3291 3024 3371 uspiam
3054 3306 3083 3344 e
3110 3305 3266 3345 muro
3297 3288 3505 3355 clavus,

1912 3361 2152 3442 aliudve,
2186 3361 2581 3442 ferramentum
2607 3441 2610 3442 ν
2636 3361 2923 3442 ﬁrmandis
2973 3360 3249 3433 lapidibus
3289 3358 3507 3415 adhibi-

1911 3442 2029 3488 tum
2062 3432 2283 3487 videtur
2311 3432 2507 3487 debere
2538 3432 2793 3503 intelligi.

1987 3504 2103 3575 (25)
2150 3506 2228 3575 De
2282 3504 2616 3559 catacumbis
2670 3500 2755 3558 vel
2805 3501 3142 3575 catacumbis
3182 3500 3300 3575 legi
3333 3507 3511 3572 potest

1912 3572 2183 3632 Baronius
2214 3574 2270 3630 in
2302 3576 2448 3630 notis
2474 3575 2540 3631 de
2569 3575 2852 3632 Martyrol.
2888 3575 2920 3630 3
2949 3574 3070 3629 Jan.
3102 3580 3156 3628 et
3180 3572 3255 3629 20’
3273 3572 3394 3629 Jan.

1986 3647 2102 3715 (26)
2154 3647 2267 3713 AL,
2310 3648 2624 3716 papilione;
2675 3643 2773 3714 aL,
2815 3662 3052 3715 pagone;
3097 3645 3244 3711 Sun,
3272 3643 3512 3714 pilento;

1913 3718 2100 3789 sicque
2136 3717 2422 3788 legendum
2473 3718 2759 3774 contendit
2794 3717 3115 3789 Monachus.
3166 3717 3245 3789 De
3267 3730 3509 3789 pavone,

1914 3785 2030 3844 sive
2056 3785 2294 3915 5pabone,
2328 3789 2539 3862 egimus
2598 3790 2664 3845 16
2708 3790 2829 3845 Jan.
2858 3788 2925 3844 ad
2957 3789 3129 3843 vitam
3171 3788 3227 3843 S.
3267 3785 3513 3843 Marcelli

1914 3876 2030 3915 can.
2099 3903 2109 3913 .
3494 3874 3497 3877 η

1913 3876 2030 3915 can.
2056 3874 2109 3915 ὃ.
3494 3874 3497 3877 ί

2139 3930 2217 3985 De
2249 3928 2353 3987 hac
2380 3946 2438 3987 re
2478 3931 2660 4004 agitur
2689 3930 2749 3987 in
2779 3929 2971 3986 eadem
3003 3929 3058 3986 S.
3103 3927 3347 3987 Marcelli
3380 3927 3517 3987 Vita

2430 4104 2833 4111 *ψ’-

1665 4301 1906 4368 LIBER
1964 4301 2075 4367 DE

422 4469 1145 4620 VITIORUM
1263 4472 2339 4647 VIRTUTUMQUE
2448 4476 3301 4644 CONFLICTU,

1211 4723 1379 4808 AD

735 5076 962 5135 CAPUT
1000 5079 1295 5139 PRIMUM.

288 5165 611 5237 Apostolica
656 5180 768 5221 vox
816 5166 1016 5223 clamat
1067 5184 1162 5239 per
1199 5169 1413 5239 orbem,
1468 5171 1812 5243 charissime,

219 5263 383 5328 atque
414 5254 470 5308 in
500 5253 791 5326 procinctu
821 5254 947 5310 ﬁdei
988 5257 1204 5327 positis,
1264 5275 1332 5314 ne
1368 5261 1659 5318 securitate
1687 5272 1813 5319 tor-

219 5349 406 5415 peant,
459 5341 635 5399 dicit:
711 5367 728 5390 ι
772 5343 974 5400 Omnes
1017 5345 1111 5418 qui
1153 5346 1239 5418 pie
1284 5348 1481 5404 volunt
1522 5353 1710 5407 vivere
1754 5351 1812 5407 in

221 5431 442 5490 Christo
501 5431 649 5500 Jesu,
705 5433 1137 5505 persecutionem
1199 5436 1478 5507 patientur
1533 5440 1621 5510 (II
1677 5441 1809 5497 Tim.

222 5539 305 5589 ιιι,
357 5521 469 5593 12).
518 5545 535 5568 ι
600 5522 804 5579 Verum
840 5524 968 5596 quia
1003 5523 1104 5579 hoc
1138 5531 1380 5596 tempore
1423 5527 1814 5586 Ghristianitas

221 5609 387 5666 etiam
419 5611 477 5665 in
505 5610 622 5667 suis
649 5611 992 5684 principibus
1015 5612 1129 5683 jam
1160 5614 1415 5686 religiosa
1443 5624 1544 5687 est,
1587 5618 1814 5691 jamque

223 5699 486 5759 ﬁdelibus
512 5699 711 5758 desunt
737 5702 826 5777 pie
856 5703 1176 5763 viventibus
1204 5704 1263 5762 in
1295 5704 1515 5765 Christo
1547 5708 1677 5767 Jesu
1694 5709 1816 5766 vin-

1477 4725 2525 4815 SIMPLICIANUM.

1836 5088 1886 5147 D
1921 5086 2064 5155 cula,
2095 5085 2340 5155 verbera,
2378 5086 2567 5160 ﬂagra,
2618 5102 2883 5157 carceres,
2931 5088 3178 5163 equulei,
3218 5105 3430 5161 cruces,
3460 5099 3514 5147 et

1922 5174 1967 5229 si
1998 5191 2106 5247 qua
2136 5183 2265 5232 sunt
2297 5176 2405 5233 alia
2432 5176 2651 5233 diversa
2678 5183 3084 5234 tormentorum
3117 5195 3349 5250 genera:
3383 5197 3514 5253 quo-

1922 5262 2087 5319 modo
2114 5280 2304 5319 verum
2341 5264 2447 5321 erit
2492 5264 2663 5337 (dicet
2710 5265 2859 5337 quis)
2892 5267 3037 5339 quod
3068 5283 3162 5339 per
3192 5268 3515 5338 Apostolum

1921 5353 2130 5422 sonuit,
2161 5363 2223 5411 ut
2269 5371 2459 5411 omnes
2498 5355 2586 5429 pie
2641 5356 2893 5411 viventes
2934 5356 3369 5428 persecutionem
3427 5375 3515 5430 pa-

1920 5442 2170 5499 tiantur?
2216 5446 2303 5500 An
2358 5444 2500 5502 forte
2546 5446 2696 5517 pacis
2759 5453 2999 5516 tempore
3051 5461 3214 5501 nemo
3254 5447 3379 5502 vult
3430 5448 3518 5520 pie

1922 5531 2111 5588 vivere
2158 5532 2218 5588 in
2267 5534 2489 5591 Christo
2535 5535 2681 5603 Iesu,
2715 5541 2768 5590 et
2807 5534 2931 5590 ideo
2967 5534 3167 5591 desunt
3203 5534 3355 5593 ista?
3385 5537 3521 5605 Quis

1921 5619 2028 5677 hoc
2090 5621 2255 5678 modo
2310 5623 2399 5677 vel
2456 5623 2732 5695 desipiens
2792 5623 3047 5680 dixerit?
3104 5625 3165 5681 In
3225 5625 3328 5683 hac
3392 5642 3519 5699 ergo

1922 5711 2174 5787 Apostoli
2212 5712 2487 5771 sententia
2531 5730 2641 5770 non
2697 5713 2952 5788 specialis
2998 5715 3384 5792 quorumdam,
3424 5714 3517 5773 sed
