3940 6390
412 413 544 471 1151

1432 402 1528 456 AD
1567 397 1800 456 OI’EllA
1839 396 1893 452 S.
1938 391 2271 449 AMBROSII
2306 388 2688 446 APPENDIX.

3573 376 3726 436 1152

410 537 678 614 generalis
723 535 973 592 omnium
1028 528 1340 604 persecutio
1386 527 1549 584 debet
1611 521 1866 594 intelligi.
1927 521 1998 576 Et
2026 521 2074 580 A
2104 518 2240 588 (Isa.
2273 514 2518 614 XIV,‘12)
2550 515 2579 571 ?
2627 509 2790 614 Quod
2834 509 2880 566 si
2923 507 3019 564 ille
3061 506 3128 614 dje
3157 511 3313 562 tanta
3339 502 3732 614 jsubliinitate

409 611 669 702 quoniam
719 633 850 681 sunt
887 621 1051 678 multi
1097 620 1244 676 intra
1283 619 1468 675 sinum
1511 615 1704 672 matris
1743 611 2003 669 Ecclesia:

409 699 725 784 constituti,
758 713 853 788 qui
881 711 970 786 pie
997 713 1250 767 viventes
1293 709 1353 764 in
1381 706 1622 768 Christo,
1655 699 2006 759 contumeliis

408 787 876 872 aﬂiciunturgac
948 797 1304 858 amarulentis
1371 793 1702 867 opprobriis,
1763 787 2002 862 injuriis,

411 895 875 965 irrisionibusque
905 891 1248 946 lacessuntur
1281 904 1292 942 :
1327 884 1502 940 istane
1528 890 1608 937 est
1638 881 1735 936 illa
1775 893 2008 951 genera-

411 988 504 1056 lis,
534 983 771 1058 inquiet,
808 976 1135 1053 persecutio,
1173 990 1334 1047 quam
1368 971 1665 1044 Apostolus
1707 983 1898 1023 omnes
1921 965 2010 1037 pie

410 1077 664 1133 viventes
719 1073 778 1128 in
825 1068 1046 1128 Christo
1094 1065 1204 1139 pati
1250 1061 1588 1135 descripsit?
1634 1060 1840 1115 Verum
1898 1071 2010 1112 non

411 1167 575 1224 istam
605 1162 767 1221 facile
798 1158 1037 1216 dixerim
1071 1175 1082 1212 :
1116 1171 1239 1212 cum
1271 1154 1383 1210 sint
1421 1151 1645 1224 quidam
1679 1148 1738 1204 in
1767 1143 2012 1202 Ecclesia

411 1259 547 1316 adeo
603 1253 810 1320 devoti,
871 1248 1072 1322 quibus
1126 1263 1289 1304 nemo
1353 1257 1650 1317 pravorum
1701 1237 1900 1294 audeat
1955 1236 2012 1290 in

412 1347 608 1405 faciem
675 1344 958 1416 derogare.
1015 1338 1142 1396 Alia
1189 1352 1318 1408 ergo
1383 1350 1453 1389 ex
1507 1327 1759 1403 Apostoli
1830 1325 2015 1382 verbis

415 1433 773 1508 intelligenda
835 1439 919 1488 est
981 1427 1291 1503 persecutio
1351 1421 1651 1479 immanior
1719 1427 1773 1474 et
1839 1419 2012 1489 magis

413 1529 609 1596 noxia,
638 1540 802 1599 quam
850 1537 962 1578 non
994 1517 1244 1575 mortalis
1284 1515 1565 1586 intorquet
1605 1510 1890 1578 severitas,
1921 1508 2016 1564 sed

413 1596 683 1674 vitiorum
714 1611 888 1686 gignit
915 1606 1238 1665 adversitas.
1262 1606 1402 1660 Dum
1425 1601 1573 1658 enim
1599 1605 1792 1654 contra
1821 1596 2011 1653 humi-

415 1708 646 1774 litatem,
695 1699 982 1774 superbia;
1030 1704 1224 1753 contra
1252 1692 1475 1750 Domini
1513 1691 1794 1757 timorem,
1829 1687 2010 1746 inanis

417 1797 630 1871 gloria;
677 1799 870 1850 contra
897 1805 1082 1846 veram
1132 1783 1478 1858 religionem,
1509 1779 1832 1848 simulatio;
1873 1794 2016 1834 con-

415 1869 503 1947 tra
542 1885 990 1950 submissionem,
1030 1879 1232 1945 elatio;
1278 1883 1470 1934 contra
1516 1873 1811 1929 fraternam
1861 1869 2012 1927 dile-

414 1979 680 2046 ctionem,
705 1972 955 2040 invidia;
978 1975 1170 2029 contra
1194 1965 1539 2030 charitatem,
1563 1963 1789 2029 odium;
1821 1967 2012 2016 contra

417 2071 730 2128 libertatem
784 2063 946 2137 iustae
1011 2056 1389 2122 correctionis,
1449 2053 1754 2119 detractio;
1818 2057 2011 2106 contra

418 2155 766 2234 patientiam,
803 2153 916 2220 ira;
957 2156 1150 2207 contra
1177 2143 1678 2210 mansuetudinem,
1708 2140 2004 2212 asperitas;

418 2228 615 2307 contra
658 2243 927 2300 humilem
967 2238 1346 2301 dilectionem,
1377 2241 1598 2298 tumor;
1633 2235 1826 2286 contra
1852 2228 2010 2300 spiri-

417 2339 528 2394 tale
585 2331 869 2408 gaudium,
933 2327 1122 2386 saaculi
1181 2322 1440 2390 tristitia;
1517 2328 1709 2377 contra
1783 2317 2011 2374 virtutis

419 2425 771 2490 exercitium,
827 2427 1022 2493 torpor
1075 2417 1163 2472 vel
1223 2413 1484 2487 ignavia;
1541 2419 1735 2467 contra
1795 2408 2010 2464 ﬁrmam

419 2515 803 2580 stabilitatem,
871 2507 1118 2582 inquieta
1164 2505 1433 2578 vagatio;
1505 2508 1698 2556 contra
1749 2497 2011 2555 ﬁduciam

421 2605 559 2680 spei,
590 2600 933 2674 desperatio;
966 2605 1159 2655 contra
1196 2593 1390 2650 mundi
1432 2597 1831 2661 contemptum,
1863 2587 2013 2661 cupi-

421 2679 598 2761 ditas;
649 2699 842 2749 contra
877 2689 976 2746 Dei
1009 2702 1272 2754 amorem,
1302 2699 1456 2740 amor
1481 2679 1773 2754 proprius;
1823 2686 2014 2734 contra

424 2783 861 2856 simplicitatem,
901 2779 1110 2834 furtum
1153 2783 1208 2831 et
1246 2774 1434 2840 fraus;
1477 2777 1668 2829 contra
1701 2767 2012 2830 veritatem,

427 2874 644 2931 fallacia
675 2879 838 2943 atque
868 2867 1211 2924 mendacium
1237 2882 1252 2932 ;
1288 2871 1481 2920 contra
1509 2875 1700 2934 puram
1733 2856 2014 2928 frugalita-

421 2971 534 3021 tem
596 2977 662 3018 ac
715 2957 1132 3032 parcimoniam,
1187 2953 1396 3010 ventris
1465 2950 1772 3024 ingluvies;
1826 2952 2017 3002 contra

424 3051 766 3110 moderatum
799 3062 1110 3112 maerorem,
1135 3041 1568 3114 ineptalaztitia;
1602 3047 1792 3096 contra
1816 3035 2016 3092 discre-

423 3149 539 3199 tam
565 3137 1017 3204 taciturnitatem,
1045 3134 1459 3207 multiloquium
1483 3151 1497 3201 ;
1531 3140 1721 3188 contra
1747 3127 2015 3184 illibatam

426 3230 754 3298 castitatem,
783 3227 968 3286 carnis
1009 3225 1361 3282 immunditia
1407 3231 1569 3297 atque
1601 3221 1856 3287 luxuria;
1888 3236 2018 3276 con.
2048 3237 2099 3302 α

425 3328 512 3377 tra
541 3319 726 3378 cordis
766 3315 1121 3384 munditiam,
1153 3313 1418 3387 spiritalis
1463 3311 1794 3378 fornicatio;
1826 3318 2018 3366 contra

425 3426 670 3468 amorem
735 3405 927 3481 patriae
981 3405 1240 3472 caelestis,
1294 3403 1563 3477 appetitus
1610 3401 1775 3474 hujus
1832 3400 2018 3456 saeculi

423 3515 732 3574 opponens,
770 3504 942 3554 semet
984 3496 1243 3568 emergit;
1297 3493 1414 3550 haec
1445 3492 1720 3566 (inquam)
1752 3507 1877 3546 cum
1909 3489 2018 3546 vir-

422 3592 638 3648 tutibus
686 3591 951 3648 obsistere
991 3597 1282 3654 conantur,
1313 3587 1447 3660 quid
1489 3585 1641 3641 aliud
1671 3583 1832 3640 nobis
1871 3583 2020 3638 insi-

424 3689 624 3748 nuant,
667 3695 832 3753 quam
894 3677 1040 3752 quod
1087 3677 1328 3734 crudelis
1371 3675 1632 3731 adversus
1670 3672 2021 3744 conglobatae

425 3770 700 3827 virtutum
747 3767 890 3824 acies
921 3767 1011 3841 pie
1037 3766 1348 3822 viventium
1379 3764 1686 3838 persecutio
1715 3762 1973 3820 desmviat
1992 3761 2020 3818 ?

427 3863 472 3920 O
521 3878 684 3935 quam
729 3859 920 3928 durus,
955 3877 988 3915 ο
1029 3875 1191 3932 quam
1235 3876 1452 3916 amarus
1480 3864 1560 3912 est
1588 3872 1909 3927 congressus
1935 3871 2022 3910 su-

427 3952 668 4026 perbiae!
726 3967 847 4024 quae
907 3951 1128 4023 angelos
1189 3950 1257 4006 de
1304 3949 1442 4005 crnlo
1497 3947 1658 4019 ejecit
1709 3948 1842 4018 (Isa.
1904 3963 2019 4016 XIV,

429 4045 641 4114 12ο14),
685 4044 968 4100 hominem
1012 4043 1264 4114 paradiso
1301 4041 1613 4098 eliminavit
1654 4041 1808 4112 (Gen.
1850 4056 1932 4106 ιιι,
1965 4039 2018 4106 5,

427 4135 484 4203 6,
531 4133 648 4203 23),
697 4132 854 4204 cujus
892 4133 1168 4188 exercitus
1207 4141 1369 4204 atque
1415 4147 1694 4186 armorum
1733 4129 2024 4184 conﬂictus

428 4221 568 4276 vitia
614 4227 762 4287 sunt,
812 4237 934 4292 quae
981 4219 1225 4274 breviter
1270 4219 1665 4290 comprehensa
1718 4217 2020 4288 tetigimus.

433 4310 539 4368 Sed
568 4309 858 4366 videamus
887 4307 1349 4380 quemadmodum
1377 4313 1554 4362 castra
1576 4305 1700 4361 coeli
1739 4314 1792 4362 et
1823 4306 2023 4362 inferni

431 4399 722 4469 dimicent,
755 4414 908 4454 arma
934 4396 1139 4455 Christi
1169 4403 1224 4451 et
1251 4395 1456 4451 diaboli
1486 4395 1783 4454 decertent.

709 4542 737 4556 ‘
1055 4536 1284 4594 CAPUT
1325 4537 1392 4592 II.

821 4637 1068 4696 Primum
1095 4633 1344 4708 superbia
1377 4632 1470 4689 tibi
1498 4633 1625 4688 dicit
1649 4649 1666 4688 :

504 4755 664 4812 Certe
715 4753 928 4822 multis,
986 4753 1099 4808 imo
1153 4768 1290 4825 pene
1345 4750 1604 4808 omnibus
1654 4767 1666 4806 :
1715 4750 1910 4806 Melior
1951 4767 2028 4820 es,

433 4844 624 4913 verbo,
655 4843 910 4912 scientia,
943 4841 1248 4898 honoribus
1277 4849 1332 4897 et
1361 4840 1595 4908 divitiis,
1624 4848 1678 4896 et
1703 4849 1901 4897 cuncta
1927 4839 2030 4896 tibi

435 4934 679 4993 carnalia
721 4941 774 4990 et
818 4933 1090 5006 spiritalia
1135 4941 1434 5006 suppetunt
1477 4933 1808 4989 charismata
1840 4950 1852 4989 :
1884 4949 2034 4990 cun-

433 5032 552 5081 ctos
579 5039 708 5096 ergo
735 5021 972 5096 despice,
1005 5022 1262 5080 omnibus
1306 5022 1655 5096 temetipsum
1694 5023 2030 5094 superiorem

434 5111 684 5172 ostende.

749 5208 1042 5267 Humilitas
1069 5227 1134 5266 ex
1171 5209 1392 5266 adverso
1418 5208 1693 5282 respondet
1726 5227 1738 5264 :

511 5323 789 5381 Memento
817 5320 948 5396 quia
974 5330 1119 5378 terra
1145 5337 1203 5377 es
1229 5320 1383 5391 (Gen.
1411 5335 1494 5389 ιιι,
1521 5319 1632 5389 19),
1657 5315 1787 5390 quia
1804 5313 2035 5388 putredo

439 5420 494 5469 et
538 5413 744 5470 vermis
791 5428 848 5468 es
893 5411 1015 5483 (Job
1051 5425 1188 5478 xxv,
1215 5409 1296 5480 6),
1330 5408 1459 5482 quia
1499 5407 1646 5464 et‘si
1697 5404 1906 5479 aliquid
1957 5421 2035 5472 es,

447 5503 556 5559 nisi
585 5511 802 5560 tantum
832 5512 886 5559 te
905 5501 1188 5570 humilies,
1212 5506 1482 5574 quantum
1503 5512 1732 5567 magnus
1761 5513 1818 5550 es
1845 5495 2034 5566 (Eccli.

443 5611 527 5662 ιιι,
579 5594 698 5666 20),
728 5593 914 5666 perdis
939 5591 1166 5648 omnino
1197 5589 1345 5664 quod
1388 5605 1464 5645 es.
1490 5587 1751 5660 Nunquid
1789 5595 1849 5642 tu
1878 5585 2040 5640 altior

448 5698 617 5757 quam
643 5682 857 5754 primus
885 5681 1109 5754 angelus
1139 5680 1356 5752 (Eczeh.
1385 5692 1591 5744 xxvm,
1622 5675 1804 5747 12-16)
1828 5675 1856 5732 ‘I
1877 5676 2042 5731 Nun-

453 5771 588 5855 quid
633 5780 696 5830 tu
725 5769 1066 5844 splendidior
1095 5770 1154 5827 in
1181 5781 1327 5828 terra
1353 5785 1518 5844 quam
1556 5767 1777 5826 Lucifer
1810 5766 1868 5822 in
1903 5765 2042 5822 coelo

2111 623 2208 680 per
2254 604 2565 677 superbiam
2608 599 2828 666 cecidit,
2873 595 3150 670 quomodo
3191 601 3256 650 tu
3303 592 3373 650 ad
3429 593 3724 651 caelestem

2112 694 2492 753 celsitudinem
2521 688 2884 764 superbiendo
2921 687 2987 744 de
3017 685 3146 758 imis
3173 683 3514 742 conscendes
3533 685 3562 741 ?
3618 684 3726 758 qui

2115 783 2360 857 quandiu
2401 782 2494 837 hic
2536 781 2703 846 vivis,
2746 795 2809 834 ea
2841 775 3160 834 conditione
3201 773 3429 841 teneris,
3481 772 3552 829 de
3607 789 3733 846 qua

2115 890 2211 946 per
2239 872 2550 944 Sapientem
2579 868 2819 924 dicitur:
2873 889 2892 914 ι
2923 863 3296 936 Corruptibile
3323 863 3480 920 enim
3513 878 3736 934 corpus

2117 968 2374 1035 aggravat
2427 958 2690 1023 animam,
2749 965 2802 1012 et
2858 961 3048 1010 onerat
3098 959 3316 1009 terrena
3375 949 3736 1008 inhabitatio

2120 1059 2358 1108 mentem
2400 1048 2573 1104 multa
2604 1045 2935 1118 cogitantem
2989 1042 3143 1115 (Sap.
3176 1058 3257 1109 Ix,
3300 1040 3416 1112 15).
3449 1063 3470 1089 ι
3530 1040 3734 1108 Quam

2119 1133 2498 1198 densissimis'
2527 1143 2780 1208 putamus
2838 1133 2897 1188 in
2947 1140 3095 1188 terra
3144 1128 3417 1203 superbia
3467 1129 3739 1188 teneer

2121 1231 2297 1286 lutum
2331 1233 2580 1282 nostrum
2613 1221 2826 1280 involvi
2876 1221 3010 1294 (Isa.
3043 1234 3197 1288 Lxrv,
3226 1218 3310 1288 8),
3356 1218 3402 1274 si
3443 1218 3633 1290 potuit
3667 1217 3738 1274 in

2121 1319 2259 1377 ccelo
2287 1317 2464 1384 stella,
2510 1331 2632 1388 quae
2661 1327 2820 1368 mane
2853 1309 3153 1380 oriebatur,
3199 1307 3340 1365 lucis
3375 1324 3488 1366 suae
3515 1308 3735 1380 globos

2123 1409 2374 1466 amittere
2423 1406 2559 1477 (Isa.
2593 1420 2711 1472 xiv,
2747 1401 2837 1473 12)
2861 1399 2890 1456 7
2938 1399 3085 1456 Audi
3133 1415 3261 1470 ergo
3300 1397 3488 1470 potius
3530 1397 3736 1454 lucem

2123 1498 2374 1556 veritatis
2410 1495 2721 1552 dicentem:
2779 1515 2797 1540 ι
2827 1491 2934 1558 Qui
2973 1489 3224 1562 sequitur
3262 1502 3369 1554 me,
3425 1502 3538 1542 non
3581 1502 3738 1542 am-

2129 1589 2279 1645 bulat
2305 1590 2364 1644 in
2394 1583 2654 1652 tenebris,
2673 1581 2768 1638 sed
2794 1579 3018 1637 habebit
3036 1579 3227 1636 lumen
3250 1577 3380 1633 vitae
3397 1575 3736 1648 (Joan.vnr,

2131 1679 2293 1750 12).»
2346 1677 2410 1732 In
2457 1691 2566 1747 quo
2618 1679 2801 1729 autem
2853 1671 2971 1742 ipsa
3025 1676 3164 1725 esset
3221 1667 3516 1741 sequenda,
3575 1664 3737 1722 alibi

2127 1764 2478 1840 praemonuit,
2527 1763 2750 1820 dicens:
2815 1784 2834 1807 ι
2870 1757 3080 1816 Discite
3133 1775 3162 1814 a
3220 1773 3328 1826 me,
3379 1757 3512 1830 quia
3557 1754 3738 1812 mitis

2042 1877 2088 1937 Β
2127 1873 2246 1914 sum
2283 1863 2338 1912 et
2366 1853 2596 1911 humilis
2623 1849 2806 1918 corde,
2855 1857 2910 1906 et
2949 1845 3249 1904 invenietis
3293 1843 3538 1918 requiem
3580 1842 3740 1900 ani-

2120 1945 2314 2002 mabus
2341 1943 2539 2000 vestris
2593 1941 2807 2013 (Matth.
2839 1955 2921 2006 xr,
2949 1936 3064 2009 29).
3097 1959 3116 1984 ι
3189 1933 3358 1996 Audi.
3391 1941 3578 1990 tumor
3605 1949 3739 1991 su-

2119 2033 2350 2108 perbiae:
2407 2029 2536 2087 audi
2590 2027 2772 2085 adhuc
2823 2025 3094 2083 dicentem
3150 2021 3486 2080 humilitatis
3539 2022 3737 2095 magi-

2119 2134 2294 2182 strum
2319 2141 2330 2178 :
2369 2146 2388 2170 σ
2413 2119 2610 2177 Omnis
2637 2117 2733 2192 qui
2763 2133 2821 2173 se
2839 2116 3068 2182 exaltat,
3094 2112 3518 2182 humiliabitur;
3544 2117 3598 2168 et
3622 2112 3742 2186 qui

2119 2229 2176 2270 se
2206 2209 2487 2278 humiliat,
2511 2207 2848 2264 exaltabitur
2867 2208 3020 2277 (Luc.
3052 2223 3173 2272 XIV,
3208 2204 3368 2276 11);ι
3409 2210 3463 2259 et
3480 2203 3736 2258 iterum:

2133 2327 2152 2350 ι
2181 2302 2356 2372 Super
2385 2314 2547 2372 quem
2587 2295 2888 2370 requiescit
2917 2295 3144 2367 spiritus
3179 2309 3352 2361 meus,
3400 2291 3510 2348 nisi
3548 2307 3741 2364 super

2119 2391 2390 2448 humilem
2421 2396 2475 2444 et
2505 2387 2754 2460 quietum
2794 2393 2850 2441 et
2885 2391 3212 2441 trementem
3240 2397 3522 2438 sermones
3564 2397 3742 2436 meos

2123 2481 2258 2552 (Isa.
2292 2495 2445 2546 LXVI,
2475 2475 2532 2546 2)
2565 2475 2594 2532 7
2621 2499 2640 2522 ι
2684 2471 2832 2529 Audi
2874 2471 3008 2545 quid
3035 2471 3198 2527 etiam
3231 2470 3298 2526 de
3331 2471 3428 2527 illa
3458 2469 3741 2530 veritatis

2121 2571 2242 2627 luce
2277 2567 2425 2624 dicat
2467 2563 2783 2638 Apostolus,
2837 2561 2930 2634 qui
2987 2569 3042 2617 te
3093 2559 3163 2615 ad
3216 2575 3334 2614 eam
3393 2559 3743 2618 sectandam

2122 2659 2342 2716 invitat.
2391 2656 2488 2712 Ait
2515 2655 2693 2712 enim:
2760 2675 2779 2699 ι
2820 2650 2926 2719 Qui
2955 2665 3082 2706 cum
3121 2649 3179 2704 in
3208 2648 3387 2704 forma
3417 2649 3518 2704 Dei
3551 2657 3743 2720 esset,

2121 2766 2234 2807 non
2277 2747 2525 2821 rapinam
2555 2743 2850 2800 arbitratus
2878 2748 2962 2798 est
2999 2755 3115 2796 esse
3157 2755 3212 2796 se
3249 2738 3514 2810 aequalem
3546 2740 3685 2796 Deo
3723 2758 3738 2797 :

2123 2839 2215 2896 sed
2246 2837 2599 2909 semetipsum
2630 2831 2965 2899 exinanivit,
2988 2829 3222 2884 formam
3247 2827 3392 2884 servi
3415 2827 3740 2900 accipiens,

2123 2931 2180 2986 in
2205 2925 2631 2987 similitudinem
2657 2921 2949 2980 hominum
2970 2918 3167 2986 factus,
3189 2924 3244 2973 et
3259 2915 3438 2988 specie
3459 2924 3738 2989 repertus

2123 3025 2186 3075 ut
2217 3016 2404 3072 homo.
2453 3011 2789 3070 Humiliavit
2821 3007 3202 3079 semetipsum,
3243 3005 3421 3061 factus
3449 3004 3738 3064 obediens

2123 3124 2296 3182 usque
2324 3106 2394 3164 ad
2425 3111 2679 3171 mortem,
2699 3108 2931 3158 mortem
2956 3105 3138 3154 autem
3168 3095 3349 3152 crucis
3380 3095 3735 3168 (Philippu,

2125 3199 2264 3270 6-8).
2287 3222 2306 3245 ι
2349 3197 2407 3254 Si
2433 3194 2604 3266 igitur
2625 3197 2778 3248 tanta
2803 3187 3121 3246 humilitate
3147 3201 3208 3242 se
3234 3184 3497 3257 deprimit
3525 3183 3742 3242 divina

2127 3286 2402 3360 majestas,
2455 3281 2737 3356 superbire
2773 3279 2834 3335 in
2870 3277 3058 3350 aliquo
3099 3289 3215 3331 non
3264 3272 3428 3330 debet
3471 3271 3739 3329 humana

2125 3377 2441 3440 inﬁrmitas.

2734 3467 2964 3528 CAPUT
3001 3465 3096 3522 III.

2624 3567 2814 3627 Inanis
2838 3567 3015 3640 gloria
3044 3562 3200 3620 dicit:

2198 3675 2312 3747 Age
2340 3672 2548 3730 bonum
2578 3666 2726 3742 quod
2755 3664 2938 3731 vales;
2991 3658 3220 3718 ostende
3259 3657 3476 3716 cunctis
3505 3655 3731 3715 bonum

2129 3763 2276 3839 quod
2313 3762 2428 3836 agis
2457 3768 2518 3816 ut
2548 3759 2728 3815 bonus
2755 3773 2788 3812 a
2814 3753 3030 3812 cunctis
3057 3748 3280 3819 dicaris,
3313 3754 3375 3804 ut
3403 3756 3629 3804 sanctus
3661 3765 3738 3807 ac

2129 3838 2462 3911 venerabilis
2491 3849 2560 3905 ab
2589 3845 2849 3903 omnibus
2877 3839 3215 3915 praediceris,
3238 3845 3301 3895 ut
3325 3845 3590 3910 tanquam
3621 3838 3738 3895 Dei

2129 3948 2337 4002 electus
2382 3939 2662 4004 noscaris;
2703 3943 2766 3990 ut
2795 3949 2957 3990 nemo
2987 3939 3040 3988 te
3070 3934 3406 3996 contemnat,
3457 3941 3622 3983 nemo
3673 3933 3738 3984 te

2129 4031 2430 4106 despiciat:
2487 4026 2580 4084 sed
2609 4023 2856 4082 universi
2887 4021 3138 4078 debitum
3168 4017 3271 4076 tibi
3299 4016 3570 4074 honorem
3602 4029 3734 4088 per-

2131 4125 2372 4180 solvant.

2214 4286 2220 4292 _
2530 4212 2712 4268 Timor
2757 4207 2974 4265 Domini
3019 4205 3296 4278 respondet
3316 4222 3330 4261 :

2204 4318 2260 4375 Si
2286 4313 2420 4373 boni
2449 4307 2660 4384 aliquid
2685 4307 2821 4379 agis,
2843 4322 2956 4362 non
2983 4321 3083 4378 pro
3112 4291 3468 4373 transitoriis,
3493 4303 3590 4362 sed
3621 4321 3732 4378 pro

2134 4406 2352 4466 aeternis
2391 4401 2448 4458 id
2498 4396 2803 4455 honoribus
2842 4411 2958 4468 age.
3008 4393 3238 4450 Occulta
3285 4391 3434 4466 quod
3471 4393 3610 4466 agis,
3673 4393 3742 4450 in

2133 4503 2400 4573 quantum
2430 4492 2582 4548 vales
2608 4506 2621 4544 :
2680 4485 2827 4560 quod
2857 4484 2902 4540 si
2932 4500 3004 4540 ex
3031 4490 3146 4540 toto
3176 4499 3290 4539 non
3319 4483 3492 4550 vales,
3555 4481 3630 4538 sit
3673 4481 3742 4540 in

2055 4598 2108 4658 D
2139 4589 2324 4646 animo
2343 4580 2658 4642 occultandi
2687 4579 2963 4645 voluntas,
3004 4584 3058 4632 et
3086 4584 3220 4632 tunc
3253 4591 3364 4632 non
3396 4573 3499 4630 tibi
3533 4573 3746 4646 impu—

2137 4678 2348 4736 tabitur
2375 4675 2446 4732 de
2475 4668 2846 4729 ostentatione
2881 4665 2997 4722 ulla
3030 4663 3314 4738 iniquitas.
3357 4664 3493 4721 Nam
3519 4663 3746 4720 crimen

2139 4784 2254 4825 esse
2281 4781 2396 4822 non
2422 4760 2644 4835 poterit,
2687 4755 2985 4830 aliquando
3015 4754 3356 4811 manifestari
3399 4753 3548 4828 quod
3577 4769 3746 4810 sem—

2139 4876 2236 4933 per
2288 4856 2374 4912 vis
2427 4853 2662 4911 celatum
2717 4845 2929 4902 haberi.
2985 4845 3076 4904 Sic
3129 4845 3369 4918 denique
3424 4843 3588 4933 duas

2139 4931 2442 5018 demptoris
2481 4937 2781 4998 sententias
2818 4934 2925 4992 sibi
2954 4934 3111 5008 quasi
3153 4933 3456 4992 contrarias
3497 4931 3744 4990 videbe-

2140 5039 2216 5097 ris
2241 5035 2589 5108 adimplesse,
2637 5029 2840 5106 quibus
2867 5027 3110 5086 dicitur:
3173 5051 3192 5076 ι
3217 5024 3476 5082 Faciente
3523 5031 3580 5081 te
3627 5024 3745 5082 ele-

2141 5143 2483 5202 emosynam,
2526 5123 2734 5181 nesciat
2761 5121 2986 5178 sinistra
3010 5127 3107 5177 tua
3135 5117 3270 5194 quid
3297 5118 3466 5175 faciat
3505 5117 3748 5177 dextera

2142 5230 2274 5278 tua:
2329 5217 2425 5274 sed
2474 5215 2546 5273 sit
2589 5216 2942 5286 eleemosyna
2993 5220 3092 5270 tua
3139 5212 3200 5268 in
3251 5209 3618 5270 abscondito:
3678 5221 3744 5271 et

2143 5313 2303 5370 Pater
2349 5317 2494 5378 tuus,
2553 5309 2650 5381 qui
2701 5305 2855 5362 videt
2899 5306 2957 5362 in
2985 5303 3331 5372 abscondito,
3392 5303 3588 5361 reddet
3631 5303 3748 5362 tibi

2149 5403 2362 5476 (Matth.
2393 5419 2470 5469 γι,
2502 5400 2553 5468 3,
2585 5399 2642 5470 4)
2669 5416 2720 5466 ;-
2751 5404 2806 5453 et
2851 5413 2863 5452 :
2911 5421 2929 5444 ‹
2957 5394 3198 5452 Videant
3227 5402 3410 5451 vestra
3435 5394 3583 5452 bona
3612 5411 3746 5467 ope-

2147 5511 2228 5560 ra,
2271 5501 2326 5550 et
2365 5491 2674 5565 gloriﬁcent
2702 5489 2915 5544 Patrem
2949 5493 3194 5542 vestrum
3236 5483 3334 5557 qui
3376 5484 3435 5540 in
3469 5484 3632 5542 ccelis
3660 5493 3750 5543 est
3790 5485 3804 5490 ’

2151 5583 2362 5657 (Matth.
2389 5599 2446 5650 v,
2479 5581 2591 5651 16).
2624 5605 2642 5628 ι
2686 5578 2829 5638 Cave
2862 5591 3084 5648 prorsus
3110 5589 3177 5630 ne
3206 5574 3308 5631 tibi
3337 5573 3615 5630 sententia
3645 5573 3750 5632 illa

2150 5673 2462 5741 conveniat,
2523 5687 2628 5744 qua
2681 5669 2748 5727 de
2806 5665 3116 5743 hypocritis
3165 5665 3408 5723 dicitur:
3482 5691 3500 5714 ι
3537 5666 3750 5724 Omnia

2151 5779 2314 5838 opera
2350 5776 2448 5818 sua
2485 5758 2698 5818 faciunt
2742 5767 2805 5818 ut
2842 5757 3227 5818 beatiﬁcentur
3271 5756 3340 5814 ab
3386 5746 3744 5818 hominibus.
