3940 6368
173 429 333 495 I153

1107 432 1201 493 DE
1239 434 1585 496 VITIORUM
1622 438 2128 508 VIRTUTUMQUE
2168 438 2577 498 CONFLICTU.

3332 427 3467 499 tisi

170 563 367 620 Amen
423 562 547 619 dico
596 562 776 633 vobis,
849 575 1170 638 receperunt
1241 566 1549 624 mercedem
1624 560 1777 623 suam
1811 577 1858 634 Α
1893 568 2065 623 stolus
2096 577 2319 624 econtra
2343 570 2420 624 ait
2454 588 2464 624 :
2513 593 2530 615 ι
2576 570 2696 625 Non
2725 579 2807 627 est
2840 578 3103 642 potestas,
3136 571 3245 628 nisi
3274 588 3305 628 a
3332 574 3446 629 Deo
3480 590 3493 639 ;

174 654 405 727 (Matth.
436 670 607 721 χχιιι,
637 656 705 724 5;
737 672 816 723 v1,
868 655 994 728 16);
1044 681 1063 705 ι
1124 655 1231 713 hoc
1276 666 1377 726 est,
1434 657 1621 714 laudes
1662 667 1797 714 tan-

167 751 309 801 tum
337 745 405 802 ab
439 744 762 802 hominibus
813 762 948 820 quas
991 756 1337 803 amaverunt.
1385 747 1627 803 Attende
1669 765 1796 821 ergo

168 835 293 891 tibi
326 836 385 893 in
414 836 673 893 omnibus
702 853 822 909 qua
878 837 1013 907 agis,
1074 853 1139 892 ne
1191 836 1510 893 cenodoxia
1560 838 1796 893 elatione

176 929 464 999 pulsatus,
491 944 617 984 cum
650 927 737 983 his
766 927 861 1001 qui
889 928 1052 985 etiam
1084 928 1151 984 de
1200 929 1593 984 miraculorum
1624 929 1795 1001 signis

177 1015 592 1087 gloriabantur,
657 1015 885 1072 audias:
954 1040 973 1063 ι
1025 1016 1293 1073 Videbam
1340 1017 1594 1072 Satanam
1652 1017 1796 1073 sicut

183 1105 391 1179 fulgur
416 1107 484 1163 de
512 1109 650 1165 calo
679 1108 963 1165 cadentem
1008 1109 1159 1181 (Luc.
1185 1126 1245 1178 χ,
1279 1110 1369 1180 18)
1399 1129 1411 1177 ;
1453 1133 1470 1156 ι
1514 1109 1607 1165 sed
1639 1109 1790 1178 time,

178 1211 325 1251 nam
355 1198 623 1270 scriptum
654 1204 736 1254 est
768 1216 781 1255 :
841 1198 1033 1255 Timor
1083 1197 1309 1254 Domini
1366 1199 1540 1270 gloria
1586 1206 1640 1253 et
1668 1199 1797 1269 glo-

173 1284 378 1352 riatio,
409 1287 601 1342 latitia
648 1295 705 1343 et
754 1303 959 1345 corona
1004 1288 1413 1344 exsultationis.
1471 1288 1659 1343 Timor
1688 1290 1792 1343 Do-

166 1375 325 1431 mini
354 1376 651 1433 delectabit
675 1394 789 1447 cor,
822 1387 875 1433 et
903 1376 1057 1433 dabit
1102 1376 1354 1433 latitiam
1403 1384 1455 1431 et
1503 1376 1788 1449 gaudium,

167 1475 231 1524 et
268 1468 678 1542 longitudinem
707 1470 946 1527 dierum.
988 1493 1007 1517 ι
1036 1469 1277 1525 Timenti
1325 1471 1624 1526 Dominum
1655 1470 1793 1526 bene

168 1556 293 1613 erit
325 1558 383 1614 in
413 1560 678 1616 extremis
714 1579 726 1617 :
761 1567 816 1616 et
843 1560 903 1616 in
930 1559 1020 1615 die
1049 1559 1426 1615 defunctionis
1455 1578 1566 1615 sua
1606 1560 1784 1615 bene-

168 1644 401 1701 dicetur
454 1648 627 1719 (Eccti
678 1665 718 1717 ι,
781 1648 896 1719 13).
950 1674 969 1699 ι
1044 1648 1118 1703 Ει
1165 1648 1355 1704 infra:
1412 1671 1431 1695 ι
1477 1648 1654 1705 Radix
1692 1666 1792 1705 sa-

166 1734 409 1807 pientia
437 1737 629 1794 timere
657 1737 981 1809 Dominum,
1013 1746 1068 1795 et
1110 1738 1249 1794 rami
1297 1737 1453 1796 illius
1502 1738 1792 1811 longitudo

168 1823 401 1880 dierum
437 1825 602 1898 (Ibid.
636 1828 752 1900 25).
785 1853 805 1878 ι

802 1964 1030 2023 CAPUT
1068 1967 1164 2024 IV.

685 2063 966 2122 Simulatio
1013 2066 1243 2139 suggerit
1267 2084 1286 2123 :

246 2178 397 2251 Quia
426 2180 487 2238 in
515 2182 841 2240 abscondito
871 2184 1016 2242 nihil
1045 2184 1178 2243 boni
1207 2185 1366 2255 facis,
1415 2203 1485 2244 ne
1514 2203 1546 2244 a
1573 2186 1789 2244 cunctis

165 2272 438 2344 cognitus
468 2272 776 2344 detesteris,
815 2273 962 2348 ﬁnge
1005 2282 1059 2331 te
1113 2274 1285 2359 foris,
1314 2274 1463 2349 quod
1491 2276 1644 2332 intus
1673 2290 1788 2332 esse

168 2377 298 2417 non
329 2362 564 2433 appetis.

532 2461 736 2535 Religio
764 2481 831 2519 ea:
857 2464 1080 2520 adverso
1107 2464 1388 2537 respondet
1416 2481 1429 2520 ε

248 2557 608 2633 Nequaquam
665 2561 895 2618 omnino
953 2562 1009 2619 id
1066 2579 1214 2636 agas,
1259 2561 1355 2619 sed
1389 2562 1564 2634 magis
1606 2569 1788 2635 satage

167 2643 365 2705 bonus
393 2648 535 2717 ﬁeri,
563 2650 711 2722 quod
742 2668 854 2706 non
882 2668 960 2707 es.
989 2651 1124 2706 Nam
1158 2650 1391 2723 probum
1423 2652 1709 2708 ostendere
1735 2661 1787 2708 te

170 2734 510 2793 hominibus
537 2738 684 2810 quod
710 2756 821 2795 non
851 2756 927 2807 es,
962 2738 1097 2812 quid
1126 2739 1278 2794 aliud
1311 2756 1475 2812 quam
1505 2740 1786 2797 damnatio

169 2834 262 2881 est
285 2824 315 2879 ’ἲ
344 2825 554 2882 Memor
582 2834 701 2883 esto
730 2828 921 2900 utique
953 2827 1100 2900 quod
1131 2828 1339 2886 dicitur
1372 2847 1383 2886 :
1433 2854 1451 2877 ι
1480 2829 1578 2886 Va
1605 2829 1784 2899 vobis,

171 2911 390 2969 Scriba
435 2920 489 2969 et
540 2914 801 2971 Pharisai
850 2915 1176 2989 hypocrita,
1211 2916 1306 2990 qui
1336 2917 1614 2974 mundatis
1640 2919 1786 2991 quod

172 2999 396 3057 deforis
422 3010 505 3059 est
532 3004 720 3061 calicis
768 3014 821 3061 et
872 3005 1199 3078 paropsidis,
1254 3006 1394 3062 istus
1422 3015 1605 3062 autem
1638 3007 1787 3079 pleni

172 3091 319 3147 estis
349 3093 539 3164 rapina
568 3101 621 3149 et
649 3094 1028 3152 immunditia.
1064 3087 1333 3153 Pharisae
1375 3114 1535 3166 caece,
1582 3097 1787 3153 munda

175 3182 341 3254 prius
372 3183 519 3255 quod
561 3184 714 3242 intus
741 3194 822 3243 est
850 3186 1038 3243 calicis
1077 3195 1131 3243 et
1158 3188 1488 3260 paropsidis,
1519 3196 1582 3244 ut
1611 3188 1707 3244 ﬁat
1733 3197 1787 3243 et

177 3271 261 3362 ν
307 3273 454 3346 quod
506 3274 713 3332 defoais
761 3284 843 3332 est
898 3276 1168 3333 mundum
1220 3280 1431 3349 (Matth.
1484 3296 1648 3348 xxm,
1695 3278 1782 3345 25,
1817 3302 1861 3362 C

172 3358 301 3433 2δ)-
333 3386 353 3410 ι
395 3363 640 3436 Itemque
694 3365 837 3421 illud
902 3366 1048 3438 quod
1103 3366 1433 3424 inculcanda
1475 3368 1776 3440 repetitur:
1827 3358 1841 3399 ῖ

185 3472 207 3496 ι
250 3448 351 3507 Va
403 3452 562 3509 vobis
590 3453 795 3509 Scriba
848 3462 901 3510 et
953 3454 1210 3511 Pharisai
1267 3456 1591 3529 hypocrita,
1651 3460 1781 3532 quia

171 3540 395 3598 similes
423 3544 555 3600 estis
583 3546 851 3617 sepulcris
884 3545 1173 3615 dealbatis,
1221 3564 1342 3620 qua
1391 3548 1526 3605 foris
1554 3551 1778 3622 quidem

170 3641 447 3705 apparent
474 3635 796 3692 hominibus
825 3638 1092 3709 speciosa,
1125 3638 1275 3695 intus
1304 3655 1436 3695 vero
1460 3641 1618 3711 plena
1652 3649 1779 3697 sunt

171 3721 398 3779 ossibus
423 3731 791 3794 mortuorum,
838 3733 893 3780 et
921 3725 1073 3782 omni
1122 3729 1423 3799 spurcitia:
1482 3731 1563 3786 sic
1599 3738 1652 3786 et
1680 3748 1779 3787 vos

170 3812 317 3872 foris
345 3813 566 3884 quidem
597 3815 800 3886 paretis
830 3814 1152 3873 hominibus
1187 3816 1346 3887 justi,
1399 3818 1548 3875 intus
1596 3828 1777 3876 autem

169 3904 330 3976 pleni
365 3904 498 3959 estis
520 3904 803 3976 hypocrisi
832 3914 886 3962 et
917 3905 1212 3978 iniquitate
1260 3907 1422 3977 (Ibid.
1469 3909 1559 3977 27,
1600 3909 1715 3981 28).
1745 3934 1763 3957 ι

169 3993 403 4051 Necnon
432 4000 487 4048 et
516 3992 656 4049 illud
688 3994 835 4066 quod
867 3994 934 4051 de
976 3996 1182 4053 talibus
1220 3998 1485 4069 scriptum
1530 3999 1731 4071 legitur
1761 4018 1772 4056 :

185 4107 205 4132 ι
246 4082 500 4140 Veniunt
529 4082 598 4139 ad
624 4100 723 4141 vos
749 4084 809 4140 in
829 4085 1176 4143 vestimentis
1197 4086 1409 4153 ovium,
1443 4088 1777 4146 intrinsecus

170 4183 361 4232 autem
390 4182 522 4232 sunt
551 4176 668 4249 lupi
698 4193 918 4250 rapaces
955 4177 1171 4250 (Matth.
1207 4194 1310 4249 vn,
1343 4179 1456 4251 15).
1490 4203 1510 4229 ι

805 4323 1035 4381 CAPUT
1074 4324 1144 4380 V.

750 4422 935 4477 Elatia
964 4420 1145 4490 objicit
1175 4438 1193 4476 :

245 4530 436 4603 Qualis
476 4550 534 4591 es
565 4541 650 4603 tu,
687 4541 750 4590 ut
779 4535 1059 4607 prioribus
1104 4534 1466 4608 obtemperes,
1527 4533 1777 4592 deterio-

174 4622 332 4721 ribus
359 4623 714 4721 famulatum
773 4623 1036 4721 exhibeas
1055 4624 1102 4721 7-
1125 4625 1199 4680 Te
1239 4625 1412 4721 magis
1449 4642 1612 4721 quam
1646 4627 1771 4721 illos
1801 4663 1849 4721 D

174 4708 331 4771 decet
354 4713 624 4786 imperare
649 4732 661 4770 :
692 4730 820 4770 nam
851 4714 935 4770 illi
961 4729 1063 4770 nec
1086 4714 1331 4787 ingenio,
1353 4731 1455 4771 nec
1474 4714 1767 4783 industria,

175 4809 270 4857 aut
296 4801 511 4858 viribus
531 4802 633 4858 tibi
663 4802 936 4876 coaquari
966 4812 1216 4875 possunt.
1249 4803 1577 4876 Obtempera
1606 4804 1776 4876 igitur

176 4890 409 4965 imperio
458 4892 579 4962 Dei,
638 4902 691 4950 et
746 4909 859 4950 non
919 4894 993 4950 sit
1048 4894 1151 4951 tibi
1222 4894 1457 4952 ulterius
1521 4910 1652 4952 cura
1707 4894 1776 4951 de

176 4982 382 5055 ahquo.

457 5081 627 5137 Beata
661 5088 837 5137 autem
866 5081 1146 5136 submissio
1178 5083 1493 5154 respondet:

248 5186 306 5244 Si
333 5188 431 5244 De]
450 5195 597 5244 recte
617 5187 1111 5260 obtemperandum
1135 5196 1217 5244 est
1248 5188 1501 5261 imperio,
1533 5190 1776 5247 humano

176 5275 333 5333 subdi
362 5293 581 5333 necesse
608 5284 691 5332 est
721 5277 1055 5348 magisterio.
1101 5276 1356 5333 Christus
1395 5295 1630 5353 namque
1672 5281 1777 5335 Do-

174 5366 359 5422 minus
386 5366 524 5422 dicit
556 5386 568 5423 :
614 5391 631 5414 ι
654 5368 761 5435 Qui
794 5383 890 5422 vos
916 5366 1090 5434 audit,
1124 5384 1211 5423 me
1241 5368 1397 5423 audit
1426 5386 1438 5434 ;
1472 5375 1526 5423 et
1556 5370 1648 5441 qui
1681 5387 1779 5426 vos

174 5457 403 5529 spernit,
431 5472 517 5512 me
540 5456 786 5528 spernit:
820 5457 914 5530 qui
944 5465 1126 5512 autem
1174 5473 1260 5512 me
1289 5458 1518 5529 spernit,
1570 5460 1778 5531 spernit

175 5559 295 5602 eum
312 5547 408 5620 qui
423 5562 510 5602 me
523 5546 677 5602 misit
692 5546 1008 5619 (Luc.x,16)
1022 5572 1058 5601 ,ι
1074 5547 1279 5603 Verum
1294 5547 1370 5603 ita
1381 5547 1526 5619 ﬁeri(
1536 5548 1775 5621 inquies)

177 5644 411 5708 oportet,
440 5636 537 5692 sed
579 5636 627 5692 si
684 5638 812 5693 talis
854 5636 949 5710 qui
981 5636 1213 5710 imperat
1254 5647 1413 5706 esset,
1461 5637 1641 5710 qualis
1663 5655 1779 5694 esse

177 5722 399 5785 deberet
427 5744 525 5801 per
553 5744 717 5802 quem
750 5730 896 5786 Deus
926 5728 1177 5802 imperet,
1211 5746 1337 5787 cum
1359 5745 1493 5786 vero
1524 5729 1648 5786 talis
1665 5745 1777 5786 non

180 5812 267 5887 sit,
299 5816 472 5889 igitur
490 5834 603 5875 non
635 5818 866 5878 debetur
893 5818 943 5875 ei
973 5818 1307 5878 obedientia.
1333 5819 1605 5878 Caterum
1633 5820 1775 5894 Apo-

1904 679 2023 735 qua
2052 672 2232 720 autem
2264 672 2411 733 sunt,
2446 681 2476 720 a
2517 665 2628 720 Deo
2670 663 2937 720 ordinata
2988 673 3137 723 sunt.
3182 668 3369 740 Itaque
3398 669 3495 741 qui

1905 753 2108 809 resistit
2154 755 2429 825 potestati,
2498 756 2598 811 Dei
2654 755 2993 811 ordinationi
3050 756 3252 813 resistit
3310 759 3487 825 (Rom.

1904 860 2029 912 xm,
2088 845 2139 912 1,
2198 844 2277 915 2).
2335 871 2353 892 ›
2422 845 2597 912 Quare
2644 862 2769 901 cum
2819 844 3096 900 ordinatio
3139 845 3255 901 hac
3299 846 3492 903 divino

1904 931 1976 986 sit
2015 931 2141 1003 jure
2192 934 2508 1002 constituta,
2560 950 2671 989 non
2728 942 2807 989 est
2848 934 3104 990 humanis
3152 935 3494 992 obscuranda

1904 1021 2249 1077 commentis.
2279 1023 2478 1089 Quales
2511 1039 2638 1095 ergo
2669 1039 2783 1079 esse
2829 1023 3063 1080 debeant
3088 1023 3146 1079 hi
3176 1025 3271 1097 qui
3312 1026 3497 1096 impe-

1907 1117 2048 1178 rant,
2098 1127 2208 1165 non
2249 1120 2330 1168 est
2381 1129 2412 1167 a
2466 1112 2702 1169 subditis
2753 1112 3185 1169 discutiendum.
3231 1114 3495 1187 Sequitur

1904 1201 2052 1256 enim
2104 1201 2250 1257 idem
2302 1202 2600 1275 Apostolus
2649 1222 2661 1260 :
2734 1227 2753 1251 ε
2808 1204 2915 1271 Qui
2965 1212 3145 1260 autem
3214 1203 3497 1272 resistunt,

1905 1289 2008 1360 ipsi
2069 1290 2175 1347 sibi
2220 1291 2628 1349 damnationem
2687 1293 2982 1365 acquirunt
3014 1294 3174 1364 (Ibid.
3241 1293 3321 1363 2).
3363 1317 3382 1340 ι
3426 1294 3501 1348 Ει

1903 1380 2126 1452 quidem
2169 1383 2362 1454 primis
2407 1384 2666 1441 Ecclesia
2714 1384 3025 1456 pastoribus
3073 1384 3186 1456 ipse
3226 1383 3497 1439 Dominus

1902 1469 2039 1527 dicit
2073 1489 2084 1527 :
2151 1497 2169 1519 ι
2199 1472 2363 1529 Scitis
2392 1474 2521 1546 quia
2562 1491 2714 1545 reges
2746 1474 2990 1547 gentium
3023 1473 3381 1529 dominantur
3409 1488 3498 1528 eo-

1902 1575 2063 1627 rum,
2118 1568 2172 1616 et
2233 1563 2329 1633 qui
2394 1571 2716 1633 potestatem
2807 1572 3067 1621 exercent
3145 1564 3289 1620 inter
3352 1578 3446 1619 eos
3479 1605 3496 1631 ,

1900 1649 2133 1706 beneﬁci
2174 1660 2441 1708 vocantur
2475 1671 2486 1708 :
2534 1670 2631 1709 vos
2683 1661 2866 1709 autem
2909 1670 3021 1710 non
3055 1655 3154 1723 sic,
3186 1653 3282 1709 sed
3313 1653 3409 1726 qui
3440 1653 3498 1708 in

1900 1740 2058 1795 vobis
2088 1748 2171 1796 est
2215 1740 2411 1813 major,
2441 1742 2546 1798 erit
2573 1743 2824 1799 omnium
2854 1759 3044 1800 servus
3092 1760 3103 1798 :
3147 1744 3291 1800 sicut
3321 1741 3498 1799 Filius

1901 1831 2145 1888 hominis
2179 1849 2291 1889 non
2339 1835 2493 1891 venit
2544 1834 2867 1903 ministrari,
2916 1834 3012 1891 sed
3050 1834 3389 1903 ministrare,
3443 1843 3499 1892 et

1818 1940 1867 2000 B
1898 1922 2138 1979 animam
2188 1940 2341 1980 suam
2396 1925 2526 1982 dare
2568 1943 2667 1999 pro
2714 1927 2905 1983 multis
2951 1926 3011 1982 in
3058 1924 3496 1998 redemptionem

1901 2012 2112 2083 (Matth.
2144 2029 2242 2083 xx,
2287 2014 2488 2083 23-28;
2548 2017 2679 2086 Luc,
2742 2033 2888 2086 χχιι,
2922 2015 3012 2086 25,
3039 2015 3152 2088 26).
3185 2040 3207 2064 ι
3245 2015 3497 2089 Denique

1897 2101 2027 2174 quia
2076 2119 2188 2158 non
2235 2120 2426 2160 omnes
2472 2105 2607 2161 tales
2646 2103 2864 2161 futuros
2894 2121 3011 2162 esse
3040 2104 3336 2177 expressit,
3365 2103 3493 2160 ideo

1897 2190 2270 2264 subjectorum
2318 2194 2569 2250 omnium
2615 2212 2875 2267 personas
2906 2195 2965 2250 in
3004 2194 3294 2266 discipulis
3349 2209 3498 2249 assu-

1898 2296 2072 2349 mens,
2105 2283 2437 2353 praemonuit
2464 2283 2655 2340 dicens
2687 2303 2699 2340 :
2748 2285 2958 2357 «Super
2978 2283 3296 2340 cathedram
3319 2282 3499 2355 Moysi

1898 2370 2157 2427 sederunt
2188 2372 2390 2429 Scriba
2420 2381 2474 2429 et
2503 2373 2767 2431 Pharisaei
2797 2418 2813 2443 ,
2846 2374 3034 2431 omnia
3062 2390 3400 2447 quacunque
3416 2373 3498 2428 di-

1896 2460 2084 2516 xerint
2110 2461 2290 2531 vobis,
2321 2471 2534 2518 servate
2587 2471 2641 2518 et
2675 2463 2875 2520 facite:
2910 2480 3031 2536 qua
3063 2474 3248 2519 autem
3285 2461 3497 2517 faciunt

1898 2552 2071 2606 nolite
2118 2552 2316 2608 facere.
2363 2555 2665 2626 Imponunt
2701 2555 2849 2609 enim
2884 2554 2942 2610 in
2972 2553 3232 2610 humeros
3302 2552 3497 2609 homi—

1896 2657 2031 2696 num
2062 2659 2226 2698 onera
2256 2644 2444 2715 gravia
2472 2652 2526 2700 et
2555 2644 2951 2716 importabilia,
2986 2643 3160 2716 digito
3188 2652 3368 2701 autem
3393 2661 3493 2699 suo

1895 2730 2094 2785 nolunt
2122 2747 2184 2787 ea
2214 2748 2434 2788 movere
2467 2732 2679 2804 (Matth.
2713 2749 2882 2799 xxm,
2915 2731 3053 2806 2-4).
3088 2758 3108 2782 ι

2515 2846 2743 2906 CAPUT
2787 2847 2881 2905 VI.

2425 2946 2556 3002 Item
2607 2945 2816 3002 invidia
2870 2945 3045 3002 dicit:

1967 3052 2030 3107 In
2059 3069 2167 3126 quo
2214 3052 2313 3110 illo
2341 3054 2429 3110 vel
2476 3055 2583 3111 isto
2628 3056 2813 3111 minor
2860 3055 2961 3113 es?
2996 3071 3097 3112 cur
3135 3070 3264 3128 ergo
3289 3055 3369 3112 eis
3396 3054 3489 3114 vel

1895 3143 2121 3214 aqualis
2141 3145 2227 3199 vel
2258 3144 2509 3215 superior
2536 3161 2647 3205 non
2678 3162 2734 3202 es
2755 3146 2783 3201 ‘i
2811 3146 3029 3213 Quanta
3054 3146 3203 3202 vales
3229 3162 3351 3219 qua
3380 3146 3489 3219 ipsi

1895 3248 2006 3288 non
2028 3234 2255 3289 valent?
2284 3235 2405 3290 Non
2435 3250 2562 3308 ergo
2593 3236 2697 3292 tibi
2728 3246 2824 3293 aut
2843 3237 3174 3309 superiores,
3197 3244 3291 3295 aut
3318 3237 3485 3294 etiam

1889 3323 2124 3395 aquales
2150 3338 2263 3379 esse
2299 3322 2521 3379 debent.

2181 3421 2370 3480 Verum
2396 3421 2602 3477 dilectio
2624 3422 2871 3492 fraterna
2899 3424 3195 3495 respondet:

1959 3519 2016 3574 Si
2042 3525 2288 3588 caeteros,
2319 3536 2353 3576 ο
2384 3518 2571 3588 homo,
2603 3519 2907 3576 virtutibus
2935 3520 3264 3578 antecellere
3288 3530 3342 3579 te
3369 3522 3488 3578 exi-

1889 3607 2099 3676 stimas,
2133 3608 2309 3665 tutius
2338 3608 2397 3663 in
2425 3607 2619 3664 inﬁmo
2640 3625 2803 3681 quam
2830 3609 2888 3665 in
2905 3626 3121 3667 summo
3154 3613 3274 3669 loco
3293 3620 3484 3671 temet-

1888 3698 2071 3769 ipsum
2137 3698 2400 3755 servabis.
2459 3699 2686 3771 Semper
2731 3699 2879 3755 enim
2937 3700 3005 3756 de
3062 3701 3174 3757 alto
3218 3702 3371 3775 pejor
3422 3702 3521 3781 ﬁt.

1887 3788 2066 3844 ruina.
2099 3789 2257 3857 Quod
2285 3790 2331 3846 si
2375 3789 2500 3854 tibi,
2532 3797 2594 3845 ut
2619 3790 2841 3859 asseris,
2891 3790 3118 3863 quidam
3150 3793 3483 3865 superiores,

1887 3877 1981 3932 alii
2025 3881 2260 3951 aquales
2286 3888 2435 3947 sunt,
2476 3879 2609 3953 quid
2653 3887 2704 3935 te
2745 3880 2943 3936 ladit?
2990 3880 3125 3954 quid
3169 3888 3224 3937 te
3262 3890 3427 3938 nocet
3456 3883 3486 3940 ?

1888 3965 2031 4022 Cave
2060 3984 2303 4039 prorsus,
2335 3986 2401 4024 ne
2432 3967 2564 4025 dum
2595 3968 2720 4025 aliis
2751 3970 2934 4025 locum
2965 3970 3315 4027 celsitudinis
3343 3972 3486 4028 invi-

1887 4056 2003 4124 des,
2034 4058 2192 4112 illum
2224 4058 2460 4114 imiteris
2505 4058 2572 4114 de
2614 4075 2724 4131 quo
2752 4059 3019 4131 scriptum
3052 4068 3135 4116 est
3166 4078 3178 4116 :
3224 4086 3242 4109 ι
3268 4061 3489 4118 Invidia

1886 4145 2093 4202 diaboli
2134 4163 2289 4204 mors
2331 4147 2589 4205 introivit
2618 4149 2677 4205 in
2706 4149 2895 4206 orbem
2926 4160 3199 4207 terrarum
3233 4151 3388 4224 (Sap.
3422 4169 3485 4222 ιι,

1888 4236 2002 4308 24).
2052 4263 2070 4285 ι
2129 4238 2424 4294 Imitantur
2471 4247 2653 4295 autem
2703 4240 2863 4297 illum
2916 4242 3012 4314 qui
3058 4259 3128 4299 ex
3171 4250 3326 4316 parte
3367 4242 3489 4315 ejus

1887 4334 2035 4382 sunt.

2493 4426 2720 4484 CAPUT
2759 4427 2878 4485 VII.

2485 4515 2677 4571 Odium
2704 4515 2833 4571 dicit
2864 4531 2876 4568 :

1954 4621 2116 4678 Absit
2143 4629 2206 4677 ut
2234 4629 2295 4677 tu
2323 4622 2479 4678 illum
2520 4623 2738 4695 diligas,
2767 4638 2929 4695 quem
2960 4621 3018 4678 in
3047 4622 3311 4681 omnibus
3338 4638 3476 4681 con-

1884 4710 2114 4767 trarium
2149 4711 2336 4779 habes,
2381 4713 2475 4784 qui
2523 4712 2625 4767 tibi
2662 4711 2906 4783 derogat,
2942 4712 3038 4785 qui
3081 4712 3182 4769 tibi
3217 4713 3476 4783 insultat,

1882 4798 1977 4871 qui
2014 4806 2068 4854 te
2119 4798 2338 4871 injuriis
2368 4799 2676 4867 exacerbat,
2709 4799 2803 4871 qui
2836 4800 2937 4855 tibi
2976 4809 3199 4873 peccata
3223 4808 3319 4856 tua
3345 4801 3469 4856 im-

1884 4901 2155 4965 properat,
2211 4893 2305 4965 qui
2353 4900 2407 4947 te
2436 4891 2627 4959 dictis,
2667 4891 2924 4963 operibus
2962 4901 3124 4966 atque
3158 4887 3480 4950 honoribus

1884 4999 2097 5054 semper
2141 4982 2333 5054 praire
2380 4980 2620 5037 festinat.
2670 4981 2787 5037 Nisi
2836 4982 2984 5038 enim
3033 4983 3138 5040 tibi
3177 4982 3476 5052 invideret,

1885 5087 2227 5144 nequaquam
2260 5087 2316 5127 se
2347 5070 2447 5127 tibi
2470 5070 2548 5126 ita
2568 5071 2867 5143 praeferret.

2206 5171 2305 5227 Sed
2332 5171 2537 5227 sincera
2566 5171 2800 5226 charitas
2829 5172 3105 5243 respondet
3141 5188 3152 5228 :

1954 5269 2216 5342 Nunquid
2267 5269 2396 5343 quia
2445 5270 2561 5326 hac
2602 5287 2721 5344 qua
2777 5287 2985 5338 narras,
3042 5270 3172 5326 odio
3224 5267 3480 5327 habenda

1886 5368 2015 5416 sunt
2044 5360 2102 5415 in
2130 5359 2376 5427 homine,
2409 5370 2696 5432 propterea
2721 5376 2831 5415 non
2850 5368 2931 5415 est
2960 5359 3194 5414 amanda
3214 5359 3314 5416 Dei
3344 5359 3478 5416 ima-

1889 5470 1953 5525 go
1985 5453 2042 5508 in
2072 5452 2296 5507 homine
2328 5452 2356 5509 ‘2
2391 5454 2508 5508 Imo
2538 5452 2811 5519 Christus,
2844 5451 2937 5523 qui
2968 5450 3026 5505 in
3071 5467 3234 5508 cruce
3268 5451 3479 5523 positus

1889 5546 2147 5603 inimicos
2193 5565 2321 5603 suos
2349 5546 2568 5614 dilexit,
2597 5555 2648 5601 et
2680 5562 2777 5616 pro
2806 5545 2884 5600 eis
2913 5545 3094 5602 oravit
3125 5545 3279 5619 (Luc.
3309 5563 3478 5618 χχιιι,

1888 5634 2144 5708 34),ειιιιθ
2173 5637 2353 5693 crucis
2376 5644 2711 5692 tormentum
2744 5634 3044 5707 discipulos
3064 5635 3376 5703 admonuit,
3396 5636 3477 5692 di-

1889 5744 2035 5785 cens:
2057 5754 2073 5775 ε
2088 5728 2313 5801 Diligite
2333 5729 2592 5786 inimicos
2603 5734 2813 5785 vestros
2829 5726 3136 5786 benefacite
3155 5728 3245 5787 his
3264 5729 3361 5803 qui
3378 5744 3476 5785 vos

1890 5820 2147 5891 oderunt,
2178 5810 2231 5876 et
2258 5827 2407 5877 orate
2434 5837 2533 5893 pro
2553 5819 3004 5893 persequentibus
3026 5828 3081 5877 et
3107 5819 3463 5879 calumnian-
