3940 6368
458 425 598 494 1155

1537 419 1634 482 AD
1673 422 1906 482 OPERA
1943 424 1999 482 s.
2039 419 2371 481 AMBROSII
2401 407 2778 478 APPENDIX.

3635 400 3788 474 1186

459 561 608 620 tibus
638 574 777 614 vos:
821 562 886 612 ut
913 554 1036 612 sitis
1081 553 1185 610 ﬁlii
1234 551 1410 609 Patris
1440 553 1630 620 vestri,
1662 557 1758 628 qui
1805 550 1861 605 in
1900 549 2056 606 cmlis
2083 560 2135 619 Α
2165 555 2315 604 creto
2371 546 2593 603 silentio
2641 543 2974 601 detractores
3032 540 3140 598 sibi
3195 539 3628 614 applauderent,
3682 537 3785 615 qui

461 658 545 710 est
574 647 789 721 (Matth.
821 662 878 712 γ,
908 643 1000 713 44,
1029 643 1146 713 45).
1195 668 1214 692 »
1269 642 1427 710 Quod
1455 650 1580 698 ante
1609 653 1662 701 et
1689 659 1786 716 per
1811 639 2052 696 Salomo-

461 756 587 798 nem
619 736 830 793 dictum
881 733 1078 800 fuerat,
1123 732 1204 789 sic
1249 731 1395 788 enim
1445 732 1691 804 legitur:
1749 754 1766 778 ε
1797 729 1850 786 Si
1884 727 2054 782 esurit

464 827 728 885 inimicus
752 833 902 893 tuus,
927 823 1050 879 ciba
1078 822 1268 876 illum':
1303 821 1347 876 si
1377 821 1514 889 sitit,
1546 821 1614 877 da
1643 820 1829 876 bibere
1853 818 1924 884 ei;
1949 817 2055 874 hoc

465 919 614 974 enim
675 915 902 982 faciens,
951 911 1216 968 carbones
1272 909 1414 979 ignis
1470 908 1844 966 accumulabis
1893 922 2056 978 super

466 1013 632 1080 caput
675 1002 812 1074 ejus,
844 1010 897 1058 et
933 999 1203 1056 Dominus
1248 997 1514 1054 retribuet
1555 997 1658 1052 tibi
1690 996 1834 1051 bona
1866 995 2053 1064 (Prov.

467 1113 608 1161 xxv,
640 1095 728 1162 21,
765 1091 904 1162 22).»
951 1087 1091 1144 liuic
1118 1087 1402 1142 sententiae
1431 1087 1729 1158 Apostolus
1761 1101 1830 1140 ex
1859 1081 2060 1156 spiritu

469 1181 698 1249 Christi,
727 1179 884 1250 cujus
912 1193 1132 1232 sensum
1164 1175 1394 1231 habebat
1426 1176 1483 1246 (Ι
1514 1175 1639 1232 Cor.
1673 1191 1734 1242 ιι,
1756 1173 1868 1244 16),
1919 1170 2060 1227 sub-

465 1273 652 1348 jungit
698 1269 887 1326 dicens
921 1285 933 1324 :
998 1289 1017 1312 »
1062 1265 1186 1320 Noli
1217 1265 1428 1320 vincia
1458 1265 1625 1334 malo,
1677 1261 1772 1318 sed
1811 1261 1972 1317 vince
2002 1259 2060 1314 in

467 1362 614 1420 bono
645 1359 846 1414 malum
881 1356 1055 1428 (Rom.
1073 1353 1306 1425 1111,21).
1329 1378 1348 1401 »
1381 1353 1537 1420 Quod
1562 1360 1753 1410 contra
1767 1351 1834 1408 de
1859 1350 1947 1406 his
1967 1348 2061 1422 qui

470 1452 664 1510 fratres
691 1449 869 1506 odisse
896 1453 1218 1511 noscuntur,
1243 1461 1336 1516 per
1349 1445 1614 1499 Joannem
1645 1442 1881 1500 dicitur:
1921 1467 1938 1488 ι
1957 1437 2062 1506 Qui

475 1541 596 1598 odit
625 1540 848 1596 fratrem
881 1533 1361 1604 suum,homicida
1389 1541 1488 1590 est.
1512 1535 1584 1589 Et
1613 1532 1766 1589 scitis
1787 1530 1934 1604 quod
1950 1547 2063 1586 om-

473 1630 563 1688 nis
619 1627 900 1685 homicida
931 1642 1043 1682 non
1073 1623 1236 1680 habet
1264 1623 1437 1679 vitam
1469 1631 1726 1678 aeternam
1758 1622 1816 1676 in
1854 1635 1911 1675 se
1939 1635 2070 1674 ma-

474 1729 697 1778 nentem
723 1720 780 1791 (Ι
815 1719 973 1774 Joan.
1003 1733 1088 1784 ιιι,
1124 1715 1236 1786 15).
1286 1740 1304 1763 »
1351 1714 1423 1768 Et
1452 1728 1668 1768 rursum
1703 1728 1714 1766 :
1764 1733 1783 1756 «ι
1812 1707 1917 1776 Qui
1948 1706 2066 1763 odit

474 1810 698 1868 fratrem
716 1825 900 1876 suum,
928 1806 986 1862 in
1016 1803 1255 1862 tenebris
1283 1810 1384 1871 est,
1416 1809 1470 1858 et
1499 1801 1558 1856 in
1589 1798 1831 1857 tenebris
1861 1795 2068 1852 ambu-

2160 633 2292 691 dum
2323 651 2536 708 semper
2566 635 2780 692 occulte
2832 631 3095 704 derogare
3152 631 3388 698 malunt,
3456 646 3785 704 numquam

2162 724 2221 780 in
2248 732 2493 796 apertam
2543 725 2942 783 correctionem
2995 721 3318 796 prosiliunt,
3347 719 3535 778 adhuc
3580 720 3788 778 subin-

2164 814 2375 870 fertur:
2425 839 2442 860 ι
2482 813 2828 869 Existimasti
2880 811 3227 885 iniquitatem
3276 811 3425 884 quod
3481 827 3582 867 ero
3613 808 3712 868 tui
3740 810 3790 866 si

2165 901 2314 956 milis
2350 902 2566 973 (Ibid).
2601 926 2618 950 »
2650 903 2731 959 Ac
2759 903 2802 957 si
2823 901 3030 958 diceret
3060 919 3071 956 :
3107 900 3378 972 Iniquitas
3395 907 3480 955 est
3501 899 3787 972 cogitare,

2165 997 2228 1046 ut
2265 990 2562 1047 detractori
2591 991 2792 1047 similis
2821 1005 3132 1062 appaream,
3162 987 3256 1044 sed
3281 987 3349 1044 ad
3387 996 3616 1062 tempus
3651 989 3792 1043 reti-

2167 1096 2317 1148 cens,
2367 1080 2553 1137 locum
2609 1079 2944 1152 correptioni
2992 1087 3178 1152 aptum
3236 1087 3487 1152 expecto.
3525 1077 3695 1136 Unde
3735 1083 3793 1133 et

2167 1169 2418 1240 protinus
2461 1168 2650 1225 subdit
2683 1188 2696 1226 :
2761 1195 2779 1217 ι
2807 1170 3047 1242 Arguam
3077 1177 3152 1236 te,
3209 1177 3263 1225 et
3292 1177 3528 1226 statuam
3579 1177 3795 1226 contra

2169 1259 2362 1316 faciem
2395 1266 2546 1316 tuam
2591 1267 2813 1332 peccata
2857 1269 2953 1316 tua
2994 1259 3211 1332 (Ibid.),
3241 1283 3260 1307 »
3303 1260 3480 1317 veluti
3509 1258 3738 1316 diceret
3775 1277 3788 1314 :

2169 1351 2290 1407 Non
2321 1352 2381 1408 in
2411 1352 2650 1420 occulto,
2683 1359 2746 1408 ut
2773 1359 2858 1408 est
2885 1358 2981 1408 tua
3008 1351 3372 1420 consuetudo,
3401 1351 3498 1408 sed
3529 1351 3590 1407 in
3623 1367 3792 1423 aper-

2171 1451 2250 1511 to,
2280 1450 2342 1498 ut
2379 1450 2462 1499 est
2492 1459 2611 1498 mea
2644 1442 2985 1510 sollicitudo,
3016 1450 3206 1515 aptum
3245 1441 3586 1516 corripiendi
3643 1449 3793 1498 tem-

2174 1549 2275 1606 pus
2305 1541 2646 1606 exspectans,
2681 1543 3023 1606 peccatorem
3050 1549 3296 1606 arguam,
3357 1541 3411 1589 et
3458 1531 3579 1604 ejus
3642 1532 3795 1589 deli-

2173 1629 2262 1678 cta
2289 1629 2483 1680 contra
2515 1622 2712 1680 faciem
2743 1623 2895 1680 illius
2951 1631 3209 1681 statuam.
3254 1626 3328 1678 At
3368 1621 3594 1694 inquis:
3658 1621 3796 1677 Non

2174 1711 2289 1780 odi,
2329 1711 2426 1768 sed
2481 1728 2606 1768 amo
2643 1729 2806 1786 quem
2845 1712 2923 1770 ita
2978 1713 3037 1769 in
3093 1711 3417 1770 abscondito
3461 1709 3799 1783 dijudicans

2175 1801 2539 1874 reprehendo.
2599 1802 2704 1858 Sed
2768 1801 3116 1876 respondet:
3201 1802 3320 1858 lmo
3385 1799 3562 1872 magis
3629 1799 3801 1856 hunc

476 1900 573 1969 lat,
609 1907 662 1956 et
689 1897 864 1956 nescit
893 1913 1002 1970 quo
1048 1901 1154 1963 eat,
1186 1893 1446 1967 quoniam
1477 1887 2063 1987 tenebrzeoobcaecave-
2099 1926 2146 1987 Β
2177 1891 2318 1960 odis,
2349 1898 2404 1947 et
2430 1907 2542 1947 non
2586 1891 2775 1964 diligis
2809 1908 2822 1947 :
2882 1891 3030 1948 unde
3081 1889 3347 1960 detrahis,
3405 1898 3462 1946 et
3501 1905 3614 1946 non
3649 1905 3803 1948 cor-

482 1998 613 2046 runt
638 1989 828 2045 oculos
856 1985 974 2058 ejus
999 1985 1056 2057 (I
1076 1984 1233 2039 Joan.
1262 1999 1326 2050 ιι,
1367 1981 1480 2053 11).
1525 2004 1544 2026 »
1595 1982 1691 2046 At,
1731 1975 1936 2048 inquis,
1955 1973 2067 2030 suf-

481 2077 600 2136 ﬁcit
633 2075 772 2132 mihi
811 2073 958 2148 quod
1001 2078 1246 2129 amantes
1294 2086 1380 2125 me
1411 2067 1600 2140 diligo.
1647 2065 1752 2122 Sed
1797 2064 2068 2121 Dominus

483 2174 672 2226 contra
699 2165 776 2220 ait
802 2183 813 2220 :
860 2190 878 2213 ι
906 2163 962 2219 Si
993 2161 1226 2234 diligitis
1249 2177 1342 2215 eos
1369 2158 1465 2230 qui
1501 2174 1594 2212 vos
1621 2155 1881 2227 diligunt,
1903 2168 2068 2226 quam

486 2255 792 2314 mercedem
813 2253 1087 2310 habebitis
1107 2253 1134 2307 ?
1154 2251 1344 2307 Nonne
1367 2257 1420 2304 et
1434 2245 1716 2321 publicani
1735 2244 1841 2301 hoc
1860 2243 2070 2300 faciunt

491 2346 704 2419 (Matth.
728 2343 939 2416 v,46)?-
956 2341 1098 2410 Quid
1113 2347 1193 2410 tu,
1212 2337 1480 2406 homo,ad
1503 2336 1607 2392 hoc
1624 2335 1821 2392 iterum
1834 2331 2072 2404 objicere

485 2435 668 2492 vales?
684 2433 842 2490 Certe
871 2457 887 2478 ι
912 2425 1018 2498 Qui
1038 2430 1154 2486 odit
1175 2429 1397 2483 fratrem
1419 2441 1602 2492 suum,
1627 2431 1806 2478 manet
1828 2421 2072 2477 inmorte

492 2525 553 2598 (Ι
569 2524 726 2579 Joan.
752 2519 984 2592 ιιι,14),»
1013 2526 1064 2575 et
1081 2518 1174 2590 qui
1198 2515 1406 2588 diligit,
1427 2514 1483 2569 in
1504 2516 1616 2570 Deo
1634 2519 1836 2578 manet,
1859 2517 1912 2565 et
1929 2511 2075 2566 Deus

485 2617 546 2674 in
575 2633 638 2674 eo
661 2615 889 2686 (IJoan.
923 2610 1112 2679 1v,15,
1147 2609 1259 2680 16).
1305 2633 1323 2653 ι
1352 2607 1582 2663 Omnem
1614 2621 1742 2677 ergo
1757 2600 2074 2660 amaritudi-

486 2723 611 2764 nem
636 2703 785 2760 fellis
808 2717 1023 2769 evome,
1040 2706 1326 2770 etquoquo
1348 2704 1504 2770 pacto
1521 2691 2078 2761 valueris,charitatis

487 2794 837 2853 dulcedinem
854 2787 1184 2846 sume.Nihil
1207 2789 1353 2841 enim
1373 2787 1468 2840 illa
1481 2781 1872 2848 suavius,nihil
1891 2782 1946 2836 in
1963 2780 2081 2835 vita

487 2885 726 2952 beatius,
755 2881 896 2939 sicut
925 2879 1192 2950 scriptum
1215 2885 1296 2932 est
1320 2895 1331 2933 :
1372 2900 1389 2922 ι
1416 2875 1616 2932 Odium
1647 2870 1935 2928 suscitahit
1953 2885 2080 2926 con-

488 2972 793 3032 tentionem
825 2989 839 3038 ;
880 2985 1070 3026 omnes
1097 2973 1277 3022 autem
1307 2981 1420 3020 non
1454 2960 1846 3020 contendentes
1875 2959 2083 3030 operiet

487 3062 733 3120 amicitia
763 3063 950 3131 (Prov.
979 3075 1036 3124 x,
1063 3057 1174 3128 12).
1193 3081 1212 3104 ι
1248 3058 1366 3112 Imo
1392 3065 1446 3111 et
1472 3056 1585 3110 Deo
1614 3070 1714 3109 nos
1738 3052 1834 3108 illa
1853 3051 2084 3109 confor-

487 3169 636 3212 mare
665 3149 950 3210 contendit
975 3167 988 3216 ;
1013 3147 1138 3204 ideo
1166 3147 1404 3202 Joannes
1431 3144 1765 3217 evangelista
1798 3143 1904 3198 hoc
1943 3141 2084 3197 aﬂir-

491 3261 648 3302 mans
693 3242 772 3300 ait
805 3257 817 3296 :
863 3266 879 3288 ι
916 3241 1062 3296 Deus
1090 3237 1330 3295 charitas
1357 3245 1438 3292 est
1460 3238 1518 3308 (I
1541 3237 1699 3291 Joan.
1732 3252 1808 3302 ιν,
1837 3233 1915 3305 7).
1950 3257 1969 3280 »
2013 3235 2085 3288 Ει

489 3333 735 3408 egregius
763 3330 1087 3404 praedicator
1117 3328 1316 3384 Paulus
1354 3344 1366 3381 ε
1415 3352 1432 3374 ι
1462 3325 1714 3382 Charitas
1740 3323 1838 3380 Dei
1885 3321 2085 3378 diffusa

485 3434 568 3483 est
583 3425 640 3481 in
665 3423 922 3482 cordibus
945 3420 1148 3478 nostris
1174 3436 1268 3492 per
1288 3417 1554 3491 Spiritum
1581 3425 1854 3486 sanctum,
1877 3415 1967 3488 qui
1992 3415 2083 3471 da-

484 3523 576 3573 tus
603 3523 685 3570 est
713 3513 875 3570 nobis
908 3512 1084 3584 (Rom.
1109 3509 1254 3581 v,5).
1277 3533 1296 3557 »
1340 3507 1496 3564 Unde
1526 3524 1626 3564 nec
1660 3504 1940 3562 immerito
1959 3504 2083 3560 cha-

487 3610 621 3666 ritas
634 3609 966 3664 delictorum
981 3603 1226 3659 facinora
1241 3610 1420 3671 tegere
1432 3598 1805 3666 dicitur,sicut
1818 3598 2086 3668 scriptum

489 3706 590 3755 est:
629 3721 648 3747 ι
665 3698 932 3754 Universa
955 3695 1157 3773 delicta
1176 3691 1355 3764 operit
1373 3689 1678 3759 charitas(I
1695 3687 1842 3744 Petr.
1867 3701 1943 3754 IV,
1965 3685 2072 3756 8).»

1083 3830 1312 3890 CAPUT
1344 3829 1491 3887 VIII.

1036 3931 1307 3989 Detractio
1363 3931 1492 3987 dicit
1522 3948 1540 3985 :

568 4041 705 4111 Quis
731 4048 910 4114 potest
939 4040 1233 4108 sustinere,
1258 4038 1382 4112 quis
1419 4039 1642 4095 silentio
1672 4045 1873 4110 tegere,
1905 4049 2092 4107 quan-

496 4139 554 4187 ta
582 4130 685 4186 iste
708 4131 796 4186 vel
825 4130 921 4186 ille
951 4145 1119 4201 prava
1169 4126 1488 4195 committit,
1519 4127 1627 4183 nisi
1657 4126 1798 4183 forte
1832 4123 1930 4196 qui
1963 4137 2090 4177 con.

500 4217 716 4276 sentit?
763 4255 772 4263 .

854 4312 928 4368 At
947 4311 1099 4383 juxta
1122 4310 1382 4380 correptio
1411 4309 1690 4380 respondet
1721 4324 1739 4363 :

571 4417 682 4475 Nec
701 4415 930 4474 tacenda
949 4423 1078 4472 sunt
1098 4414 1240 4470 mala
1260 4412 1522 4487 proximi,
1559 4429 1658 4490 qec
1681 4412 2090 4470 consentienda:

507 4507 604 4565 sed
655 4505 922 4565 charitate
965 4505 1204 4562 fraterna
1260 4501 1548 4576 proximus
1596 4501 1652 4557 in
1690 4500 1884 4556 faciem
1915 4501 2095 4556 redar-

509 4596 754 4672 guendus
803 4606 907 4666 est,
966 4612 1078 4651 non
1115 4603 1299 4650 autem
1347 4592 1662 4648 clanculum
1703 4589 2092 4647 detrahendus.

503 4687 659 4756 Quod
691 4687 736 4742 si
765 4703 797 4743 a
827 4685 1083 4760 quopiam
1105 4681 1386 4756 objicitur,
1437 4680 1643 4737 idcirco
1670 4695 1726 4736 se
1756 4678 1978 4734 fratrem
2008 4695 2094 4734 co-

501 4794 616 4835 ram
647 4777 824 4834 oculis
853 4777 1132 4848 increpare
1161 4774 1332 4841 nolle,
1359 4789 1427 4828 ne
1457 4778 1804 4844 exasperatus
1849 4783 1957 4824 non
1999 4785 2098 4824 so-

502 4868 619 4926 lum
666 4883 778 4924 non
816 4867 1088 4940 proﬁciat,
1119 4865 1215 4922 sed
1246 4865 1418 4937 magis
1463 4881 1533 4921 ex
1574 4863 1916 4935 correptione
1947 4877 2098 4918 scan-
2168 4861 2177 4868 ’

510 4960 694 5018 dalum
727 4968 928 5028 sumat,
961 4959 1204 5015 occurrit
1261 4957 1543 5030 Scriptura
1589 4955 1801 5024 divina,
1847 4962 1902 5010 et
1941 4970 2099 5010 versa

508 5048 633 5106 vice
671 5050 844 5120 magis
873 5048 1268 5105 detractionem
1307 5047 1626 5104 scandalum
1652 5063 1765 5102 esse
1785 5045 2096 5114 denuntiat,

505 5140 698 5198 dicens
729 5157 741 5194 :
807 5164 826 5187 ι
879 5139 1082 5197 Sedens
1118 5139 1382 5196 adversus
1410 5139 1634 5194 fratrem
1666 5147 1824 5194 tuum
1849 5135 2097 5192 detrahe-

505 5229 626 5299 bas,
667 5237 721 5286 et
749 5229 1012 5287 adversus
1062 5229 1238 5286 filium
1289 5231 1480 5284 matris
1517 5236 1623 5284 tua;
1672 5226 1912 5299 ponebas
1947 5241 2098 5282 scan-

513 5321 699 5378 dalum
735 5323 907 5394 (Psat.
940 5339 1098 5391 xmx,
1128 5322 1245 5394 20).
1294 5346 1313 5370 »
1357 5322 1528 5394 Magis
1579 5321 1725 5376 enim
1779 5321 2098 5377 scandalum

510 5411 683 5468 sumit
731 5411 826 5484 qui
857 5412 966 5468 sibi
999 5411 1376 5468 detrahentem
1419 5410 1699 5482 intelligit,
1729 5426 1889 5482 quam
1917 5411 2012 5482 qui
2043 5426 2100 5466 se

515 5505 904 5576 corripientem
952 5508 1147 5565 cernit.
1195 5508 1267 5562 Et
1313 5507 1442 5580 quia
1490 5523 1884 5581 nonnunquam
1928 5507 2100 5563 delin-

515 5594 806 5668 quentium
848 5604 1044 5662 errata,
1093 5605 1156 5652 ut
1191 5596 1389 5668 aptiori
1442 5604 1685 5668 tempore
1735 5597 2100 5670 corrigantur,

465 5705 479 5726 ο
519 5682 748 5740 silentio
775 5686 1005 5754 tegenda
1031 5693 1180 5754 sunt,
1211 5693 1496 5757 propterea
1527 5684 1896 5759 subjungitur:
1941 5687 2102 5742 «Haec

513 5770 720 5846 fecisti,
749 5778 803 5826 et
831 5773 976 5828 tacui
1008 5774 1171 5848 (Ibid.
1193 5775 1307 5846 21).
1332 5799 1352 5823 ι
1398 5774 1645 5848 Denique
1673 5791 1742 5832 ne
1763 5792 1832 5832 ex
1859 5775 1963 5831 hoc
1990 5774 2098 5830 dis-

2123 4641 2172 4700 D

2178 1979 2333 2052 ripis.
2378 1981 2553 2048 Quam
2608 1981 2681 2038 sit
2735 1989 2919 2038 autem
2975 1979 3297 2038 detestanda
3346 1978 3617 2036 detractio
3662 1995 3800 2052 pro-

2175 2069 2338 2139 ximi,
2389 2071 2664 2144 plerisque
2711 2071 2768 2128 in
2827 2070 2963 2128 locis
2991 2069 3211 2144 eloquia
3237 2069 3430 2127 divina
3471 2076 3790 2126 testantur.

2177 2159 2333 2216 Unde
2361 2166 2443 2216 est
2471 2159 2613 2216 illud
2647 2177 2660 2216 :
2703 2183 2722 2208 α
2751 2160 3140 2218 Detrahentem
3167 2159 3431 2216 adversus
3459 2157 3800 2233 proximum

2178 2263 2340 2304 suum
2388 2249 2622 2316 occulte,
2678 2248 2829 2305 hunc
2889 2248 3252 2321 persequebar
3305 2249 3480 2321 (Psat.
3537 2264 3589 2316 c,
3620 2247 3727 2319 5);
3764 2272 3786 2295 ι

2179 2346 2234 2392 et
2261 2336 2403 2392 illud
2439 2352 2451 2390 :
2496 2359 2515 2383 ι
2547 2336 2652 2404 Qui
2679 2336 2920 2394 detrahit
2947 2339 3124 2404 fratri,
3149 2337 3392 2394 detrahit
3411 2346 3466 2394 et
3489 2337 3598 2410 legi
3635 2337 3799 2408 (Jac.

2180 2441 2258 2494 ιν,
2291 2425 2356 2496 ιι)
2385 2442 2399 2492 ;
2432 2449 2450 2473 »
2493 2441 2707 2480 necnon
2755 2433 2809 2480 et
2838 2427 2980 2482 illud
3022 2428 3257 2498 apostoli
3295 2427 3452 2483 Pauli
3483 2445 3496 2484 :
3555 2451 3574 2473 ι
3624 2425 3805 2492 Quod

2181 2514 2228 2571 si
2283 2514 2522 2571 invicem
2561 2514 2827 2572 mordetis
2881 2524 2935 2572 et
2989 2516 3299 2585 comeditis,
3358 2515 3543 2573 videte
3599 2532 3678 2572 ne
3728 2516 3806 2570 ab

2187 2604 2427 2661 invicem
2455 2604 2858 2660 consumamini
2889 2589 3096 2678 (Galat'.
3127 2623 3183 2676 v,
3215 2605 3328 2677 15).
3359 2629 3378 2654 »

2794 2745 3024 2804 CAPUT
3057 2746 3157 2803 IX.

2833 2847 2931 2902 Ira
2959 2846 3088 2902 dicit
3111 2864 3123 2902 :

2261 2961 2394 3030 Quae
2423 2970 2612 3018 contra
2641 2970 2694 3018 te
2721 2969 2978 3034 aguntur,
3014 2960 3148 3018 talia
3174 2969 3326 3030 sunt,
3349 2967 3413 3017 ut
3463 2963 3804 3034 aequanimi-

2191 3059 2276 3108 ter
2304 3052 2549 3124 profecto
2579 3050 2709 3107 ferri
2766 3067 2878 3106 non
2933 3050 3164 3122 possint,
3224 3050 3338 3106 imo
3365 3051 3644 3123 patienter
3677 3051 3806 3111 haec

2194 3141 2428 3198 tolerare
2450 3150 2728 3213 peccatum
2759 3148 2876 3207 est;
2939 3147 2994 3195 et
3039 3140 3228 3196 sinon
3287 3139 3366 3196 eis
3420 3157 3548 3198 cum
3597 3158 3806 3215 magna

2195 3231 2611 3302 exasperatione
2662 3229 2958 3298 resistitur,
3016 3237 3212 3286 contra
3257 3235 3311 3284 te
3357 3227 3622 3303 deinceps
3676 3231 3803 3287 sine

2193 3336 2451 3377 mensura
2477 3319 2934 3377 cumulabuntur.

2677 3417 2948 3474 Patientia
2980 3415 3257 3489 respondet
3282 3433 3300 3472 :

2265 3515 2320 3572 Si
2348 3515 2529 3588 passio
2555 3513 2937 3588 Redemptoris
2985 3514 3054 3571 ad
3101 3513 3422 3570 memoriam
3469 3511 3799 3583 reducatur,

2194 3603 2339 3660 nihil
2367 3613 2477 3660 tam
2509 3603 2731 3672 durum,
2767 3604 2914 3676 quod
2943 3619 3053 3658 non
3086 3619 3242 3676 aequo
3271 3602 3458 3658 animo
3501 3603 3796 3660 toleretur.

2196 3693 2452 3752 Christus
2481 3709 2717 3766 namque
2749 3694 2836 3764 (ut
2875 3691 2954 3748 ait
2983 3691 3215 3765 Petrus)
3280 3715 3299 3739 ε
3337 3707 3529 3764 passus
3569 3701 3656 3748 est
3699 3709 3800 3764 pro

2196 3782 2377 3852 nobis,
2427 3783 2746 3855 relinquens
2796 3783 2957 3839 nobis
2993 3782 3332 3855 exemplum,
3379 3790 3443 3838 ut
3498 3799 3802 3856 sequamur

2198 3873 2430 3946 vestigia
2461 3873 2578 3945 ejus
2609 3875 2667 3946 (Ι
2691 3875 2804 3930 Pet.
2839 3891 2901 3942 ιι,
2932 3873 3048 3946 21).
3080 3900 3100 3922 »
3160 3875 3280 3945 Ipse
3311 3874 3477 3930 etiam
3520 3873 3800 3930 Dominus
3877 3927 3883 3935 ,

2198 3964 2360 4020 nobis
2385 3963 2533 4019 dixit
2566 3980 2578 4018 :
2652 3988 2671 4012 ι
2716 3964 2772 4019 Si
2829 3972 3036 4036 patrem
3093 3963 3332 4020 familias
3364 3963 3675 4020 Beelzebub
3703 3981 3797 4020 vo-

2199 4063 2484 4122 caverunt,
2531 4061 2738 4127 quanto
2789 4053 2961 4124 magis
3011 4053 3340 4112 domesticos
3395 4053 3515 4126 ejus
3575 4056 3794 4128 (Matth.

2200 4161 2258 4212 x,
2292 4144 2386 4214 25)
2419 4144 2446 4200 ?
2479 4169 2498 4192 »
2541 4144 2613 4199 Et
2648 4143 2758 4198 alio
2790 4143 2847 4198 in
2878 4144 2998 4200 loco
3032 4161 3044 4199 :
3088 4168 3107 4191 ε
3135 4143 3192 4200 Si
3223 4162 3310 4201 me
3337 4146 3613 4217 persecuti
3643 4155 3792 4216 sunt,

2201 4243 2255 4290 et
2279 4250 2378 4289 vos
2407 4240 2800 4306 persequentur
2830 4234 3014 4304 (Joan.
3064 4250 3164 4304 xv,
3210 4235 3326 4307 20).
3375 4260 3394 4283 »
3455 4235 3562 4292 Sed
3587 4245 3797 4310 quanta

2202 4330 2330 4380 sunt
2351 4323 2406 4379 in
2428 4321 2834 4396 comparatione
2850 4323 3166 4396 passionum
3188 4325 3360 4391 illius,
3377 4339 3498 4398 quae
3521 4324 3795 4396 patimur?

2202 4415 2300 4471 Ille
2332 4414 2478 4470 enim
2504 4413 2817 4486 opprobria,
2841 4414 3145 4482 irrisiones,
3173 4414 3557 4483 contumelias,
3587 4414 3793 4486 alapas,

2201 4515 2382 4578 sputa,
2421 4505 2654 4577 ﬂagella,
2686 4505 2930 4576 spineam
2980 4521 3262 4572 coronam,
3293 4521 3624 4577 crucemque
3667 4520 3796 4560 sus-

2201 4596 2372 4653 tinuit
2401 4596 2580 4667 (Joan.
2613 4611 2777 4665 xvm,
2799 4597 2924 4668 xxx)
2949 4615 2962 4664 ;
2986 4603 3040 4652 et
3069 4612 3170 4652 nos
3197 4594 3384 4651 miseri
3426 4594 3520 4668 (ad
3549 4603 3794 4652 nostram

2202 4687 2326 4744 dico
2339 4686 2742 4759 confusionem)
2766 4703 2878 4742 uno
2893 4703 3142 4743 sermone
3163 4686 3474 4758 fatigamur,
3493 4702 3608 4742 uno
3627 4685 3794 4743 verbo

2209 4777 2523 4850 dejicimur,
2569 4793 2669 4832 nec
2714 4776 3104 4848 perpendimus
3135 4775 3191 4831 id
3219 4776 3366 4848 quod
3395 4775 3603 4833 dicitur
3636 4793 3650 4832 :
3699 4803 3715 4826 ι
3739 4776 3794 4832 Si

2205 4871 2533 4927 commortui
2563 4885 2772 4938 sumus,
2825 4875 2879 4924 et
2907 4865 3268 4924 convivemus
3307 4884 3319 4922 :
3361 4866 3406 4922 si
3437 4867 3791 4936 sustinemus,

2205 4969 2258 5017 et
2287 4960 2744 5034 conregnabimus
2775 4960 2864 5032 (II
2891 4960 3024 5015 Tim.
3057 4975 3116 5028 ιι,
3152 4959 3238 5026 11,
3262 4958 3410 5030 12).»
3454 4958 3794 5032 Quapropter

2204 5051 2535 5108 retundendi
2593 5059 2722 5107 sunt
2778 5049 2870 5105 irae
2925 5048 3161 5116 stimuli,
3210 5055 3264 5104 et
3327 5046 3446 5120 ejus
3501 5048 3795 5106 metuenda

2206 5143 2488 5201 damnatio
2511 5151 2614 5200 est.
2649 5142 2804 5198 Unde
2827 5141 3093 5214 scriptum
3127 5141 3358 5212 legimus
3386 5156 3398 5195 :
3443 5165 3462 5186 ε
3498 5138 3639 5206 Quia
3670 5156 3795 5194 om-

2206 5233 2296 5290 nis
2325 5233 2418 5306 qui
2451 5232 2707 5288 irascitur
2745 5231 2902 5286 fratri
2941 5247 3060 5299 suo,
3094 5245 3218 5286 reus
3247 5229 3351 5286 erit
3390 5227 3606 5301 judicio
3641 5248 3652 5285 :
3703 5229 3796 5302 qui

2207 5331 2387 5380 autem
2420 5321 2627 5378 dixerit
2680 5320 2839 5376 fratri
2875 5337 2975 5376 suo
3018 5338 3168 5388 raca,
3212 5336 3338 5375 reus
3365 5321 3472 5375 erit
3508 5319 3748 5376 concilio
3779 5336 3792 5373 :

2207 5413 2303 5486 qui
2336 5421 2516 5468 autem
2547 5411 2754 5468 dixerit
2809 5411 2976 5481 fatue,
3033 5429 3160 5468 reus
3208 5411 3313 5467 erit
3364 5409 3626 5481 gehennae
3659 5410 3796 5482 ignis

2212 5503 2424 5575 (Matth.
2455 5502 2646 5575 v,22).
2677 5527 2696 5551 »
2743 5502 2822 5558 Ibi
2842 5510 3024 5558 tamen
3046 5501 3299 5557 innuitur
3328 5500 3796 5567 remedium,cum

2209 5594 2588 5650 subinfertur:
2638 5619 2655 5641 ‹
2685 5593 2740 5650 Si
2772 5594 2933 5650 oﬂ‘ers
2975 5581 3182 5650 munus.
3204 5599 3358 5648 tuum
3391 5590 3461 5647 ad
3502 5591 3694 5662 altare,
3745 5603 3795 5652 et

2209 5683 2286 5739 ibi
2314 5684 2628 5740 recordatus
2665 5683 2836 5739 fueris
2891 5682 3038 5755 quod
3087 5683 3252 5738 frater
3307 5689 3436 5737 tuus
3483 5681 3651 5738 habet
3689 5682 3796 5737 ali—

2209 5773 2344 5848 quid
2371 5774 2664 5831 adversum
2707 5781 2781 5840 te,
2813 5773 3063 5845 relinque
3109 5772 3188 5830 ibi
3223 5788 3425 5830 manus
3464 5779 3625 5830 tuum
3675 5780 3794 5829 ante
