3940 6368
148 384 292 445 1157

1082 384 1177 442 DE
1219 378 1565 444 VITIORUM
1602 378 2112 455 VIRTUTUMQUE
2152 382 2564 444 CONFLICTU.

3280 322 3452 445 ’uss

142 510 343 578 altare,
372 518 427 565 et
454 507 593 563 vade
622 509 775 582 prius
813 508 1158 566 reconciliari
1188 508 1344 565 fratri
1384 517 1499 577 tuo,
1533 518 1586 566 et
1611 517 1745 565 tunc
1773 512 1822 571 A
1856 509 2095 578 hortare,
2129 511 2351 582 increpa
2379 510 2436 566 in
2466 508 2620 565 omni
2665 509 3081 581 longanimitate
3118 516 3172 565 et
3198 507 3453 565 doctrina

142 598 382 655 veniens
411 598 607 655 offeres
628 614 834 656 munus
863 607 1021 656 tuum
1056 598 1217 671 (Ibid.
1249 598 1337 666 23,
1371 598 1485 671 24).
1514 624 1534 649 ι
1594 599 1675 655 Ac
1700 598 1746 655 si

140 697 333 761 aperte
387 688 710 745 diceretur:
760 690 870 745 Nec
923 689 980 744 in
1037 688 1202 744 corde
1252 688 1475 745 tacitam
1531 706 1746 761 precem

138 778 419 847 eﬁ'undas,
470 777 578 833 nisi
634 778 787 850 prius
836 777 1103 832 offensum
1164 777 1478 849 proximum
1535 777 1744 833 satisfa-

137 867 343 924 ciendo
366 868 434 924 ad
466 867 712 923 lenitatis
741 866 1220 923 mansuetudinem
1248 867 1746 939 perducas.Munus

137 957 291 1012 enim
326 964 599 1024 nostrum,
633 964 715 1012 est
746 956 927 1011 oratio
958 964 1145 1012 nostra
1178 975 1190 1024 ;
1244 957 1414 1012 altare
1460 971 1591 1012 vero
1634 972 1746 1012 no-

134 1054 340 1114 strum,
388 1053 470 1101 est
520 1062 635 1103 cor.
680 1046 779 1101 Ille
826 1054 1006 1101 autem
1064 1046 1160 1118 qui
1209 1044 1315 1103 hoc
1361 1045 1538 1102 facere
1578 1046 1744 1118 (quo-

133 1133 243 1190 ties
311 1136 460 1191 inter
514 1134 653 1191 duos
718 1135 802 1192 ira
860 1135 979 1191 sine
1030 1152 1195 1192 causa
1246 1136 1416 1191 fuerit
1460 1135 1739 1208 excitata)

134 1224 437 1292 studuerit,
471 1224 809 1297 pramissam
839 1224 1254 1281 damnationem
1291 1242 1633 1299 nequaquam
1661 1224 1744 1280 in-

134 1323 345 1370 curret.
400 1314 505 1370 Sed
551 1324 683 1371 sunt
737 1315 925 1381 multi,
975 1315 1068 1388 qui
1124 1317 1331 1388 petenti
1387 1316 1492 1372 sibi
1520 1316 1741 1373 veniam

133 1401 345 1459 delicta
409 1419 522 1459 non
572 1402 885 1460 remittunt.
929 1403 1139 1462 Contra
1195 1422 1334 1479 quos
1385 1405 1482 1461 illa
1515 1405 1743 1462 Domini

131 1493 414 1548 sententia
468 1493 645 1563 venit,
707 1510 816 1567 qua
867 1494 1075 1551 dicitur
1129 1512 1141 1551 :
1226 1519 1245 1543 ι
1302 1496 1359 1552 Si
1418 1512 1531 1551 non
1581 1496 1741 1553 remi-

131 1580 326 1638 seritis
354 1583 736 1656 unusquisque
784 1583 941 1638 fratri
978 1600 1079 1640 suo
1128 1583 1195 1640 de
1232 1585 1490 1642 cordibus
1520 1587 1737 1655 vestris,

129 1687 235 1728 nec
290 1672 452 1729 Pater
507 1682 692 1730 vester
737 1674 975 1731 calestis
1026 1675 1269 1731 remittet
1304 1676 1463 1732 vobis
1520 1685 1741 1749 peccata

128 1770 322 1817 vestra
352 1762 567 1832 (Matth.
603 1762 766 1832 me,
800 1763 917 1833 35).
946 1788 965 1811 ι
1010 1763 1176 1819 Plura
1194 1772 1345 1834 sunt,
1378 1765 1583 1838 inquis,
1616 1782 1737 1839 qua

127 1847 188 1904 in
231 1867 325 1906 me
354 1852 657 1921 commisit,
691 1869 777 1908 me
805 1853 1006 1924 sapius
1048 1854 1279 1910 oﬁ‘endit
1312 1872 1324 1909 :
1361 1864 1415 1911 et
1462 1854 1593 1928 quia
1618 1854 1737 1912 sine
1762 1866 1810 1927 Β

126 1954 301 1995 causa
331 1941 590 2012 plurimis
625 1940 888 2013 juvenior
936 1942 1149 1998 lacessit
1179 1942 1425 2015 injuriis,
1454 1951 1538 1999 tot
1570 1944 1622 2000 ei
1655 1961 1735 2001 re-

125 2030 358 2086 mittere
388 2032 577 2103 culpas
609 2032 748 2087 mihi
779 2048 891 2087 non
917 2032 1198 2088 convenit.
1240 2033 1329 2089 Ad
1350 2033 1467 2090 hac
1496 2050 1608 2090 non
1638 2051 1736 2107 ego

123 2120 226 2176 sed
258 2121 533 2178 Dominus
578 2122 889 2193 respondet.
930 2123 1068 2178 Nam
1111 2139 1236 2178 cum
1281 2123 1474 2179 Petrus
1501 2122 1570 2179 ad
1607 2140 1735 2180 eum

121 2208 341 2265 diceret
375 2228 386 2265 :
436 2235 453 2257 ι
484 2210 710 2278 Quoties
740 2211 988 2284 peccabit
1030 2211 1089 2267 in
1137 2228 1225 2268 me
1271 2212 1438 2268 frater
1476 2228 1653 2279 meus,
1681 2221 1737 2271 et

122 2300 414 2358 dimittam
446 2303 533 2359 illi
563 2304 592 2360 7
620 2321 793 2378 usque
822 2307 1026 2379 septies
1046 2306 1074 2363 ?
1104 2316 1158 2363 et
1184 2307 1459 2363 Dominus
1478 2306 1547 2363 ad
1566 2322 1691 2363 eum
1718 2326 1730 2364 :

121 2391 253 2448 Non
286 2390 413 2448 dico
455 2392 558 2448 tibi
588 2409 760 2466 usque
799 2395 1020 2467 septies,
1075 2395 1171 2451 sed
1209 2412 1384 2469 usque
1430 2395 1734 2468 septuagies

121 2480 336 2553 septies
368 2481 533 2553 (Ibid.
573 2482 662 2551 21,
703 2483 817 2556 22).
855 2509 874 2533 ι
941 2484 1117 2551 Quam
1173 2484 1338 2541 multi
1394 2493 1574 2541 autem
1606 2492 1736 2540 sunt

120 2572 220 2644 qui
255 2587 387 2627 suas
419 2570 674 2643 injurias,
704 2573 861 2629 tarde
880 2575 1154 2642 relaxant,
1177 2575 1277 2631 Dei
1300 2591 1432 2630 vero
1459 2574 1626 2631 citius
1651 2573 1732 2629 in-

117 2660 408 2731 dulgent?
436 2660 607 2733 ﬁtque
636 2677 1061 2733 nonnunquam,
1094 2670 1156 2718 ut
1184 2663 1470 2718 occasione
1507 2661 1732 2717 Domini

123 2747 373 2821 injurias
415 2748 766 2817 vindicandi,
817 2766 944 2805 suas
1004 2750 1348 2806 ulciscantur
1399 2751 1547 2806 irati.
1589 2749 1733 2816 Quid

117 2839 376 2911 denique
408 2838 476 2893 de
506 2838 621 2894 illis
647 2828 947 2895 dicendum
995 2846 1098 2906 est,
1131 2839 1227 2911 qui
1258 2838 1395 2895 adeo
1432 2837 1730 2895 iracundia

118 2930 481 2987 obcacantur
509 2928 745 2998 fervore,
776 2936 838 2984 ut
861 2945 1033 3001 usque
1062 2927 1132 2983 ad
1165 2928 1335 2984 verba
1369 2944 1591 3000 prorum
1603 2937 1732 3001 pant

118 3018 562 3086 maledictionis,
613 3017 721 3074 nisi
774 3018 920 3091 quod
966 3018 1265 3090 Apostolus
1310 3019 1435 3074 ait:
1498 3042 1515 3064 ι
1545 3018 1732 3090 Neque

118 3106 391 3164 maledici
448 3121 626 3178 neque
678 3122 901 3178 rapaces
953 3122 1183 3178 regnum
1231 3106 1332 3162 Dei
1371 3106 1732 3179 possidebunt

1858 598 1949 662 (II
1976 599 2112 655 Tim.
2144 614 2222 667 ιν,
2250 598 2329 669 2).
2363 622 2381 644 ι
2425 596 2595 665 Quod.
2614 596 2875 655 videlicet
2904 597 3211 671 asperitatis
3242 598 3449 653 malum

1854 687 2221 759 perniciosum
2255 694 2358 754 est,
2388 686 2627 743 subditis
2654 696 2834 753 nocet,
2867 688 3159 761 minusque
3188 686 3405 760 proﬁcit
3433 703 3446 742 :

1856 776 1968 831 imo
2023 776 2221 847 sapius
2268 774 2558 847 contingit,
2605 783 2666 830 ut
2722 776 2885 831 etiam
2934 775 3219 833 charitatis
3260 791 3452 832 corre-

1854 866 2098 937 ptionem
2155 864 2465 921 exacerbati
2520 873 2799 937 spernant,
2843 874 2897 922 et
2951 874 3143 922 contra
3193 866 3451 922 salutaria

1853 955 2020 1011 verba
2065 954 2432 1027 despectionis
2478 954 2734 1010 emittant
2770 954 2974 1026 jacula.
3020 954 3177 1022 Quod
3225 971 3321 1027 per
3359 954 3451 1009 Sa-

1853 1040 2092 1113 pientem
2122 1049 2348 1097 cavetur
2396 1040 2529 1097 dum
2576 1040 2758 1097 dicit:
2808 1065 2827 1087 ι
2856 1041 2962 1109 Qui
3006 1040 3187 1113 arguit
3232 1040 3452 1097 deriso-

1852 1145 1988 1198 rem,
2008 1130 2123 1201 ipse
2142 1129 2247 1187 sibi
2272 1129 2400 1186 facit
2422 1129 2680 1201 injuriam
2706 1131 2891 1201 (Prov.
2918 1146 2997 1195 Ix,
3022 1130 3133 1201 11).
3160 1153 3179 1177 ι
3212 1130 3453 1186 Econtra

1852 1236 1984 1276 vero
2012 1219 2079 1277 de
2106 1221 2205 1276 illo
2249 1220 2343 1292 qui
2379 1236 2475 1293 per
2522 1219 2949 1292 increpationem
2993 1218 3229 1291 proﬁcit,
3262 1219 3399 1277 dicit
3432 1238 3444 1276 :

1866 1332 1885 1357 ι
1929 1310 2113 1381 Argue
2141 1308 2462 1381 sapientem,
2499 1318 2553 1364 et
2592 1308 2785 1381 diliget
2828 1315 2883 1364 te
2926 1308 3139 1379 (Ibid).
3173 1333 3191 1356 ι
3234 1306 3448 1365 Idcirco

1850 1399 2115 1471 scriptum
2148 1406 2229 1455 est
2262 1416 2273 1455 :
2320 1423 2338 1446 ι
2366 1398 2495 1466 Fili,
2544 1397 2605 1453 in
2634 1397 3055 1454 mansuetudine
3101 1405 3196 1453 tua
3238 1395 3450 1453 honora

1848 1488 2089 1543 animam
2117 1496 2269 1544 tuam
2298 1486 2489 1558 (Eccti.
2521 1504 2580 1554 x,
2613 1487 2706 1558 31)
2741 1504 2799 1554 ;»
2840 1494 2895 1543 et
2914 1487 3208 1559 Apostolus
3230 1485 3445 1559 inquit:

1863 1600 1882 1624 ι
1911 1575 1966 1632 Si
2014 1582 2425 1648 praoccupatus
2469 1574 2639 1630 fuerit
2686 1574 2853 1631 homo
2890 1574 2950 1630 in
2988 1575 3175 1648 aliquo
3221 1573 3444 1644 delicto,

1847 1681 1945 1720 vos
1986 1664 2081 1738 qui
2134 1663 2449 1736 spirituales
2500 1663 2650 1731 estis,
2707 1663 2964 1719 instruite
3013 1662 3332 1734 hujusmodi
3386 1662 3445 1719 in

1845 1753 2044 1825 spiritu
2075 1753 2317 1809 leuitatis
2366 1753 2573 1825 (Galat.
2605 1768 2687 1817 vr,
2738 1751 2818 1823 1),
2847 1775 2865 1799 ι
2908 1758 2964 1807 et
2991 1750 3135 1807 idem
3164 1752 3446 1823 apostolus

1845 1840 2128 1913 episcopos
2156 1840 2358 1897 docens
2384 1839 2463 1896 ait
2496 1857 2508 1895 :
2555 1863 2576 1888 ε
2625 1840 2696 1896 Ut
2727 1838 3020 1896 ostendant
3046 1855 3104 1896 se
3130 1848 3445 1897 mansuetos

1845 1932 1914 1988 ad
1941 1947 2131 1989 omnes
2163 1931 2252 2003 (II
2284 1930 2420 1988 Tim.
2452 1948 2512 2000 ιι,
2544 1928 2661 2002 24).
2696 1953 2716 1978 ι

2476 2062 2703 2122 CAPUT
2727 2062 2826 2120 XI.

2448 2174 2646 2230 Tumor
2666 2173 2795 2229 dicit
2833 2189 2851 2228 :

1915 2290 2129 2346 Testem
2171 2288 2339 2345 habes
2365 2289 2543 2344 Deum
2575 2288 2634 2343 in
2663 2287 2837 2358 calis,
2885 2304 3000 2345 non
3043 2288 3148 2346 tibi
3192 2288 3268 2346 sit
3298 2304 3446 2347 cura

1845 2377 1977 2452 quid
2007 2377 2076 2435 de
2101 2384 2157 2433 te
2188 2377 2537 2450 suspicentur
2566 2376 2821 2433 homines
2854 2376 2913 2432 in
2942 2378 3123 2434 terris.

2170 2484 2271 2541 Sed
2302 2482 2519 2538 humilis
2545 2481 2758 2551 dejectio
2797 2484 3076 2554 respondet
3104 2500 3125 2537 .’

1856 2636 1865 2649 ,
1912 2593 2033 2650 Νοιι
2075 2599 2157 2648 est
2200 2591 2383 2648 danda
2426 2590 2642 2648 occasio
2687 2589 3034 2659 detrahendi,
3086 2607 3199 2647 non
3255 2607 3439 2648 susur-

1841 2681 2000 2738 randi
2048 2680 2332 2753 suspicio:
2367 2679 2461 2735 sed
2514 2679 2562 2735 si
2606 2678 2827 2748 adsunt,
2885 2678 3289 2737 detractoribus
3343 2689 3440 2737 tua

1842 2772 1984 2827 facta
2031 2777 2094 2826 ut
2140 2769 2487 2841 corrigantur
2532 2768 2935 2824 manifestanda
2975 2786 2987 2825 :
3039 2778 3135 2827 aut
3177 2778 3324 2827 certe
3386 2772 3431 2827 si

1840 2862 2058 2929 desunt,
2117 2858 2321 2915 humili
2377 2857 2767 2931 protestatione
2833 2857 3235 2917 dissimulanda
3282 2868 3432 2917 sunt.

1840 2949 2113 3019 Quoniam
2156 2948 2454 3020 Apostolus
2497 2948 2776 3016 admouet,
2835 2948 3046 3004 nullam
3094 2948 3437 3006 occasionem

1839 3042 1969 3098 dare
2014 3040 2330 3098 adversario
2377 3039 2657 3097 maledicti
2703 3040 2876 3113 gratia
2906 3041 2965 3112 (I
3009 3040 3143 3097 Tim.
3203 3056 3258 3107 v,
3320 3038 3435 3111 14).

1839 3132 2000 3200 Quod
2026 3131 2191 3188 etiam
2240 3132 2297 3185 in
2346 3130 2460 3185 illis
2504 3129 2806 3187 detestatus
2847 3138 2949 3200 est,
2998 3131 3096 3205 qui
3124 3128 3438 3189 Christiano

122 3196 181 3292 _(I
210 3196 344 3253 0°"
378 3212 456 3264 Ἦ)
497 3194 647 3292 ωλῗ
674 3220 694 3245 ’
719 3194 901 3292 ,θυοδ
958 3195 1193 3292 JaCObPS
1246 3211 1480 3292 quoque_
1506 3203 1729 3292 _aP°st°'
1758 3228 1801 3289 C.
1838 3194 2064 3278 nomine
2086 3219 2303 3287 censiti,
2326 3218 2385 3274 in
2406 3217 2578 3274 idolio
2599 3194 3090 3285 recumbebant,-et
3126 3234 3436 3292 quanquam

120 3284 210 3340 lus
264 3283 647 3356 exaggerando
704 3282 1028 3352 detestatur,
1098 3284 1336 3341 dicens:
1403 3309 1422 3332 ι
1456 3285 1724 3357 Linguam

125 3374 322 3429 nullus
353 3372 642 3428 hominum
702 3372 926 3429 domare
984 3380 1203 3445 potest:
1256 3373 1565 3446 inquietum
1616 3392 1725 3431 ma-

128 3463 268 3531 lum,
305 3463 467 3534 plena
495 3478 709 3518 veneno
736 3463 1045 3519 mortifero.
1094 3463 1156 3518 In
1190 3462 1307 3534 ipsa
1348 3463 1727 3521 benedicimus

123 3552 307 3607 Deum
336 3558 391 3606 et
430 3552 645 3607 Patrem
690 3570 702 3607 :
737 3552 868 3607 etin
894 3552 1010 3623 ipsa
1040 3550 1422 3608 maledicimus
1452 3552 1723 3623 homines,

126 3644 219 3717 qui
254 3642 327 3700 ad
353 3643 651 3716 imaginem
677 3651 731 3699 et
746 3642 1176 3701 similitudinem
1198 3645 1295 3700 Dei
1317 3643 1447 3700 facti
1463 3655 1611 3701 sunt.
1639 3646 1726 3702 Ex

125 3734 323 3791 eodem
355 3750 450 3790 ore
502 3735 753 3807 procedit
796 3734 1111 3791 benedictio
1140 3743 1193 3791 et
1240 3735 1573 3792 maledictio.
1603 3736 1726 3792 Non

126 3830 366 3896 oportet,
400 3822 597 3879 fratres
632 3823 764 3892 mei,
808 3822 926 3879 hac
973 3822 1051 3879 ita
1097 3822 1240 3881 ﬁeri.
1295 3825 1559 3898 Nunquid
1603 3825 1727 3880 fons

126 3913 191 3970 de
218 3914 416 3970 eodem
460 3913 731 3969 foramine
760 3921 978 3970 emanat
1014 3914 1177 3972 dulce
1209 3923 1263 3971 et
1306 3930 1553 3972 amarum
1583 3916 1721 3987 (Jac.

125 4018 251 4072 xm,
268 4001 422 4073 8-10)
448 4002 475 4058 ?
494 4027 512 4050 ι
543 4002 656 4061 Hac
679 4002 747 4059 de
761 4019 924 4061 causa
939 4003 1073 4060 alibi
1094 4004 1261 4061 etiam
1278 4003 1510 4061 dicitur:
1549 4030 1567 4053 ε
1582 4003 1727 4062 Mors

129 4099 182 4149 et
205 4093 328 4149 vita
357 4092 418 4149 in
446 4109 616 4152 manu
645 4094 846 4168 lingua
882 4093 1069 4167 (Prov.
1102 4112 1266 4164 xvm,
1297 4093 1412 4168 21).
1445 4119 1464 4144 ι

750 4244 980 4305 CAPUT
1018 4245 1091 4304 X.

663 4352 941 4430 Asperitas
994 4356 1120 4413 dicit
1153 4375 1170 4413 .·

195 4479 610 4558 Numquidnam
638 4483 825 4540 stultis
849 4483 1173 4539 hominibus
1194 4482 1335 4552 istis,
1375 4482 1724 4542 etinsensatis

1838 3312 1945 3385 ipsi
1990 3310 2201 3367 idolum
2250 3326 2349 3383 pro
2391 3310 2572 3367 nihilo
2618 3311 2899 3379 ducentes,
2947 3311 3233 3367 immolata
3279 3310 3437 3383 quasi

1838 3400 2099 3458 innoxios
2141 3400 2293 3456 cibos
2334 3407 2633 3468 sumerent,
2682 3400 2930 3457 inﬁrmas
2976 3408 3161 3456 tamen
3203 3400 3434 3457 fratrum

1838 3489 2203 3547 conscientias
2228 3503 2323 3560 per
2366 3488 2472 3545 hoc
2515 3488 2721 3546 factum
2752 3488 2821 3543 ad
2863 3488 3128 3544 nefandos
3158 3487 3434 3545 idolorum

1839 3579 1980 3636 ritus
2022 3578 2312 3635 trahebant
2342 3578 2393 3651 (Ι
2435 3578 2554 3634 Cor.
2606 3594 2730 3647 vm,
2783 3577 2895 3650 10).
2945 3576 3157 3634 Idcirco
3202 3576 3429 3649 inquit:

1853 3696 1872 3722 ε
1923 3669 2052 3727 Sine
2103 3668 2404 3725 offensione
2459 3674 2631 3725 estote
2680 3667 2888 3725 Judais
2939 3676 2993 3725 et
3048 3666 3324 3741 gentibus,
3378 3672 3433 3721 et

1837 3759 2098 3819 Ecclesia
2124 3758 2226 3818 Dei
2257 3759 2315 3832 (Ι
2337 3758 2463 3816 Cor.
2495 3775 2553 3827 x,
2585 3757 2705 3832 32).
2746 3781 2765 3807 ι

2438 3891 2667 3949 CAPUT
2694 3891 2819 3948 XII.

2407 3989 2650 4046 Tristitia
2677 3987 2841 4045 dicit:

1906 4103 2054 4174 Quid
2082 4105 2249 4163 habes
2273 4106 2420 4164 unde
2450 4104 2705 4179 gaudeas,
2735 4121 2861 4163 cum
2894 4113 3044 4162 tanta
3077 4103 3217 4160 mala
3254 4121 3285 4160 a
3309 4119 3432 4177 pro-

1837 4193 1993 4251 ximo
2020 4195 2291 4252 sustineas
2316 4196 2343 4253 ἳ
2372 4194 2652 4268 Perpende
2680 4212 2790 4269 quo
2818 4193 2992 4251 animi
3038 4210 3272 4251 maerore
3300 4210 3433 4249 om-

1838 4299 1934 4341 nes
1961 4284 2217 4342 intuendi
2250 4284 2381 4355 sint,
2414 4286 2509 4359 qui
2537 4283 2597 4341 in
2624 4291 2781 4341 tanto
2822 4290 3015 4343 contra
3060 4290 3114 4340 te
3159 4282 3434 4341 amaritu—

1837 4371 1986 4429 dinis
2014 4374 2143 4430 felle
2172 4382 2481 4430 versantur.

2113 4483 2215 4539 Sed
2250 4482 2531 4556 spirituale
2551 4483 2806 4556 gaudium
2831 4482 3109 4555 respondet
3137 4498 3159 4540 .'

129 4573 357 4643 perinde
384 4589 449 4630 ac
475 4573 657 4630 brutis
692 4572 1028 4629 animalibus
1081 4573 1228 4629 lenia
1266 4572 1457 4642 verba,
1508 4581 1563 4629 et
1610 4590 1721 4629 non
1757 4608 1807 4667 D
1911 4587 2198 4647 Geminam
2227 4607 2342 4648 esse
2372 4589 2653 4647 tristitiam
2703 4588 2857 4657 novi,
2902 4588 3015 4643 imo
3061 4588 3198 4644 duas
3243 4586 3429 4645 cordis

128 4662 314 4732 potius
344 4662 664 4735 asperrima,
688 4662 820 4719 dum
852 4662 1205 4735 delinquunt,
1235 4661 1546 4735 ohjicienda
1575 4671 1723 4735 sunt,

127 4757 186 4806 ut
223 4751 552 4825 dignitatem
576 4759 727 4807 tuam
754 4752 996 4807 revereri
1028 4750 1245 4807 discant
1273 4752 1300 4808 ?

517 4851 617 4907 Sed
641 4849 987 4905 mansuetudo
1018 4850 1293 4921 respondet
1316 4867 1334 4904 :

194 4942 315 5001 Non
369 4954 466 5003 tua
520 4947 578 5002 in
645 4946 965 5019 hujusmodi
1009 4947 1312 5021 persuasio,
1365 4945 1461 5002 sed
1489 4946 1725 5019 apostoli

131 5031 281 5090 Pauli
314 5036 589 5108 sequenda
619 5045 701 5092 est
728 5038 1041 5109 praeceptio,
1074 5037 1168 5111 qui
1214 5036 1281 5093 de
1321 5036 1426 5092 hoc
1458 5035 1723 5093 dilectum

130 5119 459 5197 discipulum
487 5125 794 5193 admonuit,
817 5126 1007 5183 dicens
1042 5144 1054 5182 :
1099 5152 1117 5174 ‹
1148 5127 1431 5183 Seniorem
1454 5143 1522 5182 ne
1550 5127 1724 5189 incre-

132 5215 365 5284 paveris,
392 5215 487 5272 sed
531 5215 824 5272 exhortare
860 5224 922 5272 ut
961 5224 1194 5289 patrem,
1222 5216 1474 5289 juniores
1511 5224 1572 5273 ut
1603 5218 1724 5274 fra—

134 5306 259 5373 tres,
293 5320 430 5362 anus
466 5313 530 5362 ut
565 5312 786 5375 matres,
835 5305 1273 5362 adolescentulas
1314 5314 1377 5362 ut
1417 5322 1632 5363 sorores
1662 5307 1727 5363 in'

132 5393 277 5448 omni
305 5394 554 5451 castitate
589 5395 647 5469 (Ι
676 5396 892 5464 Tim.-v,
916 5394 965 5464 1,
995 5394 1075 5467 2).
1106 5420 1125 5443 ›
1158 5395 1231 5450 Et
1252 5411 1473 5451 rursum
1502 5414 1513 5452 :
1562 5421 1579 5444 ι
1602 5397 1718 5452 Ser-

131 5493 281 5552 vum,
327 5484 531 5558 iuquit,
598 5484 823 5540 Domini
877 5501 991 5540 non
1043 5492 1262 5556 oportet
1327 5485 1565 5558 litigare,
1625 5484 1721 5541 sed

132 5582 471 5632 mansuetum
501 5591 615 5632 esse
663 5574 732 5631 ad
779 5592 991 5645 omnes,
1039 5584 1226 5649 aptum
1278 5575 1347 5633 ad
1385 5576 1716 5646 docendum,

134 5661 444 5736 patientem,
497 5664 741 5723 modeste
806 5667 1170 5740 corrigentem
1224 5684 1317 5725 eos
1358 5667 1452 5742 qui
1501 5667 1722 5725 diversa

134 5753 361 5811 sentium
395 5754 484 5829 (II
507 5754 639 5813 Tim.
671 5772 733 5825 ιι,
756 5756 846 5825 24,
873 5757 988 5831 25).
1013 5782 1031 5807 ι
1065 5757 1446 5831 Rursumque:
1487 5757 1715 5832 ¢Argue,

1834 4679 2088 4736 tristitias
2134 4688 2391 4752 expertus
2432 4696 2553 4734 sum
2589 4696 2601 4733 :
2651 4694 2817 4732 unam
2865 4676 3077 4734 scilicet
3123 4692 3245 4749 qua
3286 4678 3428 4733 salu-

1833 4776 1945 4824 tem
1975 4776 2232 4840 operatur
2264 4769 2351 4840 (II
2377 4769 2502 4824 Cor.
2555 4784 2656 4835 vn,
2707 4766 2821 4837 10),
2873 4766 3100 4820 alteram
3144 4781 3277 4821 vero
3305 4782 3427 4840 qua

1834 4844 2191 4915 machinatur.
2212 4858 2508 4931 perniciem
2546 4875 2557 4913 :
2590 4872 2755 4911 unam
2801 4871 2921 4927 qua
2948 4855 3015 4910 ad
3046 4854 3426 4927 paenitentiam

1833 4946 2024 5015 trahit,
2056 4942 2282 5002 alteram
2314 4963 2433 5019 qua
2462 4945 2530 5001 ad
2573 4944 3005 5017 desperationem
3040 4943 3313 5015 perducit.
3347 4944 3429 5000 Tu

1832 5036 2054 5109 quidem
2084 5051 2249 5091 unam
2285 5051 2356 5091 ex
2380 5034 2495 5089 illis
2523 5033 2845 5106 dignoscere
2889 5032 3117 5102 videris,
3148 5034 3244 5089 sed
3275 5033 3428 5089 illam

1830 5141 1950 5199 qua
1982 5133 2216 5181 mortem
2248 5126 2479 5182 omnino
2507 5133 2783 5198 operatur.
2809 5125 2931 5212 {Ion
2961 5133 3042 5181 est
3070 5123 3240 5197 igitur
3262 5124 3321 5180 in
3340 5122 3430 5179 his

1830 5232 1951 5295 quae
1979 5216 2183 5273 suades
2210 5216 2674 5285 contristandum,
2704 5215 2799 5271 sed
2837 5222 3060 5272 econtra
3087 5214 3260 5287 magis
3288 5230 3430 5287 gau-

1828 5305 2070 5362 dendum
2100 5306 2161 5362 in
2186 5306 2274 5363 his
2302 5324 2424 5381 qua
2455 5307 2690 5365 necdum
2723 5305 3008 5378 intelligis.
3043 5304 3197 5362 Unde
3228 5312 3282 5361 et
3308 5306 3431 5361 Do—

1828 5396 2014 5452 minus
2045 5398 2302 5468 perennis
2332 5398 2491 5454 dator
2518 5395 2703 5470 gaudii
2733 5396 2878 5452 dixit
2902 5413 2914 5451 :
2953 5420 2972 5445 ι
3000 5394 3138 5453 Cum
3160 5394 3429 5468 persecuti

1826 5502 1927 5542 vos
1958 5485 2166 5543 fuerint
2195 5486 2467 5554 homines,
2515 5493 2569 5541 et
2610 5485 2857 5542 dixerint
2902 5501 3065 5541 omne
3103 5485 3309 5542 malum
3336 5484 3430 5543 ad-

1825 5593 2048 5633 versum
2087 5594 2208 5646 vos,
2253 5576 2583 5634 mentientes
2630 5583 2853 5648 propter
2909 5591 3020 5644 me,
3082 5577 3312 5650 gaudete
3368 5576 3429 5633 in

1826 5666 1924 5724 illa
1949 5667 2042 5724 die
2070 5675 2124 5723 et
2150 5669 2420 5725 exsultate
2452 5684 2464 5723 :
2493 5682 2616 5724 ecce
2636 5665 2785 5723 enim
2809 5683 3017 5724 merces
3044 5676 3229 5725 vestra
3255 5664 3431 5723 multa

1825 5764 1906 5816 est
1934 5757 1993 5815 in
2020 5757 2174 5816 caelis
2197 5756 2408 5829 (Matth.
2440 5772 2496 5827 v,
2521 5755 2634 5829 12).
2667 5780 2686 5804 ι
2720 5756 2996 5816 Memento
3016 5749 3423 5837 quiaapostoli,
