  <div class='ocr_page' id='page_1' title='image "/cluster/home/n/w/nwhite01/storage/ocr_20150623/17/umn.31951002477311b/587.png"; bbox 0 0 3940 6378; ppageno 0'>
   <div class='ocr_carea' id='block_1_1' title="bbox 637 292 677 338">
    <p class='ocr_par' dir='ltr' id='par_1_1' title="bbox 637 292 677 338">
     <span class='ocr_line' id='line_1_1' title="bbox 637 292 677 338; baseline 0 0"><span class='ocrx_word' id='word_1_1' title='bbox 637 292 677 338; x_wconf 56' lang='grc' dir='ltr'>ἢ</span> 
     </span>
    </p>
   </div>
   <div class='ocr_carea' id='block_1_2' title="bbox 503 391 638 457">
    <p class='ocr_par' dir='ltr' id='par_1_2' title="bbox 503 391 638 457">
     <span class='ocr_line' id='line_1_2' title="bbox 503 391 638 457; baseline 0 -1"><span class='ocrx_word' id='word_1_2' title='bbox 503 391 638 457; x_wconf 72' lang='grc'>1159</span> 
     </span>
    </p>
   </div>
   <div class='ocr_carea' id='block_1_3' title="bbox 1492 395 2752 458">
    <p class='ocr_par' dir='ltr' id='par_1_3' title="bbox 1492 395 2752 458">
     <span class='ocr_line' id='line_1_3' title="bbox 1492 395 2752 458; baseline 0 -2"><span class='ocrx_word' id='word_1_3' title='bbox 1492 398 1587 456; x_wconf 94' lang='lat' dir='ltr'><strong>AD</strong></span> <span class='ocrx_word' id='word_1_4' title='bbox 1629 397 1864 458; x_wconf 82' lang='lat' dir='ltr'>OPERA</span> <span class='ocrx_word' id='word_1_5' title='bbox 1901 399 1957 455; x_wconf 93' lang='lat' dir='ltr'>S.</span> <span class='ocrx_word' id='word_1_6' title='bbox 1999 395 2334 457; x_wconf 82' lang='lat' dir='ltr'>AMBROSII</span> <span class='ocrx_word' id='word_1_7' title='bbox 2371 395 2752 456; x_wconf 85' lang='lat' dir='ltr'>APPENDIX.</span> 
     </span>
    </p>
   </div>
   <div class='ocr_carea' id='block_1_4' title="bbox 3665 383 3819 458">
    <p class='ocr_par' dir='ltr' id='par_1_4' title="bbox 3665 383 3819 458">
     <span class='ocr_line' id='line_1_4' title="bbox 3665 383 3819 458; baseline 0 0"><span class='ocrx_word' id='word_1_8' title='bbox 3665 383 3819 458; x_wconf 82' lang='grc'>1160</span> 
     </span>
    </p>
   </div>
   <div class='ocr_carea' id='block_1_5' title="bbox 487 521 3816 598">
    <p class='ocr_par' dir='ltr' id='par_1_5' title="bbox 487 521 3816 598">
     <span class='ocr_line' id='line_1_5' title="bbox 487 521 3816 598; baseline 0.001 -18"><span class='ocrx_word' id='word_1_9' title='bbox 487 532 686 580; x_wconf 75' lang='lat' dir='ltr'>nostrae</span> <span class='ocrx_word' id='word_1_10' title='bbox 716 522 998 596; x_wconf 82' lang='lat' dir='ltr'>religionis</span> <span class='ocrx_word' id='word_1_11' title='bbox 1030 523 1294 593; x_wconf 87' lang='lat' dir='ltr'>culmina,</span> <span class='ocrx_word' id='word_1_12' title='bbox 1341 523 1494 580; x_wconf 84' lang='lat' dir='ltr'>ibant</span> <span class='ocrx_word' id='word_1_13' title='bbox 1537 525 1830 596; x_wconf 75' lang='lat' dir='ltr'>gaudentes</span> <span class='ocrx_word' id='word_1_14' title='bbox 1867 542 1898 582; x_wconf 93' lang='lat' dir='ltr'>a</span> <span class='ocrx_word' id='word_1_15' title='bbox 1943 541 2074 583; x_wconf 85' lang='lat' dir='ltr'>con-</span> <span class='ocrx_word' id='word_1_16' title='bbox 2109 523 2530 594; x_wconf 73' lang='lat' dir='ltr'>Acommisisti,</span> <span class='ocrx_word' id='word_1_17' title='bbox 2591 539 2755 597; x_wconf 90' lang='lat' dir='ltr'>quam</span> <span class='ocrx_word' id='word_1_18' title='bbox 2805 523 2992 596; x_wconf 82' lang='lat' dir='ltr'>gravia</span> <span class='ocrx_word' id='word_1_19' title='bbox 3045 521 3302 592; x_wconf 88' lang='lat' dir='ltr'>crimina,</span> <span class='ocrx_word' id='word_1_20' title='bbox 3387 539 3558 598; x_wconf 89' lang='lat' dir='ltr'>quam</span> <span class='ocrx_word' id='word_1_21' title='bbox 3629 524 3816 582; x_wconf 88' lang='lat' dir='ltr'>innu-</span> 
     </span>
    </p>
   </div>
   <div class='ocr_carea' id='block_1_6' title="bbox 482 611 2084 686">
    <p class='ocr_par' dir='ltr' id='par_1_6' title="bbox 482 611 2084 686">
     <span class='ocr_line' id='line_1_6' title="bbox 482 611 2084 686; baseline 0.001 -19"><span class='ocrx_word' id='word_1_22' title='bbox 482 621 670 684; x_wconf 75' lang='lat' dir='ltr'>spectu</span> <span class='ocrx_word' id='word_1_23' title='bbox 702 612 947 681; x_wconf 91' lang='lat' dir='ltr'>concilii,</span> <span class='ocrx_word' id='word_1_24' title='bbox 987 611 1248 686; x_wconf 91' lang='lat' dir='ltr'>quoniam</span> <span class='ocrx_word' id='word_1_25' title='bbox 1280 612 1432 684; x_wconf 87' lang='lat' dir='ltr'>digni</span> <span class='ocrx_word' id='word_1_26' title='bbox 1466 612 1640 670; x_wconf 82' lang='lat' dir='ltr'>habiti</span> <span class='ocrx_word' id='word_1_27' title='bbox 1688 622 1816 670; x_wconf 91' lang='lat' dir='ltr'>sunt</span> <span class='ocrx_word' id='word_1_28' title='bbox 1845 629 1945 686; x_wconf 91' lang='lat' dir='ltr'>pro</span> <span class='ocrx_word' id='word_1_29' title='bbox 1973 628 2084 668; x_wconf 91' lang='lat' dir='ltr'>no-</span> 
     </span>
    </p>
   </div>
   <div class='ocr_carea' id='block_1_7' title="bbox 483 702 2084 775">
    <p class='ocr_par' dir='ltr' id='par_1_7' title="bbox 483 702 2084 775">
     <span class='ocr_line' id='line_1_7' title="bbox 483 702 2084 775; baseline -0.001 -17"><span class='ocrx_word' id='word_1_30' title='bbox 483 702 630 759; x_wconf 89' lang='lat' dir='ltr'>mine</span> <span class='ocrx_word' id='word_1_31' title='bbox 677 703 804 759; x_wconf 89' lang='lat' dir='ltr'>Jesu</span> <span class='ocrx_word' id='word_1_32' title='bbox 856 703 1247 759; x_wconf 78' lang='lat' dir='ltr'>contumeliam</span> <span class='ocrx_word' id='word_1_33' title='bbox 1294 702 1404 774; x_wconf 90' lang='lat' dir='ltr'>pati</span> <span class='ocrx_word' id='word_1_34' title='bbox 1458 703 1599 775; x_wconf 84' lang='lat' dir='ltr'>(Act.</span> <span class='ocrx_word' id='word_1_35' title='bbox 1640 721 1694 768; x_wconf 92' lang='lat' dir='ltr'>v,</span> <span class='ocrx_word' id='word_1_36' title='bbox 1739 702 1854 775; x_wconf 69' lang='grc'>41).</span> <span class='ocrx_word' id='word_1_37' title='bbox 1887 703 2084 758; x_wconf 91' lang='lat' dir='ltr'>Nullus</span> 
     </span>
    </p>
   </div>
   <div class='ocr_carea' id='block_1_8' title="bbox 481 793 2078 866">
    <p class='ocr_par' dir='ltr' id='par_1_8' title="bbox 481 793 2078 866">
     <span class='ocr_line' id='line_1_8' title="bbox 481 793 2078 866; baseline 0.002 -17"><span class='ocrx_word' id='word_1_38' title='bbox 481 810 607 866; x_wconf 90' lang='lat' dir='ltr'>ergo</span> <span class='ocrx_word' id='word_1_39' title='bbox 663 795 722 850; x_wconf 92' lang='lat' dir='ltr'>in</span> <span class='ocrx_word' id='word_1_40' title='bbox 778 793 1170 850; x_wconf 80' lang='lat' dir='ltr'>afﬂictionibus</span> <span class='ocrx_word' id='word_1_41' title='bbox 1219 793 1468 848; x_wconf 62' lang='lat' dir='ltr'>maeroris</span> <span class='ocrx_word' id='word_1_42' title='bbox 1524 794 1676 852; x_wconf 91' lang='lat' dir='ltr'>locus</span> <span class='ocrx_word' id='word_1_43' title='bbox 1728 812 1843 851; x_wconf 90' lang='lat' dir='ltr'>esse</span> <span class='ocrx_word' id='word_1_44' title='bbox 1898 795 2078 864; x_wconf 84' lang='lat' dir='ltr'>debet,</span> 
     </span>
    </p>
   </div>
   <div class='ocr_carea' id='block_1_9' title="bbox 479 883 1828 942">
    <p class='ocr_par' dir='ltr' id='par_1_9' title="bbox 479 883 1828 942">
     <span class='ocr_line' id='line_1_9' title="bbox 479 883 1828 942; baseline 0.003 -4"><span class='ocrx_word' id='word_1_45' title='bbox 479 898 606 938; x_wconf 89' lang='lat' dir='ltr'>cum</span> <span class='ocrx_word' id='word_1_46' title='bbox 633 883 713 940; x_wconf 89' lang='lat' dir='ltr'>eis</span> <span class='ocrx_word' id='word_1_47' title='bbox 741 892 891 940; x_wconf 88' lang='lat' dir='ltr'>tanta</span> <span class='ocrx_word' id='word_1_48' title='bbox 918 883 1124 940; x_wconf 60' lang='lat' dir='ltr'>iaititian</span> <span class='ocrx_word' id='word_1_49' title='bbox 1161 883 1525 940; x_wconf 82' lang='lat' dir='ltr'>exuberantia</span> <span class='ocrx_word' id='word_1_50' title='bbox 1551 886 1828 942; x_wconf 88' lang='lat' dir='ltr'>succedat.</span> 
     </span>
    </p>
   </div>
   <div class='ocr_carea' id='block_1_10' title="bbox 1077 1002 1483 1060">
    <p class='ocr_par' dir='ltr' id='par_1_10' title="bbox 1077 1002 1483 1060">
     <span class='ocr_line' id='line_1_10' title="bbox 1077 1002 1483 1060; baseline -0.005 0"><span class='ocrx_word' id='word_1_51' title='bbox 1077 1002 1303 1060; x_wconf 84' lang='lat' dir='ltr'><strong>CAPUT</strong></span> <span class='ocrx_word' id='word_1_52' title='bbox 1336 1002 1483 1059; x_wconf 85' lang='lat' dir='ltr'>XIII.</span> 
     </span>
    </p>
   </div>
   <div class='ocr_carea' id='block_1_11' title="bbox 903 1091 1660 1164">
    <p class='ocr_par' dir='ltr' id='par_1_11' title="bbox 903 1091 1660 1164">
     <span class='ocr_line' id='line_1_11' title="bbox 903 1091 1660 1164; baseline 0.001 -17"><span class='ocrx_word' id='word_1_53' title='bbox 903 1093 1108 1164; x_wconf 86' lang='lat' dir='ltr'>Torpor</span> <span class='ocrx_word' id='word_1_54' title='bbox 1137 1095 1214 1147; x_wconf 80' lang='lat' dir='ltr'>vel</span> <span class='ocrx_word' id='word_1_55' title='bbox 1243 1093 1456 1162; x_wconf 78' lang='lat' dir='ltr'>ignavia</span> <span class='ocrx_word' id='word_1_56' title='bbox 1485 1091 1613 1149; x_wconf 87' lang='lat' dir='ltr'>dicit</span> <span class='ocrx_word' id='word_1_57' title='bbox 1642 1109 1660 1148; x_wconf 92' lang='lat'><strong><em>:</em></strong></span> 
     </span>
    </p>
   </div>
   <div class='ocr_carea' id='block_1_12' title="bbox 548 1187 2074 1262">
    <p class='ocr_par' dir='ltr' id='par_1_12' title="bbox 548 1187 2074 1262">
     <span class='ocr_line' id='line_1_12' title="bbox 548 1187 2074 1262; baseline 0.003 -19"><span class='ocrx_word' id='word_1_58' title='bbox 548 1187 839 1244; x_wconf 84' lang='lat' dir='ltr'>Continuae</span> <span class='ocrx_word' id='word_1_59' title='bbox 869 1189 1096 1245; x_wconf 86' lang='lat' dir='ltr'>lectioni</span> <span class='ocrx_word' id='word_1_60' title='bbox 1126 1206 1189 1246; x_wconf 90' lang='lat' dir='ltr'>ac</span> <span class='ocrx_word' id='word_1_61' title='bbox 1218 1190 1484 1246; x_wconf 89' lang='lat' dir='ltr'>diuturno</span> <span class='ocrx_word' id='word_1_62' title='bbox 1527 1190 1933 1262; x_wconf 86' lang='lat' dir='ltr'>Scripturarum</span> <span class='ocrx_word' id='word_1_63' title='bbox 1963 1199 2074 1248; x_wconf 87' lang='lat' dir='ltr'>stu-</span> 
     </span>
    </p>
   </div>
   <div class='ocr_carea' id='block_1_13' title="bbox 475 1277 2074 1353">
    <p class='ocr_par' dir='ltr' id='par_1_13' title="bbox 475 1277 2074 1353">
     <span class='ocr_line' id='line_1_13' title="bbox 475 1277 2074 1353; baseline 0.002 -19"><span class='ocrx_word' id='word_1_64' title='bbox 475 1277 569 1334; x_wconf 93' lang='lat' dir='ltr'>dio</span> <span class='ocrx_word' id='word_1_65' title='bbox 612 1294 827 1350; x_wconf 89' lang='lat' dir='ltr'>semper</span> <span class='ocrx_word' id='word_1_66' title='bbox 874 1279 1086 1335; x_wconf 85' lang='lat' dir='ltr'>insistis</span> <span class='ocrx_word' id='word_1_67' title='bbox 1117 1281 1145 1336; x_wconf 72' lang='grc' dir='ltr'><em>ἳ</em></span> <span class='ocrx_word' id='word_1_68' title='bbox 1192 1281 1492 1337; x_wconf 86' lang='lat' dir='ltr'>Oculorum</span> <span class='ocrx_word' id='word_1_69' title='bbox 1539 1281 1937 1353; x_wconf 85' lang='lat' dir='ltr'>Ophthalmiam</span> <span class='ocrx_word' id='word_1_70' title='bbox 1985 1281 2074 1338; x_wconf 89' lang='lat' dir='ltr'>vel</span> 
     </span>
    </p>
   </div>
   <div class='ocr_carea' id='block_1_14' title="bbox 475 1364 2074 1443">
    <p class='ocr_par' dir='ltr' id='par_1_14' title="bbox 475 1364 2074 1443">
     <span class='ocr_line' id='line_1_14' title="bbox 475 1364 2074 1443; baseline 0.004 -23"><span class='ocrx_word' id='word_1_71' title='bbox 475 1364 866 1438; x_wconf 85' lang='lat' dir='ltr'>lippitudinem</span> <span class='ocrx_word' id='word_1_72' title='bbox 924 1367 1196 1425; x_wconf 88' lang='lat' dir='ltr'>incurres.</span> <span class='ocrx_word' id='word_1_73' title='bbox 1261 1369 1316 1425; x_wconf 87' lang='lat' dir='ltr'>Si</span> <span class='ocrx_word' id='word_1_74' title='bbox 1376 1369 1751 1426; x_wconf 85' lang='lat' dir='ltr'>indesinenter</span> <span class='ocrx_word' id='word_1_75' title='bbox 1804 1371 2074 1443; x_wconf 87' lang='lat' dir='ltr'>lacrymas</span> 
     </span>
    </p>
   </div>
   <div class='ocr_carea' id='block_1_15' title="bbox 474 1454 2069 1530">
    <p class='ocr_par' dir='ltr' id='par_1_15' title="bbox 474 1454 2069 1530">
     <span class='ocr_line' id='line_1_15' title="bbox 474 1454 2069 1530; baseline 0.004 -20"><span class='ocrx_word' id='word_1_76' title='bbox 474 1454 684 1524; x_wconf 89' lang='lat' dir='ltr'>fundis,</span> <span class='ocrx_word' id='word_1_77' title='bbox 724 1455 905 1528; x_wconf 89' lang='lat' dir='ltr'>ipsum</span> <span class='ocrx_word' id='word_1_78' title='bbox 956 1461 1119 1513; x_wconf 89' lang='lat' dir='ltr'>etiam</span> <span class='ocrx_word' id='word_1_79' title='bbox 1162 1461 1448 1515; x_wconf 92' lang='lat' dir='ltr'>oculorum</span> <span class='ocrx_word' id='word_1_80' title='bbox 1491 1461 1679 1515; x_wconf 91' lang='lat' dir='ltr'>lumen</span> <span class='ocrx_word' id='word_1_81' title='bbox 1721 1459 1956 1516; x_wconf 85' lang='lat' dir='ltr'>amittes.</span> <span class='ocrx_word' id='word_1_82' title='bbox 1990 1461 2069 1530; x_wconf 93' lang='lat' dir='ltr'>Si,</span> 
     </span>
    </p>
   </div>
   <div class='ocr_carea' id='block_1_16' title="bbox 473 1542 2068 1620">
    <p class='ocr_par' dir='ltr' id='par_1_16' title="bbox 473 1542 2068 1620">
     <span class='ocr_line' id='line_1_16' title="bbox 473 1542 2068 1620; baseline 0.007 -25"><span class='ocrx_word' id='word_1_83' title='bbox 473 1542 758 1613; x_wconf 87' lang='lat' dir='ltr'>protelatis</span> <span class='ocrx_word' id='word_1_84' title='bbox 817 1544 1048 1616; x_wconf 67' lang='lat' dir='ltr'>vigiliis,</span> <span class='ocrx_word' id='word_1_85' title='bbox 1095 1545 1430 1616; x_wconf 88' lang='lat' dir='ltr'>psalmorum</span> <span class='ocrx_word' id='word_1_86' title='bbox 1489 1563 1716 1618; x_wconf 91' lang='lat' dir='ltr'>pensum</span> <span class='ocrx_word' id='word_1_87' title='bbox 1781 1551 2068 1620; x_wconf 87' lang='lat' dir='ltr'>persolvis,</span> 
     </span>
    </p>
   </div>
   <div class='ocr_carea' id='block_1_17' title="bbox 471 1631 2072 1710">
    <p class='ocr_par' dir='ltr' id='par_1_17' title="bbox 471 1631 2072 1710">
     <span class='ocr_line' id='line_1_17' title="bbox 471 1631 2072 1710; baseline 0.008 -24"><span class='ocrx_word' id='word_1_88' title='bbox 471 1631 666 1702; x_wconf 87' lang='lat' dir='ltr'>capitis</span> <span class='ocrx_word' id='word_1_89' title='bbox 713 1633 986 1689; x_wconf 83' lang='lat' dir='ltr'>insaniam</span> <span class='ocrx_word' id='word_1_90' title='bbox 1038 1634 1268 1692; x_wconf 86' lang='lat' dir='ltr'>incides.</span> <span class='ocrx_word' id='word_1_91' title='bbox 1319 1635 1376 1692; x_wconf 90' lang='lat' dir='ltr'>Si</span> <span class='ocrx_word' id='word_1_92' title='bbox 1419 1638 1743 1710; x_wconf 91' lang='lat' dir='ltr'>quotidiano</span> <span class='ocrx_word' id='word_1_93' title='bbox 1789 1639 1975 1697; x_wconf 91' lang='lat' dir='ltr'>labore</span> <span class='ocrx_word' id='word_1_94' title='bbox 2017 1649 2072 1698; x_wconf 90' lang='lat' dir='ltr'>te</span> 
     </span>
    </p>
   </div>
   <div class='ocr_carea' id='block_1_18' title="bbox 468 1720 1892 1800">
    <p class='ocr_par' dir='ltr' id='par_1_18' title="bbox 468 1720 1892 1800">
     <span class='ocr_line' id='line_1_18' title="bbox 468 1720 1892 1800; baseline 0.006 -24"><span class='ocrx_word' id='word_1_95' title='bbox 468 1720 716 1788; x_wconf 85' lang='lat' dir='ltr'>conﬁcis,</span> <span class='ocrx_word' id='word_1_96' title='bbox 749 1722 816 1778; x_wconf 90' lang='lat' dir='ltr'>ad</span> <span class='ocrx_word' id='word_1_97' title='bbox 847 1739 984 1794; x_wconf 92' lang='lat' dir='ltr'>opus</span> <span class='ocrx_word' id='word_1_98' title='bbox 1013 1723 1264 1796; x_wconf 85' lang='lat' dir='ltr'>spiritale</span> <span class='ocrx_word' id='word_1_99' title='bbox 1294 1725 1513 1798; x_wconf 89' lang='lat' dir='ltr'>quando</span> <span class='ocrx_word' id='word_1_100' title='bbox 1539 1743 1834 1800; x_wconf 85' lang='lat' dir='ltr'>consurges</span> <span class='ocrx_word' id='word_1_101' title='bbox 1864 1730 1892 1786; x_wconf 81' lang='lat'>?</span> 
     </span>
    </p>
   </div>
   <div class='ocr_carea' id='block_1_19' title="bbox 605 1811 1937 1888">
    <p class='ocr_par' dir='ltr' id='par_1_19' title="bbox 605 1811 1937 1888">
     <span class='ocr_line' id='line_1_19' title="bbox 605 1811 1937 1888; baseline 0.007 -21"><span class='ocrx_word' id='word_1_102' title='bbox 605 1812 704 1867; x_wconf 92' lang='lat' dir='ltr'>Sed</span> <span class='ocrx_word' id='word_1_103' title='bbox 725 1811 1000 1868; x_wconf 78' lang='lat' dir='ltr'>industria</span> <span class='ocrx_word' id='word_1_104' title='bbox 1029 1814 1390 1884; x_wconf 81' lang='lat' dir='ltr'>indefessaque</span> <span class='ocrx_word' id='word_1_105' title='bbox 1416 1816 1587 1870; x_wconf 82' lang='lat' dir='ltr'>virtus</span> <span class='ocrx_word' id='word_1_106' title='bbox 1613 1819 1890 1888; x_wconf 78' lang='lat' dir='ltr'>respondet</span> <span class='ocrx_word' id='word_1_107' title='bbox 1919 1836 1937 1876; x_wconf 90' lang='lat'><em>:</em></span> 
     </span>
    </p>
   </div>
   <div class='ocr_carea' id='block_1_20' title="bbox 2191 611 3810 684">
    <p class='ocr_par' dir='ltr' id='par_1_20' title="bbox 2191 611 3810 684">
     <span class='ocr_line' id='line_1_20' title="bbox 2191 611 3810 684; baseline 0.001 -14"><span class='ocrx_word' id='word_1_108' title='bbox 2191 631 2341 672; x_wconf 89' lang='lat' dir='ltr'>mera</span> <span class='ocrx_word' id='word_1_109' title='bbox 2368 615 2594 684; x_wconf 90' lang='lat' dir='ltr'>delicta,</span> <span class='ocrx_word' id='word_1_110' title='bbox 2625 621 2679 670; x_wconf 91' lang='lat' dir='ltr'>et</span> <span class='ocrx_word' id='word_1_111' title='bbox 2710 613 2771 670; x_wconf 91' lang='lat' dir='ltr'>in</span> <span class='ocrx_word' id='word_1_112' title='bbox 2802 613 3002 670; x_wconf 90' lang='lat' dir='ltr'>melius</span> <span class='ocrx_word' id='word_1_113' title='bbox 3036 628 3139 669; x_wconf 89' lang='lat' dir='ltr'>nec</span> <span class='ocrx_word' id='word_1_114' title='bbox 3161 611 3277 684; x_wconf 90' lang='lat' dir='ltr'>jam</span> <span class='ocrx_word' id='word_1_115' title='bbox 3309 612 3486 670; x_wconf 89' lang='lat' dir='ltr'>vitam</span> <span class='ocrx_word' id='word_1_116' title='bbox 3536 615 3810 684; x_wconf 81' lang='lat' dir='ltr'>mutasti,</span> 
     </span>
    </p>
   </div>
   <div class='ocr_carea' id='block_1_21' title="bbox 2190 701 3800 761">
    <p class='ocr_par' dir='ltr' id='par_1_21' title="bbox 2190 701 3800 761">
     <span class='ocr_line' id='line_1_21' title="bbox 2190 701 3800 761; baseline 0.002 -3"><span class='ocrx_word' id='word_1_117' title='bbox 2190 719 2292 760; x_wconf 90' lang='lat' dir='ltr'>nec</span> <span class='ocrx_word' id='word_1_118' title='bbox 2355 704 2831 761; x_wconf 84' lang='lat' dir='ltr'>conversationem</span> <span class='ocrx_word' id='word_1_119' title='bbox 2881 703 3094 760; x_wconf 86' lang='lat' dir='ltr'>utiliter</span> <span class='ocrx_word' id='word_1_120' title='bbox 3141 701 3407 760; x_wconf 87' lang='lat' dir='ltr'>hactenus</span> <span class='ocrx_word' id='word_1_121' title='bbox 3455 703 3800 761; x_wconf 82' lang='lat' dir='ltr'>correxisti.</span> 
     </span>
    </p>
   </div>
   <div class='ocr_carea' id='block_1_22' title="bbox 2188 793 3814 866">
    <p class='ocr_par' dir='ltr' id='par_1_22' title="bbox 2188 793 3814 866">
     <span class='ocr_line' id='line_1_22' title="bbox 2188 793 3814 866; baseline 0.001 -16"><span class='ocrx_word' id='word_1_122' title='bbox 2188 795 2330 851; x_wconf 90' lang='lat' dir='ltr'>Ecce</span> <span class='ocrx_word' id='word_1_123' title='bbox 2357 795 2526 864; x_wconf 91' lang='lat' dir='ltr'>enim,</span> <span class='ocrx_word' id='word_1_124' title='bbox 2573 802 2634 850; x_wconf 89' lang='lat' dir='ltr'>ut</span> <span class='ocrx_word' id='word_1_125' title='bbox 2689 795 2890 864; x_wconf 88' lang='lat' dir='ltr'>cernis,</span> <span class='ocrx_word' id='word_1_126' title='bbox 2951 793 3095 849; x_wconf 89' lang='lat' dir='ltr'>mala</span> <span class='ocrx_word' id='word_1_127' title='bbox 3123 809 3338 866; x_wconf 90' lang='lat' dir='ltr'>semper</span> <span class='ocrx_word' id='word_1_128' title='bbox 3385 793 3814 852; x_wconf 86' lang='lat' dir='ltr'>consuetudine</span> 
     </span>
    </p>
   </div>
   <div class='ocr_carea' id='block_1_23' title="bbox 2189 882 3813 956">
    <p class='ocr_par' dir='ltr' id='par_1_23' title="bbox 2189 882 3813 956">
     <span class='ocr_line' id='line_1_23' title="bbox 2189 882 3813 956; baseline 0.001 -18"><span class='ocrx_word' id='word_1_129' title='bbox 2189 882 2466 956; x_wconf 86' lang='lat' dir='ltr'>obligatus</span> <span class='ocrx_word' id='word_1_130' title='bbox 2494 884 2718 940; x_wconf 90' lang='lat' dir='ltr'>teneris.</span> <span class='ocrx_word' id='word_1_131' title='bbox 2752 883 2982 942; x_wconf 89' lang='lat' dir='ltr'>Conaris</span> <span class='ocrx_word' id='word_1_132' title='bbox 3013 899 3306 956; x_wconf 79' lang='lat' dir='ltr'>exsurgere</span> <span class='ocrx_word' id='word_1_133' title='bbox 3341 927 3356 954; x_wconf 96' lang='lat'>,</span> <span class='ocrx_word' id='word_1_134' title='bbox 3395 882 3492 940; x_wconf 85' lang='lat' dir='ltr'>sed</span> <span class='ocrx_word' id='word_1_135' title='bbox 3543 893 3813 956; x_wconf 59' lang='lat' dir='ltr'>peccato-</span> 
     </span>
    </p>
   </div>
   <div class='ocr_carea' id='block_1_24' title="bbox 2187 973 3813 1048">
    <p class='ocr_par' dir='ltr' id='par_1_24' title="bbox 2187 973 3813 1048">
     <span class='ocr_line' id='line_1_24' title="bbox 2187 973 3813 1048; baseline 0.001 -18"><span class='ocrx_word' id='word_1_136' title='bbox 2187 991 2310 1030; x_wconf 89' lang='lat' dir='ltr'>rum</span> <span class='ocrx_word' id='word_1_137' title='bbox 2339 973 2576 1046; x_wconf 90' lang='lat' dir='ltr'>pondere</span> <span class='ocrx_word' id='word_1_138' title='bbox 2605 984 2975 1048; x_wconf 64' lang='lat' dir='ltr'>praegravatus</span> <span class='ocrx_word' id='word_1_139' title='bbox 3017 975 3297 1031; x_wconf 88' lang='lat' dir='ltr'>relaberis.</span> <span class='ocrx_word' id='word_1_140' title='bbox 3345 973 3491 1042; x_wconf 86' lang='lat' dir='ltr'>Quid</span> <span class='ocrx_word' id='word_1_141' title='bbox 3523 991 3663 1048; x_wconf 86' lang='lat' dir='ltr'>ergo</span> <span class='ocrx_word' id='word_1_142' title='bbox 3693 975 3813 1032; x_wconf 85' lang='lat' dir='ltr'>tibi</span> 
     </span>
    </p>
   </div>
   <div class='ocr_carea' id='block_1_25' title="bbox 2185 1063 3814 1138">
    <p class='ocr_par' dir='ltr' id='par_1_25' title="bbox 2185 1063 3814 1138">
     <span class='ocr_line' id='line_1_25' title="bbox 2185 1063 3814 1138; baseline 0.002 -20"><span class='ocrx_word' id='word_1_143' title='bbox 2185 1065 2477 1136; x_wconf 87' lang='lat' dir='ltr'>agendum,</span> <span class='ocrx_word' id='word_1_144' title='bbox 2509 1065 2730 1138; x_wconf 90' lang='lat' dir='ltr'>quando</span> <span class='ocrx_word' id='word_1_145' title='bbox 2758 1065 2825 1122; x_wconf 86' lang='lat' dir='ltr'>de</span> <span class='ocrx_word' id='word_1_146' title='bbox 2853 1065 3147 1138; x_wconf 72' lang='lat' dir='ltr'>praeteritis</span> <span class='ocrx_word' id='word_1_147' title='bbox 3175 1074 3324 1122; x_wconf 88' lang='lat' dir='ltr'>certa</span> <span class='ocrx_word' id='word_1_148' title='bbox 3351 1063 3647 1121; x_wconf 86' lang='lat' dir='ltr'>damnatio</span> <span class='ocrx_word' id='word_1_149' title='bbox 3678 1065 3814 1121; x_wconf 87' lang='lat' dir='ltr'>im-</span> 
     </span>
    </p>
   </div>
   <div class='ocr_carea' id='block_1_26' title="bbox 2185 1153 3808 1227">
    <p class='ocr_par' dir='ltr' id='par_1_26' title="bbox 2185 1153 3808 1227">
     <span class='ocr_line' id='line_1_26' title="bbox 2185 1153 3808 1227; baseline 0.001 -19"><span class='ocrx_word' id='word_1_150' title='bbox 2185 1154 2378 1219; x_wconf 85' lang='lat' dir='ltr'>minet,</span> <span class='ocrx_word' id='word_1_151' title='bbox 2411 1153 2478 1209; x_wconf 92' lang='lat' dir='ltr'>de</span> <span class='ocrx_word' id='word_1_152' title='bbox 2511 1153 2874 1227; x_wconf 75' lang='lat' dir='ltr'>praesentibus</span> <span class='ocrx_word' id='word_1_153' title='bbox 2925 1153 3238 1210; x_wconf 85' lang='lat' dir='ltr'>emendatio</span> <span class='ocrx_word' id='word_1_154' title='bbox 3277 1153 3435 1208; x_wconf 90' lang='lat' dir='ltr'>nulla</span> <span class='ocrx_word' id='word_1_155' title='bbox 3487 1155 3808 1223; x_wconf 84' lang='lat' dir='ltr'>succurrit,</span> 
     </span>
    </p>
   </div>
   <div class='ocr_carea' id='block_1_27' title="bbox 2182 1244 3809 1318">
    <p class='ocr_par' dir='ltr' id='par_1_27' title="bbox 2182 1244 3809 1318">
     <span class='ocr_line' id='line_1_27' title="bbox 2182 1244 3809 1318; baseline 0.001 -18"><span class='ocrx_word' id='word_1_156' title='bbox 2182 1244 2292 1300; x_wconf 90' lang='lat' dir='ltr'>nisi</span> <span class='ocrx_word' id='word_1_157' title='bbox 2319 1252 2381 1300; x_wconf 92' lang='lat' dir='ltr'>ut</span> <span class='ocrx_word' id='word_1_158' title='bbox 2410 1261 2521 1301; x_wconf 88' lang='lat' dir='ltr'>non</span> <span class='ocrx_word' id='word_1_159' title='bbox 2552 1245 2776 1301; x_wconf 89' lang='lat' dir='ltr'>omittas</span> <span class='ocrx_word' id='word_1_160' title='bbox 2805 1245 3193 1317; x_wconf 79' lang='lat' dir='ltr'>temporalium</span> <span class='ocrx_word' id='word_1_161' title='bbox 3217 1259 3401 1300; x_wconf 87' lang='lat' dir='ltr'>rerum</span> <span class='ocrx_word' id='word_1_162' title='bbox 3440 1245 3809 1318; x_wconf 78' lang='lat' dir='ltr'>voluptates,</span> 
     </span>
    </p>
   </div>
   <div class='ocr_carea' id='block_1_28' title="bbox 2181 1333 3810 1408">
    <p class='ocr_par' dir='ltr' id='par_1_28' title="bbox 2181 1333 3810 1408">
     <span class='ocr_line' id='line_1_28' title="bbox 2181 1333 3810 1408; baseline -0.001 -18"><span class='ocrx_word' id='word_1_163' title='bbox 2181 1333 2314 1390; x_wconf 89' lang='lat' dir='ltr'>dum</span> <span class='ocrx_word' id='word_1_164' title='bbox 2341 1333 2516 1391; x_wconf 89' lang='lat' dir='ltr'>futuri</span> <span class='ocrx_word' id='word_1_165' title='bbox 2565 1335 2752 1393; x_wconf 66' lang='lat' dir='ltr'>saeculi</span> <span class='ocrx_word' id='word_1_166' title='bbox 2801 1335 3165 1408; x_wconf 89' lang='lat' dir='ltr'>promissione</span> <span class='ocrx_word' id='word_1_167' title='bbox 3215 1333 3479 1408; x_wconf 80' lang='lat' dir='ltr'>consequi</span> <span class='ocrx_word' id='word_1_168' title='bbox 3527 1334 3810 1392; x_wconf 77' lang='lat' dir='ltr'>retarda—</span> 
     </span>
    </p>
   </div>
   <div class='ocr_carea' id='block_1_29' title="bbox 2181 1423 2308 1480">
    <p class='ocr_par' dir='ltr' id='par_1_29' title="bbox 2181 1423 2308 1480">
     <span class='ocr_line' id='line_1_29' title="bbox 2181 1423 2308 1480; baseline 0.024 -2"><span class='ocrx_word' id='word_1_169' title='bbox 2181 1423 2258 1480; x_wconf 91' lang='lat' dir='ltr'>ris</span> <span class='ocrx_word' id='word_1_170' title='bbox 2279 1424 2308 1480; x_wconf 80' lang='lat'><strong>?</strong></span> 
     </span>
    </p>
   </div>
   <div class='ocr_carea' id='block_1_30' title="bbox 2577 1514 3384 1587">
    <p class='ocr_par' dir='ltr' id='par_1_30' title="bbox 2577 1514 3384 1587">
     <span class='ocr_line' id='line_1_30' title="bbox 2577 1514 3384 1587; baseline -0.001 -17"><span class='ocrx_word' id='word_1_171' title='bbox 2577 1515 2678 1570; x_wconf 89' lang='lat' dir='ltr'>Sed</span> <span class='ocrx_word' id='word_1_172' title='bbox 2701 1514 2812 1586; x_wconf 86' lang='lat' dir='ltr'>spei</span> <span class='ocrx_word' id='word_1_173' title='bbox 2841 1514 3037 1587; x_wconf 79' lang='lat' dir='ltr'>ﬁducia</span> <span class='ocrx_word' id='word_1_174' title='bbox 3064 1514 3346 1587; x_wconf 81' lang='lat' dir='ltr'>respondet</span> <span class='ocrx_word' id='word_1_175' title='bbox 3373 1531 3384 1569; x_wconf 93' lang='lat'>:</span> 
     </span>
    </p>
   </div>
   <div class='ocr_carea' id='block_1_31' title="bbox 2253 1603 3816 1679">
    <p class='ocr_par' dir='ltr' id='par_1_31' title="bbox 2253 1603 3816 1679">
     <span class='ocr_line' id='line_1_31' title="bbox 2253 1603 3816 1679; baseline 0 -19"><span class='ocrx_word' id='word_1_176' title='bbox 2253 1603 2309 1660; x_wconf 90' lang='lat' dir='ltr'>Si</span> <span class='ocrx_word' id='word_1_177' title='bbox 2340 1603 2407 1660; x_wconf 93' lang='lat' dir='ltr'>de</span> <span class='ocrx_word' id='word_1_178' title='bbox 2437 1605 2767 1679; x_wconf 87' lang='lat' dir='ltr'>capitalibus</span> <span class='ocrx_word' id='word_1_179' title='bbox 2796 1605 3014 1663; x_wconf 89' lang='lat' dir='ltr'>delictis</span> <span class='ocrx_word' id='word_1_180' title='bbox 3033 1606 3245 1679; x_wconf 87' lang='lat' dir='ltr'>agitur:</span> <span class='ocrx_word' id='word_1_181' title='bbox 3274 1623 3400 1664; x_wconf 91' lang='lat' dir='ltr'>ecce</span> <span class='ocrx_word' id='word_1_182' title='bbox 3418 1604 3598 1664; x_wconf 90' lang='lat' dir='ltr'>David</span> <span class='ocrx_word' id='word_1_183' title='bbox 3629 1604 3816 1662; x_wconf 71' lang='lat' dir='ltr'>adut-</span> 
     </span>
    </p>
   </div>
   <div class='ocr_carea' id='block_1_32' title="bbox 2179 1694 3810 1766">
    <p class='ocr_par' dir='ltr' id='par_1_32' title="bbox 2179 1694 3810 1766">
     <span class='ocr_line' id='line_1_32' title="bbox 2179 1694 3810 1766; baseline -0.001 -14"><span class='ocrx_word' id='word_1_184' title='bbox 2179 1694 2320 1752; x_wconf 91' lang='lat' dir='ltr'>terio</span> <span class='ocrx_word' id='word_1_185' title='bbox 2349 1697 2516 1752; x_wconf 90' lang='lat' dir='ltr'>simul</span> <span class='ocrx_word' id='word_1_186' title='bbox 2545 1705 2599 1753; x_wconf 91' lang='lat' dir='ltr'>et</span> <span class='ocrx_word' id='word_1_187' title='bbox 2638 1697 2942 1754; x_wconf 90' lang='lat' dir='ltr'>homicidio</span> <span class='ocrx_word' id='word_1_188' title='bbox 2971 1713 3114 1766; x_wconf 90' lang='lat' dir='ltr'>reus,</span> <span class='ocrx_word' id='word_1_189' title='bbox 3172 1696 3238 1753; x_wconf 90' lang='lat' dir='ltr'>de</span> <span class='ocrx_word' id='word_1_190' title='bbox 3290 1695 3494 1752; x_wconf 89' lang='lat' dir='ltr'>inferni</span> <span class='ocrx_word' id='word_1_191' title='bbox 3527 1694 3810 1752; x_wconf 84' lang='lat' dir='ltr'>faucibus</span> 
     </span>
    </p>
   </div>
   <div class='ocr_carea' id='block_1_33' title="bbox 2177 1771 3801 1856">
    <p class='ocr_par' dir='ltr' id='par_1_33' title="bbox 2177 1771 3801 1856">
     <span class='ocr_line' id='line_1_33' title="bbox 2177 1771 3801 1856; baseline -0.001 -14"><span class='ocrx_word' id='word_1_192' title='bbox 2177 1786 2403 1842; x_wconf 89' lang='lat' dir='ltr'>Domini</span> <span class='ocrx_word' id='word_1_193' title='bbox 2451 1785 2829 1844; x_wconf 88' lang='lat' dir='ltr'>misericordia</span> <span class='ocrx_word' id='word_1_194' title='bbox 2860 1787 3192 1844; x_wconf 88' lang='lat' dir='ltr'>describitur</span> <span class='ocrx_word' id='word_1_195' title='bbox 3236 1771 3501 1843; x_wconf 78' lang='lat' dir='ltr'>liberatus</span> <span class='ocrx_word' id='word_1_196' title='bbox 3533 1786 3625 1854; x_wconf 86' lang='lat' dir='ltr'>(II</span> <span class='ocrx_word' id='word_1_197' title='bbox 3650 1787 3801 1856; x_wconf 85' lang='lat' dir='ltr'>Reg.</span> 
     </span>
    </p>
   </div>
   <div class='ocr_carea' id='block_1_34' title="bbox 539 1877 3810 1981">
    <p class='ocr_par' dir='ltr' id='par_1_34' title="bbox 539 1877 3810 1981">
     <span class='ocr_line' id='line_1_34' title="bbox 539 1877 3810 1981; baseline 0.006 -27"><span class='ocrx_word' id='word_1_198' title='bbox 539 1899 683 1967; x_wconf 90' lang='lat' dir='ltr'>Quid</span> <span class='ocrx_word' id='word_1_199' title='bbox 707 1901 832 1971; x_wconf 90' lang='lat' dir='ltr'>tibi,</span> <span class='ocrx_word' id='word_1_200' title='bbox 859 1919 893 1958; x_wconf 92' lang='grc' dir='ltr'>ο</span> <span class='ocrx_word' id='word_1_201' title='bbox 919 1902 1105 1971; x_wconf 93' lang='lat' dir='ltr'>homo,</span> <span class='ocrx_word' id='word_1_202' title='bbox 1137 1877 1204 1958; x_wconf 84' lang='lat' dir='ltr'>ad</span> <span class='ocrx_word' id='word_1_203' title='bbox 1235 1877 1378 1958; x_wconf 44' lang='lat' dir='ltr'>bo-na</span> <span class='ocrx_word' id='word_1_204' title='bbox 1407 1877 1740 1976; x_wconf 82' lang='lat' dir='ltr'>perﬁcienda</span> <span class='ocrx_word' id='word_1_205' title='bbox 1767 1915 1879 1963; x_wconf 86' lang='lat' dir='ltr'>tam</span> <span class='ocrx_word' id='word_1_206' title='bbox 1911 1909 2072 1981; x_wconf 86' lang='lat' dir='ltr'>longa</span> <span class='ocrx_word' id='word_1_207' title='bbox 2097 1899 2144 1960; x_wconf 89' lang='lat' dir='ltr'><strong>B</strong></span> <span class='ocrx_word' id='word_1_208' title='bbox 2177 1893 2282 1948; x_wconf 61' lang='lat' dir='ltr'>x&quot;:</span> <span class='ocrx_word' id='word_1_209' title='bbox 2317 1878 2432 1950; x_wconf 66' lang='grc'>13)·</span> <span class='ocrx_word' id='word_1_210' title='bbox 2460 1877 3149 1980; x_wconf 49' lang='lat' dir='ltr'>Ecce,impu§°9‘issimus</span> <span class='ocrx_word' id='word_1_211' title='bbox 3191 1878 3486 1981; x_wconf 52' lang='lat' dir='ltr'>Ma‘fi‘fiesz</span> <span class='ocrx_word' id='word_1_212' title='bbox 3517 1882 3810 1948; x_wconf 54' lang='lat' dir='ltr'>peccato-</span> 
     </span>
    </p>
   </div>
   <div class='ocr_carea' id='block_1_35' title="bbox 467 1990 2067 2072">
    <p class='ocr_par' dir='ltr' id='par_1_35' title="bbox 467 1990 2067 2072">
     <span class='ocr_line' id='line_1_35' title="bbox 467 1990 2067 2072; baseline 0.007 -28"><span class='ocrx_word' id='word_1_213' title='bbox 467 1995 776 2062; x_wconf 86' lang='lat' dir='ltr'>temporum</span> <span class='ocrx_word' id='word_1_214' title='bbox 808 1990 1066 2064; x_wconf 87' lang='lat' dir='ltr'>proponis</span> <span class='ocrx_word' id='word_1_215' title='bbox 1103 1992 1278 2065; x_wconf 88' lang='lat' dir='ltr'>spatia</span> <span class='ocrx_word' id='word_1_216' title='bbox 1320 1993 1458 2064; x_wconf 86' lang='lat' dir='ltr'>(Jac.</span> <span class='ocrx_word' id='word_1_217' title='bbox 1492 2011 1571 2061; x_wconf 87' lang='lat' dir='ltr'>iv,</span> <span class='ocrx_word' id='word_1_218' title='bbox 1627 1995 1717 2067; x_wconf 88' lang='grc'>13)</span> <span class='ocrx_word' id='word_1_219' title='bbox 1751 1995 2067 2072; x_wconf 81' lang='lat' dir='ltr'>?Nunquid</span> 
     </span>
    </p>
   </div>
   <div class='ocr_carea' id='block_1_36' title="bbox 469 2079 2064 2146">
    <p class='ocr_par' dir='ltr' id='par_1_36' title="bbox 469 2079 2064 2146">
     <span class='ocr_line' id='line_1_36' title="bbox 469 2079 2064 2146; baseline 0.006 -11"><span class='ocrx_word' id='word_1_220' title='bbox 469 2079 575 2135; x_wconf 91' lang='lat' dir='ltr'>scis</span> <span class='ocrx_word' id='word_1_221' title='bbox 604 2081 647 2136; x_wconf 92' lang='lat' dir='ltr'>si</span> <span class='ocrx_word' id='word_1_222' title='bbox 680 2082 918 2138; x_wconf 88' lang='lat' dir='ltr'>crastina</span> <span class='ocrx_word' id='word_1_223' title='bbox 947 2083 1108 2138; x_wconf 89' lang='lat' dir='ltr'>vivas</span> <span class='ocrx_word' id='word_1_224' title='bbox 1145 2083 1234 2139; x_wconf 93' lang='lat' dir='ltr'>die</span> <span class='ocrx_word' id='word_1_225' title='bbox 1261 2085 1288 2140; x_wconf 75' lang='lat' dir='ltr'>‘P</span> <span class='ocrx_word' id='word_1_226' title='bbox 1321 2085 1432 2140; x_wconf 89' lang='lat' dir='ltr'>imo</span> <span class='ocrx_word' id='word_1_227' title='bbox 1463 2086 1625 2140; x_wconf 91' lang='lat' dir='ltr'>etiam</span> <span class='ocrx_word' id='word_1_228' title='bbox 1667 2088 1714 2142; x_wconf 88' lang='lat' dir='ltr'>si</span> <span class='ocrx_word' id='word_1_229' title='bbox 1767 2087 1850 2142; x_wconf 89' lang='lat' dir='ltr'>vel</span> <span class='ocrx_word' id='word_1_230' title='bbox 1896 2104 2064 2146; x_wconf 90' lang='lat' dir='ltr'>unam</span> 
     </span>
    </p>
   </div>
   <div class='ocr_carea' id='block_1_37' title="bbox 469 2169 2066 2244">
    <p class='ocr_par' dir='ltr' id='par_1_37' title="bbox 469 2169 2066 2244">
     <span class='ocr_line' id='line_1_37' title="bbox 469 2169 2066 2244; baseline 0.008 -20"><span class='ocrx_word' id='word_1_231' title='bbox 469 2169 528 2225; x_wconf 90' lang='lat' dir='ltr'>in</span> <span class='ocrx_word' id='word_1_232' title='bbox 558 2169 661 2226; x_wconf 91' lang='lat' dir='ltr'>hac</span> <span class='ocrx_word' id='word_1_233' title='bbox 686 2171 799 2226; x_wconf 84' lang='lat' dir='ltr'>vita</span> <span class='ocrx_word' id='word_1_234' title='bbox 828 2189 1048 2244; x_wconf 84' lang='lat' dir='ltr'>peragas</span> <span class='ocrx_word' id='word_1_235' title='bbox 1080 2172 1268 2229; x_wconf 87' lang='lat' dir='ltr'>horam</span> <span class='ocrx_word' id='word_1_236' title='bbox 1303 2177 1330 2230; x_wconf 78' lang='lat'><strong><em>?</em></strong></span> <span class='ocrx_word' id='word_1_237' title='bbox 1359 2176 1442 2230; x_wconf 91' lang='lat' dir='ltr'><strong>An</strong></span> <span class='ocrx_word' id='word_1_238' title='bbox 1476 2176 1615 2232; x_wconf 87' lang='lat' dir='ltr'>forte</span> <span class='ocrx_word' id='word_1_239' title='bbox 1645 2184 1828 2234; x_wconf 89' lang='lat' dir='ltr'>mente</span> <span class='ocrx_word' id='word_1_240' title='bbox 1857 2179 2066 2236; x_wconf 82' lang='lat' dir='ltr'>excidit</span> 
     </span>
    </p>
   </div>
   <div class='ocr_carea' id='block_1_38' title="bbox 466 2259 2063 2340">
    <p class='ocr_par' dir='ltr' id='par_1_38' title="bbox 466 2259 2063 2340">
     <span class='ocr_line' id='line_1_38' title="bbox 466 2259 2063 2340; baseline 0.007 -26"><span class='ocrx_word' id='word_1_241' title='bbox 466 2259 617 2331; x_wconf 89' lang='lat' dir='ltr'>quod</span> <span class='ocrx_word' id='word_1_242' title='bbox 648 2259 898 2316; x_wconf 79' lang='lat' dir='ltr'>Salvator</span> <span class='ocrx_word' id='word_1_243' title='bbox 942 2261 1000 2316; x_wconf 90' lang='lat' dir='ltr'>in</span> <span class='ocrx_word' id='word_1_244' title='bbox 1029 2263 1330 2334; x_wconf 89' lang='lat' dir='ltr'>Evangelio</span> <span class='ocrx_word' id='word_1_245' title='bbox 1376 2265 1512 2320; x_wconf 88' lang='lat' dir='ltr'>dicit</span> <span class='ocrx_word' id='word_1_246' title='bbox 1542 2282 1554 2322; x_wconf 92' lang='lat'><strong>:</strong></span> <span class='ocrx_word' id='word_1_247' title='bbox 1601 2290 1620 2312; x_wconf 73' lang='grc' dir='ltr'>ι</span> <span class='ocrx_word' id='word_1_248' title='bbox 1650 2265 1907 2337; x_wconf 72' lang='lat' dir='ltr'>Vigilate,</span> <span class='ocrx_word' id='word_1_249' title='bbox 1935 2269 2063 2340; x_wconf 88' lang='lat' dir='ltr'>quia</span> 
     </span>
    </p>
   </div>
   <div class='ocr_carea' id='block_1_39' title="bbox 466 2349 2048 2427">
    <p class='ocr_par' dir='ltr' id='par_1_39' title="bbox 466 2349 2048 2427">
     <span class='ocr_line' id='line_1_39' title="bbox 466 2349 2048 2427; baseline 0.003 -23"><span class='ocrx_word' id='word_1_250' title='bbox 466 2349 696 2406; x_wconf 90' lang='lat' dir='ltr'>nescitis</span> <span class='ocrx_word' id='word_1_251' title='bbox 727 2350 869 2406; x_wconf 90' lang='lat' dir='ltr'>diem</span> <span class='ocrx_word' id='word_1_252' title='bbox 917 2368 1092 2425; x_wconf 89' lang='lat' dir='ltr'>neque</span> <span class='ocrx_word' id='word_1_253' title='bbox 1133 2352 1325 2408; x_wconf 87' lang='lat' dir='ltr'>horam</span> <span class='ocrx_word' id='word_1_254' title='bbox 1367 2354 1586 2422; x_wconf 84' lang='lat' dir='ltr'>(Matth.</span> <span class='ocrx_word' id='word_1_255' title='bbox 1635 2371 1771 2424; x_wconf 85' lang='lat' dir='ltr'>xxv,</span> <span class='ocrx_word' id='word_1_256' title='bbox 1823 2357 1912 2427; x_wconf 90' lang='grc'>13)</span> <span class='ocrx_word' id='word_1_257' title='bbox 1959 2358 1988 2413; x_wconf 81' lang='lat'>?</span> <span class='ocrx_word' id='word_1_258' title='bbox 2027 2382 2048 2408; x_wconf 71' lang='grc' dir='ltr'>ι</span> 
     </span>
    </p>
   </div>
   <div class='ocr_carea' id='block_1_40' title="bbox 463 2440 2059 2518">
    <p class='ocr_par' dir='ltr' id='par_1_40' title="bbox 463 2440 2059 2518">
     <span class='ocr_line' id='line_1_40' title="bbox 463 2440 2059 2518; baseline 0.003 -23"><span class='ocrx_word' id='word_1_259' title='bbox 463 2440 808 2513; x_wconf 88' lang='lat' dir='ltr'>Quapropter</span> <span class='ocrx_word' id='word_1_260' title='bbox 860 2441 1074 2498; x_wconf 86' lang='lat' dir='ltr'>discute</span> <span class='ocrx_word' id='word_1_261' title='bbox 1129 2445 1368 2514; x_wconf 87' lang='lat' dir='ltr'>torporis</span> <span class='ocrx_word' id='word_1_262' title='bbox 1419 2444 1696 2513; x_wconf 89' lang='lat' dir='ltr'>inertiam,</span> <span class='ocrx_word' id='word_1_263' title='bbox 1738 2461 2059 2518; x_wconf 88' lang='lat' dir='ltr'>semperque</span> 
     </span>
    </p>
   </div>
   <div class='ocr_carea' id='block_1_41' title="bbox 462 2532 2058 2606">
    <p class='ocr_par' dir='ltr' id='par_1_41' title="bbox 462 2532 2058 2606">
     <span class='ocr_line' id='line_1_41' title="bbox 462 2532 2058 2606; baseline 0.004 -22"><span class='ocrx_word' id='word_1_264' title='bbox 462 2538 738 2586; x_wconf 89' lang='lat' dir='ltr'>memento</span> <span class='ocrx_word' id='word_1_265' title='bbox 784 2532 911 2604; x_wconf 85' lang='lat' dir='ltr'>quia</span> <span class='ocrx_word' id='word_1_266' title='bbox 957 2548 1184 2603; x_wconf 78' lang='lat' dir='ltr'>regnum</span> <span class='ocrx_word' id='word_1_267' title='bbox 1235 2534 1502 2588; x_wconf 73' lang='lat' dir='ltr'>caelorum</span> <span class='ocrx_word' id='word_1_268' title='bbox 1543 2550 1653 2590; x_wconf 90' lang='lat' dir='ltr'>non</span> <span class='ocrx_word' id='word_1_269' title='bbox 1699 2533 1893 2606; x_wconf 90' lang='lat' dir='ltr'>tepidi,</span> <span class='ocrx_word' id='word_1_270' title='bbox 1945 2550 2058 2590; x_wconf 91' lang='lat' dir='ltr'>non</span> 
     </span>
    </p>
   </div>
   <div class='ocr_carea' id='block_1_42' title="bbox 461 2617 2054 2696">
    <p class='ocr_par' dir='ltr' id='par_1_42' title="bbox 461 2617 2054 2696">
     <span class='ocr_line' id='line_1_42' title="bbox 461 2617 2054 2696; baseline 0.005 -25"><span class='ocrx_word' id='word_1_271' title='bbox 461 2617 676 2689; x_wconf 92' lang='lat' dir='ltr'>molles,</span> <span class='ocrx_word' id='word_1_272' title='bbox 707 2635 818 2674; x_wconf 92' lang='lat' dir='ltr'>non</span> <span class='ocrx_word' id='word_1_273' title='bbox 850 2618 1082 2688; x_wconf 87' lang='lat' dir='ltr'>desides,</span> <span class='ocrx_word' id='word_1_274' title='bbox 1111 2619 1205 2676; x_wconf 88' lang='lat' dir='ltr'>sed</span> <span class='ocrx_word' id='word_1_275' title='bbox 1235 2621 1488 2690; x_wconf 83' lang='lat' dir='ltr'>violenti,</span> <span class='ocrx_word' id='word_1_276' title='bbox 1523 2622 1742 2696; x_wconf 85' lang='lat' dir='ltr'>vimque</span> <span class='ocrx_word' id='word_1_277' title='bbox 1775 2623 2054 2692; x_wconf 85' lang='lat' dir='ltr'>facientes,</span> 
     </span>
    </p>
   </div>
   <div class='ocr_carea' id='block_1_43' title="bbox 459 2707 2053 2786">
    <p class='ocr_par' dir='ltr' id='par_1_43' title="bbox 459 2707 2053 2786">
     <span class='ocr_line' id='line_1_43' title="bbox 459 2707 2053 2786; baseline 0.004 -23"><span class='ocrx_word' id='word_1_278' title='bbox 459 2715 522 2763; x_wconf 89' lang='lat' dir='ltr'>ut</span> <span class='ocrx_word' id='word_1_279' title='bbox 550 2707 733 2781; x_wconf 88' lang='lat' dir='ltr'>inquit</span> <span class='ocrx_word' id='word_1_280' title='bbox 762 2708 1033 2778; x_wconf 83' lang='lat' dir='ltr'>Salvator,</span> <span class='ocrx_word' id='word_1_281' title='bbox 1063 2709 1338 2782; x_wconf 90' lang='lat' dir='ltr'>diripiunt</span> <span class='ocrx_word' id='word_1_282' title='bbox 1370 2709 1511 2766; x_wconf 90' lang='lat' dir='ltr'>illud</span> <span class='ocrx_word' id='word_1_283' title='bbox 1544 2711 1758 2784; x_wconf 84' lang='lat' dir='ltr'>(Matth.</span> <span class='ocrx_word' id='word_1_284' title='bbox 1802 2729 1886 2783; x_wconf 84' lang='lat' dir='ltr'>xi,</span> <span class='ocrx_word' id='word_1_285' title='bbox 1939 2712 2053 2786; x_wconf 91' lang='grc'>12).</span> 
     </span>
    </p>
   </div>
   <div class='ocr_carea' id='block_1_44' title="bbox 1053 2828 1460 2886">
    <p class='ocr_par' dir='ltr' id='par_1_44' title="bbox 1053 2828 1460 2886">
     <span class='ocr_line' id='line_1_44' title="bbox 1053 2828 1460 2886; baseline 0 0"><span class='ocrx_word' id='word_1_286' title='bbox 1053 2828 1280 2886; x_wconf 88' lang='lat' dir='ltr'><strong>CAPUT</strong></span> <span class='ocrx_word' id='word_1_287' title='bbox 1311 2829 1460 2886; x_wconf 82' lang='lat' dir='ltr'>XIV.</span> 
     </span>
    </p>
   </div>
   <div class='ocr_carea' id='block_1_45' title="bbox 879 2918 1626 2989">
    <p class='ocr_par' dir='ltr' id='par_1_45' title="bbox 879 2918 1626 2989">
     <span class='ocr_line' id='line_1_45' title="bbox 879 2918 1626 2989; baseline 0 -15"><span class='ocrx_word' id='word_1_288' title='bbox 879 2919 1140 2989; x_wconf 83' lang='lat' dir='ltr'>Evagatio</span> <span class='ocrx_word' id='word_1_289' title='bbox 1187 2918 1419 2988; x_wconf 82' lang='lat' dir='ltr'>inquieta</span> <span class='ocrx_word' id='word_1_290' title='bbox 1449 2918 1577 2974; x_wconf 84' lang='lat' dir='ltr'>dicit</span> <span class='ocrx_word' id='word_1_291' title='bbox 1609 2937 1626 2974; x_wconf 91' lang='lat'><em>:</em></span> 
     </span>
    </p>
   </div>
   <div class='ocr_carea' id='block_1_46' title="bbox 529 3011 2046 3091">
    <p class='ocr_par' dir='ltr' id='par_1_46' title="bbox 529 3011 2046 3091">
     <span class='ocr_line' id='line_1_46' title="bbox 529 3011 2046 3091; baseline 0.003 -21"><span class='ocrx_word' id='word_1_292' title='bbox 529 3011 586 3070; x_wconf 91' lang='lat' dir='ltr'>Si</span> <span class='ocrx_word' id='word_1_293' title='bbox 632 3017 806 3072; x_wconf 91' lang='lat' dir='ltr'>Deum</span> <span class='ocrx_word' id='word_1_294' title='bbox 850 3032 966 3072; x_wconf 89' lang='lat' dir='ltr'>esse</span> <span class='ocrx_word' id='word_1_295' title='bbox 1003 3015 1210 3090; x_wconf 91' lang='lat' dir='ltr'>ubique</span> <span class='ocrx_word' id='word_1_296' title='bbox 1253 3018 1450 3085; x_wconf 89' lang='lat' dir='ltr'>credis,</span> <span class='ocrx_word' id='word_1_297' title='bbox 1485 3033 1596 3074; x_wconf 83' lang='lat' dir='ltr'>cur-</span> <span class='ocrx_word' id='word_1_298' title='bbox 1626 3033 1803 3074; x_wconf 91' lang='lat' dir='ltr'>unum</span> <span class='ocrx_word' id='word_1_299' title='bbox 1851 3017 2046 3091; x_wconf 90' lang='lat' dir='ltr'>singu-</span> 
     </span>
    </p>
   </div>
   <div class='ocr_carea' id='block_1_47' title="bbox 457 3103 2049 3180">
    <p class='ocr_par' dir='ltr' id='par_1_47' title="bbox 457 3103 2049 3180">
     <span class='ocr_line' id='line_1_47' title="bbox 457 3103 2049 3180; baseline 0.003 -20"><span class='ocrx_word' id='word_1_300' title='bbox 457 3103 647 3160; x_wconf 90' lang='lat' dir='ltr'>lariter</span> <span class='ocrx_word' id='word_1_301' title='bbox 694 3106 898 3174; x_wconf 91' lang='lat' dir='ltr'>locum,</span> <span class='ocrx_word' id='word_1_302' title='bbox 953 3121 1060 3178; x_wconf 92' lang='lat' dir='ltr'>quo</span> <span class='ocrx_word' id='word_1_303' title='bbox 1114 3114 1268 3161; x_wconf 89' lang='lat' dir='ltr'>tanta</span> <span class='ocrx_word' id='word_1_304' title='bbox 1318 3107 1460 3162; x_wconf 90' lang='lat' dir='ltr'>mala</span> <span class='ocrx_word' id='word_1_305' title='bbox 1512 3114 1917 3180; x_wconf 87' lang='lat' dir='ltr'>perpetrantur,</span> <span class='ocrx_word' id='word_1_306' title='bbox 1958 3125 2049 3165; x_wconf 84' lang='lat' dir='ltr'>cu-</span> 
     </span>
    </p>
   </div>
   <div class='ocr_carea' id='block_1_48' title="bbox 457 3197 1600 3270">
    <p class='ocr_par' dir='ltr' id='par_1_48' title="bbox 457 3197 1600 3270">
     <span class='ocr_line' id='line_1_48' title="bbox 457 3197 1600 3270; baseline 0.002 -16"><span class='ocrx_word' id='word_1_307' title='bbox 457 3197 653 3267; x_wconf 88' lang='lat' dir='ltr'>stodis,</span> <span class='ocrx_word' id='word_1_308' title='bbox 681 3205 736 3254; x_wconf 88' lang='lat' dir='ltr'>et</span> <span class='ocrx_word' id='word_1_309' title='bbox 763 3214 873 3254; x_wconf 90' lang='lat' dir='ltr'>non</span> <span class='ocrx_word' id='word_1_310' title='bbox 906 3198 1089 3270; x_wconf 85' lang='lat' dir='ltr'>potius</span> <span class='ocrx_word' id='word_1_311' title='bbox 1116 3199 1184 3255; x_wconf 90' lang='lat' dir='ltr'>ad</span> <span class='ocrx_word' id='word_1_312' title='bbox 1213 3199 1320 3254; x_wconf 89' lang='lat' dir='ltr'>alia</span> <span class='ocrx_word' id='word_1_313' title='bbox 1343 3200 1544 3255; x_wconf 88' lang='lat' dir='ltr'>transis</span> <span class='ocrx_word' id='word_1_314' title='bbox 1571 3199 1600 3256; x_wconf 79' lang='lat'><strong>?</strong></span> 
     </span>
    </p>
   </div>
   <div class='ocr_carea' id='block_1_49' title="bbox 877 3288 1647 3360">
    <p class='ocr_par' dir='ltr' id='par_1_49' title="bbox 877 3288 1647 3360">
     <span class='ocr_line' id='line_1_49' title="bbox 877 3288 1647 3360; baseline 0 -16"><span class='ocrx_word' id='word_1_315' title='bbox 877 3288 1151 3344; x_wconf 83' lang='lat' dir='ltr'>Stabilitas</span> <span class='ocrx_word' id='word_1_316' title='bbox 1179 3305 1300 3343; x_wconf 81' lang='lat' dir='ltr'>vero</span> <span class='ocrx_word' id='word_1_317' title='bbox 1329 3289 1603 3360; x_wconf 76' lang='lat' dir='ltr'>respondet</span> <span class='ocrx_word' id='word_1_318' title='bbox 1628 3305 1647 3344; x_wconf 88' lang='lat'><strong><em>:</em></strong></span> 
     </span>
    </p>
   </div>
   <div class='ocr_carea' id='block_1_50' title="bbox 527 3376 2048 3452">
    <p class='ocr_par' dir='ltr' id='par_1_50' title="bbox 527 3376 2048 3452">
     <span class='ocr_line' id='line_1_50' title="bbox 527 3376 2048 3452; baseline 0.001 -17"><span class='ocrx_word' id='word_1_319' title='bbox 527 3378 587 3435; x_wconf 93' lang='lat' dir='ltr'>Si</span> <span class='ocrx_word' id='word_1_320' title='bbox 615 3376 692 3436; x_wconf 90' lang='lat' dir='ltr'>ita</span> <span class='ocrx_word' id='word_1_321' title='bbox 715 3387 816 3447; x_wconf 91' lang='lat' dir='ltr'>est,</span> <span class='ocrx_word' id='word_1_322' title='bbox 855 3387 917 3434; x_wconf 90' lang='lat' dir='ltr'>ut</span> <span class='ocrx_word' id='word_1_323' title='bbox 943 3379 1158 3448; x_wconf 89' lang='lat' dir='ltr'>asseris,</span> <span class='ocrx_word' id='word_1_324' title='bbox 1197 3378 1324 3452; x_wconf 88' lang='lat' dir='ltr'>quia</span> <span class='ocrx_word' id='word_1_325' title='bbox 1367 3379 1571 3452; x_wconf 84' lang='lat' dir='ltr'>ubique</span> <span class='ocrx_word' id='word_1_326' title='bbox 1614 3395 1728 3436; x_wconf 90' lang='lat' dir='ltr'>esse</span> <span class='ocrx_word' id='word_1_327' title='bbox 1768 3379 1942 3436; x_wconf 91' lang='lat' dir='ltr'>Deum</span> <span class='ocrx_word' id='word_1_328' title='bbox 1972 3379 2048 3436; x_wconf 85' lang='lat' dir='ltr'>fa-</span> 
     </span>
    </p>
   </div>
   <div class='ocr_carea' id='block_1_51' title="bbox 454 3467 2048 3540">
    <p class='ocr_par' dir='ltr' id='par_1_51' title="bbox 454 3467 2048 3540">
     <span class='ocr_line' id='line_1_51' title="bbox 454 3467 2048 3540; baseline -0.001 -16"><span class='ocrx_word' id='word_1_329' title='bbox 454 3467 606 3536; x_wconf 88' lang='lat' dir='ltr'>teris,</span> <span class='ocrx_word' id='word_1_330' title='bbox 633 3485 760 3539; x_wconf 89' lang='lat' dir='ltr'>ergo</span> <span class='ocrx_word' id='word_1_331' title='bbox 788 3484 888 3525; x_wconf 90' lang='lat' dir='ltr'>nec</span> <span class='ocrx_word' id='word_1_332' title='bbox 917 3467 1019 3525; x_wconf 91' lang='lat' dir='ltr'>iste</span> <span class='ocrx_word' id='word_1_333' title='bbox 1049 3469 1202 3525; x_wconf 89' lang='lat' dir='ltr'>locus</span> <span class='ocrx_word' id='word_1_334' title='bbox 1247 3467 1582 3524; x_wconf 89' lang='lat' dir='ltr'>deserendus</span> <span class='ocrx_word' id='word_1_335' title='bbox 1625 3475 1726 3536; x_wconf 88' lang='lat' dir='ltr'>est,</span> <span class='ocrx_word' id='word_1_336' title='bbox 1759 3483 1920 3540; x_wconf 90' lang='lat' dir='ltr'>quem</span> <span class='ocrx_word' id='word_1_337' title='bbox 1965 3467 2048 3523; x_wconf 89' lang='lat' dir='ltr'>fu-</span> 
     </span>
    </p>
   </div>
   <div class='ocr_carea' id='block_1_52' title="bbox 453 3557 2042 3629">
    <p class='ocr_par' dir='ltr' id='par_1_52' title="bbox 453 3557 2042 3629">
     <span class='ocr_line' id='line_1_52' title="bbox 453 3557 2042 3629; baseline 0.002 -18"><span class='ocrx_word' id='word_1_338' title='bbox 453 3574 576 3628; x_wconf 83' lang='lat' dir='ltr'>gere</span> <span class='ocrx_word' id='word_1_339' title='bbox 612 3557 823 3629; x_wconf 87' lang='lat' dir='ltr'>appetis</span> <span class='ocrx_word' id='word_1_340' title='bbox 881 3575 893 3612; x_wconf 89' lang='lat'><strong><em>:</em></strong></span> <span class='ocrx_word' id='word_1_341' title='bbox 943 3557 1072 3629; x_wconf 91' lang='lat' dir='ltr'>quia</span> <span class='ocrx_word' id='word_1_342' title='bbox 1115 3565 1169 3612; x_wconf 93' lang='lat' dir='ltr'>et</span> <span class='ocrx_word' id='word_1_343' title='bbox 1213 3557 1271 3612; x_wconf 91' lang='lat' dir='ltr'>in</span> <span class='ocrx_word' id='word_1_344' title='bbox 1321 3557 1440 3629; x_wconf 88' lang='lat' dir='ltr'>ipso</span> <span class='ocrx_word' id='word_1_345' title='bbox 1477 3559 1622 3614; x_wconf 90' lang='lat' dir='ltr'>Deus</span> <span class='ocrx_word' id='word_1_346' title='bbox 1665 3565 1765 3614; x_wconf 91' lang='lat' dir='ltr'>est.</span> <span class='ocrx_word' id='word_1_347' title='bbox 1814 3557 2042 3627; x_wconf 82' lang='lat' dir='ltr'>Verum,</span> 
     </span>
    </p>
   </div>
   <div class='ocr_carea' id='block_1_53' title="bbox 453 3645 2045 3718">
    <p class='ocr_par' dir='ltr' id='par_1_53' title="bbox 453 3645 2045 3718">
     <span class='ocr_line' id='line_1_53' title="bbox 453 3645 2045 3718; baseline 0.003 -18"><span class='ocrx_word' id='word_1_348' title='bbox 453 3645 690 3718; x_wconf 89' lang='lat' dir='ltr'>inquies,</span> <span class='ocrx_word' id='word_1_349' title='bbox 720 3647 1002 3701; x_wconf 89' lang='lat' dir='ltr'>meliorem</span> <span class='ocrx_word' id='word_1_350' title='bbox 1043 3645 1285 3718; x_wconf 89' lang='lat' dir='ltr'>inquiro,</span> <span class='ocrx_word' id='word_1_351' title='bbox 1319 3647 1600 3702; x_wconf 91' lang='lat' dir='ltr'>meliorem</span> <span class='ocrx_word' id='word_1_352' title='bbox 1645 3646 1890 3704; x_wconf 88' lang='lat' dir='ltr'>invenio.</span> <span class='ocrx_word' id='word_1_353' title='bbox 1940 3647 2045 3704; x_wconf 91' lang='lat' dir='ltr'>Sed</span> 
     </span>
    </p>
   </div>
   <div class='ocr_carea' id='block_1_54' title="bbox 452 3733 2042 3808">
    <p class='ocr_par' dir='ltr' id='par_1_54' title="bbox 452 3733 2042 3808">
     <span class='ocr_line' id='line_1_54' title="bbox 452 3733 2042 3808; baseline 0.003 -20"><span class='ocrx_word' id='word_1_354' title='bbox 452 3733 754 3804; x_wconf 84' lang='lat' dir='ltr'>reSpondeo</span> <span class='ocrx_word' id='word_1_355' title='bbox 789 3750 801 3788; x_wconf 89' lang='lat'><strong>:</strong></span> <span class='ocrx_word' id='word_1_356' title='bbox 836 3734 1099 3805; x_wconf 87' lang='lat' dir='ltr'>Nunquid</span> <span class='ocrx_word' id='word_1_357' title='bbox 1130 3733 1435 3803; x_wconf 90' lang='lat' dir='ltr'>meliorem,</span> <span class='ocrx_word' id='word_1_358' title='bbox 1473 3742 1569 3790; x_wconf 90' lang='lat' dir='ltr'>aut</span> <span class='ocrx_word' id='word_1_359' title='bbox 1601 3735 1794 3792; x_wconf 89' lang='lat' dir='ltr'>saltem</span> <span class='ocrx_word' id='word_1_360' title='bbox 1826 3737 2042 3808; x_wconf 90' lang='lat' dir='ltr'>qualem</span> 
     </span>
    </p>
   </div>
   <div class='ocr_carea' id='block_1_55' title="bbox 449 3821 2044 3896">
    <p class='ocr_par' dir='ltr' id='par_1_55' title="bbox 449 3821 2044 3896">
     <span class='ocr_line' id='line_1_55' title="bbox 449 3821 2044 3896; baseline 0.003 -18"><span class='ocrx_word' id='word_1_361' title='bbox 449 3821 700 3878; x_wconf 87' lang='lat' dir='ltr'>diabolus</span> <span class='ocrx_word' id='word_1_362' title='bbox 729 3831 781 3878; x_wconf 91' lang='lat' dir='ltr'>et</span> <span class='ocrx_word' id='word_1_363' title='bbox 809 3823 1034 3893; x_wconf 84' lang='lat' dir='ltr'>angelus</span> <span class='ocrx_word' id='word_1_364' title='bbox 1063 3821 1180 3894; x_wconf 89' lang='lat' dir='ltr'>ejus</span> <span class='ocrx_word' id='word_1_365' title='bbox 1209 3831 1372 3896; x_wconf 89' lang='lat' dir='ltr'>atque</span> <span class='ocrx_word' id='word_1_366' title='bbox 1419 3824 1584 3880; x_wconf 89' lang='lat' dir='ltr'>homo</span> <span class='ocrx_word' id='word_1_367' title='bbox 1632 3825 1895 3896; x_wconf 89' lang='lat' dir='ltr'>perdidit,</span> <span class='ocrx_word' id='word_1_368' title='bbox 1945 3825 2044 3882; x_wconf 90' lang='lat' dir='ltr'>in—</span> 
     </span>
    </p>
   </div>
   <div class='ocr_carea' id='block_1_56' title="bbox 447 3911 2042 3988">
    <p class='ocr_par' dir='ltr' id='par_1_56' title="bbox 447 3911 2042 3988">
     <span class='ocr_line' id='line_1_56' title="bbox 447 3911 2042 3988; baseline 0.005 -23"><span class='ocrx_word' id='word_1_369' title='bbox 447 3911 636 3966; x_wconf 84' lang='lat' dir='ltr'>venies</span> <span class='ocrx_word' id='word_1_370' title='bbox 680 3911 861 3967; x_wconf 90' lang='lat' dir='ltr'>locum</span> <span class='ocrx_word' id='word_1_371' title='bbox 920 3912 947 3967; x_wconf 79' lang='lat'><strong>?</strong></span> <span class='ocrx_word' id='word_1_372' title='bbox 1003 3913 1212 3968; x_wconf 90' lang='lat' dir='ltr'>Memor</span> <span class='ocrx_word' id='word_1_373' title='bbox 1265 3920 1380 3968; x_wconf 89' lang='lat' dir='ltr'>esto</span> <span class='ocrx_word' id='word_1_374' title='bbox 1429 3914 1610 3986; x_wconf 86' lang='lat' dir='ltr'>itaque</span> <span class='ocrx_word' id='word_1_375' title='bbox 1657 3914 1785 3986; x_wconf 89' lang='lat' dir='ltr'>quia</span> <span class='ocrx_word' id='word_1_376' title='bbox 1830 3915 2042 3988; x_wconf 88' lang='lat' dir='ltr'>primus</span> 
     </span>
    </p>
   </div>
   <div class='ocr_carea' id='block_1_57' title="bbox 447 4001 2041 4076">
    <p class='ocr_par' dir='ltr' id='par_1_57' title="bbox 447 4001 2041 4076">
     <span class='ocr_line' id='line_1_57' title="bbox 447 4001 2041 4076; baseline 0.004 -22"><span class='ocrx_word' id='word_1_377' title='bbox 447 4001 674 4070; x_wconf 82' lang='lat' dir='ltr'>angelus</span> <span class='ocrx_word' id='word_1_378' title='bbox 703 4001 768 4056; x_wconf 92' lang='lat' dir='ltr'>de</span> <span class='ocrx_word' id='word_1_379' title='bbox 797 4001 936 4057; x_wconf 77' lang='lat' dir='ltr'>caelo</span> <span class='ocrx_word' id='word_1_380' title='bbox 981 4002 1191 4058; x_wconf 89' lang='lat' dir='ltr'>corruit</span> <span class='ocrx_word' id='word_1_381' title='bbox 1241 4002 1342 4072; x_wconf 93' lang='lat' dir='ltr'>(sic</span> <span class='ocrx_word' id='word_1_382' title='bbox 1390 4018 1625 4076; x_wconf 89' lang='lat' dir='ltr'>namque</span> <span class='ocrx_word' id='word_1_383' title='bbox 1654 4004 1918 4075; x_wconf 88' lang='lat' dir='ltr'>scriptum</span> <span class='ocrx_word' id='word_1_384' title='bbox 1951 4005 2041 4060; x_wconf 90' lang='lat' dir='ltr'>le-</span> 
     </span>
    </p>
   </div>
   <div class='ocr_carea' id='block_1_58' title="bbox 447 4093 2041 4170">
    <p class='ocr_par' dir='ltr' id='par_1_58' title="bbox 447 4093 2041 4170">
     <span class='ocr_line' id='line_1_58' title="bbox 447 4093 2041 4170; baseline 0.004 -23"><span class='ocrx_word' id='word_1_385' title='bbox 447 4093 598 4164; x_wconf 85' lang='lat' dir='ltr'>gitur</span> <span class='ocrx_word' id='word_1_386' title='bbox 625 4095 774 4164; x_wconf 88' lang='lat' dir='ltr'>(Luc.</span> <span class='ocrx_word' id='word_1_387' title='bbox 798 4111 854 4161; x_wconf 92' lang='grc' dir='ltr'>χ,</span> <span class='ocrx_word' id='word_1_388' title='bbox 884 4095 973 4166; x_wconf 90' lang='grc'>18)</span> <span class='ocrx_word' id='word_1_389' title='bbox 1000 4113 1012 4152; x_wconf 91' lang='lat'><strong>:</strong></span> <span class='ocrx_word' id='word_1_390' title='bbox 1059 4120 1077 4142; x_wconf 72' lang='grc' dir='ltr'><strong>ε</strong></span> <span class='ocrx_word' id='word_1_391' title='bbox 1106 4093 1373 4152; x_wconf 83' lang='lat' dir='ltr'>Videbam</span> <span class='ocrx_word' id='word_1_392' title='bbox 1396 4097 1651 4154; x_wconf 88' lang='lat' dir='ltr'>Satanam</span> <span class='ocrx_word' id='word_1_393' title='bbox 1682 4099 1825 4155; x_wconf 86' lang='lat' dir='ltr'>sicut</span> <span class='ocrx_word' id='word_1_394' title='bbox 1853 4097 2041 4170; x_wconf 86' lang='lat' dir='ltr'>fulgur</span> 
     </span>
    </p>
   </div>
   <div class='ocr_carea' id='block_1_59' title="bbox 445 4181 2038 4260">
    <p class='ocr_par' dir='ltr' id='par_1_59' title="bbox 445 4181 2038 4260">
     <span class='ocr_line' id='line_1_59' title="bbox 445 4181 2038 4260; baseline 0.004 -22"><span class='ocrx_word' id='word_1_395' title='bbox 445 4181 514 4238; x_wconf 91' lang='lat' dir='ltr'>de</span> <span class='ocrx_word' id='word_1_396' title='bbox 546 4183 684 4239; x_wconf 88' lang='lat' dir='ltr'>coelo</span> <span class='ocrx_word' id='word_1_397' title='bbox 713 4184 1018 4254; x_wconf 87' lang='lat' dir='ltr'>cadentem,</span> <span class='ocrx_word' id='word_1_398' title='bbox 1052 4210 1071 4234; x_wconf 74' lang='grc' dir='ltr'>ι</span> <span class='ocrx_word' id='word_1_399' title='bbox 1113 4193 1168 4242; x_wconf 91' lang='lat' dir='ltr'>et</span> <span class='ocrx_word' id='word_1_400' title='bbox 1221 4187 1434 4258; x_wconf 89' lang='lat' dir='ltr'>primus</span> <span class='ocrx_word' id='word_1_401' title='bbox 1482 4187 1647 4244; x_wconf 90' lang='lat' dir='ltr'>homo</span> <span class='ocrx_word' id='word_1_402' title='bbox 1675 4188 1743 4243; x_wconf 89' lang='lat' dir='ltr'>de</span> <span class='ocrx_word' id='word_1_403' title='bbox 1788 4187 2038 4260; x_wconf 88' lang='lat' dir='ltr'>paradiso</span> 
     </span>
    </p>
   </div>
   <div class='ocr_carea' id='block_1_60' title="bbox 447 4272 2032 4348">
    <p class='ocr_par' dir='ltr' id='par_1_60' title="bbox 447 4272 2032 4348">
     <span class='ocr_line' id='line_1_60' title="bbox 447 4272 2032 4348; baseline 0.004 -22"><span class='ocrx_word' id='word_1_404' title='bbox 447 4273 712 4342; x_wconf 87' lang='lat' dir='ltr'>expulsus</span> <span class='ocrx_word' id='word_1_405' title='bbox 742 4272 810 4328; x_wconf 90' lang='lat' dir='ltr'>ad</span> <span class='ocrx_word' id='word_1_406' title='bbox 839 4289 1136 4330; x_wconf 66' lang='lat' dir='ltr'>aerumnam</span> <span class='ocrx_word' id='word_1_407' title='bbox 1167 4275 1336 4346; x_wconf 91' lang='lat' dir='ltr'>hujus</span> <span class='ocrx_word' id='word_1_408' title='bbox 1378 4277 1564 4340; x_wconf 77' lang='lat' dir='ltr'>saeculi</span> <span class='ocrx_word' id='word_1_409' title='bbox 1606 4275 1832 4332; x_wconf 90' lang='lat' dir='ltr'>devenit</span> <span class='ocrx_word' id='word_1_410' title='bbox 1877 4277 2032 4348; x_wconf 83' lang='lat' dir='ltr'>(Gen.</span> 
     </span>
    </p>
   </div>
   <div class='ocr_carea' id='block_1_61' title="bbox 446 4359 2036 4438">
    <p class='ocr_par' dir='ltr' id='par_1_61' title="bbox 446 4359 2036 4438">
     <span class='ocr_line' id='line_1_61' title="bbox 446 4359 2036 4438; baseline 0.004 -22"><span class='ocrx_word' id='word_1_411' title='bbox 446 4376 534 4428; x_wconf 87' lang='grc' dir='ltr'>ιιι,</span> <span class='ocrx_word' id='word_1_412' title='bbox 569 4359 684 4432; x_wconf 79' lang='grc'>24).</span> <span class='ocrx_word' id='word_1_413' title='bbox 707 4361 945 4418; x_wconf 86' lang='lat' dir='ltr'>Attende</span> <span class='ocrx_word' id='word_1_414' title='bbox 971 4363 1099 4436; x_wconf 90' lang='lat' dir='ltr'>quia</span> <span class='ocrx_word' id='word_1_415' title='bbox 1129 4364 1230 4420; x_wconf 95' lang='lat' dir='ltr'>Lot</span> <span class='ocrx_word' id='word_1_416' title='bbox 1255 4367 1520 4422; x_wconf 87' lang='lat' dir='ltr'>exercitio</span> <span class='ocrx_word' id='word_1_417' title='bbox 1548 4366 1814 4421; x_wconf 90' lang='lat' dir='ltr'>malorum</span> <span class='ocrx_word' id='word_1_418' title='bbox 1843 4365 2036 4438; x_wconf 85' lang='lat' dir='ltr'>proba-</span> 
     </span>
    </p>
   </div>
   <div class='ocr_carea' id='block_1_62' title="bbox 442 4449 2030 4526">
    <p class='ocr_par' dir='ltr' id='par_1_62' title="bbox 442 4449 2030 4526">
     <span class='ocr_line' id='line_1_62' title="bbox 442 4449 2030 4526; baseline 0.005 -21"><span class='ocrx_word' id='word_1_419' title='bbox 442 4456 553 4519; x_wconf 91' lang='lat' dir='ltr'>tus,</span> <span class='ocrx_word' id='word_1_420' title='bbox 586 4449 1066 4510; x_wconf 87' lang='lat' dir='ltr'>inter.Sodomitas</span> <span class='ocrx_word' id='word_1_421' title='bbox 1108 4463 1329 4512; x_wconf 89' lang='lat' dir='ltr'>sanctus</span> <span class='ocrx_word' id='word_1_422' title='bbox 1356 4455 1462 4512; x_wconf 88' lang='lat' dir='ltr'>fuit</span> <span class='ocrx_word' id='word_1_423' title='bbox 1487 4454 1703 4526; x_wconf 84' lang='lat' dir='ltr'>(Genes.</span> <span class='ocrx_word' id='word_1_424' title='bbox 1733 4472 1857 4524; x_wconf 82' lang='lat' dir='ltr'>xix,</span> <span class='ocrx_word' id='word_1_425' title='bbox 1890 4455 1980 4526; x_wconf 85' lang='grc'>10)</span> <span class='ocrx_word' id='word_1_426' title='bbox 2017 4473 2030 4513; x_wconf 89' lang='lat'>:</span> 
     </span>
    </p>
   </div>
   <div class='ocr_carea' id='block_1_63' title="bbox 439 4721 2028 4796">
    <p class='ocr_par' dir='ltr' id='par_1_63' title="bbox 439 4721 2028 4796">
     <span class='ocr_line' id='line_1_63' title="bbox 439 4721 2028 4796; baseline 0.001 -17"><span class='ocrx_word' id='word_1_427' title='bbox 439 4721 594 4779; x_wconf 91' lang='lat' dir='ltr'>dium</span> <span class='ocrx_word' id='word_1_428' title='bbox 626 4723 808 4782; x_wconf 87' lang='lat' dir='ltr'>adhuc</span> <span class='ocrx_word' id='word_1_429' title='bbox 845 4724 1070 4780; x_wconf 87' lang='lat' dir='ltr'>alteram</span> <span class='ocrx_word' id='word_1_430' title='bbox 1116 4723 1352 4794; x_wconf 90' lang='lat' dir='ltr'>speciem</span> <span class='ocrx_word' id='word_1_431' title='bbox 1399 4722 1574 4792; x_wconf 87' lang='lat' dir='ltr'>addit,</span> <span class='ocrx_word' id='word_1_432' title='bbox 1606 4722 1736 4778; x_wconf 92' lang='lat' dir='ltr'>dum</span> <span class='ocrx_word' id='word_1_433' title='bbox 1767 4723 2028 4796; x_wconf 89' lang='lat' dir='ltr'>quosdam</span> 
     </span>
    </p>
   </div>
   <div class='ocr_carea' id='block_1_64' title="bbox 437 4804 2034 4885">
    <p class='ocr_par' dir='ltr' id='par_1_64' title="bbox 437 4804 2034 4885">
     <span class='ocr_line' id='line_1_64' title="bbox 437 4804 2034 4885; baseline 0.002 -19"><span class='ocrx_word' id='word_1_434' title='bbox 437 4804 602 4867; x_wconf 88' lang='lat' dir='ltr'>etiam</span> <span class='ocrx_word' id='word_1_435' title='bbox 628 4811 686 4869; x_wconf 91' lang='lat' dir='ltr'>in</span> <span class='ocrx_word' id='word_1_436' title='bbox 721 4829 822 4869; x_wconf 90' lang='lat' dir='ltr'>suo</span> <span class='ocrx_word' id='word_1_437' title='bbox 849 4811 1114 4868; x_wconf 89' lang='lat' dir='ltr'>exercitio</span> <span class='ocrx_word' id='word_1_438' title='bbox 1161 4819 1564 4881; x_wconf 84' lang='lat' dir='ltr'>perseverantes</span> <span class='ocrx_word' id='word_1_439' title='bbox 1593 4827 1626 4867; x_wconf 90' lang='lat' dir='ltr'>a</span> <span class='ocrx_word' id='word_1_440' title='bbox 1653 4812 2034 4885; x_wconf 90' lang='lat' dir='ltr'>spiritualibus</span> 
     </span>
    </p>
   </div>
   <div class='ocr_carea' id='block_1_65' title="bbox 435 4896 2031 4972">
    <p class='ocr_par' dir='ltr' id='par_1_65' title="bbox 435 4896 2031 4972">
     <span class='ocr_line' id='line_1_65' title="bbox 435 4896 2031 4972; baseline 0.001 -17"><span class='ocrx_word' id='word_1_441' title='bbox 435 4899 686 4970; x_wconf 78' lang='lat' dir='ltr'>retrahit,</span> <span class='ocrx_word' id='word_1_442' title='bbox 737 4901 822 4955; x_wconf 88' lang='lat' dir='ltr'>vel</span> <span class='ocrx_word' id='word_1_443' title='bbox 863 4896 1098 4954; x_wconf 87' lang='lat' dir='ltr'>terrenis</span> <span class='ocrx_word' id='word_1_444' title='bbox 1140 4899 1374 4971; x_wconf 85' lang='lat' dir='ltr'>negotiis</span> <span class='ocrx_word' id='word_1_445' title='bbox 1421 4899 1688 4972; x_wconf 90' lang='lat' dir='ltr'>implicat,</span> <span class='ocrx_word' id='word_1_446' title='bbox 1738 4900 1824 4956; x_wconf 92' lang='lat' dir='ltr'>vel</span> <span class='ocrx_word' id='word_1_447' title='bbox 1869 4900 2031 4957; x_wconf 90' lang='lat' dir='ltr'>rebus</span> 
     </span>
    </p>
   </div>
   <div class='ocr_carea' id='block_1_66' title="bbox 434 4990 2028 5065">
    <p class='ocr_par' dir='ltr' id='par_1_66' title="bbox 434 4990 2028 5065">
     <span class='ocr_line' id='line_1_66' title="bbox 434 4990 2028 5065; baseline 0.001 -19"><span class='ocrx_word' id='word_1_448' title='bbox 434 4990 726 5046; x_wconf 87' lang='lat' dir='ltr'>vilissimis</span> <span class='ocrx_word' id='word_1_449' title='bbox 781 4991 976 5062; x_wconf 86' lang='lat' dir='ltr'>satagit</span> <span class='ocrx_word' id='word_1_450' title='bbox 1023 5007 1287 5062; x_wconf 89' lang='lat' dir='ltr'>occupare</span> <span class='ocrx_word' id='word_1_451' title='bbox 1332 5007 1344 5046; x_wconf 95' lang='lat'>:</span> <span class='ocrx_word' id='word_1_452' title='bbox 1386 4999 1579 5047; x_wconf 87' lang='lat' dir='ltr'>contra</span> <span class='ocrx_word' id='word_1_453' title='bbox 1616 4991 1826 5049; x_wconf 86' lang='lat' dir='ltr'>dictum</span> <span class='ocrx_word' id='word_1_454' title='bbox 1884 4993 2028 5065; x_wconf 91' lang='lat' dir='ltr'>Apo-</span> 
     </span>
    </p>
   </div>
   <div class='ocr_carea' id='block_1_67' title="bbox 435 5081 2029 5156">
    <p class='ocr_par' dir='ltr' id='par_1_67' title="bbox 435 5081 2029 5156">
     <span class='ocr_line' id='line_1_67' title="bbox 435 5081 2029 5156; baseline 0.001 -18"><span class='ocrx_word' id='word_1_455' title='bbox 435 5082 564 5138; x_wconf 88' lang='lat' dir='ltr'>stoli</span> <span class='ocrx_word' id='word_1_456' title='bbox 588 5097 771 5154; x_wconf 85' lang='lat' dir='ltr'>agens,</span> <span class='ocrx_word' id='word_1_457' title='bbox 799 5081 894 5154; x_wconf 92' lang='lat' dir='ltr'>qui</span> <span class='ocrx_word' id='word_1_458' title='bbox 921 5082 1044 5140; x_wconf 89' lang='lat' dir='ltr'>ait:</span> <span class='ocrx_word' id='word_1_459' title='bbox 1091 5083 1306 5138; x_wconf 68' lang='lat' dir='ltr'>«Nemo</span> <span class='ocrx_word' id='word_1_460' title='bbox 1351 5083 1596 5140; x_wconf 87' lang='lat' dir='ltr'>militans</span> <span class='ocrx_word' id='word_1_461' title='bbox 1646 5084 1779 5151; x_wconf 91' lang='lat' dir='ltr'>Deo,</span> <span class='ocrx_word' id='word_1_462' title='bbox 1829 5083 2029 5156; x_wconf 91' lang='lat' dir='ltr'>impli—</span> 
     </span>
    </p>
   </div>
   <div class='ocr_carea' id='block_1_68' title="bbox 432 5171 2026 5245">
    <p class='ocr_par' dir='ltr' id='par_1_68' title="bbox 432 5171 2026 5245">
     <span class='ocr_line' id='line_1_68' title="bbox 432 5171 2026 5245; baseline 0.002 -18"><span class='ocrx_word' id='word_1_463' title='bbox 432 5181 520 5228; x_wconf 89' lang='lat' dir='ltr'>cat</span> <span class='ocrx_word' id='word_1_464' title='bbox 565 5188 622 5227; x_wconf 88' lang='lat' dir='ltr'>se</span> <span class='ocrx_word' id='word_1_465' title='bbox 677 5171 914 5244; x_wconf 87' lang='lat' dir='ltr'>negotiis</span> <span class='ocrx_word' id='word_1_466' title='bbox 969 5171 1342 5242; x_wconf 75' lang='lat' dir='ltr'>saecularibus,</span> <span class='ocrx_word' id='word_1_467' title='bbox 1388 5181 1450 5228; x_wconf 92' lang='lat' dir='ltr'>ut</span> <span class='ocrx_word' id='word_1_468' title='bbox 1497 5172 1546 5228; x_wconf 92' lang='lat' dir='ltr'>ei</span> <span class='ocrx_word' id='word_1_469' title='bbox 1587 5173 1819 5245; x_wconf 84' lang='lat' dir='ltr'>placeat,</span> <span class='ocrx_word' id='word_1_470' title='bbox 1849 5173 1939 5230; x_wconf 91' lang='lat' dir='ltr'>cui</span> <span class='ocrx_word' id='word_1_471' title='bbox 1968 5189 2026 5230; x_wconf 90' lang='lat' dir='ltr'>se</span> 
     </span>
    </p>
   </div>
   <div class='ocr_carea' id='block_1_69' title="bbox 433 5261 2024 5335">
    <p class='ocr_par' dir='ltr' id='par_1_69' title="bbox 433 5261 2024 5335">
     <span class='ocr_line' id='line_1_69' title="bbox 433 5261 2024 5335; baseline 0.003 -19"><span class='ocrx_word' id='word_1_472' title='bbox 433 5261 690 5333; x_wconf 84' lang='lat' dir='ltr'>probavit</span> <span class='ocrx_word' id='word_1_473' title='bbox 721 5265 810 5335; x_wconf 92' lang='grc' dir='ltr'>(ΙΙ</span> <span class='ocrx_word' id='word_1_474' title='bbox 842 5264 978 5320; x_wconf 88' lang='lat' dir='ltr'>Tim.</span> <span class='ocrx_word' id='word_1_475' title='bbox 1013 5279 1074 5330; x_wconf 85' lang='grc' dir='ltr'>ιι,</span> <span class='ocrx_word' id='word_1_476' title='bbox 1107 5261 1186 5332; x_wconf 79' lang='grc'>4),</span> <span class='ocrx_word' id='word_1_477' title='bbox 1220 5285 1238 5310; x_wconf 85' lang='grc'>›</span> <span class='ocrx_word' id='word_1_478' title='bbox 1283 5271 1337 5318; x_wconf 90' lang='lat' dir='ltr'>et</span> <span class='ocrx_word' id='word_1_479' title='bbox 1367 5280 1583 5319; x_wconf 86' lang='lat' dir='ltr'>rursum</span> <span class='ocrx_word' id='word_1_480' title='bbox 1610 5281 1622 5319; x_wconf 88' lang='grc'>;</span> <span class='ocrx_word' id='word_1_481' title='bbox 1664 5264 1830 5319; x_wconf 75' lang='lat' dir='ltr'>«Sine</span> <span class='ocrx_word' id='word_1_482' title='bbox 1861 5267 2024 5320; x_wconf 55' lang='lat' dir='ltr'>inter.</span> 
     </span>
    </p>
   </div>
   <div class='ocr_carea' id='block_1_70' title="bbox 434 5351 2020 5428">
    <p class='ocr_par' dir='ltr' id='par_1_70' title="bbox 434 5351 2020 5428">
     <span class='ocr_line' id='line_1_70' title="bbox 434 5351 2020 5428; baseline 0.005 -23"><span class='ocrx_word' id='word_1_483' title='bbox 434 5351 697 5408; x_wconf 86' lang='lat' dir='ltr'>missione</span> <span class='ocrx_word' id='word_1_484' title='bbox 722 5363 892 5422; x_wconf 90' lang='lat' dir='ltr'>orate,</span> <span class='ocrx_word' id='word_1_485' title='bbox 947 5353 1006 5409; x_wconf 92' lang='lat' dir='ltr'>in</span> <span class='ocrx_word' id='word_1_486' title='bbox 1045 5351 1304 5408; x_wconf 87' lang='lat' dir='ltr'>omnibus</span> <span class='ocrx_word' id='word_1_487' title='bbox 1353 5353 1552 5425; x_wconf 86' lang='lat' dir='ltr'>gratias</span> <span class='ocrx_word' id='word_1_488' title='bbox 1579 5354 1720 5427; x_wconf 88' lang='lat' dir='ltr'>agite</span> <span class='ocrx_word' id='word_1_489' title='bbox 1751 5354 1808 5428; x_wconf 92' lang='lat' dir='ltr'>(I</span> <span class='ocrx_word' id='word_1_490' title='bbox 1841 5355 2020 5413; x_wconf 84' lang='lat' dir='ltr'>Thess.</span> 
     </span>
    </p>
   </div>
   <div class='ocr_carea' id='block_1_71' title="bbox 436 5441 802 5516">
    <p class='ocr_par' dir='ltr' id='par_1_71' title="bbox 436 5441 802 5516">
     <span class='ocr_line' id='line_1_71' title="bbox 436 5441 802 5516; baseline -0.005 -20"><span class='ocrx_word' id='word_1_491' title='bbox 436 5451 491 5508; x_wconf 75' lang='grc' dir='ltr'>ν,</span> <span class='ocrx_word' id='word_1_492' title='bbox 514 5441 601 5510; x_wconf 86' lang='grc'>17,</span> <span class='ocrx_word' id='word_1_493' title='bbox 637 5443 751 5516; x_wconf 83' lang='grc'>18).</span> <span class='ocrx_word' id='word_1_494' title='bbox 783 5468 802 5494; x_wconf 76' lang='lat'>.</span> 
     </span>
    </p>
   </div>
   <div class='ocr_carea' id='block_1_72' title="bbox 1030 5559 1416 5618">
    <p class='ocr_par' dir='ltr' id='par_1_72' title="bbox 1030 5559 1416 5618">
     <span class='ocr_line' id='line_1_72' title="bbox 1030 5559 1416 5618; baseline 0 -1"><span class='ocrx_word' id='word_1_495' title='bbox 1030 5559 1257 5617; x_wconf 86' lang='lat' dir='ltr'>CAPUT</span> <span class='ocrx_word' id='word_1_496' title='bbox 1290 5559 1416 5618; x_wconf 87' lang='lat' dir='ltr'>XV.</span> 
     </span>
    </p>
   </div>
   <div class='ocr_carea' id='block_1_73' title="bbox 955 5650 1485 5722">
    <p class='ocr_par' dir='ltr' id='par_1_73' title="bbox 955 5650 1485 5722">
     <span class='ocr_line' id='line_1_73' title="bbox 955 5650 1485 5722; baseline 0 -16"><span class='ocrx_word' id='word_1_497' title='bbox 955 5650 1260 5722; x_wconf 82' lang='lat' dir='ltr'>Desperatio</span> <span class='ocrx_word' id='word_1_498' title='bbox 1307 5651 1435 5706; x_wconf 83' lang='lat' dir='ltr'>dicit</span> <span class='ocrx_word' id='word_1_499' title='bbox 1472 5666 1485 5706; x_wconf 88' lang='lat'>:</span> 
     </span>
    </p>
   </div>
   <div class='ocr_carea' id='block_1_74' title="bbox 501 5743 2015 5819">
    <p class='ocr_par' dir='ltr' id='par_1_74' title="bbox 501 5743 2015 5819">
     <span class='ocr_line' id='line_1_74' title="bbox 501 5743 2015 5819; baseline 0.006 -16"><span class='ocrx_word' id='word_1_500' title='bbox 501 5743 630 5817; x_wconf 72' lang='lat' dir='ltr'>Quae</span> <span class='ocrx_word' id='word_1_501' title='bbox 686 5752 740 5802; x_wconf 91' lang='lat' dir='ltr'>et</span> <span class='ocrx_word' id='word_1_502' title='bbox 785 5755 988 5819; x_wconf 88' lang='lat' dir='ltr'>quanta</span> <span class='ocrx_word' id='word_1_503' title='bbox 1041 5747 1098 5802; x_wconf 89' lang='lat' dir='ltr'>in</span> <span class='ocrx_word' id='word_1_504' title='bbox 1136 5749 1309 5804; x_wconf 89' lang='lat' dir='ltr'>Deum</span> <span class='ocrx_word' id='word_1_505' title='bbox 1354 5757 1408 5805; x_wconf 88' lang='lat' dir='ltr'>et</span> <span class='ocrx_word' id='word_1_506' title='bbox 1462 5748 1520 5804; x_wconf 90' lang='lat' dir='ltr'>in</span> <span class='ocrx_word' id='word_1_507' title='bbox 1573 5749 1810 5808; x_wconf 85' lang='lat' dir='ltr'>animam</span> <span class='ocrx_word' id='word_1_508' title='bbox 1865 5757 2015 5812; x_wconf 89' lang='lat' dir='ltr'>tuam</span> 
     </span>
    </p>
   </div>
   <div class='ocr_carea' id='block_1_75' title="bbox 2176 1967 3810 2042">
    <p class='ocr_par' dir='ltr' id='par_1_75' title="bbox 2176 1967 3810 2042">
     <span class='ocr_line' id='line_1_75' title="bbox 2176 1967 3810 2042; baseline -0.002 -18"><span class='ocrx_word' id='word_1_509' title='bbox 2176 1985 2298 2024; x_wconf 89' lang='lat' dir='ltr'>rum</span> <span class='ocrx_word' id='word_1_510' title='bbox 2329 1969 2576 2025; x_wconf 90' lang='lat' dir='ltr'>omnium</span> <span class='ocrx_word' id='word_1_511' title='bbox 2609 1970 3020 2042; x_wconf 89' lang='lat' dir='ltr'>impurissimus</span> <span class='ocrx_word' id='word_1_512' title='bbox 3077 1986 3141 2026; x_wconf 88' lang='lat' dir='ltr'>ac</span> <span class='ocrx_word' id='word_1_513' title='bbox 3190 1967 3623 2034; x_wconf 88' lang='lat' dir='ltr'>sordidissimus,</span> <span class='ocrx_word' id='word_1_514' title='bbox 3689 1981 3810 2038; x_wconf 85' lang='lat' dir='ltr'>per</span> 
     </span>
    </p>
   </div>
   <div class='ocr_carea' id='block_1_76' title="bbox 2175 2057 3798 2132">
    <p class='ocr_par' dir='ltr' id='par_1_76' title="bbox 2175 2057 3798 2132">
     <span class='ocr_line' id='line_1_76' title="bbox 2175 2057 3798 2132; baseline -0.003 -16"><span class='ocrx_word' id='word_1_515' title='bbox 2175 2059 2561 2132; x_wconf 62' lang='lat' dir='ltr'>paenitentiam</span> <span class='ocrx_word' id='word_1_516' title='bbox 2600 2059 2668 2116; x_wconf 89' lang='lat' dir='ltr'>de</span> <span class='ocrx_word' id='word_1_517' title='bbox 2723 2069 2900 2118; x_wconf 90' lang='lat' dir='ltr'>morte</span> <span class='ocrx_word' id='word_1_518' title='bbox 2951 2061 3020 2118; x_wconf 88' lang='lat' dir='ltr'>ad</span> <span class='ocrx_word' id='word_1_519' title='bbox 3051 2061 3222 2117; x_wconf 89' lang='lat' dir='ltr'>vitam</span> <span class='ocrx_word' id='word_1_520' title='bbox 3269 2058 3438 2116; x_wconf 91' lang='lat' dir='ltr'>rediit</span> <span class='ocrx_word' id='word_1_521' title='bbox 3469 2057 3558 2129; x_wconf 91' lang='lat' dir='ltr'>(II</span> <span class='ocrx_word' id='word_1_522' title='bbox 3580 2057 3798 2114; x_wconf 83' lang='lat' dir='ltr'>Paral.</span> 
     </span>
    </p>
   </div>
   <div class='ocr_carea' id='block_1_77' title="bbox 2174 2145 3803 2223">
    <p class='ocr_par' dir='ltr' id='par_1_77' title="bbox 2174 2145 3803 2223">
     <span class='ocr_line' id='line_1_77' title="bbox 2174 2145 3803 2223; baseline -0.002 -19"><span class='ocrx_word' id='word_1_523' title='bbox 2174 2164 2379 2218; x_wconf 88' lang='lat' dir='ltr'>xxxm,</span> <span class='ocrx_word' id='word_1_524' title='bbox 2409 2150 2522 2222; x_wconf 89' lang='grc'>12).</span> <span class='ocrx_word' id='word_1_525' title='bbox 2553 2151 2696 2207; x_wconf 91' lang='lat' dir='ltr'>Ecce</span> <span class='ocrx_word' id='word_1_526' title='bbox 2717 2151 2922 2207; x_wconf 89' lang='lat' dir='ltr'>mulier</span> <span class='ocrx_word' id='word_1_527' title='bbox 2949 2151 3007 2207; x_wconf 92' lang='lat' dir='ltr'>in</span> <span class='ocrx_word' id='word_1_528' title='bbox 3037 2150 3263 2208; x_wconf 87' lang='lat' dir='ltr'>civitate</span> <span class='ocrx_word' id='word_1_529' title='bbox 3291 2146 3590 2223; x_wconf 82' lang='lat' dir='ltr'>peccatrix,</span> <span class='ocrx_word' id='word_1_530' title='bbox 3614 2145 3803 2202; x_wconf 87' lang='lat' dir='ltr'>innu-</span> 
     </span>
    </p>
   </div>
   <div class='ocr_carea' id='block_1_78' title="bbox 2173 2234 3806 2312">
    <p class='ocr_par' dir='ltr' id='par_1_78' title="bbox 2173 2234 3806 2312">
     <span class='ocr_line' id='line_1_78' title="bbox 2173 2234 3806 2312; baseline -0.002 -20"><span class='ocrx_word' id='word_1_531' title='bbox 2173 2239 2340 2294; x_wconf 92' lang='lat' dir='ltr'>meris</span> <span class='ocrx_word' id='word_1_532' title='bbox 2377 2247 2724 2312; x_wconf 89' lang='lat' dir='ltr'>peccatorum</span> <span class='ocrx_word' id='word_1_533' title='bbox 2771 2241 3034 2298; x_wconf 90' lang='lat' dir='ltr'>cordibus</span> <span class='ocrx_word' id='word_1_534' title='bbox 3084 2239 3390 2312; x_wconf 87' lang='lat' dir='ltr'>inquinata,</span> <span class='ocrx_word' id='word_1_535' title='bbox 3441 2235 3510 2293; x_wconf 90' lang='lat' dir='ltr'>ad</span> <span class='ocrx_word' id='word_1_536' title='bbox 3556 2234 3806 2308; x_wconf 84' lang='lat' dir='ltr'>pietatis</span> 
     </span>
    </p>
   </div>
   <div class='ocr_carea' id='block_1_79' title="bbox 2172 2325 3804 2401">
    <p class='ocr_par' dir='ltr' id='par_1_79' title="bbox 2172 2325 3804 2401">
     <span class='ocr_line' id='line_1_79' title="bbox 2172 2325 3804 2401; baseline 0.001 -20"><span class='ocrx_word' id='word_1_537' title='bbox 2172 2325 2379 2382; x_wconf 87' lang='lat' dir='ltr'>fontem</span> <span class='ocrx_word' id='word_1_538' title='bbox 2419 2328 2585 2384; x_wconf 87' lang='lat' dir='ltr'>anxia</span> <span class='ocrx_word' id='word_1_539' title='bbox 2612 2346 2858 2397; x_wconf 89' lang='lat' dir='ltr'>currens,</span> <span class='ocrx_word' id='word_1_540' title='bbox 2889 2328 3224 2401; x_wconf 89' lang='lat' dir='ltr'>Dominique</span> <span class='ocrx_word' id='word_1_541' title='bbox 3251 2327 3484 2399; x_wconf 86' lang='lat' dir='ltr'>vestigia</span> <span class='ocrx_word' id='word_1_542' title='bbox 3513 2325 3804 2397; x_wconf 83' lang='lat' dir='ltr'>lacrymis</span> 
     </span>
    </p>
   </div>
   <div class='ocr_carea' id='block_1_80' title="bbox 2169 2415 3804 2489">
    <p class='ocr_par' dir='ltr' id='par_1_80' title="bbox 2169 2415 3804 2489">
     <span class='ocr_line' id='line_1_80' title="bbox 2169 2415 3804 2489; baseline 0.002 -21"><span class='ocrx_word' id='word_1_543' title='bbox 2169 2415 2371 2486; x_wconf 87' lang='lat' dir='ltr'>rigans,</span> <span class='ocrx_word' id='word_1_544' title='bbox 2431 2417 2647 2488; x_wconf 90' lang='lat' dir='ltr'>capillis</span> <span class='ocrx_word' id='word_1_545' title='bbox 2703 2417 3008 2489; x_wconf 87' lang='lat' dir='ltr'>detergens,</span> <span class='ocrx_word' id='word_1_546' title='bbox 3068 2417 3502 2488; x_wconf 90' lang='lat' dir='ltr'>deosculansque</span> <span class='ocrx_word' id='word_1_547' title='bbox 3547 2422 3603 2472; x_wconf 89' lang='lat' dir='ltr'>et</span> <span class='ocrx_word' id='word_1_548' title='bbox 3661 2431 3804 2471; x_wconf 87' lang='lat' dir='ltr'>un-</span> 
     </span>
    </p>
   </div>
   <div class='ocr_carea' id='block_1_81' title="bbox 2169 2504 3796 2579">
    <p class='ocr_par' dir='ltr' id='par_1_81' title="bbox 2169 2504 3796 2579">
     <span class='ocr_line' id='line_1_81' title="bbox 2169 2504 3796 2579; baseline 0.001 -20"><span class='ocrx_word' id='word_1_549' title='bbox 2169 2513 2368 2576; x_wconf 89' lang='lat' dir='ltr'>guento</span> <span class='ocrx_word' id='word_1_550' title='bbox 2403 2521 2729 2579; x_wconf 87' lang='lat' dir='ltr'>perungens,</span> <span class='ocrx_word' id='word_1_551' title='bbox 2781 2504 2930 2561; x_wconf 91' lang='lat' dir='ltr'>ablui</span> <span class='ocrx_word' id='word_1_552' title='bbox 2962 2513 3076 2562; x_wconf 90' lang='lat' dir='ltr'>tota</span> <span class='ocrx_word' id='word_1_553' title='bbox 3113 2507 3317 2561; x_wconf 90' lang='lat' dir='ltr'>meruit</span> <span class='ocrx_word' id='word_1_554' title='bbox 3359 2507 3511 2575; x_wconf 84' lang='lat' dir='ltr'>(Luc.</span> <span class='ocrx_word' id='word_1_555' title='bbox 3546 2522 3651 2574; x_wconf 84' lang='lat' dir='ltr'>vn,</span> <span class='ocrx_word' id='word_1_556' title='bbox 3689 2505 3796 2568; x_wconf 88' lang='lat'>37,</span> 
     </span>
    </p>
   </div>
   <div class='ocr_carea' id='block_1_82' title="bbox 2166 2594 3797 2668">
    <p class='ocr_par' dir='ltr' id='par_1_82' title="bbox 2166 2594 3797 2668">
     <span class='ocr_line' id='line_1_82' title="bbox 2166 2594 3797 2668; baseline 0 -18"><span class='ocrx_word' id='word_1_557' title='bbox 2166 2594 2282 2665; x_wconf 87' lang='lat'>38).</span> <span class='ocrx_word' id='word_1_558' title='bbox 2315 2595 2562 2668; x_wconf 90' lang='lat' dir='ltr'>Denique</span> <span class='ocrx_word' id='word_1_559' title='bbox 2607 2595 2823 2653; x_wconf 90' lang='lat' dir='ltr'>audivit</span> <span class='ocrx_word' id='word_1_560' title='bbox 2857 2613 2870 2652; x_wconf 94' lang='lat'><strong>:</strong></span> <span class='ocrx_word' id='word_1_561' title='bbox 2944 2621 2964 2644; x_wconf 81' lang='grc' dir='ltr'>ι</span> <span class='ocrx_word' id='word_1_562' title='bbox 3016 2595 3396 2652; x_wconf 85' lang='lat' dir='ltr'>Remittuntur</span> <span class='ocrx_word' id='word_1_563' title='bbox 3421 2596 3526 2651; x_wconf 90' lang='lat' dir='ltr'>tibi</span> <span class='ocrx_word' id='word_1_564' title='bbox 3561 2612 3797 2668; x_wconf 89' lang='lat' dir='ltr'>pecca—</span> 
     </span>
    </p>
   </div>
   <div class='ocr_carea' id='block_1_83' title="bbox 2165 2682 3800 2755">
    <p class='ocr_par' dir='ltr' id='par_1_83' title="bbox 2165 2682 3800 2755">
     <span class='ocr_line' id='line_1_83' title="bbox 2165 2682 3800 2755; baseline 0.001 -17"><span class='ocrx_word' id='word_1_565' title='bbox 2165 2689 2220 2738; x_wconf 91' lang='lat' dir='ltr'>ta</span> <span class='ocrx_word' id='word_1_566' title='bbox 2251 2683 2414 2754; x_wconf 85' lang='lat' dir='ltr'>(Ibid.</span> <span class='ocrx_word' id='word_1_567' title='bbox 2439 2682 2533 2755; x_wconf 73' lang='grc'>48)</span> <span class='ocrx_word' id='word_1_568' title='bbox 2558 2702 2572 2752; x_wconf 90' lang='grc'>;</span> <span class='ocrx_word' id='word_1_569' title='bbox 2597 2709 2614 2731; x_wconf 80' lang='grc' dir='ltr'>ι</span> <span class='ocrx_word' id='word_1_570' title='bbox 2649 2691 2704 2740; x_wconf 91' lang='lat' dir='ltr'>et</span> <span class='ocrx_word' id='word_1_571' title='bbox 2738 2703 2750 2742; x_wconf 90' lang='lat'><strong>:</strong></span> <span class='ocrx_word' id='word_1_572' title='bbox 2802 2710 2820 2732; x_wconf 80' lang='grc' dir='ltr'>ι</span> <span class='ocrx_word' id='word_1_573' title='bbox 2846 2685 3008 2740; x_wconf 84' lang='lat' dir='ltr'>Fides</span> <span class='ocrx_word' id='word_1_574' title='bbox 3022 2691 3116 2740; x_wconf 90' lang='lat' dir='ltr'>tua</span> <span class='ocrx_word' id='word_1_575' title='bbox 3134 2691 3190 2740; x_wconf 92' lang='lat' dir='ltr'>te</span> <span class='ocrx_word' id='word_1_576' title='bbox 3219 2685 3424 2740; x_wconf 88' lang='lat' dir='ltr'>salvam</span> <span class='ocrx_word' id='word_1_577' title='bbox 3454 2683 3606 2751; x_wconf 87' lang='lat' dir='ltr'>fecit,</span> <span class='ocrx_word' id='word_1_578' title='bbox 3633 2684 3800 2740; x_wconf 87' lang='lat' dir='ltr'>vade</span> 
     </span>
    </p>
   </div>
   <div class='ocr_carea' id='block_1_84' title="bbox 2164 2771 3802 2846">
    <p class='ocr_par' dir='ltr' id='par_1_84' title="bbox 2164 2771 3802 2846">
     <span class='ocr_line' id='line_1_84' title="bbox 2164 2771 3802 2846; baseline 0.002 -20"><span class='ocrx_word' id='word_1_579' title='bbox 2164 2771 2222 2827; x_wconf 92' lang='lat' dir='ltr'>in</span> <span class='ocrx_word' id='word_1_580' title='bbox 2253 2789 2380 2846; x_wconf 90' lang='lat' dir='ltr'>pace</span> <span class='ocrx_word' id='word_1_581' title='bbox 2405 2774 2567 2846; x_wconf 87' lang='lat' dir='ltr'>(Ibid.</span> <span class='ocrx_word' id='word_1_582' title='bbox 2595 2775 2710 2846; x_wconf 80' lang='lat'>50).</span> <span class='ocrx_word' id='word_1_583' title='bbox 2756 2801 2776 2825; x_wconf 76' lang='grc' dir='ltr'>ι</span> <span class='ocrx_word' id='word_1_584' title='bbox 2832 2776 2973 2832; x_wconf 87' lang='lat' dir='ltr'>Ecce</span> <span class='ocrx_word' id='word_1_585' title='bbox 3016 2774 3208 2830; x_wconf 88' lang='lat' dir='ltr'>Petrus</span> <span class='ocrx_word' id='word_1_586' title='bbox 3253 2773 3561 2846; x_wconf 84' lang='lat' dir='ltr'>negationis</span> <span class='ocrx_word' id='word_1_587' title='bbox 3607 2775 3802 2832; x_wconf 66' lang='lat' dir='ltr'>trina</span> 
     </span>
    </p>
   </div>
   <div class='ocr_carea' id='block_1_85' title="bbox 2163 2862 3795 2936">
    <p class='ocr_par' dir='ltr' id='par_1_85' title="bbox 2163 2862 3795 2936">
     <span class='ocr_line' id='line_1_85' title="bbox 2163 2862 3795 2936; baseline 0.002 -19"><span class='ocrx_word' id='word_1_588' title='bbox 2163 2862 2404 2920; x_wconf 91' lang='lat' dir='ltr'>vinculis</span> <span class='ocrx_word' id='word_1_589' title='bbox 2477 2865 2754 2934; x_wconf 88' lang='lat' dir='ltr'>astrictus,</span> <span class='ocrx_word' id='word_1_590' title='bbox 2829 2864 3190 2921; x_wconf 89' lang='lat' dir='ltr'>amarissimis</span> <span class='ocrx_word' id='word_1_591' title='bbox 3253 2863 3517 2936; x_wconf 85' lang='lat' dir='ltr'>lacrymis</span> <span class='ocrx_word' id='word_1_592' title='bbox 3590 2863 3795 2920; x_wconf 81' lang='lat' dir='ltr'>nodos</span> 
     </span>
    </p>
   </div>
   <div class='ocr_carea' id='block_1_86' title="bbox 2161 2951 3798 3026">
    <p class='ocr_par' dir='ltr' id='par_1_86' title="bbox 2161 2951 3798 3026">
     <span class='ocr_line' id='line_1_86' title="bbox 2161 2951 3798 3026; baseline 0.001 -18"><span class='ocrx_word' id='word_1_593' title='bbox 2161 2954 2528 3026; x_wconf 89' lang='lat' dir='ltr'>prolapsionis</span> <span class='ocrx_word' id='word_1_594' title='bbox 2556 2973 2666 3012; x_wconf 66' lang='lat' dir='ltr'>suae</span> <span class='ocrx_word' id='word_1_595' title='bbox 2697 2955 2926 3012; x_wconf 89' lang='lat' dir='ltr'>resolvit</span> <span class='ocrx_word' id='word_1_596' title='bbox 2956 2956 3108 3026; x_wconf 85' lang='lat' dir='ltr'>(Luc.</span> <span class='ocrx_word' id='word_1_597' title='bbox 3153 2970 3298 3024; x_wconf 89' lang='grc' dir='ltr'>χχιι,</span> <span class='ocrx_word' id='word_1_598' title='bbox 3329 2953 3445 3024; x_wconf 85' lang='grc'>62).</span> <span class='ocrx_word' id='word_1_599' title='bbox 3507 2951 3652 3008; x_wconf 88' lang='lat' dir='ltr'>Ecce</span> <span class='ocrx_word' id='word_1_600' title='bbox 3679 2968 3798 3009; x_wconf 86' lang='lat' dir='ltr'>se—</span> 
     </span>
    </p>
   </div>
   <div class='ocr_carea' id='block_1_87' title="bbox 2161 3041 3789 3114">
    <p class='ocr_par' dir='ltr' id='par_1_87' title="bbox 2161 3041 3789 3114">
     <span class='ocr_line' id='line_1_87' title="bbox 2161 3041 3789 3114; baseline 0.001 -16"><span class='ocrx_word' id='word_1_601' title='bbox 2161 3042 2372 3099; x_wconf 91' lang='lat' dir='ltr'>ditione</span> <span class='ocrx_word' id='word_1_602' title='bbox 2411 3045 2577 3100; x_wconf 91' lang='lat' dir='ltr'>simul</span> <span class='ocrx_word' id='word_1_603' title='bbox 2606 3053 2660 3100; x_wconf 91' lang='lat' dir='ltr'>et</span> <span class='ocrx_word' id='word_1_604' title='bbox 2693 3044 2919 3102; x_wconf 85' lang='lat' dir='ltr'>fraterni</span> <span class='ocrx_word' id='word_1_605' title='bbox 2977 3042 3242 3100; x_wconf 69' lang='lat' dir='ltr'>effusione</span> <span class='ocrx_word' id='word_1_606' title='bbox 3287 3041 3580 3114; x_wconf 87' lang='lat' dir='ltr'>sanguinis</span> <span class='ocrx_word' id='word_1_607' title='bbox 3625 3041 3789 3100; x_wconf 87' lang='lat' dir='ltr'>latro</span> 
     </span>
    </p>
   </div>
   <div class='ocr_carea' id='block_1_88' title="bbox 2161 3131 3791 3204">
    <p class='ocr_par' dir='ltr' id='par_1_88' title="bbox 2161 3131 3791 3204">
     <span class='ocr_line' id='line_1_88' title="bbox 2161 3131 3791 3204; baseline 0 -16"><span class='ocrx_word' id='word_1_608' title='bbox 2161 3133 2357 3189; x_wconf 90' lang='lat' dir='ltr'>mortis</span> <span class='ocrx_word' id='word_1_609' title='bbox 2385 3133 2758 3190; x_wconf 89' lang='lat' dir='ltr'>damnationis</span> <span class='ocrx_word' id='word_1_610' title='bbox 2813 3133 3112 3202; x_wconf 88' lang='lat' dir='ltr'>obnoxius,</span> <span class='ocrx_word' id='word_1_611' title='bbox 3167 3149 3281 3189; x_wconf 93' lang='lat' dir='ltr'>uno</span> <span class='ocrx_word' id='word_1_612' title='bbox 3334 3131 3600 3204; x_wconf 89' lang='lat' dir='ltr'>temporis</span> <span class='ocrx_word' id='word_1_613' title='bbox 3637 3147 3791 3188; x_wconf 91' lang='lat' dir='ltr'>mo-</span> 
     </span>
    </p>
   </div>
   <div class='ocr_carea' id='block_1_89' title="bbox 2159 3219 3784 3296">
    <p class='ocr_par' dir='ltr' id='par_1_89' title="bbox 2159 3219 3784 3296">
     <span class='ocr_line' id='line_1_89' title="bbox 2159 3219 3784 3296; baseline 0 -20"><span class='ocrx_word' id='word_1_614' title='bbox 2159 3230 2368 3287; x_wconf 90' lang='lat' dir='ltr'>mento,</span> <span class='ocrx_word' id='word_1_615' title='bbox 2399 3238 2617 3296; x_wconf 89' lang='lat' dir='ltr'>unaque</span> <span class='ocrx_word' id='word_1_616' title='bbox 2645 3222 3012 3284; x_wconf 87' lang='lat' dir='ltr'>confessionis</span> <span class='ocrx_word' id='word_1_617' title='bbox 3051 3238 3206 3291; x_wconf 89' lang='lat' dir='ltr'>voce,</span> <span class='ocrx_word' id='word_1_618' title='bbox 3249 3220 3316 3278; x_wconf 86' lang='lat' dir='ltr'>de</span> <span class='ocrx_word' id='word_1_619' title='bbox 3362 3236 3524 3278; x_wconf 87' lang='lat' dir='ltr'>cruce</span> <span class='ocrx_word' id='word_1_620' title='bbox 3569 3219 3641 3276; x_wconf 87' lang='lat' dir='ltr'>ad</span> <span class='ocrx_word' id='word_1_621' title='bbox 3679 3236 3784 3292; x_wconf 88' lang='lat' dir='ltr'>pa-</span> 
     </span>
    </p>
   </div>
   <div class='ocr_carea' id='block_1_90' title="bbox 2159 3309 3780 3386">
    <p class='ocr_par' dir='ltr' id='par_1_90' title="bbox 2159 3309 3780 3386">
     <span class='ocr_line' id='line_1_90' title="bbox 2159 3309 3780 3386; baseline 0 -20"><span class='ocrx_word' id='word_1_622' title='bbox 2159 3311 2402 3368; x_wconf 91' lang='lat' dir='ltr'>radisum</span> <span class='ocrx_word' id='word_1_623' title='bbox 2432 3313 2671 3368; x_wconf 88' lang='lat' dir='ltr'>transiit.</span> <span class='ocrx_word' id='word_1_624' title='bbox 2723 3312 2974 3386; x_wconf 91' lang='lat' dir='ltr'>Denique</span> <span class='ocrx_word' id='word_1_625' title='bbox 3019 3311 3231 3370; x_wconf 90' lang='lat' dir='ltr'>dictum</span> <span class='ocrx_word' id='word_1_626' title='bbox 3279 3319 3362 3367; x_wconf 89' lang='lat' dir='ltr'>est</span> <span class='ocrx_word' id='word_1_627' title='bbox 3395 3311 3445 3366; x_wconf 89' lang='lat' dir='ltr'>ei</span> <span class='ocrx_word' id='word_1_628' title='bbox 3479 3329 3492 3368; x_wconf 90' lang='lat'>:</span> <span class='ocrx_word' id='word_1_629' title='bbox 3533 3332 3553 3357; x_wconf 79' lang='grc'><strong>·</strong></span> <span class='ocrx_word' id='word_1_630' title='bbox 3586 3309 3780 3366; x_wconf 85' lang='lat' dir='ltr'>Hodie</span> 
     </span>
    </p>
   </div>
   <div class='ocr_carea' id='block_1_91' title="bbox 2157 3398 3774 3474">
    <p class='ocr_par' dir='ltr' id='par_1_91' title="bbox 2157 3398 3774 3474">
     <span class='ocr_line' id='line_1_91' title="bbox 2157 3398 3774 3474; baseline -0.001 -18"><span class='ocrx_word' id='word_1_631' title='bbox 2157 3417 2373 3456; x_wconf 90' lang='lat' dir='ltr'>mecum</span> <span class='ocrx_word' id='word_1_632' title='bbox 2399 3401 2508 3457; x_wconf 91' lang='lat' dir='ltr'>eris</span> <span class='ocrx_word' id='word_1_633' title='bbox 2537 3401 2596 3456; x_wconf 94' lang='lat' dir='ltr'>in</span> <span class='ocrx_word' id='word_1_634' title='bbox 2617 3401 2870 3474; x_wconf 90' lang='lat' dir='ltr'>paradiso</span> <span class='ocrx_word' id='word_1_635' title='bbox 2903 3402 3054 3474; x_wconf 83' lang='lat' dir='ltr'>(Luc.</span> <span class='ocrx_word' id='word_1_636' title='bbox 3095 3417 3260 3469; x_wconf 80' lang='grc' dir='ltr'>χχιιι,</span> <span class='ocrx_word' id='word_1_637' title='bbox 3288 3399 3404 3473; x_wconf 77' lang='grc'>43).</span> <span class='ocrx_word' id='word_1_638' title='bbox 3434 3423 3452 3446; x_wconf 77' lang='lat'><strong><em>-</em></strong></span> <span class='ocrx_word' id='word_1_639' title='bbox 3495 3398 3774 3456; x_wconf 88' lang='lat' dir='ltr'>Pulcher-</span> 
     </span>
    </p>
   </div>
   <div class='ocr_carea' id='block_1_92' title="bbox 2156 3492 3766 3568">
    <p class='ocr_par' dir='ltr' id='par_1_92' title="bbox 2156 3492 3766 3568">
     <span class='ocr_line' id='line_1_92' title="bbox 2156 3492 3766 3568; baseline 0 -18"><span class='ocrx_word' id='word_1_640' title='bbox 2156 3494 2359 3550; x_wconf 90' lang='lat' dir='ltr'>rimum</span> <span class='ocrx_word' id='word_1_641' title='bbox 2392 3494 2638 3568; x_wconf 86' lang='lat' dir='ltr'>profecto</span> <span class='ocrx_word' id='word_1_642' title='bbox 2664 3495 2982 3553; x_wconf 64' lang='lat' dir='ltr'>affectanda</span> <span class='ocrx_word' id='word_1_643' title='bbox 3011 3492 3390 3551; x_wconf 86' lang='lat' dir='ltr'>conversionis</span> <span class='ocrx_word' id='word_1_644' title='bbox 3413 3492 3766 3565; x_wconf 86' lang='lat' dir='ltr'>exemplum.</span> 
     </span>
    </p>
   </div>
   <div class='ocr_carea' id='block_1_93' title="bbox 2153 3583 3772 3653">
    <p class='ocr_par' dir='ltr' id='par_1_93' title="bbox 2153 3583 3772 3653">
     <span class='ocr_line' id='line_1_93' title="bbox 2153 3583 3772 3653; baseline -0.001 -11"><span class='ocrx_word' id='word_1_645' title='bbox 2153 3585 2288 3642; x_wconf 91' lang='lat' dir='ltr'>Nam</span> <span class='ocrx_word' id='word_1_646' title='bbox 2316 3592 2430 3642; x_wconf 90' lang='lat' dir='ltr'>tam</span> <span class='ocrx_word' id='word_1_647' title='bbox 2481 3586 2592 3643; x_wconf 92' lang='lat' dir='ltr'>cito</span> <span class='ocrx_word' id='word_1_648' title='bbox 2640 3588 2780 3644; x_wconf 89' lang='lat' dir='ltr'>latro</span> <span class='ocrx_word' id='word_1_649' title='bbox 2833 3587 2890 3642; x_wconf 93' lang='lat' dir='ltr'>in</span> <span class='ocrx_word' id='word_1_650' title='bbox 2920 3585 3012 3641; x_wconf 92' lang='lat' dir='ltr'>via</span> <span class='ocrx_word' id='word_1_651' title='bbox 3055 3585 3354 3653; x_wconf 79' lang='lat' dir='ltr'>relaxatur,</span> <span class='ocrx_word' id='word_1_652' title='bbox 3413 3590 3475 3639; x_wconf 89' lang='lat' dir='ltr'>ut</span> <span class='ocrx_word' id='word_1_653' title='bbox 3534 3583 3772 3641; x_wconf 86' lang='lat' dir='ltr'>uberior</span> 
     </span>
    </p>
   </div>
   <div class='ocr_carea' id='block_1_94' title="bbox 2154 3676 3769 3752">
    <p class='ocr_par' dir='ltr' id='par_1_94' title="bbox 2154 3676 3769 3752">
     <span class='ocr_line' id='line_1_94' title="bbox 2154 3676 3769 3752; baseline 0.002 -21"><span class='ocrx_word' id='word_1_654' title='bbox 2154 3685 2406 3749; x_wconf 89' lang='lat' dir='ltr'>appareat</span> <span class='ocrx_word' id='word_1_655' title='bbox 2444 3677 2637 3750; x_wconf 86' lang='lat' dir='ltr'>gratia,</span> <span class='ocrx_word' id='word_1_656' title='bbox 2668 3694 2833 3752; x_wconf 89' lang='lat' dir='ltr'>quam</span> <span class='ocrx_word' id='word_1_657' title='bbox 2861 3677 3122 3752; x_wconf 89' lang='lat' dir='ltr'>precatio.</span> <span class='ocrx_word' id='word_1_658' title='bbox 3162 3679 3304 3735; x_wconf 88' lang='lat' dir='ltr'>Ecce</span> <span class='ocrx_word' id='word_1_659' title='bbox 3334 3676 3532 3734; x_wconf 86' lang='lat' dir='ltr'>Saulus</span> <span class='ocrx_word' id='word_1_660' title='bbox 3556 3677 3769 3734; x_wconf 85' lang='lat' dir='ltr'>Eccle-</span> 
     </span>
    </p>
   </div>
   <div class='ocr_carea' id='block_1_95' title="bbox 2153 3766 3765 3841">
    <p class='ocr_par' dir='ltr' id='par_1_95' title="bbox 2153 3766 3765 3841">
     <span class='ocr_line' id='line_1_95' title="bbox 2153 3766 3765 3841; baseline 0.002 -21"><span class='ocrx_word' id='word_1_661' title='bbox 2153 3766 2290 3822; x_wconf 91' lang='lat' dir='ltr'>siam</span> <span class='ocrx_word' id='word_1_662' title='bbox 2318 3767 2418 3822; x_wconf 92' lang='lat' dir='ltr'>Dei</span> <span class='ocrx_word' id='word_1_663' title='bbox 2462 3784 2812 3841; x_wconf 87' lang='lat' dir='ltr'>persequens,</span> <span class='ocrx_word' id='word_1_664' title='bbox 2871 3769 3078 3825; x_wconf 90' lang='lat' dir='ltr'>multos</span> <span class='ocrx_word' id='word_1_665' title='bbox 3123 3784 3222 3841; x_wconf 90' lang='lat' dir='ltr'>pro</span> <span class='ocrx_word' id='word_1_666' title='bbox 3270 3766 3500 3824; x_wconf 90' lang='lat' dir='ltr'>nomine</span> <span class='ocrx_word' id='word_1_667' title='bbox 3545 3766 3765 3824; x_wconf 89' lang='lat' dir='ltr'>Christi</span> 
     </span>
    </p>
   </div>
   <div class='ocr_carea' id='block_1_96' title="bbox 2152 3855 3767 3930">
    <p class='ocr_par' dir='ltr' id='par_1_96' title="bbox 2152 3855 3767 3930">
     <span class='ocr_line' id='line_1_96' title="bbox 2152 3855 3767 3930; baseline 0.002 -21"><span class='ocrx_word' id='word_1_668' title='bbox 2152 3855 2448 3926; x_wconf 89' lang='lat' dir='ltr'>perimens,</span> <span class='ocrx_word' id='word_1_669' title='bbox 2480 3866 2534 3914; x_wconf 90' lang='lat' dir='ltr'>et</span> <span class='ocrx_word' id='word_1_670' title='bbox 2580 3857 2833 3913; x_wconf 90' lang='lat' dir='ltr'>madidus</span> <span class='ocrx_word' id='word_1_671' title='bbox 2881 3873 3020 3930; x_wconf 91' lang='lat' dir='ltr'>pene</span> <span class='ocrx_word' id='word_1_672' title='bbox 3057 3865 3207 3914; x_wconf 90' lang='lat' dir='ltr'>totus</span> <span class='ocrx_word' id='word_1_673' title='bbox 3249 3864 3565 3914; x_wconf 86' lang='lat' dir='ltr'>sanctorum</span> <span class='ocrx_word' id='word_1_674' title='bbox 3597 3872 3767 3912; x_wconf 91' lang='lat' dir='ltr'>mar-</span> 
     </span>
    </p>
   </div>
   <div class='ocr_carea' id='block_1_97' title="bbox 2150 3949 3766 4022">
    <p class='ocr_par' dir='ltr' id='par_1_97' title="bbox 2150 3949 3766 4022">
     <span class='ocr_line' id='line_1_97' title="bbox 2150 3949 3766 4022; baseline 0.001 -21"><span class='ocrx_word' id='word_1_675' title='bbox 2150 3954 2336 4018; x_wconf 86' lang='lat' dir='ltr'>tyrum</span> <span class='ocrx_word' id='word_1_676' title='bbox 2374 3964 2587 4016; x_wconf 89' lang='lat' dir='ltr'>cruore,</span> <span class='ocrx_word' id='word_1_677' title='bbox 2605 3949 2833 4006; x_wconf 89' lang='lat' dir='ltr'>Domini</span> <span class='ocrx_word' id='word_1_678' title='bbox 2867 3949 3088 4005; x_wconf 91' lang='lat' dir='ltr'>tandem</span> <span class='ocrx_word' id='word_1_679' title='bbox 3122 3965 3258 4006; x_wconf 91' lang='lat' dir='ltr'>voce</span> <span class='ocrx_word' id='word_1_680' title='bbox 3285 3964 3608 4016; x_wconf 89' lang='lat' dir='ltr'>conversus,</span> <span class='ocrx_word' id='word_1_681' title='bbox 3628 3964 3766 4022; x_wconf 88' lang='lat' dir='ltr'>apo-</span> 
     </span>
    </p>
   </div>
   <div class='ocr_carea' id='block_1_98' title="bbox 2149 4036 3757 4110">
    <p class='ocr_par' dir='ltr' id='par_1_98' title="bbox 2149 4036 3757 4110">
     <span class='ocr_line' id='line_1_98' title="bbox 2149 4036 3757 4110; baseline 0.002 -18"><span class='ocrx_word' id='word_1_682' title='bbox 2149 4037 2325 4093; x_wconf 88' lang='lat' dir='ltr'>stolus</span> <span class='ocrx_word' id='word_1_683' title='bbox 2361 4036 2538 4094; x_wconf 87' lang='lat' dir='ltr'>factus</span> <span class='ocrx_word' id='word_1_684' title='bbox 2569 4045 2672 4107; x_wconf 90' lang='lat' dir='ltr'>est,</span> <span class='ocrx_word' id='word_1_685' title='bbox 2703 4048 2759 4095; x_wconf 93' lang='lat' dir='ltr'>et</span> <span class='ocrx_word' id='word_1_686' title='bbox 2790 4055 2888 4094; x_wconf 88' lang='lat' dir='ltr'>vas</span> <span class='ocrx_word' id='word_1_687' title='bbox 2917 4037 3206 4094; x_wconf 90' lang='lat' dir='ltr'>electionis</span> <span class='ocrx_word' id='word_1_688' title='bbox 3232 4045 3582 4110; x_wconf 89' lang='lat' dir='ltr'>nuncupatus</span> <span class='ocrx_word' id='word_1_689' title='bbox 3605 4037 3757 4108; x_wconf 83' lang='lat' dir='ltr'>(Act.</span> 
     </span>
    </p>
   </div>
   <div class='ocr_carea' id='block_1_99' title="bbox 2149 4125 3756 4200">
    <p class='ocr_par' dir='ltr' id='par_1_99' title="bbox 2149 4125 3756 4200">
     <span class='ocr_line' id='line_1_99' title="bbox 2149 4125 3756 4200; baseline 0.001 -20"><span class='ocrx_word' id='word_1_690' title='bbox 2149 4141 2230 4191; x_wconf 89' lang='grc' dir='ltr'>ιχ,</span> <span class='ocrx_word' id='word_1_691' title='bbox 2263 4126 2376 4195; x_wconf 80' lang='grc'>15).</span> <span class='ocrx_word' id='word_1_692' title='bbox 2409 4125 2515 4182; x_wconf 92' lang='lat' dir='ltr'>Ubi</span> <span class='ocrx_word' id='word_1_693' title='bbox 2542 4142 2669 4198; x_wconf 87' lang='lat' dir='ltr'>ergo</span> <span class='ocrx_word' id='word_1_694' title='bbox 2699 4133 2782 4182; x_wconf 94' lang='lat' dir='ltr'>tot</span> <span class='ocrx_word' id='word_1_695' title='bbox 2819 4133 3080 4200; x_wconf 88' lang='lat' dir='ltr'>tantaque</span> <span class='ocrx_word' id='word_1_696' title='bbox 3119 4127 3374 4200; x_wconf 85' lang='lat' dir='ltr'>exempla</span> <span class='ocrx_word' id='word_1_697' title='bbox 3406 4125 3756 4198; x_wconf 69' lang='lat' dir='ltr'>praecedunt,</span> 
     </span>
    </p>
   </div>
   <div class='ocr_carea' id='block_1_100' title="bbox 2147 4213 3756 4288">
    <p class='ocr_par' dir='ltr' id='par_1_100' title="bbox 2147 4213 3756 4288">
     <span class='ocr_line' id='line_1_100' title="bbox 2147 4213 3756 4288; baseline 0.002 -20"><span class='ocrx_word' id='word_1_698' title='bbox 2147 4229 2256 4269; x_wconf 91' lang='lat' dir='ltr'>non</span> <span class='ocrx_word' id='word_1_699' title='bbox 2285 4213 2417 4271; x_wconf 90' lang='lat' dir='ltr'>dent</span> <span class='ocrx_word' id='word_1_700' title='bbox 2462 4215 2645 4271; x_wconf 90' lang='lat' dir='ltr'>locum</span> <span class='ocrx_word' id='word_1_701' title='bbox 2691 4215 3062 4287; x_wconf 89' lang='lat' dir='ltr'>desperationi</span> <span class='ocrx_word' id='word_1_702' title='bbox 3102 4216 3247 4272; x_wconf 86' lang='lat' dir='ltr'>mala</span> <span class='ocrx_word' id='word_1_703' title='bbox 3282 4215 3579 4288; x_wconf 90' lang='lat' dir='ltr'>colloquia,</span> <span class='ocrx_word' id='word_1_704' title='bbox 3620 4231 3756 4272; x_wconf 87' lang='lat' dir='ltr'>cum</span> 
     </span>
    </p>
   </div>
   <div class='ocr_carea' id='block_1_101' title="bbox 2146 4301 3756 4377">
    <p class='ocr_par' dir='ltr' id='par_1_101' title="bbox 2146 4301 3756 4377">
     <span class='ocr_line' id='line_1_101' title="bbox 2146 4301 3756 4377; baseline 0.001 -19"><span class='ocrx_word' id='word_1_705' title='bbox 2146 4310 2200 4358; x_wconf 88' lang='lat' dir='ltr'>et</span> <span class='ocrx_word' id='word_1_706' title='bbox 2213 4301 2326 4375; x_wconf 89' lang='lat' dir='ltr'>jam</span> <span class='ocrx_word' id='word_1_707' title='bbox 2357 4301 2626 4376; x_wconf 88' lang='lat' dir='ltr'>scriptum</span> <span class='ocrx_word' id='word_1_708' title='bbox 2657 4304 2730 4361; x_wconf 89' lang='lat' dir='ltr'>sit</span> <span class='ocrx_word' id='word_1_709' title='bbox 2761 4323 2773 4360; x_wconf 93' lang='lat'><strong>:</strong></span> <span class='ocrx_word' id='word_1_710' title='bbox 2840 4328 2859 4351; x_wconf 78' lang='grc' dir='ltr'>ι</span> <span class='ocrx_word' id='word_1_711' title='bbox 2891 4303 3029 4362; x_wconf 92' lang='lat' dir='ltr'>Cum</span> <span class='ocrx_word' id='word_1_712' title='bbox 3067 4321 3368 4362; x_wconf 89' lang='lat' dir='ltr'>conversus</span> <span class='ocrx_word' id='word_1_713' title='bbox 3410 4303 3581 4360; x_wconf 89' lang='lat' dir='ltr'>fuerit</span> <span class='ocrx_word' id='word_1_714' title='bbox 3611 4319 3756 4377; x_wconf 89' lang='lat' dir='ltr'>pec-</span> 
     </span>
    </p>
   </div>
   <div class='ocr_carea' id='block_1_102' title="bbox 2143 4391 3754 4467">
    <p class='ocr_par' dir='ltr' id='par_1_102' title="bbox 2143 4391 3754 4467">
     <span class='ocr_line' id='line_1_102' title="bbox 2143 4391 3754 4467; baseline 0.001 -19"><span class='ocrx_word' id='word_1_715' title='bbox 2143 4399 2297 4448; x_wconf 88' lang='lat' dir='ltr'>cator</span> <span class='ocrx_word' id='word_1_716' title='bbox 2342 4392 2410 4449; x_wconf 91' lang='lat' dir='ltr'>ab</span> <span class='ocrx_word' id='word_1_717' title='bbox 2466 4392 2760 4467; x_wconf 90' lang='lat' dir='ltr'>iniquitate</span> <span class='ocrx_word' id='word_1_718' title='bbox 2816 4411 2936 4463; x_wconf 90' lang='lat' dir='ltr'>sua,</span> <span class='ocrx_word' id='word_1_719' title='bbox 2989 4401 3044 4450; x_wconf 88' lang='lat' dir='ltr'>et</span> <span class='ocrx_word' id='word_1_720' title='bbox 3099 4394 3290 4451; x_wconf 88' lang='lat' dir='ltr'>fecerit</span> <span class='ocrx_word' id='word_1_721' title='bbox 3345 4391 3626 4465; x_wconf 88' lang='lat' dir='ltr'>judicium</span> <span class='ocrx_word' id='word_1_722' title='bbox 3695 4400 3754 4452; x_wconf 89' lang='lat' dir='ltr'>et</span> 
     </span>
    </p>
   </div>
   <div class='ocr_carea' id='block_1_103' title="bbox 445 4477 2049 4555">
    <p class='ocr_par' dir='ltr' id='par_1_103' title="bbox 448 4477 2030 4526">
     <span class='ocr_line' id='line_1_103' title="bbox 448 4477 2030 4526; baseline 0.005 -21"><span class='ocrx_word' id='word_1_723' title='bbox 448 4477 553 4519; x_wconf 71' lang='lat' dir='ltr'>tua,</span> <span class='ocrx_word' id='word_1_724' title='bbox 586 4477 1066 4510; x_wconf 68' lang='lat' dir='ltr'>lllbUI&#39;-DUUUIIIHHS</span> <span class='ocrx_word' id='word_1_725' title='bbox 1108 4477 1329 4512; x_wconf 70' lang='grc' dir='ltr'>δξωοιιιδ</span> <span class='ocrx_word' id='word_1_726' title='bbox 1357 4477 1462 4512; x_wconf 79' lang='grc' dir='ltr'>ωιι</span> <span class='ocrx_word' id='word_1_727' title='bbox 1487 4477 1502 4526; x_wconf 81' lang='grc'><strong>(</strong></span> <span class='ocrx_word' id='word_1_728' title='bbox 1524 4477 1703 4511; x_wconf 75' lang='grc' dir='ltr'>υεηεδ.</span> <span class='ocrx_word' id='word_1_729' title='bbox 1733 4477 1857 4524; x_wconf 71' lang='lat' dir='ltr'>XIX,</span> <span class='ocrx_word' id='word_1_730' title='bbox 1890 4477 1980 4526; x_wconf 82' lang='lat' dir='ltr'>1U)</span> <span class='ocrx_word' id='word_1_731' title='bbox 2017 4477 2030 4513; x_wconf 72' lang='grc' dir='ltr'><strong>ἶ</strong></span> 
     </span>
    </p>
   </div>
   <div class='ocr_carea' id='block_1_104' title="bbox 2164 4477 3740 4555">
    <p class='ocr_par' dir='ltr' id='par_1_104' title="bbox 2165 4481 3740 4555">
     <span class='ocr_line' id='line_1_104' title="bbox 2165 4481 3740 4555; baseline 0.003 -20"><span class='ocrx_word' id='word_1_732' title='bbox 2165 4481 2435 4550; x_wconf 88' lang='lat' dir='ltr'>ustitiam,</span> <span class='ocrx_word' id='word_1_733' title='bbox 2466 4481 2523 4537; x_wconf 92' lang='lat' dir='ltr'>in</span> <span class='ocrx_word' id='word_1_734' title='bbox 2557 4482 2692 4555; x_wconf 89' lang='lat' dir='ltr'>ipsis</span> <span class='ocrx_word' id='word_1_735' title='bbox 2721 4483 2838 4555; x_wconf 91' lang='lat' dir='ltr'>ipse</span> <span class='ocrx_word' id='word_1_736' title='bbox 2867 4483 3022 4540; x_wconf 86' lang='lat' dir='ltr'>vivet</span> <span class='ocrx_word' id='word_1_737' title='bbox 3052 4483 3268 4555; x_wconf 78' lang='lat' dir='ltr'>(Ezech.</span> <span class='ocrx_word' id='word_1_738' title='bbox 3303 4497 3516 4551; x_wconf 84' lang='grc' dir='ltr'>χχχιιι,</span> <span class='ocrx_word' id='word_1_739' title='bbox 3557 4481 3675 4554; x_wconf 86' lang='grc'>11).</span> <span class='ocrx_word' id='word_1_740' title='bbox 3718 4508 3740 4532; x_wconf 74' lang='grc' dir='ltr'>ι</span> 
     </span>
    </p>
   </div>
   <div class='ocr_carea' id='block_1_105' title="bbox 440 4543 2640 4628">
    <p class='ocr_par' dir='ltr' id='par_1_105' title="bbox 440 4543 2640 4628">
     <span class='ocr_line' id='line_1_105' title="bbox 440 4543 2640 4628; baseline 0.007 -33"><span class='ocrx_word' id='word_1_741' title='bbox 440 4543 500 4596; x_wconf 90' lang='lat' dir='ltr'>in</span> <span class='ocrx_word' id='word_1_742' title='bbox 545 4549 730 4598; x_wconf 91' lang='lat' dir='ltr'>monte</span> <span class='ocrx_word' id='word_1_743' title='bbox 776 4559 908 4600; x_wconf 89' lang='lat' dir='ltr'>vero</span> <span class='ocrx_word' id='word_1_744' title='bbox 944 4544 1237 4601; x_wconf 89' lang='lat' dir='ltr'>securitate</span> <span class='ocrx_word' id='word_1_745' title='bbox 1273 4551 1516 4616; x_wconf 90' lang='lat' dir='ltr'>torpens,</span> <span class='ocrx_word' id='word_1_746' title='bbox 1561 4543 1865 4600; x_wconf 89' lang='lat' dir='ltr'>inebriatus</span> <span class='ocrx_word' id='word_1_747' title='bbox 1905 4561 2032 4601; x_wconf 91' lang='lat' dir='ltr'>cum</span> <span class='ocrx_word' id='word_1_748' title='bbox 2064 4617 2107 4628; x_wconf 74' lang='lat'><strong><em>_</em></strong></span> <span class='ocrx_word' id='word_1_749' title='bbox 2137 4543 2216 4625; x_wconf 57' lang='grc' dir='ltr'>ᾖξε</span> <span class='ocrx_word' id='word_1_750' title='bbox 2242 4569 2302 4624; x_wconf 70' lang='lat' dir='ltr'>in</span> <span class='ocrx_word' id='word_1_751' title='bbox 2333 4543 2444 4626; x_wconf 47' lang='lat' dir='ltr'>ang,</span> <span class='ocrx_word' id='word_1_752' title='bbox 2473 4543 2599 4628; x_wconf 67' lang='grc' dir='ltr'>ιοοδ</span> <span class='ocrx_word' id='word_1_753' title='bbox 2628 4588 2640 4626; x_wconf 70' lang='grc' dir='ltr'>ε</span> 
     </span>
    </p>
   </div>
   <div class='ocr_carea' id='block_1_106' title="bbox 439 4617 2114 4705">
    <p class='ocr_par' dir='ltr' id='par_1_106' title="bbox 439 4617 2114 4705">
     <span class='ocr_line' id='line_1_106' title="bbox 439 4617 2114 4705; baseline 0.002 -20"><span class='ocrx_word' id='word_1_754' title='bbox 439 4627 659 4688; x_wconf 84' lang='lat' dir='ltr'>ﬁliabus</span> <span class='ocrx_word' id='word_1_755' title='bbox 697 4632 942 4704; x_wconf 89' lang='lat' dir='ltr'>peccavit</span> <span class='ocrx_word' id='word_1_756' title='bbox 973 4633 1137 4705; x_wconf 87' lang='lat' dir='ltr'>(Ibid.</span> <span class='ocrx_word' id='word_1_757' title='bbox 1187 4632 1395 4703; x_wconf 79' lang='lat'>32-35).</span> <span class='ocrx_word' id='word_1_758' title='bbox 1445 4631 1562 4687; x_wconf 85' lang='lat' dir='ltr'>Hoc</span> <span class='ocrx_word' id='word_1_759' title='bbox 1593 4632 1896 4704; x_wconf 86' lang='lat' dir='ltr'>vagationis</span> <span class='ocrx_word' id='word_1_760' title='bbox 1923 4640 2033 4689; x_wconf 84' lang='lat' dir='ltr'>tae-</span> <span class='ocrx_word' id='word_1_761' title='bbox 2064 4617 2114 4677; x_wconf 84' lang='lat' dir='ltr'>D</span> 
     </span>
    </p>
   </div>
   <div class='ocr_carea' id='block_1_107' title="bbox 2692 4570 3756 4645">
    <p class='ocr_par' dir='ltr' id='par_1_107' title="bbox 2692 4570 3756 4645">
     <span class='ocr_line' id='line_1_107' title="bbox 2692 4570 3756 4645; baseline -0.001 -18"><span class='ocrx_word' id='word_1_762' title='bbox 2692 4596 2711 4619; x_wconf 75' lang='grc' dir='ltr'><strong>ε</strong></span> <span class='ocrx_word' id='word_1_763' title='bbox 2753 4570 3018 4645; x_wconf 89' lang='lat' dir='ltr'>Nunquid</span> <span class='ocrx_word' id='word_1_764' title='bbox 3059 4571 3347 4628; x_wconf 89' lang='lat' dir='ltr'>voluntate</span> <span class='ocrx_word' id='word_1_765' title='bbox 3374 4571 3544 4628; x_wconf 91' lang='lat' dir='ltr'>velim</span> <span class='ocrx_word' id='word_1_766' title='bbox 3583 4587 3756 4628; x_wconf 90' lang='lat' dir='ltr'>mor-</span> 
     </span>
    </p>
   </div>
   <div class='ocr_carea' id='block_1_108' title="bbox 2144 4657 3752 4732">
    <p class='ocr_par' dir='ltr' id='par_1_108' title="bbox 2144 4657 3752 4732">
     <span class='ocr_line' id='line_1_108' title="bbox 2144 4657 3752 4732; baseline 0.004 -19"><span class='ocrx_word' id='word_1_767' title='bbox 2144 4665 2254 4714; x_wconf 88' lang='lat' dir='ltr'>tem</span> <span class='ocrx_word' id='word_1_768' title='bbox 2287 4657 2492 4731; x_wconf 89' lang='lat' dir='ltr'>iniqui,</span> <span class='ocrx_word' id='word_1_769' title='bbox 2521 4659 2660 4717; x_wconf 89' lang='lat' dir='ltr'>dicit</span> <span class='ocrx_word' id='word_1_770' title='bbox 2703 4660 2944 4728; x_wconf 86' lang='lat' dir='ltr'>Adonai,</span> <span class='ocrx_word' id='word_1_771' title='bbox 2971 4669 3238 4732; x_wconf 87' lang='lat' dir='ltr'>quantum</span> <span class='ocrx_word' id='word_1_772' title='bbox 3281 4668 3344 4718; x_wconf 94' lang='lat' dir='ltr'>ut</span> <span class='ocrx_word' id='word_1_773' title='bbox 3387 4668 3752 4719; x_wconf 88' lang='lat' dir='ltr'>convertatur</span> 
     </span>
    </p>
   </div>
   <div class='ocr_carea' id='block_1_109' title="bbox 2141 4749 3736 4826">
    <p class='ocr_par' dir='ltr' id='par_1_109' title="bbox 2141 4749 3736 4826">
     <span class='ocr_line' id='line_1_109' title="bbox 2141 4749 3736 4826; baseline 0.003 -20"><span class='ocrx_word' id='word_1_774' title='bbox 2141 4749 2236 4807; x_wconf 91' lang='lat' dir='ltr'>ille</span> <span class='ocrx_word' id='word_1_775' title='bbox 2259 4768 2290 4806; x_wconf 91' lang='lat' dir='ltr'>a</span> <span class='ocrx_word' id='word_1_776' title='bbox 2320 4752 2410 4808; x_wconf 89' lang='lat' dir='ltr'>via</span> <span class='ocrx_word' id='word_1_777' title='bbox 2438 4768 2537 4808; x_wconf 90' lang='lat' dir='ltr'>sua</span> <span class='ocrx_word' id='word_1_778' title='bbox 2579 4753 2744 4820; x_wconf 87' lang='lat' dir='ltr'>mala,</span> <span class='ocrx_word' id='word_1_779' title='bbox 2786 4759 2842 4808; x_wconf 89' lang='lat' dir='ltr'>et</span> <span class='ocrx_word' id='word_1_780' title='bbox 2875 4753 3028 4809; x_wconf 90' lang='lat' dir='ltr'>vivat</span> <span class='ocrx_word' id='word_1_781' title='bbox 3060 4754 3276 4824; x_wconf 81' lang='lat' dir='ltr'>(Ezech.</span> <span class='ocrx_word' id='word_1_782' title='bbox 3316 4769 3482 4822; x_wconf 85' lang='lat' dir='ltr'>xvm,</span> <span class='ocrx_word' id='word_1_783' title='bbox 3524 4752 3619 4826; x_wconf 84' lang='grc'>23)</span> <span class='ocrx_word' id='word_1_784' title='bbox 3651 4753 3681 4810; x_wconf 71' lang='lat'><strong>7</strong></span> <span class='ocrx_word' id='word_1_785' title='bbox 3713 4779 3736 4804; x_wconf 74' lang='grc' dir='ltr'>ι</span> 
     </span>
    </p>
   </div>
   <div class='ocr_carea' id='block_1_110' title="bbox 2139 4841 3748 4915">
    <p class='ocr_par' dir='ltr' id='par_1_110' title="bbox 2139 4841 3748 4915">
     <span class='ocr_line' id='line_1_110' title="bbox 2139 4841 3748 4915; baseline 0.001 -17"><span class='ocrx_word' id='word_1_786' title='bbox 2139 4841 2218 4898; x_wconf 91' lang='lat' dir='ltr'>De</span> <span class='ocrx_word' id='word_1_787' title='bbox 2245 4842 2660 4898; x_wconf 89' lang='lat' dir='ltr'>conversatione</span> <span class='ocrx_word' id='word_1_788' title='bbox 2702 4858 2834 4898; x_wconf 88' lang='lat' dir='ltr'>vero</span> <span class='ocrx_word' id='word_1_789' title='bbox 2868 4842 2929 4898; x_wconf 92' lang='lat' dir='ltr'>in</span> <span class='ocrx_word' id='word_1_790' title='bbox 2972 4842 3171 4900; x_wconf 89' lang='lat' dir='ltr'>melius</span> <span class='ocrx_word' id='word_1_791' title='bbox 3217 4857 3561 4915; x_wconf 86' lang='lat' dir='ltr'>nequaquam</span> <span class='ocrx_word' id='word_1_792' title='bbox 3607 4858 3748 4899; x_wconf 85' lang='lat' dir='ltr'>mu-</span> 
     </span>
    </p>
   </div>
   <div class='ocr_carea' id='block_1_111' title="bbox 2139 4929 3744 5005">
    <p class='ocr_par' dir='ltr' id='par_1_111' title="bbox 2139 4929 3744 5005">
     <span class='ocr_line' id='line_1_111' title="bbox 2139 4929 3744 5005; baseline 0.002 -20"><span class='ocrx_word' id='word_1_793' title='bbox 2139 4936 2252 4986; x_wconf 89' lang='lat' dir='ltr'>tata</span> <span class='ocrx_word' id='word_1_794' title='bbox 2280 4931 2414 5002; x_wconf 91' lang='lat' dir='ltr'>quid</span> <span class='ocrx_word' id='word_1_795' title='bbox 2433 4930 2586 4987; x_wconf 89' lang='lat' dir='ltr'>aliud</span> <span class='ocrx_word' id='word_1_796' title='bbox 2617 4929 3000 5003; x_wconf 90' lang='lat' dir='ltr'>respondeam,</span> <span class='ocrx_word' id='word_1_797' title='bbox 3021 4931 3130 4987; x_wconf 90' lang='lat' dir='ltr'>nisi</span> <span class='ocrx_word' id='word_1_798' title='bbox 3168 4939 3231 4988; x_wconf 89' lang='lat' dir='ltr'>ut</span> <span class='ocrx_word' id='word_1_799' title='bbox 3259 4931 3407 5005; x_wconf 92' lang='lat' dir='ltr'>quod</span> <span class='ocrx_word' id='word_1_800' title='bbox 3439 4929 3561 4986; x_wconf 90' lang='lat' dir='ltr'>heri</span> <span class='ocrx_word' id='word_1_801' title='bbox 3591 4932 3744 5004; x_wconf 86' lang='lat' dir='ltr'>quis-</span> 
     </span>
    </p>
   </div>
   <div class='ocr_carea' id='block_1_112' title="bbox 2139 5019 3743 5093">
    <p class='ocr_par' dir='ltr' id='par_1_112' title="bbox 2139 5019 3743 5093">
     <span class='ocr_line' id='line_1_112' title="bbox 2139 5019 3743 5093; baseline 0.001 -17"><span class='ocrx_word' id='word_1_802' title='bbox 2139 5035 2243 5092; x_wconf 89' lang='lat' dir='ltr'>que</span> <span class='ocrx_word' id='word_1_803' title='bbox 2275 5036 2387 5075; x_wconf 92' lang='lat' dir='ltr'>non</span> <span class='ocrx_word' id='word_1_804' title='bbox 2421 5021 2554 5091; x_wconf 90' lang='lat' dir='ltr'>egit,</span> <span class='ocrx_word' id='word_1_805' title='bbox 2581 5019 2746 5076; x_wconf 92' lang='lat' dir='ltr'>hodie</span> <span class='ocrx_word' id='word_1_806' title='bbox 2767 5020 2937 5093; x_wconf 79' lang='lat' dir='ltr'>agat?</span> <span class='ocrx_word' id='word_1_807' title='bbox 2967 5020 3080 5077; x_wconf 89' lang='lat' dir='ltr'>Nec</span> <span class='ocrx_word' id='word_1_808' title='bbox 3122 5019 3541 5077; x_wconf 90' lang='lat' dir='ltr'>conversionem</span> <span class='ocrx_word' id='word_1_809' title='bbox 3581 5021 3743 5078; x_wconf 80' lang='lat' dir='ltr'>diﬂ&#39;e-</span> 
     </span>
    </p>
   </div>
   <div class='ocr_carea' id='block_1_113' title="bbox 2137 5111 3744 5180">
    <p class='ocr_par' dir='ltr' id='par_1_113' title="bbox 2137 5111 3744 5180">
     <span class='ocr_line' id='line_1_113' title="bbox 2137 5111 3744 5180; baseline 0.002 -14"><span class='ocrx_word' id='word_1_810' title='bbox 2137 5118 2221 5167; x_wconf 89' lang='lat' dir='ltr'>rat</span> <span class='ocrx_word' id='word_1_811' title='bbox 2256 5111 2324 5167; x_wconf 90' lang='lat' dir='ltr'>de</span> <span class='ocrx_word' id='word_1_812' title='bbox 2355 5111 2444 5168; x_wconf 90' lang='lat' dir='ltr'>die</span> <span class='ocrx_word' id='word_1_813' title='bbox 2482 5112 2538 5167; x_wconf 91' lang='lat' dir='ltr'>in</span> <span class='ocrx_word' id='word_1_814' title='bbox 2565 5111 2734 5180; x_wconf 89' lang='lat' dir='ltr'>diem,</span> <span class='ocrx_word' id='word_1_815' title='bbox 2776 5111 2909 5168; x_wconf 92' lang='lat' dir='ltr'>dum</span> <span class='ocrx_word' id='word_1_816' title='bbox 2939 5112 3116 5169; x_wconf 90' lang='lat' dir='ltr'>nescit</span> <span class='ocrx_word' id='word_1_817' title='bbox 3145 5112 3192 5168; x_wconf 87' lang='lat' dir='ltr'>si</span> <span class='ocrx_word' id='word_1_818' title='bbox 3225 5111 3311 5166; x_wconf 91' lang='lat' dir='ltr'>vel</span> <span class='ocrx_word' id='word_1_819' title='bbox 3341 5127 3509 5166; x_wconf 88' lang='lat' dir='ltr'>unam</span> <span class='ocrx_word' id='word_1_820' title='bbox 3541 5128 3744 5170; x_wconf 83' lang='lat' dir='ltr'>corre-</span> 
     </span>
    </p>
   </div>
   <div class='ocr_carea' id='block_1_114' title="bbox 2138 5200 3741 5276">
    <p class='ocr_par' dir='ltr' id='par_1_114' title="bbox 2138 5200 3741 5276">
     <span class='ocr_line' id='line_1_114' title="bbox 2138 5200 3741 5276; baseline 0.002 -20"><span class='ocrx_word' id='word_1_821' title='bbox 2138 5200 2340 5256; x_wconf 92' lang='lat' dir='ltr'>ctionis</span> <span class='ocrx_word' id='word_1_822' title='bbox 2389 5200 2586 5257; x_wconf 89' lang='lat' dir='ltr'>habeat</span> <span class='ocrx_word' id='word_1_823' title='bbox 2640 5201 2822 5259; x_wconf 90' lang='lat' dir='ltr'>diem:</span> <span class='ocrx_word' id='word_1_824' title='bbox 2883 5218 3204 5276; x_wconf 88' lang='lat' dir='ltr'>semperque</span> <span class='ocrx_word' id='word_1_825' title='bbox 3259 5218 3357 5274; x_wconf 90' lang='lat' dir='ltr'>pro</span> <span class='ocrx_word' id='word_1_826' title='bbox 3407 5201 3741 5260; x_wconf 87' lang='lat' dir='ltr'>muneribus</span> 
     </span>
    </p>
   </div>
   <div class='ocr_carea' id='block_1_115' title="bbox 2137 5291 3738 5365">
    <p class='ocr_par' dir='ltr' id='par_1_115' title="bbox 2137 5291 3738 5365">
     <span class='ocr_line' id='line_1_115' title="bbox 2137 5291 3738 5365; baseline 0.001 -17"><span class='ocrx_word' id='word_1_827' title='bbox 2137 5292 2370 5363; x_wconf 90' lang='lat' dir='ltr'>desuper</span> <span class='ocrx_word' id='word_1_828' title='bbox 2431 5292 2688 5364; x_wconf 86' lang='lat' dir='ltr'>acceptis,</span> <span class='ocrx_word' id='word_1_829' title='bbox 2754 5309 2936 5365; x_wconf 83' lang='lat' dir='ltr'>pravae</span> <span class='ocrx_word' id='word_1_830' title='bbox 3001 5291 3390 5350; x_wconf 89' lang='lat' dir='ltr'>consuetudini</span> <span class='ocrx_word' id='word_1_831' title='bbox 3446 5293 3738 5364; x_wconf 88' lang='lat' dir='ltr'>resistens,</span> 
     </span>
    </p>
   </div>
   <div class='ocr_carea' id='block_1_116' title="bbox 2131 5380 3739 5455">
    <p class='ocr_par' dir='ltr' id='par_1_116' title="bbox 2131 5380 3739 5455">
     <span class='ocr_line' id='line_1_116' title="bbox 2131 5380 3739 5455; baseline 0.002 -17"><span class='ocrx_word' id='word_1_832' title='bbox 2131 5380 2280 5438; x_wconf 89' lang='lat' dir='ltr'>dicat</span> <span class='ocrx_word' id='word_1_833' title='bbox 2312 5398 2470 5438; x_wconf 90' lang='lat' dir='ltr'>mane</span> <span class='ocrx_word' id='word_1_834' title='bbox 2500 5382 2712 5454; x_wconf 89' lang='lat' dir='ltr'>vesperi</span> <span class='ocrx_word' id='word_1_835' title='bbox 2747 5400 2760 5439; x_wconf 89' lang='lat'>:</span> <span class='ocrx_word' id='word_1_836' title='bbox 2806 5409 2826 5431; x_wconf 77' lang='lat'><strong>-</strong></span> <span class='ocrx_word' id='word_1_837' title='bbox 2865 5384 3006 5439; x_wconf 90' lang='lat' dir='ltr'>Ecce</span> <span class='ocrx_word' id='word_1_838' title='bbox 3035 5399 3184 5440; x_wconf 89' lang='lat' dir='ltr'>nunc</span> <span class='ocrx_word' id='word_1_839' title='bbox 3213 5383 3373 5455; x_wconf 86' lang='lat' dir='ltr'>coepi,</span> <span class='ocrx_word' id='word_1_840' title='bbox 3420 5381 3542 5440; x_wconf 73' lang='lat' dir='ltr'>haec</span> <span class='ocrx_word' id='word_1_841' title='bbox 3569 5399 3739 5442; x_wconf 89' lang='lat' dir='ltr'>com-</span> 
     </span>
    </p>
   </div>
   <div class='ocr_carea' id='block_1_117' title="bbox 2129 5471 3514 5544">
    <p class='ocr_par' dir='ltr' id='par_1_117' title="bbox 2129 5471 3514 5544">
     <span class='ocr_line' id='line_1_117' title="bbox 2129 5471 3514 5544; baseline 0.001 -15"><span class='ocrx_word' id='word_1_842' title='bbox 2129 5471 2363 5530; x_wconf 87' lang='lat' dir='ltr'>mutatio</span> <span class='ocrx_word' id='word_1_843' title='bbox 2387 5472 2630 5532; x_wconf 83' lang='lat' dir='ltr'>dexterae</span> <span class='ocrx_word' id='word_1_844' title='bbox 2659 5473 2878 5529; x_wconf 86' lang='lat' dir='ltr'>Excelsi</span> <span class='ocrx_word' id='word_1_845' title='bbox 2904 5474 3078 5543; x_wconf 81' lang='lat' dir='ltr'>(Psal.</span> <span class='ocrx_word' id='word_1_846' title='bbox 3110 5488 3304 5540; x_wconf 76' lang='lat' dir='ltr'>Lxxvi,</span> <span class='ocrx_word' id='word_1_847' title='bbox 3332 5472 3447 5544; x_wconf 90' lang='grc'>11).</span> <span class='ocrx_word' id='word_1_848' title='bbox 3494 5497 3514 5520; x_wconf 74' lang='grc' dir='ltr'>ι</span> 
     </span>
    </p>
   </div>
   <div class='ocr_carea' id='block_1_118' title="bbox 2737 5571 3131 5632">
    <p class='ocr_par' dir='ltr' id='par_1_118' title="bbox 2737 5571 3131 5632">
     <span class='ocr_line' id='line_1_118' title="bbox 2737 5571 3131 5632; baseline -0.01 0"><span class='ocrx_word' id='word_1_849' title='bbox 2737 5573 2964 5632; x_wconf 88' lang='lat' dir='ltr'>CAPUT</span> <span class='ocrx_word' id='word_1_850' title='bbox 3000 5571 3131 5630; x_wconf 82' lang='lat' dir='ltr'>XVI</span> 
     </span>
    </p>
   </div>
   <div class='ocr_carea' id='block_1_119' title="bbox 2693 5662 3182 5734">
    <p class='ocr_par' dir='ltr' id='par_1_119' title="bbox 2693 5662 3182 5734">
     <span class='ocr_line' id='line_1_119' title="bbox 2693 5662 3182 5734; baseline -0.006 -13"><span class='ocrx_word' id='word_1_851' title='bbox 2693 5663 2971 5734; x_wconf 80' lang='lat' dir='ltr'>Cupiditas</span> <span class='ocrx_word' id='word_1_852' title='bbox 3015 5662 3144 5718; x_wconf 83' lang='lat' dir='ltr'>dicit</span> <span class='ocrx_word' id='word_1_853' title='bbox 3164 5679 3182 5718; x_wconf 88' lang='lat'><strong><em>:</em></strong></span> 
     </span>
    </p>
   </div>
   <div class='ocr_carea' id='block_1_120' title="bbox 2199 5753 3731 5831">
    <p class='ocr_par' dir='ltr' id='par_1_120' title="bbox 2199 5753 3731 5831">
     <span class='ocr_line' id='line_1_120' title="bbox 2199 5753 3731 5831; baseline -0.001 -14"><span class='ocrx_word' id='word_1_854' title='bbox 2199 5753 2357 5817; x_wconf 86' lang='lat' dir='ltr'>Certe</span> <span class='ocrx_word' id='word_1_855' title='bbox 2383 5755 2502 5814; x_wconf 86' lang='lat' dir='ltr'>sine</span> <span class='ocrx_word' id='word_1_856' title='bbox 2530 5756 2694 5829; x_wconf 86' lang='lat' dir='ltr'>culpa</span> <span class='ocrx_word' id='word_1_857' title='bbox 2719 5773 2777 5814; x_wconf 84' lang='lat' dir='ltr'>es</span> <span class='ocrx_word' id='word_1_858' title='bbox 2823 5755 2970 5830; x_wconf 89' lang='lat' dir='ltr'>quod</span> <span class='ocrx_word' id='word_1_859' title='bbox 2996 5757 3244 5831; x_wconf 62' lang='lat' dir='ltr'>quadam</span> <span class='ocrx_word' id='word_1_860' title='bbox 3285 5753 3541 5818; x_wconf 84' lang='lat' dir='ltr'>habenda</span> <span class='ocrx_word' id='word_1_861' title='bbox 3581 5775 3731 5818; x_wconf 87' lang='lat' dir='ltr'>con-</span> 
     </span>
    </p>
   </div>
  </div>
