3940 6404
539 371 677 430 1163

1569 365 1666 426 AD
1707 368 1958 426 ΟΡΕΒΑ
2000 368 2056 425 S.
2097 362 2430 426 AMBROSII
2467 361 2847 426 APPENDIX.

3718 355 3855 424 1164

539 497 652 568 13).
707 521 726 544 ι
788 497 908 564 Quo
958 503 1149 553 contra
1207 494 1474 568 prOpheta
1528 493 1808 564 admonet,
1865 496 2052 552 dicens
2113 513 2124 550 :
2159 502 2210 560 Α
2240 494 2486 552 dicitur:
2524 497 2591 550 Et
2619 495 2884 550 omnibus
2917 491 3273 549 mendacibus
3311 508 3434 565 pars
3473 493 3711 550 illorum
3746 495 3854 551 erit

547 610 566 634 ι
597 587 806 658 Frange
853 584 1116 642 esurienti
1166 601 1360 657 panem
1412 593 1591 653 tuum,
1623 593 1678 641 et
1721 601 1982 657 pauperes
2011 585 2127 641 sine

535 683 680 730 tecto
705 675 873 732 induc
893 674 950 729 in
976 675 1201 730 domum
1218 679 1368 727 tuam
1395 690 1405 727 :
1431 673 1475 728 si
1498 673 1701 728 videris
1721 673 1952 740 nudum,
1975 673 2126 744 operi

534 780 680 832 eum,
729 772 784 820 et
837 781 867 818 a
907 763 1226 819 domesticis
1267 761 1492 819 seminis
1540 762 1622 817 tui
1687 778 1755 816 ne
1815 761 2126 832 despexeris

537 851 672 920 (Isa.
716 868 872 919 LVIII,
923 851 1002 922 7).
1051 876 1068 897 ι
1129 851 1401 906 Memento
1444 849 1576 920 quid
1616 855 1913 920 purpurato
1961 849 2122 904 diviti

534 941 826 1012 contigerit
859 958 870 994 :
913 939 1005 1012 qui
1035 955 1144 994 non
1187 938 1312 994 ideo
1349 937 1638 993 damnatus
1666 948 1747 993 est
1773 937 1919 1010 quod
1947 939 2124 994 aliena

533 1033 746 1100 tulerit,
777 1033 870 1088 sed
897 1031 1043 1104 quod
1073 1031 1252 1103 egenti
1282 1031 1505 1102 pauperi
1549 1047 1648 1086 sua
1676 1047 1787 1085 non
1818 1032 2074 1087 tribuerit
2107 1050 2118 1087 :

534 1128 589 1177 et
616 1121 673 1176 in
707 1121 923 1176 interno
954 1120 1166 1192 positus
1194 1121 1260 1176 ad
1292 1121 1520 1191 petenda
1542 1119 1771 1175 minima
1792 1124 2122 1192 pervenerit,

533 1210 626 1282 qui
658 1210 748 1265 hic
777 1225 943 1281 parva
972 1210 1192 1281 negavit
1223 1211 1373 1279 (Luc.
1402 1227 1520 1278 xvr,
1543 1209 1750 1281 22-31).
1786 1211 1927 1277 Quid
1957 1213 2121 1269 etiam

531 1298 598 1354 ad
622 1298 899 1354 sinistram
924 1299 1117 1370 positis
1132 1298 1305 1370 judex
1321 1298 1442 1355 coeli
1465 1300 1714 1356 dicturus
1752 1301 1845 1368 sit,
1867 1303 2116 1360 attende:

542 1409 560 1432 ι
609 1387 708 1455 Ite,
754 1387 957 1459 inquit,
1007 1388 1303 1455 maledicti,
1354 1387 1410 1441 in
1461 1387 1642 1460 ignem
1692 1398 1976 1459 aeternum,
2026 1394 2120 1465 qui

529 1484 752 1547 paratus
783 1486 862 1532 est
892 1476 1112 1532 diabolo
1160 1484 1213 1531 et
1257 1476 1463 1548 angelis
1502 1477 1634 1548 ejus.
1683 1481 1906 1535 Esurivi
1948 1482 2116 1549 enim,

529 1573 582 1620 et
630 1581 740 1620 non
781 1565 1010 1621 dedistis
1057 1566 1194 1621 mihi
1241 1565 1568 1622 manducare
1617 1569 1828 1635 (Matth.
1862 1586 1998 1639 xxv,
2029 1571 2117 1640 41,

527 1651 643 1726 42),
697 1680 715 1702 ι
786 1665 839 1713 et
887 1665 1101 1725 caetera,
1168 1674 1288 1730 quae
1363 1657 1442 1712 ibi
1501 1659 1821 1716 terribiliter
1884 1677 2120 1718 enumee

525 1753 734 1801 rantur.

1071 1826 1298 1884 CAPUT
1343 1828 1542 1885 XVIII.

522 1915 750 1971 Furtum
770 1924 816 1972 et
828 1917 1012 1987 fraus,
1027 1934 1331 1989 quanquam
1353 1919 1618 1974 diversum
1644 1921 1869 1991 gradum
1894 1923 2120 1980 habeant

598 2006 892 2075 locutio-nis,
944 2009 1107 2062 unum
1137 2014 1210 2063 est
1251 2015 1420 2064 tamen
1449 2009 1589 2080 quod
1643 2011 1840 2069 dicunt.
1893 2015 2115 2070 Furtum

592 2095 729 2149 enim
756 2095 882 2150 dicit
913 2114 924 2151 :
944 2154 947 2156 ,

595 2183 652 2238 Si
679 2184 858 2239 aliena
886 2203 998 2241 non
1025 2185 1196 2255 tollis,
1225 2202 1293 2242 ex
1323 2187 1546 2260 proprio
1575 2189 1662 2245 vel
1690 2189 1845 2248 dives
1874 2193 1961 2248 vel
1992 2192 2119 2249 suf-

521 2271 714 2333 ﬁciens
743 2289 856 2330 esse
885 2291 996 2331 non
1027 2277 1194 2331 vales.

542 2437 548 2442 ‘
1055 2365 1231 2420 Fraus
1258 2383 1379 2420 vero
1409 2365 1537 2421 dicit
1567 2385 1585 2421 :

591 2452 648 2512 Si
670 2463 869 2512 cuncta
893 2471 1013 2528 quae
1051 2454 1155 2510 tibi
1181 2463 1309 2510 sunt
1341 2457 1654 2523 commissa,
1679 2454 1892 2514 illibata
1923 2458 2114 2515 consi-

523 2561 672 2617 gnes,
723 2553 776 2600 et
825 2562 927 2601 nec
975 2544 1252 2600 modicum
1302 2545 1524 2616 quidem
1575 2546 1677 2601 tibi
1725 2548 2112 2604 reservandum

524 2633 826 2703 existimes,
859 2635 1005 2690 unde
1050 2633 1136 2689 vel
1187 2634 1426 2706 propriis
1471 2634 1807 2692 utilitatibus
1841 2639 2110 2706 consules,

525 2724 614 2778 vel
646 2721 838 2781 amicis
867 2733 920 2779 et
949 2723 1268 2780 domesticis
1297 2723 1536 2795 placebis
1557 2725 1585 2780 ?

563 2824 567 2828 ’
734 2814 831 2872 Sed
861 2815 1173 2886 simplicitas
1191 2819 1261 2870 ad
1284 2822 1564 2885 utrumque
1592 2817 1898 2888 respondet:

589 2902 786 2961 Melius
816 2914 895 2961 est
925 2922 1215 2977 pauperem
1248 2921 1362 2960 esse
1385 2914 1439 2960 et
1467 2905 1733 2977 indigere,
1767 2907 2016 2980 nullique
2044 2925 2112 2963 ex

520 2991 649 3050 dato
681 2995 910 3066 placere,
943 3011 1103 3066 quam
1134 2993 1372 3066 aliquem
1405 2994 1552 3048 furto
1574 2994 1769 3050 laedere
1790 2996 1874 3051 vel
1899 2996 2108 3052 fraude.

521 3081 625 3149 Qui
654 3083 802 3138 enim
833 3084 1009 3138 aliena
1026 3082 1273 3156 quolibet
1289 3081 1453 3139 modo
1478 3082 1680 3154 injuste
1701 3084 1963 3156 praeripit,
1998 3086 2112 3156 ipse

520 3171 626 3228 sibi
676 3173 828 3243 regni
876 3173 1110 3229 cmlestis
1165 3173 1374 3228 aditum
1424 3173 1651 3229 claudit.
1709 3173 1858 3229 Unde
1911 3175 2110 3231 Paulus

521 3261 847 3334 praedicator
896 3263 1141 3332 egregius
1189 3262 1452 3333 quosdam
1503 3262 1800 3334 redarguit,
1856 3261 2043 3319 dicens
2099 3280 2110 3318 :

535 3375 553 3396 ι
585 3351 689 3406 Sed
720 3368 816 3405 vos
859 3349 1118 3420 injuriam
1153 3351 1332 3406 facitis
1359 3359 1412 3406 et
1449 3350 1716 3406 fraudatis
1749 3368 1760 3404 :
1794 3359 1847 3406 et
1877 3349 1982 3406 hoc
2011 3349 2114 3404 fra-

522 3438 717 3495 tribus.
763 3442 849 3492 An
895 3439 1118 3494 nescitis
1173 3439 1300 3512 quia
1350 3437 1528 3510 iniqui
1581 3455 1806 3510 regnum
1858 3439 1956 3494 Dei
2005 3455 2114 3493 non

520 3527 879 3603 possidebunt
927 3530 984 3600 (Ι
1013 3529 1138 3584 Cor.
1168 3546 1243 3596 vr,
1274 3529 1384 3600 8)?
1424 3553 1442 3576 ι
1505 3531 1684 3602 Atque
1732 3528 1876 3585 inter
1922 3537 2118 3586 caetera

521 3618 806 3690 subjungit
856 3636 868 3673 :
941 3644 960 3664 ι
1013 3619 1197 3690 Neque
1249 3617 1418 3686 fures,
1474 3635 1650 3691 neque
1714 3620 1885 3686 avari,
1942 3635 2116 3690 neque

523 3707 748 3774 ebriosi,
781 3723 955 3779 neque
996 3707 1269 3774 maledici,
1304 3723 1482 3778 neque
1514 3723 1732 3779 rapaces
1761 3724 1987 3779 regnum
2018 3708 2117 3763 Dei

524 3796 882 3869 possidebunt
915 3797 1076 3868 (Ibid.
1126 3795 1238 3868 10).
1290 3821 1308 3842 ε
1341 3797 1572 3852 Furtum
1622 3796 1789 3870 igitur
1820 3806 1872 3852 et
1911 3797 2060 3852 fraus
2087 3814 2118 3852 a

525 3885 624 3940 Dei
658 3901 822 3957 regno
852 3884 1134 3941 hominem
1155 3884 1479 3954 excludunt,
1509 3884 1715 3942 idcirco
1745 3884 1968 3942 vitanda
1989 3893 2119 3941 sunt

526 3992 768 4046 prorsus.

1111 4044 1337 4103 CAPUT
1375 4046 1529 4103 XIX.

528 4135 771 4190 Fallacia
800 4142 954 4205 atque
983 4136 1312 4190 mendacium
1341 4141 1388 4189 et
1408 4136 1527 4206 ipsa
1553 4151 1720 4190 unum
1751 4133 1949 4188 dicunt.
1981 4134 2120 4189 Nam

599 4222 824 4292 fallacia
879 4224 938 4293 ﬁt
989 4223 1214 4294 ingenio,
1270 4223 1599 4278 mendacium
1661 4229 1836 4276 autem
1894 4221 2122 4292 simplici

599 4313 774 4369 verba.
806 4314 1048 4369 Fallacia
1081 4329 1202 4384 ergo
1231 4313 1359 4367 dicit
1390 4330 1408 4367 :

601 4401 673 4457 Ut
701 4419 769 4458 ex
817 4402 1007 4457 multis
1052 4418 1226 4456 unum
1257 4399 1596 4474 proferamus
1625 4401 1960 4473 exemplum,
1992 4417 2119 4457 cum

529 4489 589 4548 in
629 4509 740 4547 non
787 4492 968 4548 dando
1015 4492 1253 4564 aliquem
1283 4490 1514 4546 illudere
1550 4492 1767 4562 quaeris,
1799 4492 1856 4546 in
1886 4491 2119 4563 petendo

2239 584 2297 638 in
2326 591 2516 655 stagno
2544 583 2689 656 ignis
2717 582 2961 640 ardentis
2980 589 3034 639 et
3059 580 3366 655 sulphuris,
3398 580 3549 656 quod
3577 591 3667 640 est
3697 601 3852 640 mors

2238 674 2480 731 secunda
2507 673 2696 745 (Apoc.
2729 672 2876 744 χχι).

2838 775 3066 860 CAPUT
3106 801 3234 857 xx.

2686 890 2890 948 Ventris
2914 889 3173 960 ingluvies
3206 889 3335 944 dicit
3363 906 3382 944 :

2309 999 2393 1055 Ad
2424 1015 2575 1055 esum
2598 1000 2742 1054 Deus
2774 997 2980 1054 munda
3009 997 3195 1053 omnia
3222 996 3495 1067 condidit,
3527 1005 3583 1054 et
3616 997 3716 1070 qui
3750 1013 3852 1053 sa-

2235 1089 2406 1144 turari
2455 1088 2579 1144 cibo
2629 1089 2856 1160 respuit,
2890 1087 3025 1162 quid
3072 1087 3230 1144 aliud
3257 1103 3422 1161 quam
3455 1087 3679 1144 muneri
3715 1104 3850 1144 con-

2234 1199 2384 1239 cesso
2413 1182 2738 1239 contradicit
2760 1181 2788 1238 ?

2236 1273 2334 1328 Sed
2359 1289 2504 1343 pura
2530 1272 2804 1342 fragilitas
2833 1277 2881 1326 et
2905 1269 3130 1342 simplex
3149 1269 3488 1342 parcimonia
3515 1272 3804 1342 respondet
3832 1294 3846 1330 :

2304 1363 2482 1418 Unum
2536 1361 2732 1416 horum
2794 1378 2914 1434 quae
2968 1359 3128 1429 dicis,
3181 1374 3374 1415 verum
3421 1367 3527 1416 est.
3576 1359 3717 1416 Nam
3777 1378 3851 1417 ne

2233 1450 2400 1507 homo
2443 1451 2586 1506 fame
2636 1450 2859 1523 periret,
2890 1452 3079 1507 omnia
3114 1451 3262 1505 Deus
3308 1449 3377 1504 ad
3423 1465 3576 1504 esum
3629 1450 3850 1505 munda

2232 1541 2481 1597 creavit:
2515 1540 2608 1596 sed
2654 1557 2723 1597 ne
2776 1539 3102 1598 comedendi
3152 1554 3464 1594 mensuram
3520 1538 3846 1607 excederet,

2231 1629 2617 1686 abstinentiam
2648 1622 2943 1702 imperavit
2975 1630 3130 1698 (Gen.
3166 1645 3227 1696 II,
3265 1627 3350 1696 16,
3381 1628 3493 1696 17).
3529 1628 3666 1684 Nam
3693 1629 3850 1684 inter

2231 1727 2426 1775 caetera
2463 1734 2559 1774 sua
2589 1719 2731 1774 mala
2776 1718 3066 1775 saturitate
3098 1716 3337 1773 Sodoma
3364 1717 3550 1788 periit,
3590 1717 3847 1772 Domino

2230 1816 2542 1876 attestante,
2565 1809 2658 1881 qui
2689 1807 2756 1863 de
2776 1808 3077 1863 Jerusalem
3099 1821 3196 1878 per
3215 1805 3537 1878 prophetam
3557 1805 3844 1878 loquitur,

2231 1898 2420 1954 dicens
2455 1917 2465 1954 :
2514 1922 2532 1944 ε
2580 1898 2707 1954 Hzec
2746 1896 3011 1969 iniquitas
3049 1895 3414 1952 Sodomorum
3453 1894 3660 1950 sororis
3702 1902 3842 1961 ture,

2229 1987 2486 2059 superbia
2533 1986 2590 2042 in
2639 1987 2924 2043 saturitate
2969 2001 3172 2058 panum
3225 1985 3442 2054 (Ezeeh.
3493 2001 3612 2053 xvi,
3645 1983 3772 2055 49).
3813 2012 3832 2034 ι

2227 2075 2571 2149 Quapropter
2598 2077 2742 2133 sicut
2770 2092 2910 2149 aeger
2935 2076 3002 2132 ad
3031 2074 3384 2143 medicinam,
3403 2074 3482 2130 sic
3509 2073 3578 2129 ad
3607 2089 3844 2129 sumen-

2228 2164 2325 2221 das
2367 2166 2531 2238 dapes
2567 2165 2798 2238 quisque
2831 2164 2990 2222 debet
3019 2164 3299 2232 accedere,
3338 2179 3450 2219 non
3480 2164 3841 2236 voluptatem

2229 2254 2284 2309 in
2303 2256 2416 2311 illis
2430 2256 2805 2328 appetens,sed
2829 2253 3141 2312 necessitati
3163 2253 3672 2310 satisfaciens.Hinc
3688 2254 3842 2308 veri-

2227 2353 2306 2401 tas
2325 2347 2791 2418 perEvangelium
2816 2345 3032 2402 monuit
3055 2363 3068 2400 :
3107 2369 3126 2392 ι
3146 2342 3843 2416 Attendite,inquit,vobis

2227 2450 2296 2488 ne
2330 2434 2466 2490 forte
2498 2442 2798 2506 graventur
2825 2433 2990 2491 corda
3023 2442 3200 2488 vestra
3229 2434 3287 2488 in
3317 2433 3540 2505 crapula
3566 2439 3620 2488 et
3649 2431 3843 2487 ebrie-

2223 2529 2332 2578 tate
2378 2523 2526 2594 (Luc.
2559 2539 2680 2591 xxr,
2712 2522 2827 2593 34).
2875 2546 2892 2568 ι
2939 2521 3182 2577 Econtra
3225 2537 3358 2576 vero
3403 2521 3470 2577 de
3514 2520 3838 2576 insatiabili

2222 2612 2534 2684 aliquorum
2561 2611 2863 2666 voracitate
2891 2609 3185 2681 Apostolus
3209 2607 3348 2664 dicit
3380 2626 3392 2663 :
3434 2631 3453 2655 ι
3485 2607 3652 2663 Multi
3677 2610 3839 2664 enim

2223 2701 2530 2766 ambulant,
2562 2717 2698 2772 quos
2740 2715 2880 2771 saepe
2925 2697 3172 2755 dicebam
3216 2696 3397 2761 vobis,
3429 2712 3581 2752 nunc
3613 2713 3752 2754 vero
3783 2706 3844 2753 et

2223 2790 2358 2845 ﬂens
2409 2789 2554 2858 dico,
2603 2788 2860 2846 inimicos
2904 2786 3080 2844 crucis
3132 2785 3360 2853 Christi,
3405 2801 3646 2857 quorum
3699 2787 3842 2844 ﬁnis

2224 2878 2501 2948 interitus,
2530 2895 2763 2952 quorum
2808 2879 2952 2933 Deus
2982 2885 3175 2932 venter
3205 2883 3305 2942 est,
3338 2881 3393 2931 et
3423 2875 3597 2947 gloria
3620 2875 3683 2931 in
3715 2894 3840 2949 pu—

2221 2969 2415 3025 dendis
2441 2970 2682 3040 ipsorum
2717 2966 2813 3040 qui
2842 2974 3058 3022 terrena
3085 2965 3309 3036 sapiunt
3331 2964 3592 3036 (Philipp.
3615 2983 3702 3035 m,
3738 2969 3834 3036 18,

2225 3060 2335 3131 19).
2388 3085 2405 3106 ι
2462 3061 2533 3115 Et
2577 3059 2756 3114 alibi:
2806 3083 2824 3106 ι
2872 3058 3010 3114 Esca
3043 3056 3244 3124 ventri,
3278 3063 3332 3112 et
3379 3064 3572 3112 venter
3611 3057 3758 3113 escis
3819 3077 3832 3114 :

2221 3150 2365 3204 Deus
2384 3157 2566 3204 autem
2595 3158 2649 3205 et
2677 3147 2827 3204 hunc
2853 3155 2908 3203 et
2933 3147 3031 3202 has
3061 3146 3304 3202 destruet
3332 3146 3390 3216 (Ι
3408 3145 3533 3202 Cor.
3556 3161 3636 3214 vr,
3666 3145 3819 3219 I3).-

2149 3221 2192 3281 C
2224 3236 2472 3310 Denique
2501 3237 2642 3292 hanc
2666 3236 2841 3291 labem
2864 3235 3183 3307 ventrisque
3214 3234 3518 3307 ingluviem
3541 3234 3636 3290 ille
3659 3236 3835 3306 plene

2224 3326 2419 3395 eludit,
2451 3326 2545 3399 qui
2592 3326 2649 3381 in
2693 3325 2976 3382 sumendis
3005 3323 3236 3396 dapibus
3276 3341 3389 3379 non
3432 3324 3612 3380 solum
3647 3325 3836 3396 parci-

2225 3415 2466 3470 moniam
2498 3415 2760 3484 custodit,
2791 3415 2896 3471 hoc
2924 3421 3024 3482 est,
3065 3412 3420 3469 refectionem
3458 3429 3676 3486 semper
3706 3430 3839 3468 esu-

2225 3505 2374 3561 riens
2401 3513 2769 3573 consummat,
2800 3521 2993 3560 verum
3039 3503 3208 3559 etiam
3247 3503 3612 3559 accuratiores
3655 3503 3837 3559 simul

2225 3602 2278 3650 et
2324 3595 2604 3650 suaviores
2641 3595 2851 3665 epulas,
2883 3601 3111 3664 excepta
3136 3592 3382 3666 corporis
3410 3591 3742 3650 necessitate
3780 3601 3837 3649 et

2226 3683 2508 3755 hospitum
2537 3683 2907 3756 susceptione,
2937 3683 3263 3758 contemnit.

2812 3806 3039 3866 CAPUT
3080 3805 3235 3864 XXI.

2705 3909 2889 3980 Inepta
2931 3907 3113 3962 lwtitia
3149 3906 3281 3962 dicit
3318 3923 3338 3962 .-

2297 4015 2369 4071 Ut
2413 4013 2548 4088 quid
2591 4013 2764 4069 animi
2795 4013 3060 4086 gaudium
3092 4014 3246 4070 intus
3287 4013 3626 4074 abscondis?
3663 4017 3835 4092 Egre-

2228 4103 2354 4160 dere
2401 4103 2460 4158 in
2503 4102 2786 4174 publicum
2833 4103 2991 4159 laetus
3035 4122 3047 4159 :
3099 4103 3192 4161 dic
3238 4103 3451 4178 aliquid
3498 4105 3637 4163 foris
3684 4108 3836 4164 unde

2228 4194 2316 4247 vel
2355 4202 2415 4248 tu
2460 4192 2548 4247 vel
2594 4191 2836 4264 proximi
2887 4191 3103 4248 rideant
3163 4209 3176 4248 :
3233 4191 3320 4250 fac
3375 4209 3473 4251 eos
3529 4195 3684 4252 laetos
3739 4204 3837 4252 tua

2230 4281 2446 4337 laetitia.

2231 4381 2330 4437 Sed
2348 4381 2556 4452 sapiens
2573 4379 2847 4452 gaudium,
2867 4380 3269 4451 moderatuqu
3291 4398 3490 4438 mceror
3505 4383 3791 4454 respondet
3817 4401 3829 4439 :

2300 4480 2454 4535 Unde
2490 4479 2594 4535 tibi
2633 4486 2784 4535 tanta
2829 4480 3102 4552 contingit
3137 4480 3332 4537 laetitia
3355 4481 3382 4536 ?
3409 4480 3835 4553 Numquidnam

531 4599 710 4639 moras
739 4583 1006 4648 inﬂectas,
1036 4581 1149 4654 jam
1181 4582 1355 4638 habeo
1387 4581 1644 4654 inquiens
1672 4580 1817 4653 quod
1864 4581 1964 4636 tibi
2012 4581 2121 4636 ιιιί-
2149 4583 2202 4641 ι),
2228 4568 2508 4626 diabolum
2540 4569 2772 4627 vicisti?
2804 4571 3215 4644 Numquidnam
3248 4588 3436 4644 pmnas
3461 4571 3669 4627 inferni
3703 4589 3833 4628 eva-

529 4675 696 4732 huere
727 4692 945 4747 possum
986 4693 997 4730 :
1031 4676 1214 4730 celans
1245 4676 1434 4746 utique
1477 4673 1534 4728 in
1571 4674 1733 4729 corde
1759 4671 1905 4745 quod
1935 4670 2122 4739 habes,

531 4765 616 4819 vel
650 4773 710 4820 ut
737 4764 839 4821 tibi
868 4781 1176 4833 conserves,
1208 4764 1296 4820 vel
1326 4770 1388 4818 ut
1435 4761 1553 4831 alii,
1583 4763 1630 4818 si
1665 4763 1922 4819 voluntas
1958 4759 2121 4828 inest,

528 4853 760 4910 tribuas.

1052 4926 1384 4983 Mendacium
1425 4923 1554 4979 dicit
1583 4941 1601 4979 :

602 5016 842 5073 Omnino
871 5015 1017 5089 quod
1047 5019 1289 5088 postulas
1321 5033 1432 5072 non
1467 5016 1642 5073 habeo
1676 5015 1831 5087 (licet
1860 5012 1999 5069 illud
2028 5012 2119 5068 ha-

527 5103 699 5176 beat).
731 5106 852 5161 Non
903 5122 1030 5177 ergo
1077 5107 1376 5162 artificioso
1431 5106 1650 5178 ingenio
1697 5104 1840 5160 sicut
1883 5102 2118 5170 fallacia,

527 5196 618 5253 sed
649 5195 888 5268 simplici
919 5198 1225 5270 negationis
1250 5198 1418 5254 verbo
1439 5197 1785 5254 mendacium
1807 5202 2119 5266 poscentem

524 5286 844 5344 frustratur.

785 5378 887 5434 Sed
917 5377 1108 5432 veritas
1135 5378 1208 5432 ad
1234 5383 1514 5446 utrumque
1541 5375 1815 5446 respondet
1847 5390 1858 5429 :

593 5469 704 5524 Nec
728 5467 1028 5524 artiﬁcioso
1049 5467 1291 5539 ingenio,
1318 5481 1422 5522 nec
1443 5465 1682 5538 simplici
1714 5464 1880 5520 verbo
1905 5468 2121 5535 oportet

523 5555 772 5627 decipere
793 5556 1305 5630 quemquam,quia
1337 5555 1583 5628 quolibet
1609 5555 1742 5610 artis
1772 5555 1937 5611 modo
1972 5569 2120 5609 men-

521 5644 692 5700 tiatur
720 5647 861 5717 quis,
905 5656 1126 5718 peccat;
1177 5647 1447 5718 scriptum
1479 5654 1561 5701 est
1589 5646 1735 5702 enim
1770 5663 1782 5701 ε
1832 5672 1849 5693 ι
1871 5646 1944 5700 Os
1973 5641 2120 5715 quod

521 5732 808 5802 mentitur,
855 5735 1059 5791 occidit
1104 5735 1342 5791 animam
1395 5735 1547 5806 (Sap.
1595 5753 1635 5804 1,
1670 5734 1781 5805 11).
1815 5760 1833 5783 ι
1891 5735 2121 5804 Insuper

2234 4659 2402 4716 sisti?
2429 4660 2838 4734 Numquidnam
2885 4661 2952 4717 de
2998 4662 3194 4718 exsilio
3241 4663 3310 4718 ad
3352 4663 3583 4735 patriam
3624 4679 3838 4734 perve-

2233 4750 2408 4806 nisti?
2447 4749 2856 4822 Numquidnam
2903 4750 2971 4806 de
3013 4759 3108 4806 tua
3158 4751 3428 4808 electione
3469 4753 3834 4809 securitatem

2230 4840 2469 4913 aliquam
2512 4839 2816 4912 accepisti?
2871 4841 2958 4895 An
3005 4839 3146 4896 forte
3199 4841 3257 4895 in
3315 4840 3664 4896 oblivionem
3728 4843 3833 4898 tibi

2232 4931 2384 4984 venit
2405 4929 2551 5002 quod
2579 4929 2848 4985 Dominus
2877 4927 3015 4985 dicit
3044 4946 3057 4984 :
3103 4953 3122 4976 ι
3149 4929 3388 4985 Mundus
3417 4928 3700 5001 gaudebit,
3737 4947 3837 4986 vos

2229 5036 2360 5076 vero
2390 5017 2975 5084 contristabimini,sed
3011 5018 3239 5075 tristitia
3274 5027 3458 5074 vestra
3489 5029 3750 5076 vertetur
3778 5022 3835 5076 in

2229 5108 2487 5180 gaudium
2517 5109 2697 5176 (Joan.
2738 5125 2858 5177 xvr,
2885 5108 2976 5181 20)
3001 5109 3028 5165 ?
3058 5134 3076 5157 ›
3117 5113 3200 5165 An
3243 5109 3385 5166 forte
3413 5111 3594 5166 amico
3624 5111 3838 5168 excidit

2228 5197 2373 5270 quod
2403 5196 2546 5253 idem
2575 5197 2708 5253 alibi
2744 5197 2880 5254 dicit
2914 5215 2926 5254 :
2977 5223 2996 5246 ι
3017 5199 3113 5256 Vae
3134 5199 3294 5256 vobis
3315 5199 3411 5272 qui
3444 5198 3640 5256 ridetis
3663 5217 3836 5268 nunc,

2229 5287 2357 5360 quia
2404 5287 2662 5358 lugebitis
2709 5295 2764 5342 et
2807 5286 3015 5343 ﬂebitis
3049 5288 3201 5361 (Luc.
3235 5306 3316 5358 v1,
3345 5289 3439 5361 25)
3468 5288 3496 5344 ?
3522 5313 3542 5336 ι
3584 5289 3661 5344 Et
3689 5291 3838 5364 quod

2229 5392 2323 5448 per
2360 5385 2611 5432 sanctum
2661 5375 3009 5433 Salomonem
3059 5377 3314 5434 dicitur:
3379 5404 3397 5426 ε
3439 5379 3603 5435 Risus
3647 5379 3839 5436 dolore

2229 5463 2571 5533 miscebitur,
2589 5473 2834 5521 extrema
2855 5473 3039 5521 autem
3075 5465 3262 5538 gaudii
3289 5467 3348 5522 in
3381 5469 3593 5525 luctum
3627 5471 3840 5526 vadunt

2232 5555 2419 5627 (Prov.
2451 5571 2568 5624 xxv,
2605 5553 2693 5627 13)
2713 5556 2741 5611 ?
2763 5581 2780 5603 ι
2825 5556 2896 5610 Et
2917 5562 3142 5612 econtra
3171 5556 3320 5630 quod
3339 5574 3438 5629 per
3464 5559 3835 5632 Evangelium

2227 5643 2457 5702 docetur
2490 5663 2502 5700 :
2561 5670 2578 5692 ι
2610 5645 2762 5701 Beati
2812 5646 2907 5718 qui
2959 5646 3170 5718 lugent,
3203 5647 3463 5720 quoniam
3507 5649 3615 5721 ipsi
3645 5667 3834 5706 conso-

2226 5733 2487 5790 labuntur
2520 5735 2733 5804 (Matth.
2757 5752 2813 5802 ν,
2843 5734 2899 5806 5)
2929 5735 2957 5792 ?
2975 5760 2990 5782 ι
3015 5737 3369 5810 Rursumque
3399 5737 3547 5809 quod
3570 5754 3671 5810 per
3691 5739 3833 5797 Salo-
