  <div class='ocr_page' id='page_1' title='image "/cluster/home/n/w/nwhite01/storage/ocr_20150623/17/umn.31951002477311b/590.png"; bbox 0 0 3940 6380; ppageno 0'>
   <div class='ocr_carea' id='block_1_1' title="bbox 77 380 213 451">
    <p class='ocr_par' dir='ltr' id='par_1_1' title="bbox 77 380 213 451">
     <span class='ocr_line' id='line_1_1' title="bbox 77 380 213 451; baseline -0.022 0"><span class='ocrx_word' id='word_1_1' title='bbox 77 380 213 451; x_wconf 68' lang='lat'><strong>1165</strong></span> 
     </span>
    </p>
   </div>
   <div class='ocr_carea' id='block_1_2' title="bbox 983 380 2462 463">
    <p class='ocr_par' dir='ltr' id='par_1_2' title="bbox 983 380 2462 463">
     <span class='ocr_line' id='line_1_2' title="bbox 983 380 2462 463; baseline 0.001 -13"><span class='ocrx_word' id='word_1_2' title='bbox 983 382 1080 450; x_wconf 85' lang='lat' dir='ltr'><strong>DE</strong></span> <span class='ocrx_word' id='word_1_3' title='bbox 1116 384 1461 453; x_wconf 77' lang='lat' dir='ltr'><strong>VITIORUM</strong></span> <span class='ocrx_word' id='word_1_4' title='bbox 1500 380 2009 463; x_wconf 85' lang='lat' dir='ltr'><strong>VIBTUTUMQUE</strong></span> <span class='ocrx_word' id='word_1_5' title='bbox 2051 384 2462 453; x_wconf 86' lang='lat' dir='ltr'><strong>CONFLICTU.</strong></span> 
     </span>
    </p>
   </div>
   <div class='ocr_carea' id='block_1_3' title="bbox 3241 384 3379 457">
    <p class='ocr_par' dir='ltr' id='par_1_3' title="bbox 3241 384 3379 457">
     <span class='ocr_line' id='line_1_3' title="bbox 3241 384 3379 457; baseline -0.007 -2"><span class='ocrx_word' id='word_1_6' title='bbox 3241 384 3379 457; x_wconf 79' lang='grc'>1166</span> 
     </span>
    </p>
   </div>
   <div class='ocr_carea' id='block_1_4' title="bbox 74 514 3380 597">
    <p class='ocr_par' dir='ltr' id='par_1_4' title="bbox 74 514 3380 597">
     <span class='ocr_line' id='line_1_4' title="bbox 74 514 3380 597; baseline 0.002 -23"><span class='ocrx_word' id='word_1_7' title='bbox 74 533 288 575; x_wconf 91' lang='lat' dir='ltr'><strong>monem</strong></span> <span class='ocrx_word' id='word_1_8' title='bbox 325 514 577 575; x_wconf 89' lang='lat' dir='ltr'><strong>dicitur:</strong></span> <span class='ocrx_word' id='word_1_9' title='bbox 631 541 652 565; x_wconf 77' lang='grc' dir='ltr'>ι</span> <span class='ocrx_word' id='word_1_10' title='bbox 700 515 974 585; x_wconf 83' lang='lat' dir='ltr'><strong>Quoniam</strong></span> <span class='ocrx_word' id='word_1_11' title='bbox 1014 516 1151 590; x_wconf 87' lang='lat' dir='ltr'><strong>justi</strong></span> <span class='ocrx_word' id='word_1_12' title='bbox 1197 526 1253 576; x_wconf 91' lang='lat' dir='ltr'><strong>et</strong></span> <span class='ocrx_word' id='word_1_13' title='bbox 1286 520 1583 592; x_wconf 79' lang='lat' dir='ltr'><strong>sapientes,</strong></span> <span class='ocrx_word' id='word_1_14' title='bbox 1615 526 1670 575; x_wconf 92' lang='lat' dir='ltr'><strong>et</strong></span> <span class='ocrx_word' id='word_1_15' title='bbox 1700 523 1748 582; x_wconf 81' lang='grc' dir='ltr'><strong>Α</strong></span> <span class='ocrx_word' id='word_1_16' title='bbox 1778 527 1861 576; x_wconf 88' lang='lat' dir='ltr'><strong>est</strong></span> <span class='ocrx_word' id='word_1_17' title='bbox 1898 536 1911 575; x_wconf 94' lang='lat'><strong>:</strong></span> <span class='ocrx_word' id='word_1_18' title='bbox 1941 521 2036 592; x_wconf 87' lang='lat' dir='ltr'><strong>qui</strong></span> <span class='ocrx_word' id='word_1_19' title='bbox 2065 529 2245 577; x_wconf 90' lang='lat' dir='ltr'><strong>autem</strong></span> <span class='ocrx_word' id='word_1_20' title='bbox 2278 521 2603 590; x_wconf 82' lang='lat' dir='ltr'><strong>fornicatur,</strong></span> <span class='ocrx_word' id='word_1_21' title='bbox 2646 522 2703 578; x_wconf 91' lang='lat' dir='ltr'><strong>in</strong></span> <span class='ocrx_word' id='word_1_22' title='bbox 2747 539 2943 596; x_wconf 90' lang='lat' dir='ltr'><strong>corpus</strong></span> <span class='ocrx_word' id='word_1_23' title='bbox 2980 539 3140 579; x_wconf 90' lang='lat' dir='ltr'><strong>suum</strong></span> <span class='ocrx_word' id='word_1_24' title='bbox 3192 532 3380 597; x_wconf 85' lang='lat' dir='ltr'><strong>peccat</strong></span> 
     </span>
    </p>
   </div>
   <div class='ocr_carea' id='block_1_5' title="bbox 75 605 1670 678">
    <p class='ocr_par' dir='ltr' id='par_1_5' title="bbox 75 605 1670 678">
     <span class='ocr_line' id='line_1_5' title="bbox 75 605 1670 678; baseline 0.002 -16"><span class='ocrx_word' id='word_1_25' title='bbox 75 621 233 678; x_wconf 88' lang='lat' dir='ltr'><strong>opera</strong></span> <span class='ocrx_word' id='word_1_26' title='bbox 261 621 450 662; x_wconf 88' lang='lat' dir='ltr'><strong>eorum</strong></span> <span class='ocrx_word' id='word_1_27' title='bbox 491 605 551 661; x_wconf 93' lang='lat' dir='ltr'><strong>in</strong></span> <span class='ocrx_word' id='word_1_28' title='bbox 581 621 748 662; x_wconf 89' lang='lat' dir='ltr'><strong>manu</strong></span> <span class='ocrx_word' id='word_1_29' title='bbox 775 607 915 675; x_wconf 89' lang='lat' dir='ltr'><strong>Dei;</strong></span> <span class='ocrx_word' id='word_1_30' title='bbox 965 615 1021 663; x_wconf 89' lang='lat' dir='ltr'><strong>et</strong></span> <span class='ocrx_word' id='word_1_31' title='bbox 1060 608 1237 664; x_wconf 85' lang='lat' dir='ltr'><strong>nescit</strong></span> <span class='ocrx_word' id='word_1_32' title='bbox 1278 606 1446 665; x_wconf 92' lang='lat' dir='ltr'><strong>homo</strong></span> <span class='ocrx_word' id='word_1_33' title='bbox 1485 617 1670 665; x_wconf 89' lang='lat' dir='ltr'><strong>utrum</strong></span> 
     </span>
    </p>
   </div>
   <div class='ocr_carea' id='block_1_6' title="bbox 75 693 1670 769">
    <p class='ocr_par' dir='ltr' id='par_1_6' title="bbox 75 693 1670 769">
     <span class='ocr_line' id='line_1_6' title="bbox 75 693 1670 769; baseline 0.003 -20"><span class='ocrx_word' id='word_1_34' title='bbox 75 709 255 750; x_wconf 85' lang='lat' dir='ltr'><strong>amore</strong></span> <span class='ocrx_word' id='word_1_35' title='bbox 282 695 368 751; x_wconf 90' lang='lat' dir='ltr'><strong>vel</strong></span> <span class='ocrx_word' id='word_1_36' title='bbox 400 694 530 752; x_wconf 86' lang='lat' dir='ltr'><strong>odio</strong></span> <span class='ocrx_word' id='word_1_37' title='bbox 558 693 757 769; x_wconf 88' lang='lat' dir='ltr'><strong>dignus</strong></span> <span class='ocrx_word' id='word_1_38' title='bbox 784 696 876 765; x_wconf 86' lang='lat' dir='ltr'><strong>sit,</strong></span> <span class='ocrx_word' id='word_1_39' title='bbox 922 695 1021 753; x_wconf 89' lang='lat' dir='ltr'><strong>sed</strong></span> <span class='ocrx_word' id='word_1_40' title='bbox 1068 698 1257 753; x_wconf 83' lang='lat' dir='ltr'><strong>omnia</strong></span> <span class='ocrx_word' id='word_1_41' title='bbox 1302 697 1361 753; x_wconf 93' lang='lat' dir='ltr'><strong>in</strong></span> <span class='ocrx_word' id='word_1_42' title='bbox 1417 697 1670 754; x_wconf 85' lang='lat' dir='ltr'><strong>futurum</strong></span> 
     </span>
    </p>
   </div>
   <div class='ocr_carea' id='block_1_7' title="bbox 75 785 1672 861">
    <p class='ocr_par' dir='ltr' id='par_1_7' title="bbox 75 785 1672 861">
     <span class='ocr_line' id='line_1_7' title="bbox 75 785 1672 861; baseline 0.002 -20"><span class='ocrx_word' id='word_1_43' title='bbox 75 793 421 841; x_wconf 79' lang='lat' dir='ltr'><strong>reservantur</strong></span> <span class='ocrx_word' id='word_1_44' title='bbox 448 785 661 842; x_wconf 88' lang='lat' dir='ltr'><strong>incerta</strong></span> <span class='ocrx_word' id='word_1_45' title='bbox 691 788 887 855; x_wconf 86' lang='lat' dir='ltr'><strong>(Eccle.</strong></span> <span class='ocrx_word' id='word_1_46' title='bbox 922 804 1000 855; x_wconf 86' lang='lat' dir='ltr'><strong>1x,</strong></span> <span class='ocrx_word' id='word_1_47' title='bbox 1034 788 1111 860; x_wconf 82' lang='lat' dir='ltr'><strong>I).</strong></span> <span class='ocrx_word' id='word_1_48' title='bbox 1141 812 1159 835; x_wconf 76' lang='grc' dir='ltr'><strong><em>ι</em></strong></span> <span class='ocrx_word' id='word_1_49' title='bbox 1203 787 1516 861; x_wconf 84' lang='lat' dir='ltr'><strong>Comprime</strong></span> <span class='ocrx_word' id='word_1_50' title='bbox 1545 805 1672 861; x_wconf 90' lang='lat' dir='ltr'><strong>ergo</strong></span> 
     </span>
    </p>
   </div>
   <div class='ocr_carea' id='block_1_8' title="bbox 76 874 1671 955">
    <p class='ocr_par' dir='ltr' id='par_1_8' title="bbox 76 874 1671 955">
     <span class='ocr_line' id='line_1_8' title="bbox 76 874 1671 955; baseline 0.001 -23"><span class='ocrx_word' id='word_1_51' title='bbox 76 874 290 932; x_wconf 88' lang='lat' dir='ltr'><strong>inanem</strong></span> <span class='ocrx_word' id='word_1_52' title='bbox 343 874 618 945; x_wconf 61' lang='lat' dir='ltr'><strong>laetitiam,</strong></span> <span class='ocrx_word' id='word_1_53' title='bbox 675 875 805 949; x_wconf 82' lang='lat' dir='ltr'><strong>quia</strong></span> <span class='ocrx_word' id='word_1_54' title='bbox 853 875 1092 934; x_wconf 91' lang='lat' dir='ltr'><strong>necdum</strong></span> <span class='ocrx_word' id='word_1_55' title='bbox 1132 877 1355 955; x_wconf 77' lang='lat' dir='ltr'><strong>evasisti</strong></span> <span class='ocrx_word' id='word_1_56' title='bbox 1400 878 1671 950; x_wconf 76' lang='lat' dir='ltr'><strong>pmnalem</strong></span> 
     </span>
    </p>
   </div>
   <div class='ocr_carea' id='block_1_9' title="bbox 75 962 1674 1036">
    <p class='ocr_par' dir='ltr' id='par_1_9' title="bbox 75 962 1674 1036">
     <span class='ocr_line' id='line_1_9' title="bbox 75 962 1674 1036; baseline 0.001 -18"><span class='ocrx_word' id='word_1_57' title='bbox 75 978 396 1019; x_wconf 78' lang='lat' dir='ltr'><strong>aerumnam.</strong></span> <span class='ocrx_word' id='word_1_58' title='bbox 427 963 623 1020; x_wconf 83' lang='lat' dir='ltr'><strong>Nonne</strong></span> <span class='ocrx_word' id='word_1_59' title='bbox 669 962 816 1036; x_wconf 82' lang='lat' dir='ltr'><strong>apud</strong></span> <span class='ocrx_word' id='word_1_60' title='bbox 854 963 1112 1021; x_wconf 83' lang='lat' dir='ltr'><strong>homines</strong></span> <span class='ocrx_word' id='word_1_61' title='bbox 1153 964 1380 1021; x_wconf 90' lang='lat' dir='ltr'><strong>insanus</strong></span> <span class='ocrx_word' id='word_1_62' title='bbox 1423 966 1471 1022; x_wconf 89' lang='lat' dir='ltr'><strong>is</strong></span> <span class='ocrx_word' id='word_1_63' title='bbox 1515 965 1674 1021; x_wconf 69' lang='lat' dir='ltr'><strong>aesti-</strong></span> 
     </span>
    </p>
   </div>
   <div class='ocr_carea' id='block_1_10' title="bbox 76 1051 1674 1128">
    <p class='ocr_par' dir='ltr' id='par_1_10' title="bbox 76 1051 1674 1128">
     <span class='ocr_line' id='line_1_10' title="bbox 76 1051 1674 1128; baseline 0.002 -21"><span class='ocrx_word' id='word_1_64' title='bbox 76 1058 275 1121; x_wconf 88' lang='lat' dir='ltr'><strong>matur,</strong></span> <span class='ocrx_word' id='word_1_65' title='bbox 329 1051 427 1126; x_wconf 86' lang='lat' dir='ltr'><strong>qui</strong></span> <span class='ocrx_word' id='word_1_66' title='bbox 482 1052 851 1111; x_wconf 86' lang='lat' dir='ltr'><strong>carceralibus</strong></span> <span class='ocrx_word' id='word_1_67' title='bbox 902 1054 1149 1111; x_wconf 85' lang='lat' dir='ltr'><strong>tenebris</strong></span> <span class='ocrx_word' id='word_1_68' title='bbox 1180 1055 1412 1128; x_wconf 89' lang='lat' dir='ltr'><strong>gaudere</strong></span> <span class='ocrx_word' id='word_1_69' title='bbox 1443 1063 1674 1112; x_wconf 88' lang='lat' dir='ltr'><strong>conatur</strong></span> 
     </span>
    </p>
   </div>
   <div class='ocr_carea' id='block_1_11' title="bbox 75 1141 371 1200">
    <p class='ocr_par' dir='ltr' id='par_1_11' title="bbox 75 1141 371 1200">
     <span class='ocr_line' id='line_1_11' title="bbox 75 1141 371 1200; baseline 0.007 -2"><span class='ocrx_word' id='word_1_70' title='bbox 75 1142 322 1199; x_wconf 88' lang='lat' dir='ltr'><strong>reclusus</strong></span> <span class='ocrx_word' id='word_1_71' title='bbox 343 1141 371 1200; x_wconf 81' lang='lat'><strong>?</strong></span> 
     </span>
    </p>
   </div>
   <div class='ocr_carea' id='block_1_12' title="bbox 644 1247 1095 1306">
    <p class='ocr_par' dir='ltr' id='par_1_12' title="bbox 644 1247 1095 1306">
     <span class='ocr_line' id='line_1_12' title="bbox 644 1247 1095 1306; baseline 0.002 -1"><span class='ocrx_word' id='word_1_72' title='bbox 644 1247 874 1305; x_wconf 85' lang='lat' dir='ltr'><strong>CAPUT</strong></span> <span class='ocrx_word' id='word_1_73' title='bbox 914 1249 1095 1306; x_wconf 84' lang='lat' dir='ltr'><strong>XXII.</strong></span> 
     </span>
    </p>
   </div>
   <div class='ocr_carea' id='block_1_13' title="bbox 583 1339 1182 1410">
    <p class='ocr_par' dir='ltr' id='par_1_13' title="bbox 583 1339 1182 1410">
     <span class='ocr_line' id='line_1_13' title="bbox 583 1339 1182 1410; baseline -0.003 -14"><span class='ocrx_word' id='word_1_74' title='bbox 583 1339 985 1410; x_wconf 81' lang='lat' dir='ltr'><strong>Muttiloquium</strong></span> <span class='ocrx_word' id='word_1_75' title='bbox 1013 1339 1182 1395; x_wconf 92' lang='lat' dir='ltr'><strong>dicit:</strong></span> 
     </span>
    </p>
   </div>
   <div class='ocr_carea' id='block_1_14' title="bbox 140 1444 1676 1521">
    <p class='ocr_par' dir='ltr' id='par_1_14' title="bbox 140 1444 1676 1521">
     <span class='ocr_line' id='line_1_14' title="bbox 140 1444 1676 1521; baseline -0.001 -18"><span class='ocrx_word' id='word_1_76' title='bbox 140 1445 263 1503; x_wconf 86' lang='lat' dir='ltr'><strong>Non</strong></span> <span class='ocrx_word' id='word_1_77' title='bbox 297 1444 391 1503; x_wconf 92' lang='lat' dir='ltr'><strong>ille</strong></span> <span class='ocrx_word' id='word_1_78' title='bbox 422 1460 551 1501; x_wconf 89' lang='lat' dir='ltr'><strong>reus</strong></span> <span class='ocrx_word' id='word_1_79' title='bbox 577 1444 873 1502; x_wconf 85' lang='lat' dir='ltr'><strong>habebitur</strong></span> <span class='ocrx_word' id='word_1_80' title='bbox 915 1444 1188 1515; x_wconf 85' lang='lat' dir='ltr'><strong>criminis,</strong></span> <span class='ocrx_word' id='word_1_81' title='bbox 1221 1445 1315 1521; x_wconf 90' lang='lat' dir='ltr'><strong>qui</strong></span> <span class='ocrx_word' id='word_1_82' title='bbox 1348 1448 1507 1519; x_wconf 88' lang='lat' dir='ltr'><strong>plura</strong></span> <span class='ocrx_word' id='word_1_83' title='bbox 1541 1444 1676 1519; x_wconf 88' lang='lat' dir='ltr'><strong>qui-</strong></span> 
     </span>
    </p>
   </div>
   <div class='ocr_carea' id='block_1_15' title="bbox 76 1534 1673 1610">
    <p class='ocr_par' dir='ltr' id='par_1_15' title="bbox 76 1534 1673 1610">
     <span class='ocr_line' id='line_1_15' title="bbox 76 1534 1673 1610; baseline 0.001 -18"><span class='ocrx_word' id='word_1_84' title='bbox 76 1535 217 1604; x_wconf 90' lang='lat' dir='ltr'><strong>dem,</strong></span> <span class='ocrx_word' id='word_1_85' title='bbox 251 1535 347 1592; x_wconf 90' lang='lat' dir='ltr'><strong>sed</strong></span> <span class='ocrx_word' id='word_1_86' title='bbox 375 1535 524 1592; x_wconf 90' lang='lat' dir='ltr'><strong>bona</strong></span> <span class='ocrx_word' id='word_1_87' title='bbox 552 1534 804 1609; x_wconf 90' lang='lat' dir='ltr'><strong>loquitur</strong></span> <span class='ocrx_word' id='word_1_88' title='bbox 836 1553 848 1592; x_wconf 93' lang='lat'><strong>:</strong></span> <span class='ocrx_word' id='word_1_89' title='bbox 889 1534 984 1593; x_wconf 90' lang='lat' dir='ltr'><strong>sed</strong></span> <span class='ocrx_word' id='word_1_90' title='bbox 1014 1536 1110 1593; x_wconf 91' lang='lat' dir='ltr'><strong>ille</strong></span> <span class='ocrx_word' id='word_1_91' title='bbox 1139 1537 1256 1610; x_wconf 89' lang='lat' dir='ltr'><strong>qui,</strong></span> <span class='ocrx_word' id='word_1_92' title='bbox 1305 1536 1435 1596; x_wconf 87' lang='lat' dir='ltr'><strong>licet</strong></span> <span class='ocrx_word' id='word_1_93' title='bbox 1482 1553 1673 1609; x_wconf 89' lang='lat' dir='ltr'><strong>pauca,</strong></span> 
     </span>
    </p>
   </div>
   <div class='ocr_carea' id='block_1_16' title="bbox 77 1624 1353 1705">
    <p class='ocr_par' dir='ltr' id='par_1_16' title="bbox 77 1624 1353 1705">
     <span class='ocr_line' id='line_1_16' title="bbox 77 1624 1353 1705; baseline 0 -23"><span class='ocrx_word' id='word_1_94' title='bbox 77 1625 216 1682; x_wconf 88' lang='lat' dir='ltr'><strong>mala</strong></span> <span class='ocrx_word' id='word_1_95' title='bbox 240 1633 429 1681; x_wconf 90' lang='lat' dir='ltr'><strong>tamen</strong></span> <span class='ocrx_word' id='word_1_96' title='bbox 458 1624 642 1682; x_wconf 89' lang='lat' dir='ltr'><strong>dicere</strong></span> <span class='ocrx_word' id='word_1_97' title='bbox 673 1624 954 1698; x_wconf 89' lang='lat' dir='ltr'><strong>probatur.</strong></span> <span class='ocrx_word' id='word_1_98' title='bbox 1348 1700 1353 1705; x_wconf 11' lang='grc' dir='ltr'>ἢ</span> 
     </span>
    </p>
   </div>
   <div class='ocr_carea' id='block_1_17' title="bbox 330 1721 1421 1795">
    <p class='ocr_par' dir='ltr' id='par_1_17' title="bbox 330 1721 1421 1795">
     <span class='ocr_line' id='line_1_17' title="bbox 330 1721 1421 1795; baseline 0.001 -17"><span class='ocrx_word' id='word_1_99' title='bbox 330 1721 436 1778; x_wconf 85' lang='lat' dir='ltr'><strong>Cui</strong></span> <span class='ocrx_word' id='word_1_100' title='bbox 464 1722 710 1795; x_wconf 76' lang='lat' dir='ltr'><strong>prudens</strong></span> <span class='ocrx_word' id='word_1_101' title='bbox 737 1722 1075 1778; x_wconf 79' lang='lat' dir='ltr'><strong>taciturnitas</strong></span> <span class='ocrx_word' id='word_1_102' title='bbox 1104 1723 1380 1795; x_wconf 76' lang='lat' dir='ltr'><strong>respondet</strong></span> <span class='ocrx_word' id='word_1_103' title='bbox 1408 1741 1421 1780; x_wconf 90' lang='lat'><strong>:</strong></span> 
     </span>
    </p>
   </div>
   <div class='ocr_carea' id='block_1_18' title="bbox 141 1819 1676 1896">
    <p class='ocr_par' dir='ltr' id='par_1_18' title="bbox 141 1819 1676 1896">
     <span class='ocr_line' id='line_1_18' title="bbox 141 1819 1676 1896; baseline 0.001 -19"><span class='ocrx_word' id='word_1_104' title='bbox 141 1819 350 1878; x_wconf 82' lang='lat' dir='ltr'><strong>Verum</strong></span> <span class='ocrx_word' id='word_1_105' title='bbox 379 1829 463 1878; x_wconf 89' lang='lat' dir='ltr'><strong>est</strong></span> <span class='ocrx_word' id='word_1_106' title='bbox 490 1822 637 1896; x_wconf 91' lang='lat' dir='ltr'><strong>quod</strong></span> <span class='ocrx_word' id='word_1_107' title='bbox 668 1820 841 1891; x_wconf 90' lang='lat' dir='ltr'><strong>dicis;</strong></span> <span class='ocrx_word' id='word_1_108' title='bbox 873 1820 969 1879; x_wconf 89' lang='lat' dir='ltr'><strong>sed</strong></span> <span class='ocrx_word' id='word_1_109' title='bbox 1001 1822 1131 1878; x_wconf 92' lang='lat' dir='ltr'><strong>dum</strong></span> <span class='ocrx_word' id='word_1_110' title='bbox 1163 1823 1338 1879; x_wconf 90' lang='lat' dir='ltr'><strong>multa</strong></span> <span class='ocrx_word' id='word_1_111' title='bbox 1364 1822 1509 1878; x_wconf 92' lang='lat' dir='ltr'><strong>bona</strong></span> <span class='ocrx_word' id='word_1_112' title='bbox 1536 1838 1676 1895; x_wconf 89' lang='lat' dir='ltr'><strong>pro—</strong></span> 
     </span>
    </p>
   </div>
   <div class='ocr_carea' id='block_1_19' title="bbox 77 1908 1669 1986">
    <p class='ocr_par' dir='ltr' id='par_1_19' title="bbox 77 1908 1669 1986">
     <span class='ocr_line' id='line_1_19' title="bbox 77 1908 1669 1986; baseline 0.002 -21"><span class='ocrx_word' id='word_1_113' title='bbox 77 1908 202 1966; x_wconf 87' lang='lat' dir='ltr'><strong>ferri</strong></span> <span class='ocrx_word' id='word_1_114' title='bbox 250 1910 540 1983; x_wconf 89' lang='lat' dir='ltr'><strong>videntur,</strong></span> <span class='ocrx_word' id='word_1_115' title='bbox 580 1929 721 1986; x_wconf 64' lang='lat' dir='ltr'><strong>saepe</strong></span> <span class='ocrx_word' id='word_1_116' title='bbox 748 1912 1041 1985; x_wconf 88' lang='lat' dir='ltr'><strong>contingit,</strong></span> <span class='ocrx_word' id='word_1_117' title='bbox 1072 1920 1135 1969; x_wconf 92' lang='lat' dir='ltr'><strong>ut</strong></span> <span class='ocrx_word' id='word_1_118' title='bbox 1162 1930 1194 1969; x_wconf 92' lang='lat' dir='ltr'><strong>a</strong></span> <span class='ocrx_word' id='word_1_119' title='bbox 1220 1913 1383 1970; x_wconf 91' lang='lat' dir='ltr'><strong>bonis</strong></span> <span class='ocrx_word' id='word_1_120' title='bbox 1413 1912 1669 1969; x_wconf 87' lang='lat' dir='ltr'><strong>inchoata</strong></span> 
     </span>
    </p>
   </div>
   <div class='ocr_carea' id='block_1_20' title="bbox 75 2001 1665 2077">
    <p class='ocr_par' dir='ltr' id='par_1_20' title="bbox 75 2001 1665 2077">
     <span class='ocr_line' id='line_1_20' title="bbox 75 2001 1665 2077; baseline -0.001 -19"><span class='ocrx_word' id='word_1_121' title='bbox 75 2002 282 2062; x_wconf 88' lang='lat' dir='ltr'><strong>locutio</strong></span> <span class='ocrx_word' id='word_1_122' title='bbox 320 2001 390 2059; x_wconf 90' lang='lat' dir='ltr'><strong>ad</strong></span> <span class='ocrx_word' id='word_1_123' title='bbox 435 2002 659 2077; x_wconf 85' lang='lat' dir='ltr'><strong>aliquod</strong></span> <span class='ocrx_word' id='word_1_124' title='bbox 705 2018 935 2075; x_wconf 89' lang='lat' dir='ltr'><strong>pravum</strong></span> <span class='ocrx_word' id='word_1_125' title='bbox 983 2001 1284 2071; x_wconf 89' lang='lat' dir='ltr'><strong>derivetur,</strong></span> <span class='ocrx_word' id='word_1_126' title='bbox 1325 2001 1431 2059; x_wconf 86' lang='lat' dir='ltr'><strong>hoc</strong></span> <span class='ocrx_word' id='word_1_127' title='bbox 1484 2002 1665 2074; x_wconf 90' lang='lat' dir='ltr'><strong>ipsum</strong></span> 
     </span>
    </p>
   </div>
   <div class='ocr_carea' id='block_1_21' title="bbox 76 2091 1667 2166">
    <p class='ocr_par' dir='ltr' id='par_1_21' title="bbox 76 2091 1667 2166">
     <span class='ocr_line' id='line_1_21' title="bbox 76 2091 1667 2166; baseline -0.002 -16"><span class='ocrx_word' id='word_1_128' title='bbox 76 2102 260 2152; x_wconf 84' lang='lat' dir='ltr'><strong>sancta</strong></span> <span class='ocrx_word' id='word_1_129' title='bbox 289 2091 571 2166; x_wconf 90' lang='lat' dir='ltr'><strong>Scriptura</strong></span> <span class='ocrx_word' id='word_1_130' title='bbox 616 2091 1007 2166; x_wconf 87' lang='lat' dir='ltr'><strong>pronuntiante</strong></span> <span class='ocrx_word' id='word_1_131' title='bbox 1039 2111 1051 2149; x_wconf 94' lang='lat'><strong>:</strong></span> <span class='ocrx_word' id='word_1_132' title='bbox 1095 2116 1114 2140; x_wconf 72' lang='grc' dir='ltr'>ι</span> <span class='ocrx_word' id='word_1_133' title='bbox 1142 2091 1282 2160; x_wconf 88' lang='lat' dir='ltr'><strong>Quia</strong></span> <span class='ocrx_word' id='word_1_134' title='bbox 1308 2109 1378 2149; x_wconf 82' lang='lat' dir='ltr'><strong>ex</strong></span> <span class='ocrx_word' id='word_1_135' title='bbox 1409 2092 1667 2148; x_wconf 83' lang='lat' dir='ltr'><strong>multilo—</strong></span> 
     </span>
    </p>
   </div>
   <div class='ocr_carea' id='block_1_22' title="bbox 77 2180 1667 2257">
    <p class='ocr_par' dir='ltr' id='par_1_22' title="bbox 77 2180 1667 2257">
     <span class='ocr_line' id='line_1_22' title="bbox 77 2180 1667 2257; baseline -0.001 -18"><span class='ocrx_word' id='word_1_136' title='bbox 77 2183 200 2257; x_wconf 89' lang='lat' dir='ltr'><strong>quio</strong></span> <span class='ocrx_word' id='word_1_137' title='bbox 243 2198 357 2239; x_wconf 92' lang='lat' dir='ltr'><strong>non</strong></span> <span class='ocrx_word' id='word_1_138' title='bbox 399 2180 577 2254; x_wconf 89' lang='lat' dir='ltr'><strong>fugies</strong></span> <span class='ocrx_word' id='word_1_139' title='bbox 633 2189 956 2254; x_wconf 90' lang='lat' dir='ltr'><strong>peccatum:</strong></span> <span class='ocrx_word' id='word_1_140' title='bbox 1011 2197 1237 2255; x_wconf 86' lang='lat' dir='ltr'><strong>parcens</strong></span> <span class='ocrx_word' id='word_1_141' title='bbox 1283 2189 1463 2238; x_wconf 90' lang='lat' dir='ltr'><strong>autem</strong></span> <span class='ocrx_word' id='word_1_142' title='bbox 1505 2181 1667 2238; x_wconf 88' lang='lat' dir='ltr'><strong>labiis</strong></span> 
     </span>
    </p>
   </div>
   <div class='ocr_carea' id='block_1_23' title="bbox 78 2270 1669 2346">
    <p class='ocr_par' dir='ltr' id='par_1_23' title="bbox 78 2270 1669 2346">
     <span class='ocr_line' id='line_1_23' title="bbox 78 2270 1669 2346; baseline -0.002 -16"><span class='ocrx_word' id='word_1_143' title='bbox 78 2273 390 2346; x_wconf 81' lang='lat' dir='ltr'><strong>intelligens</strong></span> <span class='ocrx_word' id='word_1_144' title='bbox 433 2272 541 2328; x_wconf 90' lang='lat' dir='ltr'><strong>eris</strong></span> <span class='ocrx_word' id='word_1_145' title='bbox 588 2272 777 2345; x_wconf 82' lang='lat' dir='ltr'><strong>(Prov.</strong></span> <span class='ocrx_word' id='word_1_146' title='bbox 805 2270 1014 2344; x_wconf 72' lang='lat'><strong>11,19).</strong></span> <span class='ocrx_word' id='word_1_147' title='bbox 1069 2296 1087 2319; x_wconf 79' lang='grc' dir='ltr'>ι</span> <span class='ocrx_word' id='word_1_148' title='bbox 1129 2272 1201 2328; x_wconf 89' lang='lat' dir='ltr'><strong>Et</strong></span> <span class='ocrx_word' id='word_1_149' title='bbox 1246 2274 1293 2328; x_wconf 90' lang='lat' dir='ltr'><strong>si</strong></span> <span class='ocrx_word' id='word_1_150' title='bbox 1341 2272 1481 2328; x_wconf 86' lang='lat' dir='ltr'><strong>forte</strong></span> <span class='ocrx_word' id='word_1_151' title='bbox 1526 2272 1669 2327; x_wconf 86' lang='lat' dir='ltr'><strong>inter</strong></span> 
     </span>
    </p>
   </div>
   <div class='ocr_carea' id='block_1_24' title="bbox 78 2360 1670 2434">
    <p class='ocr_par' dir='ltr' id='par_1_24' title="bbox 78 2360 1670 2434">
     <span class='ocr_line' id='line_1_24' title="bbox 78 2360 1670 2434; baseline -0.003 -15"><span class='ocrx_word' id='word_1_152' title='bbox 78 2363 246 2420; x_wconf 88' lang='lat' dir='ltr'><strong>multa</strong></span> <span class='ocrx_word' id='word_1_153' title='bbox 274 2362 442 2418; x_wconf 89' lang='lat' dir='ltr'><strong>verba</strong></span> <span class='ocrx_word' id='word_1_154' title='bbox 465 2361 816 2419; x_wconf 87' lang='lat' dir='ltr'><strong>declinantur</strong></span> <span class='ocrx_word' id='word_1_155' title='bbox 847 2360 1102 2430; x_wconf 89' lang='lat' dir='ltr'><strong>crimina,</strong></span> <span class='ocrx_word' id='word_1_156' title='bbox 1132 2362 1226 2419; x_wconf 92' lang='lat' dir='ltr'><strong>sed</strong></span> <span class='ocrx_word' id='word_1_157' title='bbox 1266 2360 1536 2434; x_wconf 91' lang='lat' dir='ltr'><strong>numquid</strong></span> <span class='ocrx_word' id='word_1_158' title='bbox 1563 2360 1670 2416; x_wconf 92' lang='lat' dir='ltr'><strong>de-</strong></span> 
     </span>
    </p>
   </div>
   <div class='ocr_carea' id='block_1_25' title="bbox 76 2448 1672 2524">
    <p class='ocr_par' dir='ltr' id='par_1_25' title="bbox 76 2448 1672 2524">
     <span class='ocr_line' id='line_1_25' title="bbox 76 2448 1672 2524; baseline -0.002 -17"><span class='ocrx_word' id='word_1_159' title='bbox 76 2450 266 2508; x_wconf 88' lang='lat' dir='ltr'><strong>clinari</strong></span> <span class='ocrx_word' id='word_1_160' title='bbox 296 2459 526 2524; x_wconf 90' lang='lat' dir='ltr'><strong>possunt</strong></span> <span class='ocrx_word' id='word_1_161' title='bbox 554 2450 778 2506; x_wconf 89' lang='lat' dir='ltr'><strong>inutilia</strong></span> <span class='ocrx_word' id='word_1_162' title='bbox 807 2459 969 2524; x_wconf 90' lang='lat' dir='ltr'><strong>atque</strong></span> <span class='ocrx_word' id='word_1_163' title='bbox 999 2451 1196 2519; x_wconf 88' lang='lat' dir='ltr'><strong>otiosa,</strong></span> <span class='ocrx_word' id='word_1_164' title='bbox 1226 2450 1293 2507; x_wconf 92' lang='lat' dir='ltr'><strong>de</strong></span> <span class='ocrx_word' id='word_1_165' title='bbox 1322 2449 1523 2523; x_wconf 89' lang='lat' dir='ltr'><strong>quibus</strong></span> <span class='ocrx_word' id='word_1_166' title='bbox 1550 2448 1672 2505; x_wconf 88' lang='lat' dir='ltr'><strong>uti-</strong></span> 
     </span>
    </p>
   </div>
   <div class='ocr_carea' id='block_1_26' title="bbox 78 2538 1671 2613">
    <p class='ocr_par' dir='ltr' id='par_1_26' title="bbox 78 2538 1671 2613">
     <span class='ocr_line' id='line_1_26' title="bbox 78 2538 1671 2613; baseline -0.001 -18"><span class='ocrx_word' id='word_1_167' title='bbox 78 2554 176 2613; x_wconf 88' lang='lat' dir='ltr'><strong>que</strong></span> <span class='ocrx_word' id='word_1_168' title='bbox 202 2540 349 2596; x_wconf 88' lang='lat' dir='ltr'><strong>ratio</strong></span> <span class='ocrx_word' id='word_1_169' title='bbox 380 2539 437 2595; x_wconf 90' lang='lat' dir='ltr'><strong>in</strong></span> <span class='ocrx_word' id='word_1_170' title='bbox 470 2538 660 2595; x_wconf 87' lang='lat' dir='ltr'><strong>futuro</strong></span> <span class='ocrx_word' id='word_1_171' title='bbox 690 2539 795 2596; x_wconf 90' lang='lat' dir='ltr'><strong>erit</strong></span> <span class='ocrx_word' id='word_1_172' title='bbox 825 2539 1101 2596; x_wconf 86' lang='lat' dir='ltr'><strong>reddenda</strong></span> <span class='ocrx_word' id='word_1_173' title='bbox 1141 2541 1354 2612; x_wconf 83' lang='lat' dir='ltr'><strong>(Matth.</strong></span> <span class='ocrx_word' id='word_1_174' title='bbox 1398 2557 1499 2607; x_wconf 81' lang='lat' dir='ltr'><strong>x11,</strong></span> <span class='ocrx_word' id='word_1_175' title='bbox 1531 2538 1622 2608; x_wconf 88' lang='lat'><strong>36)</strong></span> <span class='ocrx_word' id='word_1_176' title='bbox 1644 2538 1671 2594; x_wconf 67' lang='grc' dir='ltr'>τ</span> 
     </span>
    </p>
   </div>
   <div class='ocr_carea' id='block_1_27' title="bbox 77 2627 1667 2702">
    <p class='ocr_par' dir='ltr' id='par_1_27' title="bbox 77 2627 1667 2702">
     <span class='ocr_line' id='line_1_27' title="bbox 77 2627 1667 2702; baseline -0.001 -18"><span class='ocrx_word' id='word_1_177' title='bbox 77 2628 363 2685; x_wconf 88' lang='lat' dir='ltr'><strong>Tenendus</strong></span> <span class='ocrx_word' id='word_1_178' title='bbox 388 2637 470 2686; x_wconf 88' lang='lat' dir='ltr'><strong>est</strong></span> <span class='ocrx_word' id='word_1_179' title='bbox 499 2645 626 2702; x_wconf 90' lang='lat' dir='ltr'><strong>ergo</strong></span> <span class='ocrx_word' id='word_1_180' title='bbox 663 2627 861 2685; x_wconf 90' lang='lat' dir='ltr'><strong>modus</strong></span> <span class='ocrx_word' id='word_1_181' title='bbox 911 2629 968 2684; x_wconf 91' lang='lat' dir='ltr'><strong>in</strong></span> <span class='ocrx_word' id='word_1_182' title='bbox 1015 2628 1289 2702; x_wconf 90' lang='lat' dir='ltr'><strong>loquendo</strong></span> <span class='ocrx_word' id='word_1_183' title='bbox 1334 2629 1473 2699; x_wconf 87' lang='lat' dir='ltr'><strong>(lvo,</strong></span> <span class='ocrx_word' id='word_1_184' title='bbox 1527 2635 1667 2700; x_wconf 88' lang='lat' dir='ltr'><strong>part.</strong></span> 
     </span>
    </p>
   </div>
   <div class='ocr_carea' id='block_1_28' title="bbox 82 2717 1673 2792">
    <p class='ocr_par' dir='ltr' id='par_1_28' title="bbox 82 2717 1673 2792">
     <span class='ocr_line' id='line_1_28' title="bbox 82 2717 1673 2792; baseline 0 -19"><span class='ocrx_word' id='word_1_185' title='bbox 82 2734 156 2788; x_wconf 83' lang='lat' dir='ltr'><strong>x1,</strong></span> <span class='ocrx_word' id='word_1_186' title='bbox 191 2736 316 2792; x_wconf 91' lang='lat' dir='ltr'><strong>cap.</strong></span> <span class='ocrx_word' id='word_1_187' title='bbox 346 2718 466 2791; x_wconf 77' lang='grc'><strong>55),</strong></span> <span class='ocrx_word' id='word_1_188' title='bbox 503 2728 556 2775; x_wconf 91' lang='lat' dir='ltr'><strong>et</strong></span> <span class='ocrx_word' id='word_1_189' title='bbox 586 2717 721 2791; x_wconf 89' lang='lat' dir='ltr'><strong>ipsis</strong></span> <span class='ocrx_word' id='word_1_190' title='bbox 772 2734 1167 2792; x_wconf 89' lang='lat' dir='ltr'><strong>nonnunquam</strong></span> <span class='ocrx_word' id='word_1_191' title='bbox 1218 2718 1452 2775; x_wconf 86' lang='lat' dir='ltr'><strong>utilibus</strong></span> <span class='ocrx_word' id='word_1_192' title='bbox 1490 2718 1673 2773; x_wconf 88' lang='lat' dir='ltr'><strong>verbis</strong></span> 
     </span>
    </p>
   </div>
   <div class='ocr_carea' id='block_1_29' title="bbox 77 2807 1669 2881">
    <p class='ocr_par' dir='ltr' id='par_1_29' title="bbox 77 2807 1669 2881">
     <span class='ocr_line' id='line_1_29' title="bbox 77 2807 1669 2881; baseline 0 -18"><span class='ocrx_word' id='word_1_193' title='bbox 77 2807 431 2880; x_wconf 86' lang='lat' dir='ltr'><strong>parcendum,</strong></span> <span class='ocrx_word' id='word_1_194' title='bbox 464 2809 608 2863; x_wconf 85' lang='lat' dir='ltr'><strong>sicut</strong></span> <span class='ocrx_word' id='word_1_195' title='bbox 632 2808 921 2865; x_wconf 87' lang='lat' dir='ltr'><strong>Psalmista</strong></span> <span class='ocrx_word' id='word_1_196' title='bbox 957 2816 1179 2865; x_wconf 90' lang='lat' dir='ltr'><strong>sanctus</strong></span> <span class='ocrx_word' id='word_1_197' title='bbox 1215 2808 1418 2881; x_wconf 88' lang='lat' dir='ltr'><strong>legitur</strong></span> <span class='ocrx_word' id='word_1_198' title='bbox 1459 2808 1669 2864; x_wconf 88' lang='lat' dir='ltr'><strong>fecisse.</strong></span> 
     </span>
    </p>
   </div>
   <div class='ocr_carea' id='block_1_30' title="bbox 77 2895 1674 2967">
    <p class='ocr_par' dir='ltr' id='par_1_30' title="bbox 77 2895 1674 2967">
     <span class='ocr_line' id='line_1_30' title="bbox 77 2895 1674 2967; baseline 0.001 -16"><span class='ocrx_word' id='word_1_199' title='bbox 77 2896 218 2954; x_wconf 90' lang='lat' dir='ltr'><strong>Dicit</strong></span> <span class='ocrx_word' id='word_1_200' title='bbox 245 2895 397 2952; x_wconf 90' lang='lat' dir='ltr'><strong>enim</strong></span> <span class='ocrx_word' id='word_1_201' title='bbox 425 2913 437 2952; x_wconf 93' lang='lat'><strong>:</strong></span> <span class='ocrx_word' id='word_1_202' title='bbox 485 2920 504 2943; x_wconf 77' lang='grc' dir='ltr'>σ</span> <span class='ocrx_word' id='word_1_203' title='bbox 535 2895 821 2967; x_wconf 89' lang='lat' dir='ltr'><strong>Obmutui,</strong></span> <span class='ocrx_word' id='word_1_204' title='bbox 854 2905 906 2954; x_wconf 91' lang='lat' dir='ltr'><strong>et</strong></span> <span class='ocrx_word' id='word_1_205' title='bbox 933 2897 1259 2955; x_wconf 86' lang='lat' dir='ltr'><strong>humiliatus</strong></span> <span class='ocrx_word' id='word_1_206' title='bbox 1289 2915 1434 2967; x_wconf 91' lang='lat' dir='ltr'><strong>sum,</strong></span> <span class='ocrx_word' id='word_1_207' title='bbox 1466 2905 1520 2954; x_wconf 91' lang='lat' dir='ltr'><strong>et</strong></span> <span class='ocrx_word' id='word_1_208' title='bbox 1543 2895 1674 2954; x_wconf 90' lang='lat' dir='ltr'><strong>silui</strong></span> 
     </span>
    </p>
   </div>
   <div class='ocr_carea' id='block_1_31' title="bbox 87 2984 933 3058">
    <p class='ocr_par' dir='ltr' id='par_1_31' title="bbox 87 2984 933 3058">
     <span class='ocr_line' id='line_1_31' title="bbox 87 2984 933 3058; baseline 0.001 -18"><span class='ocrx_word' id='word_1_209' title='bbox 87 3000 113 3040; x_wconf 84' lang='lat' dir='ltr'><strong>a</strong></span> <span class='ocrx_word' id='word_1_210' title='bbox 131 2984 299 3042; x_wconf 90' lang='lat' dir='ltr'><strong>bonis</strong></span> <span class='ocrx_word' id='word_1_211' title='bbox 328 2985 504 3058; x_wconf 86' lang='lat' dir='ltr'><strong>(Psat.</strong></span> <span class='ocrx_word' id='word_1_212' title='bbox 531 2999 774 3055; x_wconf 78' lang='lat' dir='ltr'><strong>xxxvm,</strong></span> <span class='ocrx_word' id='word_1_213' title='bbox 801 2985 882 3057; x_wconf 90' lang='lat'><strong>3).</strong></span> <span class='ocrx_word' id='word_1_214' title='bbox 914 3009 933 3035; x_wconf 75' lang='grc' dir='ltr'><strong><em>ι</em></strong></span> 
     </span>
    </p>
   </div>
   <div class='ocr_carea' id='block_1_32' title="bbox 649 3113 1113 3172">
    <p class='ocr_par' dir='ltr' id='par_1_32' title="bbox 649 3113 1113 3172">
     <span class='ocr_line' id='line_1_32' title="bbox 649 3113 1113 3172; baseline 0.002 -2"><span class='ocrx_word' id='word_1_215' title='bbox 649 3113 879 3171; x_wconf 84' lang='lat' dir='ltr'><strong>CAPUT</strong></span> <span class='ocrx_word' id='word_1_216' title='bbox 908 3114 1113 3172; x_wconf 86' lang='lat' dir='ltr'><strong>XXIII.</strong></span> 
     </span>
    </p>
   </div>
   <div class='ocr_carea' id='block_1_33' title="bbox 653 3211 1103 3270">
    <p class='ocr_par' dir='ltr' id='par_1_33' title="bbox 653 3211 1103 3270">
     <span class='ocr_line' id='line_1_33' title="bbox 653 3211 1103 3270; baseline 0.007 -3"><span class='ocrx_word' id='word_1_217' title='bbox 653 3211 904 3269; x_wconf 68' lang='lat' dir='ltr'><strong>Luxuria</strong></span> <span class='ocrx_word' id='word_1_218' title='bbox 938 3212 1071 3269; x_wconf 89' lang='lat' dir='ltr'><strong>dicit</strong></span> <span class='ocrx_word' id='word_1_219' title='bbox 1091 3231 1103 3270; x_wconf 94' lang='lat'><strong>:</strong></span> 
     </span>
    </p>
   </div>
   <div class='ocr_carea' id='block_1_34' title="bbox 145 3318 1673 3392">
    <p class='ocr_par' dir='ltr' id='par_1_34' title="bbox 145 3318 1673 3392">
     <span class='ocr_line' id='line_1_34' title="bbox 145 3318 1673 3392; baseline 0.001 -17"><span class='ocrx_word' id='word_1_220' title='bbox 145 3318 208 3375; x_wconf 89' lang='lat' dir='ltr'><strong>In</strong></span> <span class='ocrx_word' id='word_1_221' title='bbox 236 3319 525 3391; x_wconf 89' lang='lat' dir='ltr'><strong>voluptate</strong></span> <span class='ocrx_word' id='word_1_222' title='bbox 550 3334 650 3377; x_wconf 89' lang='lat' dir='ltr'><strong>cur</strong></span> <span class='ocrx_word' id='word_1_223' title='bbox 676 3325 731 3375; x_wconf 92' lang='lat' dir='ltr'><strong>te</strong></span> <span class='ocrx_word' id='word_1_224' title='bbox 770 3321 936 3377; x_wconf 92' lang='lat' dir='ltr'><strong>modo</strong></span> <span class='ocrx_word' id='word_1_225' title='bbox 965 3336 1078 3377; x_wconf 91' lang='lat' dir='ltr'><strong>non</strong></span> <span class='ocrx_word' id='word_1_226' title='bbox 1108 3319 1327 3390; x_wconf 89' lang='lat' dir='ltr'><strong>dilatas,</strong></span> <span class='ocrx_word' id='word_1_227' title='bbox 1365 3336 1491 3377; x_wconf 90' lang='lat' dir='ltr'><strong>cum</strong></span> <span class='ocrx_word' id='word_1_228' title='bbox 1538 3319 1673 3392; x_wconf 89' lang='lat' dir='ltr'><strong>quid</strong></span> 
     </span>
    </p>
   </div>
   <div class='ocr_carea' id='block_1_35' title="bbox 80 3407 1671 3483">
    <p class='ocr_par' dir='ltr' id='par_1_35' title="bbox 80 3407 1671 3483">
     <span class='ocr_line' id='line_1_35' title="bbox 80 3407 1671 3483; baseline 0.001 -19"><span class='ocrx_word' id='word_1_229' title='bbox 80 3414 131 3464; x_wconf 85' lang='lat' dir='ltr'><strong>te</strong></span> <span class='ocrx_word' id='word_1_230' title='bbox 159 3415 422 3483; x_wconf 89' lang='lat' dir='ltr'><strong>sequetur</strong></span> <span class='ocrx_word' id='word_1_231' title='bbox 456 3407 673 3481; x_wconf 80' lang='lat' dir='ltr'><strong>ignores</strong></span> <span class='ocrx_word' id='word_1_232' title='bbox 692 3409 722 3466; x_wconf 80' lang='lat'><strong>?</strong></span> <span class='ocrx_word' id='word_1_233' title='bbox 748 3413 1051 3482; x_wconf 86' lang='lat' dir='ltr'><strong>Acceptum</strong></span> <span class='ocrx_word' id='word_1_234' title='bbox 1082 3418 1301 3482; x_wconf 85' lang='lat' dir='ltr'><strong>tempus</strong></span> <span class='ocrx_word' id='word_1_235' title='bbox 1342 3408 1401 3464; x_wconf 90' lang='lat' dir='ltr'><strong>in</strong></span> <span class='ocrx_word' id='word_1_236' title='bbox 1443 3409 1553 3465; x_wconf 91' lang='lat' dir='ltr'><strong>tuis</strong></span> <span class='ocrx_word' id='word_1_237' title='bbox 1583 3409 1671 3465; x_wconf 91' lang='lat' dir='ltr'><strong>de-</strong></span> 
     </span>
    </p>
   </div>
   <div class='ocr_carea' id='block_1_36' title="bbox 81 3495 1674 3573">
    <p class='ocr_par' dir='ltr' id='par_1_36' title="bbox 81 3495 1674 3573">
     <span class='ocr_line' id='line_1_36' title="bbox 81 3495 1674 3573; baseline 0.002 -21"><span class='ocrx_word' id='word_1_238' title='bbox 81 3495 295 3554; x_wconf 88' lang='lat' dir='ltr'><strong>sideriis</strong></span> <span class='ocrx_word' id='word_1_239' title='bbox 360 3498 587 3570; x_wconf 90' lang='lat' dir='ltr'><strong>perdere</strong></span> <span class='ocrx_word' id='word_1_240' title='bbox 652 3514 764 3554; x_wconf 90' lang='lat' dir='ltr'><strong>non</strong></span> <span class='ocrx_word' id='word_1_241' title='bbox 828 3498 1012 3566; x_wconf 88' lang='lat' dir='ltr'><strong>debes,</strong></span> <span class='ocrx_word' id='word_1_242' title='bbox 1081 3500 1212 3573; x_wconf 90' lang='lat' dir='ltr'><strong>quia</strong></span> <span class='ocrx_word' id='word_1_243' title='bbox 1277 3515 1441 3573; x_wconf 90' lang='lat' dir='ltr'><strong>quam</strong></span> <span class='ocrx_word' id='word_1_244' title='bbox 1507 3498 1674 3555; x_wconf 90' lang='lat' dir='ltr'><strong>citius</strong></span> 
     </span>
    </p>
   </div>
   <div class='ocr_carea' id='block_1_37' title="bbox 81 3587 1674 3660">
    <p class='ocr_par' dir='ltr' id='par_1_37' title="bbox 81 3587 1674 3660">
     <span class='ocr_line' id='line_1_37' title="bbox 81 3587 1674 3660; baseline 0.001 -19"><span class='ocrx_word' id='word_1_245' title='bbox 81 3593 413 3656; x_wconf 88' lang='lat' dir='ltr'><strong>pertranseat</strong></span> <span class='ocrx_word' id='word_1_246' title='bbox 442 3588 639 3644; x_wconf 90' lang='lat' dir='ltr'><strong>nescis.</strong></span> <span class='ocrx_word' id='word_1_247' title='bbox 671 3588 727 3644; x_wconf 91' lang='lat' dir='ltr'><strong>Si</strong></span> <span class='ocrx_word' id='word_1_248' title='bbox 758 3587 905 3644; x_wconf 91' lang='lat' dir='ltr'><strong>enim</strong></span> <span class='ocrx_word' id='word_1_249' title='bbox 935 3590 1081 3645; x_wconf 91' lang='lat' dir='ltr'><strong>Deus</strong></span> <span class='ocrx_word' id='word_1_250' title='bbox 1108 3589 1166 3643; x_wconf 91' lang='lat' dir='ltr'><strong>in</strong></span> <span class='ocrx_word' id='word_1_251' title='bbox 1182 3589 1465 3660; x_wconf 86' lang='lat' dir='ltr'><strong>voluptate</strong></span> <span class='ocrx_word' id='word_1_252' title='bbox 1492 3587 1674 3645; x_wconf 90' lang='lat' dir='ltr'><strong>carnis</strong></span> 
     </span>
    </p>
   </div>
   <div class='ocr_carea' id='block_1_38' title="bbox 83 3672 1672 3750">
    <p class='ocr_par' dir='ltr' id='par_1_38' title="bbox 83 3672 1672 3750">
     <span class='ocr_line' id='line_1_38' title="bbox 83 3672 1672 3750; baseline 0.002 -21"><span class='ocrx_word' id='word_1_253' title='bbox 83 3672 361 3733; x_wconf 88' lang='lat' dir='ltr'><strong>hominem</strong></span> <span class='ocrx_word' id='word_1_254' title='bbox 388 3676 608 3734; x_wconf 89' lang='lat' dir='ltr'><strong>misceri</strong></span> <span class='ocrx_word' id='word_1_255' title='bbox 638 3676 926 3746; x_wconf 87' lang='lat' dir='ltr'><strong>noluisset,</strong></span> <span class='ocrx_word' id='word_1_256' title='bbox 956 3678 1015 3733; x_wconf 92' lang='lat' dir='ltr'><strong>in</strong></span> <span class='ocrx_word' id='word_1_257' title='bbox 1046 3677 1165 3750; x_wconf 93' lang='lat' dir='ltr'><strong>ipso</strong></span> <span class='ocrx_word' id='word_1_258' title='bbox 1202 3678 1431 3734; x_wconf 90' lang='lat' dir='ltr'><strong>humani</strong></span> <span class='ocrx_word' id='word_1_259' title='bbox 1460 3677 1672 3750; x_wconf 81' lang='lat' dir='ltr'><strong>generis</strong></span> 
     </span>
    </p>
   </div>
   <div class='ocr_carea' id='block_1_39' title="bbox 83 3765 1670 3839">
    <p class='ocr_par' dir='ltr' id='par_1_39' title="bbox 83 3765 1670 3839">
     <span class='ocr_line' id='line_1_39' title="bbox 83 3765 1670 3839; baseline 0.004 -21"><span class='ocrx_word' id='word_1_260' title='bbox 83 3765 304 3821; x_wconf 85' lang='lat' dir='ltr'><strong>exordio</strong></span> <span class='ocrx_word' id='word_1_261' title='bbox 335 3766 642 3823; x_wconf 86' lang='lat' dir='ltr'><strong>masculum</strong></span> <span class='ocrx_word' id='word_1_262' title='bbox 672 3772 727 3821; x_wconf 93' lang='lat' dir='ltr'><strong>et</strong></span> <span class='ocrx_word' id='word_1_263' title='bbox 756 3765 1019 3823; x_wconf 86' lang='lat' dir='ltr'><strong>feminam</strong></span> <span class='ocrx_word' id='word_1_264' title='bbox 1046 3766 1298 3839; x_wconf 81' lang='lat' dir='ltr'><strong>profecto</strong></span> <span class='ocrx_word' id='word_1_265' title='bbox 1339 3783 1451 3823; x_wconf 92' lang='lat' dir='ltr'><strong>non</strong></span> <span class='ocrx_word' id='word_1_266' title='bbox 1496 3768 1670 3825; x_wconf 89' lang='lat' dir='ltr'><strong>fecis-</strong></span> 
     </span>
    </p>
   </div>
   <div class='ocr_carea' id='block_1_40' title="bbox 84 3858 174 3910">
    <p class='ocr_par' dir='ltr' id='par_1_40' title="bbox 84 3858 174 3910">
     <span class='ocr_line' id='line_1_40' title="bbox 84 3858 174 3910; baseline 0.011 -1"><span class='ocrx_word' id='word_1_267' title='bbox 84 3858 174 3910; x_wconf 86' lang='lat' dir='ltr'><strong>set.</strong></span> 
     </span>
    </p>
   </div>
   <div class='ocr_carea' id='block_1_41' title="bbox 410 3945 1336 4021">
    <p class='ocr_par' dir='ltr' id='par_1_41' title="bbox 410 3945 1336 4021">
     <span class='ocr_line' id='line_1_41' title="bbox 410 3945 1336 4021; baseline 0.004 -20"><span class='ocrx_word' id='word_1_268' title='bbox 410 3945 509 4001; x_wconf 85' lang='lat' dir='ltr'><strong>Sed</strong></span> <span class='ocrx_word' id='word_1_269' title='bbox 539 3945 753 4003; x_wconf 85' lang='lat' dir='ltr'><strong>illibata</strong></span> <span class='ocrx_word' id='word_1_270' title='bbox 790 3947 1004 4003; x_wconf 80' lang='lat' dir='ltr'><strong>castitas</strong></span> <span class='ocrx_word' id='word_1_271' title='bbox 1032 3948 1336 4021; x_wconf 81' lang='lat' dir='ltr'><strong>respondet:</strong></span> 
     </span>
    </p>
   </div>
   <div class='ocr_carea' id='block_1_42' title="bbox 146 4039 1671 4120">
    <p class='ocr_par' dir='ltr' id='par_1_42' title="bbox 146 4039 1671 4120">
     <span class='ocr_line' id='line_1_42' title="bbox 146 4039 1671 4120; baseline 0.006 -24"><span class='ocrx_word' id='word_1_272' title='bbox 146 4039 281 4098; x_wconf 87' lang='lat' dir='ltr'><strong>Nolo</strong></span> <span class='ocrx_word' id='word_1_273' title='bbox 312 4039 564 4113; x_wconf 90' lang='lat' dir='ltr'><strong>ignorare</strong></span> <span class='ocrx_word' id='word_1_274' title='bbox 591 4049 645 4099; x_wconf 90' lang='lat' dir='ltr'><strong>te</strong></span> <span class='ocrx_word' id='word_1_275' title='bbox 675 4043 810 4116; x_wconf 89' lang='lat' dir='ltr'><strong>quid</strong></span> <span class='ocrx_word' id='word_1_276' title='bbox 843 4052 967 4117; x_wconf 91' lang='lat' dir='ltr'><strong>post</strong></span> <span class='ocrx_word' id='word_1_277' title='bbox 1011 4044 1155 4103; x_wconf 91' lang='lat' dir='ltr'><strong>hanc</strong></span> <span class='ocrx_word' id='word_1_278' title='bbox 1200 4045 1371 4103; x_wconf 88' lang='lat' dir='ltr'><strong>vitam</strong></span> <span class='ocrx_word' id='word_1_279' title='bbox 1419 4046 1671 4120; x_wconf 89' lang='lat' dir='ltr'><strong>recipies,</strong></span> 
     </span>
    </p>
   </div>
   <div class='ocr_carea' id='block_1_43' title="bbox 88 4129 1674 4208">
    <p class='ocr_par' dir='ltr' id='par_1_43' title="bbox 88 4129 1674 4208">
     <span class='ocr_line' id='line_1_43' title="bbox 88 4129 1674 4208; baseline 0.007 -26"><span class='ocrx_word' id='word_1_280' title='bbox 88 4129 364 4197; x_wconf 68' lang='lat' dir='ltr'><strong>praemium</strong></span> <span class='ocrx_word' id='word_1_281' title='bbox 394 4130 542 4187; x_wconf 91' lang='lat' dir='ltr'><strong>enim</strong></span> <span class='ocrx_word' id='word_1_282' title='bbox 572 4131 660 4187; x_wconf 92' lang='lat' dir='ltr'><strong>vel</strong></span> <span class='ocrx_word' id='word_1_283' title='bbox 708 4148 867 4205; x_wconf 67' lang='lat' dir='ltr'><strong>poena</strong></span> <span class='ocrx_word' id='word_1_284' title='bbox 915 4141 968 4191; x_wconf 90' lang='lat' dir='ltr'><strong>te</strong></span> <span class='ocrx_word' id='word_1_285' title='bbox 1020 4142 1265 4191; x_wconf 87' lang='lat' dir='ltr'><strong>manent.</strong></span> <span class='ocrx_word' id='word_1_286' title='bbox 1313 4136 1450 4192; x_wconf 86' lang='lat' dir='ltr'><strong>Nam</strong></span> <span class='ocrx_word' id='word_1_287' title='bbox 1492 4136 1536 4191; x_wconf 89' lang='lat' dir='ltr'><strong>si</strong></span> <span class='ocrx_word' id='word_1_288' title='bbox 1585 4136 1674 4208; x_wconf 89' lang='lat' dir='ltr'><strong>pie</strong></span> 
     </span>
    </p>
   </div>
   <div class='ocr_carea' id='block_1_44' title="bbox 87 4219 1672 4297">
    <p class='ocr_par' dir='ltr' id='par_1_44' title="bbox 87 4219 1672 4297">
     <span class='ocr_line' id='line_1_44' title="bbox 87 4219 1672 4297; baseline 0.004 -23"><span class='ocrx_word' id='word_1_289' title='bbox 87 4225 327 4292; x_wconf 82' lang='lat' dir='ltr'><strong>casteque</strong></span> <span class='ocrx_word' id='word_1_290' title='bbox 360 4219 590 4289; x_wconf 82' lang='lat' dir='ltr'><strong>vixeris,</strong></span> <span class='ocrx_word' id='word_1_291' title='bbox 631 4221 752 4278; x_wconf 91' lang='lat' dir='ltr'><strong>sine</strong></span> <span class='ocrx_word' id='word_1_292' title='bbox 781 4221 891 4281; x_wconf 83' lang='lat' dir='ltr'><strong>ﬁne</strong></span> <span class='ocrx_word' id='word_1_293' title='bbox 924 4222 986 4279; x_wconf 89' lang='lat' dir='ltr'><strong>in</strong></span> <span class='ocrx_word' id='word_1_294' title='bbox 1019 4223 1128 4280; x_wconf 91' lang='lat' dir='ltr'><strong>alia</strong></span> <span class='ocrx_word' id='word_1_295' title='bbox 1157 4224 1419 4297; x_wconf 76' lang='lat' dir='ltr'><strong>gaudebis</strong></span> <span class='ocrx_word' id='word_1_296' title='bbox 1444 4225 1592 4281; x_wconf 84' lang='lat' dir='ltr'><strong>vita:</strong></span> <span class='ocrx_word' id='word_1_297' title='bbox 1625 4224 1672 4282; x_wconf 91' lang='lat' dir='ltr'><strong>si</strong></span> 
     </span>
    </p>
   </div>
   <div class='ocr_carea' id='block_1_45' title="bbox 90 4307 1674 4384">
    <p class='ocr_par' dir='ltr' id='par_1_45' title="bbox 90 4307 1674 4384">
     <span class='ocr_line' id='line_1_45' title="bbox 90 4307 1674 4384; baseline 0.008 -27"><span class='ocrx_word' id='word_1_298' title='bbox 90 4316 207 4361; x_wconf 85' lang='lat' dir='ltr'><strong>vero</strong></span> <span class='ocrx_word' id='word_1_299' title='bbox 235 4307 463 4380; x_wconf 88' lang='lat' dir='ltr'><strong>impiam</strong></span> <span class='ocrx_word' id='word_1_300' title='bbox 492 4325 555 4367; x_wconf 91' lang='lat' dir='ltr'><strong>ac</strong></span> <span class='ocrx_word' id='word_1_301' title='bbox 581 4309 923 4368; x_wconf 80' lang='lat' dir='ltr'><strong>luxuriosam</strong></span> <span class='ocrx_word' id='word_1_302' title='bbox 944 4312 1118 4384; x_wconf 90' lang='lat' dir='ltr'><strong>egeris</strong></span> <span class='ocrx_word' id='word_1_303' title='bbox 1140 4313 1312 4369; x_wconf 89' lang='lat' dir='ltr'><strong>vitam</strong></span> <span class='ocrx_word' id='word_1_304' title='bbox 1337 4312 1496 4382; x_wconf 89' lang='lat' dir='ltr'><strong>hanc,</strong></span> <span class='ocrx_word' id='word_1_305' title='bbox 1522 4322 1674 4370; x_wconf 64' lang='lat' dir='ltr'><strong>aeter-</strong></span> 
     </span>
    </p>
   </div>
   <div class='ocr_carea' id='block_1_46' title="bbox 90 4395 1674 4477">
    <p class='ocr_par' dir='ltr' id='par_1_46' title="bbox 90 4395 1674 4477">
     <span class='ocr_line' id='line_1_46' title="bbox 90 4395 1674 4477; baseline 0.008 -28"><span class='ocrx_word' id='word_1_306' title='bbox 90 4395 167 4452; x_wconf 90' lang='lat' dir='ltr'><strong>nis</strong></span> <span class='ocrx_word' id='word_1_307' title='bbox 199 4398 474 4457; x_wconf 88' lang='lat' dir='ltr'><strong>incendiis</strong></span> <span class='ocrx_word' id='word_1_308' title='bbox 497 4402 951 4477; x_wconf 87' lang='lat' dir='ltr'><strong>contorqueberis</strong></span> <span class='ocrx_word' id='word_1_309' title='bbox 988 4404 1047 4459; x_wconf 93' lang='lat' dir='ltr'><strong>in</strong></span> <span class='ocrx_word' id='word_1_310' title='bbox 1089 4404 1216 4460; x_wconf 91' lang='lat' dir='ltr'><strong>alia.</strong></span> <span class='ocrx_word' id='word_1_311' title='bbox 1263 4404 1396 4460; x_wconf 89' lang='lat' dir='ltr'><strong>lude</strong></span> <span class='ocrx_word' id='word_1_312' title='bbox 1438 4422 1564 4475; x_wconf 83' lang='lat' dir='ltr'><strong>ergo</strong></span> <span class='ocrx_word' id='word_1_313' title='bbox 1609 4422 1674 4462; x_wconf 92' lang='lat' dir='ltr'><strong>eo</strong></span> 
     </span>
    </p>
   </div>
   <div class='ocr_carea' id='block_1_47' title="bbox 89 4486 1673 4565">
    <p class='ocr_par' dir='ltr' id='par_1_47' title="bbox 89 4486 1673 4565">
     <span class='ocr_line' id='line_1_47' title="bbox 89 4486 1673 4565; baseline 0.005 -24"><span class='ocrx_word' id='word_1_314' title='bbox 89 4486 367 4547; x_wconf 83' lang='lat' dir='ltr'><strong>castiusac</strong></span> <span class='ocrx_word' id='word_1_315' title='bbox 393 4489 586 4563; x_wconf 91' lang='lat' dir='ltr'><strong>purius</strong></span> <span class='ocrx_word' id='word_1_316' title='bbox 617 4491 806 4548; x_wconf 90' lang='lat' dir='ltr'><strong>vivere</strong></span> <span class='ocrx_word' id='word_1_317' title='bbox 858 4491 1042 4560; x_wconf 89' lang='lat' dir='ltr'><strong>debes,</strong></span> <span class='ocrx_word' id='word_1_318' title='bbox 1092 4508 1201 4564; x_wconf 87' lang='lat' dir='ltr'><strong>quo</strong></span> <span class='ocrx_word' id='word_1_319' title='bbox 1247 4491 1412 4550; x_wconf 90' lang='lat' dir='ltr'><strong>citius</strong></span> <span class='ocrx_word' id='word_1_320' title='bbox 1457 4502 1673 4565; x_wconf 89' lang='lat' dir='ltr'><strong>tempus</strong></span> 
     </span>
    </p>
   </div>
   <div class='ocr_carea' id='block_1_48' title="bbox 1783 609 3378 684">
    <p class='ocr_par' dir='ltr' id='par_1_48' title="bbox 1783 609 3378 684">
     <span class='ocr_line' id='line_1_48' title="bbox 1783 609 3378 684; baseline 0.003 -19"><span class='ocrx_word' id='word_1_321' title='bbox 1783 609 1841 680; x_wconf 93' lang='lat' dir='ltr'><strong>(I</strong></span> <span class='ocrx_word' id='word_1_322' title='bbox 1868 609 1994 664; x_wconf 85' lang='lat' dir='ltr'><strong>Cor.</strong></span> <span class='ocrx_word' id='word_1_323' title='bbox 2051 626 2129 677; x_wconf 89' lang='lat' dir='ltr'><strong>v1,</strong></span> <span class='ocrx_word' id='word_1_324' title='bbox 2178 610 2291 680; x_wconf 91' lang='grc'>18).</span> <span class='ocrx_word' id='word_1_325' title='bbox 2344 634 2362 657; x_wconf 77' lang='grc' dir='ltr'>ι</span> <span class='ocrx_word' id='word_1_326' title='bbox 2420 610 2576 677; x_wconf 85' lang='lat' dir='ltr'><strong>Quod</strong></span> <span class='ocrx_word' id='word_1_327' title='bbox 2625 610 2672 666; x_wconf 89' lang='lat' dir='ltr'><strong>si</strong></span> <span class='ocrx_word' id='word_1_328' title='bbox 2721 611 2825 667; x_wconf 90' lang='lat' dir='ltr'><strong>hoc</strong></span> <span class='ocrx_word' id='word_1_329' title='bbox 2868 612 3378 684; x_wconf 84' lang='lat' dir='ltr'><strong>parvipendendum</strong></span> 
     </span>
    </p>
   </div>
   <div class='ocr_carea' id='block_1_49' title="bbox 1780 698 3379 774">
    <p class='ocr_par' dir='ltr' id='par_1_49' title="bbox 1780 698 3379 774">
     <span class='ocr_line' id='line_1_49' title="bbox 1780 698 3379 774; baseline 0.003 -21"><span class='ocrx_word' id='word_1_330' title='bbox 1780 698 2083 766; x_wconf 84' lang='lat' dir='ltr'><strong>existimas,</strong></span> <span class='ocrx_word' id='word_1_331' title='bbox 2125 699 2253 756; x_wconf 82' lang='lat' dir='ltr'><strong>audi</strong></span> <span class='ocrx_word' id='word_1_332' title='bbox 2297 700 2441 756; x_wconf 88' lang='lat' dir='ltr'><strong>unde</strong></span> <span class='ocrx_word' id='word_1_333' title='bbox 2471 709 2655 772; x_wconf 85' lang='lat' dir='ltr'><strong>postea</strong></span> <span class='ocrx_word' id='word_1_334' title='bbox 2684 700 2741 755; x_wconf 91' lang='lat' dir='ltr'><strong>in</strong></span> <span class='ocrx_word' id='word_1_335' title='bbox 2772 702 3164 772; x_wconf 88' lang='lat' dir='ltr'><strong>sempiternum</strong></span> <span class='ocrx_word' id='word_1_336' title='bbox 3196 703 3379 774; x_wconf 90' lang='lat' dir='ltr'><strong>deplo-</strong></span> 
     </span>
    </p>
   </div>
   <div class='ocr_carea' id='block_1_50' title="bbox 1782 790 3383 864">
    <p class='ocr_par' dir='ltr' id='par_1_50' title="bbox 1782 790 3383 864">
     <span class='ocr_line' id='line_1_50' title="bbox 1782 790 3383 864; baseline 0.003 -21"><span class='ocrx_word' id='word_1_337' title='bbox 1782 804 1867 843; x_wconf 90' lang='lat' dir='ltr'><strong>res</strong></span> <span class='ocrx_word' id='word_1_338' title='bbox 1894 796 1947 844; x_wconf 90' lang='lat' dir='ltr'><strong>et</strong></span> <span class='ocrx_word' id='word_1_339' title='bbox 1971 805 2170 860; x_wconf 83' lang='lat' dir='ltr'><strong>gemas.</strong></span> <span class='ocrx_word' id='word_1_340' title='bbox 2224 815 2241 836; x_wconf 80' lang='grc' dir='ltr'>ι</span> <span class='ocrx_word' id='word_1_341' title='bbox 2270 792 2455 863; x_wconf 81' lang='lat' dir='ltr'><strong>Neque</strong></span> <span class='ocrx_word' id='word_1_342' title='bbox 2486 790 2768 846; x_wconf 88' lang='lat' dir='ltr'><strong>fornicarii</strong></span> <span class='ocrx_word' id='word_1_343' title='bbox 2812 792 3018 863; x_wconf 91' lang='lat' dir='ltr'><strong>(inquit</strong></span> <span class='ocrx_word' id='word_1_344' title='bbox 3052 792 3191 847; x_wconf 91' lang='lat' dir='ltr'><strong>idem</strong></span> <span class='ocrx_word' id='word_1_345' title='bbox 3223 792 3383 864; x_wconf 86' lang='lat' dir='ltr'><strong>Apo-</strong></span> 
     </span>
    </p>
   </div>
   <div class='ocr_carea' id='block_1_51' title="bbox 1782 877 3383 954">
    <p class='ocr_par' dir='ltr' id='par_1_51' title="bbox 1782 877 3383 954">
     <span class='ocr_line' id='line_1_51' title="bbox 1782 877 3383 954; baseline 0.003 -23"><span class='ocrx_word' id='word_1_346' title='bbox 1782 877 2005 947; x_wconf 88' lang='lat' dir='ltr'><strong>stolus),</strong></span> <span class='ocrx_word' id='word_1_347' title='bbox 2037 892 2215 951; x_wconf 86' lang='lat' dir='ltr'><strong>neque</strong></span> <span class='ocrx_word' id='word_1_348' title='bbox 2240 880 2496 949; x_wconf 89' lang='lat' dir='ltr'><strong>adulteri,</strong></span> <span class='ocrx_word' id='word_1_349' title='bbox 2530 896 2706 954; x_wconf 91' lang='lat' dir='ltr'><strong>neque</strong></span> <span class='ocrx_word' id='word_1_350' title='bbox 2735 878 2948 949; x_wconf 87' lang='lat' dir='ltr'><strong>molles,</strong></span> <span class='ocrx_word' id='word_1_351' title='bbox 2972 896 3147 953; x_wconf 88' lang='lat' dir='ltr'><strong>neque</strong></span> <span class='ocrx_word' id='word_1_352' title='bbox 3175 898 3383 937; x_wconf 88' lang='lat' dir='ltr'><strong>mascu-</strong></span> 
     </span>
    </p>
   </div>
   <div class='ocr_carea' id='block_1_52' title="bbox 1784 966 3378 1041">
    <p class='ocr_par' dir='ltr' id='par_1_52' title="bbox 1784 966 3378 1041">
     <span class='ocr_line' id='line_1_52' title="bbox 1784 966 3378 1041; baseline 0.003 -20"><span class='ocrx_word' id='word_1_353' title='bbox 1784 966 1963 1022; x_wconf 89' lang='lat' dir='ltr'><strong>lorum</strong></span> <span class='ocrx_word' id='word_1_354' title='bbox 1991 968 2396 1037; x_wconf 90' lang='lat' dir='ltr'><strong>concubitores,</strong></span> <span class='ocrx_word' id='word_1_355' title='bbox 2426 985 2653 1041; x_wconf 86' lang='lat' dir='ltr'><strong>regnum</strong></span> <span class='ocrx_word' id='word_1_356' title='bbox 2680 969 2778 1024; x_wconf 90' lang='lat' dir='ltr'><strong>Dei</strong></span> <span class='ocrx_word' id='word_1_357' title='bbox 2813 969 3171 1041; x_wconf 88' lang='lat' dir='ltr'><strong>possidebunt</strong></span> <span class='ocrx_word' id='word_1_358' title='bbox 3209 970 3378 1041; x_wconf 85' lang='lat' dir='ltr'><strong>(Ibid.</strong></span> 
     </span>
    </p>
   </div>
   <div class='ocr_carea' id='block_1_53' title="bbox 1783 1055 3381 1130">
    <p class='ocr_par' dir='ltr' id='par_1_53' title="bbox 1783 1055 3381 1130">
     <span class='ocr_line' id='line_1_53' title="bbox 1783 1055 3381 1130; baseline 0.001 -18"><span class='ocrx_word' id='word_1_359' title='bbox 1783 1055 1839 1125; x_wconf 87' lang='lat'><strong>9,</strong></span> <span class='ocrx_word' id='word_1_360' title='bbox 1872 1056 1984 1129; x_wconf 91' lang='grc'>10).</span> <span class='ocrx_word' id='word_1_361' title='bbox 2021 1083 2039 1105; x_wconf 78' lang='grc' dir='ltr'><strong>ι</strong></span> <span class='ocrx_word' id='word_1_362' title='bbox 2082 1058 2126 1113; x_wconf 94' lang='grc' dir='ltr'><strong>Ο</strong></span> <span class='ocrx_word' id='word_1_363' title='bbox 2157 1074 2319 1130; x_wconf 88' lang='lat' dir='ltr'><strong>quam</strong></span> <span class='ocrx_word' id='word_1_364' title='bbox 2349 1068 2731 1115; x_wconf 87' lang='lat' dir='ltr'><strong>momentanea</strong></span> <span class='ocrx_word' id='word_1_365' title='bbox 2758 1064 2839 1113; x_wconf 90' lang='lat' dir='ltr'><strong>est</strong></span> <span class='ocrx_word' id='word_1_366' title='bbox 2865 1058 3048 1113; x_wconf 85' lang='lat' dir='ltr'><strong>carnis</strong></span> <span class='ocrx_word' id='word_1_367' title='bbox 3068 1058 3381 1127; x_wconf 81' lang='lat' dir='ltr'><strong>delectatio,</strong></span> 
     </span>
    </p>
   </div>
   <div class='ocr_carea' id='block_1_54' title="bbox 1783 1147 3384 1220">
    <p class='ocr_par' dir='ltr' id='par_1_54' title="bbox 1783 1147 3384 1220">
     <span class='ocr_line' id='line_1_54' title="bbox 1783 1147 3384 1220; baseline 0.001 -19"><span class='ocrx_word' id='word_1_368' title='bbox 1783 1162 1948 1219; x_wconf 90' lang='lat' dir='ltr'><strong>quam</strong></span> <span class='ocrx_word' id='word_1_369' title='bbox 2008 1147 2193 1203; x_wconf 87' lang='lat' dir='ltr'><strong>labilis</strong></span> <span class='ocrx_word' id='word_1_370' title='bbox 2236 1147 2564 1205; x_wconf 89' lang='lat' dir='ltr'><strong>concubitus</strong></span> <span class='ocrx_word' id='word_1_371' title='bbox 2612 1148 2767 1214; x_wconf 87' lang='lat' dir='ltr'><strong>hora,</strong></span> <span class='ocrx_word' id='word_1_372' title='bbox 2819 1164 2923 1220; x_wconf 87' lang='lat' dir='ltr'><strong>qua</strong></span> <span class='ocrx_word' id='word_1_373' title='bbox 2972 1148 3220 1220; x_wconf 85' lang='lat' dir='ltr'><strong>perditur</strong></span> <span class='ocrx_word' id='word_1_374' title='bbox 3269 1149 3384 1205; x_wconf 89' lang='lat' dir='ltr'><strong>vita</strong></span> 
     </span>
    </p>
   </div>
   <div class='ocr_carea' id='block_1_55' title="bbox 1781 1235 3382 1309">
    <p class='ocr_par' dir='ltr' id='par_1_55' title="bbox 1781 1235 3382 1309">
     <span class='ocr_line' id='line_1_55' title="bbox 1781 1235 3382 1309; baseline 0 -18"><span class='ocrx_word' id='word_1_375' title='bbox 1781 1243 2003 1291; x_wconf 62' lang='lat' dir='ltr'><strong>eterna.</strong></span> <span class='ocrx_word' id='word_1_376' title='bbox 2037 1235 2217 1303; x_wconf 89' lang='lat' dir='ltr'><strong>Quod,</strong></span> <span class='ocrx_word' id='word_1_377' title='bbox 2265 1253 2417 1309; x_wconf 87' lang='lat' dir='ltr'><strong>rogo,</strong></span> <span class='ocrx_word' id='word_1_378' title='bbox 2467 1238 2901 1292; x_wconf 87' lang='lat' dir='ltr'><strong>emolumentum</strong></span> <span class='ocrx_word' id='word_1_379' title='bbox 2943 1237 3100 1293; x_wconf 72' lang='lat' dir='ltr'><strong>affert</strong></span> <span class='ocrx_word' id='word_1_380' title='bbox 3141 1238 3382 1308; x_wconf 85' lang='lat' dir='ltr'><strong>corpori,</strong></span> 
     </span>
    </p>
   </div>
   <div class='ocr_carea' id='block_1_56' title="bbox 1783 1323 3383 1399">
    <p class='ocr_par' dir='ltr' id='par_1_56' title="bbox 1783 1323 3383 1399">
     <span class='ocr_line' id='line_1_56' title="bbox 1783 1323 3383 1399; baseline 0.001 -21"><span class='ocrx_word' id='word_1_381' title='bbox 1783 1323 1999 1397; x_wconf 88' lang='lat' dir='ltr'><strong>quodve</strong></span> <span class='ocrx_word' id='word_1_382' title='bbox 2030 1324 2231 1380; x_wconf 87' lang='lat' dir='ltr'><strong>tribuit</strong></span> <span class='ocrx_word' id='word_1_383' title='bbox 2259 1326 2497 1394; x_wconf 91' lang='lat' dir='ltr'><strong>lucrum,</strong></span> <span class='ocrx_word' id='word_1_384' title='bbox 2543 1324 2601 1381; x_wconf 91' lang='lat' dir='ltr'><strong>id</strong></span> <span class='ocrx_word' id='word_1_385' title='bbox 2645 1324 2791 1399; x_wconf 92' lang='lat' dir='ltr'><strong>quod</strong></span> <span class='ocrx_word' id='word_1_386' title='bbox 2832 1332 2943 1381; x_wconf 87' lang='lat' dir='ltr'><strong>tam</strong></span> <span class='ocrx_word' id='word_1_387' title='bbox 2988 1326 3097 1383; x_wconf 90' lang='lat' dir='ltr'><strong>cito</strong></span> <span class='ocrx_word' id='word_1_388' title='bbox 3142 1325 3383 1381; x_wconf 88' lang='lat' dir='ltr'><strong>animam</strong></span> 
     </span>
    </p>
   </div>
   <div class='ocr_carea' id='block_1_57' title="bbox 1783 1411 2379 1471">
    <p class='ocr_par' dir='ltr' id='par_1_57' title="bbox 1783 1411 2379 1471">
     <span class='ocr_line' id='line_1_57' title="bbox 1783 1411 2379 1471; baseline 0.005 -3"><span class='ocrx_word' id='word_1_389' title='bbox 1783 1411 1939 1470; x_wconf 91' lang='lat' dir='ltr'><strong>ducit</strong></span> <span class='ocrx_word' id='word_1_390' title='bbox 1965 1411 2034 1468; x_wconf 90' lang='lat' dir='ltr'><strong>ad</strong></span> <span class='ocrx_word' id='word_1_391' title='bbox 2062 1420 2327 1469; x_wconf 90' lang='lat' dir='ltr'><strong>tartarum</strong></span> <span class='ocrx_word' id='word_1_392' title='bbox 2350 1415 2379 1471; x_wconf 82' lang='lat'><strong>?</strong></span> 
     </span>
    </p>
   </div>
   <div class='ocr_carea' id='block_1_58' title="bbox 2349 1550 2821 1609">
    <p class='ocr_par' dir='ltr' id='par_1_58' title="bbox 2349 1550 2821 1609">
     <span class='ocr_line' id='line_1_58' title="bbox 2349 1550 2821 1609; baseline 0 0"><span class='ocrx_word' id='word_1_393' title='bbox 2349 1550 2580 1609; x_wconf 87' lang='lat' dir='ltr'>CAPUT</span> <span class='ocrx_word' id='word_1_394' title='bbox 2614 1550 2821 1609; x_wconf 84' lang='lat' dir='ltr'><strong>XXIV.</strong></span> 
     </span>
    </p>
   </div>
   <div class='ocr_carea' id='block_1_59' title="bbox 2196 1651 2976 1726">
    <p class='ocr_par' dir='ltr' id='par_1_59' title="bbox 2196 1651 2976 1726">
     <span class='ocr_line' id='line_1_59' title="bbox 2196 1651 2976 1726; baseline -0.004 -16"><span class='ocrx_word' id='word_1_395' title='bbox 2196 1652 2471 1726; x_wconf 85' lang='lat' dir='ltr'><strong>Spiritalis</strong></span> <span class='ocrx_word' id='word_1_396' title='bbox 2497 1651 2784 1724; x_wconf 80' lang='lat' dir='ltr'><strong>fornicatio</strong></span> <span class='ocrx_word' id='word_1_397' title='bbox 2810 1651 2976 1707; x_wconf 84' lang='lat' dir='ltr'><strong>dicit:</strong></span> 
     </span>
    </p>
   </div>
   <div class='ocr_carea' id='block_1_60' title="bbox 1854 1768 3384 1847">
    <p class='ocr_par' dir='ltr' id='par_1_60' title="bbox 1854 1768 3384 1847">
     <span class='ocr_line' id='line_1_60' title="bbox 1854 1768 3384 1847; baseline -0.002 -16"><span class='ocrx_word' id='word_1_398' title='bbox 1854 1770 2137 1847; x_wconf 89' lang='lat' dir='ltr'><strong>Numquid</strong></span> <span class='ocrx_word' id='word_1_399' title='bbox 2167 1769 2539 1827; x_wconf 89' lang='lat' dir='ltr'><strong>damnandum</strong></span> <span class='ocrx_word' id='word_1_400' title='bbox 2570 1768 2783 1843; x_wconf 89' lang='lat' dir='ltr'><strong>aliquid</strong></span> <span class='ocrx_word' id='word_1_401' title='bbox 2804 1770 2915 1842; x_wconf 83' lang='lat' dir='ltr'><strong>agit</strong></span> <span class='ocrx_word' id='word_1_402' title='bbox 2945 1770 2991 1825; x_wconf 92' lang='lat' dir='ltr'><strong>is</strong></span> <span class='ocrx_word' id='word_1_403' title='bbox 3012 1769 3106 1843; x_wconf 90' lang='lat' dir='ltr'><strong>qui</strong></span> <span class='ocrx_word' id='word_1_404' title='bbox 3132 1770 3190 1826; x_wconf 91' lang='lat' dir='ltr'><strong>in</strong></span> <span class='ocrx_word' id='word_1_405' title='bbox 3220 1771 3384 1828; x_wconf 89' lang='lat' dir='ltr'><strong>corde</strong></span> 
     </span>
    </p>
   </div>
   <div class='ocr_carea' id='block_1_61' title="bbox 1702 1859 3385 1944">
    <p class='ocr_par' dir='ltr' id='par_1_61' title="bbox 1702 1859 3385 1944">
     <span class='ocr_line' id='line_1_61' title="bbox 1702 1859 3385 1944; baseline -0.001 -27"><span class='ocrx_word' id='word_1_406' title='bbox 1702 1882 1749 1944; x_wconf 78' lang='grc' dir='ltr'><strong>Β</strong></span> <span class='ocrx_word' id='word_1_407' title='bbox 1782 1861 2005 1920; x_wconf 87' lang='lat' dir='ltr'><strong>libidini</strong></span> <span class='ocrx_word' id='word_1_408' title='bbox 2055 1859 2351 1924; x_wconf 87' lang='lat' dir='ltr'><strong>consentit,</strong></span> <span class='ocrx_word' id='word_1_409' title='bbox 2402 1866 2456 1914; x_wconf 89' lang='lat' dir='ltr'><strong>et</strong></span> <span class='ocrx_word' id='word_1_410' title='bbox 2499 1859 2567 1915; x_wconf 91' lang='lat' dir='ltr'><strong>ad</strong></span> <span class='ocrx_word' id='word_1_411' title='bbox 2602 1875 2739 1931; x_wconf 90' lang='lat' dir='ltr'><strong>opus</strong></span> <span class='ocrx_word' id='word_1_412' title='bbox 2784 1859 3088 1931; x_wconf 82' lang='lat' dir='ltr'><strong>concupitae</strong></span> <span class='ocrx_word' id='word_1_413' title='bbox 3132 1859 3385 1916; x_wconf 90' lang='lat' dir='ltr'><strong>libidinis</strong></span> 
     </span>
    </p>
   </div>
   <div class='ocr_carea' id='block_1_62' title="bbox 1779 1947 3384 2024">
    <p class='ocr_par' dir='ltr' id='par_1_62' title="bbox 1779 1947 3384 2024">
     <span class='ocr_line' id='line_1_62' title="bbox 1779 1947 3384 2024; baseline -0.004 -15"><span class='ocrx_word' id='word_1_414' title='bbox 1779 1968 1891 2009; x_wconf 91' lang='lat' dir='ltr'><strong>non</strong></span> <span class='ocrx_word' id='word_1_415' title='bbox 1919 1948 2263 2024; x_wconf 75' lang='lat' dir='ltr'><strong>pertransit?</strong></span> <span class='ocrx_word' id='word_1_416' title='bbox 2295 1949 2455 2007; x_wconf 85' lang='lat' dir='ltr'><strong>Certe</strong></span> <span class='ocrx_word' id='word_1_417' title='bbox 2484 1963 2597 2004; x_wconf 90' lang='lat' dir='ltr'><strong>non</strong></span> <span class='ocrx_word' id='word_1_418' title='bbox 2631 1966 2642 2004; x_wconf 94' lang='lat'><strong>:</strong></span> <span class='ocrx_word' id='word_1_419' title='bbox 2686 1947 2814 2021; x_wconf 86' lang='lat' dir='ltr'><strong>quia</strong></span> <span class='ocrx_word' id='word_1_420' title='bbox 2842 1955 3147 2019; x_wconf 87' lang='lat' dir='ltr'><strong>peccatum,</strong></span> <span class='ocrx_word' id='word_1_421' title='bbox 3172 1957 3235 2005; x_wconf 91' lang='lat' dir='ltr'><strong>ut</strong></span> <span class='ocrx_word' id='word_1_422' title='bbox 3251 1948 3384 2005; x_wconf 91' lang='lat' dir='ltr'><strong>scri-</strong></span> 
     </span>
    </p>
   </div>
   <div class='ocr_carea' id='block_1_63' title="bbox 1728 2024 3386 2115">
    <p class='ocr_par' dir='ltr' id='par_1_63' title="bbox 1728 2024 3386 2115">
     <span class='ocr_line' id='line_1_63' title="bbox 1728 2024 3386 2115; baseline -0.004 -16"><span class='ocrx_word' id='word_1_423' title='bbox 1728 2024 1731 2027; x_wconf 21' lang='lat' dir='ltr'><strong>I</strong></span> <span class='ocrx_word' id='word_1_424' title='bbox 1776 2042 1863 2099; x_wconf 90' lang='lat' dir='ltr'><strong>bit</strong></span> <span class='ocrx_word' id='word_1_425' title='bbox 1894 2041 2214 2115; x_wconf 87' lang='lat' dir='ltr'><strong>Apostolus,</strong></span> <span class='ocrx_word' id='word_1_426' title='bbox 2245 2039 2395 2113; x_wconf 90' lang='lat' dir='ltr'><strong>quod</strong></span> <span class='ocrx_word' id='word_1_427' title='bbox 2441 2046 2882 2097; x_wconf 89' lang='lat' dir='ltr'><strong>consummatum</strong></span> <span class='ocrx_word' id='word_1_428' title='bbox 2930 2037 3117 2108; x_wconf 88' lang='lat' dir='ltr'><strong>fuerit,</strong></span> <span class='ocrx_word' id='word_1_429' title='bbox 3166 2045 3386 2111; x_wconf 82' lang='lat' dir='ltr'><strong>generat</strong></span> 
     </span>
    </p>
   </div>
   <div class='ocr_carea' id='block_1_64' title="bbox 1776 2131 2406 2207">
    <p class='ocr_par' dir='ltr' id='par_1_64' title="bbox 1776 2131 2406 2207">
     <span class='ocr_line' id='line_1_64' title="bbox 1776 2131 2406 2207; baseline -0.005 -17"><span class='ocrx_word' id='word_1_430' title='bbox 1776 2143 2013 2192; x_wconf 91' lang='lat' dir='ltr'><strong>mortem</strong></span> <span class='ocrx_word' id='word_1_431' title='bbox 2041 2134 2181 2207; x_wconf 86' lang='lat' dir='ltr'><strong>(Jac.</strong></span> <span class='ocrx_word' id='word_1_432' title='bbox 2218 2149 2255 2199; x_wconf 92' lang='lat'><strong>1,</strong></span> <span class='ocrx_word' id='word_1_433' title='bbox 2291 2131 2406 2199; x_wconf 85' lang='grc'>15).</span> 
     </span>
    </p>
   </div>
   <div class='ocr_carea' id='block_1_65' title="bbox 2096 2244 3056 2315">
    <p class='ocr_par' dir='ltr' id='par_1_65' title="bbox 2096 2244 3056 2315">
     <span class='ocr_line' id='line_1_65' title="bbox 2096 2244 3056 2315; baseline -0.001 -13"><span class='ocrx_word' id='word_1_434' title='bbox 2096 2246 2195 2303; x_wconf 87' lang='lat' dir='ltr'><strong>Sed</strong></span> <span class='ocrx_word' id='word_1_435' title='bbox 2233 2245 2501 2300; x_wconf 82' lang='lat' dir='ltr'><strong>munditia</strong></span> <span class='ocrx_word' id='word_1_436' title='bbox 2538 2244 2714 2299; x_wconf 82' lang='lat' dir='ltr'><strong>cordis</strong></span> <span class='ocrx_word' id='word_1_437' title='bbox 2750 2244 3056 2315; x_wconf 78' lang='lat' dir='ltr'><strong>respondet:</strong></span> 
     </span>
    </p>
   </div>
   <div class='ocr_carea' id='block_1_66' title="bbox 1851 2350 3386 2427">
    <p class='ocr_par' dir='ltr' id='par_1_66' title="bbox 1851 2350 3386 2427">
     <span class='ocr_line' id='line_1_66' title="bbox 1851 2350 3386 2427; baseline -0.001 -14"><span class='ocrx_word' id='word_1_438' title='bbox 1851 2356 2092 2415; x_wconf 90' lang='lat' dir='ltr'><strong>Omnino</strong></span> <span class='ocrx_word' id='word_1_439' title='bbox 2122 2353 2418 2427; x_wconf 87' lang='lat' dir='ltr'><strong>delinquit,</strong></span> <span class='ocrx_word' id='word_1_440' title='bbox 2452 2351 2547 2425; x_wconf 90' lang='lat' dir='ltr'><strong>qui</strong></span> <span class='ocrx_word' id='word_1_441' title='bbox 2572 2350 2754 2408; x_wconf 91' lang='lat' dir='ltr'><strong>cordis</strong></span> <span class='ocrx_word' id='word_1_442' title='bbox 2781 2353 3075 2423; x_wconf 82' lang='lat' dir='ltr'><strong>puritatem</strong></span> <span class='ocrx_word' id='word_1_443' title='bbox 3106 2352 3386 2427; x_wconf 88' lang='lat' dir='ltr'><strong>animique</strong></span> 
     </span>
    </p>
   </div>
   <div class='ocr_carea' id='block_1_67' title="bbox 1779 2440 3388 2506">
    <p class='ocr_par' dir='ltr' id='par_1_67' title="bbox 1779 2440 3388 2506">
     <span class='ocr_line' id='line_1_67' title="bbox 1779 2440 3388 2506; baseline -0.004 -2"><span class='ocrx_word' id='word_1_444' title='bbox 1779 2445 2166 2506; x_wconf 85' lang='lat' dir='ltr'><strong>castimoniam</strong></span> <span class='ocrx_word' id='word_1_445' title='bbox 2200 2460 2311 2499; x_wconf 91' lang='lat' dir='ltr'><strong>non</strong></span> <span class='ocrx_word' id='word_1_446' title='bbox 2347 2442 2608 2498; x_wconf 85' lang='lat' dir='ltr'><strong>custodit.</strong></span> <span class='ocrx_word' id='word_1_447' title='bbox 2660 2440 2872 2497; x_wconf 87' lang='lat' dir='ltr'><strong>Idcirco</strong></span> <span class='ocrx_word' id='word_1_448' title='bbox 2903 2449 2958 2496; x_wconf 88' lang='lat' dir='ltr'><strong>et</strong></span> <span class='ocrx_word' id='word_1_449' title='bbox 2985 2442 3166 2497; x_wconf 90' lang='lat' dir='ltr'><strong>omnis</strong></span> <span class='ocrx_word' id='word_1_450' title='bbox 3195 2452 3388 2499; x_wconf 88' lang='lat' dir='ltr'><strong>auctor</strong></span> 
     </span>
    </p>
   </div>
   <div class='ocr_carea' id='block_1_68' title="bbox 1782 2531 3385 2605">
    <p class='ocr_par' dir='ltr' id='par_1_68' title="bbox 1782 2531 3385 2605">
     <span class='ocr_line' id='line_1_68' title="bbox 1782 2531 3385 2605; baseline -0.004 -11"><span class='ocrx_word' id='word_1_451' title='bbox 1782 2536 2071 2593; x_wconf 68' lang='lat' dir='ltr'><strong>munditiae</strong></span> <span class='ocrx_word' id='word_1_452' title='bbox 2102 2535 2161 2590; x_wconf 91' lang='lat' dir='ltr'><strong>in</strong></span> <span class='ocrx_word' id='word_1_453' title='bbox 2188 2532 2491 2605; x_wconf 86' lang='lat' dir='ltr'><strong>Evangelio</strong></span> <span class='ocrx_word' id='word_1_454' title='bbox 2520 2531 2692 2588; x_wconf 89' lang='lat' dir='ltr'><strong>dicit:</strong></span> <span class='ocrx_word' id='word_1_455' title='bbox 2741 2556 2759 2577; x_wconf 75' lang='grc' dir='ltr'><strong>ε</strong></span> <span class='ocrx_word' id='word_1_456' title='bbox 2805 2531 2909 2598; x_wconf 88' lang='lat' dir='ltr'><strong>Qui</strong></span> <span class='ocrx_word' id='word_1_457' title='bbox 2944 2531 3144 2587; x_wconf 83' lang='lat' dir='ltr'><strong>viderit</strong></span> <span class='ocrx_word' id='word_1_458' title='bbox 3175 2533 3385 2588; x_wconf 87' lang='lat' dir='ltr'><strong>mulie—</strong></span> 
     </span>
    </p>
   </div>
   <div class='ocr_carea' id='block_1_69' title="bbox 1783 2618 3384 2695">
    <p class='ocr_par' dir='ltr' id='par_1_69' title="bbox 1783 2618 3384 2695">
     <span class='ocr_line' id='line_1_69' title="bbox 1783 2618 3384 2695; baseline -0.003 -13"><span class='ocrx_word' id='word_1_459' title='bbox 1783 2643 1895 2683; x_wconf 91' lang='lat' dir='ltr'><strong>rem</strong></span> <span class='ocrx_word' id='word_1_460' title='bbox 1926 2625 1990 2681; x_wconf 90' lang='lat' dir='ltr'><strong>ad</strong></span> <span class='ocrx_word' id='word_1_461' title='bbox 2021 2621 2522 2695; x_wconf 90' lang='lat' dir='ltr'><strong>concupiscendum</strong></span> <span class='ocrx_word' id='word_1_462' title='bbox 2538 2637 2679 2688; x_wconf 87' lang='lat' dir='ltr'><strong>eam,</strong></span> <span class='ocrx_word' id='word_1_463' title='bbox 2700 2618 2814 2691; x_wconf 91' lang='lat' dir='ltr'><strong>jam</strong></span> <span class='ocrx_word' id='word_1_464' title='bbox 2843 2619 3145 2676; x_wconf 75' lang='lat' dir='ltr'><strong>mmchatus</strong></span> <span class='ocrx_word' id='word_1_465' title='bbox 3164 2630 3243 2677; x_wconf 86' lang='lat' dir='ltr'><strong>est</strong></span> <span class='ocrx_word' id='word_1_466' title='bbox 3264 2638 3384 2678; x_wconf 87' lang='lat' dir='ltr'><strong>eam</strong></span> 
     </span>
    </p>
   </div>
   <div class='ocr_carea' id='block_1_70' title="bbox 1782 2709 3383 2783">
    <p class='ocr_par' dir='ltr' id='par_1_70' title="bbox 1782 2709 3383 2783">
     <span class='ocr_line' id='line_1_70' title="bbox 1782 2709 3383 2783; baseline -0.002 -14"><span class='ocrx_word' id='word_1_467' title='bbox 1782 2714 1837 2769; x_wconf 91' lang='lat' dir='ltr'><strong>in</strong></span> <span class='ocrx_word' id='word_1_468' title='bbox 1878 2712 2041 2770; x_wconf 90' lang='lat' dir='ltr'><strong>corde</strong></span> <span class='ocrx_word' id='word_1_469' title='bbox 2084 2730 2185 2768; x_wconf 91' lang='lat' dir='ltr'><strong>suo</strong></span> <span class='ocrx_word' id='word_1_470' title='bbox 2225 2711 2446 2783; x_wconf 83' lang='lat' dir='ltr'><strong>(Matth.</strong></span> <span class='ocrx_word' id='word_1_471' title='bbox 2478 2727 2532 2777; x_wconf 89' lang='lat' dir='ltr'><strong>v,</strong></span> <span class='ocrx_word' id='word_1_472' title='bbox 2565 2710 2681 2779; x_wconf 81' lang='lat'><strong>28).</strong></span> <span class='ocrx_word' id='word_1_473' title='bbox 2712 2733 2729 2757; x_wconf 76' lang='grc' dir='ltr'>ι</span> <span class='ocrx_word' id='word_1_474' title='bbox 2771 2709 2925 2764; x_wconf 89' lang='lat' dir='ltr'><strong>Unde</strong></span> <span class='ocrx_word' id='word_1_475' title='bbox 2955 2717 3009 2765; x_wconf 92' lang='lat' dir='ltr'><strong>et</strong></span> <span class='ocrx_word' id='word_1_476' title='bbox 3038 2726 3132 2781; x_wconf 89' lang='lat' dir='ltr'><strong>per</strong></span> <span class='ocrx_word' id='word_1_477' title='bbox 3162 2709 3383 2766; x_wconf 88' lang='lat' dir='ltr'><strong>beatum</strong></span> 
     </span>
    </p>
   </div>
   <div class='ocr_carea' id='block_1_71' title="bbox 1781 2799 3383 2873">
    <p class='ocr_par' dir='ltr' id='par_1_71' title="bbox 1781 2799 3383 2873">
     <span class='ocr_line' id='line_1_71' title="bbox 1781 2799 3383 2873; baseline -0.002 -14"><span class='ocrx_word' id='word_1_478' title='bbox 1781 2803 1882 2859; x_wconf 88' lang='lat' dir='ltr'><strong>Joh</strong></span> <span class='ocrx_word' id='word_1_479' title='bbox 1911 2803 2152 2859; x_wconf 90' lang='lat' dir='ltr'><strong>dicitur:</strong></span> <span class='ocrx_word' id='word_1_480' title='bbox 2199 2825 2217 2848; x_wconf 76' lang='grc' dir='ltr'>ι</span> <span class='ocrx_word' id='word_1_481' title='bbox 2248 2802 2446 2858; x_wconf 75' lang='lat' dir='ltr'><strong>Fmdus</strong></span> <span class='ocrx_word' id='word_1_482' title='bbox 2477 2800 2630 2873; x_wconf 91' lang='lat' dir='ltr'><strong>posui</strong></span> <span class='ocrx_word' id='word_1_483' title='bbox 2653 2816 2777 2855; x_wconf 91' lang='lat' dir='ltr'><strong>cum</strong></span> <span class='ocrx_word' id='word_1_484' title='bbox 2806 2799 2981 2855; x_wconf 90' lang='lat' dir='ltr'><strong>oculis</strong></span> <span class='ocrx_word' id='word_1_485' title='bbox 3010 2800 3165 2868; x_wconf 85' lang='lat' dir='ltr'><strong>meis,</strong></span> <span class='ocrx_word' id='word_1_486' title='bbox 3189 2809 3250 2856; x_wconf 90' lang='lat' dir='ltr'><strong>ut</strong></span> <span class='ocrx_word' id='word_1_487' title='bbox 3272 2816 3383 2856; x_wconf 89' lang='lat' dir='ltr'><strong>non</strong></span> 
     </span>
    </p>
   </div>
   <div class='ocr_carea' id='block_1_72' title="bbox 1783 2888 3385 2964">
    <p class='ocr_par' dir='ltr' id='par_1_72' title="bbox 1783 2888 3385 2964">
     <span class='ocr_line' id='line_1_72' title="bbox 1783 2888 3385 2964; baseline -0.003 -16"><span class='ocrx_word' id='word_1_488' title='bbox 1783 2892 2084 2964; x_wconf 83' lang='lat' dir='ltr'><strong>intelligam</strong></span> <span class='ocrx_word' id='word_1_489' title='bbox 2116 2907 2278 2963; x_wconf 90' lang='lat' dir='ltr'><strong>super</strong></span> <span class='ocrx_word' id='word_1_490' title='bbox 2308 2889 2577 2961; x_wconf 84' lang='lat' dir='ltr'><strong>virginem</strong></span> <span class='ocrx_word' id='word_1_491' title='bbox 2611 2889 2730 2960; x_wconf 85' lang='lat' dir='ltr'><strong>(Job</strong></span> <span class='ocrx_word' id='word_1_492' title='bbox 2761 2905 2916 2956; x_wconf 80' lang='lat' dir='ltr'><strong>xxxr,</strong></span> <span class='ocrx_word' id='word_1_493' title='bbox 2953 2889 3028 2959; x_wconf 92' lang='grc'>1).</span> <span class='ocrx_word' id='word_1_494' title='bbox 3094 2914 3110 2935; x_wconf 80' lang='grc' dir='ltr'><strong><em>ι</em></strong></span> <span class='ocrx_word' id='word_1_495' title='bbox 3149 2890 3221 2944; x_wconf 87' lang='lat' dir='ltr'><strong>Et</strong></span> <span class='ocrx_word' id='word_1_496' title='bbox 3249 2888 3385 2962; x_wconf 91' lang='lat' dir='ltr'><strong>quid</strong></span> 
     </span>
    </p>
   </div>
   <div class='ocr_carea' id='block_1_73' title="bbox 1782 2977 3384 3051">
    <p class='ocr_par' dir='ltr' id='par_1_73' title="bbox 1782 2977 3384 3051">
     <span class='ocr_line' id='line_1_73' title="bbox 1782 2977 3384 3051; baseline -0.002 -14"><span class='ocrx_word' id='word_1_497' title='bbox 1782 2981 1980 3037; x_wconf 78' lang='lat' dir='ltr'><strong>divisit</strong></span> <span class='ocrx_word' id='word_1_498' title='bbox 2011 2984 2154 3037; x_wconf 89' lang='lat' dir='ltr'><strong>Deus</strong></span> <span class='ocrx_word' id='word_1_499' title='bbox 2197 2980 2448 3051; x_wconf 87' lang='lat' dir='ltr'><strong>desuper,</strong></span> <span class='ocrx_word' id='word_1_500' title='bbox 2496 2985 2549 3034; x_wconf 91' lang='lat' dir='ltr'><strong>et</strong></span> <span class='ocrx_word' id='word_1_501' title='bbox 2600 2977 2891 3033; x_wconf 63' lang='lat' dir='ltr'><strong>haereditas</strong></span> <span class='ocrx_word' id='word_1_502' title='bbox 2941 2979 3266 3034; x_wconf 75' lang='lat' dir='ltr'><strong>sufficientis</strong></span> <span class='ocrx_word' id='word_1_503' title='bbox 3315 2995 3384 3033; x_wconf 82' lang='lat' dir='ltr'><strong>ex</strong></span> 
     </span>
    </p>
   </div>
   <div class='ocr_carea' id='block_1_74' title="bbox 1784 3058 3385 3139">
    <p class='ocr_par' dir='ltr' id='par_1_74' title="bbox 1784 3058 3385 3139">
     <span class='ocr_line' id='line_1_74' title="bbox 1784 3058 3385 3139; baseline -0.003 -12"><span class='ocrx_word' id='word_1_504' title='bbox 1784 3071 2112 3127; x_wconf 78' lang='lat' dir='ltr'><strong>altissimis?</strong></span> <span class='ocrx_word' id='word_1_505' title='bbox 2142 3069 2257 3126; x_wconf 87' lang='lat' dir='ltr'><strong>Nisi</strong></span> <span class='ocrx_word' id='word_1_506' title='bbox 2287 3058 2435 3124; x_wconf 85' lang='lat' dir='ltr'><strong>enim</strong></span> <span class='ocrx_word' id='word_1_507' title='bbox 2466 3070 2579 3123; x_wconf 89' lang='lat' dir='ltr'><strong>Deo</strong></span> <span class='ocrx_word' id='word_1_508' title='bbox 2609 3067 2821 3123; x_wconf 87' lang='lat' dir='ltr'><strong>auctori</strong></span> <span class='ocrx_word' id='word_1_509' title='bbox 2854 3075 3040 3122; x_wconf 89' lang='lat' dir='ltr'><strong>nostro</strong></span> <span class='ocrx_word' id='word_1_510' title='bbox 3070 3084 3249 3139; x_wconf 68' lang='lat' dir='ltr'><strong>prava:</strong></span> <span class='ocrx_word' id='word_1_511' title='bbox 3282 3084 3385 3123; x_wconf 82' lang='lat' dir='ltr'><strong>co-</strong></span> 
     </span>
    </p>
   </div>
   <div class='ocr_carea' id='block_1_75' title="bbox 1784 3157 3387 3232">
    <p class='ocr_par' dir='ltr' id='par_1_75' title="bbox 1784 3157 3387 3232">
     <span class='ocr_line' id='line_1_75' title="bbox 1784 3157 3387 3232; baseline -0.002 -17"><span class='ocrx_word' id='word_1_512' title='bbox 1784 3159 2067 3232; x_wconf 89' lang='lat' dir='ltr'><strong>gitationis</strong></span> <span class='ocrx_word' id='word_1_513' title='bbox 2117 3174 2415 3216; x_wconf 91' lang='lat' dir='ltr'><strong>consensus</strong></span> <span class='ocrx_word' id='word_1_514' title='bbox 2477 3157 2810 3229; x_wconf 84' lang='lat' dir='ltr'><strong>displiceret,</strong></span> <span class='ocrx_word' id='word_1_515' title='bbox 2879 3172 3221 3229; x_wconf 88' lang='lat' dir='ltr'><strong>nequaquam</strong></span> <span class='ocrx_word' id='word_1_516' title='bbox 3291 3171 3387 3229; x_wconf 89' lang='lat' dir='ltr'><strong>per</strong></span> 
     </span>
    </p>
   </div>
   <div class='ocr_carea' id='block_1_76' title="bbox 1704 3242 3383 3321">
    <p class='ocr_par' dir='ltr' id='par_1_76' title="bbox 1704 3242 3383 3321">
     <span class='ocr_line' id='line_1_76' title="bbox 1704 3242 3383 3321; baseline -0.003 -15"><span class='ocrx_word' id='word_1_517' title='bbox 1704 3242 1748 3302; x_wconf 82' lang='grc' dir='ltr'>Ο</span> <span class='ocrx_word' id='word_1_518' title='bbox 1783 3251 1977 3307; x_wconf 86' lang='lat' dir='ltr'><strong>Isaiam</strong></span> <span class='ocrx_word' id='word_1_519' title='bbox 2018 3250 2332 3306; x_wconf 83' lang='lat' dir='ltr'><strong>diceretur:</strong></span> <span class='ocrx_word' id='word_1_520' title='bbox 2378 3271 2398 3295; x_wconf 70' lang='grc' dir='ltr'><strong>α</strong></span> <span class='ocrx_word' id='word_1_521' title='bbox 2429 3248 2655 3304; x_wconf 82' lang='lat' dir='ltr'><strong>Auferte</strong></span> <span class='ocrx_word' id='word_1_522' title='bbox 2696 3248 2970 3321; x_wconf 89' lang='lat' dir='ltr'><strong>nequitias</strong></span> <span class='ocrx_word' id='word_1_523' title='bbox 2998 3247 3066 3302; x_wconf 90' lang='lat' dir='ltr'><strong>ab</strong></span> <span class='ocrx_word' id='word_1_524' title='bbox 3093 3247 3383 3302; x_wconf 90' lang='lat' dir='ltr'><strong>animabus</strong></span> 
     </span>
    </p>
   </div>
   <div class='ocr_carea' id='block_1_77' title="bbox 1782 3336 3382 3408">
    <p class='ocr_par' dir='ltr' id='par_1_77' title="bbox 1782 3336 3382 3408">
     <span class='ocr_line' id='line_1_77' title="bbox 1782 3336 3382 3408; baseline -0.003 -12"><span class='ocrx_word' id='word_1_525' title='bbox 1782 3340 1980 3397; x_wconf 90' lang='lat' dir='ltr'><strong>vestris</strong></span> <span class='ocrx_word' id='word_1_526' title='bbox 2011 3356 2194 3396; x_wconf 90' lang='lat' dir='ltr'><strong>coram</strong></span> <span class='ocrx_word' id='word_1_527' title='bbox 2224 3339 2399 3395; x_wconf 91' lang='lat' dir='ltr'><strong>oculis</strong></span> <span class='ocrx_word' id='word_1_528' title='bbox 2431 3337 2566 3393; x_wconf 90' lang='lat' dir='ltr'><strong>meis</strong></span> <span class='ocrx_word' id='word_1_529' title='bbox 2596 3337 2736 3406; x_wconf 85' lang='lat' dir='ltr'><strong>(Isa.</strong></span> <span class='ocrx_word' id='word_1_530' title='bbox 2770 3354 2808 3404; x_wconf 89' lang='lat'><strong>1,</strong></span> <span class='ocrx_word' id='word_1_531' title='bbox 2843 3337 2956 3408; x_wconf 87' lang='grc'>16),</span> <span class='ocrx_word' id='word_1_532' title='bbox 2984 3361 3002 3384; x_wconf 72' lang='grc' dir='ltr'><strong>ο</strong></span> <span class='ocrx_word' id='word_1_533' title='bbox 3036 3343 3091 3392; x_wconf 91' lang='lat' dir='ltr'><strong>et</strong></span> <span class='ocrx_word' id='word_1_534' title='bbox 3121 3336 3178 3391; x_wconf 92' lang='lat' dir='ltr'><strong>in</strong></span> <span class='ocrx_word' id='word_1_535' title='bbox 3202 3338 3382 3391; x_wconf 86' lang='lat' dir='ltr'><strong>Evan-</strong></span> 
     </span>
    </p>
   </div>
   <div class='ocr_carea' id='block_1_78' title="bbox 1783 3422 3374 3502">
    <p class='ocr_par' dir='ltr' id='par_1_78' title="bbox 1783 3422 3374 3502">
     <span class='ocr_line' id='line_1_78' title="bbox 1783 3422 3374 3502; baseline -0.004 -17"><span class='ocrx_word' id='word_1_536' title='bbox 1783 3429 1924 3502; x_wconf 86' lang='lat' dir='ltr'><strong>gelio</strong></span> <span class='ocrx_word' id='word_1_537' title='bbox 1953 3428 2213 3484; x_wconf 88' lang='lat' dir='ltr'><strong>adversus</strong></span> <span class='ocrx_word' id='word_1_538' title='bbox 2238 3426 2540 3483; x_wconf 76' lang='lat' dir='ltr'><strong>Pharisaeos</strong></span> <span class='ocrx_word' id='word_1_539' title='bbox 2569 3441 2681 3481; x_wconf 90' lang='lat' dir='ltr'><strong>non</strong></span> <span class='ocrx_word' id='word_1_540' title='bbox 2710 3424 2985 3479; x_wconf 86' lang='lat' dir='ltr'><strong>diceretur</strong></span> <span class='ocrx_word' id='word_1_541' title='bbox 3012 3441 3024 3478; x_wconf 93' lang='lat'><strong>:</strong></span> <span class='ocrx_word' id='word_1_542' title='bbox 3066 3447 3084 3469; x_wconf 79' lang='grc' dir='ltr'>ι</span> <span class='ocrx_word' id='word_1_543' title='bbox 3127 3424 3196 3479; x_wconf 89' lang='lat' dir='ltr'><strong>Ut</strong></span> <span class='ocrx_word' id='word_1_544' title='bbox 3238 3422 3374 3495; x_wconf 91' lang='lat' dir='ltr'><strong>quid</strong></span> 
     </span>
    </p>
   </div>
   <div class='ocr_carea' id='block_1_79' title="bbox 1782 3513 3357 3590">
    <p class='ocr_par' dir='ltr' id='par_1_79' title="bbox 1782 3513 3357 3590">
     <span class='ocr_line' id='line_1_79' title="bbox 1782 3513 3357 3590; baseline -0.004 -16"><span class='ocrx_word' id='word_1_545' title='bbox 1782 3518 2034 3590; x_wconf 87' lang='lat' dir='ltr'><strong>cogitatis</strong></span> <span class='ocrx_word' id='word_1_546' title='bbox 2066 3518 2206 3575; x_wconf 89' lang='lat' dir='ltr'><strong>mala</strong></span> <span class='ocrx_word' id='word_1_547' title='bbox 2234 3518 2291 3572; x_wconf 92' lang='lat' dir='ltr'><strong>in</strong></span> <span class='ocrx_word' id='word_1_548' title='bbox 2321 3515 2581 3573; x_wconf 88' lang='lat' dir='ltr'><strong>cordibus</strong></span> <span class='ocrx_word' id='word_1_549' title='bbox 2612 3514 2809 3571; x_wconf 87' lang='lat' dir='ltr'><strong>vestris</strong></span> <span class='ocrx_word' id='word_1_550' title='bbox 2840 3514 3057 3586; x_wconf 85' lang='lat' dir='ltr'><strong>(Matth.</strong></span> <span class='ocrx_word' id='word_1_551' title='bbox 3097 3528 3174 3582; x_wconf 83' lang='lat' dir='ltr'><strong>1x,</strong></span> <span class='ocrx_word' id='word_1_552' title='bbox 3201 3513 3357 3585; x_wconf 67' lang='grc' dir='ltr'><strong>Μεγῗι</strong></span> 
     </span>
    </p>
   </div>
   <div class='ocr_carea' id='block_1_80' title="bbox 1781 3609 3381 3683">
    <p class='ocr_par' dir='ltr' id='par_1_80' title="bbox 1781 3609 3381 3683">
     <span class='ocr_line' id='line_1_80' title="bbox 1781 3609 3381 3683; baseline -0.002 -16"><span class='ocrx_word' id='word_1_553' title='bbox 1781 3612 1886 3668; x_wconf 86' lang='lat' dir='ltr'><strong>Sed</strong></span> <span class='ocrx_word' id='word_1_554' title='bbox 1925 3628 2026 3667; x_wconf 88' lang='lat' dir='ltr'><strong>nec</strong></span> <span class='ocrx_word' id='word_1_555' title='bbox 2064 3612 2265 3668; x_wconf 89' lang='lat' dir='ltr'><strong>Paulus</strong></span> <span class='ocrx_word' id='word_1_556' title='bbox 2294 3612 2578 3683; x_wconf 87' lang='lat' dir='ltr'><strong>apostolus</strong></span> <span class='ocrx_word' id='word_1_557' title='bbox 2615 3610 2873 3667; x_wconf 84' lang='lat' dir='ltr'><strong>Romanis</strong></span> <span class='ocrx_word' id='word_1_558' title='bbox 2909 3609 3205 3666; x_wconf 84' lang='lat' dir='ltr'><strong>scriberet:</strong></span> <span class='ocrx_word' id='word_1_559' title='bbox 3255 3634 3273 3656; x_wconf 87' lang='grc'><em>‹</em></span> <span class='ocrx_word' id='word_1_560' title='bbox 3310 3610 3381 3664; x_wconf 83' lang='grc' dir='ltr'><strong>Ει</strong></span> 
     </span>
    </p>
   </div>
   <div class='ocr_carea' id='block_1_81' title="bbox 1782 3699 3383 3773">
    <p class='ocr_par' dir='ltr' id='par_1_81' title="bbox 1782 3699 3383 3773">
     <span class='ocr_line' id='line_1_81' title="bbox 1782 3699 3383 3773; baseline -0.001 -16"><span class='ocrx_word' id='word_1_561' title='bbox 1782 3702 1926 3757; x_wconf 89' lang='lat' dir='ltr'><strong>inter</strong></span> <span class='ocrx_word' id='word_1_562' title='bbox 1971 3716 2029 3758; x_wconf 90' lang='lat' dir='ltr'><strong>se</strong></span> <span class='ocrx_word' id='word_1_563' title='bbox 2077 3700 2507 3773; x_wconf 86' lang='lat' dir='ltr'><strong>cogitationibus</strong></span> <span class='ocrx_word' id='word_1_564' title='bbox 2534 3699 2790 3765; x_wconf 79' lang='lat' dir='ltr'><strong>invicem</strong></span> <span class='ocrx_word' id='word_1_565' title='bbox 2834 3699 3240 3764; x_wconf 87' lang='lat' dir='ltr'><strong>accusantibus,</strong></span> <span class='ocrx_word' id='word_1_566' title='bbox 3287 3706 3383 3755; x_wconf 90' lang='lat' dir='ltr'><strong>aut</strong></span> 
     </span>
    </p>
   </div>
   <div class='ocr_carea' id='block_1_82' title="bbox 1781 3787 3380 3860">
    <p class='ocr_par' dir='ltr' id='par_1_82' title="bbox 1781 3787 3380 3860">
     <span class='ocr_line' id='line_1_82' title="bbox 1781 3787 3380 3860; baseline -0.002 -13"><span class='ocrx_word' id='word_1_567' title='bbox 1781 3790 1947 3847; x_wconf 87' lang='lat' dir='ltr'><strong>etiam</strong></span> <span class='ocrx_word' id='word_1_568' title='bbox 1983 3789 2427 3857; x_wconf 84' lang='lat' dir='ltr'><strong>defendentibus,</strong></span> <span class='ocrx_word' id='word_1_569' title='bbox 2478 3789 2538 3843; x_wconf 90' lang='lat' dir='ltr'><strong>in</strong></span> <span class='ocrx_word' id='word_1_570' title='bbox 2568 3788 2658 3845; x_wconf 88' lang='lat' dir='ltr'><strong>die</strong></span> <span class='ocrx_word' id='word_1_571' title='bbox 2682 3804 2787 3860; x_wconf 89' lang='lat' dir='ltr'><strong>qua</strong></span> <span class='ocrx_word' id='word_1_572' title='bbox 2808 3787 3080 3859; x_wconf 90' lang='lat' dir='ltr'><strong>judicabit</strong></span> <span class='ocrx_word' id='word_1_573' title='bbox 3104 3790 3250 3844; x_wconf 89' lang='lat' dir='ltr'><strong>Deus</strong></span> <span class='ocrx_word' id='word_1_574' title='bbox 3278 3804 3380 3844; x_wconf 92' lang='lat' dir='ltr'><strong>oc-</strong></span> 
     </span>
    </p>
   </div>
   <div class='ocr_carea' id='block_1_83' title="bbox 1780 3876 3382 3949">
    <p class='ocr_par' dir='ltr' id='par_1_83' title="bbox 1780 3876 3382 3949">
     <span class='ocr_line' id='line_1_83' title="bbox 1780 3876 3382 3949; baseline -0.003 -12"><span class='ocrx_word' id='word_1_575' title='bbox 1780 3881 1930 3938; x_wconf 88' lang='lat' dir='ltr'><strong>culta</strong></span> <span class='ocrx_word' id='word_1_576' title='bbox 1958 3879 2270 3948; x_wconf 89' lang='lat' dir='ltr'><strong>hominum,</strong></span> <span class='ocrx_word' id='word_1_577' title='bbox 2303 3877 2603 3935; x_wconf 90' lang='lat' dir='ltr'><strong>secundum</strong></span> <span class='ocrx_word' id='word_1_578' title='bbox 2652 3876 3015 3949; x_wconf 86' lang='lat' dir='ltr'><strong>Evangelium</strong></span> <span class='ocrx_word' id='word_1_579' title='bbox 3058 3893 3243 3933; x_wconf 87' lang='lat' dir='ltr'><strong>meum</strong></span> <span class='ocrx_word' id='word_1_580' title='bbox 3285 3893 3382 3948; x_wconf 89' lang='lat' dir='ltr'><strong>per</strong></span> 
     </span>
    </p>
   </div>
   <div class='ocr_carea' id='block_1_84' title="bbox 1780 3966 2781 4043">
    <p class='ocr_par' dir='ltr' id='par_1_84' title="bbox 1780 3966 2781 4043">
     <span class='ocr_line' id='line_1_84' title="bbox 1780 3966 2781 4043; baseline -0.005 -17"><span class='ocrx_word' id='word_1_581' title='bbox 1780 3969 1962 4027; x_wconf 88' lang='lat' dir='ltr'><strong>Jesum</strong></span> <span class='ocrx_word' id='word_1_582' title='bbox 1994 3968 2275 4027; x_wconf 91' lang='lat' dir='ltr'><strong>Christum</strong></span> <span class='ocrx_word' id='word_1_583' title='bbox 2310 3969 2485 4043; x_wconf 86' lang='lat' dir='ltr'><strong>(Rom.</strong></span> <span class='ocrx_word' id='word_1_584' title='bbox 2520 3984 2583 4035; x_wconf 89' lang='lat'><strong>11,</strong></span> <span class='ocrx_word' id='word_1_585' title='bbox 2618 3966 2729 4037; x_wconf 81' lang='grc'>15).</span> <span class='ocrx_word' id='word_1_586' title='bbox 2762 3990 2781 4015; x_wconf 78' lang='grc' dir='ltr'><strong>ι</strong></span> 
     </span>
    </p>
   </div>
   <div class='ocr_carea' id='block_1_85' title="bbox 2370 4100 2797 4160">
    <p class='ocr_par' dir='ltr' id='par_1_85' title="bbox 2370 4100 2797 4160">
     <span class='ocr_line' id='line_1_85' title="bbox 2370 4100 2797 4160; baseline -0.005 -1"><span class='ocrx_word' id='word_1_587' title='bbox 2370 4101 2596 4160; x_wconf 92' lang='lat' dir='ltr'><strong>CAPUT</strong></span> <span class='ocrx_word' id='word_1_588' title='bbox 2617 4100 2797 4159; x_wconf 82' lang='lat' dir='ltr'>XXV.</span> 
     </span>
    </p>
   </div>
   <div class='ocr_carea' id='block_1_86' title="bbox 2299 4197 2870 4255">
    <p class='ocr_par' dir='ltr' id='par_1_86' title="bbox 2299 4197 2870 4255">
     <span class='ocr_line' id='line_1_86' title="bbox 2299 4197 2870 4255; baseline -0.002 -1"><span class='ocrx_word' id='word_1_589' title='bbox 2299 4198 2469 4254; x_wconf 81' lang='lat' dir='ltr'><strong>Amor</strong></span> <span class='ocrx_word' id='word_1_590' title='bbox 2496 4198 2673 4255; x_wconf 67' lang='lat' dir='ltr'><strong>saeculi</strong></span> <span class='ocrx_word' id='word_1_591' title='bbox 2701 4197 2830 4254; x_wconf 80' lang='lat' dir='ltr'><strong>dicit</strong></span> <span class='ocrx_word' id='word_1_592' title='bbox 2854 4214 2870 4253; x_wconf 92' lang='lat'><strong>:</strong></span> 
     </span>
    </p>
   </div>
   <div class='ocr_carea' id='block_1_87' title="bbox 1852 4311 3380 4388">
    <p class='ocr_par' dir='ltr' id='par_1_87' title="bbox 1852 4311 3380 4388">
     <span class='ocr_line' id='line_1_87' title="bbox 1852 4311 3380 4388; baseline 0 -19"><span class='ocrx_word' id='word_1_593' title='bbox 1852 4312 1999 4381; x_wconf 90' lang='lat' dir='ltr'><strong>Quid</strong></span> <span class='ocrx_word' id='word_1_594' title='bbox 2030 4311 2338 4385; x_wconf 90' lang='lat' dir='ltr'><strong>pulchrius,</strong></span> <span class='ocrx_word' id='word_1_595' title='bbox 2372 4314 2506 4387; x_wconf 91' lang='lat' dir='ltr'><strong>quid</strong></span> <span class='ocrx_word' id='word_1_596' title='bbox 2534 4313 2839 4383; x_wconf 91' lang='lat' dir='ltr'><strong>honestius,</strong></span> <span class='ocrx_word' id='word_1_597' title='bbox 2891 4312 3026 4388; x_wconf 90' lang='lat' dir='ltr'><strong>quid</strong></span> <span class='ocrx_word' id='word_1_598' title='bbox 3072 4314 3380 4382; x_wconf 88' lang='lat' dir='ltr'><strong>venustius,</strong></span> 
     </span>
    </p>
   </div>
   <div class='ocr_carea' id='block_1_88' title="bbox 1783 4402 3380 4477">
    <p class='ocr_par' dir='ltr' id='par_1_88' title="bbox 1783 4402 3380 4477">
     <span class='ocr_line' id='line_1_88' title="bbox 1783 4402 3380 4477; baseline 0 -19"><span class='ocrx_word' id='word_1_599' title='bbox 1783 4402 1987 4475; x_wconf 90' lang='lat' dir='ltr'><strong>quidve</strong></span> <span class='ocrx_word' id='word_1_600' title='bbox 2017 4410 2195 4474; x_wconf 89' lang='lat' dir='ltr'><strong>potest</strong></span> <span class='ocrx_word' id='word_1_601' title='bbox 2222 4418 2337 4459; x_wconf 91' lang='lat' dir='ltr'><strong>esse</strong></span> <span class='ocrx_word' id='word_1_602' title='bbox 2367 4402 2774 4471; x_wconf 87' lang='lat' dir='ltr'><strong>delectabilius,</strong></span> <span class='ocrx_word' id='word_1_603' title='bbox 2807 4419 2971 4475; x_wconf 89' lang='lat' dir='ltr'><strong>quam</strong></span> <span class='ocrx_word' id='word_1_604' title='bbox 2993 4404 3140 4477; x_wconf 90' lang='lat' dir='ltr'><strong>quod</strong></span> <span class='ocrx_word' id='word_1_605' title='bbox 3169 4403 3227 4457; x_wconf 90' lang='lat' dir='ltr'><strong>in</strong></span> <span class='ocrx_word' id='word_1_606' title='bbox 3252 4419 3380 4473; x_wconf 67' lang='lat' dir='ltr'><strong>pra)-</strong></span> 
     </span>
    </p>
   </div>
   <div class='ocr_carea' id='block_1_89' title="bbox 1781 4491 3380 4566">
    <p class='ocr_par' dir='ltr' id='par_1_89' title="bbox 1781 4491 3380 4566">
     <span class='ocr_line' id='line_1_89' title="bbox 1781 4491 3380 4566; baseline -0.002 -17"><span class='ocrx_word' id='word_1_607' title='bbox 1781 4492 1924 4549; x_wconf 87' lang='lat' dir='ltr'><strong>senti</strong></span> <span class='ocrx_word' id='word_1_608' title='bbox 1972 4492 2088 4549; x_wconf 89' lang='lat' dir='ltr'><strong>vita</strong></span> <span class='ocrx_word' id='word_1_609' title='bbox 2141 4493 2388 4566; x_wconf 90' lang='lat' dir='ltr'><strong>quotidie</strong></span> <span class='ocrx_word' id='word_1_610' title='bbox 2432 4492 2760 4549; x_wconf 78' lang='lat' dir='ltr'><strong>cernimus?</strong></span> <span class='ocrx_word' id='word_1_611' title='bbox 2807 4492 2851 4545; x_wconf 93' lang='lat'>0</span> <span class='ocrx_word' id='word_1_612' title='bbox 2900 4507 3063 4563; x_wconf 90' lang='lat' dir='ltr'><strong>quam</strong></span> <span class='ocrx_word' id='word_1_613' title='bbox 3110 4491 3380 4546; x_wconf 86' lang='lat' dir='ltr'><strong>mirabilis</strong></span> 
     </span>
    </p>
   </div>
   <div class='ocr_carea' id='block_1_90' title="bbox 87 4578 3379 4660">
    <p class='ocr_par' dir='ltr' id='par_1_90' title="bbox 87 4578 3379 4660">
     <span class='ocr_line' id='line_1_90' title="bbox 87 4578 3379 4660; baseline -0.001 -26"><span class='ocrx_word' id='word_1_614' title='bbox 87 4585 356 4660; x_wconf 49' lang='lat' dir='ltr'><strong>acceptum</strong></span> <span class='ocrx_word' id='word_1_615' title='bbox 386 4586 747 4651; x_wconf 89' lang='lat' dir='ltr'><strong>pertranseat,</strong></span> <span class='ocrx_word' id='word_1_616' title='bbox 787 4581 1038 4654; x_wconf 86' lang='lat' dir='ltr'><strong>ignorare</strong></span> <span class='ocrx_word' id='word_1_617' title='bbox 1066 4589 1119 4638; x_wconf 91' lang='lat' dir='ltr'><strong>te</strong></span> <span class='ocrx_word' id='word_1_618' title='bbox 1149 4582 1310 4638; x_wconf 91' lang='lat' dir='ltr'><strong>dicis.</strong></span> <span class='ocrx_word' id='word_1_619' title='bbox 1354 4581 1513 4649; x_wconf 91' lang='lat' dir='ltr'><strong>Quod</strong></span> <span class='ocrx_word' id='word_1_620' title='bbox 1544 4597 1673 4638; x_wconf 89' lang='lat' dir='ltr'><strong>vero</strong></span> <span class='ocrx_word' id='word_1_621' title='bbox 1702 4601 1751 4660; x_wconf 81' lang='lat' dir='ltr'><strong>D</strong></span> <span class='ocrx_word' id='word_1_622' title='bbox 1780 4581 1904 4639; x_wconf 75' lang='grc' dir='ltr'><strong>οωιὶ</strong></span> <span class='ocrx_word' id='word_1_623' title='bbox 1934 4597 2147 4637; x_wconf 89' lang='lat' dir='ltr'><strong>camera</strong></span> <span class='ocrx_word' id='word_1_624' title='bbox 2194 4582 2252 4637; x_wconf 91' lang='lat' dir='ltr'><strong>in</strong></span> <span class='ocrx_word' id='word_1_625' title='bbox 2292 4598 2413 4637; x_wconf 88' lang='lat' dir='ltr'><strong>aere</strong></span> <span class='ocrx_word' id='word_1_626' title='bbox 2451 4580 2719 4652; x_wconf 83' lang='lat' dir='ltr'><strong>jucunde,</strong></span> <span class='ocrx_word' id='word_1_627' title='bbox 2772 4578 2831 4632; x_wconf 92' lang='lat' dir='ltr'><strong>in</strong></span> <span class='ocrx_word' id='word_1_628' title='bbox 2878 4579 3088 4634; x_wconf 90' lang='lat' dir='ltr'><strong>lumine</strong></span> <span class='ocrx_word' id='word_1_629' title='bbox 3128 4578 3279 4645; x_wconf 79' lang='lat' dir='ltr'><strong>solis,</strong></span> <span class='ocrx_word' id='word_1_630' title='bbox 3320 4578 3379 4633; x_wconf 90' lang='lat' dir='ltr'><strong>in</strong></span> 
     </span>
    </p>
   </div>
   <div class='ocr_carea' id='block_1_91' title="bbox 92 4657 1672 4741">
    <p class='ocr_par' dir='ltr' id='par_1_91' title="bbox 92 4657 1672 4741">
     <span class='ocr_line' id='line_1_91' title="bbox 92 4657 1672 4741; baseline 0.007 -24"><span class='ocrx_word' id='word_1_631' title='bbox 92 4657 143 4715; x_wconf 86' lang='lat' dir='ltr'><strong>in</strong></span> <span class='ocrx_word' id='word_1_632' title='bbox 168 4667 392 4724; x_wconf 81' lang='lat' dir='ltr'><strong>exordio</strong></span> <span class='ocrx_word' id='word_1_633' title='bbox 429 4668 643 4741; x_wconf 85' lang='lat' dir='ltr'><strong>generis</strong></span> <span class='ocrx_word' id='word_1_634' title='bbox 681 4669 908 4726; x_wconf 89' lang='lat' dir='ltr'><strong>humani</strong></span> <span class='ocrx_word' id='word_1_635' title='bbox 935 4670 1003 4726; x_wconf 92' lang='lat' dir='ltr'><strong>ad</strong></span> <span class='ocrx_word' id='word_1_636' title='bbox 1032 4670 1138 4727; x_wconf 90' lang='lat' dir='ltr'><strong>hoc</strong></span> <span class='ocrx_word' id='word_1_637' title='bbox 1166 4671 1468 4727; x_wconf 88' lang='lat' dir='ltr'><strong>masculum</strong></span> <span class='ocrx_word' id='word_1_638' title='bbox 1501 4678 1554 4727; x_wconf 91' lang='lat' dir='ltr'><strong>et</strong></span> <span class='ocrx_word' id='word_1_639' title='bbox 1582 4671 1672 4728; x_wconf 90' lang='lat' dir='ltr'><strong>fe-</strong></span> 
     </span>
    </p>
   </div>
   <div class='ocr_carea' id='block_1_92' title="bbox 94 4750 1673 4832">
    <p class='ocr_par' dir='ltr' id='par_1_92' title="bbox 94 4750 1673 4832">
     <span class='ocr_line' id='line_1_92' title="bbox 94 4750 1673 4832; baseline 0.008 -30"><span class='ocrx_word' id='word_1_640' title='bbox 94 4750 290 4810; x_wconf 90' lang='lat' dir='ltr'><strong>minam</strong></span> <span class='ocrx_word' id='word_1_641' title='bbox 317 4758 493 4813; x_wconf 89' lang='lat' dir='ltr'><strong>Deum</strong></span> <span class='ocrx_word' id='word_1_642' title='bbox 523 4773 835 4829; x_wconf 76' lang='lat' dir='ltr'><strong>procreasse</strong></span> <span class='ocrx_word' id='word_1_643' title='bbox 862 4758 1136 4832; x_wconf 85' lang='lat' dir='ltr'><strong>proﬁteris</strong></span> <span class='ocrx_word' id='word_1_644' title='bbox 1188 4759 1343 4831; x_wconf 87' lang='lat' dir='ltr'><strong>(Gen.</strong></span> <span class='ocrx_word' id='word_1_645' title='bbox 1379 4777 1418 4828; x_wconf 88' lang='lat'><strong>1,</strong></span> <span class='ocrx_word' id='word_1_646' title='bbox 1455 4759 1571 4831; x_wconf 81' lang='lat'><strong>27),</strong></span> <span class='ocrx_word' id='word_1_647' title='bbox 1610 4768 1673 4815; x_wconf 91' lang='lat' dir='ltr'><strong>ut</strong></span> 
     </span>
    </p>
   </div>
   <div class='ocr_carea' id='block_1_93' title="bbox 95 4842 1673 4918">
    <p class='ocr_par' dir='ltr' id='par_1_93' title="bbox 95 4842 1673 4918">
     <span class='ocr_line' id='line_1_93' title="bbox 95 4842 1673 4918; baseline 0.008 -25"><span class='ocrx_word' id='word_1_648' title='bbox 95 4842 287 4898; x_wconf 90' lang='lat' dir='ltr'><strong>mutuis</strong></span> <span class='ocrx_word' id='word_1_649' title='bbox 314 4860 370 4900; x_wconf 92' lang='lat' dir='ltr'><strong>se</strong></span> <span class='ocrx_word' id='word_1_650' title='bbox 402 4846 752 4918; x_wconf 84' lang='lat' dir='ltr'><strong>amplexibus</strong></span> <span class='ocrx_word' id='word_1_651' title='bbox 777 4846 994 4905; x_wconf 82' lang='lat' dir='ltr'><strong>misceri</strong></span> <span class='ocrx_word' id='word_1_652' title='bbox 1025 4847 1276 4916; x_wconf 89' lang='lat' dir='ltr'><strong>debeant,</strong></span> <span class='ocrx_word' id='word_1_653' title='bbox 1308 4848 1537 4904; x_wconf 91' lang='lat' dir='ltr'><strong>omnino</strong></span> <span class='ocrx_word' id='word_1_654' title='bbox 1566 4866 1673 4906; x_wconf 72' lang='lat' dir='ltr'><strong>ve-</strong></span> 
     </span>
    </p>
   </div>
   <div class='ocr_carea' id='block_1_94' title="bbox 93 4930 1669 5009">
    <p class='ocr_par' dir='ltr' id='par_1_94' title="bbox 93 4930 1669 5009">
     <span class='ocr_line' id='line_1_94' title="bbox 93 4930 1669 5009; baseline 0.008 -28"><span class='ocrx_word' id='word_1_655' title='bbox 93 4940 203 4985; x_wconf 87' lang='lat' dir='ltr'><strong>rum</strong></span> <span class='ocrx_word' id='word_1_656' title='bbox 242 4930 378 4990; x_wconf 85' lang='lat' dir='ltr'><strong>dicis</strong></span> <span class='ocrx_word' id='word_1_657' title='bbox 420 4933 479 4990; x_wconf 89' lang='lat' dir='ltr'><strong>in</strong></span> <span class='ocrx_word' id='word_1_658' title='bbox 522 4935 843 5009; x_wconf 87' lang='lat' dir='ltr'><strong>aliquibus:</strong></span> <span class='ocrx_word' id='word_1_659' title='bbox 891 4936 986 4994; x_wconf 90' lang='lat' dir='ltr'><strong>sed</strong></span> <span class='ocrx_word' id='word_1_660' title='bbox 1030 4944 1316 5009; x_wconf 89' lang='lat' dir='ltr'><strong>postquam</strong></span> <span class='ocrx_word' id='word_1_661' title='bbox 1367 4936 1669 4994; x_wconf 88' lang='lat' dir='ltr'><strong>humanum</strong></span> 
     </span>
    </p>
   </div>
   <div class='ocr_carea' id='block_1_95' title="bbox 95 5022 1671 5098">
    <p class='ocr_par' dir='ltr' id='par_1_95' title="bbox 95 5022 1671 5098">
     <span class='ocr_line' id='line_1_95' title="bbox 95 5022 1671 5098; baseline 0.008 -28"><span class='ocrx_word' id='word_1_662' title='bbox 95 5028 248 5085; x_wconf 81' lang='lat' dir='ltr'><strong>genus</strong></span> <span class='ocrx_word' id='word_1_663' title='bbox 275 5027 386 5077; x_wconf 87' lang='lat' dir='ltr'><strong>tam</strong></span> <span class='ocrx_word' id='word_1_664' title='bbox 418 5022 577 5096; x_wconf 88' lang='lat' dir='ltr'><strong>longe</strong></span> <span class='ocrx_word' id='word_1_665' title='bbox 622 5025 835 5098; x_wconf 88' lang='lat' dir='ltr'><strong>lateque</strong></span> <span class='ocrx_word' id='word_1_666' title='bbox 882 5034 1236 5098; x_wconf 89' lang='lat' dir='ltr'><strong>propagatum</strong></span> <span class='ocrx_word' id='word_1_667' title='bbox 1280 5032 1382 5095; x_wconf 87' lang='lat' dir='ltr'><strong>est,</strong></span> <span class='ocrx_word' id='word_1_668' title='bbox 1426 5026 1671 5083; x_wconf 90' lang='lat' dir='ltr'><strong>nubendi</strong></span> 
     </span>
    </p>
   </div>
   <div class='ocr_carea' id='block_1_96' title="bbox 94 5100 1672 5189">
    <p class='ocr_par' dir='ltr' id='par_1_96' title="bbox 94 5100 1672 5189">
     <span class='ocr_line' id='line_1_96' title="bbox 94 5100 1672 5189; baseline 0.008 -29"><span class='ocrx_word' id='word_1_669' title='bbox 94 5100 300 5166; x_wconf 86' lang='lat' dir='ltr'><strong>licentia</strong></span> <span class='ocrx_word' id='word_1_670' title='bbox 329 5112 657 5184; x_wconf 89' lang='lat' dir='ltr'><strong>quibusdam</strong></span> <span class='ocrx_word' id='word_1_671' title='bbox 690 5114 1042 5187; x_wconf 90' lang='lat' dir='ltr'><strong>relinquitur,</strong></span> <span class='ocrx_word' id='word_1_672' title='bbox 1090 5114 1196 5172; x_wconf 90' lang='lat' dir='ltr'><strong>hoc</strong></span> <span class='ocrx_word' id='word_1_673' title='bbox 1240 5123 1341 5185; x_wconf 89' lang='lat' dir='ltr'><strong>est,</strong></span> <span class='ocrx_word' id='word_1_674' title='bbox 1366 5117 1672 5189; x_wconf 83' lang='lat' dir='ltr'><strong>qni.virgi-</strong></span> 
     </span>
    </p>
   </div>
   <div class='ocr_carea' id='block_1_97' title="bbox 95 5192 1669 5280">
    <p class='ocr_par' dir='ltr' id='par_1_97' title="bbox 95 5192 1669 5280">
     <span class='ocr_line' id='line_1_97' title="bbox 95 5192 1669 5280; baseline 0.01 -31"><span class='ocrx_word' id='word_1_675' title='bbox 95 5192 308 5280; x_wconf 77' lang='lat' dir='ltr'><strong>nitatem</strong></span> <span class='ocrx_word' id='word_1_676' title='bbox 338 5204 428 5259; x_wconf 88' lang='lat' dir='ltr'><strong>vel</strong></span> <span class='ocrx_word' id='word_1_677' title='bbox 449 5204 834 5262; x_wconf 88' lang='lat' dir='ltr'><strong>castimoniam</strong></span> <span class='ocrx_word' id='word_1_678' title='bbox 869 5205 1144 5262; x_wconf 87' lang='lat' dir='ltr'><strong>vidualem</strong></span> <span class='ocrx_word' id='word_1_679' title='bbox 1176 5222 1520 5280; x_wconf 89' lang='lat' dir='ltr'><strong>nequaquam</strong></span> <span class='ocrx_word' id='word_1_680' title='bbox 1551 5224 1669 5280; x_wconf 89' lang='lat' dir='ltr'><strong>pro-</strong></span> 
     </span>
    </p>
   </div>
   <div class='ocr_carea' id='block_1_98' title="bbox 96 5278 1670 5370">
    <p class='ocr_par' dir='ltr' id='par_1_98' title="bbox 96 5278 1670 5370">
     <span class='ocr_line' id='line_1_98' title="bbox 96 5278 1670 5370; baseline 0.012 -35"><span class='ocrx_word' id='word_1_681' title='bbox 96 5278 211 5339; x_wconf 81' lang='lat' dir='ltr'><strong>fessi</strong></span> <span class='ocrx_word' id='word_1_682' title='bbox 241 5299 397 5348; x_wconf 89' lang='lat' dir='ltr'><strong>sunt:</strong></span> <span class='ocrx_word' id='word_1_683' title='bbox 430 5293 759 5366; x_wconf 89' lang='lat' dir='ltr'><strong>quibusdam</strong></span> <span class='ocrx_word' id='word_1_684' title='bbox 790 5308 921 5350; x_wconf 90' lang='lat' dir='ltr'><strong>vero</strong></span> <span class='ocrx_word' id='word_1_685' title='bbox 955 5278 1324 5364; x_wconf 84' lang='lat' dir='ltr'><strong>interdicitur,</strong></span> <span class='ocrx_word' id='word_1_686' title='bbox 1357 5278 1415 5353; x_wconf 77' lang='lat' dir='ltr'><strong>id</strong></span> <span class='ocrx_word' id='word_1_687' title='bbox 1445 5278 1670 5370; x_wconf 23' lang='lat' dir='ltr'><strong>est,7qui</strong></span> 
     </span>
    </p>
   </div>
   <div class='ocr_carea' id='block_1_99' title="bbox 97 5371 1673 5445">
    <p class='ocr_par' dir='ltr' id='par_1_99' title="bbox 97 5371 1673 5445">
     <span class='ocr_line' id='line_1_99' title="bbox 97 5371 1673 5445; baseline 0.011 -21"><span class='ocrx_word' id='word_1_688' title='bbox 97 5371 320 5445; x_wconf 89' lang='lat' dir='ltr'><strong>virgines</strong></span> <span class='ocrx_word' id='word_1_689' title='bbox 348 5382 436 5437; x_wconf 86' lang='lat' dir='ltr'><strong>vel</strong></span> <span class='ocrx_word' id='word_1_690' title='bbox 482 5383 829 5441; x_wconf 87' lang='lat' dir='ltr'><strong>continentes</strong></span> <span class='ocrx_word' id='word_1_691' title='bbox 874 5401 989 5442; x_wconf 91' lang='lat' dir='ltr'><strong>esse</strong></span> <span class='ocrx_word' id='word_1_692' title='bbox 1035 5385 1415 5443; x_wconf 88' lang='lat' dir='ltr'><strong>decreverunt.</strong></span> <span class='ocrx_word' id='word_1_693' title='bbox 1467 5386 1673 5442; x_wconf 86' lang='lat' dir='ltr'><strong>Forni—</strong></span> 
     </span>
    </p>
   </div>
   <div class='ocr_carea' id='block_1_100' title="bbox 98 5463 1672 5547">
    <p class='ocr_par' dir='ltr' id='par_1_100' title="bbox 98 5463 1672 5547">
     <span class='ocr_line' id='line_1_100' title="bbox 98 5463 1672 5547; baseline 0.008 -28"><span class='ocrx_word' id='word_1_694' title='bbox 98 5463 225 5547; x_wconf 54' lang='lat' dir='ltr'><strong>satio</strong></span> <span class='ocrx_word' id='word_1_695' title='bbox 261 5483 387 5526; x_wconf 87' lang='lat' dir='ltr'><strong>vero</strong></span> <span class='ocrx_word' id='word_1_696' title='bbox 434 5472 578 5528; x_wconf 89' lang='lat' dir='ltr'><strong>nulli</strong></span> <span class='ocrx_word' id='word_1_697' title='bbox 607 5473 831 5547; x_wconf 90' lang='lat' dir='ltr'><strong>impune</strong></span> <span class='ocrx_word' id='word_1_698' title='bbox 877 5475 1217 5533; x_wconf 90' lang='lat' dir='ltr'><strong>conceditur.</strong></span> <span class='ocrx_word' id='word_1_699' title='bbox 1269 5476 1390 5533; x_wconf 91' lang='lat' dir='ltr'><strong>Non</strong></span> <span class='ocrx_word' id='word_1_700' title='bbox 1433 5475 1672 5532; x_wconf 89' lang='lat' dir='ltr'><strong>attendis</strong></span> 
     </span>
    </p>
   </div>
   <div class='ocr_carea' id='block_1_101' title="bbox 102 5545 1672 5639">
    <p class='ocr_par' dir='ltr' id='par_1_101' title="bbox 102 5545 1672 5639">
     <span class='ocr_line' id='line_1_101' title="bbox 102 5545 1672 5639; baseline 0.004 -22"><span class='ocrx_word' id='word_1_701' title='bbox 102 5545 243 5639; x_wconf 44' lang='lat' dir='ltr'><strong>forte,</strong></span> <span class='ocrx_word' id='word_1_702' title='bbox 303 5568 397 5616; x_wconf 90' lang='lat' dir='ltr'><strong>aut</strong></span> <span class='ocrx_word' id='word_1_703' title='bbox 455 5545 921 5622; x_wconf 78' lang='lat' dir='ltr'><strong>contemnendum</strong></span> <span class='ocrx_word' id='word_1_704' title='bbox 978 5574 1137 5638; x_wconf 88' lang='lat' dir='ltr'><strong>putas</strong></span> <span class='ocrx_word' id='word_1_705' title='bbox 1183 5564 1330 5639; x_wconf 91' lang='lat' dir='ltr'><strong>quod</strong></span> <span class='ocrx_word' id='word_1_706' title='bbox 1375 5566 1672 5638; x_wconf 82' lang='lat' dir='ltr'><strong>Apostolus</strong></span> 
     </span>
    </p>
   </div>
   <div class='ocr_carea' id='block_1_102' title="bbox 102 5632 1668 5727">
    <p class='ocr_par' dir='ltr' id='par_1_102' title="bbox 102 5632 1668 5727">
     <span class='ocr_line' id='line_1_102' title="bbox 102 5632 1668 5727; baseline 0.009 -30"><span class='ocrx_word' id='word_1_707' title='bbox 102 5632 308 5703; x_wconf 83' lang='lat' dir='ltr'><strong>lubricis</strong></span> <span class='ocrx_word' id='word_1_708' title='bbox 330 5648 502 5708; x_wconf 89' lang='lat' dir='ltr'><strong>dicit:</strong></span> <span class='ocrx_word' id='word_1_709' title='bbox 551 5676 569 5702; x_wconf 75' lang='grc' dir='ltr'>ι</span> <span class='ocrx_word' id='word_1_710' title='bbox 600 5653 793 5727; x_wconf 86' lang='lat' dir='ltr'><strong>Fugite</strong></span> <span class='ocrx_word' id='word_1_711' title='bbox 820 5632 1259 5713; x_wconf 76' lang='lat' dir='ltr'><strong>fornicationem.</strong></span> <span class='ocrx_word' id='word_1_712' title='bbox 1302 5632 1477 5713; x_wconf 64' lang='lat' dir='ltr'><strong>Omne</strong></span> <span class='ocrx_word' id='word_1_713' title='bbox 1520 5656 1668 5711; x_wconf 90' lang='lat' dir='ltr'><strong>enim</strong></span> 
     </span>
    </p>
   </div>
   <div class='ocr_carea' id='block_1_103' title="bbox 103 5737 1665 5817">
    <p class='ocr_par' dir='ltr' id='par_1_103' title="bbox 103 5737 1665 5817">
     <span class='ocr_line' id='line_1_103' title="bbox 103 5737 1665 5817; baseline 0.003 -23"><span class='ocrx_word' id='word_1_714' title='bbox 103 5738 358 5795; x_wconf 66' lang='lat' dir='ltr'><strong>Peccatum</strong></span> <span class='ocrx_word' id='word_1_715' title='bbox 394 5737 761 5815; x_wconf 82' lang='lat' dir='ltr'><strong>quodcunque</strong></span> <span class='ocrx_word' id='word_1_716' title='bbox 791 5742 983 5801; x_wconf 88' lang='lat' dir='ltr'><strong>fecerit</strong></span> <span class='ocrx_word' id='word_1_717' title='bbox 1012 5744 1199 5817; x_wconf 89' lang='lat' dir='ltr'><strong>homo,</strong></span> <span class='ocrx_word' id='word_1_718' title='bbox 1248 5751 1403 5802; x_wconf 83' lang='lat' dir='ltr'><strong>extra</strong></span> <span class='ocrx_word' id='word_1_719' title='bbox 1447 5759 1665 5816; x_wconf 89' lang='lat' dir='ltr'><strong>corpus,</strong></span> 
     </span>
    </p>
   </div>
   <div class='ocr_carea' id='block_1_104' title="bbox 1780 4665 3379 4742">
    <p class='ocr_par' dir='ltr' id='par_1_104' title="bbox 1780 4665 3379 4742">
     <span class='ocr_line' id='line_1_104' title="bbox 1780 4665 3379 4742; baseline -0.004 -16"><span class='ocrx_word' id='word_1_720' title='bbox 1780 4677 2073 4742; x_wconf 88' lang='lat' dir='ltr'><strong>augmento</strong></span> <span class='ocrx_word' id='word_1_721' title='bbox 2104 4670 2248 4724; x_wconf 77' lang='lat' dir='ltr'><strong>lunae</strong></span> <span class='ocrx_word' id='word_1_722' title='bbox 2277 4676 2441 4741; x_wconf 88' lang='lat' dir='ltr'><strong>atque</strong></span> <span class='ocrx_word' id='word_1_723' title='bbox 2488 4667 2725 4733; x_wconf 89' lang='lat' dir='ltr'><strong>defectu,</strong></span> <span class='ocrx_word' id='word_1_724' title='bbox 2778 4665 2835 4720; x_wconf 91' lang='lat' dir='ltr'><strong>in</strong></span> <span class='ocrx_word' id='word_1_725' title='bbox 2880 4665 3141 4720; x_wconf 81' lang='lat' dir='ltr'><strong>varietate</strong></span> <span class='ocrx_word' id='word_1_726' title='bbox 3183 4665 3379 4720; x_wconf 85' lang='lat' dir='ltr'><strong>stella-</strong></span> 
     </span>
    </p>
   </div>
   <div class='ocr_carea' id='block_1_105' title="bbox 1777 4757 3379 4832">
    <p class='ocr_par' dir='ltr' id='par_1_105' title="bbox 1777 4757 3379 4832">
     <span class='ocr_line' id='line_1_105' title="bbox 1777 4757 3379 4832; baseline -0.002 -16"><span class='ocrx_word' id='word_1_727' title='bbox 1777 4777 1899 4816; x_wconf 91' lang='lat' dir='ltr'><strong>rum</strong></span> <span class='ocrx_word' id='word_1_728' title='bbox 1933 4770 1987 4817; x_wconf 88' lang='lat' dir='ltr'><strong>et</strong></span> <span class='ocrx_word' id='word_1_729' title='bbox 2031 4776 2238 4817; x_wconf 87' lang='lat' dir='ltr'><strong>cursu:</strong></span> <span class='ocrx_word' id='word_1_730' title='bbox 2289 4777 2452 4832; x_wconf 90' lang='lat' dir='ltr'><strong>quam</strong></span> <span class='ocrx_word' id='word_1_731' title='bbox 2497 4757 2841 4816; x_wconf 87' lang='lat' dir='ltr'><strong>oblectabilis</strong></span> <span class='ocrx_word' id='word_1_732' title='bbox 2884 4765 3027 4813; x_wconf 88' lang='lat' dir='ltr'><strong>terra</strong></span> <span class='ocrx_word' id='word_1_733' title='bbox 3072 4758 3131 4812; x_wconf 91' lang='lat' dir='ltr'><strong>in</strong></span> <span class='ocrx_word' id='word_1_734' title='bbox 3178 4773 3379 4813; x_wconf 90' lang='lat' dir='ltr'><strong>nemo—</strong></span> 
     </span>
    </p>
   </div>
   <div class='ocr_carea' id='block_1_106' title="bbox 1778 4846 3378 4918">
    <p class='ocr_par' dir='ltr' id='par_1_106' title="bbox 1778 4846 3378 4918">
     <span class='ocr_line' id='line_1_106' title="bbox 1778 4846 3378 4918; baseline -0.002 -13"><span class='ocrx_word' id='word_1_735' title='bbox 1778 4866 1899 4905; x_wconf 89' lang='lat' dir='ltr'><strong>rum</strong></span> <span class='ocrx_word' id='word_1_736' title='bbox 1924 4849 2172 4917; x_wconf 89' lang='lat' dir='ltr'><strong>ﬂoribus,</strong></span> <span class='ocrx_word' id='word_1_737' title='bbox 2204 4848 2263 4903; x_wconf 92' lang='lat' dir='ltr'><strong>in</strong></span> <span class='ocrx_word' id='word_1_738' title='bbox 2293 4848 2572 4905; x_wconf 88' lang='lat' dir='ltr'><strong>fructuum</strong></span> <span class='ocrx_word' id='word_1_739' title='bbox 2594 4846 2980 4914; x_wconf 88' lang='lat' dir='ltr'><strong>suavitatibus,</strong></span> <span class='ocrx_word' id='word_1_740' title='bbox 3013 4846 3069 4900; x_wconf 90' lang='lat' dir='ltr'><strong>in</strong></span> <span class='ocrx_word' id='word_1_741' title='bbox 3096 4855 3378 4918; x_wconf 87' lang='lat' dir='ltr'><strong>pratorum</strong></span> 
     </span>
    </p>
   </div>
   <div class='ocr_carea' id='block_1_107' title="bbox 1779 4941 3381 5016">
    <p class='ocr_par' dir='ltr' id='par_1_107' title="bbox 1779 4941 3381 5016">
     <span class='ocr_line' id='line_1_107' title="bbox 1779 4941 3381 5016; baseline -0.002 -17"><span class='ocrx_word' id='word_1_742' title='bbox 1779 4943 2198 5016; x_wconf 89' lang='lat' dir='ltr'><strong>rivulorumque</strong></span> <span class='ocrx_word' id='word_1_743' title='bbox 2227 4941 2660 5009; x_wconf 62' lang='lat' dir='ltr'><strong>amoenitatibus,</strong></span> <span class='ocrx_word' id='word_1_744' title='bbox 2692 4942 2746 4996; x_wconf 91' lang='lat' dir='ltr'><strong>in</strong></span> <span class='ocrx_word' id='word_1_745' title='bbox 2777 4948 3018 5013; x_wconf 85' lang='lat' dir='ltr'><strong>segetum</strong></span> <span class='ocrx_word' id='word_1_746' title='bbox 3052 4941 3251 4996; x_wconf 90' lang='lat' dir='ltr'><strong>culmis</strong></span> <span class='ocrx_word' id='word_1_747' title='bbox 3284 4941 3381 4995; x_wconf 91' lang='lat' dir='ltr'><strong>lu-</strong></span> 
     </span>
    </p>
   </div>
   <div class='ocr_carea' id='block_1_108' title="bbox 1777 5028 3379 5101">
    <p class='ocr_par' dir='ltr' id='par_1_108' title="bbox 1777 5028 3379 5101">
     <span class='ocr_line' id='line_1_108' title="bbox 1777 5028 3379 5101; baseline -0.001 -15"><span class='ocrx_word' id='word_1_748' title='bbox 1777 5031 2153 5099; x_wconf 86' lang='lat' dir='ltr'><strong>xuriantibus,</strong></span> <span class='ocrx_word' id='word_1_749' title='bbox 2189 5031 2248 5085; x_wconf 94' lang='lat' dir='ltr'><strong>in</strong></span> <span class='ocrx_word' id='word_1_750' title='bbox 2279 5030 2570 5086; x_wconf 89' lang='lat' dir='ltr'><strong>vinearum</strong></span> <span class='ocrx_word' id='word_1_751' title='bbox 2616 5028 2765 5084; x_wconf 90' lang='lat' dir='ltr'><strong>foliis</strong></span> <span class='ocrx_word' id='word_1_752' title='bbox 2796 5039 2848 5086; x_wconf 89' lang='lat' dir='ltr'><strong>et</strong></span> <span class='ocrx_word' id='word_1_753' title='bbox 2875 5029 3221 5085; x_wconf 90' lang='lat' dir='ltr'><strong>botrionibus</strong></span> <span class='ocrx_word' id='word_1_754' title='bbox 3251 5031 3379 5101; x_wconf 89' lang='lat' dir='ltr'><strong>ple-</strong></span> 
     </span>
    </p>
   </div>
   <div class='ocr_carea' id='block_1_109' title="bbox 1778 5117 3377 5192">
    <p class='ocr_par' dir='ltr' id='par_1_109' title="bbox 1778 5117 3377 5192">
     <span class='ocr_line' id='line_1_109' title="bbox 1778 5117 3377 5192; baseline -0.002 -16"><span class='ocrx_word' id='word_1_755' title='bbox 1778 5120 1866 5176; x_wconf 88' lang='lat' dir='ltr'><strong>nis</strong></span> <span class='ocrx_word' id='word_1_756' title='bbox 1895 5119 2235 5192; x_wconf 89' lang='lat' dir='ltr'><strong>palmitibus,</strong></span> <span class='ocrx_word' id='word_1_757' title='bbox 2269 5118 2326 5173; x_wconf 94' lang='lat' dir='ltr'><strong>in</strong></span> <span class='ocrx_word' id='word_1_758' title='bbox 2358 5118 2620 5173; x_wconf 90' lang='lat' dir='ltr'><strong>silvarum</strong></span> <span class='ocrx_word' id='word_1_759' title='bbox 2654 5117 2866 5173; x_wconf 90' lang='lat' dir='ltr'><strong>umbris</strong></span> <span class='ocrx_word' id='word_1_760' title='bbox 2897 5126 2951 5174; x_wconf 91' lang='lat' dir='ltr'><strong>et</strong></span> <span class='ocrx_word' id='word_1_761' title='bbox 2981 5118 3175 5190; x_wconf 88' lang='lat' dir='ltr'><strong>palmis</strong></span> <span class='ocrx_word' id='word_1_762' title='bbox 3195 5117 3377 5173; x_wconf 85' lang='lat' dir='ltr'><strong>viren-</strong></span> 
     </span>
    </p>
   </div>
   <div class='ocr_carea' id='block_1_110' title="bbox 1777 5207 3376 5280">
    <p class='ocr_par' dir='ltr' id='par_1_110' title="bbox 1777 5207 3376 5280">
     <span class='ocr_line' id='line_1_110' title="bbox 1777 5207 3376 5280; baseline -0.001 -16"><span class='ocrx_word' id='word_1_763' title='bbox 1777 5208 1945 5276; x_wconf 90' lang='lat' dir='ltr'><strong>tibus,</strong></span> <span class='ocrx_word' id='word_1_764' title='bbox 1993 5208 2048 5263; x_wconf 94' lang='lat' dir='ltr'><strong>in</strong></span> <span class='ocrx_word' id='word_1_765' title='bbox 2081 5223 2347 5280; x_wconf 89' lang='lat' dir='ltr'><strong>equorum</strong></span> <span class='ocrx_word' id='word_1_766' title='bbox 2386 5215 2441 5262; x_wconf 91' lang='lat' dir='ltr'><strong>et</strong></span> <span class='ocrx_word' id='word_1_767' title='bbox 2464 5223 2663 5263; x_wconf 89' lang='lat' dir='ltr'><strong>canum</strong></span> <span class='ocrx_word' id='word_1_768' title='bbox 2693 5207 2967 5276; x_wconf 89' lang='lat' dir='ltr'><strong>cursibus,</strong></span> <span class='ocrx_word' id='word_1_769' title='bbox 3000 5207 3057 5261; x_wconf 88' lang='lat' dir='ltr'><strong>in</strong></span> <span class='ocrx_word' id='word_1_770' title='bbox 3086 5222 3376 5263; x_wconf 86' lang='lat' dir='ltr'><strong>cervorum</strong></span> 
     </span>
    </p>
   </div>
   <div class='ocr_carea' id='block_1_111' title="bbox 1778 5294 3377 5369">
    <p class='ocr_par' dir='ltr' id='par_1_111' title="bbox 1778 5294 3377 5369">
     <span class='ocr_line' id='line_1_111' title="bbox 1778 5294 3377 5369; baseline -0.003 -16"><span class='ocrx_word' id='word_1_771' title='bbox 1778 5306 1832 5353; x_wconf 91' lang='lat' dir='ltr'><strong>et</strong></span> <span class='ocrx_word' id='word_1_772' title='bbox 1868 5312 2185 5369; x_wconf 90' lang='lat' dir='ltr'><strong>caprearum</strong></span> <span class='ocrx_word' id='word_1_773' title='bbox 2217 5296 2471 5363; x_wconf 89' lang='lat' dir='ltr'><strong>saltibus,</strong></span> <span class='ocrx_word' id='word_1_774' title='bbox 2505 5295 2559 5350; x_wconf 91' lang='lat' dir='ltr'><strong>in</strong></span> <span class='ocrx_word' id='word_1_775' title='bbox 2591 5295 2918 5367; x_wconf 89' lang='lat' dir='ltr'><strong>accipitrum</strong></span> <span class='ocrx_word' id='word_1_776' title='bbox 2969 5294 3265 5362; x_wconf 74' lang='lat' dir='ltr'><strong>volatibus,</strong></span> <span class='ocrx_word' id='word_1_777' title='bbox 3319 5294 3377 5350; x_wconf 91' lang='lat' dir='ltr'><strong>in</strong></span> 
     </span>
    </p>
   </div>
   <div class='ocr_carea' id='block_1_112' title="bbox 1778 5384 3378 5460">
    <p class='ocr_par' dir='ltr' id='par_1_112' title="bbox 1778 5384 3378 5460">
     <span class='ocr_line' id='line_1_112' title="bbox 1778 5384 3378 5460; baseline -0.002 -18"><span class='ocrx_word' id='word_1_778' title='bbox 1778 5403 2076 5460; x_wconf 83' lang='lat' dir='ltr'><strong>pavonum,</strong></span> <span class='ocrx_word' id='word_1_779' title='bbox 2110 5386 2513 5452; x_wconf 87' lang='lat' dir='ltr'><strong>columbarum,</strong></span> <span class='ocrx_word' id='word_1_780' title='bbox 2550 5393 2939 5459; x_wconf 87' lang='lat' dir='ltr'><strong>turturumque</strong></span> <span class='ocrx_word' id='word_1_781' title='bbox 2962 5384 3158 5456; x_wconf 86' lang='lat' dir='ltr'><strong>pennis</strong></span> <span class='ocrx_word' id='word_1_782' title='bbox 3183 5393 3237 5439; x_wconf 90' lang='lat' dir='ltr'><strong>et</strong></span> <span class='ocrx_word' id='word_1_783' title='bbox 3268 5385 3378 5440; x_wconf 87' lang='lat' dir='ltr'><strong>col-</strong></span> 
     </span>
    </p>
   </div>
   <div class='ocr_carea' id='block_1_113' title="bbox 1778 5473 3378 5549">
    <p class='ocr_par' dir='ltr' id='par_1_113' title="bbox 1778 5473 3378 5549">
     <span class='ocr_line' id='line_1_113' title="bbox 1778 5473 3378 5549; baseline -0.003 -15"><span class='ocrx_word' id='word_1_784' title='bbox 1778 5478 1866 5544; x_wconf 90' lang='lat' dir='ltr'><strong>lis,</strong></span> <span class='ocrx_word' id='word_1_785' title='bbox 1899 5476 1956 5532; x_wconf 91' lang='lat' dir='ltr'><strong>in</strong></span> <span class='ocrx_word' id='word_1_786' title='bbox 1986 5476 2274 5533; x_wconf 89' lang='lat' dir='ltr'><strong>domorum</strong></span> <span class='ocrx_word' id='word_1_787' title='bbox 2322 5475 2622 5549; x_wconf 88' lang='lat' dir='ltr'><strong>parietibus</strong></span> <span class='ocrx_word' id='word_1_788' title='bbox 2652 5475 2809 5547; x_wconf 91' lang='lat' dir='ltr'><strong>pictis</strong></span> <span class='ocrx_word' id='word_1_789' title='bbox 2838 5482 2892 5530; x_wconf 94' lang='lat' dir='ltr'><strong>et</strong></span> <span class='ocrx_word' id='word_1_790' title='bbox 2918 5473 3284 5546; x_wconf 90' lang='lat' dir='ltr'><strong>laquearibus,</strong></span> <span class='ocrx_word' id='word_1_791' title='bbox 3319 5475 3378 5530; x_wconf 90' lang='lat' dir='ltr'><strong>in</strong></span> 
     </span>
    </p>
   </div>
   <div class='ocr_carea' id='block_1_114' title="bbox 1778 5566 3378 5640">
    <p class='ocr_par' dir='ltr' id='par_1_114' title="bbox 1778 5566 3378 5640">
     <span class='ocr_line' id='line_1_114' title="bbox 1778 5566 3378 5640; baseline -0.001 -17"><span class='ocrx_word' id='word_1_792' title='bbox 1778 5583 2106 5640; x_wconf 87' lang='lat' dir='ltr'><strong>organorum</strong></span> <span class='ocrx_word' id='word_1_793' title='bbox 2132 5569 2491 5640; x_wconf 88' lang='lat' dir='ltr'><strong>omniumque</strong></span> <span class='ocrx_word' id='word_1_794' title='bbox 2520 5568 2853 5622; x_wconf 88' lang='lat' dir='ltr'><strong>musicorum</strong></span> <span class='ocrx_word' id='word_1_795' title='bbox 2878 5566 3157 5638; x_wconf 86' lang='lat' dir='ltr'><strong>tympanis</strong></span> <span class='ocrx_word' id='word_1_796' title='bbox 3178 5574 3233 5621; x_wconf 87' lang='lat' dir='ltr'><strong>et</strong></span> <span class='ocrx_word' id='word_1_797' title='bbox 3252 5581 3378 5623; x_wconf 86' lang='lat' dir='ltr'><strong>can-</strong></span> 
     </span>
    </p>
   </div>
   <div class='ocr_carea' id='block_1_115' title="bbox 1777 5654 3380 5726">
    <p class='ocr_par' dir='ltr' id='par_1_115' title="bbox 1777 5654 3380 5726">
     <span class='ocr_line' id='line_1_115' title="bbox 1777 5654 3380 5726; baseline -0.001 -13"><span class='ocrx_word' id='word_1_798' title='bbox 1777 5656 1945 5725; x_wconf 89' lang='lat' dir='ltr'><strong>tibus,</strong></span> <span class='ocrx_word' id='word_1_799' title='bbox 1977 5665 2031 5712; x_wconf 90' lang='lat' dir='ltr'><strong>et</strong></span> <span class='ocrx_word' id='word_1_800' title='bbox 2062 5656 2117 5711; x_wconf 90' lang='lat' dir='ltr'><strong>in</strong></span> <span class='ocrx_word' id='word_1_801' title='bbox 2156 5656 2453 5712; x_wconf 86' lang='lat' dir='ltr'><strong>mulierum</strong></span> <span class='ocrx_word' id='word_1_802' title='bbox 2489 5655 2737 5712; x_wconf 87' lang='lat' dir='ltr'><strong>venustis</strong></span> <span class='ocrx_word' id='word_1_803' title='bbox 2774 5654 3100 5726; x_wconf 85' lang='lat' dir='ltr'><strong>aspectibus,</strong></span> <span class='ocrx_word' id='word_1_804' title='bbox 3150 5671 3380 5711; x_wconf 79' lang='lat' dir='ltr'><strong>earum-</strong></span> 
     </span>
    </p>
   </div>
   <div class='ocr_carea' id='block_1_116' title="bbox 1778 5742 3373 5818">
    <p class='ocr_par' dir='ltr' id='par_1_116' title="bbox 1778 5742 3373 5818">
     <span class='ocr_line' id='line_1_116' title="bbox 1778 5742 3373 5818; baseline 0.001 -17"><span class='ocrx_word' id='word_1_805' title='bbox 1778 5761 1884 5818; x_wconf 91' lang='lat' dir='ltr'><strong>que</strong></span> <span class='ocrx_word' id='word_1_806' title='bbox 1931 5745 2243 5817; x_wconf 88' lang='lat' dir='ltr'><strong>superciliis</strong></span> <span class='ocrx_word' id='word_1_807' title='bbox 2272 5752 2325 5800; x_wconf 91' lang='lat' dir='ltr'><strong>et</strong></span> <span class='ocrx_word' id='word_1_808' title='bbox 2359 5743 2626 5812; x_wconf 89' lang='lat' dir='ltr'><strong>crinibus,</strong></span> <span class='ocrx_word' id='word_1_809' title='bbox 2647 5743 2823 5800; x_wconf 88' lang='lat' dir='ltr'><strong>oculis</strong></span> <span class='ocrx_word' id='word_1_810' title='bbox 2849 5753 2903 5800; x_wconf 86' lang='lat' dir='ltr'><strong>et</strong></span> <span class='ocrx_word' id='word_1_811' title='bbox 2943 5742 3118 5816; x_wconf 87' lang='lat' dir='ltr'><strong>genis,</strong></span> <span class='ocrx_word' id='word_1_812' title='bbox 3147 5751 3373 5816; x_wconf 87' lang='lat' dir='ltr'><strong>gutture</strong></span> 
     </span>
    </p>
   </div>
  </div>
