3940 6364
531 357 672 418 1167

1592 363 1692 420 AD
1754 362 1988 421 OPEBA
2025 327 2080 420 si
2121 359 2454 420 AMBROSII
2479 359 2858 422 APPENDIX.
2943 327 2969 346 “

3714 360 3852 425 1168

530 486 711 556 labiis,
755 493 811 544 et
835 484 1108 554 manibus,
1133 494 1296 560 atque
1323 487 1448 544 aliis
1473 489 1816 545 extrinsecus
1867 487 2134 545 adhibitis
2157 491 2205 550 A
2237 505 2388 556 LXIV,
2412 488 2482 557 b;
2519 491 2552 546 Ι
2574 489 2700 546 Cor.
2729 506 2789 557 ιι,
2819 489 2900 561 9).
2943 487 3036 546 Ad
3079 489 3223 545 hanc
3269 488 3596 546 felicitatem
3653 491 3850 548 multis

529 577 890 647 ornamentis,
909 576 1173 633 nimirum
1204 593 1338 632 auro
1370 584 1424 633 et
1451 577 1680 650 gemmis
1703 577 1980 635 distinctis
2007 593 2122 635 mo-

531 667 760 736 nilibus,
783 675 838 724 et
858 667 1068 726 caeteris
1084 667 1426 740 hujusmodi,
1448 683 1570 740 quae
1589 667 1911 741 singillatim
1931 683 2122 725 sensus

531 756 696 814 modo
727 758 968 814 recolere
999 773 1110 813 non
1137 764 1334 828 potest.
1819 829 1823 836 ι

782 847 884 902 Sed
910 847 1123 902 cwlestis
1161 863 1314 902 amor
1344 845 1541 918 patriae
1563 847 1875 918 respondet:

603 935 660 992 Si
690 943 743 992 te
771 936 871 991 ista
902 951 1020 1006 quae
1060 935 1161 992 sub
1199 937 1340 992 coelo
1383 944 1530 1003 sunt,
1564 935 1699 992 adeo
1743 937 1979 1007 placent,
2026 953 2125 993 cur

531 1039 646 1082 non
673 1025 844 1097 magis
887 1041 948 1080 ea
975 1041 1095 1096 quae
1143 1025 1203 1080 in
1245 1026 1384 1082 coelo
1413 1033 1562 1092 sunt,
1609 1032 1663 1080 te
1701 1025 2026 1080 oblectant?
2067 1024 2123 1080 Si

531 1130 714 1172 carcer
741 1131 772 1170 a
797 1122 850 1170 te
877 1114 1019 1170 tanti
1047 1113 1370 1183 astimatur,
1395 1115 1591 1186 patria,
1614 1115 1828 1182 civitas,
1851 1123 1904 1170 et
1923 1121 2125 1187 quanta

529 1211 611 1261 est
631 1204 659 1260 ?
686 1204 744 1260 Si
772 1204 905 1259 talia
931 1212 1060 1260 sunt
1089 1221 1208 1278 quae
1235 1207 1428 1262 colunt
1456 1204 1751 1276 peregrini,
1785 1202 1969 1275 qualia
1997 1211 2126 1258 sunt

529 1309 729 1366 eaquae
759 1293 1040 1366 possident
1067 1294 1170 1349 ﬁlii
1191 1295 1220 1350 ?
1244 1294 1298 1350 Si
1337 1294 1594 1349 mortales
1623 1300 1676 1348 et
1707 1291 1893 1348 miseri
1925 1292 1982 1346 in
2010 1291 2127 1346 vita

529 1381 633 1440 hac
659 1384 844 1440 taliter
871 1394 1001 1441 sunt
1029 1385 1185 1442 dilati
1211 1403 1221 1439 :
1267 1385 1608 1441 immortales
1637 1391 1689 1440 et
1713 1383 1858 1439 beati
1889 1383 2126 1455 qualiter

529 1483 660 1531 sunt
687 1477 744 1532 in
774 1475 882 1530 alia
908 1475 1290 1531 remunerandi
1316 1475 1344 1531 ?
1389 1474 1732 1546 Quapropter
1777 1489 1932 1528 amor
1975 1489 2125 1544 pra:-

531 1565 701 1620 sentis
727 1565 933 1632 saeculi,
961 1565 1018 1619 in
1048 1581 1156 1637 quo
1183 1563 1372 1620 nullus
1401 1563 1478 1620 ita
1506 1563 1751 1618 nascitur
1777 1572 1840 1626 ut
1869 1578 1978 1617 non
2013 1577 2124 1617 mo-

529 1653 724 1721 riatur,
769 1653 1020 1724 protinus
1057 1652 1284 1720 recedit,
1312 1661 1375 1708 ut
1403 1669 1556 1708 amor
1589 1651 1782 1720 futuri,
1817 1650 1876 1706 in
1907 1667 2016 1722 quo
2046 1649 2124 1707 sic

528 1761 716 1800 omnes
747 1745 1124 1812 viviﬁcantur,
1145 1753 1206 1800 ut
1227 1745 1484 1815 deinceps
1504 1760 1612 1799 non
1640 1743 1964 1809 moriantur,
1988 1760 2124 1800 suc-

2235 577 2420 636 saaculi
2473 577 2689 636 divitiis
2734 578 3076 651 constipatus
3113 577 3294 635 David
3341 576 3667 650 anhelabat,
3719 596 3848 637 cum

2180 699 2184 712 ι
2230 668 2437 724 diceret
2464 685 2476 724 :
2522 691 2542 715 ι
2571 667 2717 736 Quid
2743 667 2892 725 enim
2913 667 3054 724 mihi
3079 667 3240 724 estin
3262 667 3404 726 coslo
3429 687 3442 725 :
3474 677 3532 726 et
3559 684 3592 724 a
3621 678 3684 726 te
3711 669 3848 742 quid

2232 757 2385 813 volui
2413 772 2576 829 super
2603 765 2806 813 terram
2848 744 3247 828 (PsaLLun,
3289 757 3407 830 25).
3461 781 3479 806 ι
3540 757 3748 814 Multis
3797 765 3852 814 et

2231 846 2526 919 regalibus,
2557 845 2788 919 dapibus
2816 854 2870 904 et
2899 847 3278 920 voluptatibus
3323 847 3450 904 aliis
3489 847 3850 916 abundabat,

2233 943 2287 991 et
2313 935 2682 992 nihilominus
2709 936 2979 994 clamabat
3003 955 3015 993 :
3063 959 3083 984 ι
3111 935 3363 994 Satiabor
3396 953 3524 994 cum
3555 953 3856 1010 apparue—

2233 1025 2306 1080 rit
2335 1025 2473 1080 mihi
2507 1025 2681 1099 gloria
2723 1032 2814 1082 tua
2843 1026 3017 1098 (Psat.
3049 1042 3168 1094 xvr,
3210 1025 3328 1097 15),
3377 1051 3398 1076 ι
3457 1034 3514 1083 et
3561 1043 3798 1083 rursum
3835 1044 3850 1084 :

2245 1137 2265 1161 ι
2285 1114 2474 1170 Sitivit
2501 1115 2685 1170 anima
2713 1131 2832 1171 mea
2859 1113 2928 1170 ad
2952 1115 3126 1170 Deum
3147 1114 3346 1172 fortem
3366 1115 3586 1185 vivum,
3609 1115 3853 1188 quando

2232 1203 2450 1278 veniam
2481 1213 2535 1260 et
2561 1204 2830 1276 apparebo
2859 1212 2985 1260 ante
3013 1203 3210 1260 faciem
3230 1205 3330 1261 Dei
3349 1206 3532 1277 (Psal.
3563 1223 3691 1270 xu,
3713 1205 3840 1277 3)?-

2233 1309 2602 1367 rursumque:
2650 1319 2668 1342 ε
2697 1293 2798 1349 Hei
2825 1293 2965 1350 mihi
3005 1294 3136 1368 quia
3181 1293 3456 1351 incolatus
3502 1311 3667 1352 meus
3717 1311 3856 1368 pro-

2233 1383 2485 1456 longatus
2515 1390 2596 1439 est
2625 1383 2797 1454 (Psal.
2831 1401 2984 1451 cxrx,
3021 1383 3102 1456 5).
3139 1408 3158 1432 ι
3203 1385 3347 1442 Hinc
3375 1392 3428 1440 et
3457 1385 3667 1442 Paulus
3698 1403 3857 1460 apo-

2233 1473 2454 1528 stolus:
2525 1496 2543 1519 ι
2587 1473 2954 1543 Desiderium,
3001 1473 3206 1546 inquit,
3258 1473 3432 1530 habeo
3479 1474 3746 1544 dissolvi,
3800 1485 3858 1532 et

2233 1577 2358 1618 cum
2389 1559 2609 1618 Christo
2654 1578 2769 1618 esse
2813 1563 2990 1618 multo
3035 1563 3236 1619 melius
3280 1563 3542 1636 (Philipp.
3575 1581 3614 1633 ι,
3649 1563 3783 1635 23).
3823 1591 3843 1614 ι

2233 1649 2332 1707 His
2345 1650 2528 1723 itaque
2543 1649 2807 1720 decursis,
2827 1667 3140 1725 quanquam
3161 1651 3335 1708 multa
3354 1653 3853 1724 praetermiserim,

2231 1746 2434 1808 tamen,
2463 1749 2526 1796 ut
2554 1739 2692 1796 mihi
2721 1739 2963 1811 videtur,
3003 1741 3178 1798 hostis
3225 1741 3400 1800 nostri
3430 1741 3600 1798 fortia
3628 1750 3855 1813 castra,

528 1831 700 1889 cedit:
735 1833 832 1889 ubi
861 1834 1014 1888 nulla
1046 1833 1346 1890 adversitas
1379 1832 1586 1901 turbat,
1635 1831 1790 1887 nulla
1833 1831 2124 1888 necessitas
2154 1849 2201 1912 Β
2232 1830 2433 1902 quibus
2461 1830 2548 1902 pie
2575 1830 2824 1887 viventes
2862 1830 2920 1886 in
2957 1829 3178 1888 Christo
3223 1847 3336 1886 non
3376 1830 3582 1887 desinit
3635 1830 3858 1904 impu-

527 1928 796 1993 augustat,
827 1923 980 1978 nulla
1005 1923 1257 1979 molestia
1284 1922 1574 1994 inquietat,
1605 1919 1702 1976 sed
1731 1920 1989 1992 perennis
2015 1921 2120 1976 lai—
2229 1935 2416 1990 gnare,
2472 1936 2638 1992 quam
2691 1920 2932 1978 breviter
2987 1919 3380 1977 demonstravi.
3443 1921 3609 1988 Ecce,
3665 1919 3860 1976 frater

528 2012 652 2070 titia
678 2021 886 2086 regnat.
919 2014 1023 2070 Sed
1051 2031 1259 2087 queres
1295 2012 1429 2086 quid
1462 2011 1541 2067 ibi
1594 2011 1684 2078 sit,
1733 2010 1829 2066 ubi
1870 2017 2022 2066 tanta
2065 2018 2121 2066 et

528 2101 656 2158 talis
683 2101 968 2159 beatitudo
993 2103 1254 2175 persistit.
1303 2102 1482 2174 Aliter
1524 2099 1706 2156 dicere
1731 2115 1892 2156 nemo
1920 2107 2121 2173 potest,

530 2190 638 2246 nisi
668 2191 797 2264 quia
825 2191 1095 2265 quidquid
1139 2190 1272 2247 boni
1319 2199 1416 2260 est,
1467 2190 1544 2246 ibi
1585 2199 1707 2246 est:
1759 2197 1812 2245 et
1853 2187 2123 2262 quidquid

531 2281 664 2336 mali
701 2290 800 2350 est,
849 2298 1118 2354 nusquam
1161 2281 1238 2336 ibi
1291 2288 1390 2336 est.
1431 2279 1609 2347 Quod,
1661 2278 1864 2351 inquis,
1913 2279 2120 2334 bonum

531 2368 671 2424 illud
702 2379 782 2426 est
802 2371 830 2426 ‘l
858 2370 1002 2437 Quid
1031 2385 1117 2426 me
1143 2367 1485 2441 interrogas?
1513 2370 1563 2423 A
1592 2367 1854 2440 prepheta
1885 2373 1938 2422 et
1963 2370 2123 2438 Apo-

2230 2007 2572 2078 charissime,
2615 2008 2758 2065 inter
2797 2016 3018 2067 caeteras
3058 2022 3210 2066 meas
3243 2009 3634 2082 occupationes
3686 2009 3857 2066 hunc

2228 2097 2332 2154 tibi
2364 2115 2670 2155 sermonem
2699 2100 2985 2156 nocturnis
3012 2099 3168 2156 horis
3211 2098 3422 2156 inculta
3467 2099 3598 2156 licet
3647 2115 3859 2156 venu-

2231 2195 2392 2257 state,
2438 2188 2644 2245 dictavi
2689 2197 2851 2262 atque
2877 2189 3177 2262 conscripsi
3211 2207 3223 2246 :
3259 2204 3422 2263 quem
3456 2194 3590 2262 quia
3629 2187 3858 2260 episto-

2230 2277 2405 2332 larum
2435 2278 2698 2334 excedere
2729 2278 2953 2335 modum
2981 2279 3242 2352 cognovi,
3272 2277 3523 2334 libellum
3550 2277 3749 2351 potius
3780 2277 3858 2334 de

2228 2366 2494 2424 vitiorum
2524 2368 2903 2441 virtutumque
2943 2368 3204 2424 conﬂictu
3245 2384 3565 2442 nuncupare
3612 2367 3847 2426 malui:

2228 2454 2285 2509 in
2329 2471 2438 2527 quo
2483 2455 2531 2511 si
2572 2455 2952 2512 mdiﬁcationis
2999 2455 3211 2528 aliquid
3257 2457 3548 2530 repeteris,
3598 2464 3657 2514 et
3687 2455 3858 2512 'aliis

2228 2542 2410 2616 ipsum
2439 2543 2727 2618 legendum
2759 2544 2972 2602 tradere
2999 2543 3239 2603 curabis.

531 2459 671 2514 stolo
700 2459 1033 2532 explicatum
1055 2469 1172 2516 est:
1209 2484 1226 2508 ι
1249 2461 1475 2527 Oculus,
1499 2458 1785 2530 inquiunt,
1815 2473 1928 2512 non
1957 2456 2121 2524 vidit,

529 2563 630 2604 nec
659 2547 806 2604 auris
831 2550 1068 2620 audivit,
1109 2565 1211 2606 nec
1250 2549 1308 2604 in
1351 2566 1446 2606 cor
1473 2547 1717 2604 hominis
1759 2545 2121 2602 ascenderunt

529 2653 648 2711 quae
675 2639 1004 2711 preparavit
1034 2639 1178 2695 Deus
1225 2637 1294 2694 iis
1341 2637 1440 2711 qui
1481 2637 1722 2708 diligunt
1767 2635 1927 2691 illum
1981 2634 2116 2705 (Isa.

1903 2959 2170 3027 LIBRI
2233 2960 2422 3030 DUO

1055 3113 1270 3260 DE
1385 3111 2334 3262 VOGATIONE
2451 3110 3282 3262 GENTIUM.

641 3329 918 3404 (Exstant,
943 3345 1082 3386 nova
1111 3336 1160 3386 et
1183 3329 1513 3386 accuratiore
1540 3328 1762 3385 editione
1789 3329 1991 3398 donati,
2019 3328 2158 3384 inter
2184 3345 2345 3400 opera
2373 3327 2626 3400 Prosperi
2651 3326 2930 3399 Aquitani.
2971 3327 3094 3388 Vide
3125 3332 3253 3383 tom.
3296 3325 3392 3396 LI,
3417 3325 3518 3384 col.
3561 3325 3725 3400 639.)

529 3491 2646 3521 mm

1091 3645 1254 3731 DE
1351 3645 1960 3733 MORIBUS
2056 3644 3243 3732 BRACHMANORUM.

602 3947 838 4005 Habetur
863 3947 945 4004 hic
965 3953 1221 4004 tractatus
1243 3965 1341 4006 ms.
1372 3949 1430 4004 in
1460 3948 1629 4003 tribus
1655 3945 2003 4002 celeberrimis
2035 3947 2212 4004 Italiae
2241 3947 2576 4011 bibliothecis,
2615 3946 2889 4015 Vaticana,
2920 3948 3326 4016 Mediolanensi,
3354 3955 3402 4006 et
3429 3947 3686 4007 Medicae
3728 3947 3831 4006 sub

530 4038 738 4092 nomine
770 4039 830 4094 B.
880 4038 1149 4094 Ambrosii
1175 4037 1584 4096 Mediolanensis
1619 4037 1894 4108 episcopi:
1943 4035 2097 4105 cujus
2145 4041 2315 4090 tamen
2349 4051 2456 4089 non
2495 4051 2620 4100 esse,
2671 4041 2780 4090 tum
2820 4054 2886 4092 ea;
2911 4037 3037 4094 aliis
3083 4038 3322 4094 dubitari
3360 4044 3548 4110 potest,
3602 4045 3722 4094 tum
3768 4055 3839 4092 ea:

531 4123 830 4192 differentia
857 4125 1001 4196 styli,
1030 4125 1122 4195 qui
1147 4143 1181 4180 a
1208 4124 1466 4195 gravitate
1493 4123 1782 4190 Ambrosii,
1814 4121 1880 4176 ab
1908 4121 2166 4190 elegantia
2195 4128 2242 4175 et
2268 4123 2508 4178 acumine
2547 4123 2826 4180 verborum
2868 4142 2986 4181 cum
3029 4133 3296 4183 venustate
3339 4125 3623 4198 conjuncta
3673 4127 3840 4197 longe

532 4211 730 4266 distare
754 4213 979 4270 videtur.
1013 4214 1113 4270 Sed
1135 4230 1252 4268 cum
1272 4213 1328 4267 in
1357 4212 1569 4268 vetustis
1591 4211 1750 4268 libris
1777 4227 1965 4265 nomen
1990 4209 2176 4280 ipsius,
2209 4210 2378 4264 nescio
2407 4227 2513 4280 qua
2549 4213 2832 4281 occasione,
2873 4214 3090 4270 sortitus
3119 4214 3239 4284 jam
3275 4215 3365 4284 sit,
3393 4232 3428 4270 a
3458 4213 3612 4270 nobis
3638 4212 3701 4268 in
3735 4214 3840 4268 hac

533 4300 754 4356 editione
781 4303 993 4358 additus
1012 4309 1086 4357 est
1111 4305 1249 4357 inter
1273 4301 1388 4358 alia
1416 4301 1670 4372 opuscula
1687 4301 1906 4368 incerta,
1938 4316 2054 4370 qua
2079 4299 2198 4353 huic
2226 4305 2404 4355 sancto
2432 4300 2636 4356 doctori
2667 4303 2946 4360 tribuenda
2983 4306 3111 4374 sint,
3153 4321 3327 4374 necne,
3369 4304 3561 4360 sinceri
3609 4304 3837 4359 lectoris

523 4389 732 4460 judicio
751 4391 1114 4462 relinquimus.
1151 4391 1292 4461 Opus
1318 4396 1450 4444 certe
1476 4389 1650 4460 ipsum
1688 4406 1795 4444 non
1833 4390 2116 4445 admodum
2163 4389 2449 4460 expolitum
2489 4389 2740 4460 fatemur.
2781 4393 2869 4452 Vel
2905 4392 3134 4464 fortasse
3179 4394 3494 4450 Ambrosius
3544 4392 3620 4466 (si
3670 4393 3840 4449 illius

531 4479 777 4535 dicendus
803 4487 877 4536 est
900 4479 1108 4552 auctor)
1140 4478 1389 4535 Palladio
1423 4478 1601 4533 Graeco
1629 4479 1826 4533 homini
1854 4479 2098 4542 scribens,
2129 4479 2320 4550 lingua:
2346 4479 2551 4534 Latinae
2572 4497 2770 4552 parum
2807 4483 3034 4552 erudito,
3063 4489 3114 4540 et
3137 4484 3308 4540 adhuc
3327 4481 3517 4554 juveni
3569 4482 3644 4554 (is
3692 4483 3842 4538 enim

531 4575 622 4637 est,
664 4575 723 4624 ut
748 4569 1048 4640 conjicitur,
1076 4569 1170 4640 qui
1191 4575 1372 4640 postea
1399 4567 1754 4624 Hibernorum
1780 4568 2047 4641 episcopus
2075 4569 2182 4641 fuit
2207 4569 2534 4642 ordinatus),
2565 4576 2626 4626 ut
2653 4570 2766 4642 eius
2793 4573 3074 4646 capacitati
3105 4589 3158 4630 se
3182 4573 3623 4642 accommodaret,
3653 4572 3838 4644 magis

530 4669 713 4734 aperto
744 4669 792 4718 et
817 4663 1172 4719 communiore
1199 4677 1432 4718 sermone
1459 4677 1585 4716 usus
1613 4660 1705 4719 est.

601 4833 946 4890 Desiderium
986 4831 1185 4886 mentis
1229 4839 1357 4901 tua),
1404 4831 1636 4903 Palladi,
1683 4849 1802 4906 quas
1848 4831 2116 4889 immenso
2145 4839 2188 4900 C
2221 4835 2504 4908 graphiw).
2539 4835 2800 4892 Habitant
2839 4841 3020 4893 autem
3056 4809 3220 4908 jhxta
3270 4835 3535 4910 Gangem,
3587 4833 3836 4893 ﬂuvium

532 4923 813 4996 sapientiae
839 4937 1024 4978 amore
1055 4921 1297 4992 incensa,
1325 4940 1469 4978 nova
1492 4941 1705 4996 semper
1725 4923 1932 4980 discere
1953 4933 2124 4996 optat,
2233 4926 2404 4982 totius
2433 4927 2600 4982 Indiae
2639 4925 2943 4982 maximum
2989 4926 3078 4998 (Q.
3118 4925 3360 4996 Curtius,
3401 4925 3492 4982 lib.
3525 4926 3679 4998 vm).
3733 4927 3839 4986 Hic

532 5025 738 5069 novum
780 5011 943 5067 etiam
973 5011 1314 5085 arduumque
1351 5029 1488 5085 opus
1528 5014 1739 5070 eﬂicere
1768 5029 1866 5069 nos
1886 5015 2126 5085 compel-
2234 5029 2365 5070 vero
2394 5015 2604 5088 Ganges
2630 5015 2725 5072 ille
2753 5023 2834 5073 est
2863 5031 3026 5088 quem
3057 5016 3352 5089 Scripturas
3389 5024 3593 5072 sanctae
3621 5015 3837 5075 Phison

532 5103 618 5172 lit,
649 5101 707 5158 id
733 5117 865 5157 vero
891 5109 972 5157 est
1000 5101 1465 5159 Brachmanorum
1497 5104 1728 5176 patriam
1761 5103 2128 5161 consuetudi-
2233 5105 2532 5177 appellant,
2559 5112 2614 5160 et
2640 5121 2785 5161 unus
2831 5104 2898 5161 de
2939 5111 3174 5178 quatuor
3205 5105 3300 5180 qui
3329 5122 3359 5162 e
3386 5103 3644 5178 paradiso
3675 5106 3838 5162 exire

533 5212 683 5262 nem,
709 5195 990 5268 vitamque
1031 5211 1328 5253 recensere.
1378 5198 1492 5268 Ego
1536 5198 1738 5270 quippe
1785 5214 1909 5253 cum
1951 5211 2127 5268 neque
2235 5193 2594 5265 perhibentur
2625 5194 2782 5266 (Gen.
2817 5195 2904 5266 ιι).
2936 5195 3184 5250 Primum
3222 5194 3392 5268 igitur
3438 5194 3676 5251 Musaeus
3726 5195 3837 5252 fra-

2234 5291 2318 5338 ter
2346 5291 2532 5340 noster
2558 5285 2894 5340 Dolenorum
2922 5285 3230 5358 episcopus,
3264 5283 3404 5341 mihi
3434 5285 3650 5354 retulit,
3683 5287 3834 5360 quod

2235 5373 2350 5446 ipse
2377 5374 2586 5446 aliquot
2611 5383 2737 5431 ante
2765 5390 2938 5432 annos
2978 5374 3047 5431 ad
3095 5375 3302 5441 Indias,
3338 5373 3718 5432 Brachmanos
3747 5378 3832 5433 vi-

2236 5461 2391 5518 sendi
2431 5461 2614 5518 studio
2651 5463 3016 5536 profecturus,
3061 5463 3301 5520 Sericam
3350 5462 3464 5520 fere
3509 5466 3832 5521 universam

2235 5551 2515 5624 regionem
2569 5553 2914 5625 peragravit;
2972 5553 3028 5609 in
3086 5568 3194 5626 qua
3241 5552 3408 5610 refert
3449 5552 3675 5612 arbores
3717 5571 3832 5612 esse

2237 5661 2357 5719 quae
2385 5660 2499 5700 non
2525 5645 2704 5700 solum
2739 5643 2894 5711 folia,
2926 5642 3020 5700 sed
3048 5643 3226 5700 lanam
3277 5659 3494 5718 quoque
3541 5644 3830 5718 proferunt

2237 5736 2638 5806 tenuissimam,
2669 5752 2738 5794 ex
2767 5751 2875 5810 qua
2901 5735 3229 5794 vestimenta
3267 5734 3668 5808 conﬁciuntur,
3713 5753 3829 5812 quae

535 5285 701 5358 ipsos,
732 5299 910 5366 neque
939 5285 1186 5354 ipsorum
1217 5284 1452 5341 viderim
1483 5285 1602 5341 loca
1633 5286 1822 5357 (longo
1847 5285 1993 5340 enim
2021 5292 2128 5340 ter-

534 5391 720 5432 rarum
771 5375 946 5446 spatio
995 5393 1027 5430 a
1072 5383 1260 5430 nostra
1300 5376 1523 5446 Europa
1573 5381 1702 5430 sunt
1746 5373 2028 5446 sejuncti),
2066 5390 2130 5430 ea

536 5464 640 5520 tibi
670 5464 962 5520 dumtaxat
986 5481 1106 5538 quae
1134 5465 1202 5521 ab
1228 5464 1352 5520 aliis
1369 5464 1580 5532 audivi,
1613 5470 1666 5518 et
1695 5480 1815 5536 quae
1843 5483 1875 5521 a
1903 5463 2128 5536 scripto-

537 5553 692 5610 ribus
743 5557 1044 5628 desumpsi,
1099 5573 1351 5614 enarrare
1405 5557 1650 5613 tentabo.
1723 5555 2051 5612 Brachmani
2096 5571 2129 5612 a

538 5646 823 5700 nonnullis
853 5647 1334 5719 gymnosophistae,
1384 5659 1416 5702 a
1456 5643 1785 5719 quibusdam
1811 5644 2126 5718 philosophi

538 5747 634 5790 seu
653 5734 926 5806 sapientes
953 5737 1214 5795 Indorum
1236 5738 1580 5808 appellantur
1601 5737 1838 5812 (Strabo.
1855 5738 1894 5794 Ι.
1913 5755 1989 5796 xv
2005 5738 2126 5796 Geo-
