3940 6368
100 420 262 478 1169

1236 421 1332 479 DE
1369 419 1675 478 MORIBUS
1730 420 2340 482 BBACHMANORUM.

3299 435 3443 494 1170

99 556 310 615 serica
338 556 756 624 nuncupantur,
785 557 841 608 et
866 549 943 606 ibi
975 547 1248 621 insignem
1282 548 1575 621 quamdam
1604 566 1730 606 con-
1764 553 1815 613 A
1840 550 2056 607 fructus
2092 550 2285 623 gignit,
2334 552 2516 608 caeteri
2564 562 2806 611 maturos
2855 557 3153 614 ostendunt
3201 559 3435 619 fructus.

98 646 260 719 spici
315 644 588 717 lapideam
639 642 957 698 columnam
1002 637 1309 696 Alexandri
1349 638 1575 695 nomine
1624 639 1729 697 hoc

101 737 295 795 titulo
324 736 597 807 sculptam
631 750 643 790 :
708 733 825 804 Ego
878 730 1194 787 Alexander
1225 729 1336 787 huc
1381 730 1642 801 perveni;
1676 738 1730 787 et

100 826 274 900 quod
309 824 564 899 plurimis
583 823 914 897 populorum
944 819 1265 876 nationibus
1306 820 1729 892 regionibusque

100 914 494 988 perlustratis,
518 913 579 969 in
606 911 866 969 Arianam
898 909 1117 967 tandem
1141 908 1363 965 devenit
1385 909 1727 981 provinciam

104 1022 303 1079 prope
330 1005 530 1062 Indum
566 1018 784 1059 amnem
816 1018 829 1057 :
879 1017 1043 1074 quam
1075 1000 1304 1057 desertis
1331 1000 1725 1057 circumdatam

99 1115 382 1166 cernens,
440 1095 859 1168 fervoribusque
911 1093 1243 1161 ambustam,
1307 1109 1371 1149 eo
1435 1094 1583 1166 quod
1646 1093 1727 1149 sol

99 1191 319 1247 omnia
373 1186 692 1245 incenderet
720 1186 893 1257 (unde
921 1184 1167 1241 maxima
1196 1200 1349 1256 aqua:
1378 1183 1730 1240 laborabatur

100 1280 382 1353 penuria,
417 1288 472 1335 et
499 1278 545 1334 si
575 1278 675 1333 illa
720 1275 943 1333 aliunde
988 1274 1381 1342 advehebatur,
1414 1275 1561 1346 quod
1591 1293 1725 1332 con-

100 1368 311 1425 testim
362 1369 421 1423 in
473 1367 591 1423 suis
631 1365 795 1423 etiam
826 1363 974 1420 vasis
1019 1364 1231 1419 fervere
1278 1364 1642 1434 cerneretur),
1672 1372 1729 1421 et

98 1476 243 1517 cum
300 1459 435 1517 solis
480 1468 698 1526 metum,
731 1459 1089 1530 locorumque
1136 1454 1455 1511 incendium
1502 1456 1728 1512 sufferre

100 1549 405 1623 nequiret,
440 1548 691 1621 protinus
720 1546 1042 1604 inchoatum
1090 1545 1196 1600 iter
1235 1546 1501 1613 deserere,
1534 1545 1726 1616 pedem

100 1638 338 1709 eﬂ'erre,
371 1640 503 1696 etin
530 1640 809 1712 Europam
840 1652 1081 1694 remeare
1104 1643 1327 1692 coactus
1354 1644 1437 1692 est
1468 1636 1725 1707 (Plinius,

104 1727 215 1786 lib.
252 1744 321 1784 v1
368 1730 495 1785 Nat.
536 1727 674 1784 Hist.
730 1742 849 1799 cap.
908 1726 1025 1798 23).
1071 1724 1336 1792 Quaedam
1387 1741 1514 1797 ergo
1560 1740 1723 1791 nova,

103 1835 230 1876 non
285 1828 477 1876 autem
524 1816 896 1874 Brachmanos
923 1833 980 1873 se
1010 1816 1215 1872 vidisse
1251 1815 1505 1871 afﬁrmat.
1540 1815 1727 1871 Refert

1836 640 2070 711 Insuper
2101 639 2265 696 habet
2286 638 2467 696 insula
2494 641 2611 699 haec
2631 643 2902 717 dactylos,
2933 664 3097 703 nuces
3126 666 3261 722 quas
3291 651 3438 707 Indi-

1837 747 1929 788 cas
1958 731 2219 800 dicimus,
2254 732 2485 803 grandes
2515 742 2570 790 et
2598 734 2861 805 minutas,
2890 738 3192 795 odoriferas
3230 749 3436 812 tamen,

1837 820 1970 876 item
2000 828 2053 875 et
2084 836 2250 877 nuces
2282 838 2416 894 quas
2442 825 2661 895 corylos
2689 825 2948 883 dicimus.
3000 829 3260 886 Homines
3285 832 3437 889 illius

1842 917 1999 966 terras
2052 910 2279 966 aluntur
2336 928 2649 983 pomorum,
2701 931 2903 987 oryzae,
2964 924 3019 971 et
3074 919 3230 973 lactis
3278 920 3435 988 cibo;

1837 1001 2052 1058 nobiles
2082 1010 2385 1058 vescuntur
2432 1004 2596 1059 certis
2643 1005 2973 1077 quibusdam
3016 1008 3231 1078 diebus,
3273 1012 3438 1068 etiam

1837 1092 2197 1160 solemnibus,
2254 1093 2465 1161 ovium,
2522 1110 2918 1168 caprarumque
2966 1099 3243 1154 carnibus.
3304 1101 3438 1156 Sues

1835 1195 1869 1235 a
1924 1180 2201 1237 Thebaide
2252 1198 2425 1253 usque
2481 1182 2550 1237 ad
2610 1183 2780 1239 Indiae
2836 1186 3244 1259 Aithiopiaequc
3300 1188 3438 1246 ﬁnes

1836 1269 1994 1325 aiunt
2021 1286 2133 1325 non
2160 1270 2405 1327 inveniri
2435 1272 2505 1327 ob
2526 1272 2799 1327 maximos
2823 1282 3004 1330 aestus.
3038 1276 3280 1332 induunt
3310 1294 3433 1349 gen-

1835 1366 1917 1414 tes
1963 1359 2161 1415 insulze
2194 1361 2384 1416 ovium
2429 1362 2619 1433 pelles,
2666 1379 2776 1418 non
2809 1365 3113 1435 spernenda
3165 1366 3434 1423 laboratas

1835 1456 1970 1515 arte,
2020 1464 2151 1503 oves
2199 1450 2331 1504 item
2372 1466 2482 1505 non
2530 1454 2688 1519 lanae,
2749 1452 2843 1507 sed
2887 1463 3127 1510 setarum
3174 1462 3436 1526 teguntur

1836 1538 2059 1605 vellere,
2094 1553 2193 1593 nec
2226 1539 2379 1606 lanae,
2415 1555 2515 1595 nec
2542 1541 2643 1595 lini
2670 1542 2901 1597 habetur
2928 1543 3006 1598 ibi
3034 1560 3183 1611 usus,
3216 1553 3278 1600 ut
3307 1561 3434 1600 nar-

1836 1634 1990 1690 rabat
2016 1633 2392 1701 scholasticus,
2442 1644 2496 1690 et
2527 1635 2673 1707 quod
2703 1636 2770 1690 de
2810 1637 3111 1708 zEthiopiae
3140 1650 3194 1695 et
3236 1640 3434 1698 Persia

1836 1723 2062 1791 finibus,
2080 1732 2135 1779 et
2159 1724 2563 1779 Assumitarum
2587 1725 2722 1780 locis
2741 1724 2817 1780 ibi
2841 1735 3169 1783 mercatores
3189 1729 3429 1799 emendi,

1835 1812 2133 1881 vendendi,
2186 1813 2648 1885 permutandique
2703 1814 2782 1869 rei
2825 1814 2995 1886 gratia
3041 1820 3427 1875 conveniunt:

107 1907 507 1965 nihilominus
563 1907 631 1963 de
680 1906 1042 1963 Brachmanis
1090 1906 1276 1979 aliqua
1327 1921 1384 1961 se
1422 1904 1639 1962 audisse
1692 1922 1724 1962 a
1751 1922 1797 1984 Β
1837 1908 1890 1957 et
1919 1902 2065 1974 quod
2094 1901 2249 1975 piper
2288 1902 2367 1958 ibi
2407 1903 2673 1972 nascitur,
2714 1904 2773 1959 in
2804 1920 3105 1979 magnaque
3151 1908 3433 1980 colligitur

101 1998 464 2056 scholastico
508 1997 746 2070 quodam
776 1996 1030 2064 Thebaeo,
1072 1997 1190 2069 qui,
1224 2005 1285 2053 ut
1313 1996 1411 2064 ait,
1441 1996 1512 2052 ob
1542 1996 1597 2053 id
1627 1997 1723 2071 ip-

99 2106 260 2159 sum,
305 2104 507 2161 nempe
543 2095 607 2143 ut
636 2088 784 2160 ipsos
817 2085 1191 2141 Brachmanas
1227 2095 1281 2142 et
1308 2084 1521 2142 videret
1550 2095 1603 2143 et
1631 2088 1724 2141 al-

99 2179 462 2252 loqueretur,
486 2177 546 2232 in
574 2175 760 2233 Indias
787 2173 1126 2248 peregrinari
1150 2174 1455 2246 proposuit,
1492 2182 1547 2230 et
1576 2175 1723 2247 quod

100 2266 349 2322 tandem
393 2264 562 2321 miser
602 2264 661 2320 in
703 2263 1081 2335 captivitatem
1112 2262 1368 2318 incurrit.
1424 2261 1527 2319 Hic
1570 2279 1720 2333 ergo,

100 2364 167 2414 ut
186 2353 347 2412 mihi
374 2352 662 2427 episcopus
689 2353 900 2420 retulit,
929 2369 1056 2408 cum
1087 2351 1315 2407 lenioris
1343 2359 1484 2407 esset
1513 2350 1721 2422 ingenii

98 2445 162 2502 in
192 2444 445 2502 forensis
486 2442 867 2501 advocationis
891 2441 1074 2499 oﬂicio
1103 2442 1419 2512 incongrua:
1454 2441 1562 2498 sibi
1590 2443 1725 2499 artis

100 2537 286 2595 taedio
344 2536 625 2607 fatigatus,
680 2532 898 2590 Indiam
924 2532 1137 2600 videre,
1165 2540 1222 2588 et
1249 2531 1720 2587 Brachmanorum

100 2628 357 2700 patriam
387 2643 451 2684 ac
479 2642 658 2682 mores
712 2638 1038 2695 cognoscere
1075 2620 1420 2677 deliberavit.
1454 2621 1723 2687 Quocirca

101 2737 240 2778 cum
310 2718 643 2794 quibusdam
690 2713 1090 2772 mercatoribus
1144 2713 1203 2769 in
1252 2713 1539 2784 Erythraeo
1604 2713 1719 2768 sive

102 2808 310 2868 Rubro
356 2808 517 2877 mari,
567 2808 756 2864 navim
804 2805 1198 2874 conscendens,
1229 2805 1510 2877 navigavit
1541 2805 1721 2877 primo

103 2904 308 2960 sinum
343 2900 664 2968 Adulicum,
721 2906 777 2955 et
831 2898 1184 2954 Adulitarum
1241 2897 1505 2969 oppidum
1555 2896 1716 2963 vidit,

106 3008 249 3049 mox
270 2994 541 3049 Aromata
560 2988 1022 3062 promontorium,
1051 2997 1105 3045 et
1124 2987 1585 3060 Troglodytarum
1609 3003 1717 3042 em-

106 3082 345 3155 porium
385 3078 712 3153 penetravit,
744 3078 878 3136 hinc
909 3086 964 3135 et
1011 3079 1418 3135 Assumitarum
1468 3080 1585 3134 loca
1628 3085 1719 3133 at-

106 3173 262 3245 tigit,
294 3171 444 3228 unde
473 3173 693 3228 solvens
730 3170 1006 3245 prosperis
1048 3170 1311 3227 ﬂantibus
1358 3169 1559 3237 ventis,
1592 3168 1720 3224 licet

104 3263 368 3336 plurium
423 3263 776 3336 navigatione
827 3262 1066 3331 dierum,
1117 3260 1368 3318 Muzirim
1399 3260 1719 3316 totiusln-

101 3352 214 3410 dia
245 3352 393 3411 citra
421 3352 661 3426 Gangem
688 3351 996 3424 emporium
1043 3350 1263 3407 tandem
1296 3352 1583 3423 pervenit:
1618 3350 1713 3406 ubi

104 3442 417 3517 quemdam
462 3445 729 3501 Indorum
785 3443 1035 3515 regulum
1090 3442 1365 3498 dominari
1422 3442 1711 3497 asserebat.

106 3534 447 3591 lmmoratus
500 3534 674 3605 igitur
704 3532 783 3589 ibi
814 3531 1161 3606 aliquandiu,
1194 3531 1588 3605 observataque
1618 3532 1715 3587 di-

105 3620 356 3695 ligenter
392 3621 534 3677 aeris
583 3631 638 3677 et
666 3620 774 3677 loci
821 3621 1105 3694 qualitate,
1145 3636 1209 3677 ac
1252 3619 1545 3676 hominum
1576 3636 1712 3677 con-

106 3710 432 3780 suetudine,
478 3726 573 3783 per
622 3710 807 3783 plures
835 3710 973 3777 dies,
1026 3710 1182 3767 venit
1208 3710 1259 3766 ei
1288 3710 1348 3765 in
1377 3719 1615 3766 mentem
1645 3709 1711 3765 ad

107 3803 358 3861 insulam
407 3819 527 3876 quae
570 3803 888 3875 Taprobane
926 3812 1157 3859 vocatur
1194 3803 1548 3860 transfretare
1600 3820 1612 3858 :
1654 3802 1713 3857 in

108 3907 215 3965 qua
245 3894 363 3962 illi,
423 3892 628 3965 quibus
654 3893 940 3949 beatorum
970 3908 1175 3949 nomen
1202 3899 1304 3961 est,
1333 3892 1709 3964 longissimam

108 3990 330 4040 atatem
378 3981 570 4037 vivere
621 3990 941 4038 asseruntur
985 3983 1138 4054 (nam
1184 3982 1356 4037 vitam
1420 3982 1711 4038 hominum

109 4079 336 4129 centum
367 4071 528 4127 annis
574 4069 850 4127 modicam
884 4074 1100 4143 putant)
1143 4080 1364 4144 propter
1404 4072 1599 4127 miram
1628 4087 1713 4126 ae-

110 4161 182 4217 ris
210 4160 567 4234 temperiem,
623 4169 679 4217 et
737 4159 1355 4234 incomprehensibilem
1392 4161 1573 4217 divini
1604 4162 1710 4217 dis-

110 4250 446 4320 positionem
489 4248 691 4321 judicii
724 4249 982 4319 (Plinius,
1013 4248 1110 4304 lib.
1143 4266 1223 4318 v1,
1263 4266 1383 4322 cap.
1413 4250 1527 4321 22).
1570 4250 1713 4307 Huic

109 4347 351 4410 quatuor
378 4338 737 4396 moderantur
763 4354 914 4411 reges
948 4355 1044 4395 seu
1097 4347 1347 4411 satrapae,
1379 4340 1525 4395 inter
1575 4356 1711 4412 quos

111 4442 252 4486 unus
280 4437 368 4487 est
395 4428 695 4498 maximus,
740 4429 832 4486 cui
879 4429 1063 4486 caeteri
1100 4429 1385 4502 subjacent
1420 4429 1708 4486 obediunt-

110 4522 233 4591 que,
277 4529 346 4578 ut
385 4520 484 4577 ille
528 4519 850 4577 scolasticus
895 4519 1164 4576 referebat
1199 4520 1572 4593 (Ptolemaeus,
1605 4520 1704 4579 lib.

111 4612 584 4701 vn‘fkographita,
618 4628 676 4701 c.
697 4609 803 4701 11).,
827 4610 1360 4701 Narrabatquoque,
1401 4610 1463 4701 si
1485 4610 1705 4667 credere
1739 4643 1785 4701 Β

111 4695 268 4756 facile
311 4708 415 4767 est,
462 4700 618 4757 mille
663 4700 873 4757 insulas
897 4699 1121 4757 Arabici
1171 4706 1226 4756 et
1265 4699 1469 4756 Persici
1512 4701 1701 4767 maris,

112 4795 164 4843 et
189 4803 325 4861 quas
366 4789 691 4846 Mammolas
736 4797 956 4858 vocant,
997 4788 1081 4845 illi
1112 4788 1506 4861 obtemperare.
1567 4790 1710 4846 Huic

112 4872 227 4947 ille,
259 4893 426 4950 quem
454 4886 759 4952 magnetem
791 4879 1088 4951 appellant,
1133 4879 1404 4950 reperitur
1423 4879 1579 4950 lapis,
1612 4879 1707 4953 qui

112 4963 240 5023 ferri
271 4975 528 5025 naturam
552 4967 622 5025 ad
648 4985 705 5025 se
726 4968 782 5023 vi
812 4984 912 5025 sua
928 4968 1155 5024 "trahere
1171 4969 1395 5025 dicitur.
1417 4969 1555 5027 Cum
1580 4985 1707 5042 ergo

114 5056 268 5113 navis
294 5057 480 5132 aliqua
505 5059 693 5116 clavos
722 5058 929 5114 habens
970 5059 1175 5115 ferreos
1202 5059 1320 5116 illic
1355 5059 1704 5132 applicuerit,

115 5141 262 5204 illico
314 5149 606 5219 retinetur,
664 5164 767 5205 nec
813 5165 1089 5223 quoquam
1128 5149 1210 5206 ire
1247 5151 1607 5222 permittitur,
1648 5152 1704 5208 vi

116 5235 298 5294 nescio
351 5237 585 5312 quadam
634 5237 835 5311 lapidis
881 5239 1101 5295 occulta
1141 5239 1495 5312 impediente,
1546 5241 1616 5298 ob
1648 5242 1703 5299 id

116 5337 277 5383 naves
305 5328 385 5384 ibi
404 5328 601 5401 ligneis
626 5329 799 5387 clavis
827 5329 1073 5386 construi
1095 5328 1330 5387 dicebat.
1356 5332 1706 5400 Quodinsula

120 5414 355 5490 quinque
385 5417 550 5475 habet
577 5419 826 5489 ﬂumina,
874 5426 929 5475 et
957 5418 1177 5493 quidem
1211 5421 1473 5491 maxima,
1504 5423 1705 5495 quibus

123 5508 232 5561 tota
285 5506 566 5581 irrigatur,
625 5510 970 5583 fertiliorque
1011 5510 1283 5568 redditur.
1344 5511 1497 5568 Unde
1541 5520 1595 5567 et
1633 5512 1703 5568 ob

123 5597 408 5656 maximam
466 5601 588 5657 οωιί
649 5603 998 5660 clementiam
1056 5619 1221 5677 poma
1265 5605 1422 5660 nullo
1458 5621 1703 5678 unquam

123 5686 357 5758 tempore
408 5690 700 5747 arboribus
751 5693 991 5750 desunt:
1049 5695 1161 5749 imo
1213 5693 1404 5750 eodem
1460 5702 1703 5769 tempore

125 5773 352 5846 ejusdem
408 5783 623 5842 arboris
667 5784 799 5842 dum
850 5802 1036 5844 ramus
1072 5788 1211 5846 alter
1247 5786 1509 5857 ﬂorescit,
1566 5787 1704 5843 alter

1830 1994 2008 2065 copia.
2051 1995 2173 2067 Ipsa
2216 2004 2401 2051 autem
2449 1995 2747 2051 admodum
2794 2013 2963 2068 parva
3006 2006 3167 2071 atque
3212 2000 3431 2056 inutilis

1832 2103 1960 2158 gens
1988 2096 2091 2156 est,
2140 2105 2260 2161 quae
2292 2088 2442 2143 intra
2490 2089 2777 2161 speluncas
2823 2106 3012 2146 saxeas
3055 2092 3221 2159 vivit,
3253 2101 3307 2149 et
3335 2109 3433 2165 per

1832 2177 2135 2249 pracipitia
2163 2193 2358 2248 magna
2402 2177 2710 2233 discurrere
2759 2186 2953 2233 natura
3006 2180 3195 2251 patriae
3241 2180 3434 2238 edocta

1830 2266 2138 2323 consuevit.
2186 2267 2350 2338 Piper
2376 2274 2561 2322 autem
2604 2284 2733 2323 cum
2762 2270 3090 2324 ramusculis
3122 2269 3239 2325 suis
3263 2270 3434 2326 colli-

1834 2357 2014 2427 gitur;
2065 2358 2209 2429 ipsas
2239 2364 2423 2412 autem
2455 2358 2678 2413 arbores
2708 2359 2864 2431 quasi
2898 2358 3162 2430 quasdam
3192 2360 3432 2417 humiles

1832 2461 1894 2501 ac
1928 2449 2183 2516 parvulas
2222 2445 2419 2516 stirpes
2445 2462 2562 2501 esse
2591 2446 2826 2502 dicebat.
2875 2448 3013 2501 Nam
3044 2456 3095 2504 et
3126 2449 3270 2519 ipsos
3300 2449 3432 2503 exi—

1833 2550 1968 2605 guos
2012 2533 2379 2590 homunculos
2425 2550 2560 2602 esse,
2598 2542 2652 2589 et
2700 2535 2925 2606 grandia
2972 2536 3218 2607 quaedam
3250 2537 3430 2608 capita

1831 2626 2025 2681 asserit
2056 2626 2255 2681 habere
2285 2643 2410 2681 cum
2445 2625 2656 2681 levibus
2685 2634 2739 2681 et
2767 2624 3011 2680 detonsis
3039 2627 3272 2697 capillis.
3314 2629 3429 2684 Re-

1832 2718 2047 2790 liquum
2079 2733 2210 2772 vero
2260 2717 2589 2788 jEthiopum
2638 2725 2798 2789 atque
2842 2717 3103 2771 Indorum
3135 2734 3301 2788 genus
3331 2735 3426 2774 co-

1830 2809 1935 2862 mis
1965 2808 2288 2862 naturaliter
2334 2807 2587 2877 crispatis
2636 2806 2843 2861 horret.
2893 2808 2954 2861 In
3001 2823 3111 2879 quo
3143 2808 3263 2863 loco
3296 2808 3426 2878 (ad-

1824 2896 1983 2966 jecit)
2024 2896 2091 2951 ab
2122 2912 2186 2950 eo
2216 2896 2309 2967 qui
2343 2896 2459 2951 illic
2498 2896 2801 2967 plurimum
2849 2903 3078 2967 poterat,
3128 2914 3225 2968 ego
3272 2897 3425 2954 illico

1829 2987 2088 3057 abreptus
2133 2995 2297 3058 atque
2342 2985 2601 3041 detentus
2632 3002 2775 3053 sum,
2818 2984 2911 3057 qui
2955 2986 3139 3041 statim
3188 2995 3426 3059 coeperat

1830 3076 1969 3131 mihi
1999 3076 2165 3131 etiam
2208 3076 2401 3131 acerbe
2446 3076 2771 3145 conviciari,
2823 3092 2886 3131 eo
2916 3076 3063 3149 quod
3100 3094 3289 3133 eorum
3319 3094 3426 3149 pa—

1828 3166 1990 3223 triam
2039 3166 2327 3238 solumque
2373 3167 2693 3238 contingere
2737 3183 2901 3222 ausus
2950 3167 3171 3223 fuerim.
3228 3169 3297 3223 Et
3340 3167 3423 3223 illi

1750 3281 1793 3341 C
1829 3275 2005 3331 neque
2032 3258 2470 3326 excusationem,
2514 3275 2615 3314 nec
2642 3258 3017 3313 defensionem
3048 3274 3224 3314 meam
3256 3260 3427 3331 aequis

1824 3348 2027 3404 animis
2055 3347 2392 3414 audiebant;
2440 3364 2552 3403 non
2582 3349 2731 3403 enim
2765 3357 3018 3422 poterant
3052 3350 3251 3419 linguae
3292 3365 3424 3405 mea}

1825 3438 2131 3510 intelligere
2186 3453 2515 3504 sermonem,
2576 3452 2677 3492 nec
2733 3453 2830 3508 ego
2882 3437 3135 3494 criminis
3180 3455 3420 3507 causam,

1824 3528 1971 3601 quod
2026 3526 2168 3582 mihi
2224 3526 2612 3597 objiciebatur,
2673 3525 2944 3594 sciebam,
3013 3528 3143 3598 quia
3199 3527 3422 3583 illorum

1825 3617 1994 3673 verba
2027 3633 2138 3671 non
2186 3632 2470 3684 noveram,
2522 3631 2591 3670 ex
2625 3614 2757 3671 solis
2790 3624 3002 3672 tantum
3050 3616 3278 3672 nutibus
3325 3634 3424 3673 nos

1824 3714 2046 3761 mutuos
2107 3704 2416 3775 intelligere
2488 3703 2833 3760 videbamur.
2904 3705 3019 3775 Ego
3074 3704 3295 3777 quidem
3354 3724 3424 3763 ex

1822 3805 2046 3868 aspectu
2074 3804 2235 3852 torvo
2264 3794 2540 3861 uminum,
2560 3800 2613 3848 et
2642 3810 2712 3849 ex
2738 3810 2884 3849 saevo
2908 3793 3159 3849 dentium
3188 3795 3424 3851 stridore

1825 3893 2069 3958 poteram
2132 3883 2427 3939 verborum
2486 3881 2794 3954 signiﬁcata
2845 3899 3103 3951 noscere;
3163 3882 3249 3939 illi
3291 3901 3422 3941 vero

1821 3997 1892 4036 ex
1925 3980 2133 4052 pallore
2164 3995 2286 4034 meo
2334 3986 2499 4050 atque
2528 3993 2731 4049 pavore
2777 3993 2969 4033 sensus
3018 3994 3166 4034 meos
3195 3978 3424 4034 miseri-

1820 4070 2009 4126 cordia
2039 4070 2210 4141 magis
2236 4069 2435 4140 dignos
2462 4066 2901 4139 suspicabantur.
2927 4068 3017 4124 Sic
3042 4068 3225 4140 itaque
3252 4067 3318 4123 ab
3344 4067 3423 4123 eis

1820 4159 2124 4227 detentum,
2171 4173 2268 4230 per
2312 4157 2641 4213 sexennium
2688 4174 2774 4213 me
2820 4156 2879 4212 in
2931 4156 3230 4229 pristinum
3285 4174 3423 4229 opus

1820 4250 1998 4307 facere
2042 4249 2347 4320 jusserunt,
2400 4264 2641 4320 expensa
2690 4256 2873 4303 autem
2912 4264 2981 4303 ex
3031 4247 3235 4320 palatio
3280 4248 3423 4321 regis

1821 4343 2066 4414 ipsorum
2088 4342 2257 4397 unius
2280 4348 2492 4397 tantum
2517 4339 2693 4395 modii
2712 4339 3418 4412 frumentiquolibetanno.

1820 4433 1948 4488 Post
1959 4449 2056 4489 sex
2068 4449 2199 4488 vero
2210 4448 2406 4500 annos,
2421 4431 2552 4487 dum
2569 4430 2777 4503 paulim
2791 4430 3085 4487 ediscerem
3100 4431 3419 4488 eorumdem

1820 4522 2115 4594 loquelam,
2140 4522 2294 4594 potui
2315 4521 2489 4577 multa
2510 4521 2576 4576 de
2590 4519 2796 4576 vicinis
2816 4518 3154 4589 nationibus,
3176 4520 3418 4593 locisque

1818 4628 2168 4683 cognoscere.
2227 4610 2470 4666 Tandem
2524 4612 2637 4666 Deo
2691 4609 2931 4681 propitio
2985 4608 3052 4665 de
3100 4609 3417 4681 captivitate

1817 4700 1922 4756 hoc
1950 4700 2116 4755 modo
2143 4705 2391 4769 ereptum
2422 4713 2543 4753 sum
2578 4714 2591 4752 :
2625 4698 2742 4753 Rex
2770 4697 2912 4752 alius
2944 4696 3257 4769 supradicto
3282 4696 3417 4754 huic

1816 4790 1929 4860 regi
1964 4789 2304 4855 inimicatus,
2353 4802 2479 4842 eum
2509 4786 2653 4859 apud
2684 4786 2944 4858 majorem
2990 4786 3142 4842 illius
3171 4786 3413 4859 regionis

1817 4877 2204 4950 imperatorem
2251 4876 2550 4942 accusavit,
2596 4874 2743 4947 quod
2791 4874 3031 4931 nobilem
3073 4875 3277 4942 virum,
3320 4875 3413 4932 ci-

1816 4982 2053 5038 vemque
2074 4968 2385 5023 Romanum
2405 4964 2464 5020 in
2486 4964 2824 5021 teterrimam
2853 4964 3223 5036 captivitatem
3248 4973 3412 5037 atque

1815 5066 2126 5114 extremum
2186 5056 2478 5112 servitium
2544 5054 2857 5126 redegisset.
2929 5056 3050 5122 Quo
3116 5058 3412 5127 imperator

1814 5150 2024 5220 audito,
2072 5149 2361 5208 confestim
2394 5148 2531 5206 illuc
2558 5149 2894 5219 cognitorem
2926 5164 3101 5205 causa:
3140 5149 3411 5205 transmi-

1813 5240 1905 5308 sit,
1953 5255 2016 5297 ac
2056 5239 2336 5311 deinceps,
2390 5240 2470 5295 rei
2529 5240 2759 5295 veritate
2817 5248 3113 5311 perspecta,
3157 5237 3411 5310 protinus

1813 5347 1937 5387 eum
1969 5331 2065 5404 qui
2094 5330 2384 5387 convictus
2415 5331 2473 5386 in
2503 5339 2805 5387 memorato
2834 5330 3065 5386 crimine
3097 5328 3406 5398 videbatur,

1814 5423 1944 5479 exui
1970 5430 2088 5479 tota
2115 5422 2231 5479 suis
2258 5422 2505 5494 corporis
2533 5423 2673 5494 pelle
2710 5421 2989 5494 praecepit,
3020 5436 3084 5475 eo
3119 5419 3266 5493 quod
3296 5419 3407 5476 civi

1814 5517 2059 5571 llomano
2108 5516 2325 5571 fecisset
2372 5513 2631 5586 injuriam
2682 5514 2941 5585 (Plinius,
2989 5530 3068 5581 Vl,
3117 5528 3237 5584 cap.
3287 5513 3404 5582 22).

1812 5607 2084 5663 Dicuntur
2112 5612 2294 5661 autem
2325 5621 2435 5661 non
2467 5607 2643 5661 solum
2675 5605 2978 5676 impensius
3008 5603 3276 5659 honorare
3305 5604 3410 5660 Ro-

1814 5712 2103 5753 manorum
2152 5696 2557 5769 imperatorem,
2611 5696 2705 5752 sed
2746 5695 3147 5752 incredibiliter
3188 5696 3404 5763 timere,

1811 5796 2074 5862 tanquam
2122 5788 2217 5860 qui
2258 5788 2519 5861 praeclaro
2554 5787 2756 5861 polleat
2808 5787 3050 5860 ingenio,
3096 5803 3159 5847 ac
3199 5787 3405 5844 virtute
