3940 6384
526 429 661 487 1171
1542 431 1639 486 AD
1677 428 1912 487 OPERA
1948 430 2005 487 S.
2048 434 2082 487 Α

2306 429 2385 488 SII
2423 429 2803 489 APPENDIX.
3707 430 3862 491 1172

522 556 833 628 magniﬁca,
880 561 935 612 et
976 556 1249 613 Romanos
1278 571 1342 612 eo
1371 556 1518 630 quod
1555 557 1721 614 armis
1762 564 1923 630 atque
1966 557 2114 614 viri-
2140 562 2191 623 Α
2227 558 2478 631 tuaginta
2497 573 2593 631 per
2617 557 3017 632 longitudinem
3048 558 3294 627 cubitos;
3325 556 3475 617 unde
3504 573 3652 633 ergo
3672 559 3863 616 unius

521 648 629 704 bus
672 646 806 703 adeo
835 654 1087 718 potentes
1131 646 1262 714 sint,
1312 653 1375 702 ut
1416 646 1487 719 (si
1518 646 1715 719 velint)
1761 646 1829 703 ad
1877 647 2113 718 regionis
2222 647 2417 720 pellem
2448 646 2653 704 vidisse
2681 663 2769 704 me
2797 647 3023 704 memini
3054 646 3416 722 quadraginta
3443 648 3592 704 duos
3643 648 3714 706 in
3766 649 3863 705 la-

524 738 769 810 ipsorum
800 736 1078 793 excidium
1108 737 1329 791 valeant
1356 736 1665 807 pervenire.
1704 737 1822 806 Ipse
1847 752 1972 807 ergo
2019 736 2115 791 ille
2220 740 2460 798 titudine
2487 741 2792 815 habentem.
2831 741 3011 816 pedes.
3041 742 3322 799 Formicas
3350 742 3524 799 etiam
3555 743 3699 801 illic
3729 759 3862 801 esse

525 829 618 903 qui
664 828 767 884 ista
813 827 1049 893 dicebat,
1088 826 1379 897 adjiciebat
1423 826 1569 899 quod
1617 843 1785 898 genus
1825 824 2114 882 Brachma-
2172 870 2178 875 .
2223 828 2292 885 ad
2331 830 2555 887 modum
2585 833 2778 904 palmae
2808 830 3071 898 hominis,
3104 830 3427 904 scorpiones
3453 844 3597 888 vero
3638 831 3721 889 ad
3762 849 3861 889 cu-

524 935 722 974 norum
745 934 855 973 non
882 934 951 971 ex
973 915 1191 989 propria
1212 922 1427 970 tantum
1451 915 1735 971 voluntate
1765 914 2117 971 saecularibus
2222 917 2326 974 hiti
2384 917 2611 975 humani
2666 935 2975 975 mensuram
3006 918 3192 975 adesse
3220 920 3532 992 loquuntur
3558 936 3571 975 :
3604 927 3863 993 propter

526 1009 688 1065 rebus
716 1007 1016 1073 renuntiat,
1064 1006 1154 1060 sed
1188 1005 1372 1076 potius
1398 1012 1461 1059 ut
1502 1019 1570 1058 ex
1594 1003 1807 1076 judicio
1846 1005 1942 1062 Dei
1973 1020 2119 1078 pen-
2226 1023 2347 1080 quae
2397 1015 2641 1064 monstra
2688 1008 3028 1082 periculosus
3052 1016 3135 1064 est
3164 1007 3407 1080 ipsorum
3445 1009 3748 1067 transitus
3780 1010 3861 1066 ιο.

526 1099 662 1155 dens
691 1113 753 1153 ac
780 1094 1102 1153 Divinitatis
1133 1110 1233 1167 ope
1263 1092 1571 1149 suffultam.
1604 1093 1941 1150 Naturaliter
1969 1092 2115 1147 enim
2227 1112 2438 1152 corum.
2470 1097 2588 1152 Non
2619 1104 2801 1152 tamen
2831 1096 3034 1169 ubique
3062 1096 3327 1153 animalia
3356 1098 3463 1154 ista
3493 1108 3858 1169 nascuntur,

528 1187 661 1245 nudi
713 1187 771 1243 in
818 1186 1073 1243 ﬁnitimis
1123 1184 1282 1240 ﬂuvii
1333 1182 1652 1255 regionibus
1697 1182 1917 1239 vivunt.
1966 1182 2115 1239 Nulli
2227 1183 2321 1239 sed
2354 1183 2412 1239 in
2439 1185 2551 1241 illis
2577 1185 2824 1257 partibus
2865 1194 3079 1243 tantum
3110 1202 3231 1259 quae
3256 1186 3326 1242 ab
3352 1185 3703 1244 hominibus
3738 1204 3862 1245 non

527 1278 672 1352 apud
699 1294 790 1333 eos
819 1274 1222 1350 quadrupedes,
1271 1272 1459 1329 nullus
1495 1281 1654 1329 terrm
1682 1274 1885 1342 cultus,
1931 1273 2120 1329 nullus
2227 1272 2629 1330 inhabitantur.
2659 1272 2999 1348 Plurimique
3055 1274 3174 1331 illic
3223 1274 3583 1348 elephantum
3644 1292 3861 1349 greges

527 1370 660 1425 ferri
714 1384 865 1434 usus,
927 1365 1146 1421 nullum
1204 1362 1560 1419 instrumenti
1607 1378 1799 1433 genus,
1854 1377 1963 1434 quo
2000 1360 2120 1417 ﬁeri
2229 1379 2345 1420 esse
2373 1363 2652 1420 dicuntur.
2677 1365 2804 1421 Hac
2827 1372 2956 1420 sunt
2993 1379 3114 1437 quas
3145 1363 3437 1422 aThebaeo
3491 1365 3863 1424 scholastica

530 1458 756 1533 aliquod
785 1474 923 1530 opus
958 1455 1149 1528 possit.
1193 1454 1406 1510 Habent
1448 1460 1630 1507 autem
1672 1452 1791 1508 illic
1836 1452 2123 1509 deliciosas
2229 1452 2298 1510 de
2345 1454 2701 1511 Brachmanis
2760 1453 3039 1511 audivisse
3111 1470 3170 1511 se
3223 1455 3461 1512 aﬁrmat
3514 1457 3785 1514 Museus
3844 1474 3858 1514 :

530 1557 693 1621 atque
754 1547 990 1620 optimas
1042 1559 1221 1613 auras,
1279 1551 1332 1599 et
1390 1541 1748 1598 saluberrime
1797 1551 2124 1614 temperatas
2232 1560 2352 1616 quas
2384 1561 2513 1600 vero
2555 1561 2619 1601 ex
2677 1544 2927 1601 historiis
2972 1542 3041 1601 de
3082 1543 3389 1602 Alexandri
3434 1544 3569 1603 Vita
3623 1546 3774 1619 legi,
3806 1553 3863 1603 et

534 1641 624 1713 (Ο.
658 1636 900 1705 Curtius,
933 1634 1030 1693 lib.
1063 1634 1216 1706 VIII).
1252 1632 1454 1690 Colunt
1483 1647 1698 1704 semper
1730 1633 1930 1700 Deum,
1965 1631 2125 1704 cujus
2232 1649 2353 1706 quae
2399 1651 2469 1691 ex
2519 1635 2793 1709 plerisque
2838 1632 3159 1691 auctoribus
3203 1632 3272 1690 ad
3316 1632 3426 1693 hoc
3463 1633 3754 1692 facientia
3784 1635 3860 1693 de

531 1745 716 1786 veram
767 1727 990 1801 quidem
1041 1741 1105 1781 ac
1149 1722 1469 1780 distinctam
1518 1720 1772 1777 notitiam
1821 1736 1877 1776 se
1925 1720 2124 1778 habere
2233 1722 2347 1779 illis
2373 1723 2670 1796 desumpsi,
2700 1739 2852 1781 nunc
2887 1723 3232 1781 subnectam.
3282 1772 3287 1775 _

530 1819 880 1892 proﬁtentur,
913 1831 1241 1888 omnemque
1262 1813 1624 1887 providentiae
1645 1811 1764 1884 ejus
1781 1828 1845 1869 ac
1865 1810 2125 1868 divinita-
2304 1812 2616 1869 Alexander
2660 1812 2981 1886 imperator,
3022 1828 3148 1868 cum
3178 1810 3229 1868 ei
3271 1811 3609 1870 Macedonia
3665 1814 3861 1873 solius

529 1909 603 1965 tis
632 1909 903 1965 rationem
932 1906 1263 1962 discernere.
1296 1904 1507 1976 Jugiter
1535 1908 1718 1971 orant,
1750 1911 1968 1959 orantes
1996 1918 2127 1958 vero
2156 1922 2202 1983 Β
2234 1900 2527 1976 imperium
2558 1919 2669 1959 non
2695 1903 2988 1970 sufficeret,
3018 1917 3196 1975 neque
3223 1902 3482 1975 Philippo
3523 1912 3698 1976 patre
3728 1912 3860 1962 tan-

532 2016 645 2055 non
674 1997 996 2054 orientalem
1032 2003 1243 2067 partem
1276 1992 1422 2049 unde
1462 1992 1640 2049 oritur
1678 1991 1781 2060 sol,
1825 1992 2122 2065 aspiciunt,
2232 2000 2350 2049 tum
2382 2000 2559 2064 posset
2598 2007 2714 2049 esse
2751 2000 3063 2061 contentus,
3103 1992 3257 2049 Jovis
3294 1993 3627 2050 Hammonis
3657 1993 3859 2050 ﬁlium

534 2087 629 2144 sed
658 2088 859 2144 coelum
908 2085 1092 2157 potius
1137 2085 1443 2141 intuentur.
1478 2081 1667 2138 Edunt
1693 2090 1873 2138 autem
1909 2098 1972 2137 ea
2003 2098 2124 2155 qum
2232 2088 2404 2137 semet
2431 2097 2547 2138 esse
2598 2080 2837 2138 dicebat.
2870 2083 2943 2137 Et
2971 2080 3226 2154 quamvis
3252 2081 3526 2153 originem
3555 2081 3755 2155 ipsius
3779 2083 3863 2139 fa-

535 2194 698 2249 super
748 2185 950 2231 terram
1001 2175 1269 2247 pecudum
1323 2188 1474 2228 more
1521 2172 1802 2244 potuerint
1854 2172 2123 2238 invenire,
2233 2174 2339 2231 cile
2365 2173 2482 2246 ipsa
2528 2173 2604 2229 rei
2638 2173 2843 2230 veritas
2886 2172 3288 2246 comprobaret,
3316 2172 3470 2230 falsis
3493 2171 3856 2245 quibusdam

536 2267 643 2324 hoc
674 2275 775 2335 est,
807 2266 1064 2321 arborum
1092 2265 1246 2332 folia,
1286 2272 1340 2320 et
1368 2264 1518 2319 olera
1546 2262 1839 2318 silvestria.
1866 2262 2127 2318 Abundat
2233 2272 2440 2332 tamen,
2494 2272 2567 2331 et,
2619 2272 2682 2319 ut
2729 2263 2781 2319 ei
2811 2262 3124 2331 videbatur,
3153 2262 3381 2319 invictis
3427 2261 3609 2319 modis
3662 2263 3853 2319 aliam

537 2357 685 2412 enim
713 2354 856 2428 apud
885 2354 1010 2410 illos
1040 2353 1339 2426 plurimum
1363 2352 1551 2419 herba,
1583 2367 1745 2425 quam
1778 2350 1985 2406 inulam
2014 2368 2125 2406 no-
2233 2355 2317 2412 sui
2364 2369 2479 2410 esse
2507 2360 2760 2409 naturam
2791 2354 3004 2425 generis
3031 2352 3330 2409 astruebat.
3361 2354 3551 2426 Itaque
3597 2353 3859 2410 solemni

536 2446 685 2501 mine
727 2460 1007 2511 vocamus,
1053 2444 1196 2500 sicut
1237 2450 1290 2498 et
1327 2440 1472 2512 apud
1505 2442 1711 2496 Persas.
1762 2441 1896 2497 Item
1936 2446 2017 2495 est
2047 2438 2125 2495 ibi
2200 2443 2503 2500 bellorum
2534 2449 2818 2515 apparatu,
2852 2457 2917 2497 ac
2957 2440 3249 2497 instructis
3276 2440 3528 2514 equitum
3560 2441 3861 2514 peditum-

535 2535 699 2591 arbor
729 2552 850 2607 quae
897 2532 1161 2590 acanthus
1204 2531 1541 2587 nominatur.
1587 2529 1799 2586 Habent
1835 2536 1889 2585 et
1926 2528 2128 2600 patrias
2236 2548 2340 2607 que
2392 2531 2633 2587 militum
2664 2531 2860 2603 copiis,
2894 2546 2924 2586 e
2952 2529 3286 2587 Macedonia
3337 2532 3563 2604 regione
3610 2548 3863 2591 consur-

537 2624 757 2680 arbores
812 2622 1070 2696 quasdam
1095 2665 1110 2690 ,
1162 2621 1350 2677 nescio
1404 2637 1540 2694 quos
1594 2620 1806 2675 fructus
1856 2618 2126 2685 ferentes,
2238 2637 2388 2695 gens,
2422 2628 2599 2676 totum
2628 2635 2766 2694 pene
2795 2619 3103 2692 peragravit
3130 2618 3517 2677 mundumzet
3537 2628 3860 2695 antequam

537 2712 738 2785 quibus
783 2712 929 2768 vesci
979 2727 1191 2782 semper
1237 2711 1433 2765 solent.
1481 2707 1605 2765 Viri
1634 2716 1785 2764 trans
1822 2700 1997 2779 ripam
2031 2706 2127 2762 ﬂu-
2238 2714 2580 2787 provinciam
2620 2712 2921 2786 Babylonis
2965 2712 3266 2783 accederet,
3295 2714 3577 2785 Europam
3608 2716 3860 2789 quidem

539 2802 705 2858 minis
735 2800 936 2871 Gangis
965 2800 1021 2855 in
1052 2799 1300 2871 Partibus
1355 2798 1578 2867 Οοθᾶῐὶί,
1628 2797 1687 2853 in
1735 2813 1898 2869 quem
1926 2796 2130 2853 Πυνῖυε
2239 2815 2294 2865 et
2338 2808 2523 2865 Asiam
2567 2805 2739 2862 veluti
2787 2804 3037 2878 quadam
3091 2821 3260 2878 parva
3302 2805 3424 2862 loca
3455 2808 3855 2865 transcurrit:

537 2899 870 2949 memoratus
919 2889 1240 2961 ingreditur,
1273 2887 1515 2959 degunt;
1550 2887 1770 2943 feminas
1816 2902 1946 2941 vero
1992 2887 2129 2943 citra
2239 2897 2395 2954 venit
2421 2895 2642 2953 tandem
2682 2896 2738 2950 in
2768 2903 2949 2967 partes
2976 2895 3151 2951 nostri
3204 2910 3425 2969 quoque
3450 2893 3622 2963 orbis,
3662 2905 3729 2953 ut
3762 2913 3859 2953 eas

540 2984 779 3054 Gangem
820 2981 983 3052 juxta
1019 2980 1443 3035 mediterraneas
1493 2984 1675 3050 partes
1720 2983 2029 3045 morantur,
2058 2974 2126 3032 ad
2241 2987 2556 3060 inspiceret,
2616 3002 2859 3060 quasque
2907 3001 3031 3042 cum
3064 2985 3353 3058 repel-isset
3381 2983 3498 3041 suis
3523 2985 3859 3044 οοηεοι-ωα

539 3092 674 3149 quas
698 3071 1009 3129 earumdem
1033 3070 1215 3127 mariti
1232 3069 1379 3125 Julio
1398 3076 1452 3125 et
1479 3068 1724 3140 Augusto
1745 3081 1929 3123 mense
1961 3073 2131 3122 trans-
2241 3076 2512 3145 sensibus,
2542 3076 2658 3150 ipse
2685 3076 2902 3133 dicebat
2929 3093 2942 3132 ;
2976 3073 3280 3148 sapientia,
3309 3072 3683 3147 providentia
3719 3092 3856 3132 ωδ.

539 3165 738 3221 vadere
782 3169 1161 3218 consuescunt.
1216 3159 1312 3215 Isti
1383 3158 1532 3215 enim
1589 3170 1800 3212 menses
1849 3154 1992 3228 apud
2040 3170 2095 3210 eo

2298 3185 2346 3236 r,
2377 3166 2585 3223 habens
2636 3183 2763 3223 cum
2793 3166 2998 3222 virtute
3033 3165 3171 3238 ipsa,
3204 3181 3324 3239 quas
3379 3164 3629 3221 omnium
3665 3165 3853 3224 virtu-

538 3258 855 3331 frigidiores
886 3255 1165 3323 videntur,
1197 3269 1262 3309 eo
1293 3252 1439 3326 quod
1469 3261 1603 3308 tunc
1649 3250 1718 3306 ad
1749 3266 1849 3306 nos
1873 3250 1953 3306 sol
1986 3265 2130 3305 con-
2161 3281 2205 3342 ο
2241 3264 2361 3312 tum
2407 3262 2569 3329 caput
2624 3262 2725 3323 est,
2780 3254 3072 3329 quamdam
3116 3254 3588 3325 communionem,
3630 3253 3694 3312 in
3724 3259 3853 3315 3013

537 3352 793 3419 vertitur,
823 3358 876 3406 et
903 3364 1068 3420 supra
1108 3345 1441 3420 Aquilonem
1489 3361 1651 3419 quem
1699 3343 1926 3399 Boream
1955 3358 2130 3399 voca-
2236 3344 2469 3402 veritate
2514 3343 2840 3412 consistam,
2896 3343 3049 3399 alens
3077 3359 3301 3399 omnem
3336 3343 3657 3418 faciensque
3686 3355 3854 3404 natu-

538 3461 660 3500 mus
686 3443 772 3499 vis
803 3441 934 3497 solis
962 3439 1212 3510 erigitur,
1241 3453 1349 3510 quo
1378 3443 1621 3506 tempore
1662 3432 1950 3506 temperati
1979 3447 2130 3488 aeres
2236 3450 2374 3503 ram,
2406 3431 2564 3506 cujus
2592 3432 2799 3489 donum
2838 3439 2921 3488 est
2966 3439 3284 3489 nostrorum
3326 3448 3510 3489 sermo
3539 3432 3851 3493 verborum

538 3535 729 3607 magis,
761 3541 814 3590 et
842 3531 909 3588 ad
940 3527 1296 3588 concubitum
1346 3525 1515 3598 magis
1562 3524 1674 3597 apti
1703 3540 1818 3580 esse
1847 3522 2127 3579 dicuntur.
2244 3522 2500 3580 notitiam
2527 3520 2922 3594 scientiamque
2952 3537 3305 3578 communem
3353 3530 3609 3579 scrutans
3635 3531 3696 3580 et
3723 3540 3850 3596 per-

539 3624 645 3683 Ubi
697 3639 824 3695 ergo
875 3619 1233 3694 quadraginta
1279 3633 1406 3674 cum
1454 3614 1678 3671 feminis
1728 3613 1843 3670 suis
1900 3612 2131 3670 fecerint
2241 3613 2498 3686 spiciens,
2557 3610 2781 3685 injustis
2825 3610 3045 3685 quidem
3076 3610 3326 3667 tribuens
3369 3626 3492 3683 quae
3532 3619 3848 3683 merentur,

541 3715 677 3782 dies,
711 3729 841 3769 mox
870 3712 939 3767 ad
985 3709 1205 3783 prOpria
1255 3713 1626 3763 revertuntur.
1677 3706 1750 3762 At
1795 3721 1921 3762 cum
1969 3704 2134 3759 enixa
2236 3704 2402 3778 justis
2429 3711 2611 3760 autem
2644 3718 2869 3775 parcens
2902 3718 2915 3756 :
2945 3700 3015 3757 da
3043 3699 3205 3769 mihi,
3229 3707 3505 3773 quaeso,te
3534 3701 3839 3774 placidam,

540 3804 709 3861 fuerit
737 3818 882 3859 uxor
904 3798 1161 3872 alicujus,
1192 3796 1532 3870 edideritque
1580 3812 1750 3852 unum
1782 3795 1868 3851 vel
1900 3795 2131 3851 alterum
2241 3802 2304 3851 ut
2331 3793 2532 3866 possim
2557 3792 2626 3849 ad
2652 3791 2750 3849 illa
2770 3807 2889 3865 qua
2908 3789 3096 3861 cupio,
3126 3789 3216 3845 his
3245 3788 3502 3862 precibus
3525 3791 3847 3863 pervenire,

541 3903 783 3969 partum,
831 3906 942 3947 non
985 3888 1183 3945 transit
1228 3887 1465 3945 ulterius
1494 3886 1560 3943 ad
1592 3901 1711 3942 eam
1757 3884 1875 3957 ejus
1903 3885 2135 3941 maritus
2242 3883 2614 3941 Brachmanas
2665 3898 2796 3938 vero
2841 3880 3090 3936 bonitate
3132 3896 3195 3937 ac
3244 3879 3516 3954 sapientia
3580 3880 3849 3955 praditos

539 4001 643 4042 nec
668 3982 904 4040 ulterius
931 3996 1057 4037 cum
1096 3978 1317 4051 propria
1343 3976 1662 4036 concumbit
1691 3992 1884 4032 uxore.
1920 3974 2134 4047 Singu-
2242 3974 2392 4029 viros
2420 3973 2513 4030 hic
2553 3979 2845 4045 prasentes
2885 3986 3128 4028 cernere.
3162 3969 3305 4027 Veni
3348 3969 3497 4026 enim
3545 3979 3609 4027 ut
3654 3971 3849 4046 aliqua

542 4075 612 4130 lis
640 4074 787 4130 enim
822 4070 1042 4127 ﬁliis‘in
1076 4071 1258 4126 locum
1301 4076 1518 4140 patrum
1549 4065 1883 4134 substitutis,
1916 4080 2011 4136 per
2043 4072 2136 4119 to-
2242 4077 2622 4136 cognoscerem
2648 4077 2681 4117 a
2708 4060 2930 4130 Calauo,
2963 4059 3146 4117 incola
3183 4059 3379 4117 horum
3420 4060 3694 4131 locorum,
3743 4062 3847 4136 qui

542 4174 656 4221 tam
703 4164 770 4219 de
800 4162 1015 4234 reliquo
1062 4161 1233 4215 vitam
1276 4176 1308 4215 a
1354 4156 1591 4231 propriis
1635 4172 1692 4213 se
1722 4155 1989 4211 uxoribus
2016 4152 2134 4208 abs-
2244 4153 2310 4209 ad
2350 4169 2436 4209 me
2459 4152 2692 4208 festinus
2734 4149 2982 4219 accessit,
3019 4166 3129 4223 quo
3162 4165 3313 4207 nunc
3335 4150 3701 4225 persuadente
3735 4151 3847 4210 de-

546 4253 745 4309 tinent.
796 4250 852 4304 Si
900 4255 1083 4303 autem
1133 4246 1398 4303 acciderit
1460 4253 1522 4299 ut
1567 4244 1838 4316 quispiam
1893 4243 2134 4298 sterilem
2244 4241 2425 4299 sidero
2473 4241 2713 4298 ediscere
2751 4248 2952 4298 cuncta
3001 4240 3217 4314 plenius
3268 4248 3324 4298 et
3379 4241 3568 4299 videre
3593 4286 3607 4299 .
3638 4241 3843 4301 Brach-

546 4340 809 4397 sortiatur
839 4352 1093 4400 uxorem,
1125 4350 1297 4407 usque
1329 4334 1395 4390 ad
1428 4333 1671 4405 quinque
1701 4348 1878 4388 annos
1906 4333 2136 4389 maritus
2245 4331 2393 4387 mani
2422 4345 2553 4387 vero
2585 4337 2806 4387 econtra
2834 4329 3151 4387 Alexandro
3213 4329 3320 4387 ista
3371 4329 3630 4388 dicebant
3662 4348 3675 4388 :
3734 4332 3843 4389 Ve-

548 4429 721 4503 ipsius
750 4429 818 4486 ad
850 4443 968 4484 eam
1000 4424 1214 4493 transit,
1262 4432 1316 4480 et
1347 4422 1399 4479 ei
1443 4422 1690 4479 maritale
1734 4429 1956 4496 praestat
1984 4421 2135 4479 obse-
2244 4422 2373 4479 nisti
2432 4423 2500 4480 ad
2556 4439 2676 4491 nos,
2709 4423 2990 4497 inquiunt,
3019 4440 3347 4497 cognoscere
3376 4424 3703 4498 sapientiam
3732 4443 3845 4484 cu.

547 4521 760 4597 quium.
813 4519 943 4587 Quae
988 4517 1035 4573 si
1082 4514 1306 4589 gravida
1350 4529 1446 4588 per
1484 4519 1701 4586 tempus
1750 4513 1886 4569 illud
1924 4512 2137 4571 reddita
2244 4512 2399 4587 piens
2431 4531 2443 4569 :
2486 4529 2589 4569 nos
2615 4520 2799 4569 autem
2828 4512 3159 4571 Brachmani
3189 4513 3430 4571 libenter
3457 4514 3645 4571 statim
3669 4516 3841 4574 talem

547 4627 659 4667 non
689 4608 877 4676 fuerit,
926 4622 1056 4661 mox
1086 4605 1154 4661 ab
1186 4603 1374 4659 eadem
1427 4601 1644 4674 penitus
1687 4609 1968 4673 separatur
2003 4619 2014 4658 :
2064 4601 2135 4658 ob
2171 4639 2218 4698 D
2246 4603 2585 4676 suscepimus
2599 4604 2959 4660 voluntatem.
2984 4602 3312 4676 Hujusmodi
3332 4604 3483 4661 enim
3504 4603 3840 4664 desiderium

547 4700 693 4775 quod
723 4714 835 4754 non
866 4697 925 4753 in
951 4696 1154 4752 multos
1196 4694 1426 4767 populos
1455 4708 1643 4747 eorum
1672 4690 2007 4748 diffunditur
2037 4709 2138 4764 ge-
2171 4690 2212 4698 ”
2246 4692 2303 4748 in
2331 4693 2447 4750 vita
2482 4708 2544 4750 ac
2571 4692 2819 4749 moribus
2847 4692 3049 4750 nostris
3078 4708 3306 4767 regnum
3330 4692 3616 4767 iudicatur
3649 4710 3660 4748 :
3692 4694 3843 4768 quod

450 4830 461 4837 ρ
547 4807 671 4853 nus,
699 4795 816 4844 tum
859 4794 1080 4860 prepter
1125 4784 1373 4841 locorum
1402 4781 1805 4850 difﬁcultatem,
1852 4788 1969 4837 tum
2002 4798 2140 4854 pro-
2244 4800 2393 4842 nunc
2442 4783 2649 4840 discere
2697 4782 2994 4855 imperator
3035 4781 3150 4855 ipse
3180 4783 3428 4841 voluisti.
3470 4783 3842 4858 Philosophus

548 4888 667 4952 pter
695 4874 1148 4935 consuetudinem
1178 4871 1522 4929 continendi.
1558 4871 1686 4927 Haec
1713 4877 1796 4927 est
1850 4886 1978 4943 ergo
2023 4869 2137 4927 vita
2244 4873 2388 4929 enim
2445 4888 2559 4928 non
2612 4870 2861 4928 dominio
2911 4871 3142 4928 alterius
3197 4871 3562 4946 obtemperat,
3597 4872 3690 4931 sed
3720 4874 3836 4948 ipse

548 4976 601 5025 et
629 4966 972 5025 conversatio
998 4962 1490 5020 Brachmanorum.
1534 4961 1795 5018 Fluvium
1826 4967 2004 5016 autem
2042 4959 2137 5034 ip-
2243 4961 2596 5019 dominatur:
2628 4960 2795 5019 homo
2823 4961 2972 5018 enim
3011 4961 3070 5018 in
3100 4979 3225 5020 eum
3259 4979 3373 5020 non
3403 4962 3574 5019 habet
3610 4971 3840 5036 potesta-
3921 5033 3923 5036 g

548 5075 667 5116 sum
695 5075 819 5114 cum
842 5054 1084 5112 maxima
1103 5053 1298 5110 dicunt
1325 5052 1653 5109 diﬂicultate
1671 5049 1858 5107 vadari
1890 5050 1979 5123 (Q.
2005 5049 2136 5109 Cur-
2244 5059 2376 5109 tem.
2401 5051 2506 5109 Sed
2533 5051 2791 5125 quoniam
2822 5050 2964 5108 nihil
2996 5052 3156 5109 nobis
3187 5052 3456 5110 hactenus
3489 5052 3718 5110 credens
3743 5055 3838 5126 (eo

547 5149 680 5216 tius,
708 5147 806 5202 lib.
837 5144 987 5215 VIII),
1019 5152 1139 5200 tum
1188 5148 1413 5216 propter
1459 5139 1782 5200 Oudeniton
1834 5147 2136 5213 tyrannum
2244 5140 2391 5216 quod
2418 5158 2590 5216 usque
2618 5141 2686 5199 ad
2711 5158 2948 5216 praesens
2976 5149 3197 5217 tempus
3237 5142 3378 5200 male
3406 5141 3474 5199 de
3501 5142 3667 5199 nobis
3686 5134 3839 5217 apud

548 5239 667 5295 loca
696 5237 791 5292 illa
820 5234 1189 5301 infestantem,
1242 5238 1361 5287 tum
1409 5230 1573 5287 etiam
1615 5230 1812 5287 timore
1851 5227 2136 5299 cujusdam
2245 5239 2298 5288 te
2314 5230 2534 5305 quidem
2566 5231 2737 5288 locuti
2766 5232 2944 5304 sunt),
2974 5248 3123 5289 nunc
3149 5232 3218 5288 ad
3248 5248 3348 5290 nos
3388 5248 3520 5289 vera
3547 5232 3836 5307 degustans

546 5325 800 5382 animalis
841 5323 901 5379 in
929 5320 1241 5394 supradicto
1269 5319 1441 5376 ﬂuvio
1473 5318 1759 5387 morantis,
1803 5318 1951 5391 quod
1971 5325 2137 5375 tanta
2245 5319 2468 5402 venisti.
2529 5318 2766 5378 Calenus
2798 5320 2947 5402 enim
2974 5321 3063 5376 vir
3112 5320 3255 5393 apud
3287 5337 3389 5378 nos
3416 5321 3684 5394 pessimus
3711 5324 3833 5392 fuit,

548 5413 945 5489 magnitudinis
985 5429 1102 5469 esse
1131 5412 1346 5477 dicunt,
1381 5416 1443 5466 ut
1487 5410 1763 5482 integrum
1817 5409 1989 5481 possit
2016 5408 2137 5465 ele-
2244 5425 2341 5482 per
2391 5398 2551 5484 quem
2604 5427 2706 5467 vos
2754 5398 2931 5468 Graeci
2986 5411 3241 5468 homines
3281 5411 3655 5470 Brachmanos
3679 5430 3833 5488 agno-

547 5506 806 5578 pbantem
839 5503 1118 5559 devorare.
1151 5502 1232 5557 Eo
1261 5516 1392 5555 vero
1418 5506 1660 5569 tempore
1690 5515 1798 5572 quo
1827 5498 2132 5555 Brachman
2244 5499 2406 5557 vistis
2436 5501 2683 5574 quidem,
2711 5501 2851 5559 bene
2879 5509 3065 5559 tamen
3096 5517 3206 5557 non
3238 5502 3499 5575 potuistis
3525 5519 3829 5577 agnoscere.

546 5593 752 5648 ﬂumen
799 5592 1026 5647 transire
1056 5596 1477 5657 consueverunt,
1528 5587 1722 5644 divino
1772 5595 2022 5646 asserunt
2045 5586 2136 5660 ju-
2244 5590 2343 5647 Ille
2369 5589 2519 5647 enim
2549 5590 2789 5650 nonfuit
2813 5601 3021 5661 noster,
3043 5591 3136 5665 qui
3168 5592 3235 5648 ad
3260 5591 3487 5648 divitias
3514 5592 3635 5650 sine
3657 5594 3833 5668 aliqua

547 5679 692 5737 dicio
722 5680 930 5735 dictum
977 5679 1179 5734 animal
1215 5695 1325 5734 non
1356 5676 1532 5733 videri
1581 5676 1640 5731 in
1668 5676 1861 5732 ﬂuvio.
1907 5676 2135 5732 Maximi
2246 5678 2332 5736 sui
2387 5682 2741 5739 excusatione
2769 5681 3085 5755 transfugit,
3134 5682 3225 5739 cui
3255 5698 3366 5739 non
3392 5682 3614 5740 suﬂ‘ecit
3646 5683 3712 5741 de
3740 5686 3832 5741 Ta-

547 5772 712 5831 etiam
748 5770 1009 5826 dracones
1046 5768 1164 5853 illic
1206 5784 1324 5826 esse
1378 5767 1663 5837 dicuntur,
1712 5766 1976 5826 habentes
2002 5783 2135 5840 sep-
2242 5768 2484 5828 berunco
2538 5769 2712 5829 ﬂuvio
2756 5786 2953 5849 aquam
3007 5772 3275 5832 castitatis
3328 5772 3594 5844 haurire,
3664 5790 3831 5851 neque
