3940 6392
128 446 314 505 1173

1290 444 1388 503 DE
1428 445 1734 504 MORIBUS
1771 445 2380 505 BBACHMANORUM.

3328 446 3470 506 1174

126 573 343 648 pressi
372 571 532 631 lactis
551 571 737 630 cibum
764 587 998 642 sumere,
1031 571 1233 646 quibus
1269 573 1382 628 Deo
1411 573 1575 646 digna
1610 591 1762 630 mens
1793 579 1839 636 A
1868 576 2014 648 ipsos
2056 574 2230 630 veluti
2280 568 2471 630 contra
2512 574 2764 631 inimicos
2811 583 3021 633 vestros
3051 577 3238 634 soletis
3284 577 3466 652 loqui,

125 664 390 734 crescit,
425 679 586 737 quam
643 662 739 719 ille
788 664 902 719 Deo
949 679 1162 736 semper
1213 660 1410 718 habuit
1462 662 1766 732 inimicam,

128 768 269 826 qua
308 754 449 809 male
477 770 771 810 succensus
816 753 872 808 in
926 752 1062 808 iram
1114 751 1340 820 exarsit,
1387 769 1658 825 quamque
1702 753 1768 808 de

129 845 455 917 sapientiai
504 845 666 901 bonis
722 845 1008 901 transtulit
1054 842 1119 899 ad
1150 844 1285 900 vitia
1329 844 1650 916 voluptatis.
1682 845 1768 899 Ex

128 935 332 992 nobis
363 943 546 992 autem
585 937 774 991 nullus
803 935 860 990 in
895 934 1088 1007 prunis
1113 933 1434 990 ardentibus
1464 936 1763 1002 volutatur,

131 1041 349 1100 neque
384 1026 484 1084 ulli
511 1026 728 1082 dolores
783 1040 1013 1097 corpora
1050 1031 1237 1079 nostra
1285 1032 1637 1090 consumunt,
1673 1024 1764 1079 sed

134 1115 280 1170 vita
333 1123 523 1172 nostra
577 1114 1038 1170 medicamentum
1095 1113 1316 1186 aliquod
1360 1114 1608 1169 sanitatis
1650 1121 1755 1170 est.

131 1207 415 1265 Naturali
447 1213 633 1263 autem
663 1204 933 1260 beneﬁcio
961 1204 1129 1259 alieni
1170 1220 1200 1258 a
1249 1203 1461 1260 divitiis
1507 1205 1766 1262 omnibus

132 1312 360 1352 sumus
393 1313 405 1351 :
440 1311 595 1368 mque
625 1294 787 1350 etiam
820 1293 992 1349 vitam
1041 1300 1283 1349 nostram
1319 1310 1466 1349 mors
1508 1293 1616 1351 ﬁne
1663 1312 1766 1350 co—

133 1385 417 1441 mitatur.
447 1385 520 1439 Et
555 1383 602 1440 si
633 1381 912 1438 interdum
959 1382 1212 1438 nonnulli
1260 1383 1401 1438 forte
1447 1384 1763 1440 mortalium

133 1473 216 1530 ad
250 1491 400 1548 quos
423 1474 683 1529 falsorum
724 1471 879 1530 venit
909 1472 1160 1529 doctrina
1206 1471 1524 1540 verborum,
1563 1489 1766 1545 percu-

135 1573 275 1621 tere
338 1580 439 1620 nos
515 1563 676 1619 vanis
751 1569 965 1618 tentant
1039 1560 1295 1634 sagittis,
1370 1561 1763 1632 ingenuitatem

132 1660 352 1709 tamen
378 1662 619 1709 nostram
651 1651 847 1708 laedere
875 1668 937 1707 ac
957 1649 1152 1705 vitiare
1183 1666 1294 1705 non
1324 1652 1759 1722 possunt.Unum

135 1749 331 1814 atque
369 1741 513 1798 idem
547 1749 629 1798 est
655 1739 876 1796 mentiri
906 1749 960 1797 et
987 1739 1206 1796 credere
1253 1739 1563 1795 mentienti.
1595 1741 1765 1796 Nocet

134 1831 314 1887 enim
348 1832 472 1906 quis
499 1840 552 1887 et
591 1831 679 1889 cui
711 1831 847 1886 falsa
877 1829 1186 1903 persuadet,
1218 1837 1379 1885 nocet
1407 1837 1461 1884 et
1489 1829 1616 1897 sibi,
1636 1829 1762 1902 quia

1877 679 2000 719 cum
2033 671 2216 720 tamen
2247 663 2446 721 habere
2498 683 2595 721 vos
2639 666 2838 737 linguae
2866 668 3098 739 proprias
3139 677 3464 741 potestatem

1876 751 2076 809 sciatis.
2112 753 2295 824 Longe
2321 754 2562 826 profecto
2597 756 2850 811 meliores
2870 765 2998 812 sunt
3033 758 3113 812 illi
3163 759 3254 830 qui
3286 766 3466 814 tacere

1875 852 2300 912 consueverunt,
2321 861 2431 899 non
2456 845 2598 900 enim
2625 863 2679 900 se
2698 847 2840 917 ipsos
2859 848 3132 920 loquendo
3150 851 3463 908 revincunt.

1876 934 2120 989 Mutuam
2149 934 2450 989 mercedem
2481 937 2547 990 ab
2571 935 2827 992 omnibus
2848 938 3117 1008 accipitis,
3147 939 3465 1011 gloriosum,

1875 1036 1937 1083 ut
1979 1026 2198 1099 putatis,
2261 1035 2646 1082 ornamentum
2696 1029 2886 1100 digitis
2940 1031 3136 1084 vestris
3183 1028 3470 1101 imponitis

1874 1133 2069 1172 aurum
2102 1135 2113 1172 :
2148 1133 2246 1172 vos
2275 1132 2489 1188 quoque
2525 1118 2760 1173 reminas
2788 1119 3039 1174 videmus
3069 1128 3309 1184 ornatos,
3341 1136 3468 1175 cum

1873 1205 2058 1261 sciatis
2097 1205 2242 1279 quod
2292 1205 2553 1277 idipsum,
2607 1205 2664 1261 in
2702 1224 2810 1280 quo
2863 1225 3188 1280 magnopere
3223 1209 3466 1277 creditis,

1873 1305 2139 1369 quantum
2191 1296 2258 1352 ad
2303 1312 2416 1351 rem
2464 1296 2699 1368 pertinet
2746 1314 2950 1364 veram,
3004 1297 3158 1352 vobis
3214 1297 3468 1370 prodesse

1874 1387 2015 1442 nihil
2039 1387 2227 1459 possit.
2264 1387 2416 1442 Auro
2444 1385 2591 1442 enim
2616 1402 2730 1440 non
2757 1387 3100 1441 extolluntur
3129 1387 3347 1455 animze,
3379 1402 3468 1442 ne-

1873 1491 1975 1548 que
1997 1492 2224 1547 corpora
2254 1475 2598 1543 nutriuntur,
2633 1475 2731 1531 sed
2753 1482 2977 1532 econtra
3011 1492 3106 1547 per
3135 1474 3275 1530 illud
3305 1483 3471 1530 utra—

1873 1583 1977 1639 que
1999 1567 2101 1621 ista
2127 1565 2414 1621 vitiantur.
2445 1567 2554 1620 Nos
2583 1575 2763 1620 autem
2793 1567 2887 1639 qui
2919 1567 3300 1639 cognoscimus
3329 1565 3469 1621 veri-

1873 1664 2060 1724 tatem,
2117 1656 2399 1728 ipsamque
2473 1662 2746 1724 naturam,
2807 1655 2852 1710 si
2902 1657 3232 1726 coeperimus
3291 1655 3467 1724 sitire,

1872 1744 2075 1800 ibimus
2132 1744 2196 1800 ad
2255 1744 2509 1811 ﬂuvium,
2562 1761 2868 1816 aurumque
2919 1745 3210 1813 calcantes,
3271 1761 3468 1818 aquam

1870 1834 2142 1890 bibemus.
2193 1835 2345 1889 Auro
2388 1834 2536 1889 enim
2579 1835 2771 1907 nequit
2820 1833 2997 1889 sedari
3028 1834 3220 1902 fames,
3254 1850 3317 1890 ac
3345 1833 3468 1889 sitis

135 1921 296 1979 dum
339 1922 628 1980 mendacio
657 1921 854 1990 credit,
895 1937 1005 1976 non
1048 1920 1210 1975 facile
1248 1920 1313 1975 ad
1361 1919 1533 1992 ipsam
1564 1921 1762 1976 verita-
1793 1941 1838 2001 Β
1874 1924 2046 1980 nescit
2080 1923 2378 1996 exstingui.
2410 1925 2529 1979 Non
2553 1941 2619 1978 ex
2649 1941 2784 1979 auro
2816 1923 2967 1979 venit
2997 1924 3290 1980 vulnerum
3314 1940 3466 1992 cura,

133 2022 267 2071 tem
317 2014 604 2087 pervenire
633 2013 800 2068 valet.
853 2010 1200 2068 Insimulatio
1238 2018 1424 2065 autem
1475 2012 1618 2067 mala
1661 2010 1763 2064 ini-

132 2104 503 2161 micitiarum
534 2103 781 2176 quaedam
815 2110 868 2158 et
907 2100 1268 2158 certaminum
1307 2108 1482 2156 mater
1510 2109 1609 2169 est,
1643 2117 1763 2174 quae

134 2209 213 2251 ex
247 2211 317 2250 se
367 2192 706 2248 iracundiam
758 2191 919 2263 parit,
979 2206 1049 2246 ex
1083 2190 1284 2262 quibus
1340 2207 1531 2246 rursus
1582 2189 1766 2262 jurgia

134 2289 195 2339 et
231 2281 392 2337 bella
421 2289 737 2337 nascuntur.
775 2280 940 2335 Nulla
979 2287 1163 2335 tamen
1195 2279 1376 2335 virtus
1403 2288 1488 2335 est
1516 2279 1763 2335 occidere

134 2371 446 2429 hominem
483 2387 494 2424 :
527 2371 806 2426 latronum
854 2369 1001 2425 enim
1045 2369 1168 2438 iste,
1210 2377 1272 2424 ut
1319 2369 1598 2437 novimus,
1647 2385 1765 2424 mos

135 2469 229 2520 est
322 2459 427 2517 Sed
481 2475 583 2515 nos
645 2460 912 2515 virtutem
986 2474 1173 2513 veram
1229 2475 1512 2515 vocamus
1571 2465 1764 2514 contra

136 2567 418 2609 aurarum
473 2549 807 2606 mutationes
863 2546 1014 2604 nudo
1056 2564 1284 2620 corpore
1323 2548 1607 2614 dimicare,
1660 2547 1765 2603 de-

137 2641 364 2700 sideria
388 2639 602 2697 ventris
634 2639 974 2706 abscindere,
1027 2645 1082 2692 et
1133 2638 1312 2692 varias
1356 2637 1532 2709 ipsius
1558 2654 1765 2709 pugnas

139 2730 498 2788 abstinentia
527 2729 899 2801 patientiaque
927 2741 1200 2797 superare.
1232 2726 1406 2798 Igitur
1426 2727 1577 2797 prius
1604 2726 1763 2782 vince

141 2819 255 2876 hos
293 2818 554 2873 inimicos
589 2824 718 2872 ante
737 2815 925 2871 omnia
949 2821 1093 2882 tuos,
1127 2815 1174 2870 si
1205 2814 1363 2868 fortis
1402 2813 1608 2869 videris
1636 2813 1758 2881 tibi,

143 2917 201 2967 et
231 2908 451 2965 exinde
479 2925 616 2980 opus
654 2906 758 2962 tibi
797 2922 908 2962 non
958 2904 1064 2961 erit
1109 2904 1401 2960 adversum
1451 2904 1759 2976 quempiam

145 2988 467 3062 certamina
499 3006 726 3054 externa
755 2997 1124 3053 committere.
1157 2995 1368 3052 Idcirco
1394 2997 1540 3052 enim
1571 3004 1764 3052 contra

146 3111 247 3152 eos
278 3092 376 3166 qui
419 3092 553 3148 foris
600 3100 749 3160 sunt,
795 3106 1110 3147 commoves
1144 3090 1310 3156 bella,
1362 3097 1423 3144 ut
1469 3089 1590 3144 istis
1627 3105 1764 3162 quos

148 3184 499 3240 intrinsecus
531 3181 716 3248 habes,
758 3180 1021 3235 alimenta
1055 3187 1109 3234 et
1136 3179 1379 3234 fomenta
1409 3178 1759 3249 suppedites:

1876 2030 1987 2069 non
2030 2021 2356 2086 aegrotorum
2408 2013 2682 2070 medicina
2743 2012 3135 2081 membrorum,
3190 2029 3301 2067 non
3356 2013 3472 2067 ulla

1875 2105 2172 2161 refrenatio
2203 2106 2524 2178 cupiditatis
2564 2106 2872 2173 immensae,
2902 2104 2994 2160 sed
3019 2103 3270 2158 hortatus
3298 2103 3472 2175 magis

1875 2211 1937 2250 ac
1960 2196 2274 2267 provocatio
2306 2195 2480 2267 major
2508 2195 2574 2250 ad
2617 2212 2813 2250 novam
2847 2194 3030 2249 nescio
3060 2210 3220 2266 quam
3258 2209 3473 2249 concu-

1876 2284 2120 2357 piscendi
2137 2285 2448 2340 libidinem.
2468 2285 2536 2339 Et.
2555 2283 2676 2338 sitis
2694 2283 2922 2355 quidem
2949 2283 3044 2337 illa
3065 2283 3330 2337 naturalis
3347 2299 3469 2337 cum

1876 2373 2062 2441 fuerit,
2081 2389 2204 2428 cum
2222 2389 2439 2445 aquam,
2459 2389 2618 2445 quam
2637 2372 2989 2440 desideravit,
3009 2371 3296 2444 acceperit,
3316 2371 3473 2428 sitire

1877 2479 2006 2518 mox
2037 2471 2207 2518 cessat
2232 2481 2243 2530 ;
2272 2463 2530 2518 similiter
2560 2463 2722 2517 etiam
2751 2462 3023 2533 naturalis
3055 2462 3223 2516 fames
3253 2461 3471 2533 quando

1876 2569 2051 2608 escam
2083 2569 2245 2624 quam
2279 2553 2493 2624 quaerit,
2537 2552 2828 2621 acceperit,
2861 2549 3227 2621 conquiescit.
3261 2549 3315 2604 Si
3356 2549 3470 2621 igi-

1876 2649 1966 2696 tur
2004 2640 2192 2694 eodem
2226 2640 2410 2708 modo,
2462 2641 2760 2710 eademque
2792 2647 2986 2694 natura
3029 2654 3224 2692 aurum
3253 2653 3469 2710 quoque

1875 2729 2149 2784 humanus
2177 2729 2394 2784 animus
2423 2728 2776 2793 desideraret,
2811 2727 2906 2782 ubi
2950 2727 3185 2797 primum
3215 2726 3468 2798 accepis-

1873 2828 1953 2874 set
1981 2817 2128 2890 quod
2175 2819 2398 2889 Optabat
2441 2817 2706 2888 accipere,
2768 2816 2886 2871 sine
2915 2815 3087 2870 dubio
3111 2815 3386 2886 cupiditas
3415 2823 3468 2870 et

1876 2909 1991 2980 ipsa
2041 2916 2308 2963 cessaret:
2374 2907 2466 2961 sed
2533 2905 2734 2961 nedum
2799 2905 2901 2960 ista
2946 2921 3055 2959 non
3113 2913 3304 2972 cessat,
3354 2905 3468 2962 imo

1874 3014 2086 3069 semper
2113 3013 2275 3064 nova,
2301 3004 2356 3050 et
2386 2995 2504 3050 sine
2525 2994 2708 3066 aliqua
2738 2993 3145 3049 intermissione
3175 2993 3468 3062 desiderat,

1875 3087 2004 3160 quia
2035 3103 2145 3142 non
2178 3103 2246 3141 ex
2279 3083 2717 3142 commonitione
2748 3091 2959 3138 naturae
3003 3082 3336 3138 desiderium
3366 3083 3474 3138 tale

1876 3175 2144 3249 procedit.
2173 3177 2456 3230 Postremo
2477 3175 2533 3229 in
2565 3191 2674 3246 quo
2698 3173 2846 3245 apud
2899 3190 2997 3229 vos
3023 3173 3277 3229 homines
3306 3181 3359 3229 et
3393 3189 3476 3228 or-

149 3273 254 3330 sed
294 3280 355 3328 tu
383 3271 540 3327 vides
569 3269 716 3344 quod
746 3287 839 3326 eos
868 3270 1112 3342 quidem,
1135 3285 1261 3325 cum
1291 3268 1491 3340 quibus
1517 3267 1652 3323 foris
1680 3267 1760 3322 di-
1792 3296 1842 3358 Ο
1877 3274 2079 3320 nantur
2102 3273 2156 3320 et
2184 3264 2508 3335 gloriantur,
2535 3263 2591 3318 in
2613 3263 2798 3318 eodem
2824 3261 2969 3332 apud
2995 3278 3095 3317 nos
3114 3271 3469 3334 spernuntur.

150 3363 354 3429 micas,
389 3359 593 3428 vincis,
624 3360 692 3415 ab
723 3359 792 3416 iis
822 3367 1003 3414 autem
1035 3375 1172 3431 quos
1214 3360 1381 3426 nosti,
1412 3359 1504 3431 qui
1537 3358 1682 3414 intra
1713 3366 1763 3413 te

154 3459 319 3519 sunt,
349 3449 642 3522 superaris.
676 3447 972 3507 Considera
1011 3448 1180 3520 igitur
1208 3448 1398 3520 quanti
1442 3447 1666 3520 tyranni
1705 3447 1760 3502 in

156 3541 468 3597 stultorum
497 3537 757 3594 cordibus
813 3537 1018 3609 degunt
1065 3553 1078 3591 :
1140 3537 1308 3604 oculi,
1361 3553 1540 3604 aures,
1582 3553 1760 3605 nares,

155 3636 382 3697 venter,
423 3628 633 3694 virilia,
663 3634 952 3700 totumque
982 3642 1180 3699 corpus
1220 3626 1549 3691 humanum,
1598 3642 1762 3699 quam

155 3721 339 3775 multa
371 3720 536 3774 etiam
567 3717 837 3776 desideria
865 3718 1535 3786 nascunturintrinsecus,
1563 3718 1763 3792 quibus

157 3815 426 3872 omnibus
455 3830 624 3886 genus
645 3815 874 3870 mortale
896 3813 1204 3871 succumbit
1231 3822 1284 3869 et
1318 3813 1506 3881 servit,
1546 3825 1766 3887 propter

157 3919 283 3978 quae
323 3910 524 3960 cuncta
553 3910 608 3958 et
628 3903 962 3976 jugulantur
1008 3911 1062 3959 et
1105 3901 1382 3976 jugulant.
1427 3903 1536 3959 Nos
1582 3913 1761 3959 autem

157 3991 518 4060 Brachmani,
563 3991 693 4066 quia
735 3991 923 4047 omnia
961 4007 1080 4065 quae
1130 3992 1464 4048 intrinsecus
1501 3991 1766 4049 habemus

159 4079 305 4138 bella
338 4096 682 4152 superamus,
733 4079 846 4154 jam
892 4081 960 4136 de
998 4082 1212 4154 reliquo
1259 4081 1565 4138 incolumes
1605 4091 1765 4156 atque

162 4169 342 4229 securi
377 4169 436 4225 in
477 4186 692 4226 summa
742 4185 874 4242 pace
931 4170 1350 4243 requiescimus,
1399 4173 1567 4229 silvas
1616 4173 1764 4230 vide-

163 4277 306 4328 mus,
343 4259 653 4332 ccelumque
683 4259 1036 4331 suspicimus,
1067 4260 1377 4332 aquilarum
1399 4260 1763 4318 diversarum-

164 4365 270 4423 que
289 4349 477 4406 avium
503 4347 839 4421 gratissimas
873 4363 1034 4404 voces
1058 4364 1272 4422 semper
1309 4350 1584 4419 audimus,
1616 4352 1764 4408 nudo

167 4438 266 4494 sub
304 4454 428 4494 aere
460 4437 718 4494 arborum
749 4435 900 4492 foliis
929 4445 1116 4493 nostra
1143 4454 1373 4510 corpora
1400 4441 1760 4512 contegimus,

167 4545 469 4602 eorumque
541 4527 816 4586 fructibus
880 4529 1176 4599 vescimur,
1247 4545 1444 4603 aquam
1496 4530 1760 4600 bibimus,

167 4620 408 4695 hymnos
435 4623 548 4679 Deo
577 4621 851 4689 canimus,
881 4629 935 4677 et
962 4620 1136 4677 futuri
1184 4621 1369 4677 saeculi
1400 4621 1574 4678 vitam
1605 4621 1761 4677 desi-

170 4709 441 4780 deramus,
466 4711 792 4784 nullumque
813 4709 959 4784 quod
982 4709 1236 4782 prodesse
1253 4710 1413 4766 nobis
1435 4727 1544 4767 non
1563 4711 1754 4784 possit,

172 4801 444 4858 audimus.
467 4801 567 4857 His
597 4817 726 4873 ergo
750 4817 852 4858 nos
881 4799 1215 4856 Brachmani
1247 4800 1494 4857 moribus
1517 4801 1764 4857 contenti

173 4891 432 4960 vivimus,
469 4891 767 4965 paucisque
792 4891 1142 4949 sermonibus
1196 4891 1414 4966 agitatis
1459 4908 1589 4947 mox
1617 4900 1765 4949 tace-

173 4996 312 5038 mus.
345 4981 459 5039 Vos
490 4990 672 5038 autem
711 4980 900 5038 dicitis
943 4981 1168 5055 quidem
1219 4999 1338 5056 quae
1363 4981 1598 5038 debeant
1624 4981 1764 5047 ﬁeri,

175 5083 272 5127 nec
300 5076 485 5126 tamen
505 5069 689 5126 facitis
716 5087 730 5137 ;
755 5069 1147 5143 philosophum
1170 5087 1271 5127 vos
1291 5072 1509 5128 nullum
1541 5072 1764 5145 putatis,

176 5158 278 5215 nisi
308 5175 432 5216 eum
462 5161 558 5235 qui
590 5159 809 5216 noverit
832 5160 984 5234 loqui
1019 5177 1031 5215 :
1077 5167 1259 5217 vester
1283 5161 1431 5218 enim
1476 5170 1559 5219 est
1587 5161 1767 5219 omnis

179 5263 362 5306 sensus
390 5249 450 5306 in
480 5250 690 5325 lingua,
721 5249 985 5324 vobisque
1013 5251 1071 5307 in
1101 5252 1215 5307 oris
1260 5251 1430 5307 vestri
1466 5252 1628 5310 labiis
1654 5260 1769 5309 tota

179 5339 440 5413 sapientia
466 5348 566 5397 est.
604 5342 819 5397 Aurum
849 5346 1246 5414 argentumque
1269 5342 1556 5415 colligitis,
1582 5344 1768 5416 pluri-

181 5429 278 5487 mis
307 5431 482 5488 servis
509 5439 562 5488 et
589 5432 800 5505 magnis
842 5430 1099 5488 domibus
1151 5431 1410 5505 indigetis
1445 5451 1456 5488 :
1505 5433 1770 5491 aﬂ‘ectatis

183 5518 428 5594 honores,
453 5533 506 5580 et
533 5524 821 5581 sectamini
842 5523 1157 5598 dignitates,
1186 5524 1350 5582 editis
1371 5533 1584 5582 tantum
1607 5535 1770 5600 atque

184 5611 373 5680 potatis
401 5622 670 5687 quantum
690 5613 850 5688 juvat
879 5616 1112 5688 expleri,
1136 5615 1362 5672 utimini
1394 5632 1548 5689 reque
1577 5625 1632 5673 et
1661 5633 1771 5672 ve-

185 5700 351 5759 stibus
400 5703 656 5761 delicatis
693 5721 908 5779 semper
960 5722 1024 5762 ac
1062 5705 1346 5776 mollibus,
1386 5722 1554 5779 eaque
1590 5706 1771 5764 facitis

188 5806 406 5864 quorum
463 5795 843 5869 penitentiam
902 5812 1033 5854 mox
1095 5797 1294 5871 geratis
1347 5815 1358 5853 :
1416 5804 1606 5856 contra
1660 5813 1771 5854 vox

1878 3357 2116 3413 Calanus
2143 3354 2355 3410 amicus
2384 3360 2464 3408 est
2491 3361 2693 3418 vester,
2717 3351 2808 3406 sed
2841 3351 3126 3422 spernitur
3155 3358 3208 3405 et
3238 3352 3478 3408 calcatur

1873 3468 1904 3507 a
1935 3451 2113 3506 vobis.
2147 3449 2251 3516 Qui
2285 3465 2411 3520 ergo
2457 3448 2760 3502 multorum
2796 3446 3065 3500 malorum
3114 3452 3307 3500 auctor
3333 3443 3477 3517 apud

1873 3557 1972 3596 vos
2028 3539 2213 3605 fuerit,
2242 3555 2274 3593 a
2303 3536 2462 3592 vobis
2492 3535 2796 3590 honoratur
2839 3541 2892 3589 et
2942 3533 3146 3589 colitur
3173 3552 3184 3589 :
3219 3534 3314 3607 qui
3345 3551 3476 3590 vero

1873 3636 1953 3684 est
1983 3628 2221 3694 inutilis,
2253 3625 2542 3699 projicitur
2570 3640 2600 3678 a
2623 3622 2811 3678 nobis:
2848 3629 2902 3677 et
2940 3621 3035 3677 illa
3063 3637 3182 3694 quae
3213 3637 3316 3677 nos
3345 3638 3478 3676 om—

1873 3718 2007 3774 nino
2040 3733 2152 3773 non
2199 3716 2518 3788 quaerimus,
2565 3713 2768 3770 Calano
2814 3728 2913 3784 pro
2967 3727 3030 3766 ea
3073 3726 3234 3783 quam
3283 3709 3478 3766 habuit

1873 3825 2000 3880 erga
2028 3807 2315 3880 pecuniam
2349 3805 2674 3877 cupiditate,
2709 3804 3052 3876 placuerunt.
3085 3802 3188 3858 Sed
3220 3819 3331 3859 non
3362 3809 3479 3859 erat

1874 3879 2062 3952 noster
2083 3879 2343 3964 hic'talis,
2369 3895 2464 3968 qui
2488 3894 2728 3950 animam
2755 3908 2908 3948 suam
2933 3890 3477 3948 miserabiliterlaasit

1873 4003 1936 4041 ac
1964 3985 2222 4058 perdidit,
2259 3984 2327 4040 ob
2357 3981 2505 4056 quod
2536 3997 2709 4054 neque
2752 3981 2849 4036 Dei
2901 3996 3080 4050 neque
3122 3981 3296 4035 nostri
3327 3981 3478 4036 ami-

1873 4093 1968 4131 cus
1997 4092 2111 4132 esse
2141 4075 2292 4131 visus
2321 4081 2402 4130 est
2429 4073 2649 4144 dignus,
2674 4086 2856 4143 neque
2885 4070 2941 4125 in
2972 4068 3078 4125 hoc
3105 4071 3304 4126 saeculo
3334 4070 3479 4126 inter

1873 4166 2042 4222 silvas
2096 4165 2295 4222 habere
2356 4163 2557 4220 meruit
2620 4160 2991 4226 securitatem,
3072 4175 3250 4232 neque
3327 4159 3477 4215 illam

1873 4275 2087 4332 sperare
2133 4257 2362 4330 gloriam
2418 4254 2622 4329 potuit,
2692 4268 2813 4326 quae
2867 4250 3211 4324 promittitur
3259 4250 3314 4306 in
3383 4251 3480 4308 fu-

1874 4357 2020 4406 turo.

1945 4435 2260 4493 Alexander
2285 4435 2586 4508 imperator
2615 4431 2714 4489 ubi
2751 4432 2908 4489 venit
2945 4431 3014 4488 ad
3051 4431 3236 4501 silvas,
3267 4429 3480 4488 Danda-

1874 4536 2009 4593 mim
2058 4534 2281 4610 quidem
2327 4534 2510 4606 ipsum
2542 4533 2600 4586 in
2652 4530 2894 4586 transitu
2947 4528 3135 4584 videre
3159 4545 3268 4584 non
3297 4529 3480 4600 potuit

1876 4625 2205 4696 (Plutarch.,
2227 4625 2284 4680 in
2310 4625 2426 4681 Vita
2445 4621 2769 4690 Alexandri)
2799 4639 2810 4675 :
2835 4619 2891 4674 in
2914 4618 3054 4674 silva
3073 4619 3219 4673 enim
3238 4617 3475 4689 jacebat,

1871 4715 2194 4774 recumbens
2222 4729 2387 4785 super
2407 4711 2663 4767 arborum
2698 4709 2833 4765 folia
2854 4708 2912 4764 in
2934 4709 3228 4763 securitate
3248 4715 3302 4763 et
3322 4722 3474 4778 pace,

1875 4807 2162 4880 proximus
2190 4802 2352 4869 fonti,
2396 4817 2558 4875 quem
2607 4799 2778 4872 quasi
2803 4799 2939 4855 uber
2972 4805 3132 4853 terrai
3164 4797 3352 4853 matris
3379 4796 3477 4852 in-

1876 4904 2194 4968 corruptum
2235 4900 2397 4965 atque
2464 4890 2740 4961 integrum
2795 4889 2854 4944 in
2917 4904 3161 4945 ossuum
3201 4887 3488 4959 emulgere-

1877 4990 2254 5043 consueverat.
2314 4978 2466 5036 Misit
2526 4987 2708 5035 autem
2767 4977 2818 5033 ei
2869 4976 3188 5033 Alexander
3236 4975 3476 5032 amicum

1877 5073 2166 5148 quemdam
2201 5070 2424 5126 nomine
2454 5067 2827 5124 Onesicritum
2861 5066 2950 5138 (ρ.
2983 5067 3162 5135 Curt.,
3197 5066 3294 5122 lib.
3329 5081 3388 5122 1x
3411 5065 3474 5121 de

1883 5163 2047 5219 Gestis
2065 5160 2414 5231 Alexandri),
2437 5157 2627 5215 dicens
2646 5158 2696 5214 ei
2723 5175 2734 5212 :
2761 5157 3089 5226 Onesicrite,
3113 5164 3476 5213 memoratum

1877 5250 2059 5306 virum
2089 5247 2421 5306 Dandamim
2448 5247 2517 5303 ad
2548 5263 2634 5302 me
2666 5246 2858 5302 venire
2887 5247 3107 5315 festina,
3139 5255 3234 5301 aut
3257 5260 3475 5302 causam

1878 5351 2098 5418 propter
2136 5357 2299 5416 quam
2333 5341 2521 5397 venire
2567 5340 2830 5409 noluerit,
2884 5339 3096 5407 nuntia,
3144 5345 3205 5394 ut
3230 5353 3329 5410 ego
3360 5336 3478 5409 ipse

1878 5439 1947 5496 ad
1969 5437 2271 5495 videndum
2297 5455 2422 5495 eum
2455 5453 2695 5511 pergam.
2730 5435 2832 5493 Cui
2880 5435 2973 5490 ille
3001 5432 3286 5506 respondit
3321 5450 3332 5488 :
3366 5433 3481 5489 Fa—

1879 5530 2020 5586 ciam
2065 5545 2192 5586 cum
2239 5528 2521 5586 celeritate
2569 5525 2712 5599 quod
2745 5523 3016 5597 praecipis.
3048 5522 3184 5578 Nam
3213 5521 3356 5578 sicut
3379 5520 3483 5594 ju-

1878 5619 2008 5675 bere
2035 5625 2191 5674 tuum
2224 5627 2324 5686 est,
2384 5618 2460 5673 ita
2492 5632 2673 5673 meum
2713 5630 2826 5670 esse
2881 5628 3149 5687 cognosco
3179 5611 3290 5667 tuis
3313 5609 3484 5684 jussis

1881 5708 2276 5781 obtemperare.
2313 5707 2416 5764 Ubi
2464 5705 2638 5778 igitur
2667 5703 3016 5776 supradictus
3047 5702 3113 5758 ad
3151 5701 3480 5760 Dandamim

1884 5798 2117 5856 nuntius
2145 5798 2322 5869 venit,
2353 5796 2442 5854 his
2469 5813 2592 5854 eum
2643 5796 2916 5854 allocutus
2945 5803 3028 5852 est
3052 5793 3236 5851 verbis
3268 5809 3280 5850 :
3325 5789 3481 5849 Dixit
