3940 6374
480 401 619 462 1175

1509 402 1605 458 AD
1642 400 1878 458 OPEBA
1915 401 1971 458 S.
2015 399 2350 460 AMBROSII
2385 399 2766 458 APPENDIX.

3641 397 3786 458 1176

478 533 628 591 ﬁlius
655 529 744 588 dei
771 529 924 588 Jovis
953 528 1156 601 magni,
1189 527 1502 585 Alexander
1527 528 1844 602 imperator,
1871 527 1966 602 qui
1987 536 2069 585 est
2099 532 2150 592 A
2178 538 2290 598 tur,
2308 528 2624 600 exsiliisset,
2654 545 2916 588 coronam
2933 529 3001 586 de
3027 529 3210 603 capite
3228 527 3508 602 deposuit,
3529 546 3785 588 omnem-

479 623 736 680 dominus
766 619 978 694 generis
1008 618 1259 688 humani,
1290 627 1351 674 ut
1382 635 1637 691 properes
1665 619 1734 674 ad
1769 619 1929 674 illum
1962 635 2068 674 ve—

480 713 619 780 nire,
661 710 790 785 quia
840 709 962 777 tibi,
995 709 1041 765 si
1072 708 1308 779 veneris,
1353 710 1592 781 plurima
1619 707 1771 764 dabit
1802 723 2065 763 munera:

481 804 528 860 si
558 819 688 858 vero
716 801 904 856 venire
933 799 1196 866 nolueris,
1226 798 1398 854 veluti
1429 807 1861 870 contemptorem
1894 805 1946 854 te
1984 815 2070 854 ca-

481 891 592 966 pite
643 889 854 961 puniet.
894 888 1022 956 Quae
1076 903 1201 942 cum
1255 885 1325 941 ad
1371 886 1672 943 Dandamis
1721 903 1880 941 aures
1921 886 2072 943 dicta

482 980 780 1048 venissent,
814 995 922 1034 non
953 977 1192 1034 surrexit
1221 993 1289 1032 ex
1317 975 1702 1048 foliis,quibus
1730 976 1904 1032 fultus
1925 973 2072 1048 jace-

480 1070 596 1138 bat,
629 1069 720 1125 sed
758 1069 866 1124 tale
896 1084 1214 1139 responsum
1265 1066 1450 1122 ridens
1476 1065 1738 1135 reddidit,
1768 1083 1831 1122 ac
1859 1081 2068 1122 recum-

483 1161 617 1218 bens
653 1179 664 1216 :
699 1163 864 1228 Deus,
898 1159 1100 1232 inquit,
1125 1159 1402 1214 maximus
1427 1175 1615 1231 parare
1645 1159 1904 1231 cuiquam
1934 1174 2070 1214 nes-

483 1249 559 1306 cit
579 1248 859 1322 injuriam,
887 1248 980 1304 sed
1012 1250 1198 1304 lumen
1229 1248 1356 1304 vitae
1386 1265 1578 1304 rursus
1597 1247 1670 1303 iis
1692 1255 1910 1318 praestat
1939 1247 2072 1304 ani—

483 1340 609 1408 mis,
642 1356 762 1412 quae
792 1355 891 1394 suo
921 1337 1149 1394 solverit
1171 1337 1304 1393 fato.
1335 1339 1488 1393 Meus
1531 1355 1658 1409 ergo
1687 1338 1784 1393 ille
1814 1338 1963 1394 solus
1991 1346 2073 1394 est

484 1428 762 1496 dominus,
789 1427 883 1500 qui
912 1426 1214 1482 homicidia
1237 1434 1402 1494 vetat,
1426 1434 1480 1482 et
1510 1427 1604 1498 qui
1633 1427 1776 1482 bella
1803 1443 1912 1483 non
1944 1443 2072 1484 con-

483 1520 634 1576 citat.
693 1519 1006 1575 Alexander
1053 1533 1183 1574 vero
1217 1533 1330 1574 non
1374 1525 1455 1572 est
1501 1517 1656 1586 deus,
1699 1517 1828 1590 quia
1856 1525 1909 1573 et
1957 1517 2073 1589 ipse

484 1610 787 1666 moriturus
841 1617 942 1664 est.
995 1607 1469 1674 Quemadmodum
1523 1607 1692 1680 igitur
1751 1616 1930 1680 potest
1959 1624 2075 1664 esse

484 1700 733 1756 omnium
751 1697 1028 1767 dominus,
1057 1697 1150 1770 qui
1167 1696 1413 1753 nondum
1443 1695 1820 1770 Tyberoboam
1838 1695 2074 1753 ﬂuvium

483 1787 879 1856 transfretavit,
911 1802 1086 1860 neque
1109 1803 1203 1858 per
1219 1795 1396 1844 totum
1419 1786 1689 1842 mundum
1705 1785 1892 1842 sedem
1919 1801 2075 1843 suam

2179 637 2286 696 que
2314 621 2407 694 qui
2435 622 2580 678 circa
2605 621 2788 694 ipsum
2815 629 2932 679 erat
2977 621 3246 695 superbia:
3289 629 3562 678 tumorem
3612 623 3784 680 relin-

2181 729 2374 786 quens,
2414 714 2484 770 ad
2533 723 2900 771 memoratum
2955 730 3141 772 semen
3171 713 3452 786 ingressus
3489 721 3573 772 est
3599 716 3782 784 solus,

2179 813 2233 860 et
2261 804 2330 860 ad
2357 804 2522 876 pedes
2545 803 2716 875 ipsius
2739 820 2797 859 se
2820 803 2994 872 dedit,
3022 803 3127 860 hoc
3154 803 3346 860 dicens
3375 823 3387 860 :
3421 804 3612 874 Salve,
3633 806 3784 862 Dan-

2181 893 2350 962 dami,
2379 909 2478 966 ego
2505 893 2574 950 ad
2603 903 2656 950 te
2676 893 2827 964 veni,
2856 893 2987 966 quia
3013 903 3075 952 tu
3101 895 3170 951 ad
3193 911 3280 951 me
3307 894 3539 950 noluisti
3565 893 3784 951 venire.

2184 982 2286 1041 Cui
2317 983 2412 1038 ille
2436 980 2750 1053 respondit:
2771 981 2857 1038 Ad
2879 981 3014 1054 quid
3042 983 3111 1039 ad
3127 998 3228 1038 nos
3254 981 3505 1038 venisti?
3531 990 3629 1038 aut
3647 980 3787 1062 quid

2181 1075 2250 1132 de
2279 1074 2480 1130 nostris
2505 1072 2981 1130 sollicitudinibus
3007 1073 3224 1130 auferre
3251 1072 3536 1129 desideras
3567 1073 3596 1128 ?
3622 1070 3785 1140 Quod

2181 1163 2340 1236 cupis
2367 1162 2503 1235 ipse,
2541 1179 2643 1219 nos
2671 1162 2870 1219 habere
2902 1179 3012 1218 non
3041 1179 3332 1236 possumus
3365 1181 3378 1218 :
3410 1163 3558 1237 quod
3580 1161 3788 1218 iterum

2183 1270 2284 1309 nos
2310 1252 2594 1322 habemus,
2635 1253 3005 1310 necessarium
3032 1253 3135 1310 tibi
3173 1270 3288 1310 non
3317 1261 3416 1310 est.
3457 1254 3570 1310 Nos
3597 1253 3792 1310 hono-

2182 1359 2369 1400 ramus
2415 1345 2614 1412 Deum,
2675 1351 2728 1399 et
2776 1359 3026 1398 amamus
3093 1342 3410 1412 hominem;
3451 1343 3791 1416 negligimus

2183 1449 2398 1503 aurum,
2429 1433 2839 1490 contemnimus
2867 1440 3098 1488 mortem
3136 1451 3148 1489 :
3200 1449 3299 1490 vos
3331 1441 3520 1490 autem
3550 1443 3788 1492 mortem

2184 1523 2414 1592 timetis,
2479 1522 2766 1580 honoratis
2795 1538 3017 1591 aurum,
3064 1521 3236 1578 oditis
3269 1521 3579 1592 hominem,
3607 1525 3786 1580 Deum

2185 1612 2559 1669 contemnitis.
2617 1612 2706 1668 Ad
2755 1627 2920 1684 quem
2971 1611 3328 1669 Alexander:
3372 1613 3544 1681 Doce,
3581 1612 3788 1686 inquit,

2187 1720 2286 1760 nos
2309 1701 2520 1776 aliquid
2545 1701 2826 1775 sapientiae
2860 1721 2872 1760 :
2917 1703 3141 1776 plenum
3197 1703 3356 1760 aiunt
3381 1709 3436 1759 te
3465 1701 3788 1771 divinitate,

2185 1806 2240 1856 et
2268 1813 2394 1854 cum
2425 1798 2548 1870 ipso
2565 1793 2809 1868 colloqui
2831 1795 3037 1868 saepius
3056 1796 3172 1852 Deo
3205 1811 3218 1850 :
3241 1811 3340 1867 ego
3371 1809 3503 1852 vero
3530 1794 3675 1851 scire
3698 1794 3789 1851 de-

484 1880 706 1948 locavit,
749 1895 862 1936 non
893 1895 1044 1936 zonae
1090 1878 1296 1934 Gadem
1342 1878 1582 1946 transiit,
1616 1893 1728 1934 non
1780 1877 1840 1934 in
1889 1877 2077 1934 medio

2189 1887 2369 1944 sidero
2401 1886 2458 1942 in
2489 1902 2597 1960 qua
2617 1903 2675 1942 re
2702 1883 3109 1958 praestantiores
3139 1884 3344 1941 Graecis
3370 1900 3473 1940 vos
3494 1883 3642 1957 ipsos
3670 1900 3796 1940 esse

483 1974 634 2031 orbis
663 1991 884 2031 cursum
914 1973 1048 2030 solis
1077 1972 1343 2046 aspexit?
1390 1988 1557 2046 quare
1605 1979 1792 2045 gentes
1821 1972 2075 2046 plurimm

486 2080 588 2121 nec
641 2063 760 2136 ejus
815 2063 1038 2136 quidem
1099 2078 1301 2118 nomen
1348 2061 1532 2118 adhuc
1570 2079 1728 2118 nosse
1754 2069 2074 2134 potuerunt.

485 2154 542 2210 Si
573 2160 755 2208 autem
810 2168 920 2207 non
967 2151 1111 2224 capit
1139 2168 1263 2206 eum
1295 2151 1390 2206 illa
1425 2168 1588 2224 quam
1639 2152 1881 2222 possidet
1909 2161 2076 2221 terra,

485 2241 719 2297 ﬂuvium
748 2248 989 2297 transeat
1019 2249 1293 2308 nostrum,
1336 2249 1390 2295 et
1436 2239 1682 2294 inveniet
1715 2241 1892 2296 solum
1943 2240 2078 2306 tale,

487 2333 634 2406 quod
683 2333 832 2389 norit
891 2331 1143 2387 homines
1179 2331 1466 2386 sustinere.
1527 2329 1878 2402 Quaecunque
1935 2330 2080 2386 mihi

485 2421 798 2478 Alexander
813 2421 1123 2494 pollicetur,
1146 2420 1191 2476 si
1208 2437 1267 2476 ea
1289 2419 1619 2491 praestiterit,
1641 2427 1840 2476 cuncta
1858 2419 2082 2477 inutilia

488 2511 626 2567 mihi
649 2520 828 2567 erunt.
863 2512 977 2581 Ego
1023 2510 1169 2565 enim
1203 2509 1376 2564 habeo
1403 2509 1656 2578 domum,
1708 2509 1860 2577 folia,
1895 2509 2081 2565 herbis

487 2617 704 2674 quoque
724 2617 846 2674 qua:
885 2599 1134 2672 adjacent
1163 2599 1323 2668 mihi,
1358 2615 1570 2667 vescor,
1601 2607 1655 2654 et
1687 2615 1884 2670 aquam
1917 2607 2078 2671 pote:

487 2691 785 2764 posthabeo
813 2691 920 2747 alia
968 2705 1310 2763 quaecunque
1339 2705 1464 2744 cum
1505 2688 1884 2744 sollicitudine
1913 2689 2084 2744 colli-

486 2791 692 2852 guntur
717 2798 780 2838 ac
832 2789 1081 2854 pereunt,
1127 2779 1378 2850 nihilque
1399 2778 1550 2834 aliud
1575 2786 1770 2850 praeter
1798 2778 2082 2834 tristitiam

488 2871 860 2945 quaerentibus
916 2887 977 2926 ea
1033 2877 1194 2942 atque
1241 2868 1572 2924 habentibus
1627 2867 1890 2940 praebent.
1924 2869 2084 2924 Nunc

488 2963 660 3036 igitur
685 2981 908 3019 securus
939 2961 1180 3034 quiesco,
1203 2961 1512 3032 clausisque
1542 2960 1718 3016 oculis
1743 2961 1823 3016 nil
1853 2961 2084 3017 omnino

491 3053 769 3110 custodio.
802 3053 856 3108 Si
885 3068 1083 3107 aurum
1107 3051 1334 3107 voluero
1355 3065 1591 3117 servare,
1615 3067 1870 3106 somnum
1899 3067 2082 3106 meum

491 3145 745 3216 dissipo:
799 3153 941 3200 terra
989 3142 1128 3198 mihi
1183 3141 1390 3210 omnia,
1421 3149 1482 3197 ut
1527 3141 1608 3197 lae
1637 3149 1810 3196 mater
1856 3141 2079 3211 infanti,

2186 1975 2406 2045 dicatis,
2449 1985 2502 2033 et
2524 1975 2582 2031 in
2609 1991 2718 2048 quo
2759 1983 2854 2031 aut
2883 1975 3082 2030 melius
3114 1974 3304 2030 videas
3332 1989 3497 2046 quam
3527 1973 3628 2029 alii
3675 1973 3794 2030 ho-

2188 2066 2388 2133 mines,
2420 2073 2516 2121 aut
2541 2065 2780 2138 amplius
2807 2063 3006 2135 sapias.
3053 2066 3130 2122 At
3170 2065 3266 2120 ille
3295 2063 3578 2138 respondit
3606 2081 3620 2120 :
3646 2065 3795 2138 Ego,

2189 2153 2393 2227 inquit,
2443 2153 2643 2209 vellem
2691 2153 2903 2209 deferre
2949 2153 3020 2209 ad
3047 2161 3102 2210 te
3143 2161 3426 2225 acceptum
3459 2155 3627 2211 aDeo
3657 2169 3799 2211 sen-

2189 2259 2334 2307 sum,
2389 2241 2484 2297 sed
2541 2241 2657 2314 ipse
2714 2241 2898 2298 locum
2940 2258 3052 2298 non
3107 2241 3276 2298 habes
3311 2241 3408 2298 ubi
3442 2242 3650 2299 donum
3682 2243 3798 2300 tale

2189 2331 2476 2402 suscipias.
2509 2332 2885 2404 Impleverunt
2931 2331 3080 2388 enim
3134 2331 3375 2389 animam
3405 2341 3559 2390 tuam
3613 2332 3799 2389 avidae

2191 2428 2356 2493 atque
2412 2419 2726 2476 immodicae
2789 2420 3142 2493 cupiditates,
3202 2437 3336 2494 quas
3383 2437 3535 2480 nunc
3572 2439 3799 2478 mecum

2191 2517 2399 2567 certare
2423 2509 2731 2580 considero,
2767 2509 2897 2584 quia
2945 2518 3000 2567 te
3031 2511 3100 2567 ab
3154 2510 3289 2582 ipsis
3317 2526 3490 2566 conor
3525 2512 3800 2582 avellere,

2193 2617 2503 2673 quanquam
2533 2601 2698 2657 hodie
2725 2601 3026 2672 plurimum
3057 2606 3308 2667 mcerent,
3345 2614 3409 2652 eo
3436 2599 3584 2672 quod
3613 2609 3805 2658 morte

2193 2689 2402 2746 nullius
2431 2691 2608 2762 gentis
2639 2693 2727 2748 vel
2749 2690 3011 2762 sanguine
3041 2687 3326 2759 polluaris,
3349 2695 3402 2744 et
3432 2689 3563 2762 quia
3594 2689 3803 2747 vident

2193 2780 2374 2837 adhuc
2398 2781 2650 2838 homines
2678 2783 2737 2837 in
2767 2778 3087 2837 civitatibus
3131 2787 3554 2836 commorantes.
3602 2781 3686 2836 Tu
3723 2781 3800 2837 ad

2193 2871 2470 2929 Oceanum
2527 2885 2697 2944 usque
2743 2869 2828 2925 vis
2885 2869 3140 2926 accedere
3177 2887 3188 2925 :
3222 2878 3344 2942 post
3397 2885 3560 2942 quem
3617 2870 3797 2927 aliam

2193 2962 2392 3019 iterum
2415 2970 2622 3036 partem
2643 2959 2793 3016 orbis
2811 2959 2968 3031 cupis
2994 2975 3260 3032 occupare
3286 2977 3299 3015 :
3332 2965 3387 3015 et
3406 2967 3544 3016 tunc
3562 2959 3799 3018 tristitia

2193 3052 2445 3120 aﬂiceris,
2510 3066 2636 3108 cum
2684 3065 2797 3105 non
2851 3049 3096 3122 potueris
3141 3047 3340 3105 habere
3394 3048 3542 3122 quod
3573 3049 3794 3108 vincas.

2193 3139 2477 3210 Quomodo
2527 3155 2654 3211 ergo
2709 3137 3023 3201 satisfacere
3073 3137 3346 3194 desiderio
3403 3147 3499 3194 tuo
3556 3139 3796 3211 poteris,

491 3237 786 3294 ministrat.
817 3237 902 3293 Ad
925 3251 1308 3310 quemcunque
1333 3234 1588 3292 accedere
1618 3235 1846 3290 voluero
1873 3233 2080 3300 locum,
2115 3256 2159 3316 ρ
2191 3248 2317 3288 cum
2347 3237 2495 3288 totus
2523 3227 2626 3284 tibi
2664 3227 2908 3284 serviens
2936 3227 3181 3284 mundus
3221 3226 3470 3283 animum
3502 3237 3659 3284 tuum
3688 3243 3792 3285 ex-

490 3327 631 3384 vado
663 3347 677 3395 ;
711 3343 1039 3400 quocunque
1069 3335 1250 3382 autem
1288 3325 1368 3380 ire
1398 3326 1647 3392 noluero,
1691 3324 1902 3380 nullius
1931 3326 2081 3381 solli-

490 3417 756 3473 citudinis
798 3416 1118 3473 necessitate
1164 3415 1482 3486 compellor.
1528 3415 1600 3470 Et
1629 3415 1674 3471 si
1703 3423 1868 3488 caput
1897 3433 2080 3472 meum

492 3507 732 3563 voluerit
773 3506 1116 3571 abscindere,
1165 3505 1405 3561 animam
1443 3505 1656 3561 auferre
1687 3521 1799 3560 non
1830 3505 2032 3577 poterit
2065 3522 2077 3560 :

491 3597 586 3653 sed
617 3605 780 3670 caput
831 3595 1214 3652 tantummodo
1257 3595 1444 3668 jacens
1486 3596 1662 3662 tollet,
1709 3594 1893 3650 anima
1951 3609 2083 3650 vero

491 3685 796 3755 discedens,
838 3695 998 3758 caput
1020 3703 1178 3742 suum
1211 3687 1384 3743 veluti
1412 3693 1620 3758 partem
1653 3683 1823 3740 vestis
1847 3681 2083 3754 alicujus

491 3776 786 3848 relinquet,
808 3792 870 3832 ac
898 3775 1085 3832 reddet
1113 3775 1183 3842 ei,
1217 3793 1247 3831 a
1278 3792 1384 3848 quo
1419 3775 1472 3830 id
1519 3781 1854 3846 susceperat,
1886 3787 2084 3843 nempe

492 3876 668 3923 terrae.
711 3866 848 3924 Cum
892 3874 1072 3921 autem
1123 3866 1298 3921 factus
1341 3863 1569 3936 spiritus
1599 3863 1776 3930 fuero,
1809 3861 1876 3918 ad
1906 3863 2082 3918 Deum

493 3956 589 4029 qui
618 3972 741 4012 eum
773 3957 917 4012 intra
943 3955 1084 4011 hanc
1100 3971 1325 4012 carnem
1355 3954 1604 4020 inclusit,
1633 3951 1946 4010 ascendam.
1975 3949 2083 4018 Qui

491 4062 617 4102 cum
639 4045 744 4102 hoc
765 4045 976 4112 fecerit,
1005 4053 1216 4101 tentare
1244 4060 1345 4100 nos
1360 4043 1560 4110 voluit,
1579 4049 1642 4098 ut
1665 4040 1872 4096 videret
1892 4056 2082 4114 quem-

491 4135 789 4192 admodum
824 4135 1166 4191 discedentes
1205 4133 1273 4189 ab
1312 4149 1396 4200 eo,
1429 4133 1486 4188 in
1516 4132 1622 4188 hoc
1650 4132 1852 4187 saeculo
1874 4131 2084 4185 vivere-

493 4241 636 4279 mus.
670 4225 740 4278 Et
771 4223 1121 4294 postmodum
1145 4238 1271 4277 cum
1299 4221 1367 4276 ad
1387 4237 1512 4276 eum
1553 4219 1822 4276 fuerimus
1850 4218 2081 4284 reversi,

493 4311 759 4366 rationem
784 4308 912 4364 vitae
943 4309 1107 4378 hujus
1135 4325 1167 4362 a
1195 4308 1355 4363 nobis
1385 4307 1651 4377 exposcit.
1687 4307 1788 4364 Cui
1819 4307 2086 4363 assistens

493 4416 592 4472 ego
613 4397 810 4454 videbo
833 4395 1094 4468 injuriam
1118 4411 1317 4464 meam,
1339 4395 1564 4468 ejusque
1577 4395 1854 4469 judicium
1877 4397 1936 4452 in
1957 4397 2084 4454 illos

494 4489 591 4563 qui
622 4488 873 4559 injuriosi
905 4487 1043 4542 mihi
1072 4487 1318 4552 fuerunt,
1343 4485 1630 4553 intuebor;
1663 4487 1901 4558 suspiria
1931 4487 2082 4544 enim

495 4578 834 4650 gemitusque
852 4577 1100 4633 laesorum
1122 4574 1391 4647 incipient
1409 4576 1723 4631 laedentium
1744 4593 1858 4632 esse
1877 4577 2082 4649 suppli-
2113 4619 2160 4676 Β

495 4669 598 4724 cia.
621 4668 734 4724 lloc
754 4666 1065 4723 Alexander
1081 4666 1193 4723 illis
1207 4667 1466 4735 minetur,
1487 4668 1582 4740 qui
1603 4683 1732 4740 opes
1747 4667 2079 4740 desiderant,

495 4760 590 4832 qui
621 4759 818 4814 timent
850 4765 1102 4827 mortem,
1136 4757 1266 4830 quia
1294 4772 1395 4814 nos
1434 4766 1730 4832 utrumque
1762 4761 2086 4818 contemni—

495 4867 637 4904 mus.
670 4850 806 4906 Nam
836 4848 1163 4905 Brachmani
1192 4865 1366 4921 neque
1397 4865 1589 4906 aurum
1613 4848 1873 4923 diligunt,
1906 4867 2084 4926 neque

496 4946 727 4994 mortem
787 4948 1064 4994 verentur.
1097 4938 1248 4995 Vade
1303 4939 1490 5012 igitur,
1525 4947 1579 4996 et
1629 4937 1736 4996 hoc
1762 4941 2084 4999 Alexandro

494 5028 730 5083 referas:
763 5027 916 5084 Nihil
945 5036 1166 5084 tuorum
1221 5029 1519 5086 Dandamis
1547 5029 1761 5104 quaerit,
1814 5046 2007 5088 verum
2036 5032 2084 5089 si

494 5115 706 5190 aliquid
733 5133 802 5173 ex
831 5118 1003 5189 ipsius
1028 5118 1191 5175 rebus
1211 5127 1273 5175 tu
1299 5121 1668 5180 necessarium
1696 5121 1802 5178 tibi
1827 5137 1945 5180 esse
1969 5139 2084 5182 cre-

495 5205 599 5274 dis,
637 5205 705 5260 ad
738 5222 862 5261 eum
896 5207 1082 5262 venire
1108 5224 1218 5263 non
1247 5209 1576 5281 dedigneris.

566 5303 698 5371 Qua:
721 5304 818 5362 ubi
847 5305 1160 5362 Alexander
1187 5324 1282 5380 per
1307 5309 1707 5366 internuntium
1731 5312 1964 5382 audivit,
1993 5313 2082 5370 de-

495 5397 732 5453 siderare
763 5399 885 5470 plus
926 5399 1092 5470 erepit
1136 5406 1199 5454 ut
1223 5400 1386 5455 talem
1428 5399 1612 5456 virum
1651 5400 1884 5472 videret,
1915 5411 2084 5477 utque

497 5503 574 5554 se,
604 5487 697 5558 qui
721 5488 922 5544 multas
953 5489 1158 5544 vicerat
1187 5499 1392 5562 gentes,
1421 5505 1568 5545 unus
1595 5498 1648 5546 et
1679 5491 1860 5548 nudus
1898 5491 2082 5550 vince-

497 5584 582 5630 ret
625 5593 814 5632 senex.
865 5579 1046 5648 Peigit
1091 5579 1261 5650 igitur
1289 5597 1412 5637 cum
1456 5581 1700 5654 quinque
1749 5582 1836 5638 vel
1891 5583 2082 5640 decem

496 5663 689 5719 amicis
717 5666 784 5721 ad
810 5684 920 5733 cas,
971 5685 1104 5740 quas
1139 5687 1303 5742 supra
1331 5670 1598 5739 diximus,
1631 5671 1819 5739 silvas,
1853 5679 1909 5726 et
1953 5689 2082 5729 cum

498 5753 736 5809 venisset
763 5755 830 5810 ad
861 5761 1200 5828 proximum,
1233 5767 1395 5831 atque
1424 5778 1491 5815 ex
1520 5777 1681 5833 equo,
1706 5777 1816 5833 quo
1845 5761 2080 5820 veheba-

2190 3319 2338 3392 plere
2366 3335 2428 3374 ac
2459 3318 2658 3376 satiare
2688 3333 2802 3374 non
2835 3316 3007 3390 possit
3035 3319 3062 3374 τ
3085 3317 3266 3374 Minor
3298 3317 3506 3373 mundo
3535 3317 3698 3389 longe
3731 3326 3800 3374 tu

2190 3409 2368 3465 factus
2396 3423 2474 3474 es,
2517 3414 2570 3462 et
2618 3407 2664 3462 si
2711 3406 2898 3462 omnia
2927 3406 3094 3462 simul
3131 3405 3270 3462 velis
3325 3405 3566 3472 vincere,
3623 3413 3799 3480 atque

2190 3497 2452 3554 universa
2479 3512 2818 3570 quacunque
2839 3504 3030 3553 tenent
3059 3495 3312 3552 homines
3343 3495 3640 3568 possidere,
3667 3503 3796 3551 tan-

2189 3587 2315 3644 dem
2360 3603 2578 3644 necesse
2614 3595 2697 3644 est
2735 3595 2797 3642 ut
2843 3587 3025 3644 solum
3065 3585 3266 3642 habeas
3303 3594 3571 3661 quantum
3601 3591 3700 3640 aut
3731 3593 3800 3642 tu

2185 3677 2459 3751 jacentem
2490 3686 2676 3734 tenere
2707 3693 2792 3733 me
2820 3677 3020 3745 cernis,
3044 3683 3139 3732 aut
3184 3692 3286 3748 ego
3324 3690 3592 3746 occupare
3623 3673 3798 3731 video

2190 3776 2244 3824 te
2279 3766 2580 3824 sedentem.
2630 3767 2719 3822 Ex
2747 3783 2857 3840 quo
2909 3766 3112 3822 iterum
3169 3765 3217 3822 si
3266 3764 3335 3822 ad
3386 3765 3496 3822 alia
3547 3771 3798 3822 transea-

2192 3877 2336 3930 mus,
2377 3868 2432 3916 et
2487 3860 2546 3916 in
2587 3859 2714 3916 aliis
2753 3874 2973 3933 quoque
3019 3857 3124 3915 tibi
3179 3858 3389 3916 similes
3443 3857 3794 3915 invenimur.

2191 3951 2400 4009 Eodem
2417 3950 2564 4007 enim
2588 3949 2753 4006 modo
2769 3966 2878 4022 quo
2899 3951 3036 4022 ipse,
3049 3949 3308 4005 omnibus
3327 3957 3455 4006 utor
3473 3949 3794 4019 elementis,

2191 4059 2334 4110 aere,
2390 4057 2548 4114 aqua,
2590 4047 2644 4096 et
2682 4047 2844 4106 terra,
2885 4054 2989 4096 nec
3027 4037 3332 4112 quidquam
3397 4039 3547 4095 ultra
3584 4037 3794 4096 habere

2191 4134 2463 4205 desidero,
2495 4142 2550 4190 et
2596 4133 2783 4190 omnia
2804 4131 2954 4205 juste
3004 4131 3179 4188 habeo
3222 4145 3566 4204 quaecunque
3603 4129 3798 4202 possi-

2191 4225 2315 4293 deo,
2347 4233 2402 4281 et
2431 4225 2478 4281 si
2504 4225 2652 4281 solus
2691 4239 2882 4280 omnes
2912 4221 3114 4278 ﬂuvios
3142 4221 3412 4290 obtineas,
3444 4222 3572 4293 plus
3599 4227 3796 4278 tamen

2191 4331 2346 4388 aquae
2375 4331 2537 4388 quam
2565 4330 2684 4386 ego,
2711 4331 2781 4369 ex
2820 4313 2954 4386 ipsis
2979 4311 3201 4368 haurire
3230 4327 3342 4368 non
3370 4312 3596 4384 poteris.
3636 4311 3798 4370 Hanc

2193 4421 2319 4476 ergo
2347 4403 2394 4459 si
2446 4421 2478 4459 a
2528 4420 2614 4459 me
2662 4402 2987 4474 sapientiam
3017 4401 3217 4471 discas,
3250 4400 3394 4457 nihil
3423 4399 3526 4456 tibi
3557 4399 3743 4458 deerit
3775 4419 3789 4458 :

2192 4501 2478 4566 totumque
2507 4492 2751 4562 habebis,
2783 4493 2832 4550 si
2860 4493 3004 4550 nihil
3034 4491 3450 4549 desideraveris.
3497 4488 3795 4562 Cupiditas

2191 4584 2337 4639 enim
2356 4584 2690 4658 paupertatis
2718 4591 2802 4640 est
2821 4592 3012 4652 mater,
3031 4600 3154 4656 quae
3180 4584 3583 4641 medicamento
3614 4585 3792 4652 malo,

2190 4675 2295 4730 hoc
2337 4684 2419 4732 est
2459 4673 2855 4743 sollicitudine,
2906 4673 3302 4747 nequitcurari
3335 4691 3348 4730 :
3383 4689 3503 4748 quae
3523 4673 3600 4730 ita
3633 4691 3793 4732 sem-

2193 4783 2289 4840 per
2313 4765 2500 4824 omnia
2546 4765 2762 4838 quzerit,
2793 4764 2946 4838 quasi
2992 4764 3245 4821 invenire
3287 4763 3368 4826 nil
3405 4765 3578 4838 possit
3611 4783 3624 4822 :
3659 4767 3794 4840 quia

2192 4873 2305 4912 non
2339 4855 2398 4913 in
2432 4855 2504 4912 iis
2531 4855 2600 4914 ad
2629 4872 2750 4930 quae
2769 4855 2885 4930 jam
2913 4863 3095 4928 potuit
3122 4855 3432 4928 pervenire,
3462 4856 3788 4928 requiescit,

2192 4947 2286 5005 sed
2337 4963 2408 5004 ex
2442 4946 2558 5004 illis
2613 4965 2734 5022 quae
2762 4946 2998 5004 necdum
3042 4954 3228 5004 tenere
3277 4962 3335 5003 se
3379 4945 3578 5014 cernit,
3613 4946 3792 5020 magis

2192 5041 2471 5114 magisque
2499 5040 2798 5098 cruciatur.
2843 5039 3080 5096 Habebis
3118 5048 3302 5096 autem
3347 5039 3625 5096 maximas
3663 5055 3792 5097 cum

2179 5131 2474 5204 yoluptate
2503 5145 2652 5204 opes,
2703 5130 2752 5187 si
2806 5130 2884 5186 ita
2920 5146 3136 5186 mecum
3185 5129 3374 5186 vivere
3414 5128 3570 5184 voles
3603 5145 3616 5184 :
3651 5136 3710 5184 et
3743 5127 3791 5184 si

2193 5219 2330 5276 meis
2387 5218 2730 5293 acquieveris
2781 5219 2985 5288 verbis,
3018 5233 3164 5274 meas
3191 5217 3422 5274 divitias
3450 5215 3788 5288 possidehis.

2190 5311 2420 5368 Amicus
2448 5309 2585 5366 mihi
2610 5318 2691 5367 est
2727 5310 2978 5366 omnium
3008 5311 3172 5376 Deus,
3205 5316 3260 5364 et
3291 5307 3358 5364 de
3381 5307 3516 5380 ipsis
3542 5324 3672 5365 cum
3706 5324 3790 5365 eo-

2191 5399 2316 5456 dem
2371 5399 2537 5455 rebus
2565 5399 2780 5473 loquor,
2820 5401 3090 5457 malorum
3139 5397 3428 5454 hominum
3482 5397 3654 5454 verba
3682 5413 3790 5454 non

2189 5491 2376 5548 audio.
2401 5491 2614 5548 C(elum
2643 5489 2820 5548 habeo
2854 5507 2952 5564 pro
2982 5498 3150 5558 tecto,
3181 5496 3328 5544 terra
3363 5487 3502 5546 mihi
3533 5496 3654 5545 tota
3695 5503 3790 5561 pro

2191 5581 2334 5637 lecto
2378 5589 2480 5638 est.
2512 5580 2699 5638 Fluvii
2753 5579 2892 5636 mihi
2947 5589 3138 5655 potum
3169 5579 3509 5647 ministrant,
3543 5595 3788 5635 mensam

2193 5673 2335 5728 silva
2363 5670 2694 5744 suppeditat.
2715 5673 2840 5730 Non
2870 5690 3064 5730 vescor
3084 5671 3412 5729 animalium
3455 5670 3789 5736 visceribus,

2190 5770 2252 5819 ut
2283 5763 2485 5831 leones,
2513 5777 2690 5835 neque
2719 5763 2868 5820 intra
2891 5773 3110 5837 pectora
3137 5778 3258 5820 mea
3294 5761 3521 5820 inclusae
3553 5760 3789 5834 quadru-
