3940 6368
202 439 340 497 1177

1314 438 1410 494 DE
1446 435 1756 497 MORIBUS
1793 437 2405 497 BRACHMANORUM.

3364 443 3503 512 1178

200 560 403 635 pedum
433 568 528 618 aut
558 558 872 617 volatilium
911 574 1104 618 carnes
1149 565 1492 630 putrescunt,
1527 575 1630 615 nec
1681 575 1800 615 sum
1830 561 1882 620 A
1913 559 2119 614 multos
2160 559 2436 616 trucidare
2466 557 2778 616 desideras:
2810 576 2873 616 ex
2913 559 3113 634 quibus
3156 558 3272 632 jam
3320 559 3506 635 aliqua

201 659 546 709 mortuorum
609 651 947 723 sepulcrum,
994 651 1091 707 sed
1130 650 1479 723 providentia
1536 649 1805 706 naturalis

199 757 390 799 omnes
419 740 559 796 mihi
588 740 821 809 fructus,
846 749 907 797 ut
929 741 1012 796 lac
1039 748 1230 809 mater,
1257 738 1522 795 infundit.
1552 740 1806 811 Intelligo

200 831 317 904 ipse
369 829 503 903 quid
559 846 795 903 quaeras.
849 830 1161 902 Sapientem
1210 846 1297 885 me
1355 829 1531 898 vides,
1591 829 1718 885 talis
1752 837 1806 885 et

199 919 379 977 factus
405 935 549 988 sum,
590 918 776 991 itaque
802 919 934 975 vivo
967 926 1025 973 ut
1054 925 1368 990 procreatus
1414 934 1556 985 sum,
1599 924 1653 973 et
1686 933 1804 989 quae

200 1010 347 1068 Deus
373 1009 541 1065 faciat
575 1024 832 1081 agnosco,
862 1015 916 1064 et
942 1008 1076 1082 quid
1120 1007 1242 1063 ﬁeri
1288 1006 1482 1063 debeat
1526 1008 1660 1062 scio.
1694 1007 1806 1064 Vos

199 1107 384 1156 autem
415 1098 659 1154 vanitate
711 1114 909 1171 magna
951 1098 1167 1170 repleti,
1212 1098 1499 1169 praesagire
1537 1115 1637 1153 vos
1675 1113 1806 1154 cre-

201 1189 356 1258 ditis,
387 1205 515 1248 cum
543 1195 727 1245 tamen
766 1188 884 1244 haec
912 1190 1032 1260 ipsa
1072 1205 1192 1261 quae
1240 1204 1335 1262 per
1362 1188 1609 1261 singulos
1637 1187 1805 1244 vide-

201 1278 274 1335 tis
301 1279 439 1347 dies,
472 1276 572 1335 Dei
599 1293 763 1350 opera
808 1278 1117 1351 intelligere
1164 1278 1443 1334 nesciatis.
1491 1277 1608 1348 Ego
1655 1293 1805 1335 cun-

200 1379 290 1426 cta
344 1385 631 1440 cognosco,
693 1376 746 1425 et
791 1368 957 1436 unde,
1014 1376 1068 1424 et
1115 1368 1356 1441 quando,
1388 1368 1472 1425 ‘et
1528 1368 1805 1442 quomodo

201 1459 357 1515 ﬁant.
405 1460 648 1528 Pluvias,
704 1458 995 1526 siccitates,
1045 1443 1301 1529 fulmina,
1350 1467 1805 1533 tempestatesque

201 1548 463 1622 praesagio
513 1567 524 1605 :
573 1556 628 1604 et
668 1547 770 1606 hoc
797 1558 878 1605 est
907 1548 1053 1621 quod
1102 1565 1189 1604 me
1221 1549 1453 1606 delectat
1495 1567 1559 1606 ac
1606 1549 1801 1617 reﬁcit,

200 1640 334 1711 quia
360 1640 506 1695 Deus
529 1638 728 1695 habere
750 1655 837 1694 me
857 1639 1304 1695 communionem
1327 1641 1620 1713 quamdam
1642 1646 1805 1712 atque

200 1728 501 1785 consilium
531 1744 657 1785 cum
688 1727 946 1800 operibus
975 1728 1089 1784 suis
1120 1728 1269 1784 fecit.
1299 1728 1385 1785 Ad
1418 1745 1502 1785 me
1530 1728 1805 1801 quemad-

203 1816 432 1874 modum
462 1818 687 1889 angelus
715 1818 888 1887 venit,
923 1825 976 1874 et
999 1816 1043 1873 si
1068 1817 1284 1891 quando
1315 1818 1525 1890 aliquid
1555 1818 1805 1875 timuerit

1912 649 2111 716 fecisti,
2142 649 2249 706 alia
2277 649 2336 705 in
2366 649 2618 721 praesenti
2649 648 2803 717 facis,
2834 649 2942 705 alia
2977 650 3250 707 facturum
3300 659 3352 707 te
3394 668 3511 708 esse

1914 738 2191 810 promittis
2211 739 2238 794 ‘I
2285 739 2403 811 Ego
2431 756 2561 794 vero
2588 755 2713 795 cum
2745 754 2814 794 ex
2844 738 2950 794 hoc
2982 740 3187 795 mundo
3218 757 3511 810 recessero,

1915 826 1974 881 in
2003 842 2127 882 aere
2158 827 2396 899 positum
2429 836 2480 882 te
2510 827 2711 883 videbo
2737 844 2748 882 :
2801 835 2854 882 et
2890 835 3025 883 tunc
3051 829 3271 900 quidem
3301 847 3519 886 sermo-

1915 933 2037 973 nem
2070 917 2394 990 prasdicabis
2433 935 2638 985 meum,
2680 917 2809 990 quia
2840 926 2891 972 te
2922 918 3221 975 multitudo
3268 918 3518 993 equitum

1914 1008 2003 1063 vel
2036 1008 2284 1079 peditum
2337 1009 2491 1063 nulla
2545 1007 2924 1076 comitabitur,
2986 1017 3041 1064 et
3095 1026 3220 1066 cum
3276 1009 3519 1066 maximo

1916 1098 2115 1152 mentis
2145 1104 2253 1153 tuas
2282 1096 2471 1152 dolore
2501 1097 2749 1165 deflebis,
2784 1097 2889 1153 hoc
2917 1097 3107 1154 dicens
3137 1117 3148 1153 :
3184 1098 3313 1154 Sine
3352 1115 3515 1157 causa

1915 1186 2129 1259 perdidi
2170 1188 2342 1243 totius
2389 1187 2643 1243 retroacti
2689 1187 2954 1258 temporis
2999 1186 3194 1256 vitam,
3246 1205 3410 1262 quam
3459 1190 3519 1244 in

1914 1275 2221 1332 honoribus
2275 1276 2438 1334 istius
2486 1275 2678 1331 mundi
2731 1275 2999 1349 bellisque
3045 1278 3382 1349 consumpsi.
3430 1279 3519 1335 Ex

1915 1366 2114 1437 quibus
2144 1366 2423 1438 intelliges
2451 1365 2595 1421 nihil
2628 1365 2730 1422 tibi
2756 1365 2909 1420 aliud
2954 1373 3007 1421 te
3052 1366 3359 1439 reliquisse,
3408 1366 3518 1424 nisi

1916 1455 2236 1510 memoriam
2284 1458 2457 1512 solam
2508 1457 2799 1513 malorum.
2850 1457 2991 1512 Novi
3045 1458 3194 1512 enim
3254 1475 3351 1530 ego
3398 1475 3518 1531 quae

1912 1544 2190 1601 Divinitas
2217 1545 2365 1600 intra
2392 1561 2447 1601 se
2475 1545 2694 1610 habeat,
2727 1562 2852 1601 cum
2888 1553 3070 1601 tamen
3100 1546 3215 1619 ipse
3243 1547 3346 1603 sim
3374 1547 3520 1619 apud

1915 1629 2167 1687 homines
2199 1632 2555 1699 constitutus,
2588 1630 2837 1703 mihique
2858 1639 2991 1688 tunc
3017 1631 3121 1688 ista
3150 1632 3334 1688 dices:
3367 1634 3520 1689 Bona

1912 1720 2166 1788 consilia,
2191 1721 2511 1788 Dandamis,
2545 1720 2685 1776 mihi
2715 1720 3012 1793 aliquando
3044 1721 3338 1793 praebebas.
3365 1722 3522 1779 Tunc

1912 1809 2059 1865 enim
2091 1818 2216 1866 ante
2244 1816 2598 1882 conspectum
2629 1817 2788 1864 tuum
2818 1809 3045 1865 venient
3072 1826 3262 1866 omnes
3292 1827 3426 1884 quas
3447 1811 3518 1867 si-

199 1906 519 1980 imperator,
551 1914 685 1964 tunc
712 1924 811 1979 ego
837 1907 1099 1980 deprecor
1127 1910 1301 1964 Deum
1332 1915 1394 1964 ut
1418 1908 1545 1964 boni
1577 1909 1791 1982 aliquid
1827 1920 1871 1983 G
1910 1917 1978 1957 ne
2006 1918 2169 1958 causa
2211 1901 2610 1974 expugnaveris
2639 1901 2872 1968 animas.
2906 1901 3050 1974 αραᾶ
3080 1918 3214 1975 quas
3242 1900 3520 1976 quomodo

200 1995 274 2064 ei,
306 2012 432 2052 cum
462 1996 532 2052 ad
570 2013 657 2054 me
685 1997 919 2065 venerit,
951 2004 1188 2069 praestet,
1239 2005 1301 2053 ut
1341 2013 1466 2053 eum
1514 2008 1666 2055 metu
1695 2015 1806 2071 quo

202 2086 439 2156 laborat,
470 2088 740 2155 absolvat,
773 2096 943 2161 utque
969 2087 1018 2141 ei
1048 2087 1309 2144 ﬁduciam
1340 2088 1632 2161 quamdam
1654 2105 1806 2144 men-

201 2178 277 2235 tis
299 2180 550 2252 inSpiret.
575 2179 719 2248 Quid
739 2195 854 2236 esse
875 2180 1079 2237 rectius
1107 2180 1267 2250 dicis,
1302 2182 1499 2238 laedere
1527 2181 1801 2251 homines,

200 2288 279 2326 an
311 2272 455 2327 tueri
484 2278 646 2344 atque
673 2287 913 2340 servare,
943 2280 998 2329 et
1043 2272 1178 2345 quid
1224 2274 1398 2346 magis
1439 2275 1702 2331 convenit
1728 2274 1804 2331 fa-

199 2376 326 2416 cere
355 2359 487 2416 ﬁliis
512 2361 631 2429 Dei,
661 2368 755 2417 aut
785 2370 1027 2419 evertere
1054 2370 1256 2419 cuncta
1284 2364 1598 2436 pugnando,
1623 2380 1693 2419 an
1714 2380 1805 2420 ex-

199 2461 444 2523 pugnata
463 2460 516 2509 et
536 2452 720 2509 diruta
739 2452 1044 2510 instaurare
1076 2453 1320 2527 pacando
1345 2454 1373 2510 ‘?
1402 2454 1523 2511 Non
1552 2454 1655 2511 tibi
1687 2471 1806 2527 pro-

200 2539 373 2608 derit,
414 2541 732 2614 imperator,
783 2560 1007 2601 enorme
1040 2545 1253 2616 pondus
1296 2544 1437 2612 auri,
1489 2559 1666 2616 neque
1701 2545 1805 2600 ele-

200 2627 559 2700 phantomm,
605 2649 743 2704 quos
789 2633 1065 2687 sustulisti
1114 2632 1258 2697 aliis,
1308 2631 1608 2687 multitudo
1650 2649 1662 2688 :
1711 2633 1805 2689 sed

198 2717 324 2774 haec
352 2736 463 2774 vox
494 2736 632 2783 mea,
677 2728 730 2775 et
768 2720 813 2775 is
862 2737 1017 2775 meus
1054 2736 1255 2775 sermo.
1290 2720 1371 2774 Tu
1418 2736 1550 2775 vero
1587 2720 1802 2777 etiamsi

198 2823 294 2861 me
338 2807 647 2862 interﬁcere
677 2808 936 2876 volueris,
977 2823 1092 2863 non
1141 2807 1367 2876 timebo,
1420 2807 1511 2863 ibo
1540 2809 1690 2863 enim
1736 2809 1804 2865 ad

199 2898 381 2953 Deum
411 2896 595 2964 citius,
628 2895 721 2968 qui
761 2903 815 2952 et
842 2912 1061 2952 causam
1103 2905 1161 2953 et
1204 2896 1377 2953 vitam
1415 2912 1591 2952 meam
1622 2898 1799 2954 novit.

200 2982 357 3039 Nihil
386 2990 467 3038 est
491 2983 637 3056 quod
666 2986 841 3040 Deum
872 2985 1040 3040 latere
1086 2983 1276 3056 possit,
1309 2984 1467 3057 cujus
1498 2987 1644 3042 oculi
1676 2995 1805 3044 sunt

201 3088 399 3127 omnes
427 3073 618 3142 stellae,
651 3075 753 3142 sol,
786 3083 840 3131 et
886 3075 1037 3143 luna,
1078 3090 1200 3146 quae
1248 3075 1436 3131 omnia
1479 3084 1539 3132 tu
1568 3076 1803 3148 effugere

203 3178 320 3218 non
359 3169 533 3235 potes,
568 3179 743 3236 neque
777 3163 836 3219 in
871 3172 924 3220 te
948 3162 1222 3235 judicium
1253 3164 1370 3236 ejus
1399 3165 1647 3222 evadere.
1678 3166 1803 3223 Noli

204 3251 378 3324 igitur
406 3261 468 3309 tu
497 3253 926 3327 destruerequaa
957 3255 1052 3311 ille
1082 3256 1394 3312 construxit
1428 3275 1439 3312 :
1475 3256 1589 3312 noli
1621 3264 1681 3311 tu
1710 3274 1801 3312 cu-
1840 3287 1880 3346 Β

200 3357 330 3413 pere
367 3341 631 3414 dissipare
660 3360 720 3399 ea
750 3360 870 3415 quae
897 3344 1012 3412 ille,
1037 3344 1129 3415 qui
1162 3360 1223 3399 ea
1251 3344 1402 3412 fecit,
1436 3362 1630 3401 ornare
1663 3346 1802 3402 desi-

198 3430 361 3487 derat
409 3448 421 3486 :
462 3432 577 3487 noli
612 3432 900 3488 immolare
928 3433 1249 3505 sanguinem
1281 3434 1590 3503 civitatum,
1626 3451 1801 3508 neque

199 3519 437 3576 transire
462 3538 625 3593 supra
658 3523 902 3595 gentium
935 3531 1275 3578 mortuarum
1303 3523 1584 3579 cadavera.
1618 3524 1800 3596 Longe

196 3608 349 3665 enim
376 3618 579 3666 rectius
608 3611 800 3667 feceris
829 3611 875 3667 si
906 3619 1057 3667 tuam
1090 3613 1373 3669 curaveris
1400 3612 1595 3681 vitam,
1635 3629 1798 3686 quam

195 3700 243 3756 si
275 3701 511 3757 alienam
541 3701 941 3758 desideraveris
977 3712 1208 3759 mortem
1246 3711 1337 3759 :et
1365 3704 1434 3772 si,
1467 3705 1800 3776 contemptis

194 3792 268 3850 iis
288 3808 409 3865 quae
434 3792 778 3865 prosequeris
815 3792 1051 3861 damnis,
1085 3809 1214 3849 vera
1242 3793 1467 3866 elegeris
1496 3794 1665 3851 lucra.
1691 3794 1801 3852 Cur

192 3899 324 3940 cum
360 3899 525 3938 unam
556 3886 895 3957 persequeris
923 3884 1185 3953 animam,
1236 3892 1317 3941 tot
1358 3885 1525 3940 simul
1575 3886 1662 3942 vis
1707 3901 1800 3941 ex-

194 3972 478 4043 stinguere
531 3972 781 4029 nationes
811 3974 838 4029 ‘2
868 3973 1013 4041 Quid
1058 3974 1348 4031 delectaris
1396 3975 1568 4032 totius
1613 3973 1799 4031 saeculi

193 4062 360 4118 malis
387 4061 415 4118 ‘I
444 4061 576 4133 quid
602 4061 727 4117 aliis
756 4062 1035 4131 flentibus,
1069 4063 1214 4120 rides
1245 4064 1273 4120 ἲ
1302 4065 1416 4121 Hoc
1445 4064 1564 4137 ipso
1593 4072 1798 4133 tamen,

194 4150 348 4224 quod
379 4166 589 4206 memor
619 4152 747 4219 mei,
778 4153 873 4225 qui
895 4153 953 4207 in
974 4153 1373 4210 solitudinibus
1393 4154 1481 4210 his
1508 4156 1660 4223 vivo,
1685 4170 1800 4211 esse

193 4238 451 4308 voluisti,
493 4240 848 4313 temetipsum
879 4241 1124 4297 lucratus
1172 4259 1246 4298 es.
1294 4243 1482 4317 Neque
1528 4260 1676 4301 nunc
1706 4252 1801 4300 aut

194 4328 502 4386 certamina
532 4330 894 4401 pertimescis,
917 4339 1012 4387 aut
1042 4333 1237 4389 laedere
1266 4350 1596 4407 quemquam
1618 4336 1797 4407 cupis,

192 4427 293 4475 aut
318 4418 580 4476 virtutem
623 4429 772 4476 tuam
811 4421 870 4476 in
920 4422 1154 4478 aliorum
1200 4423 1380 4492 malis,
1431 4425 1577 4498 quod
1619 4425 1797 4482 fecisti

192 4524 431 4581 semper,
471 4526 710 4567 exerces.
762 4510 978 4583 Projice
1020 4512 1189 4584 igitur
1216 4529 1248 4567 a
1275 4530 1503 4585 corpore
1532 4521 1630 4570 tuo
1670 4516 1798 4570 vel—

193 4597 309 4653 lera
336 4598 522 4654 ovium
554 4607 918 4668 mortuarum,
952 4617 1130 4674 neque
1157 4601 1435 4659 defunctis
1464 4603 1709 4659 volueris
1739 4612 1793 4659 te

193 4686 409 4759 operire
437 4688 774 4761 tegminibus
804 4709 818 4758 ;
863 4691 1036 4763 magis
1065 4690 1213 4747 enim
1246 4692 1359 4764 ipse
1389 4708 1516 4749 cum
1546 4693 1710 4750 talem
1740 4700 1794 4749 te

196 4776 415 4846 feceris,
448 4777 766 4847 honorabis,
800 4780 931 4852 quia
960 4789 1293 4853 temperatur
1316 4782 1501 4838 anima
1529 4783 1588 4839 in
1619 4782 1795 4840 deser-

193 4866 270 4922 tis
297 4866 492 4923 vivens
521 4868 678 4925 locis.
710 4869 827 4925 Hoc
855 4869 1024 4940 igitur
1054 4870 1183 4926 vitae
1227 4880 1428 4927 nostra
1455 4873 1795 4945 propositum

194 4954 370 5026 magis
398 4955 557 5027 elige,
591 4955 750 5028 cujus
779 4956 1120 5014 beatitudine
1153 4959 1276 5031 plus
1306 4976 1470 5033 quam
1498 4960 1644 5032 apud
1672 4961 1797 5017 Ma-

193 5045 429 5103 cedones
459 5046 570 5102 frui
619 5048 842 5119 poteris.
893 5048 1000 5116 Qui
1060 5049 1283 5122 quidem
1325 5060 1381 5107 te
1426 5068 1522 5123 per
1550 5051 1796 5125 singulos

193 5144 512 5208 exspectant
540 5137 678 5205 dies,
711 5145 773 5194 ut
801 5137 1040 5210 reliqﬁas
1066 5147 1245 5196 tecum
1267 5139 1492 5197 diruant
1520 5140 1792 5210 civitates,

193 5232 250 5281 et
276 5241 617 5302 quaecunque
639 5227 699 5284 in
727 5228 862 5301 ipsis
891 5228 1168 5285 valuerint
1196 5224 1448 5287 invenire
1481 5229 1746 5303 diripiant
1780 5250 1792 5288 :

193 5331 441 5390 quosque
467 5317 527 5374 in
554 5319 808 5392 prasenti
835 5319 926 5377 die
954 5321 1163 5378 tristari
1189 5321 1430 5378 arbitror
1481 5339 1545 5380 ac
1588 5322 1791 5391 dolere,

196 5406 343 5479 quod
373 5406 678 5467 incolumes
725 5409 907 5467 adhuc
945 5410 1208 5483 quasdam
1254 5411 1481 5468 videant
1519 5412 1790 5482 nationes,

194 5499 537 5556 occasionem
567 5502 949 5560 nanciscentcs
979 5503 1348 5576 cupiditatum
1379 5520 1442 5561 ac
1473 5504 1792 5578 rapinarum

193 5605 418 5645 suarum
449 5592 833 5648 auctoritatem
861 5592 1103 5649 nominis
1128 5592 1228 5650 tui.
1262 5592 1435 5661 Quam
1473 5609 1600 5666 ergo
1629 5609 1796 5651 secu-

193 5693 309 5734 ram
340 5679 400 5735 in
426 5681 541 5737 Deo
568 5680 738 5736 vitam
770 5681 976 5754 poteris
1004 5683 1274 5752 obtinere,
1320 5689 1374 5738 et
1419 5691 1480 5739 ut
1527 5681 1629 5738 tibi
1679 5684 1795 5756 ipse

189 5766 303 5841 jam
333 5771 514 5841 vivas,
555 5772 651 5846 qui
699 5790 851 5833 nunc
896 5774 1080 5835 adhuc
1116 5776 1294 5834 multa
1340 5774 1547 5848 cogitas
1583 5790 1790 5849 rapere,

1915 2008 2174 2048 excusare
2202 2000 2257 2048 te
2288 1992 2536 2064 poteris?

1985 2082 2245 2137 Libenter
2281 2081 2398 2138 haec
2444 2089 2498 2137 et
2544 2081 2665 2137 sine
2711 2081 2827 2137 ulla
2874 2080 3161 2139 iracundia
3206 2082 3520 2140 Alexander

1915 2170 2209 2227 audiebat:
2247 2178 2363 2226 erat
2395 2170 2543 2225 enim
2584 2171 2640 2225 in
2675 2171 2945 2227 Dandami
2979 2171 3205 2244 spiritus
3230 2174 3367 2230 Dei:
3403 2173 3517 2242 sed,

1916 2261 2214 2333 instigante
2243 2260 2493 2317 daemone
2521 2263 2688 2329 malo,
2716 2262 2861 2316 inter
2890 2261 3007 2333 ipsa
3035 2262 3310 2334 principia
3337 2258 3518 2320 muta-

1914 2349 2077 2406 batur
2104 2350 2437 2407 Alexander.
2473 2349 2627 2405 Unde
2657 2349 2745 2405 his
2773 2350 3157 2423 alloquebatur
3189 2351 3519 2409 Dandamim

1917 2439 2099 2495 verbis
2134 2459 2146 2496 :
2187 2441 2313 2496 Scio
2343 2457 2471 2496 vera
2511 2449 2564 2497 te
2593 2440 2793 2507 dicere,
2827 2440 2893 2495 de
2922 2441 3117 2496 divino
3146 2442 3294 2497 enim
3325 2460 3522 2514 genere

1916 2529 2270 2599 descendens,
2304 2531 2363 2586 in
2391 2531 2478 2587 his
2508 2531 2844 2587 constitutus
2870 2548 2927 2586 es
2950 2532 3106 2600 locis,
3130 2533 3223 2588 ubi
3246 2550 3395 2590 nunc
3414 2534 3519 2591 tibi

1915 2619 2033 2675 sine
2062 2619 2175 2674 ulla
2197 2620 2467 2688 molestia,
2489 2620 2583 2675 sed
2608 2637 2734 2676 cum
2758 2621 3001 2677 maxima
3026 2622 3310 2694 voluptate
3328 2625 3519 2682 vivere

1914 2707 2066 2774 licet,
2095 2715 2148 2762 et
2179 2708 2275 2763 ubi
2319 2708 2662 2764 naturalibus
2708 2709 2926 2765 divitiis
2978 2708 3177 2767 frueris
3228 2720 3282 2769 et
3334 2715 3518 2786 quiete

1913 2812 2123 2852 secura.
2156 2798 2272 2867 Ego
2302 2813 2432 2852 vero
2468 2796 2613 2852 inter
2651 2799 2925 2854 tumultus
2963 2799 3145 2856 varios
3197 2817 3259 2859 ac
3314 2802 3519 2860 formi-

1913 2883 2073 2939 dines
2128 2885 2282 2949 vivo,
2324 2885 2702 2959 plurimosque
2749 2903 2814 2942 ex
2861 2888 2995 2959 ipsis
3042 2889 3136 2961 qui
3189 2906 3276 2947 me
3324 2901 3517 2949 custo-

1912 2973 2077 3031 diunt
2122 2975 2314 3045 timeo,
2347 2985 2401 3033 et
2434 2977 2608 3050 major
2656 2977 2793 3034 mihi
2841 2979 3167 3053 plerumque
3213 2981 3280 3039 ab
3323 2983 3518 3040 amicis

1914 3072 2095 3121 metus
2127 3082 2291 3138 quam
2319 3066 2385 3122 ab
2416 3066 2669 3123 hostibus
2699 3068 2872 3137 venit,
2905 3084 3249 3143 quorumque
3279 3073 3515 3144 amplius

1914 3154 2160 3227 quotidie
2189 3171 2352 3228 quam
2385 3157 2740 3213 inimicorum
2774 3175 3020 3215 meorum
3061 3160 3297 3217 insidias
3336 3158 3517 3234 perti-

1916 3260 2127 3301 mesco:
2182 3252 2236 3299 et
2282 3262 2458 3318 neque
2501 3247 2619 3302 sine
2651 3247 2783 3319 ipsis
2813 3246 3005 3319 degere
3034 3265 3194 3322 queo,
3228 3267 3402 3323 neque
3433 3250 3515 3307 il-

1910 3333 1978 3389 lis
2022 3351 2107 3390 me
2153 3351 2374 3406 possum
2414 3336 2634 3392 credere
2668 3353 2679 3392 :
2722 3337 2853 3393 vivo
2888 3337 3056 3408 igitur
3085 3339 3143 3394 in
3173 3339 3509 3409 afﬂictione;

1911 3441 2046 3497 quos
2076 3424 2223 3480 enim
2264 3442 2477 3494 vereor,
2521 3442 2709 3482 eorum
2757 3427 3162 3498 constipatione
3204 3430 3511 3489 custodior.

1909 3520 2115 3577 Diebus
2142 3521 2364 3595 quidem
2396 3523 2528 3578 totis
2557 3522 2735 3578 varias
2763 3532 2948 3595 gentes
2977 3540 3275 3598 prosequor
3320 3542 3381 3583 ac
3418 3526 3513 3583 fa-

1910 3609 2045 3681 tigo,
2078 3611 2333 3668 noctibus
2376 3628 2502 3667 vero
2532 3602 2619 3668 me
2648 3629 2874 3669 somnus
2918 3614 3103 3669 turbat
3131 3631 3194 3670 ac
3222 3623 3407 3684 vexat,
3442 3632 3510 3673 ne

1910 3699 2034 3772 quis
2064 3699 2120 3755 in
2152 3715 2236 3755 me
2266 3700 2583 3772 inopinatus
2613 3701 2787 3758 hostis
2819 3703 3086 3775 impetum
3123 3703 3290 3760 faciat
3327 3722 3339 3760 :
3374 3713 3428 3761 et
3461 3704 3509 3761 si

1909 3790 2161 3846 occidero
2203 3807 2339 3863 quos
2379 3792 2640 3860 formido,
2685 3794 2860 3850 tristis
2905 3794 3148 3862 efﬁcior;
3194 3795 3242 3851 si
3288 3813 3508 3853 rursum

1910 3880 2049 3936 lenis
2072 3898 2136 3937 ac
2166 3882 2318 3938 mitis
2347 3883 2573 3939 voluero
2603 3900 2737 3952 esse,
2769 3893 3111 3941 contemnor.
3152 3886 3225 3941 Et
3250 3886 3509 3958 quemad-

1909 3969 2137 4025 modum
2165 3987 2196 4027 a
2222 3970 2391 4027 tantis
2421 3988 2603 4028 rerum
2634 3974 2891 4045 periculis
2919 3991 3005 4030 me
3028 3974 3259 4047 eripiam
3289 3974 3506 4046 ignoro.

1907 4058 2041 4114 Nam
2074 4067 2128 4115 et
2156 4058 2203 4115 si
2233 4060 2460 4117 voluero
2492 4059 2550 4115 in
2580 4061 2667 4117 his
2693 4062 2944 4131 desertis,
2973 4063 3031 4117 in
3063 4062 3266 4135 quibus
3296 4080 3394 4120 vos
3417 4063 3507 4120 de-

1909 4149 2057 4220 gitis,
2097 4151 2306 4220 vivere,
2335 4150 2393 4206 id
2425 4151 2561 4206 mihi
2609 4152 2828 4224 penitus
2878 4169 2989 4208 non
3037 4153 3224 4209 licebit
3259 4154 3329 4211 ob
3359 4154 3509 4228 quod

1909 4239 2052 4311 apud
2081 4243 2257 4297 Deum
2285 4256 2433 4298 nunc
2462 4258 2725 4298 excusare
2745 4258 2832 4296 me
2859 4258 3102 4313 possum,
3127 4243 3258 4315 quia
3282 4244 3395 4315 ipse
3422 4260 3509 4300 me

1907 4326 1967 4382 in
1992 4326 2312 4399 hujusmodi
2342 4328 2471 4384 vitae
2501 4336 2667 4396 statu,
2699 4337 2751 4383 et
2783 4329 2840 4384 in
2869 4329 2966 4385 tali
2997 4327 3191 4385 ordine
3212 4329 3502 4388 hominum

1907 4416 2218 4473 collocavit.
2252 4417 2334 4472 Tu
2365 4433 2496 4472 vero
2516 4434 2615 4489 pro
2644 4417 2767 4474 istis
2797 4434 2932 4489 quas
2960 4434 3058 4488 ego
3087 4417 3503 4491 fudiquerelis,

1907 4505 2034 4578 quia
2079 4522 2165 4561 me
2209 4522 2306 4583 per
2334 4506 2521 4562 omnia
2566 4505 2843 4572 recreasti,
2889 4522 2952 4564 ac
2999 4521 3191 4562 sensus
3224 4506 3505 4581 paulisper

1909 4616 2058 4656 meos
2083 4616 2115 4656 a
2141 4599 2646 4657 conﬂictationibus
2689 4606 2743 4654 et
2790 4599 2997 4671 praeliis
3036 4599 3281 4657 liberasti
3315 4618 3327 4657 :
3360 4601 3506 4658 dona

1906 4707 2024 4747 mea
2048 4691 2280 4762 suscipe,
2314 4706 2490 4763 neque
2520 4707 2581 4746 ea
2608 4707 2728 4763 quae
2757 4689 2860 4746 tibi
2892 4691 3082 4759 offero,
3116 4691 3176 4747 in
3206 4700 3506 4750 contume—

1906 4784 2036 4839 liam
2070 4783 2177 4839 mei
2208 4782 2450 4839 volueris
2479 4799 2748 4839 recusare.
2787 4784 2927 4839 Mihi
2960 4785 3131 4853 enim,
3154 4785 3378 4860 quando
3407 4804 3504 4844 sa-

1905 4872 2167 4945 pientiam
2194 4871 2462 4928 honorare
2490 4871 2694 4941 fecisti,
2734 4888 2847 4929 non
2892 4873 3174 4930 modicum
3219 4873 3499 4947 profuisti.

1906 4962 2111 5035 Hisque
2139 4961 2334 5029 ﬁnitis,
2369 4960 2554 5017 innuit
2580 4961 2755 5018 servis
2800 4963 3118 5020 Alexander
3167 4973 3230 5022 ut
3274 4982 3503 5022 munera

1904 5069 2025 5125 quae
2071 5050 2457 5124 spoponderat,
2493 5050 2840 5108 exhiberent.
2873 5052 2978 5121 Qui
2998 5069 3131 5109 mox
3161 5053 3282 5110 auri
3309 5070 3496 5127 argen-

1905 5141 2056 5214 tique
2083 5140 2321 5213 optimas
2347 5140 2574 5213 species,
2607 5140 2962 5215 diversasque
2992 5150 3174 5199 vestes
3222 5159 3349 5199 cum
3379 5144 3501 5200 oleo

1902 5248 1965 5287 ac
1996 5231 2231 5303 panibus
2257 5230 2598 5287 obtulerunt.
2627 5230 2839 5299 Quibus
2871 5231 3004 5288 visis
3031 5232 3333 5292 Dandamis
3354 5234 3497 5304 risit,

1904 5321 2010 5378 hoc
2035 5320 2225 5379 dicens
2260 5339 2273 5378 :
2316 5320 2601 5395 Numquid
2638 5321 2866 5378 suadere
2910 5320 3108 5378 avibus
3154 5322 3278 5380 istis
3323 5330 3496 5395 potes,

1904 5413 1998 5487 qui
2027 5414 2087 5470 in
2113 5413 2250 5471 locis
2276 5412 2626 5471 silvestribus
2643 5413 2863 5481 vivunt,
2886 5421 2949 5471 ut
2966 5428 3163 5471 aurum
3189 5422 3500 5487 argentum-

1903 5521 2010 5578 que
2037 5504 2362 5577 suscipiant,
2387 5512 2442 5561 et
2462 5505 2661 5561 melius
2680 5520 2844 5578 quam
2875 5513 3235 5574 consuerunt,
3259 5507 3500 5564 canant?

1904 5595 2063 5665 Quod
2094 5611 2220 5652 cum
2250 5595 2370 5653 ﬁeri
2400 5596 2628 5652 omnino
2657 5611 2769 5651 non
2800 5594 2991 5668 possit,
3024 5610 3112 5652 me
3143 5594 3257 5651 illis
3273 5595 3359 5652 vis
3384 5611 3500 5653 esse

1902 5685 2142 5758 pejorem
2166 5686 2194 5741 ?
2223 5685 2335 5745 Cur
2363 5685 2503 5741 illud
2530 5684 2816 5757 accipiam,
2841 5683 2989 5758 quod
3020 5700 3198 5758 neque
3219 5685 3307 5743 edi
3333 5702 3365 5741 a
3384 5701 3493 5754 me,

1902 5791 2078 5851 neque
2097 5774 2272 5851 potari
2304 5775 2526 5851 potest?
2556 5776 2667 5834 Cur
2692 5775 2958 5851 accipiam
2977 5774 3125 5851 quod
3157 5773 3295 5832 mihi
3317 5773 3491 5837 nulla-
