3940 6380
462 448 600 505 1179

1455 451 1551 506 AD
1592 450 1825 507 OPERA
1865 449 1919 506 S.
1963 447 2299 507 AMBROSII
2335 449 2716 507 APPENDIX.

3618 450 3760 509 1180

435 571 616 633 tenus
643 575 862 650 prosit?
907 581 1018 634 Aut
1047 593 1208 650 quam
1241 575 1310 633 ob
1341 593 1455 633 rem
1487 577 1543 634 id
1571 577 1898 646 custodiam,
1933 595 2042 651 quo
2073 582 2122 642 Α
2153 578 2396 634 cessarizn
2418 595 2527 634 non
2557 585 2684 634 sunt
2717 577 2989 648 civitates,
3013 576 3070 634 in
3091 577 3294 650 quibus
3314 578 3589 634 latronum
3614 581 3755 637 mul-

456 665 538 720 uti
562 682 847 740 nequeam,
868 666 974 723 nisi
1007 668 1145 722 forte
1175 674 1237 722 ut
1263 667 1502 723 animam
1537 684 1710 725 meam
1740 685 1834 742 per
1859 669 2044 724 omnia

456 754 681 811 liberam
706 756 1019 829 hujusmodi
1041 757 1275 813 nexibus
1298 758 1455 831 ligem
1471 758 1498 814 ?
1519 757 1629 816 Cur
1649 759 2042 832 ingenuitatem

454 841 626 914 ipsius
653 845 856 901 frustra
885 843 1020 918 jugo
1058 847 1390 919 turpissimae
1427 848 1710 903 servitutis
1747 848 1992 904 addicam
2016 849 2043 905 ?

453 933 611 1000 Quod
658 949 757 1004 ego
802 951 1084 1010 nunquam
1131 953 1353 1008 prorsus
1401 936 1655 992 eﬂiciam.
1715 937 1818 992 Sed
1867 953 2042 1009 neque

452 1037 630 1077 emere
658 1023 954 1096 quidquam
978 1026 1124 1090 volo,
1152 1026 1246 1098 qui
1285 1026 1344 1081 in
1366 1026 1759 1082 solitudinibus
1782 1025 1878 1081 ubi
1901 1025 2040 1083 nihil

454 1110 732 1182 venditur,
755 1111 905 1169 vivo.
939 1115 1165 1170 Munera
1194 1114 1331 1170 mihi
1367 1117 1532 1181 Deus,
1561 1115 1665 1172 hoc
1697 1123 1798 1183 est,
1829 1115 2058 1202 fructus.

454 1197 679 1256 istorum
715 1201 985 1269 locorum,
1018 1203 1240 1276 praebet.
1272 1203 1424 1260 Nihil
1469 1203 1613 1259 enim
1651 1221 1784 1259 auro
1824 1203 2038 1260 homini

451 1289 645 1346 vendit
688 1292 850 1361 Deus,
893 1293 988 1348 sed
1031 1291 1351 1365 sapientiam
1391 1291 1590 1349 bonam
1619 1292 1668 1349 ei
1697 1293 1791 1368 qui
1824 1294 2040 1350 noverit

450 1397 567 1436 eam
595 1383 859 1454 accipere,
892 1383 1140 1456 largitur.
1174 1384 1337 1440 Veste
1366 1385 1578 1441 velatus
1614 1402 1734 1441 sum
1769 1402 1893 1442 cum
1933 1402 2039 1458 qua

449 1490 537 1529 me
575 1477 766 1530 matris
796 1492 928 1531 meae
957 1476 1131 1532 edidit
1160 1487 1366 1551 partus.
1404 1478 1540 1535 Aere
1575 1478 1680 1535 hoc
1710 1487 1770 1534 ut
1795 1478 1918 1535 cibo
1949 1496 2036 1537 ve-

447 1578 588 1630 scor,
623 1562 859 1618 libenter
888 1564 1050 1620 video
1090 1582 1176 1622 me
1219 1568 1401 1636 talem,
1446 1567 1576 1623 dum
1625 1569 1794 1623 nullis
1841 1585 2037 1641 corpus

445 1669 628 1708 meum
659 1653 897 1710 nexibus
926 1671 1093 1728 gravo
1123 1674 1134 1712 :
1171 1657 1432 1730 omnique
1465 1657 1604 1714 mihi
1632 1660 1793 1714 melle
1821 1658 2037 1716 dulcior

443 1748 546 1810 est,
579 1742 674 1798 ubi
705 1744 973 1801 naturalis
1007 1745 1222 1802 venerit
1249 1745 1390 1815 sitis,
1438 1765 1591 1820 aquae
1631 1755 1792 1820 potus
1821 1765 1889 1804 ex
1920 1749 2036 1806 ﬂu~

443 1827 558 1885 vio.
589 1829 647 1884 Si
675 1837 859 1887 autem
889 1841 945 1888 et
981 1849 1146 1906 panes
1193 1834 1326 1889 istos
1369 1833 1516 1891 dices
1559 1835 1757 1892 habere
1794 1837 2032 1910 aliquam

440 1917 805 1990 voluptatem,
835 1937 934 1977 cur
971 1937 1062 1977 eos
1110 1921 1404 1978 incendisti
1443 1923 1679 1980 ﬂammis
1698 1926 1726 1981 ?
1756 1926 2034 2000 Reliquias
2062 1945 2107 2005 Β

439 2021 538 2079 ego
568 2005 710 2080 ignis
739 2025 915 2066 escam
946 2009 1122 2067 facere
1147 2027 1323 2068 meam
1356 2013 1524 2082 nolo;
1571 2030 1745 2087 neque
1774 2016 1832 2071 in
1880 2017 2032 2074 cibos

438 2104 758 2153 convertere
787 2113 937 2156 meos
966 2099 1131 2172 cupio
1170 2101 1316 2173 quod
1347 2101 1414 2157 de
1451 2102 1631 2158 alieno
1661 2120 1753 2159 ore
1784 2107 2032 2162 sustule-

438 2185 566 2244 rim.
598 2187 708 2244 Hos
735 2205 864 2261 ergo
894 2206 1060 2262 panes
1095 2191 1209 2264 ipse
1239 2191 1334 2264 qui
1363 2192 1516 2248 coxit
1566 2193 1709 2266 ignis
1755 2196 2026 2254 absumat.

438 2275 543 2334 Sed
571 2293 640 2334 ne
668 2277 908 2352 aliquam
938 2279 1064 2346 tibi,
1098 2279 1193 2353 qui
1228 2281 1552 2352 sapientiam
1583 2283 1838 2354 honoras,
1870 2286 2030 2358 inju-

438 2365 578 2421 riam
622 2383 653 2422 a
691 2383 777 2423 me
827 2367 1064 2424 aestimes
1111 2369 1363 2441 irrogari,
1412 2371 1594 2426 oleum
1645 2376 2028 2432 tantummodo

435 2453 584 2512 istud
615 2456 843 2529 accipio.
877 2456 1007 2524 Quae
1060 2456 1156 2512 ubi
1206 2457 1504 2515 Dandamis
1550 2459 1714 2530 dixit,
1763 2465 2028 2522 continuo

435 2545 696 2615 surrexit,
744 2563 807 2603 ac
847 2546 1044 2603 silvam
1093 2562 1404 2622 peragrans,
1453 2561 1506 2608 et
1545 2553 1808 2625 colligens
1858 2555 2024 2626 ligna,

435 2636 634 2690 molem
657 2651 726 2691 ex
755 2634 825 2691 iis
845 2636 1137 2692 maximam
1163 2639 1313 2705 fecit,
1339 2656 1501 2712 quam
1522 2641 1646 2715 igne
1668 2644 2023 2714 succendens,

434 2722 522 2779 his
548 2725 762 2781 locutus
793 2732 874 2782 est
899 2725 1080 2782 verbis
1110 2745 1122 2783 :
1166 2727 1559 2799 Brachmanus,
1602 2731 1803 2804 inquit,
1840 2733 2026 2788 omnia

432 2811 616 2881 habet,
647 2821 700 2868 et
729 2812 944 2870 abunde
969 2831 1038 2871 ex
1068 2816 1346 2884 omnibus,
1366 2826 1428 2874 ut
1455 2819 1629 2890 cupit,
1656 2819 1912 2892 pascitur.
1939 2823 2023 2877 In-

430 2902 661 2976 fusoque
691 2905 810 2960 oleo
843 2922 992 2970 mox,
1027 2922 1270 2980 pyraque
1299 2908 1652 2964 vehementer
1679 2910 1925 2976 incensa,
1948 2920 2025 2968 ta-

429 2993 536 3049 lem
561 2994 760 3050 cecinit
785 2993 1054 3068 hymnum
1074 2998 1187 3053 Deo
1216 3015 1228 3052 :
1258 2999 1612 3067 Immortalis,
1628 3000 1831 3075 inquit,
1855 3003 2021 3072 Deus,

428 3081 529 3138 tibi
557 3099 654 3155 ego
681 3083 738 3138 in
769 3085 1029 3140 omnibus
1055 3086 1254 3157 gratias
1273 3103 1392 3157 ago.
1427 3088 1557 3154 Qum
1587 3089 1682 3144 ubi
1711 3091 2024 3149 Alexander

430 3170 592 3238 vidit,
624 3172 905 3241 abscessit,
939 3181 1137 3230 cuncta
1165 3191 1369 3244 secum,
1404 3185 1599 3249 praeter
1648 3179 1852 3248 oleum,
1901 3198 2020 3255 quae

428 3258 781 3330 exhibuerat,
803 3271 1108 3333 reportans,
1139 3281 1485 3337 summopere
1513 3275 1757 3338 stupens.
1789 3270 2018 3327 Danda-

427 3348 536 3405 mis
555 3365 685 3407 vero
705 3349 811 3406 hoc
829 3351 992 3407 etiam
1020 3353 1368 3410 sermonibus
1395 3355 1509 3411 suis
1537 3356 1774 3426 addidit,
1805 3358 2011 3417 dicens:

425 3440 580 3496 Tales
623 3440 867 3496 universi
915 3458 1016 3498 nos
1054 3457 1264 3499 sumus.
1309 3444 1544 3501 Calanus
1582 3462 1711 3501 vero
1753 3449 2019 3518 pessimus

426 3529 513 3585 vir
532 3528 812 3600 judicatus
827 3542 909 3588 est
928 3548 960 3586 a
981 3531 1159 3599 nobis,
1184 3548 1247 3588 eo
1277 3533 1423 3605 quod
1448 3541 1641 3590 vestra:
1670 3552 1727 3591 se
1761 3536 2020 3594 exhibuit

424 3619 751 3690 praesentiae,
786 3629 840 3676 et
877 3629 1119 3677 nostram
1152 3638 1262 3677 non
1294 3622 1542 3679 imitatus
1580 3633 1662 3679 est
1704 3625 1912 3682 vitam:
1964 3635 2018 3683 et

423 3708 552 3781 quia
577 3725 702 3765 cum
730 3717 942 3766 amator
968 3711 1065 3768 Dei
1091 3729 1206 3768 esse
1230 3729 1341 3768 non
1372 3721 1572 3784 posset,
1604 3714 1747 3786 fugit
1773 3733 1804 3771 a
1834 3716 2014 3785 nobis,

421 3805 474 3853 et
503 3797 760 3870 migravit
798 3800 866 3856 ad
895 3801 1132 3870 Graecos,
1171 3801 1611 3875 contemptisque
1639 3804 1885 3861 moribus
1921 3823 2017 3862 no-

417 3887 566 3956 stris,
600 3905 656 3944 se
690 3888 867 3962 ipsum
895 3888 1182 3946 damnavit
1211 3891 1619 3947 immortalibus
1644 3892 1899 3949 ﬂammis.
1933 3895 2016 3951 Tu

422 3990 550 4032 vero
570 3977 928 4035 Macedonum
953 3980 1107 4035 malae
1137 3980 1314 4051 gentis
1331 3979 1617 4036 dominum
1641 3997 1756 4038 esse
1777 3991 1830 4039 te
1851 3983 2010 4053 dicis,

416 4064 789 4123 Brachmanos
818 4067 1117 4138 vituperas,
1141 4077 1195 4126 et
1214 4069 1455 4126 interﬁci
1477 4086 1667 4126 omnes
1681 4071 1860 4142 jubes,
1886 4089 2015 4128 cre-

415 4152 550 4209 dens
577 4171 767 4211 eorum
795 4157 1152 4214 mendacibus
1179 4159 1380 4226 verbis,
1413 4162 1560 4233 quod
1589 4161 1796 4216 bonum
1829 4161 2010 4216 virum

416 4241 594 4297 facere
625 4258 736 4296 non
765 4251 1000 4315 oportet.
1031 4245 1141 4301 Nos
1167 4261 1300 4301 vero
1333 4247 1601 4303 rationem
1625 4247 1753 4303 vitae
1778 4248 2013 4319 propriae

415 4330 528 4386 Deo
560 4328 820 4386 novimus
848 4329 1161 4387 reddituros
1186 4341 1339 4401 tunc,
1362 4351 1488 4390 cum
1506 4335 1572 4391 ad
1595 4351 1718 4392 eum
1745 4336 2012 4394 fuerimus

416 4417 667 4490 profecti.
703 4418 906 4477 Omnes
930 4421 1076 4476 enim
1108 4421 1283 4493 ipsius
1310 4439 1518 4492 sumus,
1551 4425 1783 4496 gloriam
1812 4442 2010 4483 vanam

416 4508 842 4579 contemnimus,
866 4510 1008 4582 quod
1028 4510 1181 4567 stulti
1205 4511 1382 4568 facere
1397 4527 1507 4567 non
1528 4522 1773 4584 possunt.
1798 4514 2011 4582 Quem-

415 4595 712 4654 admodum
743 4616 842 4655 vos
890 4600 1122 4656 transire
1167 4601 1235 4656 ad
1281 4602 1732 4658 consuetudinem
1764 4613 2003 4661 nostram

416 4687 629 4752 valetis,
664 4690 759 4761 qui
788 4697 900 4746 tam
927 4692 1068 4747 male
1101 4691 1310 4763 vivitis,
1327 4701 1380 4750 et
1409 4694 1503 4766 qui
1532 4711 1744 4766 semper
1773 4696 1869 4751 illa
1889 4713 2009 4769 quae

415 4779 560 4836 bona
596 4789 744 4850 sunt,
776 4781 919 4838 datis
959 4781 1276 4841 oblivioni?
1320 4785 1430 4842 Nos
1477 4802 1609 4842 vero
1657 4785 2006 4857 Brachmani,

416 4885 684 4926 memores
714 4870 1176 4943 quemadmodum
1207 4874 1474 4946 procreati
1502 4874 1800 4948 aliquando
1830 4876 2010 4932 fueri-

417 4975 560 5028 mus,
594 4965 648 5014 et
678 4959 928 5018 videntes
967 4970 1187 5034 propter
1221 4978 1341 5036 quae
1371 4963 1559 5020 vivere
1582 4963 1900 5034 debeamus,
1931 4966 2006 5022 ir-

415 5047 901 5121 reprebensibilem
944 5050 1169 5106 vivendi
1224 5068 1444 5108 cursum
1495 5061 1764 5122 tenemus,
1810 5070 2006 5110 unum-

415 5153 686 5212 quemque
715 5139 863 5194 enim
894 5141 1039 5196 Deus
1074 5149 1224 5197 certo
1253 5141 1520 5214 propositi
1549 5141 1687 5214 ejus,
1719 5143 1807 5199 cui
1840 5142 2006 5214 depu-

416 5235 560 5285 tatus
588 5235 688 5296 est,
720 5227 829 5284 ﬁne
855 5227 1137 5286 formavit.
1177 5230 1453 5286 Laetamur
1500 5230 1556 5286 in
1591 5231 1821 5289 desertis
1847 5233 2001 5300 locis,

414 5325 468 5374 et
497 5317 555 5372 in
587 5317 784 5373 mediis
810 5317 967 5374 silvis
995 5319 1263 5388 sedentes,
1294 5327 1348 5375 et
1377 5319 1436 5375 in
1466 5319 1554 5376 his
1579 5327 1797 5376 tantum
1835 5323 2002 5378 sensi-

414 5405 517 5462 bus
542 5406 743 5463 nostris
777 5407 1027 5481 occupati
1066 5424 1275 5477 sumus,
1319 5425 1388 5465 ne
1435 5425 1677 5481 unquam
1725 5426 2004 5469 sermones

415 5493 704 5550 hominum
726 5496 936 5552 animas
955 5504 1168 5554 nostras
1187 5496 1254 5553 ab
1275 5497 1544 5553 institutis
1558 5498 1761 5555 talibus
1786 5501 2004 5557 valeant

415 5606 682 5662 separare.
715 5591 912 5648 Beatus
942 5601 1021 5650 est
1051 5594 1144 5650 ille
1174 5595 1268 5669 qui
1307 5595 1516 5652 nullius
1544 5595 1772 5668 indiget,
1826 5605 1879 5653 et
1907 5597 2002 5672 qui

415 5697 527 5739 non
551 5679 783 5737 alienam
823 5684 1051 5758 gloriam
1082 5687 1254 5759 cupit,
1287 5694 1340 5743 et
1371 5688 1462 5760 qui
1492 5689 1704 5760 placere
1744 5691 1866 5746 vult
1891 5707 2004 5745 om-

417 5769 603 5841 nibus,
634 5786 850 5828 necesse
874 5781 954 5829 est
981 5782 1043 5830 ut
1071 5774 1142 5832 sit
1170 5776 1418 5832 omnium
1450 5794 1658 5837 servus.
1707 5779 1875 5836 Nobis
1913 5797 2003 5838 ne-

2043 4657 2090 4714 D

2151 667 2332 724 titudo
2361 667 2642 741 colligitur
2673 684 2686 724 :
2721 683 2943 740 magnas
2967 684 3099 722 vero
3127 666 3318 724 domos
3347 667 3508 724 nobis
3529 677 3753 727 exstru-

2151 757 2236 812 xit
2265 760 2427 822 Deus,
2457 773 2520 813 ac
2549 757 2822 828 praestitit,
2855 764 3066 812 montes
3088 755 3309 829 pariter,
3340 773 3404 814 ac
3431 757 3600 814 silvas
3633 777 3646 814 :
3683 775 3755 815 ex

2152 845 2351 918 quibus
2372 846 2646 918 simplices
2677 846 2949 901 sumimus
2977 846 3207 914 fructus,
3241 852 3296 901 et
3323 862 3472 918 puras
3492 845 3638 903 dona
3659 865 3753 904 na-

2152 941 2286 990 tura;
2319 951 2484 1008 aquas
2513 934 2758 990 bibimus
2792 952 2802 990 :
2837 935 3182 1008 libenterque
3211 936 3578 1008 nosmetipsos
3613 938 3757 994 reﬁ-

2150 1023 2354 1079 cientes
2383 1031 2503 1096 post
2533 1022 2793 1092 laborem,
2819 1023 2887 1079 iis
2913 1023 3063 1080 foliis
3091 1024 3433 1082 incubamus.
3457 1025 3754 1094 Quomodo

2150 1112 2374 1184 potestis
2400 1112 2652 1184 ingenuis
2701 1112 3020 1169 hominibus
3064 1113 3352 1186 imperare,
3403 1132 3528 1172 cum
3561 1116 3755 1174 sciatis

2150 1217 2246 1257 vos
2276 1201 2332 1256 in
2353 1210 2617 1274 potestate
2647 1203 2944 1258 multorum
2968 1219 3082 1260 esse
3109 1204 3136 1259 ?
3166 1204 3278 1260 Vos
3298 1204 3445 1260 enim
3467 1207 3668 1262 vestris
3688 1207 3751 1263 in

2148 1289 2405 1346 omnibus
2427 1292 2986 1372 quae'concupiscunt,
3019 1293 3242 1349 servitis
3270 1293 3578 1351 animabus.
3601 1296 3747 1351 Nam

2147 1380 2428 1436 si.multas
2459 1380 2657 1436 habere
2685 1389 2862 1437 vestes
2901 1382 3246 1451 desideratis,
3290 1399 3404 1439 non
3448 1392 3510 1440 ut
3539 1401 3750 1458 paucos

2147 1486 2331 1542 greges
2359 1471 2547 1527 ovium
2579 1472 2830 1543 pascatis,
2855 1489 2966 1528 non
2998 1480 3060 1528 ut
3087 1488 3288 1543 paucos
3318 1473 3412 1546 qui
3443 1474 3585 1546 ipsas
3614 1483 3749 1532 ton-

2145 1561 2308 1616 deant
2341 1576 2490 1629 oves,
2520 1568 2572 1616 et
2597 1577 2628 1616 a
2657 1561 2860 1634 quibus
2896 1562 3024 1633 ipsae
3071 1561 3208 1617 lanae,
3242 1562 3581 1633 intexantur,
3632 1581 3749 1621 ne-

2144 1667 2291 1707 cesse
2323 1651 2536 1708 habetis
2578 1651 2834 1708 artiﬁces.
2866 1651 3009 1718 Quid
3043 1652 3344 1708 excusaris
3367 1653 3514 1725 quod
3549 1655 3750 1712 mollia

2143 1741 2471 1798 vestimenta
2495 1759 2607 1798 non
2641 1741 2840 1798 habeas
2867 1741 2895 1798 ?
2921 1741 3174 1814 IEqualis
3200 1741 3346 1798 enim
3368 1741 3605 1800 servitus
3625 1761 3747 1801 esse

2142 1828 2404 1900 probatur
2431 1830 2488 1886 in
2519 1830 2827 1887 minoribus
2851 1838 2904 1886 et
2939 1829 3240 1902 majoribus
3267 1829 3450 1887 rebus.
3475 1832 3611 1888 Nam
3643 1834 3746 1906 qui

2143 1918 2402 1991 exiguum
2435 1919 2667 1976 miratur
2693 1936 2909 1988 aurum,
2943 1926 2996 1975 et
3024 1921 3261 1976 multum
3290 1920 3662 1979 desiderabit:
3686 1932 3748 1981 et

2140 2007 2235 2079 qui
2263 2025 2443 2081 parvae
2471 2009 2714 2065 civitatis
2730 2009 2896 2065 fuerit
2917 2009 3230 2082 imperator,
3255 2017 3309 2065 et
3329 2009 3522 2083 majori
3553 2012 3746 2086 cupiet

2141 2099 2426 2170 imperare.
2459 2099 2727 2155 Praeterea
2755 2098 2922 2156 etiam
2965 2117 3032 2156 ex
3069 2102 3285 2159 modica
3313 2111 3588 2175 perpetuae
3613 2121 3744 2177 por-

2138 2186 2309 2257 tione,
2343 2205 2462 2260 quae
2493 2189 2551 2244 in
2583 2189 2784 2246 vestris
2813 2190 3061 2262 splendet
3099 2191 3364 2261 vestibus,
3392 2193 3688 2266 superbitis
3725 2211 3741 2252 :

2137 2283 2191 2330 et
2217 2293 2342 2333 cum
2374 2277 2572 2333 vestris
2598 2278 2821 2334 famulis
2849 2279 3058 2338 fuerint
3087 2279 3410 2338 indumenta
3437 2299 3740 2355 purpurea,

2136 2380 2235 2420 vos
2262 2364 2553 2435 pulchrius
2593 2381 2708 2420 esse
2737 2366 2947 2438 aliquid
2977 2368 3375 2438 existimantes,
3417 2380 3599 2428 vestra
3631 2389 3747 2429 co-

2137 2453 2251 2508 lore
2291 2454 2463 2507 altero
2502 2453 2788 2523 splendere
2835 2455 3058 2510 curatis.
3107 2457 3162 2510 Si
3211 2467 3390 2513 autem
3432 2459 3538 2516 hoc
3587 2463 3746 2534 apud

2135 2558 2234 2597 vos
2260 2541 2464 2596 bonum
2497 2556 2606 2596 non
2636 2540 2881 2610 videtur,
2925 2558 3189 2614 pauperes
3209 2543 3565 2614 judicamini,
3597 2550 3749 2607 dum

2133 2644 2301 2702 parva
2343 2629 2642 2685 miramini.
2686 2631 2966 2686 Animalia
3021 2631 3258 2688 libenter
3306 2634 3564 2691 occiditis
3607 2654 3748 2708 quin

2132 2726 2277 2774 terra
2304 2719 2641 2792 progenuit:
2675 2735 2795 2792 quae
2841 2728 3023 2776 tamen
3068 2721 3172 2793 ipsi
3221 2722 3524 2794 plurimum
3568 2725 3745 2785 vobis

2132 2798 2387 2880 prodesse
2416 2808 2746 2881 cognoscitis
2769 2826 2783 2876 ;
2816 2808 3064 2881 quaedam
3087 2809 3234 2865 enim
3257 2827 3326 2865 ex
3346 2811 3480 2882 ipsis
3499 2813 3742 2871 tonden-

2131 2907 2241 2966 tur,
2273 2898 2380 2952 alia
2413 2898 2730 2969 mulgentur
2762 2914 2774 2952 :
2801 2913 2926 2953 cum
2955 2896 3282 2969 quibusdam
3302 2915 3490 2971 agrum
3524 2903 3740 2973 colitis,

2131 3003 2254 3042 cum
2289 2985 2414 3040 aliis
2442 2985 2723 3042 dimicatis
2756 3003 2768 3042 :
2805 3001 3040 3058 quorum
3064 2993 3250 3058 postea
3273 3003 3338 3042 eo
3370 2989 3519 3059 quod
3544 2989 3739 3048 fundi-

2130 3075 2201 3131 tis
2221 3091 2492 3142 cruorem,
2526 3073 2792 3147 gaudetis,
2821 3074 3095 3147 talemque
3117 3075 3418 3132 mercedem
3439 3077 3738 3152 ipsis,qua

2130 3163 2388 3236 perutilia
2421 3163 2578 3220 vobis
2607 3163 2834 3231 fuerint,
2868 3163 3099 3220 redditis
3146 3164 3325 3220 vicem
3365 3182 3377 3221 :
3412 3173 3467 3222 et
3490 3183 3737 3239 quorum

2129 3255 2334 3310 vellera
2352 3270 2451 3310 vos
2470 3253 2811 3309 extrinsecus
2836 3253 3040 3320 velant,
3073 3253 3393 3310 eorumdem
3415 3272 3514 3312 vos
3533 3273 3738 3316 carnes

2129 3343 2461 3399 intrinsecus
2481 3350 2729 3408 onerant,
2762 3350 2817 3397 et
2848 3341 3095 3412 incipitis
3116 3358 3232 3398 esse
3257 3358 3548 3414 corporum
3581 3362 3736 3402 mor-

2126 3444 2348 3491 tuorum
2396 3437 2646 3507 sepulcra
2675 3435 2940 3492 viventia.
2975 3436 3164 3492 Tantis
3192 3453 3320 3510 ergo
3371 3445 3590 3510 tamque
3621 3437 3734 3494 in-

2125 3525 2585 3583 convenientibus
2626 3526 2806 3594 rebus,
2840 3535 3060 3598 tamque
3089 3526 3380 3584 contrariis
3409 3543 3563 3583 mens
3590 3543 3735 3599 gra-

2126 3627 2271 3685 vata,
2295 3625 2472 3689 potest
2501 3618 2558 3673 in
2583 3634 2641 3674 se
2665 3618 2904 3690 recipere
2925 3619 3022 3674 Dei
3044 3635 3264 3675 sensum
3287 3619 3316 3676 ?
3333 3620 3561 3676 Dimitte
3579 3637 3736 3692 pau-

2126 3706 2293 3779 lisper
2314 3715 2738 3764 memoratorum
2759 3708 3081 3764 animalium
3109 3725 3320 3776 carnes,
3349 3724 3472 3781 quae
3490 3707 3730 3779 occidis,

2125 3797 2204 3852 sic
2227 3797 2426 3868 jacere,
2459 3807 2512 3854 et
2541 3796 2676 3869 quid
2707 3813 2774 3852 ex
2804 3795 2938 3868 ipsis
2987 3796 3083 3851 ﬁat
3124 3796 3389 3869 intelligo.
3438 3798 3733 3871 Numquid

2124 3887 2330 3959 poteris
2362 3887 2589 3944 fetorem
2623 3887 2863 3958 ipsarum
2896 3887 3038 3941 ferre
3064 3903 3176 3942 non
3198 3886 3413 3959 fugiens
3435 3887 3464 3943 ?
3492 3888 3736 3954 Quanta

2124 3976 2332 4041 sordes,
2357 3985 2574 4047 quantae
2607 3976 2951 4046 impuritates
2980 3974 3270 4031 animabus
3297 3983 3460 4048 atque
3479 3978 3730 4049 corpori-

2121 4064 2225 4120 bus
2255 4067 2570 4121 inferuntur
2601 4064 2881 4131 humanis,
2906 4080 3040 4136 quas
3059 4079 3184 4120 cum
3213 4063 3326 4135 ipse
3345 4065 3581 4122 tolerare
3609 4083 3729 4124 non

2123 4155 2315 4225 possis,
2350 4153 2712 4221 includuntur
2739 4152 2886 4209 intra
2922 4153 3234 4225 illos,atque
3256 4153 3733 4214 abillisinferun-

2123 4253 2230 4312 tur,
2257 4259 2288 4298 a
2312 4243 2512 4315 quibus
2540 4242 2650 4299 cibi
2679 4243 2817 4298 tales
2844 4242 3247 4299 desiderantur.
3275 4245 3480 4301 Anima
3507 4245 3733 4305 iracun-

2120 4335 2267 4391 diam
2291 4334 2450 4407 parit,
2482 4334 2586 4389 ista
2613 4343 2908 4391 concreaut
2936 4333 3212 4390 vomitum
3247 4351 3258 4389 :
3293 4342 3439 4391 terra
3457 4351 3588 4392 vero
3609 4337 3731 4396 fru-

2119 4433 2240 4482 ctus
2269 4432 2322 4480 et
2344 4424 2523 4492 ﬂores,
2557 4424 2648 4498 qui
2680 4424 2828 4480 foras
2855 4423 3072 4480 emissis
3108 4423 3268 4481 bonis
3297 4425 3562 4482 odoribus
3592 4428 3732 4498 pla-

2119 4522 2262 4570 cent.
2293 4514 2450 4569 Tales
2479 4515 2666 4584 epulas
2695 4512 2855 4569 nobis
2905 4513 3177 4584 plantavit
3213 4515 3359 4570 Deus
3407 4530 3468 4570 ac
3497 4515 3732 4586 praesti-

2122 4605 2190 4660 tit
2215 4621 2225 4658 :
2254 4605 2521 4659 humanos
2550 4619 2741 4659 sensus
2760 4620 2859 4659 vos
2878 4605 3099 4676 penitus
3119 4603 3456 4675 perdidistis.
3480 4603 3732 4676 Corpora

2123 4704 2303 4751 vestra
2340 4694 2480 4750 feras
2511 4696 2650 4750 male
2681 4694 2832 4750 olent
2863 4712 2874 4749 :
2906 4694 3247 4767 receptacula
3276 4695 3423 4752 enim
3455 4696 3586 4753 estis
3617 4712 3730 4770 pe—

2117 4784 2320 4840 cudum
2361 4793 2705 4839 mortuarum
2735 4800 2746 4838 :
2782 4783 3034 4839 leonibus
3065 4784 3317 4857 lupisque
3349 4783 3557 4856 pejores
3604 4801 3726 4842 esse

2118 4874 2378 4946 coepistis.
2411 4874 2551 4946 Lupi
2579 4873 2749 4941 enim,
2783 4874 2828 4929 si
2857 4874 2938 4929 uti
2970 4874 3202 4930 terrenis
3226 4874 3440 4947 pabulis
3466 4884 3718 4947 possent,

2116 4984 2398 5040 nunquam
2421 4967 2666 5040 profecto
2689 4966 2948 5023 carnibus
2967 4975 3337 5023 vescerentur.
3362 4967 3548 5036 Tauri,
3565 4969 3721 5043 equi,

2116 5057 2263 5114 cervi
2281 5057 2446 5130 justis
2474 5055 2767 5112 herbarum
2799 5072 2863 5128 pa
2875 5055 3050 5112 stibus
3069 5056 3289 5124 vivunt,
3313 5055 3460 5111 unde
3485 5063 3540 5112 et
3567 5058 3727 5114 vali-

2114 5145 2364 5202 dioribus
2397 5145 2677 5214 membris,
2712 5152 2766 5200 et
2795 5145 2982 5202 nervis
3010 5143 3336 5202 fortioribus
3365 5145 3720 5205 roborantur.

2114 5243 2224 5299 Cur
2251 5241 2368 5298 haec
2397 5241 2656 5298 animalia
2678 5241 2849 5314 magis
2870 5258 2981 5297 non
3011 5242 3179 5299 vultis
3199 5242 3403 5298 imitari
3425 5243 3452 5299 ‘l
3473 5242 3586 5301 Cur
3606 5262 3722 5302 non

2112 5332 2274 5388 editis
2304 5331 2598 5401 silvestria,
2632 5341 2685 5388 et
2713 5349 2908 5405 aquam
2950 5332 3144 5390 bibitis
3175 5334 3203 5388 ?
3235 5333 3341 5389 Sed
3372 5350 3534 5389 causa
3575 5335 3722 5408 ignis

2113 5423 2434 5496 hujusmodi
2464 5425 2652 5496 epulas
2697 5423 2856 5480 vobis
2899 5424 3217 5496 praeparatis
3261 5441 3397 5497 quas
3443 5442 3568 5482 cum
3606 5443 3722 5484 non

2111 5532 2226 5571 esse
2256 5514 2481 5570 cernitis
2509 5514 2709 5571 bestias
2738 5515 3013 5583 fortiores,
3049 5515 3174 5570 ideo
3221 5517 3420 5570 vestris
3450 5532 3559 5571 non
3612 5534 3723 5572 ur-

2112 5613 2312 5676 gentur
2339 5604 2560 5661 insidiis
2588 5623 2601 5673 ;
2633 5620 2732 5660 vos
2763 5605 2908 5661 enim
2940 5604 3186 5679 quaeritis
3213 5605 3362 5661 cives
3392 5605 3595 5676 plures,
3623 5623 3719 5662 ex-

2110 5709 2306 5766 pensas
2326 5693 2592 5767 plurimas
2617 5694 2818 5762 facitis,
2845 5701 2897 5749 et
2920 5693 2975 5749 in
3005 5693 3188 5766 parvis
3217 5693 3379 5750 rebus
3408 5693 3713 5766 plurimum

2114 5783 2373 5840 laboratis
2403 5790 2623 5857 propter
2653 5782 2906 5857 exiguam
2929 5784 3270 5856 voluptatem
3295 5799 3307 5839 :
3341 5781 3435 5838 ubi
3465 5781 3610 5839 nihil
3633 5793 3719 5842 est
