3940 6372
222 458 357 516 1181

1324 455 1421 513 DE
1459 454 1764 516 MORIBUS
1801 455 2410 516 BRACHMANORUM.

3404 463 3544 522 1182

223 585 332 641 nisi
363 599 554 641 eorum
597 590 783 656 aperta
813 580 1070 655 perditio,
1118 581 1175 638 in
1206 581 1408 655 quibus
1447 581 1617 639 fuerit
1664 581 1822 639 labor
1849 585 1899 644 A
1933 582 2300 640 ambulantes.
2335 583 2380 641 Ο
2409 583 2741 641 stultissimi
2773 584 3044 656 homines,
3078 587 3318 662 impletis
3346 590 3542 665 ingln—

222 693 418 732 vanus.
443 676 588 748 Ergo
609 673 752 730 nihil
776 683 858 731 est
886 681 1068 730 vestra
1091 673 1371 730 infelicius
1401 674 1533 729 vita.
1553 675 1661 731 Nos
1687 692 1824 731 nun-

221 783 387 841 quam
414 764 660 821 bibimus
689 763 876 834 inviti,
901 765 998 820 sed
1020 765 1392 820 necessarium
1419 764 1514 820 siti
1545 781 1612 820 ex
1643 764 1826 820 fonti-

223 855 326 911 bus
348 861 558 910 naturae
580 853 876 925 implemus
896 851 1138 909 ofﬁcium
1166 871 1178 920 ;
1207 853 1299 926 qui
1321 853 1484 910 etiam
1506 870 1618 909 non
1638 853 1826 910 biben-

225 944 376 1001 tibus
406 942 566 999 nobis
594 942 845 999 deﬂuunt
877 957 1128 1014 semper:
1163 959 1260 998 vos
1284 959 1416 999 vero
1445 953 1668 1015 propter
1698 961 1825 1000 ven-

225 1034 328 1090 tris
352 1034 714 1106 voluptatem,
748 1040 800 1088 et
831 1049 941 1088 non
967 1032 1272 1088 esurientes
1297 1032 1541 1105 qureritis
1563 1031 1721 1105 juges
1752 1033 1826 1091 ci-

226 1125 348 1194 bos,
381 1132 430 1180 et
449 1122 778 1196 quibusdam
807 1123 1019 1178 artibus
1045 1122 1204 1179 vobis
1232 1124 1434 1179 multas
1458 1131 1623 1196 atque
1645 1123 1826 1180 diver-
1857 1165 1864 1170 -

222 1230 313 1270 sas
355 1214 545 1286 epulas
574 1212 926 1286 praeparatis:
961 1212 1256 1268 excurritis
1285 1229 1449 1269 omne
1479 1212 1687 1268 retibus
1716 1229 1828 1268 ma-

230 1322 310 1374 re,
345 1305 401 1359 in
433 1320 555 1360 aere
584 1304 964 1372 volitantium,
999 1304 1053 1359 in
1082 1303 1365 1360 montibus
1392 1303 1690 1360 bestiarum
1721 1320 1830 1360 ve—

227 1394 454 1452 natione
483 1391 756 1466 gaudetis,
788 1389 1099 1467 canumque
1130 1401 1440 1450 vestrorum
1471 1394 1822 1451 velocitatem

226 1487 512 1554 mirantes,
544 1487 784 1542 ferarum
831 1486 1232 1559 reprehenditis
1281 1487 1618 1559 tarditatem,
1667 1496 1830 1563 atque

231 1576 590 1632 habitatrices
627 1593 716 1632 eas
770 1578 1038 1632 malarum
1093 1576 1458 1632 solitudinum
1507 1577 1827 1634 nominatis.

228 1668 361 1725 Istis
385 1666 554 1739 igitur
581 1666 743 1723 rebus
771 1665 1028 1724 insistitis
1053 1664 1171 1722 haec
1196 1666 1509 1721 animantia
1539 1665 1832 1737 investiga-

227 1775 308 1826 re,
343 1757 460 1816 haec
486 1757 814 1831 investigata
842 1757 1122 1813 festinatis
1153 1756 1424 1825 occidere,
1461 1764 1556 1814 aut
1586 1754 1833 1811 viventia

227 1848 412 1904 caveis
437 1848 621 1905 clausa
649 1846 874 1903 defertis
902 1847 970 1902 ad
1000 1847 1308 1918 spectacula
1341 1846 1633 1903 civitatum
1668 1864 1680 1902 :
1718 1863 1832 1902 non

1935 671 2024 728 vie
2079 673 2290 730 viscera
2347 682 2530 731 vestra
2595 684 2757 749 atque
2817 676 3160 746 distenditis,
3221 689 3282 736 ut
3355 679 3538 753 postea

1935 763 2134 821 iterum
2188 775 2302 823 arte
2351 767 2692 825 medicorum
2749 787 2982 842 corpora
3030 781 3210 828 vestra
3257 774 3538 844 vacuetis;

1936 855 2338 927 turpitudinem
2373 873 2471 928 per
2507 856 2630 913 haec
2660 857 2816 912 vobis
2852 858 3260 932 maximamque
3308 862 3541 934 aegritu-

1939 943 2132 999 dinem
2176 955 2502 1018 quaerentes,
2555 946 2799 1020 adeoque
2837 947 2970 1003 estis
3009 947 3213 1018 insani,
3263 957 3325 1005 ut
3367 951 3537 1024 ipsam

1937 1032 2171 1104 cupiatis
2249 1042 2490 1090 evertere
2553 1035 2650 1090 tali
2723 1037 3006 1092 curatione
3069 1047 3345 1107 naturam,
3403 1057 3522 1113 quas

1937 1123 2145 1177 nullam
2179 1124 2397 1195 penitus
2429 1124 2628 1181 sentiat
2654 1127 3028 1197 voluptatem:
3065 1127 3230 1183 ﬁnem
3274 1127 3539 1188 habentes

1937 1213 2256 1270 voracitatis
2314 1214 2623 1272 immodicae
2683 1216 3040 1288 supplicium,
3102 1235 3213 1274 non
3267 1221 3539 1291 salutem;

1937 1300 2273 1359 insatiabilia
2307 1303 2456 1359 enim
2489 1305 2733 1362 membra
2763 1307 2882 1364 ﬁeri
2922 1325 2990 1365 ex
3021 1309 3227 1367 morbis
3267 1311 3536 1369 continuo

1938 1393 2138 1460 solent,
2202 1400 2477 1450 tormenta
2527 1395 2886 1466 comitantur,
2943 1399 3021 1453 ita
3079 1406 3140 1455 ut
3195 1406 3533 1472 postremum

1941 1481 2092 1554 quod
2123 1481 2364 1538 honestae
2393 1500 2457 1540 ac
2481 1483 2663 1555 probae
2693 1485 2823 1542 vitae
2854 1503 2924 1542 ex
2953 1488 3122 1544 tantis
3151 1487 3366 1546 deliciis
3397 1507 3529 1548 con-

1941 1571 2149 1628 feratur
2177 1572 2320 1628 nihil
2355 1572 2622 1630 habeatis.
2667 1575 2771 1632 Sed
2808 1576 3018 1648 jactare
3060 1595 3159 1635 vos
3197 1579 3364 1637 audio
3412 1580 3542 1654 quia

1940 1661 2181 1734 plurima
2234 1662 2571 1734 possidetis;
2629 1664 2724 1738 qui
2771 1673 2954 1722 tamen
2999 1683 3125 1724 cum
3182 1668 3309 1725 aliis
3363 1671 3544 1728 multa

1940 1750 2176 1822 donetis,
2228 1754 2424 1811 vestris
2470 1755 2768 1812 admodum
2816 1774 2990 1829 pauca
3034 1759 3327 1831 praestatis.
3384 1761 3540 1820 Unde

1940 1859 2040 1899 vos
2095 1843 2267 1916 magis
2323 1860 2584 1917 pauperes
2636 1844 2970 1917 judicamus,
3039 1849 3168 1921 quia
3217 1865 3287 1906 ne
3343 1867 3539 1924 panem

229 1944 293 1993 ut
314 1937 497 2009 fruges
527 1937 740 2006 seralis,
772 1952 840 1992 ex
868 1936 1067 2010 quibus
1100 1935 1324 2004 famem,
1354 1952 1528 2008 neque
1546 1945 1605 1992 ut
1631 1935 1832 1992 exinde
1867 1951 1912 2010 Β
1944 1932 2163 2005 quidem
2195 1933 2373 2006 ipsum
2417 1934 2737 2007 parentibus
2774 1935 2938 2004 dalis.
2989 1936 3308 1996 innumeras
3353 1949 3536 1998 autem

229 2027 596 2084 necessarium
624 2027 849 2100 aliquod
878 2026 1125 2084 ofﬁcium
1174 2026 1495 2083 hominibus
1525 2027 1830 2100 praebeatis,

230 2116 328 2173 sed
357 2125 418 2173 ut
447 2117 763 2190 proximum
793 2134 856 2173 ac
877 2117 1162 2189 sanguinis
1190 2117 1382 2186 vestri,
1417 2125 1470 2174 et
1499 2134 1638 2190 opus
1660 2116 1833 2190 (quod

230 2217 317 2264 est
347 2206 547 2279 majus)
573 2207 693 2275 Dei,
727 2223 851 2262 cum
876 2223 1093 2264 summo
1113 2207 1377 2265 dedecore
1407 2207 1718 2276 trucidetis,
1743 2208 1831 2263 vel

232 2305 298 2352 ut
330 2297 598 2351 violenter
620 2295 860 2352 vinculis
882 2296 1152 2370 illigatum
1190 2297 1431 2353 ferarum
1462 2298 1736 2354 morsibus
1757 2297 1833 2352 in.

235 2385 438 2457 geratis
491 2386 562 2441 Et
590 2385 694 2443 hoc
724 2385 905 2459 ipsum
937 2387 1176 2444 libenter
1202 2387 1472 2461 aspicitis,
1505 2387 1652 2462 quod
1705 2403 1831 2442 cum

235 2475 558 2532 hominibus
585 2476 714 2533 ferze
738 2484 1002 2550 pugnent,
1033 2486 1087 2534 et
1115 2478 1264 2552 quod
1297 2478 1406 2534 illae
1437 2485 1646 2550 partem
1678 2486 1834 2532 natu-

237 2583 311 2622 rae
339 2573 531 2622 vestrae
561 2582 625 2623 ac
667 2565 1058 2622 similitudinis
1109 2566 1377 2623 devorent
1412 2585 1423 2622 :
1474 2573 1662 2639 postea
1704 2581 1835 2621 vero

233 2654 360 2710 illas
389 2671 612 2727 prorsus
638 2655 782 2709 feras
815 2654 1092 2723 occiditis,
1128 2662 1190 2710 ut
1218 2655 1467 2711 crudeles
1505 2654 1742 2722 easdem,
1770 2670 1835 2710 eo

238 2744 385 2817 quod
415 2743 718 2800 occiderint
744 2743 1046 2812 hominem,
1065 2760 1179 2800 esse
1205 2744 1401 2801 dicatis
1424 2762 1437 2800 :
1474 2753 1548 2814 et,
1576 2743 1723 2818 quod
1742 2743 1833 2800 ad-

243 2833 355 2888 huc
381 2831 664 2888 scelestius
694 2831 914 2887 videtur
957 2847 1019 2887 ac
1062 2831 1237 2904 pejus,
1275 2831 1518 2888 humano
1568 2834 1834 2906 sanguine

249 2921 503 2989 saturati,
556 2920 786 2976 necdum
833 2928 914 2977 tot
948 2921 1223 2994 tantisque
1272 2923 1430 2980 malis
1470 2923 1699 2996 expleti,
1730 2940 1836 2980 ve-

248 3019 486 3069 strorum
517 3011 718 3083 cupitis
744 3010 954 3069 civium
1008 3020 1228 3068 ventres
1276 3014 1505 3085 replere.
1551 3015 1639 3071 Ad
1694 3014 1830 3084 haec,

250 3111 362 3159 tam
414 3100 777 3168 dedecorosis,
838 3108 1059 3174 tamque
1108 3103 1293 3176 pravis
1322 3103 1570 3161 moribus
1619 3104 1832 3174 vivitis,

246 3198 310 3247 ut
340 3197 392 3246 et
420 3188 578 3246 vobis
625 3188 831 3247 calidas
876 3192 1326 3264 superaediﬁcetis
1382 3194 1594 3264 domos,
1637 3194 1837 3268 quibus

245 3283 315 3339 ad
345 3291 578 3340 vestram
635 3285 962 3357 explendam
995 3287 1349 3344 voracitatem
1381 3296 1622 3345 comesta
1662 3287 1835 3361 digeri
1869 3303 1918 3366 ρ

239 3374 410 3432 citius
435 3375 856 3447 compellantur.
902 3377 1131 3449 Insuper
1168 3386 1222 3434 et
1265 3386 1328 3432 ut
1360 3378 1568 3451 proprii
1594 3379 1837 3451 corporis

243 3463 510 3520 intestina
537 3464 710 3520 nimia
739 3464 990 3522 ciborum
1043 3466 1352 3537 repletione
1406 3467 1788 3524 distendentur
1819 3486 1832 3524 :

244 3552 511 3610 lautiores
579 3552 783 3625 eligitis
838 3553 1049 3624 epulas,
1100 3553 1246 3610 unde
1320 3555 1524 3627 peritos
1594 3572 1838 3630 quosque

243 3641 552 3714 procuratis
595 3641 832 3697 artifices
886 3641 1214 3700 condiendis
1285 3654 1448 3718 atque
1516 3646 1839 3704 ordinandis

242 3733 439 3804 epulis.
473 3733 583 3789 Nos
619 3742 799 3789 autem
851 3748 1138 3804 precamur
1184 3735 1380 3803 Deum,
1421 3752 1490 3792 ne
1540 3736 1838 3810 aliquando

244 3821 546 3879 sitiamus:
598 3839 724 3879 nam
769 3823 874 3880 hoc
924 3825 1199 3882 interdum
1249 3828 1414 3884 modo
1443 3845 1474 3884 a
1519 3831 1705 3902 regula
1733 3847 1840 3887 ve-

238 3910 424 3967 ritatis
451 3909 841 3980 abstrahimur,
875 3912 981 3970 hoc
1014 3922 1114 3983 est,
1151 3924 1281 3972 tunc
1310 3933 1436 3974 cum
1470 3919 1838 3976 necessarium

239 4005 434 4071 potum
462 4007 652 4054 nostro
699 4001 916 4073 corpori
947 4001 1160 4073 damus,
1193 4003 1270 4060 ob
1293 4005 1440 4078 quod
1479 4014 1668 4079 postea
1713 4025 1838 4065 ocu-

239 4089 324 4144 los
375 4097 429 4144 et
483 4104 680 4144 manus
728 4097 958 4153 nostras,
1003 4093 1180 4148 veluti
1228 4095 1559 4153 sacrificium
1590 4097 1838 4172 aliquod,

237 4176 308 4233 ad
334 4177 516 4234 radios
563 4179 696 4234 solis
733 4187 954 4252 agentes
999 4183 1342 4241 extollimus.
1406 4188 1481 4242 At
1528 4203 1623 4244 vos
1674 4189 1840 4245 etiam

239 4268 352 4325 laeti
410 4268 542 4324 estis
595 4269 810 4342 quoties
849 4287 1014 4342 supra
1072 4273 1298 4330 modum
1336 4275 1604 4334 convivia
1660 4287 1841 4336 vestra

238 4355 553 4427 celebratis,
584 4375 686 4416 nec
709 4367 836 4415 ante
857 4360 1054 4418 vestris
1085 4364 1642 4424 commessationihus
1673 4367 1840 4425 finem

244 4444 554 4518 imponitis,
596 4464 758 4521 quam
793 4448 967 4505 nimia
1013 4450 1278 4528 ebrietate
1324 4454 1506 4512 furere
1537 4456 1836 4530 incipiatis,

241 4539 296 4589 et
323 4533 498 4592 donec
525 4535 706 4608 ipsum
756 4537 902 4611 quod
949 4555 1138 4612 sapere
1184 4541 1547 4613 videbamini,
1594 4544 1839 4604 bibendo

1945 2022 2144 2079 habere
2190 2039 2317 2096 opes
2364 2023 2707 2081 desideratis.
2759 2025 2915 2081 Servi
2951 2028 3178 2084 ventris
3234 2045 3332 2086 vos
3386 2029 3540 2099 estis,

1945 2123 2228 2186 propterea
2253 2115 2492 2172 maxima
2530 2116 2674 2188 apud
2713 2134 2810 2172 vos
2843 2118 3005 2174 turba
3044 2118 3388 2177 medicorum
3435 2129 3540 2190 est,

1945 2203 2040 2277 qui
2069 2203 2288 2261 assidua
2325 2221 2423 2261 vos
2462 2205 2784 2278 purgatione
2823 2215 3126 2262 evacuant:
3176 2207 3389 2265 faciunt
3434 2225 3544 2264 au—

1946 2303 2054 2350 tem
2088 2295 2145 2352 id
2174 2304 2268 2351 aut
2291 2294 2504 2368 jejunio
2545 2297 2632 2352 vel
2661 2296 2868 2365 inedia,
2915 2304 3010 2352 aut
3048 2305 3163 2353 arte
3210 2297 3543 2356 medicami-

1945 2401 2080 2440 num
2106 2403 2118 2441 :
2161 2393 2223 2440 ut
2251 2385 2344 2459 qui
2376 2385 2611 2458 plurima
2644 2385 2775 2441 vina
2801 2385 3060 2442 solebatis
3091 2386 3333 2455 haurire,
3357 2387 3543 2445 subito

1947 2492 2014 2531 ne
2069 2493 2224 2550 aquae
2276 2476 2500 2550 quidem
2552 2476 2828 2532 modicam
2885 2477 3254 2549 quantitatem
3319 2479 3543 2550 possitis

1947 2568 2210 2640 accipere,
2234 2566 2447 2640 quoties
2470 2565 2863 2639 aegritudinum
2888 2566 3212 2623 necessitate
3235 2567 3539 2627 vexamini.

1947 2656 2017 2711 Et
2045 2655 2188 2711 sicut
2217 2663 2349 2711 tunc
2379 2654 2522 2710 ultra
2561 2661 2812 2710 naturam
2861 2655 3101 2711 multum
3148 2656 3286 2712 meri
3324 2656 3540 2728 bibitis,

1949 2743 2024 2799 ita
2052 2759 2199 2800 nunc
2228 2759 2418 2814 parum
2462 2758 2680 2816 quoque
2712 2759 2887 2817 aquae,
2937 2741 3088 2818 quod
3127 2746 3378 2817 exposcit
3425 2747 3544 2820 ipsa

1945 2839 2162 2900 natura,
2210 2831 2554 2888 desideratis.
2609 2834 2718 2890 Nos
2750 2849 2881 2889 vero
2917 2834 3113 2890 vinum
3162 2834 3387 2907 quidem
3427 2853 3540 2894 om-

1945 2921 2080 2976 nino
2109 2937 2221 2976 non
2251 2921 2572 2994 quaerimus,
2617 2938 2814 2994 aquam
2856 2929 3039 2979 autem
3079 2922 3344 2980 habemus
3375 2941 3540 2998 quam

1947 3012 2118 3066 solam
2175 3012 2454 3078 volumus,
2515 3017 2570 3065 et
2621 3027 2728 3082 qua
2774 3010 3016 3067 maxime
3063 3011 3423 3081 delectamur,
3486 3021 3542 3071 et

1947 3099 2221 3172 sapienter
2283 3116 2539 3157 curamus
2583 3099 2757 3155 sitim.
2809 3101 2932 3156 Non
2977 3100 3158 3157 furere
3204 3107 3258 3157 et
3299 3101 3542 3158 insanire

1948 3205 2323 3266 properamus,
2357 3187 2639 3261 magisque
2673 3188 2832 3245 nobis
2863 3196 3116 3258 mortem,
3157 3206 3320 3263 quam
3352 3189 3541 3246 ebrie-

1949 3287 2115 3335 tatem
2167 3295 2474 3350 precamur,
2533 3294 2629 3350 per
2679 3295 2842 3351 quam
2897 3295 3115 3336 necesse
3170 3288 3250 3335 est
3289 3278 3542 3336 homines

1948 3367 2078 3423 totis
2107 3374 2161 3422 et
2185 3366 2507 3440 corporibus
2535 3375 2588 3424 et
2608 3365 2862 3423 sensibus
2891 3367 3139 3423 interire.
3162 3359 3366 3423 Ebrius
3387 3368 3535 3425 enim

1945 3456 2166 3512 videtur
2194 3455 2417 3528 quidem
2457 3457 2665 3524 vivere,
2695 3456 2790 3514 sed
2820 3465 3087 3530 quantum
3113 3455 3182 3512 ad
3211 3457 3540 3529 sapientiam

1946 3549 2202 3622 pertinet,
2227 3556 2478 3605 mortuus
2493 3547 2776 3620 judicatur
2796 3547 3056 3620 ;perdidit
3076 3547 3224 3604 enim
3245 3548 3541 3606 sublimem

1946 3637 2120 3710 ipsam
2152 3653 2316 3711 quam
2357 3637 2574 3694 homini
2622 3637 2774 3695 dedit
2818 3639 2964 3694 Deus
3014 3645 3272 3694 mentem.
3324 3639 3541 3712 Ecquid

1947 3726 1987 3782 ii
2019 3726 2114 3800 qui
2145 3741 2201 3782 se
2233 3742 2458 3798 magnos
2482 3733 2537 3782 et
2567 3725 2836 3798 gloriosos
2859 3734 3071 3798 putant,
3096 3743 3260 3800 quam
3289 3726 3424 3784 falsa
3445 3744 3539 3799 spe

1947 3823 2001 3871 et
2030 3815 2186 3872 vanis
2213 3814 2566 3888 decipiuntur
2599 3815 2896 3884 illecebris,
2930 3815 3024 3889 qui
3054 3815 3283 3872 alternis
3312 3831 3370 3873 se
3397 3815 3542 3873 invi-

1946 3922 2064 3962 cem
2100 3905 2355 3962 manibus
2386 3905 2612 3975 laedunt,
2649 3905 2906 3978 spoliant,
2934 3904 3210 3977 jugulant,
3253 3922 3380 3962 cum
3411 3912 3542 3961 tan-

1946 3992 2070 4050 dem
2114 4001 2166 4050 et
2207 3993 2311 4066 ipsi
2342 4001 2601 4063 mortem,
2651 4011 2770 4068 quae
2808 3994 3112 4050 necessario
3163 3993 3242 4051 eis
3290 3993 3540 4064 debetur,

1947 4090 2266 4155 exspectent
2289 4083 2317 4140 ?
2365 4083 2508 4151 Quid
2549 4083 2784 4156 denique
2820 4083 2886 4140 de
2918 4081 3032 4140 illis
3057 4083 3217 4149 viris,
3273 4081 3431 4155 quasi
3473 4081 3542 4139 de

1949 4172 2160 4244 magnis
2188 4172 2517 4244 quibusdam
2545 4181 2598 4229 et
2634 4173 2868 4229 aliorum
2898 4172 3301 4246 provisoribus,
3326 4173 3542 4246 loquar,

1949 4261 2043 4335 qui
2075 4276 2224 4317 more
2263 4260 2509 4333 turpium
2551 4260 2881 4318 feminarum
2928 4262 3099 4318 variis
3136 4261 3541 4334 pigmentorum

1949 4351 2212 4407 odoribus
2238 4353 2360 4408 oleo
2391 4351 2636 4408 membra
2665 4352 2870 4425 perfusi
2901 4351 3037 4409 foris
3067 4352 3287 4424 prodire
3317 4366 3543 4410 consue-

1948 4450 2171 4510 verunt,
2223 4441 2364 4498 aeris
2395 4441 2567 4515 ipsius
2597 4442 2894 4516 puritatem
2924 4443 3288 4498 dissolutione
3321 4441 3545 4514 propria

1947 4531 2257 4603 polluentes
2280 4531 2308 4588 ?
2346 4531 2492 4600 Quid
2520 4529 2586 4586 de
2615 4530 2814 4587 Stoicis
2843 4529 3190 4602 philosophis
3220 4530 3417 4586 vestris
3449 4531 3544 4588 lo-

240 4623 480 4696 perdatis
511 4643 523 4681 :
563 4634 617 4683 et
645 4627 821 4683 nimio
848 4627 965 4683 vini
998 4629 1238 4702 pondere
1267 4647 1458 4690 sensus
1502 4634 1674 4691 vestri
1703 4652 1833 4693 cor-

1948 4639 2086 4697 quar
2127 4623 2222 4698 qui
2255 4640 2381 4680 cum
2413 4639 2604 4680 omnes
2641 4622 2760 4678 auri
2802 4639 2985 4681 amore
3015 4631 3324 4694 teneantur,
3378 4624 3540 4682 vobis

238 4711 326 4770 dis
385 4714 645 4773 oneratis.
697 4716 995 4774 Feliciores
1046 4719 1292 4792 profecto
1365 4722 1511 4795 apud
1568 4741 1666 4782 vos
1723 4743 1838 4788 esse

238 4803 568 4861 crediderim
623 4822 715 4864 eos
767 4809 861 4882 qui
917 4809 1160 4867 insanire
1210 4811 1493 4872 dicuntur.
1549 4817 1640 4874 Illi
1686 4820 1836 4878 enim

237 4908 453 4966 semper
479 4893 618 4950 ebrii
647 4905 797 4966 sunt,
826 4914 952 4954 cum
983 4909 1166 4956 tamen
1197 4901 1392 4960 vinum
1422 4921 1535 4961 non
1559 4909 1832 4966 emerint:

237 5003 340 5044 vos
366 4995 549 5046 autem
579 5005 679 5062 pro
726 4991 904 5063 pretio
949 4991 1068 5048 vini
1121 4993 1351 5051 nimiam
1402 4997 1836 5058 sollicitudinem

239 5078 464 5152 geritis:
496 5097 606 5155 quo
637 5088 822 5153 empto
854 5084 1215 5155 vosmetipsos
1261 5084 1527 5143 ebrietate
1558 5089 1834 5162 polluitis,

236 5183 446 5241 vosque
474 5167 715 5227 invicem
745 5169 1068 5242 verberatis,
1103 5189 1166 5230 ac
1195 5173 1415 5232 tandem
1455 5177 1523 5233 ad
1552 5178 1835 5238 sobrieta-

237 5263 351 5313 tem
395 5258 620 5327 reversi,
654 5260 752 5316 vix
781 5260 1012 5333 potestis
1050 5278 1344 5335 agnoscere
1371 5267 1836 5338 quemadmodum

238 5350 558 5409 ebrietatem
588 5360 827 5410 vestram
857 5353 1137 5412 custodire
1168 5357 1422 5414 valeatis.
1459 5359 1643 5416 Audio
1670 5361 1836 5418 etiam

237 5441 387 5515 quod
415 5443 656 5515 plurima
698 5445 1048 5502 comedentes
1079 5462 1141 5502 ea
1165 5445 1412 5518 digerere
1443 5465 1555 5506 non
1584 5454 1833 5524 potestis:

238 5539 293 5587 et
317 5547 444 5588 cum
477 5534 696 5592 tandem
721 5553 749 5592 a
774 5536 1020 5594 convivii
1038 5539 1338 5596 voracitate
1362 5540 1459 5596 vix
1481 5544 1833 5615 recesseritis,

238 5621 428 5678 omnia
456 5640 576 5696 quae
610 5643 708 5682 vos
732 5627 948 5700 explere
977 5629 1157 5685 solent
1206 5630 1465 5686 evomitis
1499 5649 1512 5688 :
1552 5631 1837 5708 ipsamque

237 5718 516 5768 mutantes
558 5730 812 5786 perverso
863 5733 1016 5774 more
1044 5725 1318 5788 naturam,
1351 5735 1422 5777 ex
1451 5719 1641 5780 eadem
1686 5730 1838 5796 parte

239 5815 346 5875 qua
385 5817 536 5860 escas
591 5803 806 5878 capitis,
865 5807 1135 5882 egeratis:
1192 5809 1391 5885 capite,
1441 5826 1553 5871 non
1603 5811 1838 5887 pedibus

1947 4721 2131 4769 tamen
2159 4711 2522 4768 admiratione
2550 4712 2638 4768 vel
2669 4712 2830 4768 laude
2859 4711 3014 4785 digni
3043 4712 3348 4770 videntur?
3367 4711 3540 4770 Audi-

1946 4818 2068 4858 mus
2094 4801 2259 4858 etiam
2291 4801 2437 4875 quod
2475 4818 2507 4858 a
2551 4801 2810 4859 masculis
2839 4803 3038 4860 vestris
3080 4811 3288 4878 partem
3337 4819 3542 4883 quam-

1946 4897 2072 4954 dam
2114 4898 2360 4972 corporis
2397 4897 2718 4972 amputatis,
2761 4897 2821 4954 in
2864 4898 3302 4974 muliebremque
3343 4916 3539 4958 sexum

1946 4987 2075 5046 illos
2103 4997 2424 5046 convertere
2444 4989 2687 5062 gestiatis
2715 5007 2727 5045 :
2760 4996 2815 5045 et
2844 4989 2992 5063 quod
3020 4990 3094 5047 sit
3126 4989 3273 5064 apud
3295 5007 3394 5049 vos
3414 4992 3542 5050 talis

1945 5077 2133 5146 homo,
2186 5077 2281 5150 qui
2328 5093 2505 5152 neque
2547 5093 2805 5152 generare
2861 5087 2924 5136 ut
2967 5078 3076 5149 vir,
3123 5094 3300 5152 neque
3352 5096 3540 5154 parere

1945 5166 2116 5240 possit
2143 5175 2205 5224 ut
2236 5166 2454 5236 mulier,
2483 5175 2538 5223 et
2564 5169 2661 5241 qui
2689 5167 2748 5224 in
2779 5185 2942 5224 suum
2969 5175 3188 5225 tantum
3220 5169 3459 5228 dedecus
3487 5178 3540 5228 et

1945 5255 2004 5312 in
2034 5273 2186 5313 suam
2217 5263 2433 5312 tantum
2462 5257 2616 5313 vivat
2647 5255 2931 5329 injuriam.
2953 5257 3087 5325 Quis
3114 5259 3278 5314 talem
3309 5258 3539 5316 humani

1947 5343 2159 5418 generis
2191 5340 2793 5417 praevaricationem,et
2810 5351 2923 5401 tam
2954 5342 3319 5402 miserabilem
3349 5361 3539 5404 casum

1945 5435 2111 5493 etiam
2135 5434 2426 5508 cogitando
2463 5452 2578 5494 non
2606 5435 2838 5495 doleat?
2877 5437 3124 5506 Quorum
3160 5453 3261 5495 nos
3302 5437 3541 5496 misera-

1945 5524 2096 5581 tione
2124 5526 2278 5584 ducti
2307 5525 2470 5584 vobis
2495 5526 2749 5601 prodesse
2783 5536 3050 5602 quantum
3080 5545 3372 5601 possumus
3413 5531 3540 5587 aﬂ'e-

1944 5624 2193 5675 ctamus:
2223 5619 2353 5692 quia
2380 5629 2436 5678 et
2472 5619 2789 5694 superbiam
2815 5636 3188 5690 exsecramur,
3219 5629 3275 5678 et
3300 5621 3539 5679 univer-

1946 5722 2052 5763 sarr
2085 5707 2314 5766 humani
2346 5710 2561 5782 generis
2591 5718 2844 5768 naturam
2868 5709 3157 5783 diligimus
3176 5729 3240 5771 ac
3253 5712 3532 5771 fovemus:

1945 5802 2000 5855 et
2027 5799 2182 5874 quasi
2213 5799 2271 5857 in
2299 5800 2412 5858 alto
2433 5801 2741 5876 magniﬁca:
2769 5801 3058 5878 cujusdam
3077 5802 3275 5862 domus
3288 5802 3534 5862 sedentes
