3940 6376
425 415 562 474 1183
637 462 642 470 .

1451 418 1548 474 AD
1589 417 1824 474 OPERA
1863 415 1918 473 S.
1948 412 2280 474 AMBROSII
2315 409 2693 470 APPENDIX.

3581 401 3734 462 1184

419 543 562 612 loco,
610 542 746 600 nudi
794 549 908 600 tam
945 550 1128 601 mente
1156 559 1322 618 quam
1349 559 1596 617 corpore,
1649 559 2006 618 quoscunque
2043 547 2092 606 Α
2121 543 2416 616 dignitates
2451 560 2464 600 :
2494 511 2620 599 nam
2662 540 2824 598 aliter
2867 555 2980 598 non
3007 535 3326 610 suscipieris
3352 551 3384 592 a
3434 535 3618 594 nobis.
3653 537 3730 594 Et

418 641 750 707 spectatores
777 632 1036 692 novimus
1063 633 1340 704 veritatis,
1385 641 1438 689 et
1469 633 1750 691 docemus.
1806 635 1877 691 Et
1908 633 2012 692 hoc

418 731 500 780 est
529 723 588 779 in
617 740 726 798 quo
759 724 972 781 caeteris
1000 724 1326 780 hominibus
1350 723 1582 780 ditiores
1619 740 1718 779 nos
1754 739 1870 779 esse
1901 739 2013 794 pu-

418 821 621 870 tamus.
659 812 980 872 Macedonia
1006 813 1123 868 vim
1154 811 1414 868 omnibus
1441 803 1595 878 facit,
1635 827 1798 886 quam
1827 819 2011 868 tamen

421 903 574 976 prius
603 900 672 959 ab
705 903 833 959 aliis
871 904 988 976 ipsa
1015 903 1297 960 sustinuit.
1321 902 1524 958 Omnes
1549 909 1728 957 auten
1771 900 1837 956 ad
1867 900 2011 956 dete-

421 991 568 1050 riora
597 993 869 1062 conversi,
921 1001 1110 1064 turpes
1143 991 1337 1048 famuli
1361 991 1706 1064 judicantur.
1751 990 1857 1046 Sed
1901 991 2014 1046 ho-

419 1098 544 1138 rum
570 1082 818 1138 omnium
845 1083 1113 1138 malorum
1147 1098 1267 1154 quae
1291 1081 1662 1148 nominamus,
1684 1081 2011 1137 Brachmani

421 1171 685 1228 videntur
726 1179 998 1246 expertes.
1048 1173 1098 1228 A
1151 1172 1308 1228 nullo
1349 1171 1497 1228 enim
1540 1171 1803 1228 debellari
1848 1179 2012 1245 atque

423 1262 726 1334 expugnari
745 1262 1110 1336 queunt,quia
1120 1261 1329 1318 nullius
1342 1261 1420 1318 rei
1436 1261 1710 1320 desiderio
1725 1261 1811 1316 vel
1829 1277 2012 1318 amore

423 1359 699 1408 tenentur.
755 1351 836 1408 Tu
866 1368 997 1408 vero
1038 1351 1083 1407 si
1132 1368 1262 1408 vera
1306 1352 1392 1408 vis
1441 1369 1651 1425 sapere,
1701 1351 1770 1408 ad
1797 1350 2011 1408 Indiam

422 1441 574 1510 veni,
619 1441 812 1498 habita
861 1442 920 1498 in
967 1443 1362 1500 solitudinibus
1409 1443 1611 1510 nudus,
1659 1459 1850 1500 omnes
1877 1459 2011 1516 quas

424 1529 638 1604 diligis,
719 1542 773 1590 et
853 1533 1052 1608 quibus
1127 1535 1312 1591 ornari
1395 1535 1620 1604 videris,
1714 1533 2012 1607 projiciens

2119 643 2252 692 tunc
2281 633 2490 690 amabis
2553 649 2638 702 ea,
2687 647 3027 704 quaecunque
3081 629 3252 702 paulo
3318 635 3446 684 ante
3503 627 3727 698 vidisti,

2121 742 2349 798 quaeque
2389 725 2620 781 miratus
2671 739 2766 779 es:
2833 737 3012 794 neque
3056 721 3205 777 ullus
3264 727 3458 776 contra
3489 726 3540 775 te
3568 719 3728 776 ulte-

2121 817 2237 872 rius
2263 814 2574 883 dimicabit,
2606 823 2700 870 aut
2729 812 3036 886 quidquam
3073 817 3296 866 tuorum
3354 809 3459 866 tibi
3506 809 3730 866 auferre

2121 906 2246 979 quis
2279 906 2516 978 poterit;
2551 919 2726 977 neque
2757 903 2936 959 aliena
2963 901 3280 969 collatione,
3333 915 3527 972 neque
3573 899 3728 956 alio-

2122 1013 2242 1052 rum
2276 994 2479 1052 sudore
2512 992 2785 1068 pasceris;
2821 993 2930 1048 eris
2960 991 3107 1048 enim
3164 991 3222 1046 in
3251 989 3512 1046 omnibus
3540 988 3723 1045 dives.

2120 1089 2192 1144 Et
2247 1087 2509 1160 quoniam
2561 1086 2874 1143 desiderare
2925 1093 2980 1142 te
3036 1083 3254 1154 scribis,
3313 1091 3377 1140 ut
3432 1083 3494 1140 in
3531 1083 3729 1156 aliquo

2121 1177 2222 1234 tibi
2270 1175 2518 1249 prosim:
2571 1192 2681 1231 non
2728 1174 3044 1231 invidemus
3089 1173 3204 1230 illis
3251 1173 3348 1249 qui
3393 1189 3522 1230 vere
3564 1173 3728 1246 pium

2122 1266 2412 1324 imitantur
2441 1267 2638 1322 Deum.
2691 1263 3014 1320 Universam
3056 1263 3205 1320 enim
3251 1263 3552 1321 humanam
3584 1262 3728 1320 ubi-

2120 1375 2226 1432 que
2245 1365 2496 1414 naturam
2526 1357 2804 1424 volumus,
2837 1365 3102 1429 quantum
3135 1372 3230 1430 per
3249 1371 3351 1412 nos
3375 1353 3498 1412 ﬁeri
3519 1363 3726 1429 potest,

2119 1448 2405 1506 meliorem
2436 1447 2690 1505 evadere.

2835 1536 3061 1610 (Aliqua
3088 1535 3255 1592 deesse
3281 1535 3576 1608 videntur.)

689 1820 1880 1908 PHILOSOPHORUM
1973 1817 2572 1918 ALIQUOT
2670 1818 3436 1924 EPISTOLE,

1233 1978 1528 2050 QUORUM
1564 1978 1898 2038 HABETUR
1933 1977 2321 2036 INTERPRES
2358 1977 2414 2036 S.
2456 1977 2870 2047 AMBROSIUS,

459 2103 719 2170 Gilbertt'
754 2105 1032 2188 Cognati
1072 2105 1381 2172 Nazareni
1419 2122 1617 2189 opera
1657 2106 1734 2167 in
1773 2105 2214 2248 stygiifsm'urz
2254 2121 2474 2247 utsum,
2511 2103 2664 2184 jam
2707 2104 2868 2168 olim
2911 2121 3066 2170 cum
3106 2105 3263 2170 aliis
3303 2103 3681 2170 multorum

1745 2203 1876 2248 eam
1905 2203 1939 2246 ο
1971 2203 2047 2248 ιε.
2090 2202 2159 2248 σο
2215 2202 2280 2248 cc
2305 2201 2380 2248 ἀν.

1745 2201 2047 2267 epmous,
2090 2201 2380 2250 coucctaz.

948 2464 1137 2522 Thales
1173 2463 1478 2535 Pherecydi.

484 2571 668 2647 Audio
696 2579 753 2628 te
781 2571 1021 2644 primum
1053 2573 1272 2638 Ionum,
1303 2570 1371 2626 de
1397 2569 1607 2627 divinis
1636 2569 1819 2640 rebus,
1863 2569 2007 2642 apud

415 2661 635 2718 Grazcos
683 2661 861 2733 palam
917 2658 1181 2716 disserere
1237 2675 1446 2731 parare.
1515 2659 1722 2716 Verum
1773 2657 2008 2731 justiore

417 2755 648 2812 fortasse
693 2754 987 2824 sententia,
1037 2754 1182 2810 inter
1206 2753 1411 2810 amicos
1451 2768 1514 2808 ea
1547 2770 1666 2826 quae
1697 2753 2006 2826 scripseris,

415 2845 578 2917 leges,
623 2860 784 2918 quam
818 2843 1017 2916 passim
1049 2842 1469 2916 quibuscunque
1496 2842 1803 2916 permittes,
1851 2841 2007 2897 nullo

414 2933 527 2992 illis
560 2935 935 2990 emolumento
972 2933 1180 2990 futura.
1232 2931 1502 3006 Equidem
1557 2931 1602 2988 si
1642 2930 1743 2987 tibi
1791 2937 2005 3003 gratum

413 3041 742 3098 cognovero,
789 3024 917 3080 volo
949 3023 1206 3081 conscius
1242 3039 1432 3079 eorum
1475 3037 1598 3094 quae
1637 3020 1832 3078 scribis
1867 3037 2000 3076 esse.

413 3115 495 3170 Ac
522 3112 794 3186 siquidem
818 3111 1006 3184 jubes,
1037 3111 1106 3168 ad
1135 3120 1188 3168 te
1217 3119 1430 3168 mature
1459 3109 1793 3184 proﬁciscar.
1821 3111 2006 3183 Neque

413 3203 565 3260 enim
603 3202 738 3260 adeo
767 3210 1012 3258 amentes
1047 3217 1110 3259 ac
1139 3201 1329 3259 stolidi
1360 3218 1572 3270 sumus,
1619 3217 1716 3272 ego
1755 3209 1810 3256 et
1837 3200 2004 3257 Solon

415 3292 789 3361 Atheniensis,
838 3301 900 3349 ut
955 3309 1081 3348 cum
1140 3291 1362 3362 navigio
1418 3292 1633 3350 Cretam
1682 3290 2004 3364 petierimus

415 3381 630 3440 visendi
660 3383 852 3456 gratia,
871 3383 1281 3455 Egyptumque
1298 3381 1488 3437 itidem
1512 3379 2002 3454 penetraverimus,

409 3479 472 3529 ut
502 3472 628 3530 istic
653 3471 1028 3529 sacerdotibus
1067 3479 1122 3528 et
1165 3471 1497 3528 astronomis
1525 3469 2004 3543 congrederemur,

407 3561 475 3618 ad
526 3571 581 3619 te
638 3577 750 3618 non
804 3561 924 3634 pari
965 3559 1152 3617 studio
1199 3559 1512 3632 navigaturi
1564 3559 1755 3616 simus.
1805 3558 2007 3616 Veniet

407 3649 556 3707 enim
585 3656 642 3706 et
669 3650 836 3706 Solon
867 3648 1001 3723 ipse,
1053 3649 1100 3706 si
1130 3665 1362 3706 annuas.
1407 3649 1593 3722 Neque
1620 3656 1682 3704 tu
1710 3647 1819 3705 loci
1851 3647 2005 3704 illius

409 3757 596 3798 amore
621 3741 896 3810 detentus,
914 3755 1038 3796 raro
1073 3741 1130 3797 in
1163 3741 1374 3798 Ioniam
1403 3739 1626 3810 transis,
1647 3755 1826 3813 neque
1853 3755 2004 3812 pere-

2033 2439 2082 2523 E
2113 2461 2236 2519 dem
2267 2462 2466 2518 melius
2503 2468 2811 2529 servantur,
2844 2477 3006 2534 quam
3057 2472 3300 2534 possent,
3350 2465 3398 2521 si
3443 2467 3726 2524 multitu-

2116 2553 2266 2610 dinis
2296 2551 2530 2625 imperio
2559 2569 2646 2608 res
2682 2559 2951 2624 ageretur.
2995 2553 3264 2610 Permitto
3311 2555 3459 2612 enim
3497 2559 3726 2616 nemini

2115 2643 2376 2715 injuriam
2414 2641 2535 2697 ﬁeri
2571 2660 2584 2699 :
2625 2657 2688 2699 ac
2714 2649 2984 2715 tyrannus
3013 2659 3110 2716 ego
3157 2653 3354 2717 praeter
3381 2645 3725 2716 dignitatem

2115 2741 2168 2790 et
2198 2733 2464 2788 honorem
2493 2731 2636 2788 nihil
2666 2749 2698 2788 a
2723 2732 2880 2804 plebe
2906 2733 3122 2802 differo,
3153 2734 3286 2790 solis
3313 2735 3392 2790 eis
3417 2735 3725 2806 stipendiis

2114 2830 2428 2890 contentus,
2457 2837 2580 2894 quae
2601 2821 2670 2878 iis
2697 2838 2938 2895 quoque,
2968 2823 3064 2894 qui
3099 2830 3227 2878 ante
3262 2839 3351 2879 me
3390 2832 3717 2895 regnarunt,

2114 2911 2480 2969 debebantur.
2514 2913 2763 2984 Denique
2789 2912 3215 2968 Atheniensium
3241 2913 3445 2985 singuli
3469 2913 3724 2971 decimas

2117 3002 2334 3074 frugum
2393 3018 2618 3058 suarum
2673 3010 2945 3074 separant,
3013 3019 3126 3058 non
3183 3005 3243 3059 in
3309 3020 3442 3061 usus
3495 3011 3720 3060 nostros

2114 3091 2536 3160 consumendas,
2569 3107 2762 3146 verum
2793 3090 3082 3148 sacriﬁciis
3114 3091 3354 3164 publicis
3383 3092 3719 3150 commodis-

2115 3199 2219 3256 que
2247 3181 2638 3240 communibus
2665 3201 2676 3239 :
2709 3189 2763 3238 et
2801 3181 2848 3238 si
2877 3182 3096 3255 quando
3136 3183 3343 3240 bellum
3387 3190 3579 3240 contra
3612 3201 3720 3242 nos

2116 3279 2407 3351 ingruerit,
2458 3278 2519 3334 in
2561 3286 2815 3349 sumptus
2850 3277 3210 3350 deputandas.
3271 3277 3394 3334 Tibi
3452 3277 3718 3350 equidem

2114 3369 2256 3425 nihil
2283 3384 2600 3436 succenseo,
2633 3367 2779 3442 quod
2815 3375 3055 3424 mentem
3084 3383 3260 3423 meam
3304 3367 3719 3442 consiliumque

2113 3459 2425 3517 detexeris:
2474 3457 2675 3532 quippe
2730 3456 2826 3532 qui
2864 3457 2916 3512 id
2953 3456 3136 3530 potius
3174 3455 3494 3528 reipublicae
3527 3457 3720 3516 studio

2112 3549 2378 3619 civitatis,
2436 3565 2601 3623 quam
2657 3547 2765 3604 mei
2795 3547 2924 3604 odio
2982 3545 3296 3602 detexeris:
3359 3563 3420 3603 ac
3449 3555 3721 3619 praeterea

2113 3639 2260 3714 quod
2290 3641 2569 3711 ignorares
2598 3637 2908 3710 cujusmodi
2941 3653 3040 3708 ego
3087 3652 3187 3692 rex
3242 3637 3466 3692 futurus
3513 3652 3718 3694 essem.

2113 3727 2174 3785 Id
2212 3727 2361 3784 enim
2392 3727 2438 3784 si
2467 3727 2782 3796 didicisses,
2817 3741 2974 3797 aequo
3004 3726 3193 3782 animo
3222 3734 3276 3782 et
3301 3732 3533 3782 conatus
3561 3741 3722 3783 meos

411 3829 693 3903 grinorum
721 3823 1013 3888 hominum
1043 3831 1318 3890 desiderio
1345 3831 1604 3904 tangeris.
1652 3830 1858 3888 Verum
1903 3831 2004 3886 uni

2116 3818 2257 3874 forte
2285 3817 2596 3884 tolerasses,
2624 3825 2678 3873 et
2708 3824 2761 3872 te
2785 3817 2926 3887 fugae
2947 3813 3374 3888 haudquaquam
3403 3814 3718 3872 commisis-

411 3927 651 3990 tantum,
698 3930 760 3978 ut
785 3938 964 3994 spero,
1021 3921 1300 3980 scribendi
1329 3921 1548 3994 negotio
1578 3920 1872 3978 incumbis.
1929 3921 2004 3976 At

410 4027 530 4080 nos,
567 4010 662 4083 qui
691 4011 834 4067 nihil
864 4011 1180 4080 scribimus,
1227 4010 1514 4079 Graeciam,
1545 4009 1841 4084 Asiamque
1869 4025 2004 4084 per-

411 4115 686 4172 agramus.
717 4101 874 4158 Vale.

982 4199 1173 4255 Thales
1221 4199 1426 4258 Soloni.

482 4290 718 4351 Athenis
772 4291 818 4349 si
882 4293 1137 4362 excedas,
1191 4295 1390 4366 Mileti,
1445 4305 1510 4354 ut
1553 4293 1809 4370 equidem
1855 4313 2000 4366 reor,

409 4384 855 4445 commodissime
911 4385 1158 4444 habitare
1204 4387 1428 4461 poteris.
1487 4391 1586 4446 Est
1627 4389 1773 4446 enim
1823 4400 2005 4448 vestra

409 4475 648 4543 colonia,
695 4475 1028 4551 patierisque
1060 4494 1223 4550 grave
1252 4477 1416 4535 nihil.
1466 4479 1625 4548 Quod
1666 4481 1712 4538 si
1762 4489 1816 4538 et
1860 4483 2004 4556 apud

408 4565 650 4624 Milesios
677 4569 977 4624 exsecraris
1009 4567 1394 4642 tyrannidem,
1433 4586 1588 4644 azque
1618 4571 1767 4628 enim
1797 4573 2004 4646 ubique

410 4747 597 4806 vivere
640 4748 746 4804 erit
769 4747 1258 4820 jucundissimum.
1311 4750 1546 4824 Scripsit
1575 4750 1646 4808 ad
1673 4759 1726 4809 te
1753 4753 1898 4822 Bias,
1943 4761 2006 4809 ut

409 4836 662 4893 Prienam
697 4837 1095 4911 proﬁciscaris:
1145 4855 1264 4895 eam
1305 4847 1368 4896 tu
1398 4840 1590 4897 urbem
1639 4841 1685 4897 si
1737 4842 2005 4900 libentius

409 4927 834 5000 inhabitaveris,
862 4938 916 4986 et
947 4931 1052 5004 ipsi
1083 4947 1148 4988 eo
1179 4929 1248 4987 ad
1280 4938 1330 4988 te
1357 4931 1768 4992 advolabimus.

918 5038 1238 5096 Pisistratus
1280 5039 1485 5096 Soloni.

477 5146 667 5244 Neque
694 5146 846 5244 solus
863 5144 1177 5204 Grecorum
1199 5147 1562 5244 tyrannidem
1582 5147 2004 5244 arripui,neq_ue
2034 5185 2080 5244 Β

411 5236 552 5294 mihi
596 5253 711 5293 rem
758 5237 995 5294 alienam
1040 5238 1327 5310 usurpavi,
1373 5239 1576 5312 quippe
1611 5255 1782 5310 genus
1825 5255 1858 5295 a
1904 5240 1999 5296 Ce-

413 5343 580 5399 crope
607 5325 770 5383 duco.
799 5325 862 5382 Id
893 5325 1042 5383 enim
1072 5327 1211 5383 mihi
1242 5344 1394 5383 mero
1416 5326 1540 5400 jure
1567 5329 1815 5398 vindico,
1851 5329 1999 5402 quod

412 5416 778 5475 Athenienses
823 5419 959 5475 olim
1005 5431 1131 5476 cum
1169 5419 1235 5474 in
1281 5417 1642 5491 jurejurando
1693 5419 2001 5479 ﬁrmassent

414 5511 621 5580 Codro,
705 5514 968 5586 illiusque
1027 5513 1175 5584 genti
1230 5514 1576 5587 praebituros,
1648 5516 1998 5588 postmodum

411 5599 774 5659 abstulerant.
797 5603 1066 5661 Caeterum
1099 5605 1156 5660 in
1186 5604 1339 5674 deos,
1368 5605 1455 5661 vel
1487 5604 1546 5660 in
1576 5603 1830 5661 homines
1858 5603 2001 5660 nihil

413 5694 552 5750 alias
577 5708 762 5764 pecco.
787 5693 982 5764 Leges,
1002 5709 1136 5764 quas
1163 5693 1278 5766 ipse
1311 5693 1748 5750 Atheniensibus
1777 5693 2001 5760 dedisti,

411 5783 646 5856 servari,
701 5789 866 5858 atque
891 5785 1190 5842 secundum
1219 5801 1310 5842 eas
1337 5786 1524 5841 vivere
1536 5784 1717 5858 ‘jubeo
1751 5803 1764 5841 :
1786 5793 1842 5842 et
1867 5785 2004 5858 qui-

2111 3925 2214 3964 ses.
2246 3908 2482 3962 Domum
2515 3906 2687 3978 igitur
2713 3905 2858 3961 bona
2884 3904 2994 3960 ﬁde
3023 3903 3168 3973 redi,
3201 3902 3354 3960 'mihi
3384 3911 3439 3959 et
3470 3903 3720 3976 injurato

2111 3997 2358 4065 credens,
2416 3995 2556 4052 nihil
2611 4011 2726 4052 esse
2777 3995 3010 4068 periculi
3061 4011 3093 4050 a
3151 3995 3440 4050 Pisistrato
3496 3993 3717 4054 Soloni.

2110 4085 2268 4144 Nosti
2300 4085 2450 4141 enim
2480 4083 2757 4140 neminem
2787 4081 2952 4140 etiam
2974 4099 3044 4138 ex
3073 4082 3427 4139 inimicorum
3450 4099 3712 4154 numero,

2110 4174 2242 4230 mali
2277 4173 2562 4247 quippiam
2593 4189 2624 4228 a
2644 4189 2732 4229 me
2766 4189 3104 4245 perpessum.
3137 4171 3387 4246 Denique
3416 4173 3464 4230 si
3493 4175 3721 4246 placue-

2111 4263 2187 4319 rit
2217 4270 2402 4319 nostra
2429 4261 2675 4318 amicitia
2703 4261 2836 4330 frui,
2895 4259 3042 4316 inter
3091 4261 3300 4334 primos
3347 4261 3458 4318 eris
3497 4279 3510 4318 :
3561 4261 3718 4320 nihil

2112 4352 2260 4408 enim
2295 4353 2353 4408 in
2392 4360 2446 4408 te
2476 4349 2708 4419 fraudis,
2752 4349 3068 4423 perﬁdiaeve
3113 4350 3418 4424 conspicio.
3467 4351 3626 4419 Quod
3665 4353 3718 4411 si

2113 4441 2319 4515 alioqui
2352 4440 2600 4496 habitare
2646 4439 2882 4496 Athenis
2928 4439 3195 4509 nolueris,
3229 4456 3329 4512 pro
3353 4439 3585 4497 arbitrio
3613 4449 3720 4500 tuo

2115 4532 2171 4588 id
2201 4531 2368 4588 facies
2392 4549 2404 4587 :
2436 4537 2651 4587 tantum
2683 4547 2751 4587 ne
2779 4529 2954 4586 nostri
2985 4547 3170 4597 causa,
3199 4531 3378 4604 patria
3405 4531 3717 4593 excederis.

598 4621 645 4624 η
1015 4621 1394 4642 -,-___-_-_--_,
1435 4621 1473 4626 η
1527 4621 1584 4626 _-
1802 4621 1892 4628 -..-
1942 4621 2003 4630 ην

407 4663 675 4731 tyrannos
722 4657 952 4715 infestos
981 4657 1170 4728 habes,
1225 4666 1282 4715 at
1325 4676 1449 4716 cum
1479 4621 1674 4718 almicis
1713 4621 2002 4720 nobiscilm
2089 4621 2270 4735 ,νῶθ’

2649 4701 2810 4757 Solon
2851 4699 3172 4756 Periandro.

2185 4788 2392 4846 Scribis
2437 4788 2543 4849 tibi
2573 4789 2840 4859 plurimos
2869 4787 3124 4845 insidiari
3155 4805 3170 4856 ;
3203 4794 3261 4844 at
3290 4795 3373 4859 tu,
3430 4788 3719 4864 siquidem

2113 4895 2305 4936 omnes
2351 4896 2382 4935 e
2432 4879 2617 4935 medio
2667 4877 2882 4945 tuleris,
2947 4893 3016 4933 ne
3070 4878 3151 4934 sic
3175 4877 3398 4952 quidem
3431 4878 3718 4951 proﬁcies.

2114 4969 2471 5028 Insidiabitur
2489 4967 2638 5024 enim
2662 4967 2764 5023 tibi
2786 4965 3058 5038 quispiam
3089 4983 3158 5022 ex
3176 4966 3282 5034 his,
3311 4984 3448 5040 quos
3476 4967 3722 5028 minime

2115 5066 2392 5131 suspectos
2413 5055 2600 5124 habes,
2637 5055 2836 5127 partim
2865 5053 2972 5111 sibi
3013 5054 3236 5128 quidem
3267 5065 3538 5126 metuens,
3566 5073 3718 5130 par-

2113 5149 2214 5206 tim
2247 5159 2302 5206 te
2331 5145 2756 5222 reprehendens,
2799 5145 2947 5218 quod
2985 5147 3173 5203 omnia
3197 5147 3478 5216 formides,
3514 5148 3713 5206 nihil-

2109 5255 2215 5314 que
2243 5255 2354 5296 non
2383 5245 2596 5295 metuas
2631 5256 2642 5294 :
2681 5237 2880 5310 partim
2942 5237 3074 5293 item
3127 5237 3342 5294 civitati
3400 5237 3716 5310 gratiﬁcari

2107 5331 2354 5404 cupiens.
2387 5333 2546 5386 Esset
2578 5346 2706 5403 ergo
2735 5329 3008 5402 optimum
3063 5329 3340 5387 abstinere
3383 5333 3715 5405 tyrannide,

2107 5429 2172 5478 ut
2197 5437 2388 5478 causas
2413 5420 2596 5476 omnis
2625 5427 2802 5476 metus
2827 5419 3103 5475 evaderes.
3133 5418 3294 5486 Quod
3335 5419 3382 5476 si
3415 5423 3716 5492 tyrannidi

2109 5513 2336 5568 omnino
2361 5509 2730 5568 insistendum
2758 5527 2966 5578 censes,
2995 5525 3276 5581 compares
3329 5511 3450 5582 tibi,
3487 5528 3719 5572 necesse

2110 5611 2210 5669 est,
2247 5610 2500 5658 externas
2536 5601 2682 5656 vires
2735 5609 2790 5657 et
2846 5598 3135 5672 peregrina
3182 5601 3414 5668 auxilia,
3475 5601 3718 5663 urbanis

2110 5693 2328 5749 viribus
2361 5689 2591 5762 majora,
2618 5699 2678 5747 ut
2718 5689 2834 5762 jam
2863 5691 2964 5748 tibi
2998 5691 3185 5747 nullus
3239 5691 3477 5750 infestus
3525 5695 3623 5765 sit,
3657 5705 3716 5754 et

2113 5791 2174 5841 tu
2201 5783 2480 5840 neminem
2510 5790 2786 5840 extorrem
2817 5797 2964 5853 agas.
2997 5781 3152 5840 Vale.
