3940 6370
210 380 347 445 1185

755 511 916 567 Solon
947 507 1272 580 Epimenidi.

276 606 463 679 Neque
504 603 648 677 leges
686 619 820 659 mea;
868 601 1115 675 profecto
1145 599 1578 657 Atheniensibus
1607 598 1809 673 profu-

210 704 349 754 tura:
381 695 618 751 multum
649 700 803 749 erant
827 708 839 748 :
872 708 1047 766 neque
1074 699 1134 747 tu
1162 693 1241 747 eis
1269 690 1567 764 antiquatis
1593 689 1807 747 civitati

205 785 361 843 fuisti
407 786 801 843 emolumento.
855 784 999 839 Deus
1042 782 1211 850 enim,
1268 798 1332 837 ac
1377 781 1576 837 latores
1624 781 1805 852 legum

206 890 317 935 non
341 878 444 934 soli
467 876 663 949 juvare
691 874 945 932 civitates
976 882 1225 947 possunt,
1248 872 1341 929 sed
1371 873 1465 945 qui
1498 871 1807 928 multitudi-

203 984 329 1024 nem
358 973 549 1039 agunt,
582 966 639 1020 in
684 978 1068 1037 quamcunque
1099 962 1429 1018 sententiam
1462 962 1680 1017 volunt.
1712 961 1809 1017 His

202 1055 374 1124 enim,
403 1055 449 1111 si
480 1063 624 1111 recte
652 1069 765 1109 rem
796 1052 1208 1117 administrent,
1240 1053 1388 1107 Deus
1418 1066 1481 1105 ac
1516 1050 1659 1121 leges
1683 1049 1809 1103 uti-

202 1145 282 1201 les
328 1151 503 1199 sunt:
559 1143 645 1198 sin
692 1151 874 1198 autem
923 1141 1083 1209 male,
1134 1140 1277 1195 nihil
1324 1148 1572 1211 prosunt.
1623 1139 1808 1211 Neque

202 1250 334 1292 sane
397 1250 532 1290 meae
575 1233 719 1305 leges
763 1249 827 1289 ac
867 1230 1012 1304 jura,
1064 1248 1185 1304 qua;
1238 1230 1453 1301 scripsi,
1503 1228 1806 1302 quidquam

202 1324 533 1399 profuerunt
566 1341 577 1379 :
626 1324 721 1379 sed
755 1322 849 1396 qui
887 1323 1011 1378 illas
1058 1320 1379 1393 transgressi
1430 1325 1581 1386 sunt,
1614 1332 1808 1390 magna

205 1416 528 1488 reipublicae
578 1416 840 1471 invexere
888 1414 1236 1480 detrimenta,
1278 1412 1372 1485 qui
1400 1410 1705 1477 Pisistrato,
1740 1423 1808 1463 ne

210 1505 566 1580 tyrannidem
605 1504 909 1572 invaderet,
940 1519 1051 1558 non
1081 1502 1432 1557 obstiterunt.
1465 1501 1649 1572 Neque
1677 1515 1809 1553 vero

202 1598 395 1654 futura
422 1593 741 1667 praedicenti
770 1593 910 1648 mihi
939 1591 1075 1646 ﬁdes
1106 1590 1429 1645 habebatur.
1464 1590 1563 1645 Ille
1591 1588 1808 1643 fidelior

201 1682 630 1740 existimabatur
674 1678 1109 1736 Atheniensibus
1153 1677 1463 1745 blandiens,
1511 1691 1673 1748 quam
1708 1691 1807 1747 ego

202 1794 336 1835 vera
388 1780 742 1850 proloquens.
805 1773 1006 1830 Positis
1057 1772 1229 1845 igitur
1281 1772 1449 1827 armis
1489 1786 1587 1843 pro
1631 1771 1803 1838 curia,

1351 370 1938 439 PHILOSOPHORUM
1975 377 2359 436 EPISTOLZE.

1837 512 1887 572 Α
1922 504 2153 561 Veniam
2183 512 2364 560 tamen
2404 501 2473 558 ad
2515 510 2586 571 te,
2619 508 2681 557 ut
2706 509 2803 557 tuo
2850 500 2938 558 vel
2968 500 3212 574 hospitio
3244 502 3515 576 tantisper

3382 364 3521 433 1186

1918 598 2091 654 fruar.

2473 703 2623 762 Chilo
2656 702 2976 759 Periandro.

1986 803 2152 860 Jubes
2175 803 2257 859 uti
2292 802 2491 858 militia
2524 819 2734 871 vacem,
2757 800 3103 873 extorrisque
3132 816 3284 872 agam
3311 818 3322 856 :
3354 799 3511 873 quasi

1917 901 1977 950 tu
2001 893 2058 949 in
2083 902 2206 950 tuto
2239 893 2458 951 futurus
2486 895 2580 950 sis.
2614 895 2783 967 Atqui
2818 911 2916 966 ego
2948 892 3259 949 monarchze
3289 910 3389 949 nec
3416 909 3515 948 sua

1919 992 2035 1040 tuta
2062 1001 2178 1040 esse
2223 992 2355 1057 puto
2387 1002 2397 1039 :
2433 985 2757 1056 felicemque
2804 1000 2929 1038 eum
2962 992 3262 1055 tyrannum
3292 999 3508 1051 censeo,

1916 1074 2007 1131 cui
2038 1073 2097 1129 in
2144 1089 2241 1130 sua
2283 1073 2448 1129 domo
2476 1072 2679 1146 absque
2727 1073 2993 1145 sanguine
3022 1073 3317 1145 contigerit
3349 1072 3513 1128 mori.

2482 1192 2719 1248 Pittacus
2751 1192 2949 1247 Croeso.

1916 1342 1929 1357 κ
1986 1292 2151 1350 Iubes
2180 1307 2267 1348 me
2295 1292 2355 1349 in
2376 1290 2606 1364 Lydiam
2638 1291 2847 1358 venire,
2880 1295 3182 1362 spectatum
3211 1304 3342 1361 opes
3373 1296 3515 1346 tuas.

1915 1387 2032 1459 Ego
2060 1387 2161 1442 etsi
2190 1386 2312 1442 illas
2360 1385 2588 1441 minime
2613 1384 2823 1457 aspexi,
2856 1384 2996 1439 nihil
3029 1383 3247 1456 ambigo
3276 1384 3520 1456 Alyattis

1914 1474 2118 1541 ﬁlium,
2172 1490 2358 1545 regum
2414 1474 2663 1530 omnium
2710 1488 2824 1528 esse
2869 1472 3371 1545 opulentissimum,
3401 1488 3521 1545 Iau-

1917 1588 2087 1645 reque
2139 1572 2583 1628 refertissimum.
2650 1571 2838 1644 Neque
2892 1585 3026 1626 vero
3074 1569 3316 1643 amplius
3363 1570 3521 1643 quid-

1917 1680 2077 1737 quam
2133 1662 2379 1719 habituri
2427 1679 2639 1730 sumus,
2689 1662 2735 1717 si
2785 1660 3004 1718 Sardeis
3064 1660 3133 1716 ad
3182 1668 3235 1716 te
3286 1677 3520 1718 accesse-

1916 1764 2107 1819 rimus.
2164 1764 2316 1819 Auro
2362 1762 2508 1819 enim
2555 1762 2659 1833 ipsi
2714 1777 2825 1816 non
2880 1760 3212 1830 indigemus,
3271 1759 3517 1815 contenti

201 1866 292 1923 his
357 1868 580 1941 quidem
638 1866 733 1938 qui
791 1864 1138 1919 Pisistratum
1196 1860 1392 1933 gestire
1452 1860 1805 1932 tyrannidem
1836 1878 1881 1938 Β
1917 1862 2133 1919 modico
2178 1861 2308 1918 vitae
2354 1861 2650 1934 stipendio,
2682 1870 2947 1933 quantum
2990 1860 3121 1915 satis
3169 1858 3241 1916 sit
3271 1858 3433 1924 mihi,
3461 1866 3515 1914 et

202 1976 320 2015 non
367 1958 831 2025 animadvertunt,
888 1955 1322 2027 sapientiorem:
1381 1952 1460 2009 eis
1513 1969 1648 2008 vero
1709 1952 1805 2025 qui

200 2048 510 2105 libertatem
583 2046 898 2118 reipublicae
970 2059 1208 2100 asserere
1280 2050 1608 2111 metuerent,
1680 2040 1807 2097 for-

198 2139 401 2197 tiorem
454 2152 542 2192 me
602 2152 717 2191 esse
774 2135 937 2201 dixi;
971 2143 1027 2191 at
1078 2134 1162 2189 illi
1216 2132 1436 2188 Solonis
1470 2131 1807 2204 interpreta-

198 2228 408 2286 bantur
455 2226 748 2283 insaniam.
782 2226 1024 2282 Tandem
1075 2224 1153 2280 i9a
1182 2224 1413 2297 patriam
1447 2231 1803 2291 contestatus,

199 2318 413 2378 excessi
447 2334 459 2374 :
494 2318 538 2375 Ο
571 2316 765 2389 patria,
814 2316 907 2372 hic
937 2316 1161 2389 quidem
1191 2316 1358 2372 Solon
1387 2315 1480 2371 ille
1510 2315 1613 2372 tibi
1648 2330 1806 2387 opem

196 2408 362 2476 ferre,
415 2416 469 2463 et
514 2406 661 2463 facto
710 2413 765 2462 et
794 2405 966 2474 dicto,
1018 2415 1305 2479 promptus
1347 2413 1401 2461 et
1450 2414 1670 2477 paratus
1704 2411 1805 2473 est,

198 2505 462 2556 caeterum
492 2496 644 2553 hisce
668 2503 724 2552 et
750 2496 992 2552 insanire
1013 2495 1227 2552 videor.
1251 2496 1460 2568 Itaque,
1495 2504 1545 2550 te
1575 2494 1804 2566 deserta,

199 2587 541 2660 proﬁciscor,
598 2587 747 2642 solus
775 2602 845 2641 ex
892 2586 1153 2641 omnibus
1193 2584 1464 2640 Pisistrati
1496 2582 1758 2638 inimicus
1790 2598 1801 2635 :

201 2676 299 2734 isti
318 2693 451 2733 vero
470 2685 524 2733 et
543 2676 725 2731 favere
750 2682 803 2730 et
831 2674 1058 2744 obsequi
1088 2673 1263 2745 parati
1291 2680 1439 2728 sunt.
1471 2672 1625 2727 Nosti
1656 2670 1803 2725 enim

201 2767 487 2825 hominem
519 2766 713 2833 amice,
746 2773 952 2837 quanto
982 2763 1079 2818 ille
1105 2769 1250 2828 astu,
1280 2779 1388 2835 quo
1418 2761 1661 2833 ingenio,
1698 2777 1807 2833 qua

200 2864 319 2914 arte
370 2854 720 2928 tyrannidem
754 2852 1038 2909 invaserit.
1074 2853 1212 2908 Nam
1250 2850 1420 2922 erepit
1448 2849 1647 2907 blande
1676 2850 1808 2922 ple-

200 2946 331 3003 bem
376 2946 604 3013 illicere,
653 2943 853 3000 deinde
898 2941 1006 2999 sibi
1056 2941 1222 2999 etiam
1267 2941 1498 2997 vulnera
1543 2938 1799 2996 inﬂixit:

197 3054 264 3096 ac
313 3052 628 3110 progressus
666 3035 726 3093 in
775 3034 1080 3107 publicum,
1131 3048 1301 3105 eaque
1355 3048 1411 3089 se
1452 3032 1520 3088 ab
1552 3030 1805 3087 hostibus

201 3126 477 3199 accepisse
523 3126 852 3194 vociferans,
922 3125 1112 3181 orabat
1158 3122 1586 3197 quadringentos
1626 3121 1804 3178 robu-

1915 1959 2128 2017 amicis.
2160 1960 2390 2017 Veniam
2442 1967 2647 2028 tamen,
2699 1967 2759 2014 ut
2806 1958 2909 2014 tibi
2951 1957 3294 2031 perhumano
3321 1964 3377 2013 et
3406 1956 3521 2013 ho-

1916 2050 2101 2124 spitali
2130 2049 2252 2107 viro
2279 2050 2570 2106 familiaris
2599 2048 2824 2105 eﬂiciar.
2858 2049 3014 2106 Vale.

2478 2160 2757 2216 Cleobulus
2790 2158 2993 2215 Soloni.

1989 2260 2172 2317 Amici
2197 2259 2417 2334 quidem
2448 2256 2552 2314 tibi
2585 2265 2715 2313 sunt
2743 2253 3023 2329 permulti,
3053 2252 3396 2326 singulisque
3424 2251 3521 2308 do-

1918 2369 2040 2407 mus
2085 2358 2202 2408 est:
2251 2365 2443 2405 verum
2474 2365 2572 2420 ego
2618 2346 2808 2404 Soloni
2839 2343 3343 2403 commodissimam
3403 2342 3521 2397 fore

1917 2441 1984 2497 ad
2034 2439 2477 2506 inhabitandum,
2512 2436 2750 2491 Lindum
2799 2451 3015 2500 censeo,
3047 2432 3330 2488 civitatem
3363 2430 3517 2486 libe-

1917 2546 2053 2584 ram.
2087 2529 2291 2601 Estque
2324 2526 2503 2580 insula
2537 2524 2834 2590 maritima,
2876 2522 2969 2578 ubi
3004 2521 3048 2575 si
3081 2519 3284 2576 morari
3313 2522 3520 2577 volue-

1914 2618 2011 2686 ris,
2057 2618 2199 2673 nihil
2245 2634 2277 2671 a
2303 2617 2588 2673 Pisistrato
2619 2613 2749 2670 mali
2780 2612 3124 2683 formidabis,
3159 2620 3323 2689 atque
3360 2613 3430 2672 ad
3466 2623 3518 2673 te

1913 2707 2079 2766 amici
2109 2707 2352 2782 undique
2382 2704 2682 2763 conﬂuent.
2717 2704 2874 2762 Vale.

2366 2826 2663 2883 Periander
2695 2824 3052 2897 Sapientibus.

1983 2927 2197 2985 Gratias
2241 2927 2581 2983 immortales
2609 2944 2709 3000 ago
2737 2926 2939 2999 Pythio
2968 2925 3237 2999 Apollini,
3273 2925 3422 3000 quod
3450 2927 3510 2983 in

1911 3034 2087 3075 unum
2132 3025 2349 3075 coactos
2397 3018 2645 3089 epistolae
2687 3034 2820 3073 meae
2874 3023 3215 3090 repererunt,
3269 3016 3511 3089 ipsasque

1912 3106 2262 3177 Corinthum,
2297 3116 2358 3165 ut
2400 3107 2638 3175 conﬁdo,
2672 3106 2992 3179 perducent.
3027 3107 3297 3177 Exspecto
3327 3104 3511 3178 itaque

195 3194 469 3273 stissimos
509 3214 742 3288 juvenes
788 3214 895 3271 sibi
922 3194 1191 3271 custodes.
1230 3194 1441 3270 darent.
1471 3214 1544 3269 At
1575 3206 1681 3281 illi,
1714 3229 1801 3269 me

1924 3214 2028 3254 vos.
2079 3197 2236 3254 Certe
2276 3198 2378 3268 ipsi
2422 3197 2700 3266 videbitis,
2733 3214 2895 3270 quam
2932 3196 3176 3253 civiliter
3221 3210 3320 3250 vos
3348 3194 3514 3251 exci-

197 3304 425 3379 quidem
496 3306 799 3362 reluctante
857 3313 912 3361 et
964 3304 1318 3372 reclamante,
1378 3303 1793 3376 acquievernnt.

197 3396 375 3451 Erant
403 3404 587 3452 autem
618 3394 674 3451 hi
724 3393 921 3449 armati
955 3392 1158 3449 validis
1186 3392 1426 3448 fustibus
1456 3410 1469 3459 ;
1506 3392 1594 3448 his
1620 3392 1804 3465 itaque

197 3485 457 3556 stipatus,
486 3493 689 3542 statum
716 3483 1030 3555 reipublicae
1059 3482 1278 3538 evertit.
1311 3483 1563 3554 Dumque
1600 3482 1683 3536 illi
1709 3498 1803 3554 spe

197 3577 356 3634 inani
391 3593 655 3650 pauperes
699 3590 848 3644 suos,
880 3590 948 3629 ne
986 3573 1234 3630 mercede
1266 3572 1537 3628 servirent
1571 3572 1803 3627 liberare

196 3667 445 3734 student,
492 3682 682 3722 omnes
708 3680 820 3721 una
863 3663 965 3721 sub
988 3661 1184 3736 jugum
1230 3661 1384 3719 missi
1412 3668 1561 3731 sunt,
1595 3662 1803 3735 unique

196 3757 449 3814 serviunt
477 3755 787 3813 Pisistrato.

773 3854 936 3910 Solon
960 3853 1266 3910 Pisistrato.

270 3944 446 4005 Credo
484 3944 739 4019 equidem
781 3944 926 4001 nihil
984 3962 1073 4001 me
1108 3945 1206 4001 abs
1245 3952 1299 4000 te
1329 3959 1614 4017 passurum
1646 3943 1798 4000 mali.

193 4035 334 4092 Nam
382 4042 506 4090 ante
554 4033 908 4108 tyrannidem
958 4034 1064 4091 tibi
1113 4035 1324 4091 amicus
1350 4050 1520 4103 eram,
1557 4050 1626 4090 ne
1655 4050 1804 4091 nunc

196 4124 420 4199 quidem
452 4125 624 4197 magis
675 4124 945 4195 infensus,
977 4142 1142 4199 quam
1172 4125 1314 4181 alius
1342 4124 1528 4197 quivis
1554 4123 1802 4180 Atheni-

194 4214 435 4283 ensium,
484 4214 580 4287 qui
619 4214 973 4286 tyrannidem
1017 4232 1130 4271 non
1178 4222 1384 4270 ament.
1434 4214 1565 4270 Sive
1618 4221 1802 4269 autem

197 4302 365 4359 unius
411 4302 643 4374 imperio
686 4303 821 4375 regi,
853 4302 970 4358 sive
1016 4303 1236 4375 publice
1267 4320 1382 4358 rem
1425 4299 1802 4357 administrari

199 4391 314 4448 illis
358 4391 554 4449 utilius
599 4391 694 4461 sit,
741 4409 815 4447 ex
860 4408 957 4448 sua
991 4392 1224 4464 quisque
1271 4390 1547 4447 sententia
1575 4398 1798 4446 statuat.

200 4478 359 4538 Certe
380 4490 745 4553 tyrannorum
775 4489 827 4537 te
856 4482 1108 4537 omnium
1138 4496 1253 4536 esse
1284 4479 1799 4552 praestantissimum

201 4568 394 4626 fateor.
440 4569 686 4627 Athenas
728 4578 910 4627 autem
960 4570 1141 4627 redire
1188 4568 1329 4625 mihi
1374 4570 1511 4624 utile
1544 4585 1655 4624 non
1685 4584 1799 4624 esse

200 4674 489 4735 cognosco,
524 4677 594 4717 ne
631 4660 755 4733 quis
785 4677 871 4716 me
894 4658 1043 4732 juste
1075 4658 1459 4732 reprehendat,
1493 4659 1588 4731 qui
1618 4658 1801 4713 Athe—

201 4750 487 4806 niensibus
530 4750 736 4806 dudum
788 4750 1183 4822 rempublicam
1231 4766 1299 4804 ex
1332 4764 1486 4821 aequo
1525 4748 1801 4803 adminis-

202 4838 452 4896 trandam
523 4839 879 4910 tradideram,
945 4857 1289 4913 praesensque
1345 4839 1585 4895 oblatam
1662 4837 1801 4894 mihi

202 4928 552 5001 tyrannidem
583 4936 775 5001 sponte
796 4928 1225 4995 declinaveram,
1257 4928 1418 4984 modo
1449 4927 1665 4984 rediens
1693 4927 1800 4985 fac-

202 5024 321 5075 tum
353 5026 512 5076 tuum
541 5018 724 5075 subita
750 5019 1075 5092 poenitentia
1099 5018 1329 5092 probare
1359 5018 1567 5074 videar.

806 5131 967 5186 Solon
1000 5131 1195 5187 Crceso.

160 5226 166 5232 “
271 5220 593 5293 Amplector
633 5219 864 5277 miriﬁce
894 5228 1046 5276 tuam
1078 5220 1135 5274 in
1183 5237 1283 5275 nos
1313 5219 1754 5276 benevolentiam
1785 5234 1797 5274 :

206 5316 259 5366 et
297 5326 394 5383 per
433 5310 563 5368 deos
608 5311 967 5377 immertales,
1020 5310 1128 5366 nisi
1158 5309 1304 5383 apud
1348 5326 1434 5366 me
1472 5309 1819 5383 jampridem.

206 5398 513 5455 statuissem
556 5399 634 5455 ibi
664 5400 847 5456 sedem
896 5399 1096 5455 habere
1124 5400 1218 5454 ubi
1255 5399 1564 5472 respublica
1607 5400 1679 5455 sit
1723 5398 1805 5454 li-

206 5485 355 5558 bera,
411 5490 631 5545 mallem
682 5490 827 5563 apud
860 5498 929 5559 te,
962 5489 1021 5545 in
1066 5497 1160 5546 tuo
1202 5506 1368 5561 regno
1416 5491 1608 5557 vitam,
1641 5505 1803 5561 quam

208 5580 442 5640 Athenis
470 5599 645 5656 agere,
694 5584 967 5641 violenter
1002 5580 1357 5656 tyrannidem
1391 5587 1680 5638 exercente
1709 5579 1804 5635 Pi-

209 5668 447 5730 sistrato.
480 5673 687 5730 Verum
736 5673 813 5731 ibi
842 5674 1068 5732 suavius
1105 5689 1175 5730 ex
1204 5672 1463 5730 instituto
1490 5677 1679 5729 nostro
1709 5668 1807 5727 vi-

211 5763 412 5838 \'imus,
461 5767 555 5825 ubi
603 5776 731 5826 sunt
766 5770 1024 5827 omnibus
1052 5783 1206 5841 aequa
1235 5774 1289 5825 et
1318 5764 1635 5826 communia
1656 5762 1803 5838 jura.

1913 3286 2079 3359 piam.
2147 3287 2301 3343 Sicut
2372 3287 2541 3358 igitur
2590 3303 2737 3343 anno
2792 3287 3069 3357 praeterito
3148 3282 3385 3351 Sardeis,
3451 3283 3512 3338 in

1912 3376 2145 3449 Lydiam
2187 3375 2460 3432 venistis:
2510 3375 2588 3430 ita
2633 3391 2801 3443 nunc,
2849 3390 2967 3442 oro,
3001 3389 3070 3429 ne
3116 3372 3295 3444 pigeat
3321 3372 3391 3428 ad
3422 3388 3511 3430 me

1912 3484 2129 3541 quoque
2174 3466 2471 3539 proﬁcisci,
2528 3456 2781 3523 Corinthi
2831 3472 3179 3538 tyrannum;
3233 3462 3508 3522 videbunt

1913 3562 2061 3616 enim
2096 3576 2195 3615 vos
2224 3575 2335 3614 non
2355 3558 2474 3614 sine
2502 3557 2866 3630 gratulatione
2892 3554 3191 3625 Corinthii,
3219 3555 3506 3613 Periandri
3584 3583 3592 3593 -

1913 3648 2140 3707 domum
2169 3648 2453 3706 adeuntes.

2436 3764 2731 3822 Periander
2754 3764 2966 3821 Proelo.

1982 3867 2153 3924 Nobis
2213 3865 2437 3940 quidem
2499 3878 2610 3920 non
2670 3880 2739 3919 ex
2804 3860 3075 3919 sententia
3147 3859 3254 3917 fuit
3312 3860 3509 3917 uxoris

1913 3959 2124 4015 scelus:
2176 3965 2237 4012 tu
2264 3966 2444 4012 autem
2487 3964 2679 4027 sponte
2725 3952 3085 4025 ﬁlio‘ingrato
3114 3950 3161 4007 si
3191 3950 3328 4024 quid
3374 3966 3508 4022 ege-

1913 4047 2009 4114 ris,
2067 4062 2274 4118 peccas.
2352 4047 2464 4101 Ant
2517 4043 2688 4115 igitur
2745 4042 3148 4099 immanitatem
3205 4041 3265 4097 in
3324 4039 3504 4095 ﬁlium

1912 4151 2212 4207 compesce,
2259 4143 2354 4191 aut
2399 4152 2498 4206 ego
2539 4135 2624 4190 illi
2670 4149 2829 4206 opem
2874 4132 3082 4189 feram:
3136 4146 3263 4187 nam
3312 4137 3367 4187 et
3395 4129 3512 4202 ipse

1913 4225 2046 4281 satis
2073 4224 2171 4281 diu
2200 4242 2387 4297 pmnas
2415 4224 2589 4281 dedit.

2365 4339 2727 4411 Thrasybulus
2756 4337 3079 4395 Periandro.

1982 4441 2226 4500 Prmconi
2254 4439 2475 4515 quidem
2506 4447 2602 4495 tuo
2630 4437 2772 4494 nihil
2794 4433 3163 4502 dissimulavi,
3197 4432 3291 4488 sed
3319 4432 3499 4505 ipsum

1912 4536 1971 4591 in
2020 4540 2252 4607 segetem
2305 4530 2592 4594 inducens,
2654 4525 3043 4582 eminentiores
3086 4522 3260 4593 spicas
3307 4521 3507 4597 bacillo

1828 4606 1876 4665 D
1910 4606 2134 4691 feciens,
2166 4619 2530 4684 decutiebam,
2554 4615 2914 4685 subsequente
2942 4614 3039 4667 illo
3066 4631 3077 4679 ;
3106 4611 3332 4683 tibique,
3358 4610 3402 4665 si
3423 4611 3505 4665 in-

1908 4722 2227 4784 terrogares,
2265 4709 2488 4764 referret
2510 4703 2778 4777 quidquid
2802 4702 2886 4757 vel
2912 4700 3111 4756 viderit
3138 4701 3225 4755 vel
3267 4698 3507 4755 audierit

1908 4823 1940 4862 a
1970 4821 2074 4860 me.
2110 4803 2191 4857 Tu
2222 4817 2347 4873 ergo
2374 4800 2453 4854 sic
2484 4796 2668 4863 facito,
2700 4792 2971 4866 siquidem
3001 4791 3354 4865 tyrannidem
3390 4799 3508 4847 tuto

1908 4904 2092 4952 tenere
2116 4894 2290 4965 cupis,
2322 4898 2482 4963 atque
2508 4889 2565 4943 in
2590 4903 2651 4941 ea
2679 4882 3043 4941 constabiliri.
3077 4878 3331 4939 Civitatis
3360 4880 3509 4953 prin-

1908 4987 2058 5058 cipes
2100 4985 2253 5051 tolle,
2282 4982 2399 5037 sive
2429 4979 2511 5034 illi
2553 4975 2736 5044 amici,
2778 4975 2894 5031 sive
2922 4971 3138 5029 inimici
3170 4970 3501 5027 videantur:

1910 5076 2110 5149 quippe
2138 5081 2374 5146 tyranno
2401 5069 2566 5126 amici
2595 5081 2810 5141 quoque
2850 5080 2990 5137 saepe
3019 5062 3255 5135 suspecti
3284 5068 3433 5119 sunt.

2424 5188 2753 5245 Anacharsis
2807 5188 3009 5244 Crwso.

1981 5303 2119 5375 Ego,
2168 5299 2447 5374 Lydorum
2499 5315 2617 5366 rex,
2653 5296 2711 5352 in
2741 5294 3003 5353 Graeciam
3042 5291 3263 5360 adveni,
3297 5289 3509 5347 Graeco-

1912 5411 2037 5450 rum
2068 5408 2245 5447 mores
2275 5398 2328 5447 et
2366 5391 2551 5448 studia
2578 5397 2632 5446 et
2661 5388 2916 5445 instituta
2944 5390 3318 5456 percepturus.
3357 5382 3510 5436 Auro

1912 5492 2094 5542 autem
2140 5483 2283 5538 nihil
2320 5498 2469 5553 egeo,
2515 5480 2753 5553 satisque
2801 5475 2940 5532 mihi
2970 5482 3051 5531 est
3081 5480 3143 5528 ut
3178 5472 3248 5529 ad
3276 5470 3511 5544 Scythas

1912 5578 2131 5635 redeam
2178 5575 2375 5632 melior
2439 5583 2601 5647 atque
2645 5571 2883 5628 doctior.
2931 5567 3166 5625 Veniam
3213 5572 3397 5621 tamen
3438 5561 3511 5619 ad

1912 5679 1967 5727 te
2042 5668 2279 5736 Sardeis,
2348 5664 2572 5741 plurimi
2642 5663 2852 5722 faciens
2904 5660 3009 5718 tibi
3065 5658 3398 5716 familiarem
3454 5661 3511 5713 et

1913 5760 2150 5819 amicum
2182 5758 2323 5815 ﬁeri.
