3940 6428
364 337 498 419 ίιέι

862 484 1198 556 Epimenides
1229 484 1431 542 Soloni.

432 599 679 670 Conﬁde,
723 616 757 656 ο
783 600 958 656 amice
990 601 1002 656 l
1045 599 1102 656 Si
1149 599 1294 656 enim
1339 601 1427 656 vel
1457 599 1665 656 servire
1694 590 1948 666 assuetis,

362 692 448 746 vel
494 707 605 746 non
653 689 791 745 bene
842 689 1112 746 institutis
1161 687 1593 745 Atheniensibus
1637 687 1958 742 Pisistratus

362 779 696 845 immineret,
744 778 1035 849 imperium
1080 777 1322 848 profecto
1366 776 1691 832 diuturnum
1738 774 1956 830 habuis-

361 880 462 929 set.
509 870 777 928 Caterum
825 870 973 924 viros
1015 867 1162 923 haud
1209 884 1338 923 sane
1368 869 1560 935 malos,
1609 877 1702 923 aut
1733 867 1960 940 ignavos

363 963 567 1019 servire
611 960 879 1032 compulit
913 959 1040 1016 :sed
1089 960 1183 1032 qui
1233 960 1570 1016 monitorum
1601 960 1819 1017 Solonis
1851 975 1958 1015 me-

365 1067 563 1118 mores,
616 1066 726 1122 pra
765 1049 971 1120 pudore
1033 1047 1411 1120 ingemiscant,
1460 1048 1667 1104 servire
1713 1049 1959 1121 tyranni-

364 1140 419 1197 di
469 1139 679 1195 diutius
726 1137 1147 1210 haudquaquam
1195 1138 1390 1193 ferent.
1443 1139 1646 1195 Verum
1695 1137 1796 1194 etsi
1828 1137 1961 1194 Pisi-

365 1235 566 1284 stratus
609 1225 887 1283 civitatem
938 1226 1240 1297 occuparit,
1292 1242 1402 1280 non
1463 1235 1646 1282 tamen
1689 1227 1757 1282 ad
1810 1227 1962 1284 illius

367 1317 566 1372 liberos
632 1314 924 1386 imperium
981 1330 1143 1386 spero
1196 1313 1598 1370 deducendum.
1653 1315 1754 1370 Est
1812 1314 1961 1371 enim

365 1404 688 1478 perdifﬁcile
739 1403 1062 1459 hominibus
1111 1403 1316 1472 liberis,
1373 1403 1754 1476 praclarisque
1806 1403 1962 1458 insti-

365 1495 502 1550 tutis
576 1493 808 1565 legibus,
868 1493 970 1549 sub
1015 1493 1282 1548 servitute
1339 1493 1556 1550 durare.
1617 1495 1699 1549 Tu
1753 1501 1960 1561 autem,

367 1583 505 1653 noli,
557 1599 762 1655 quaso,
821 1598 991 1652 vagus
1032 1581 1139 1651 agi,
1171 1582 1265 1636 sed
1307 1581 1366 1636 in
1414 1582 1631 1639 Cretam
1679 1581 1867 1638 venire
1894 1581 1964 1637 ad

367 1687 468 1726 nos
499 1679 733 1738 matura,
763 1669 859 1724 ubi
893 1677 1162 1741 tyrannus
1203 1669 1391 1725 nullus
1419 1669 1673 1742 cuiquam
1703 1670 1964 1725 molestus

367 1766 467 1814 est.
516 1758 572 1814 Si
621 1774 753 1813 vero
799 1756 952 1812 illius
993 1757 1155 1813 amici
1206 1757 1367 1825 forte,
1422 1765 1484 1813 ut
1526 1757 1608 1825 ﬁt,
1659 1757 1717 1812 in
1766 1757 1966 1814 itinere

372 1846 698 1915 inciderint,
729 1855 917 1902 metuo
945 1862 1013 1901 ne
1037 1846 1171 1919 quid
1197 1846 1409 1902 sinistri
1445 1846 1544 1903 tibi
1575 1847 1812 1903 eveniat.

881 1953 1200 2024 Pherecydes
1244 1953 1465 2010 Thateti.

445 2058 590 2115 Bene
638 2057 913 2128 moriaris,
965 2075 1091 2116 cum
1139 2058 1240 2113 tibi
1297 2056 1477 2114 fatalis
1531 2057 1649 2114 dies
1699 2073 1964 2130 superve-

373 2150 534 2208 nerit.
587 2151 810 2208 Morbus
854 2168 941 2206 me
983 2151 1275 2221 invaserat,
1323 2167 1448 2208 cum
1492 2158 1613 2206 tuas
1645 2150 1827 2221 accepi
1863 2150 1968 2204 lit-

371 2246 534 2308 teras,
566 2239 834 2312 pediculis
862 2241 1202 2312 opperiebar,
1241 2249 1294 2296 et
1321 2239 1464 2295 febri
1493 2239 1776 2320 quatiebar
1794 2247 1962 2294 totus.

371 2328 626 2386 Mandavi
687 2331 870 2402 itaque
940 2329 1267 2400 quibusdam
1324 2345 1393 2383 ex
1453 2327 1841 2396 familiaribus,
1905 2335 1966 2384 ut

371 2435 498 2474 cum
543 2435 627 2474 me
676 2417 1008 2489 sepelierint,
1041 2417 1107 2473 ad
1160 2426 1212 2473 te
1262 2417 1539 2489 perferant
1569 2434 1688 2490 qua
1736 2419 1960 2490 scripsi.

373 2507 456 2562 Tu
497 2514 699 2574 autem,
750 2507 797 2563 si
841 2507 1065 2579 quidem
1123 2524 1184 2562 ea
1233 2507 1550 2578 probaveris
1598 2523 1721 2563 cum
1752 2508 1961 2578 sapien-

373 2597 522 2653 tibus
562 2597 809 2670 reliquis,
856 2595 934 2652 ita
975 2595 1202 2669 legenda
1231 2597 1450 2653 demum
1481 2597 1664 2653 trades
1697 2614 1708 2652 :
1744 2597 1828 2652 sin
1859 2615 1969 2653 au-

373 2695 483 2743 tem
515 2685 934 2758 improbaveris,
969 2688 1151 2742 nolito
1177 2687 1355 2743 edere.
1390 2686 1527 2742 Mihi
1557 2695 1702 2743 certe
1731 2687 1966 2744 necdum

375 2776 506 2832 satis
544 2775 862 2847 placebant,
913 2783 996 2831 est
1052 2775 1130 2832 ibi
1177 2777 1396 2849 quidem
1454 2794 1567 2833 non
1613 2785 1756 2833 certa
1788 2794 1968 2833 rerum

374 2863 528 2920 fides.
576 2863 760 2937 Neque
810 2865 958 2920 enim
1003 2863 1062 2920 id
1106 2865 1304 2936 recepi.
1354 2882 1529 2938 neque
1575 2865 1709 2939 quid
1753 2867 1823 2921 sit
1867 2882 1972 2922 ve-

375 2967 494 3008 rum
561 2968 648 3008 me
697 2953 835 3009 scire
884 2953 1159 3025 professus
1210 2971 1351 3010 sum.
1401 2955 1563 3011 Forte
1607 2953 1851 3028 quadam
1905 2955 1971 3011 de

375 3041 672 3112 Theologia
750 3041 1046 3110 reservavi,
1112 3051 1304 3099 catera
1375 3042 1678 3114 intelligere
1735 3051 1968 3114 oportet.

375 3129 574 3187 Omnia
619 3130 820 3202 quippe
860 3128 1050 3201 judico
1096 3132 1295 3202 potius,
1343 3147 1504 3203 quam
1547 3131 1751 3204 aperio.
1783 3132 1973 3188 Morbo

375 3228 556 3276 autem
619 3197 877 3291 singulis-
911 3197 1113 3276 diebus
1158 3197 1545 3289 invalescante,
1581 3197 1791 3293 -neque
1839 3237 1966 3277 me-
2002 3197 2051 3262 C

373 3307 624 3364 dicorum
728 3307 1060 3381 quempiam,
1162 3325 1337 3382 neque
1441 3310 1744 3366 amicorum
1805 3309 1973 3382 peni-

375 3405 464 3455 tus
516 3397 767 3454 admitto.
827 3396 1094 3454 Caterum
1151 3399 1534 3455 assistentibus
1589 3416 1688 3472 pro
1737 3399 1971 3469 foribus,

375 3493 429 3543 et
483 3487 946 3558 interrogantibus
1000 3505 1109 3562 quo
1161 3488 1218 3544 in
1276 3496 1422 3544 statu
1477 3488 1602 3558 sim,
1662 3489 1836 3561 digito
1881 3505 1976 3561 per

376 3575 506 3632 ostii
554 3577 791 3633 claustra
850 3575 1100 3643 dimisso,
1151 3575 1643 3648 quam'pestilenti
1694 3577 1838 3634 malo
1885 3586 1977 3634 te-

376 3680 526 3733 near,
561 3664 776 3721 ostendi
805 3682 817 3720 :
851 3665 1222 3739 admonuique
1252 3673 1314 3721 ut
1351 3665 1618 3737 postridie
1645 3667 1978 3724 conveniant

377 3754 446 3812 ad
475 3755 745 3812 solemnes
776 3755 1110 3829 Pberecydis
1150 3757 1393 3814 inferias.
1427 3757 1580 3814 Vale.

818 3867 1172 3923 Anaximenes
1197 3869 1528 3942 Pythagora.

451 3965 665 4036 Thales,
714 3965 784 4022 ab
813 3967 990 4023 atatis
1031 3967 1186 4036 ﬂore,
1221 3967 1290 4023 ad
1337 3976 1694 4039 senectutem,
1725 3986 1821 4042 per
1848 3977 1978 4027 stu—

379 4055 472 4114 dia
543 4055 766 4112 virtutis
839 4055 1309 4130 humanitatisque
1382 4067 1691 4130 pervectus,
1769 4060 1979 4133 inclyta

381 4152 555 4201 morte
611 4144 948 4216 defungitur.
1005 4147 1058 4201 Is
1113 4162 1263 4212 cum,
1321 4156 1385 4203 ut
1439 4156 1816 4214 consueverat,
1867 4163 1980 4202 una

381 4250 508 4292 cum
563 4232 842 4299 ancillula,
919 4234 1098 4289 sidera
1155 4233 1520 4304 inspecturus,
1580 4235 1720 4291 atrio
1784 4235 1980 4291 domus

381 4321 691 4378 matutinus
764 4319 984 4389 exisset,
1045 4322 1337 4378 immemor
1391 4332 1454 4379 ut
1511 4311 1626 4378 sese
1683 4322 1786 4378 loci
1842 4323 1982 4381 situs

383 4408 628 4478 haberet,
666 4408 798 4464 dum
844 4408 1050 4465 athera
1078 4424 1302 4464 securus
1335 4411 1610 4482 explorat,
1655 4411 1712 4466 in
1756 4411 1981 4484 subjec-

383 4506 496 4557 tam
542 4500 754 4556 foveam
808 4498 1026 4556 cecidit.
1083 4497 1281 4555 Milesii
1331 4497 1572 4556 siderum
1615 4501 1981 4560 observatoris

386 4592 533 4648 hunc
562 4590 724 4647 ﬁnem
759 4589 1003 4646 tradunt.
1049 4588 1318 4647 Caterum
1368 4582 1488 4659 rios,
1528 4591 1621 4663 qui
1674 4591 1980 4648 litterarum

386 4702 568 4742 amore
647 4693 916 4751 tenemur,
973 4685 1107 4740 tanti
1175 4680 1284 4740 viri
1337 4683 1543 4756 jugiter
1604 4683 1976 4757 meminimus,

386 4781 550 4847 atque
603 4774 660 4830 in
734 4770 886 4828 illius
949 4771 1190 4830 maxime
1245 4774 1496 4832 doctrina
1559 4772 1980 4848 acquiescimus,

390 4860 720 4937 initiumque
812 4861 1081 4921 sermonis
1155 4864 1328 4920 nostri
1419 4861 1697 4921 Thaletem
1772 4883 1984 4939 semper

391 4952 752 5011 instituimus.

827 5060 1184 5116 Anaximenes
1212 5063 1544 5135 Pythagora.

463 5155 781 5216 Consultius
828 5157 988 5214 nobis
1019 5158 1198 5231 egisti,
1248 5168 1309 5215 ut
1360 5161 1579 5232 quietus
1622 5162 1857 5232 viveres,
1889 5164 1984 5237 qui

392 5261 462 5303 ex
513 5248 674 5304 Samo
732 5245 1025 5303 Crotonem
1085 5248 1479 5320 commigrasti.
1550 5251 1682 5306 Nam
1744 5252 1986 5310 {Eacida

392 5347 518 5393 cum
559 5336 683 5391 aliis
729 5334 915 5392 infesti
976 5345 1125 5402 sunt,
1184 5344 1300 5392 tum
1352 5337 1578 5394 Milesiis
1628 5340 1843 5411 tyranni
1884 5339 1986 5397 do~

395 5425 696 5480 minantur.
744 5424 1026 5479 Medorum
1059 5425 1187 5480 item
1238 5442 1334 5480 rex
1367 5426 1526 5482 nobis
1572 5428 1770 5483 acriter
1799 5428 1986 5484 immi-

396 5519 511 5576 net,
564 5513 670 5567 nisi
721 5513 954 5568 velimus
1014 5530 1128 5569 esse
1175 5512 1479 5570 tributarii.
1522 5515 1844 5590 Quanquam
1893 5518 1990 5574 vi-

396 5597 596 5654 dentur
664 5600 820 5655 Iones
867 5616 965 5671 pro
1036 5601 1286 5657 libertate
1343 5601 1591 5658 omnium
1635 5621 1761 5660 cum
1816 5605 1991 5664 Medis

397 5686 680 5745 dimicare.
737 5689 817 5744 Ita
866 5689 1012 5746 enim
1070 5691 1151 5747 illi
1209 5708 1310 5748 nos
1372 5691 1617 5766 undique
1672 5703 1887 5770 urgent,
1928 5705 1992 5756 ut

1362 339 1456 413 Al)
1495 352 1730 413 oram
1769 354 1824 412 δ.
1874 348 2213 414 menosn
2254 349 2632 412 APPENDIX.

3530 340 3683 412 1188

1991 479 2041 548 Α
2067 467 2222 540 nulla
2261 484 2422 541 nobis
2468 500 2589 557 spes
2637 482 2830 540 salutis
2865 483 2957 540 sit.
2989 482 3237 552 Quonam
3285 483 3454 556 igitur
3478 484 3680 541 animo

2064 575 2236 650 possit
2284 575 2656 632 Anaximenes
2705 573 2827 631 cali
2884 581 3090 630 secreta
3137 573 3349 642 rimari,
3393 574 3486 631 cui
3519 574 3680 647 jugis

2063 671 2158 720 aut
2187 663 2381 720 mortis
2409 672 2502 720 aut
2531 663 2817 722 servitutis
2846 663 3120 720 incumbit
3149 671 3328 719 metus
3348 663 3376 719 ?
3406 665 3581 737 Atqui
3610 672 3680 720 tu

2065 751 2397 811 Crotoniatis
2423 760 2584 825 atque
2624 753 2778 809 Italis
2807 751 3022 808 caeteris
3051 760 3234 824 gratus
3263 761 3427 824 atque
3463 753 3523 808 in
3555 769 3682 825 pre-

2065 840 2144 898 tio
2167 858 2246 912 es,
2279 859 2441 916 quem
2471 841 2738 900 accedunt
2767 850 2821 898 et
2861 856 2930 896 ex
2960 840 3150 898 Sicilia
3179 840 3412 897 studiosi
3441 842 3676 916 quique.

2584 957 2847 1026 Archytas
2875 956 3152 1028 Dionysio.

2137 1047 2416 1104 Missimus
2473 1062 2663 1102 omnes
2710 1037 2982 1106 Platonis.
3009 1044 3300 1101 necessarii
3332 1045 3678 1116 Lamiscum,

2067 1143 2122 1192 et
2169 1135 2483 1201 Photidam,
2512 1135 2696 1191 virum
2725 1135 2884 1190 illum
2919 1134 3017 1190 abs
3044 1142 3098 1190 te
3128 1135 3400 1206 recepturi
3423 1135 3549 1207 jure
3579 1153 3683 1193 an-

2068 1225 2233 1299 tiqua
2289 1235 2486 1283 nostra
2565 1224 2841 1281 amicitia.
2903 1225 3066 1281 Recte
3124 1223 3291 1297 igitur
3343 1225 3562 1295 feceris,
3628 1227 3683 1282 si

2069 1314 2386 1370 memineris
2427 1324 2633 1386 quanto
2689 1329 2722 1368 a
2762 1312 2922 1369 nobis
2968 1313 3152 1369 studio
3196 1312 3506 1385 efflagitasti
3554 1315 3684 1370 Pla-

2069 1404 2217 1460 tonis
2261 1403 2330 1460 ad
2372 1411 2426 1459 te
2478 1401 2800 1472 adventum,
2850 1409 2914 1458 ut
2963 1417 3064 1458 nos
3111 1401 3268 1458 illum
3317 1403 3507 1460 venire
3549 1403 3684 1460 hor-

2069 1499 2334 1559 taremur,
2400 1491 2676 1548 facturum
2721 1499 2775 1546 te
2840 1489 3114 1563 spondens
3165 1489 3352 1546 omnia
3403 1489 3684 1566 illumque

2071 1581 2240 1637 libere
2310 1581 2564 1639 accedere
2628 1587 2683 1638 et
2747 1578 2897 1637 abire
2973 1581 3387 1654 permissurum.
3465 1580 3686 1637 Memor

2070 1678 2187 1727 esto
2235 1671 2422 1743 igitur,
2466 1672 2657 1746 quanti
2707 1671 2859 1728 illius
2911 1672 3210 1729 adventum
3259 1673 3472 1741 feceris,
3504 1671 3684 1746 quod-

2071 1777 2176 1834 que
2221 1777 2286 1817 eo
2328 1769 2572 1834 tempore
2615 1763 2740 1834 plus
2784 1763 2996 1819 caeteris
3046 1762 3344 1820 amaveris.
3395 1761 3573 1832 Quod,
3628 1763 3684 1820 si

1989 1847 2036 1906 B
2068 1866 2178 1924 qua
2220 1860 2340 1908 orta
2401 1851 2654 1908 simultas
2709 1858 2809 1920 est,
2869 1851 3169 1908 humanius
3227 1860 3282 1908 te
3337 1869 3492 1925 agere
3549 1868 3686 1909 con-

2073 1940 2249 2010 venit,
2323 1942 2590 2014 illumque
2656 1942 2816 1998 nobis
2873 1943 3162 2000 restituere
3235 1942 3490 2000 illaesum.
3551 1943 3687 2001 Hac

2073 2029 2219 2086 enim
2274 2029 2320 2086 si
2367 2029 2525 2102 facis,
2574 2029 2849 2104 justitiam
2901 2032 3067 2102 coles,
3117 2049 3180 2090 ac
3223 2032 3383 2090 nobis
3412 2031 3686 2107 gratiﬁca-

2071 2118 2240 2176 beris.

2525 2229 2834 2287 Arcesilam
2871 2231 3220 2289 Thaumasia.

2147 2329 2492 2386 Testamenta
2522 2347 2642 2386 mea
2656 2331 2886 2404 Diogeni
2909 2330 3112 2387 tradidi
3149 2330 3219 2387 ad
3242 2338 3295 2387 te
3333 2328 3684 2403 perferenda.

2077 2417 2215 2486 Quia
2255 2419 2401 2474 enim
2463 2419 2662 2489 sapius
2709 2428 2934 2490 agroto,
2983 2428 3038 2475 et
3091 2436 3322 2491 corpore
3372 2436 3483 2475 non
3533 2427 3688 2475 recte

2077 2507 2254 2575 valeo,
2299 2512 2687 2560 testamentum
2741 2505 3014 2561 conficere
3073 2506 3284 2577 placuit
3317 2523 3330 2560 :
3363 2515 3425 2561 ut
3465 2506 3511 2561 si
3542 2505 3689 2579 quid

2076 2595 2358 2666 contingat
2402 2593 2771 2665 inopinatum,
2811 2593 2931 2649 sine
2980 2601 3078 2650 tua
3123 2592 3332 2664 injuria
3362 2593 3693 2666 proficiscar

2078 2700 2148 2740 ex
2189 2683 2327 2751 vita,
2375 2682 2472 2755 qui
2501 2698 2646 2738 unus
2695 2699 2766 2739 ex
2796 2682 3057 2740 omnibus
3088 2682 3332 2738 maximo
3362 2698 3449 2737 me
3478 2681 3691 2738 affectu

2079 2783 2396 2846 prosecutus
2446 2791 2522 2831 es.
2580 2774 2961 2832 Fidelissimus
3013 2780 3194 2829 autem
3252 2773 3524 2839 omnium,
3584 2771 3688 2844 qui

2081 2866 2172 2922 hic
2221 2875 2369 2934 sunt,
2419 2883 2545 2923 cum
2601 2865 2740 2921 mihi
2789 2880 3004 2937 semper
3054 2863 3244 2931 fueris,
3291 2861 3588 2934 diligenter
3627 2869 3689 2916 et

2081 2970 2298 3010 servare
2345 2953 2523 3023 stude,
2574 2961 2692 3010 tum
2748 2961 2970 3026 propter
3017 2960 3255 3020 atatem,
3309 2958 3425 3006 tum
3457 2958 3690 3023 propter

2081 3043 2560 3101 necessitudinem.
2603 3043 2747 3100 Cura
2782 3042 2950 3114 igitur
2993 3058 3224 3110 memor,
3265 3047 3532 3113 quantum
3575 3046 3688 3094 tua

2082 3133 2210 3190 fidei
2258 3133 2621 3202 committam,
2670 3141 2732 3188 ut
2759 3131 2907 3205 quod
2949 3131 3094 3205 apud
3131 3140 3184 3187 te
3231 3138 3408 3187 totum
3446 3129 3688 3202 depone-

2083 3232 2190 3291 tur,
2239 3232 2507 3296 quantum
2561 3223 2620 3278 in
2675 3230 2729 3278 te
2766 3229 2867 3290 est,
2919 3227 2975 3278 et
3033 3221 3252 3294 negotia
3305 3235 3426 3276 mea
3453 3217 3690 3274 honeste

2081 3312 2347 3386 disposita
2372 3311 2506 3369 sint.

2371 3422 2485 3478 Rea:
2518 3421 2815 3492 Antigonus
2842 3420 3038 3476 Zenoni
3061 3419 3394 3492 philosopho.

2153 3521 2268 3593 Ego
2324 3520 2546 3576 fortuna
2599 3535 2686 3576 me
2739 3519 2962 3592 quidem
3018 3526 3071 3574 et
3100 3517 3272 3591 gloria
3325 3517 3497 3574 vitam
3533 3527 3686 3575 tuam

2083 3610 2291 3667 anteire
2350 3609 2654 3666 existimo:
2701 3616 2956 3666 caterum
3025 3608 3336 3681 disciplinis
3377 3607 3690 3682 studiisque

2085 3699 2424 3768 liberalibus,
2473 3706 2526 3754 et
2566 3699 2804 3772 perfecta
2863 3697 3143 3766 felicitate,
3186 3713 3347 3770 quam
3397 3703 3459 3753 tu
3499 3685 3690 3769 poss’i-

2085 3788 2179 3846 des
2227 3790 2386 3861 longe
2433 3788 2528 3844 abs
2565 3797 2618 3844 te
2648 3788 2887 3860 pracelli
2919 3786 3116 3844 sentio.
3151 3787 3418 3855 Quocirca
3447 3795 3499 3842 te
3529 3801 3691 3842 orare

2085 3879 2252 3937 statui
2286 3878 2369 3935 uti
2390 3877 2456 3934 ad
2480 3894 2565 3934 me
2582 3877 2969 3950 proficiscaris,
3000 3877 3056 3933 id
3081 3876 3220 3933 mihi
3251 3875 3601 3950 persuadens,
3635 3883 3694 3932 te

2085 3985 2271 4042 preces
2308 3984 2454 4024 meas
2501 3967 2727 4023 minime
2758 3967 2942 4024 irritas
2968 3967 3088 4023 fieri
3117 3982 3424 4038 passurum.
3457 3966 3541 4023 Tu
3573 3966 3694 4040 igi-

2086 4065 2177 4113 tur
2207 4055 2384 4112 modis
2397 4055 2655 4112 omnibus
2676 4055 2904 4124 enitere,
2931 4064 2994 4112 ut
3031 4063 3128 4111 tuo
3149 4055 3514 4112 contubernio
3539 4055 3692 4112 frua-

2088 4161 2213 4200 mur
2240 4151 2388 4200 certo
2406 4143 2584 4200 sciens
2605 4159 2716 4198 non
2734 4144 2840 4199 mei
2862 4150 3102 4212 tantum,
3123 4143 3217 4200 sed
3248 4144 3498 4200 omnium
3519 4144 3691 4201 simul

2086 4234 2444 4291 Macedonum
2493 4232 2830 4289 eruditorem
2863 4233 3001 4290 fore.
3053 4234 3188 4290 Nam
3230 4233 3324 4307 qui
3353 4234 3691 4291 Macedonia

2088 4339 2268 4395 regem
2301 4321 2482 4379 erudit
2510 4322 2750 4395 atquein
2778 4323 3043 4379 virtutem
3075 4321 3294 4391 imbuit,
3327 4339 3451 4379 eum
3481 4330 3536 4380 et
3562 4323 3693 4379 sub-

2089 4409 2234 4467 ditos
2280 4427 2521 4484 quosque
2577 4411 2853 4469 instruere
2903 4412 2971 4468 ad
3027 4411 3412 4468 fortitudinem
3463 4419 3517 4467 et
3564 4428 3692 4484 pro-

2089 4500 2315 4556 bitatem
2367 4507 2576 4557 certum
2633 4510 2734 4557 est.
2781 4501 2916 4557 Nam
2973 4500 3282 4572 cujusmodi
3340 4500 3507 4556 fuerit
3545 4499 3689 4569 dux,

2092 4593 2225 4650 tales
2251 4602 2312 4650 ut
2340 4593 2645 4666 plurimum
2675 4593 2928 4651 subditos
2959 4593 3080 4651 fieri
3110 4610 3326 4652 necesse
3356 4601 3455 4651 est.
3489 4593 3649 4651 Vale.

2584 4703 2726 4758 Zeno
2754 4703 3016 4774 Antigono
3043 4702 3174 4774 regi.

2161 4796 2478 4871 Amplector
2531 4805 2689 4854 tuum
2747 4808 2858 4856 tam
2908 4799 3202 4856 vehemens
3257 4798 3503 4858 discendi
3557 4807 3694 4858 stu-

2091 4883 2266 4954 dium,
2321 4885 2470 4959 quod
2509 4903 2717 4958 veram,
2748 4887 2941 4944 utilem
2972 4898 3134 4962 atque
3162 4897 3542 4959 necessariam,
3575 4907 3693 4947 non

2091 4975 2407 5050 popularem
2449 4983 2503 5032 et
2549 4993 2669 5049 qua
2715 4979 2783 5034 ad
2829 4975 3216 5050 pervertendos
3262 4996 3440 5035 mores
3485 4979 3691 5046 tendit,

2092 5067 2458 5123 eruditionem
2505 5065 2910 5138 apprehendere
2941 5065 3205 5124 instituis.
3255 5068 3358 5135 Qui
3387 5065 3536 5122 enim
3568 5065 3695 5141 phi~

2095 5155 2362 5227 losophiae
2435 5170 2620 5210 amore
2671 5171 2735 5212 ac
2805 5156 2989 5214 studio
3046 5164 3281 5225 tenetur,
3340 5155 3694 5228 declinatque

2093 5245 2362 5303 celebrem
2407 5244 2559 5300 illam
2591 5253 2644 5301 et
2690 5246 2972 5318 vulgarem
3016 5246 3376 5318 voluptatem,
3407 5262 3527 5318 qua
3557 5260 3692 5318 quo-

2096 5333 2348 5390 rumdam
2406 5333 2938 5391 adolescentulorum
2974 5336 3187 5391 animos
3214 5334 3527 5391 effeminat:
3562 5351 3691 5394 eum

2096 5445 2209 5485 non
2267 5438 2463 5485 natura
2505 5429 2668 5486 modo
2737 5431 3082 5486 nobilitatem
3147 5430 3311 5497 tueri,
3358 5430 3452 5487 sed
3497 5447 3690 5488 verum

2095 5518 2317 5593 quidem
2348 5519 2574 5576 virtutis
2607 5536 2824 5594 quoque
2848 5521 3184 5588 institutum,
3208 5521 3560 5576 manifestum
3586 5529 3689 5580 est.

2097 5609 2265 5667 Porro
2295 5611 2509 5668 liberali
2534 5628 2598 5669 ac
2627 5611 2801 5669 nobili
2831 5611 3053 5686 ingenio
3079 5613 3123 5668 si
3155 5611 3446 5684 adjiciatur
3477 5611 3694 5669 modica

2100 5701 2443 5774 exercitatio,
2492 5719 2668 5778 neque
2696 5703 2838 5762 desit
2880 5703 3230 5778 praceptoris
3271 5703 3446 5777 copia,
3479 5711 3693 5761 mature
