3940 6372
237 330 377 397 1189

1372 324 1964 394 PHILOSOPHOBUM
2002 335 2385 392 EPISTOLJE.

3399 313 3534 392 1490

230 465 302 524 ad
326 464 624 539 perfectam
655 461 879 520 virtutis
905 461 1091 519 evadit
1134 461 1368 534 frugem.
1399 460 1670 535 Equidem
1718 461 1826 518 nisi
1856 464 1903 522 A
1939 469 2139 517 runtur
2185 467 2362 516 autem
2406 458 2497 516 isti
2547 459 2676 526 viri,
2724 459 2916 531 Myraei
2954 457 3188 528 fuisse:
3241 457 3299 513 hi
3346 465 3529 514 autem

229 562 482 614 senectus
527 554 666 610 mihi
715 553 1022 622 obsisteret,
1054 569 1175 609 sum
1225 551 1371 607 enim
1425 553 1822 624 octogenarius,

228 661 538 720 corpusque
561 653 823 718 praeterea
853 644 1184 712 invalidum,
1224 645 1338 716 ipse
1375 643 1443 700 ad
1475 654 1525 700 te
1555 644 1825 713 venirem,

229 746 294 794 ut
316 738 498 809 jubes.
529 736 672 804 Quia
701 752 832 791 vero
871 734 926 790 id
973 733 1154 802 datur,
1192 733 1454 806 quosdam
1495 751 1564 788 ex
1620 741 1826 789 contu-

227 828 548 886 bernalibus
595 827 731 882 meis
776 825 843 882 ad
889 835 942 882 te
985 825 1168 893 mitto,
1203 825 1296 897 qui
1343 824 1512 880 animi
1551 824 1710 880 bonis
1739 840 1825 878 me

230 919 463 976 minime
505 919 794 976 inferiores
841 926 988 986 sunt,
1043 924 1097 972 et
1151 916 1396 987 corporis
1451 916 1616 971 etiam
1661 931 1824 970 com—

227 1009 410 1066 modis
438 1016 787 1082 exsuperant.
839 1007 936 1063 llis
978 1007 1023 1064 si
1073 1015 1130 1062 tu
1176 1007 1419 1062 studiose
1448 1005 1820 1077 Congrediare,

225 1099 372 1155 nihil
421 1099 568 1172 quod
625 1099 693 1154 ad
750 1098 1045 1170 perfectam
1105 1096 1342 1168 pertinet
1399 1094 1819 1162 beatitudinem,

224 1187 581 1246 desiderabis.

670 1288 1004 1359 Pythagoras
1032 1284 1372 1341 Anaximeni.

298 1377 370 1433 At
420 1387 496 1445 tu,
548 1377 796 1433 virorum
854 1378 1078 1450 optime,
1128 1375 1174 1431 si
1228 1374 1370 1429 nihil
1418 1372 1726 1445 Pythagora
1769 1378 1822 1427 et

221 1483 419 1538 genere
448 1474 500 1523 et
533 1466 707 1538 gloria
747 1465 1092 1538 praestantior
1126 1480 1290 1532 esses,
1340 1462 1583 1534 profecto
1615 1460 1680 1516 ad
1721 1477 1821 1515 nos

214 1554 334 1627 jam
380 1572 448 1612 ex
496 1556 682 1611 Mileto
732 1556 1018 1626 migrasses
1050 1573 1061 1610 :
1095 1570 1243 1609 nunc
1286 1569 1418 1608 vero
1460 1559 1512 1605 te
1543 1549 1821 1606 continuit

219 1653 448 1718 paterna
499 1653 552 1700 et
597 1645 745 1700 avita
791 1644 984 1715 gloria,
1033 1660 1153 1716 quas
1196 1651 1249 1698 et
1293 1659 1377 1698 me
1432 1640 1815 1706 continuisset,

216 1731 269 1787 si
298 1747 469 1788 essem
514 1733 846 1788 Anaximeni
895 1731 1115 1788 similis.
1165 1733 1436 1789 Ceterum
1488 1747 1585 1785 vos
1631 1729 1677 1785 si
1708 1745 1817 1784 au-

217 1823 380 1896 gurio
410 1822 571 1879 urbes
610 1823 890 1891 deseretis,
941 1823 1020 1878 eis
1063 1821 1285 1896 quidem
1325 1830 1552 1878 ornatus
1599 1820 1818 1875 adime-
1846 1829 1892 1887 Β

215 1918 332 1980 tur,
383 1912 631 1986 Medique
680 1914 795 1969 illis
830 1912 1086 1968 infestius
1134 1912 1436 1968 instabunt.
1476 1911 1662 1983 Neque
1692 1926 1822 1965 vero

213 2017 434 2074 semper
474 2003 734 2060 convenit
781 2011 1056 2060 astrorum
1104 2020 1167 2060 ac
1224 2003 1350 2059 caali
1407 2007 1675 2074 vestigare
1725 2017 1823 2056 ra—

212 2089 418 2148 tiones.
451 2093 678 2150 Przestat
726 2093 1027 2162 interdum,
1063 2093 1134 2149 ad
1180 2093 1412 2166 patriam
1463 2109 1620 2150 curas
1662 2091 1822 2164 cogi-

210 2180 563 2254 tationesque
605 2191 942 2239 convertere.
988 2183 1309 2256 Quanquam
1343 2200 1440 2255 ego
1472 2199 1580 2238 non
1611 2198 1823 2253 semper

209 2269 357 2324 meis
387 2287 522 2326 vaco
553 2270 772 2339 fabulis,
807 2288 997 2327 verum
1042 2280 1096 2327 et
1125 2272 1285 2329 bellis
1311 2272 1590 2328 interdum
1621 2271 1823 2344 quibus

210 2357 365 2414 inter
394 2375 450 2415 se
489 2359 729 2417 invicem
759 2362 882 2417 Itali
914 2361 1204 2418 dissident.

753 2463 1014 2534 Archytas
1045 2463 1281 2520 Platoni.

289 2547 445 2602 Facis
491 2555 550 2604 tu
596 2549 818 2622 quidem
868 2559 1034 2617 recte,
1099 2552 1247 2624 quod
1296 2553 1456 2608 nobis
1502 2563 1556 2609 te
1607 2571 1822 2612 conva-

209 2634 384 2704 luisse
416 2654 484 2692 ex
514 2639 838 2709 aegritudine
866 2641 1193 2711 signiﬁcaris
1226 2659 1239 2707 ;
1291 2641 1358 2696 de
1402 2643 1654 2698 Damisco
1685 2645 1817 2700 item

207 2726 477 2782 certiores
527 2727 741 2782 feceris.
792 2730 869 2782 De
917 2728 1341 2784 Commentariis
1381 2737 1561 2785 autem
1604 2733 1818 2787 curavi-

206 2834 361 2884 mus,
394 2816 755 2890 venimusque
783 2817 852 2874 ad
901 2819 1169 2887 Lucanos,
1219 2819 1406 2894 ibique
1453 2824 1816 2881 convenimus

206 2904 423 2962 Occelli
477 2913 720 2977 nepotes.
780 2907 910 2974 Quae
971 2907 1139 2980 igitur
1192 2909 1260 2964 de
1333 2924 1519 2982 regno,
1581 2912 1812 2984 legibus,

199 2993 450 3066 justitia,
484 2995 842 3068 omniumque
879 2998 1247 3069 generatione,
1294 3007 1346 3054 et
1376 2999 1479 3071 ipsi
1528 3000 1811 3074 habemus,

207 3093 270 3140 et
323 3101 394 3139 ex
453 3084 540 3141 bis
590 3086 837 3158 quaedam
886 3087 1157 3144 misimus.
1217 3088 1444 3162 Reliqua
1489 3091 1650 3147 modo
1719 3111 1815 3150 re-

1934 565 2005 605 ex
2061 548 2173 604 illis
2231 548 2381 603 fuere
2446 546 2716 618 Trojanis,
2791 546 2887 619 qui
2960 563 3086 602 cum
3160 545 3530 602 Laomedonte

1936 639 2260 710 migrarunt,
2337 635 2444 690 viri
2496 634 2651 703 boni,
2725 641 2788 690 ut
2858 635 2924 690 de
2999 634 3112 690 illis
3190 633 3386 690 tradita
3459 635 3530 690 si-

1935 725 2217 796 gniﬁcant.
2295 725 2426 792 Quae
2500 725 2642 797 apud
2722 741 2808 780 me
2895 732 3024 780 sunt
3095 725 3522 792 Commentaria,

1933 812 2000 867 de
2073 814 2273 886 quibus
2347 813 2634 886 scripsisti,
2695 813 2940 869 nondum
3007 815 3138 869 satis
3211 816 3530 870 elucubrata

1934 914 2080 974 sunt,
2127 923 2301 978 neque
2341 922 2581 979 unquam
2623 905 2754 960 satis
2800 913 2963 960 erunt
2995 922 3008 970 ;
3042 920 3104 959 ea
3153 914 3330 961 tamen
3377 905 3522 962 misi.

1934 995 2012 1049 De
2039 995 2288 1050 custodia
2329 1011 2459 1049 vero
2489 994 2651 1049 ambo
2695 993 3074 1057 consentimus
3106 1010 3119 1048 :
3153 992 3296 1048 nihil
3348 993 3531 1067 itaque

1933 1083 2314 1140 adhortatione
2341 1101 2477 1156 opus
2516 1091 2614 1139 est.
2650 1083 2802 1140 Vale.

1932 1214 2046 1269 Rea:
2100 1213 2325 1281 Darius,
2376 1211 2651 1283 Hystaspis
2700 1211 2865 1282 filius,
2950 1211 3276 1266 Heraclitum
3346 1213 3534 1284 Ephe-

2277 1303 2415 1357 sium
2442 1303 2725 1372 sapientem
2751 1302 2946 1368 virum,
2974 1303 3193 1356 salutat.

2004 1420 2227 1482 Librum
2278 1420 2344 1476 de
2399 1421 2604 1476 Natura
2651 1419 2920 1492 scripsisti
2971 1419 3286 1488 obscurum,
3336 1418 3530 1476 difﬁci-

1933 1510 2147 1582 lemque
2176 1510 2232 1566 in
2263 1511 2554 1584 plerisque,
2589 1511 2705 1583 qui,
2737 1511 2782 1566 si
2830 1510 2897 1566 ad
2938 1509 3167 1566 verbum
3199 1518 3526 1582 exponatur,

1929 1599 2041 1654 vim
2068 1599 2359 1672 quamdam
2381 1599 2774 1672 speculationis
2799 1598 3084 1656 continere
3101 1599 3322 1654 videtur
3339 1598 3531 1654 mundi

1929 1690 2120 1758 totius,
2172 1697 2226 1745 et
2270 1706 2389 1762 quae
2437 1689 2494 1744 in
2540 1707 2604 1747 eo
2652 1689 2794 1745 ﬁunt
2827 1687 3100 1756 omnium,
3149 1703 3270 1759 qua»
3307 1686 3530 1758 quidem

1930 1784 2061 1832 sunt
2092 1777 2148 1832 in
2178 1778 2371 1833 divino
2417 1787 2572 1834 motu
2620 1777 2938 1834 constituta.
2972 1777 3032 1832 In
3063 1775 3264 1848 quibus
3303 1775 3530 1846 plurimi

1933 1865 2211 1924 haeserunt
2255 1868 2410 1936 adeo,
2440 1876 2501 1924 ut
2529 1876 2582 1923 et
2615 1867 2710 1941 qui
2757 1866 3044 1938 complura
3091 1866 3359 1937 legerunt,
3403 1879 3531 1918 am—

1932 1955 2141 2028 bigant,
2171 1974 2297 2014 cum
2337 1967 2483 2013 recta
2509 1957 2606 2013 abs
2637 1966 2690 2012 te
2737 1954 2981 2012 narratio
3014 1953 3325 2024 conscripta
3347 1952 3529 2008 videa-

1931 2053 2042 2100 tur.
2097 2046 2212 2102 Rex
2266 2045 2439 2117 igitur
2487 2045 2712 2113 Darius,
2765 2043 3050 2116 Hystaspis
3096 2042 3264 2110 filius,
3313 2039 3532 2096 auditor

1932 2150 2048 2190 esse
2104 2142 2231 2190 tuus
2285 2133 2459 2206 cupit,
2518 2136 2897 2207 particepsque
2945 2133 3146 2188 Graeca
3199 2128 3530 2186 eruditionis

1932 2227 2074 2283 fieri.
2123 2228 2328 2285 Venias
2377 2228 2560 2301 itaque
2604 2227 3010 2300 quamprimum
3059 2225 3127 2281 ad
3174 2233 3528 2297 conspectum

1933 2331 2136 2385 meum,
2168 2333 2232 2373 ac
2269 2315 2470 2387 regiam
2520 2316 2768 2372 domum.
2818 2315 2990 2372 Graeci
3032 2314 3202 2381 enim,
3257 2323 3320 2370 ut
3363 2313 3530 2387 pluri-

1932 2423 2083 2461 mum
2119 2407 2462 2478 sapientibus
2507 2407 2644 2462 viris
2689 2405 3047 2462 observandis
3099 2404 3285 2460 minus
3329 2404 3525 2473 dediti,

1929 2503 2293 2566 aspernantur
2321 2511 2380 2550 ea
2405 2511 2526 2566 quae
2548 2495 2616 2548 ab
2645 2493 2731 2549 his
2758 2502 2900 2548 recte
2932 2493 3138 2548 fuerint
3165 2491 3487 2548 elucubrata
3510 2508 3523 2548 ξ

1929 2587 2145 2641 tametsi
2219 2585 2486 2656 ejusmodi
2555 2585 2688 2649 sint,
2764 2592 2825 2639 ut
2897 2583 3210 2638 eruditione
3281 2590 3336 2638 et
3411 2600 3525 2655 gra-

1929 2675 2098 2729 vitate
2128 2689 2239 2729 non
2269 2683 2505 2730 careant.
2536 2673 2698 2746 Apud
2738 2687 2822 2728 me
2847 2680 3029 2728 autem
3061 2671 3238 2728 aderit
3266 2671 3370 2727 tibi
3398 2690 3528 2728 om-

1925 2763 2014 2818 nis
2058 2763 2258 2828 honor,
2299 2763 2672 2836 primatusque
2713 2762 2911 2830 omnis,
2963 2763 3318 2834 quotidieque
3360 2763 3528 2819 solli-

1924 2853 2034 2909 cita
2087 2853 2417 2922 observatio,
2467 2861 2521 2909 et
2568 2861 2718 2926 grata
2768 2853 3088 2923 collocutio,
3143 2853 3370 2927 vitaque
3415 2853 3527 2909 tuis

1925 2942 2172 2998 moribus
2200 2941 2518 3015 probabilis.
2553 2943 2707 2998 Vale.

1995 3074 2294 3129 Heraclitus
2324 3074 2582 3145 Ephesius
2631 3074 2738 3145 regi
2785 3074 2976 3136 Dario.
3010 3071 3288 3145 Hystaspis
3318 3073 3450 3145 ﬁlio.

212 3171 396 3262 perire
439 3189 549 3229 non
599 3183 825 3247 possunt
871 3194 882 3233 :
945 3192 1072 3233 cum
1121 3177 1346 3233 inventa
1389 3178 1616 3249 fuerint,
1658 3181 1727 3238 ad
1775 3191 1824 3243 te
1856 3191 1899 3251 C
1999 3188 2278 3262 Quotquot
2314 3189 2570 3245 mortales
2601 3188 2655 3244 in
2695 3189 2857 3246 terris
2887 3190 3104 3258 vivunt,
3136 3205 3168 3245 a
3197 3189 3428 3245 veritate
3463 3203 3528 3246 ac

216 3261 558 3319 deferentur.

793 3366 948 3421 Plato
988 3365 1251 3438 Archytae.

293 3447 425 3517 Quae
449 3451 547 3508 abs
588 3459 642 3508 te
671 3453 831 3510 nobis
863 3455 1030 3510 allata
1077 3466 1205 3512 sunt
1250 3457 1673 3527 Commentaria,
1708 3458 1818 3515 dici

217 3553 333 3595 non
394 3549 591 3613 potest,
652 3561 815 3616 quam
869 3544 1105 3601 libenter
1151 3547 1461 3619 accepimus
1515 3566 1528 3615 ;
1614 3550 1819 3622 quique

216 3627 320 3685 illa
367 3631 608 3703 scripsit,
659 3633 717 3688 in
761 3635 956 3706 primis
1003 3635 1256 3693 admirati
1307 3655 1517 3693 sumus.
1569 3638 1821 3694 Ostendit

215 3719 368 3775 enim
428 3723 672 3793 profecto
731 3723 819 3778 vir
892 3723 1006 3792 ille,
1086 3725 1315 3797 dignum
1391 3743 1447 3782 se
1521 3726 1822 3798 majoribus

1922 3279 2139 3352 justitia
2169 3281 2464 3347 abstinent,
2509 3281 2755 3336 avaritiae
2803 3289 2989 3336 autem
3037 3288 3092 3336 et
3141 3280 3292 3335 inani
3334 3279 3522 3352 gloriae

1920 3371 2338 3444 inexplebiliter
2369 3371 2684 3440 intendunt,
2737 3372 2964 3444 perditas
3006 3371 3296 3428 dementiae
3336 3389 3520 3430 causa.

1927 3463 2043 3532 Ego
2063 3473 2266 3530 autem,
2291 3463 2472 3518 omnis
2499 3463 2790 3518 immemor
2809 3462 3090 3534 nequitiae,
3125 3461 3525 3535 fastidiumque

1928 3551 2178 3608 devitans
2207 3552 2388 3608 omnis
2417 3550 2642 3606 invidias
2662 3551 2996 3619 domesticae,
3029 3567 3149 3623 quae
3175 3551 3521 3623 splendorem

1928 3641 2178 3697 comitari
2211 3643 2367 3708 solet,
2401 3655 2684 3713 nunquam
2721 3639 2780 3695 in
2811 3641 3101 3696 Persarum
3139 3641 3320 3696 solum
3346 3639 3526 3696 adve-

1929 3730 2128 3798 nirem,
2159 3729 2346 3802 paucis
2374 3736 2684 3799 contentus,
2717 3746 2837 3803 quae
2867 3736 2996 3785 sunt
3015 3729 3316 3786 secundum
3349 3743 3523 3784 meam

215 3811 336 3868 illis
390 3813 526 3882 suis,
587 3815 988 3889 antiquissimis
1035 3827 1199 3891 atque
1244 3818 1471 3892 optimis
1520 3820 1676 3876 viris.
1725 3821 1818 3876 Fe-
1929 3821 2278 3877 sententiam.

2363 3947 2426 3954 ...-
2451 3946 2934 3955 _—.—_.-——._._——_—.—
2957 3948 2964 3951 -
2983 3946 3066 3953 -.ν-
3091 3944 3386 3953 ..ψη-*ρκ-
3411 3945 3527 3954 _.——-

506 4097 1074 4186 EPISTOL/E
1173 4101 1426 4187 DU/E
1527 4103 1669 4186 DE
1766 4101 2313 4188 MONACHO
2417 4099 3230 4188 ENERGUMENO.

293 4371 361 4429 In
390 4373 686 4444 exemplari
703 4374 758 4430 S.
796 4374 1046 4430 Germani
1074 4377 1145 4430 ad
1167 4377 1391 4432 Pratum
1422 4377 1880 4446 Scholasticorum,
1907 4383 2028 4448 post
2069 4383 2170 4431 tres
2204 4375 2366 4431 libros
2411 4377 2472 4432 de
2513 4375 2735 4448 Ofﬁciis,
2769 4376 2849 4432 ha:
2891 4374 3010 4430 dure
3041 4374 3296 4446 Epistolis
3339 4389 3530 4448 seque-

223 4461 445 4519 bantur.
477 4463 724 4519 Priorem
767 4481 874 4518 esse
907 4464 1176 4520 Ambrosii
1216 4467 1569 4536 persuadebat
1598 4467 1820 4521 materia
1866 4465 1938 4520 ad
1973 4463 2113 4520 illud
2145 4469 2343 4535 tempus
2371 4463 2769 4518 accommodata
2822 4462 2884 4516 de
2926 4461 3178 4528 Antonio,
3222 4463 3524 4532 Hilarione,

219 4553 526 4619 Machario,
565 4554 839 4623 Gervasio,
873 4555 1172 4624 Prothasio,
1206 4557 1267 4611 de
1296 4557 1678 4613 Mediolanensi
1705 4557 1913 4611 civitate
1942 4555 1996 4608 in
2022 4572 2128 4624 qua
2158 4554 2412 4624 scriptam
2441 4552 2606 4622 fuisse
2645 4557 2862 4606 constat.
2913 4553 3058 4608 Illud
3089 4557 3290 4606 tantum
3321 4559 3378 4606 ut
3414 4554 3526 4608 du-

222 4640 512 4697 bitaremus
541 4643 682 4713 fecit,
709 4645 850 4714 quod
874 4652 1011 4699 vocet
1058 4645 1396 4701 Germanicos
1427 4653 1474 4701 et
1502 4646 1776 4716 Anyelicos
1807 4653 1853 4702 et
1897 4647 2129 4702 Italicos.
2176 4645 2450 4699 Posterior
2500 4642 2673 4696 minus
2714 4641 2865 4696 habet
2893 4641 3164 4696 Ambrosii
3195 4659 3206 4697 :
3240 4642 3326 4696 sed
3353 4649 3525 4699 tamen

219 4733 580 4802 appressimus
610 4739 907 4804 utramque,
936 4735 1064 4804 quia
1089 4741 1366 4805 utramque
1393 4736 1668 4805 antiquam
1699 4754 1801 4792 esse
1829 4742 1876 4790 et
1899 4735 2080 4790 utilem
2099 4733 2484 4803 judicavimus.

719 4873 1058 4930 EPISTULA
1079 4875 1317 4930 PRIMA.

298 4959 399 5018 Vir
426 4960 652 5033 quidam
684 4962 971 5034 religiosus
1000 4971 1164 5035 atque
1188 4963 1243 5017 in
1276 4963 1598 5020 monachico
1628 4963 1820 5020 habitu

219 5049 559 5107 constitutus
593 5057 744 5117 tunc,
778 5059 967 5106 nostro
997 5059 1238 5122 tempore
1269 5068 1417 5108 nunc
1451 5053 1663 5126 antiqui
1695 5053 1820 5109 hos-

221 5136 296 5193 tis
323 5146 405 5196 est
430 5138 677 5195 inaudita
706 5141 1010 5196 tentatione
1040 5141 1304 5212 pulsatus,
1342 5141 1418 5197 ita
1446 5149 1507 5197 ut
1537 5141 1681 5197 idem
1715 5159 1821 5198 ma-

223 5226 408 5299 lignus
436 5228 667 5300 spiritus
686 5228 1145 5285 vestimentorum
1178 5229 1296 5301 ejus
1326 5231 1623 5302 particulas
1649 5238 1702 5287 et
1731 5247 1823 5286 ex-

221 5323 308 5372 tra
339 5317 499 5372 illum
530 5319 693 5373 etiam
726 5317 1137 5390 incompositas,
1193 5317 1480 5374 immunda
1508 5320 1823 5376 colluvione

221 5406 472 5464 crebrius
501 5407 747 5464 foedaret.
782 5409 912 5476 Quae
961 5408 1234 5464 intantum
1267 5417 1380 5464 erat
1412 5408 1704 5478 horrenda,
1735 5411 1825 5466 fe-

223 5495 344 5552 tida
369 5506 424 5554 et
453 5499 640 5568 noxia,
675 5507 736 5554 ut
767 5515 891 5572 pars
921 5499 1156 5555 vestium
1187 5515 1350 5572 quam
1388 5499 1674 5570 tetigisset,
1703 5501 1822 5555 nul-

222 5584 334 5640 lius
382 5583 570 5658 [forte
614 5588 778 5657 nulli,
828 5596 923 5644 aut
963 5589 1173 5645 nullius
1212 5587 1338 5662 rei]
1385 5587 1641 5661 deinceps
1687 5597 1826 5646 esset

221 5679 348 5734 usui
397 5686 542 5750 apta,
593 5695 907 5754 quanquam
959 5681 1154 5740 fuisset
1199 5680 1404 5739 abluta.
1449 5684 1527 5739 De
1557 5697 1665 5755 qua
1696 5698 1824 5741 cum

1851 4880 1899 4938 D
1930 4875 2295 4946 interrogatus
2338 4873 2582 4941 fuissem,
2636 4889 2735 4927 cur
2780 4870 3128 4942 omnipotens
3176 4871 3331 4927 Deus'
3360 4869 3526 4926 talem

1927 4971 2147 5020 versuto
2179 4962 2419 5034 serpenti
2450 4968 2772 5033 potestatem
2803 4960 2860 5015 in
2881 4975 3006 5014 eum
3029 4959 3288 5028 dedisset,
3323 4967 3383 5015 ut
3411 4975 3526 5015 cor-

1930 5053 2016 5108 dis
2044 5054 2161 5125 ejus
2193 5051 2599 5108 immunditiam
2633 5051 2767 5107 foris
2807 5051 3137 5118 ostenderet,
3179 5050 3329 5123 quod
3374 5067 3528 5106 nun-

1931 5159 2092 5215 quam
2143 5143 2198 5196 in
2235 5141 2494 5198 exteriori
2530 5141 2722 5196 habitu
2769 5141 3008 5208 fecisset,
3060 5137 3167 5194 nisi
3205 5138 3525 5196 interiorem

1932 5233 2159 5287 omnino
2188 5232 2540 5303 corrupisset,
2582 5231 2796 5287 scilicet
2822 5238 2918 5285 aut
2950 5228 3276 5284 infidelitate
3304 5235 3358 5284 et
3387 5227 3528 5284 blas-

1933 5322 2171 5394 phemia,
2213 5329 2306 5378 aut
2339 5330 2485 5377 certe
2518 5321 2669 5376 inani
2699 5328 2752 5376 et
2784 5337 2922 5376 vana
2951 5319 3144 5391 gloria,
3194 5318 3452 5391 respondi
3511 5336 3526 5376 :

1932 5411 2122 5467 Sanies
2147 5411 2348 5484 quippe
2394 5411 2546 5466 intus
2595 5410 2650 5465 in
2703 5409 2865 5466 corde
2895 5410 3044 5464 foras
3073 5425 3169 5481 per
3203 5408 3532 5464 vestimenta

1935 5503 2196 5559 manavit.
2229 5501 2401 5569 Quem
2434 5501 2562 5572 quia
2584 5502 2740 5572 longe
2771 5499 2980 5572 positus
3009 5507 3142 5566 erat,
3176 5514 3274 5570 ego
3306 5497 3532 5570 quidem

1933 5607 2044 5648 non
2077 5591 2212 5660 vidi,
2249 5590 2342 5647 sed
2374 5599 2576 5659 tamen,
2629 5599 2689 5646 ut
2718 5589 2975 5657 arbitror,
3017 5586 3134 5644 haec
3171 5587 3228 5643 in
3278 5587 3376 5644 illo
3405 5603 3533 5643 vere

1933 5680 2184 5754 praevidi.
2216 5680 2371 5750 Quod
2421 5679 2468 5736 si
2512 5679 2588 5736 ita
2634 5694 2747 5734 non
2794 5683 2894 5748 est,
2928 5675 3202 5751 numquid
3233 5685 3412 5736 tamen
3444 5674 3532 5732 fa-
