3940 6384
450 352 584 422 “9t

1452 365 1548 421 AD
1587 351 1821 422 OPE'RA
1859 365 1914 421 s.
1954 357 2288 424 AMBROSII
2323 350 2704 422 APPENDIX.

3611 349 3757 422 H92

448 497 563 546 tum
596 495 827 568 putatur
856 489 974 544 sine
1015 503 1180 544 causa
1216 495 1270 544 et
1307 497 1592 562 propterea
1630 497 1861 560 gestum,
1893 488 2042 544 utin
2077 492 2127 551 Α
2157 489 2427 562 perfectos
2474 489 2778 546 ostendam.
2829 487 3068 546 Obsecro
3105 487 3290 562 itaque
3325 487 3454 544 illos
3499 487 3598 562 qui
3638 486 3767 544 hac

445 595 509 636 eo
535 577 865 636 munditiam
899 580 1082 637 cordis
1109 579 1328 639 foeditas
1351 581 1447 638 illa
1475 590 1736 651 servaret,
1765 597 1866 640 nec
1900 582 2046 639 hanc

441 669 678 729 callidus
720 667 898 726 hostis
933 670 1086 727 inani
1117 671 1290 745 gloria
1321 672 1549 729 foedaret
1581 691 1593 730 :
1633 672 1799 730 sicuti
1841 673 2046 729 Paulus

444 775 512 814 ne
542 757 610 815 de
640 759 994 817 revelationis
1040 761 1418 834 magnitudine
1466 762 1704 831 timeret,
1754 763 2044 818 stimulum

441 847 624 904 carnis
651 849 880 923 accepit.
913 851 970 907 Si
999 852 1183 924 itaque
1210 851 1407 907 horum
1438 851 1744 924 quodlibet,
1775 859 1870 908 aut
1899 859 2046 909 certe

445 937 490 994 si
523 955 632 994 non
676 939 866 1009 fuerit,
903 941 1174 1014 numquid
1214 949 1400 998 tamen
1450 941 1593 1015 quod
1631 943 1698 998 ad
1735 949 2042 998 extremum

443 1029 724 1102 positurus
748 1047 868 1086 sum
894 1047 1086 1086 verum
1114 1047 1224 1087 non
1252 1031 1358 1086 erit
1387 1031 1416 1087 ?
1446 1031 1651 1087 Verum
1680 1038 1761 1086 est
1791 1031 2040 1087 omnino.

442 1120 648 1178 Verum
680 1129 761 1176 est
790 1120 937 1194 quod
980 1121 1126 1191 dico,
1175 1139 1288 1179 non
1329 1139 1444 1178 esse
1487 1123 1860 1179 colluvionem
1892 1121 2043 1178 illam

445 1209 786 1265 extrinsecus
805 1209 1005 1265 animas
1029 1211 1278 1278 noxiam,
1311 1211 1357 1266 si
1387 1211 1503 1282 ipsa
1527 1227 1742 1267 servare
1773 1211 2046 1267 studuerit

440 1295 591 1353 intus
619 1297 802 1354 cordis
838 1298 1190 1356 munditiam.
1227 1302 1443 1357 Interea
1489 1301 1632 1358 sicut
1663 1308 1726 1356 tu
1754 1300 1870 1372 ipse
1895 1298 2040 1370 judi-

441 1401 565 1443 care
591 1387 818 1456 curasti,
853 1389 1019 1445 audio
1049 1391 1315 1463 quosdam
1345 1391 1490 1463 apud
1533 1407 1633 1446 vos
1669 1389 1851 1447 dicere
1884 1389 2043 1444 :Non

356 1469 363 1476 ’
441 1493 599 1548 posse
635 1478 875 1551 aliquem
923 1480 979 1536 in
1023 1480 1198 1552 patria
1243 1497 1355 1536 sum
1389 1479 1698 1536 nativitatis
1742 1477 2042 1550 perfectum

441 1580 577 1635 esse,
609 1565 752 1622 illud
780 1567 838 1622 in
869 1577 1254 1641 argumentum
1286 1577 1646 1638 assumentes,
1677 1567 1826 1640 quod
1855 1565 2042 1623 Domi-

439 1669 546 1710 nus
575 1654 724 1710 dixit
756 1673 768 1710 :
801 1657 973 1712 Nemo
997 1656 1264 1728 propheta
1290 1665 1545 1730 acceptus
1559 1665 1642 1714 est
1662 1657 1720 1712 in
1740 1655 1917 1728 patria
1946 1671 2044 1710 sua

441 1739 595 1812 (Luc.
647 1743 752 1813 IV).
804 1743 951 1811 Quos
990 1745 1232 1817 primum
1279 1753 1494 1818 oportet
1535 1745 1746 1802 ratione
1792 1744 2042 1801 veritatis

439 1829 640 1900 refelli,
675 1838 728 1886 et
773 1832 854 1888 sic
891 1833 1112 1889 demum
1142 1835 1380 1907 qualiter
1409 1834 1768 1906 intelligenda
1813 1833 1885 1890 sit
1914 1850 2034 1905 pro-
2068 1855 2112 1914 Β

437 1917 551 1974 lata
579 1921 853 1977 sententia
881 1921 1270 1980 demonstrari.
1300 1923 1548 1980 Audiant
1571 1924 1741 1998 igitur
1768 1923 2038 1997 patienter

440 2007 535 2079 qui
565 2007 683 2064 haec
709 2009 924 2080 dicunt,
956 2012 1088 2085 quia
1116 2012 1249 2068 dum
1289 2031 1509 2070 sensum
1541 2031 1705 2070 sacrae
1735 2013 2032 2086 Scripturae

437 2097 738 2168 prudenter
793 2117 906 2156 non
971 2103 1342 2172 considerant,
1396 2120 1534 2176 pene
1583 2119 1774 2160 omnes
1820 2111 2036 2160 sanctos

434 2194 810 2243 contemnant.
843 2187 898 2243 Si
921 2189 1068 2244 enim
1099 2190 1177 2245 ita
1206 2199 1310 2259 est,
1332 2201 1394 2246 ut
1423 2199 1693 2258 asserunt,
1726 2209 1854 2263 ergo
1878 2200 2036 2264 quot-

431 2285 568 2349 quot
594 2292 665 2332 ex
693 2276 955 2332 Romanis
993 2279 1266 2345 conversi,
1299 2279 1444 2350 apud
1474 2281 1748 2335 Romanos
1774 2281 1980 2350 degunt
2017 2297 2029 2334 :

431 2372 706 2438 quotquot
725 2379 794 2420 ex
814 2365 1038 2434 Graecis,
1062 2365 1205 2438 apud
1237 2367 1454 2422 Graecos
1489 2384 1500 2422 :
1534 2373 1802 2439 quotquot
1829 2383 1898 2421 ex
1923 2367 2034 2422 Ita-

432 2452 522 2522 lis,
554 2453 700 2525 apud
747 2455 916 2512 Italos
950 2473 962 2511 :
996 2463 1266 2528 quotquot
1307 2472 1375 2512 ex
1413 2455 1650 2523 Hiberis,
1681 2455 1825 2527 apud
1857 2455 2032 2511 Hibe—

432 2559 564 2599 ros:
603 2552 872 2616 quotquot
919 2561 989 2600 ex
1029 2544 1391 2612 Germanicis,
1440 2543 1585 2616 apud
1626 2543 1980 2600 Germanicos
2017 2563 2030 2600 :

435 2639 706 2706 quotquot
741 2649 810 2689 ex
839 2633 1208 2706 Aquitanicis,
1261 2631 1406 2706 apud
1434 2632 1833 2705 Aquitanicos:
1878 2640 2033 2706 quot-

436 2729 569 2794 quot
596 2739 666 2780 ex
693 2723 908 2796 Anglis,
941 2722 1087 2795 apud
1117 2723 1325 2794 Anglos
1362 2721 1615 2794 religiose
1651 2721 1874 2791 vivunt,
1917 2721 2035 2776 im—

437 2812 664 2884 perfecti
684 2819 867 2868 erunt.
892 2813 1033 2868 Ecce
1055 2812 1259 2868 Paulus
1287 2819 1340 2868 et
1365 2811 1642 2868 Antonius
1669 2828 1739 2866 ex
1759 2811 2030 2880 Thebaeis,

431 2903 577 2974 apud
601 2902 864 2958 Thebanos
893 2903 1120 2974 perfecti
1151 2910 1300 2959 sunt.
1335 2903 1475 2958 Ecce
1498 2901 1748 2957 Hilarion
1769 2918 1835 2957 ex
1865 2901 2030 2956 Palae-

430 2990 614 3058 stinis,
645 2991 789 3062 apud
842 2991 1163 3046 Palaestinos
1192 2991 1464 3062 perfectus
1497 2999 1595 3045 est.
1629 2991 1769 3046 Ecce
1803 2990 2032 3046 Macha-

430 3079 547 3134 rius
593 3095 663 3134 ex
709 3079 1008 3151 Egyptiis,
1055 3080 1200 3150 apud
1257 3080 1550 3152 zEgyptios
1605 3079 1878 3151 perfectus
1922 3086 2024 3134 est.

428 3168 572 3224 Ecce
600 3167 974 3240 Oxyrynchus
1021 3167 1220 3223 civitas
1261 3185 1330 3223 ex
1372 3167 1608 3239 propriis
1653 3167 1870 3223 civibus
1918 3175 2033 3222 tota
2143 3167 2449 3201 sesswnum
2493 3167 2646 3199 unus
2673 3167 2949 3198 eruuwure
2994 3167 3222 3194 turuiuw
3266 3167 3521 3194 ιιιιιιιιδιι.
3570 3167 3747 3192 uuuu

428 3258 667 3304 nar-facta
695 3266 793 3304 93L
831 3259 985 3304 Enr-.9,
1036 3266 1096 3304 ut
1125 3258 1189 3304 ad
1232 3275 1515 3304 nrnxlmng
1562 3265 1617 3304 et
1647 3257 1861 3304 vicinos
1891 3273 2028 3304 nns—
2069 3219 2110 3277 Ο
2140 3243 2319 3290 παθη)
2352 3234 2418 3289 de
2445 3241 2596 3290 tanta
2625 3233 2726 3288 hac
2753 3229 3106 3304 Pen'el'Silate
3134 3229 3434 3296 fueramus:
3467 3228 3560 3284 sed
3590 3227 3750 3284 ﬁlius

428 3258 668 3332 perfecta
695 3266 794 3314 est.
827 3259 989 3327 Ecce,
1036 3266 1096 3314 ut
1125 3258 1191 3314 ad
1232 3275 1515 3330 pl‘OMﬂlOS
1562 3265 1617 3313 et
1647 3257 1861 3313 vicinos
1891 3273 2028 3312 nos-

426 3354 542 3403 tros
579 3347 886 3414 veniamus,
919 3346 1236 3402 Prothasius
1281 3353 1334 3401 et
1378 3345 1671 3402 Gervasius
1701 3343 1756 3399 in
1808 3345 2028 3417 propria

428 3435 531 3492 hac
560 3435 954 3494 Mediolanensi
985 3435 1234 3503 civitate,
1261 3434 1588 3506 prOpriaque
1616 3432 1780 3488 domo
1803 3448 2024 3488 manen-

425 3532 526 3592 tes,
559 3543 624 3581 ac
652 3542 748 3597 per
783 3527 972 3583 decem
1021 3542 1196 3582 annos
1227 3525 1625 3582 monachorum
1656 3525 1827 3580 vitam
1857 3539 2027 3580 exer-

424 3624 627 3683 centes,
658 3616 734 3672 ita
760 3615 986 3688 perfecti
1018 3615 1262 3685 fuerunt,
1296 3624 1358 3673 ut
1387 3623 1656 3688 martyres
1686 3613 1902 3670 ﬁerent.
1935 3613 2025 3668 An

430 3705 574 3760 forte
597 3705 714 3760 sola
740 3713 928 3762 nostra
952 3705 1238 3776 provincia
1275 3712 1431 3760 extra
1458 3705 1604 3762 hanc
1633 3703 1877 3774 regulam
1918 3701 2026 3758 erit

424 3799 677 3863 excepta,
709 3799 773 3848 ut
799 3809 912 3848 non
951 3797 1018 3848 de
1063 3793 1323 3866 propriis,
1373 3794 1468 3849 sed
1501 3801 1711 3848 tantum
1751 3791 1818 3848 de
1847 3802 2022 3850 extre-

421 3881 528 3937 mis
551 3879 713 3954 [forte
741 3881 1008 3956 externis]
1039 3882 1236 3938 habeat
1277 3881 1575 3938 monachos
1604 3882 1630 3938 ?
1659 3879 2022 3954 Satagendum

419 3970 591 4042 igitur
621 3973 794 4042 magis
817 3981 918 4041 est,
938 3983 1002 4028 ut
1017 3971 1110 4029 ubi
1130 3973 1254 4046 quis
1275 3970 1627 4042 fuerit,juxta
1642 3971 1882 4042 regulam
1906 3987 2022 4042 per-

420 4058 692 4115 fectorum
722 4061 896 4130 vivat,
949 4069 1004 4117 et
1031 4078 1142 4117 non
1176 4071 1485 4132 parentum,
1519 4077 1630 4116 non
1666 4059 2022 4131 propinquo-

419 4162 566 4215 rum,
598 4164 710 4202 non
739 4147 989 4204 aﬂinium
1011 4149 1287 4206 illecebris
1315 4167 1344 4204 a
1373 4149 1463 4204 via
1483 4149 1837 4220 perfectionis
1857 4146 2022 4202 decli-

423 4245 517 4292 net
563 4237 776 4306 (Matth.
822 4253 941 4304 xxx,
993 4239 1108 4307 21).
1159 4239 1248 4293 Sic
1300 4245 1465 4305 certe,
1513 4235 1676 4308 juxta
1721 4235 2022 4292 Salvatoris

419 4323 769 4391 sententiam,
793 4324 936 4396 patri
966 4327 1257 4396 matrique,
1301 4324 1567 4380 fratribus
1609 4323 2015 4396 sororibusque,

420 4411 709 4481 uxoribus,
744 4412 896 4481 ﬁliis,
929 4411 1208 4482 domibus,
1239 4411 1401 4484 agris,
1427 4419 1484 4467 et
1512 4413 1726 4469 cunctis
1746 4428 1866 4485 quae
1898 4429 2017 4484 pos-

418 4502 580 4571 sidet,
614 4504 932 4559 renuntiare
975 4502 1198 4558 valebit.
1240 4504 1355 4558 Hoc
1385 4511 1566 4557 autem
1599 4501 1723 4557 dico
1753 4518 1862 4556 non
1907 4517 2014 4574 quo

2152 577 2296 650 apud
2341 595 2440 634 vos
2481 578 2603 634 fieri
2645 595 2801 651 posse
2843 579 3134 650 denegant,
3165 585 3228 633 ut
3257 577 3515 650 vigilanti
3569 577 3763 634 studio

2151 665 2522 735 considerent,
2551 685 2651 724 cur
2689 684 2801 724 non
2826 667 3033 723 dixerit
3079 667 3352 723 Dominus
3383 684 3396 722 :
3429 667 3606 722 Nemo
3633 681 3764 739 pro-

2152 757 2314 830 pheta
2341 757 2614 830 perfectus
2640 766 2722 815 est
2751 759 2810 814 in
2840 758 3015 831 patria
3057 771 3178 826 sua,
3227 757 3320 813 sed
3357 772 3370 812 :
3403 757 3567 813 Nemo
3601 773 3764 812 acce-

2147 859 2272 926 ptus
2299 861 2375 910 est
2399 854 2458 910 in
2480 854 2667 926 patria
2705 871 2804 910 sua
2845 854 2996 927 (Luc.
3044 870 3130 922 ιγ,
3174 853 3291 926 24).
3345 851 3450 910 Sed
3496 850 3574 908 ibi
3619 849 3763 926 quid

2152 943 2302 1000 aliud
2358 943 2777 1017 intelligendum
2825 952 2926 1013 est,
2970 944 3077 1000 nisi
3126 943 3257 1016 quia
3309 959 3422 998 non
3467 950 3760 1016 acceptum

2151 1032 2318 1100 dixit,
2348 1050 2693 1108 nequaquam
2723 1042 3022 1106 receptum.
3055 1033 3214 1100 Quod
3237 1032 3307 1089 de
3334 1032 3582 1106 antiquis
3611 1048 3759 1105 pro-

2153 1121 2334 1195 phetis
2362 1130 2416 1178 et
2461 1122 2639 1196 seipso
2691 1113 2902 1180 dictum
2945 1121 3182 1193 intelligi
3237 1121 3435 1190 voluit,
3467 1121 3564 1194 qui
3609 1119 3762 1193 apud

2152 1213 2466 1271 incredulos
2506 1216 2723 1272 Iudaeos
2755 1231 2866 1270 non
2908 1214 3135 1270 fuerunt
3163 1213 3392 1286 accepti,
3441 1211 3536 1269 sed
3578 1211 3762 1284 magis

2151 1303 2340 1374 spreti,
2391 1302 2668 1376 Stephano
2713 1303 2782 1359 ad
2825 1319 2916 1360 eos
2955 1303 3174 1359 dicente
3208 1319 3220 1358 :
3274 1303 3439 1370 Quem
3469 1302 3762 1375 propheta-

2151 1408 2274 1448 rum
2301 1409 2407 1449 non
2437 1399 2559 1450 sunt
2580 1393 2844 1466 persecuti
2873 1392 3016 1465 (Act.
3052 1409 3156 1461 vn,
3181 1390 3276 1465 52)
3307 1393 3336 1447 ἲ

2614 1517 2957 1575 EPISTOLA
2978 1517 3282 1573 ALTERA.

2223 1625 2559 1682 Praedicator
2589 1625 2985 1698 omnipotentis
3020 1623 3245 1682 Domini
3275 1623 3476 1681 Paulus
3523 1631 3764 1698 aposto-

2151 1716 2239 1773 lus
2285 1715 2462 1772 dicit:
2497 1716 2778 1772 Seniorem
2823 1732 2891 1772 ne
2935 1713 3305 1787 increpaveris
3348 1713 3484 1786 (Tit.
3525 1717 3610 1786 v).
3647 1713 3761 1771 Sed

2151 1807 2270 1866 haec
2297 1807 2413 1881 ejus
2441 1809 2713 1865 sententia
2745 1807 2803 1864 in
2833 1823 2896 1864 ea
2924 1824 2980 1864 re
3008 1806 3277 1864 servanda
3302 1813 3405 1871 est,
3433 1821 3562 1862 cum
3588 1807 3758 1879 culpa

2150 1895 2382 1953 senioris
2411 1899 2664 1970 exemplo
2707 1913 2806 1954 suo
2843 1913 2955 1953 non
3004 1895 3181 1952 tradat
3227 1895 3391 1970 [forte
3428 1895 3634 1970 trahat]
3685 1896 3760 1954 ad

2151 1985 2438 2042 interitum
2467 1986 2633 2043 corda
2655 1985 2965 2058 juniorum.
2988 1985 3095 2042 Ubi
3120 1995 3302 2042 autem
3323 1983 3506 2042 senior
3529 1985 3758 2057 juveni-

2149 2075 2254 2132 bus
2299 2076 2616 2147 exemplum
2663 2075 2734 2131 ad
2769 2075 3058 2132 interitum
3107 2075 3332 2148 praebet,
3372 2073 3452 2131 ibi
3495 2074 3762 2132 districta

2150 2163 2526 2234 increpatione
2561 2161 2842 2218 feriendus
2873 2170 2976 2228 est,
3008 2161 3137 2234 quia
3173 2160 3439 2233 scriptum
3469 2167 3552 2216 est
3584 2177 3596 2216 :
3630 2159 3760 2216 La-

2149 2251 2577 2322 queusjuvenum
2605 2268 2782 2306 omnes
2814 2268 2904 2305 vos
2936 2251 3070 2323 (Isa.
3102 2267 3239 2319 xui,
3271 2249 3360 2322 22)
3400 2269 3412 2306 :
3447 2258 3500 2306 et
3527 2265 3760 2305 rursum

2149 2339 2414 2409 propheta
2437 2338 2574 2395 dicit
2608 2357 2620 2394 :
2653 2341 2727 2394 Et
2749 2346 2991 2408 peccator
3034 2345 3238 2394 centum
3271 2355 3540 2395 annorum
3575 2338 3764 2393 male-

2147 2429 2319 2484 dictus
2351 2428 2506 2500 (1εαὶ.
2529 2444 2660 2495 va,
2689 2427 2802 2498 20).
2827 2427 3000 2482 Tanta
3024 2435 3204 2482 autem
3229 2426 3477 2499 nequitia
3501 2425 3570 2482 ad
3588 2441 3760 2482 aures

2146 2533 2294 2572 meas
2321 2515 2389 2572 de
2421 2525 2516 2572 tua
2543 2523 2821 2572 senectute
2859 2514 3130 2586 pervenit,
3162 2521 3222 2569 ut
3252 2531 3368 2569 eam
3407 2513 3516 2570 nisi
3561 2514 3763 2571 adhuc

2149 2605 2446 2661 humanius
2473 2621 2846 2677 pensaremus,
2866 2602 2978 2658 ﬁxa
2995 2601 3110 2674 jam
3141 2601 3528 2659 maledictione
3559 2601 3765 2658 ferire-

2149 2713 2294 2753 mus.
2345 2695 2814 2768 Dictum'quippe
2854 2701 2957 2760 est,
3004 2692 3153 2766 quod
3199 2692 3608 2749 dominicorum
3655 2691 3758 2750 die

2145 2787 2464 2859 priusquam
2505 2784 2794 2840 Missarum
2825 2781 3092 2841 solemnia
3129 2782 3451 2850 celebrares,
3489 2777 3560 2835 ad
3605 2796 3754 2836 exa-

2144 2875 2372 2931 raudam
2425 2891 2657 2931 messem
2707 2873 2896 2930 latoris
2939 2871 3291 2945 presentium
3322 2869 3613 2943 perrexisti
3644 2887 3658 2926 ;
3695 2877 3753 2926 et

2145 2976 2268 3040 post
2297 2965 2668 3022 exarationem
2713 2963 2828 3036 ejus
2868 2961 3156 3018 Missarum
3199 2959 3469 3016 solemnia
3500 2957 3746 3016 celebra-

2145 3073 2250 3112 res.
2284 3057 2413 3112 Post
2450 3055 2739 3112 Missarum
2784 3051 3053 3108 solemnia
3095 3050 3260 3106 etiam
3307 3047 3572 3105 terminos
3601 3065 3747 3120 pos-

2143 3144 2449 3201 sessionum
2493 3143 2646 3199 illius
2673 3141 2949 3198 eradicare
2994 3138 3222 3194 minime
3262 3136 3521 3194 timuisti.
3570 3135 3747 3192 Dubii

2138 3331 2324 3378 noster
2344 3323 2633 3390 Quiriacus
2661 3321 2827 3378 abbas
2855 3337 2886 3376 a
2914 3319 3074 3376 nobis
3103 3318 3398 3392 requisitas
3429 3317 3561 3373 dum
3590 3326 3747 3374 esset

2138 3410 2364 3478 Caralis,
2399 3410 2474 3466 ita
2505 3425 2562 3465 se
2590 3407 2912 3480 cognovisse
2961 3405 3262 3479 perhibuit.
3295 3406 3369 3461 Et
3398 3404 3527 3478 quia
3555 3403 3746 3462 adhuc

2136 3498 2287 3554 canis
2316 3498 2427 3554 tuis
2466 3497 2764 3570 parcimus,
2797 3495 3086 3552 hortamur
3129 3492 3427 3567 aliquando
3457 3492 3742 3565 resipisce,

2135 3603 2324 3656 senex,
2376 3595 2537 3659 atque
2579 3593 2789 3644 tantam
2837 3585 3118 3641 lenitatem
3162 3598 3380 3640 morum
3424 3589 3479 3638 et
3507 3598 3742 3654 operum

2136 3676 2548 3748 perversitatem
2579 3691 2861 3748 compesce
2896 3693 2908 3730 :
2947 3675 3042 3747 qui
3063 3681 3270 3747 quanto
3297 3672 3465 3728 morti
3495 3671 3742 3729 vicinior

2133 3771 2384 3841 eiliceris,
2415 3779 2570 3827 tanto
2597 3770 2716 3826 ﬁeri
2744 3769 3039 3826 sollicitior
3074 3775 3238 3841 atque
3265 3765 3518 3822 timidior
3544 3765 3735 3844 debes.

2131 3859 2204 3914 Et
2233 3859 2455 3932 quidem
2488 3875 2660 3930 pugnae
2701 3857 2972 3914 sententia
3002 3857 3059 3912 in
3089 3865 3143 3912 te
3173 3855 3351 3911 fuerat
3387 3852 3689 3926 jaculanda
3718 3871 3732 3922 ;

2133 3947 2228 4003 sed
2271 3948 2400 4020 quia
2445 3947 2856 4020 simplicitatem
2901 3953 3055 4002 tuam
3087 3960 3212 4002 cum
3248 3952 3528 4000 senectute
3555 3944 3735 4000 novi-

2131 4052 2274 4104 mus,
2320 4035 2545 4091 interim
2593 4043 2858 4091 tacemus.
2907 4035 3018 4089 Eos
3048 4048 3178 4088 vero
3215 4047 3449 4104 quorum
3479 4032 3732 4088 consiliis

2128 4125 2246 4182 haec
2291 4127 2469 4198 egisti,
2520 4127 2579 4182 in
2628 4125 2843 4182 duobus
2895 4123 3174 4180 mensibus
3219 4123 3730 4180 excommunicatos

2127 4217 2474 4276 decernimus
2506 4236 2518 4274 :
2553 4219 2632 4274 ita
2658 4224 2720 4273 ut
2759 4217 2806 4273 si
2846 4216 2979 4290 quid
3008 4216 3088 4271 eis
3117 4215 3262 4270 infra
3290 4214 3524 4270 duorum
3558 4230 3728 4272 men-

2127 4309 2268 4366 sium
2322 4311 2558 4382 spatium
2615 4307 2938 4364 humanitus
2992 4305 3259 4374 evenerit,
3329 4304 3725 4362 benedictione

2126 4399 2314 4456 viatici
2363 4414 2476 4455 non
2527 4397 2835 4471 priventur.
2883 4397 3150 4468 Deinceps
3186 4401 3368 4452 autem
3415 4395 3484 4450 ah
3529 4409 3720 4451 eorum

2123 4491 2374 4547 consiliis
2401 4499 2600 4547 cautus
2621 4491 2843 4558 exsiste,
2869 4497 3030 4562 teque
3056 4487 3326 4542 sollicitus
3353 4485 3570 4542 custodi
3608 4505 3625 4543 :
3655 4501 3720 4542 ne

418 4613 718 4654 secessores
764 4596 858 4670 qui
897 4597 964 4653 de
1012 4613 1180 4669 regno
1210 4596 1275 4652 ad
1316 4612 1566 4668 regnum,
1598 4594 1664 4650 de
1693 4573 2016 4666 publicoiad
2043 4573 2092 4632 D
2127 4581 2174 4638 si
2203 4581 2283 4637 eis
2321 4582 2379 4636 in
2405 4583 2548 4637 malo
2584 4579 2890 4652 discipulus
2916 4579 3119 4670 fueris,
3139 4575 3341 4670 quibus
3369 4575 3634 4648 magister
3661 4576 3716 4631 in

415 4700 662 4742 eremum
691 4693 997 4754 transeunt,
1047 4703 1260 4741 summa
1290 4685 1450 4740 laude
1495 4699 1606 4740 non
1637 4683 1832 4740 ducam
1867 4699 1879 4738 :
1913 4682 2008 4739 sed

2144 4688 2264 4728 nono
2293 4688 2407 4727 esse
2445 4670 2706 4738 debuisti,
2756 4685 2858 4725 nec
2886 4665 3228 4740 simplicitati
3265 4673 3374 4722 tuae
3420 4681 3525 4723 nec
3565 4681 3716 4722 sene-

417 4789 528 4846 quo
557 4775 721 4830 etiam
767 4774 894 4830 illos
921 4775 1016 4846 qui
1059 4775 1231 4846 magis
1271 4773 1558 4830 effectibus
1601 4771 1762 4845 [forte
1789 4771 2009 4828 affecti-

413 4862 542 4937 bus]
573 4864 802 4936 patriam
843 4864 1084 4937 fugiunt,
1114 4881 1276 4937 quam
1309 4863 1599 4936 gressibus,
1633 4862 1819 4920 felices
1846 4870 2008 4935 atque

2116 4760 2256 4820 ctuti
2285 4769 2392 4818 tuae
2422 4761 2656 4818 ulterius
2683 4775 2988 4834 parcamus.
