3940 6378
169 378 314 439 1193

1413 382 1863 446 EXPLANATIO
1900 383 2222 447 SYMBOLI.

3302 397 3443 460 119i-

165 502 3442 556 Ἦ

418 691 1269 780 EXPLANATIO
1372 695 1964 782 SYMBOLI
2054 699 2217 784 AD
2304 700 3166 796 INITIANDOS.

1186 969 1314 1031 (MAI
1346 969 1533 1031 Script.
1569 970 1665 1019 vet.
1705 968 1911 1020 Collect.
1944 982 2089 1035 nom,
2122 979 2256 1026 tom.
2290 976 2423 1036 Vll)

228 1083 514 1140 Celebrata
556 1083 820 1142 hactenus
860 1086 1122 1159 mysteria
1165 1086 1583 1144 serutaminum.
1633 1086 1736 1141 In-
1761 1088 1812 1146 A
1838 1085 1971 1142 hinc
1999 1091 2340 1161 complevit.)
2380 1093 2492 1149 Hoc
2521 1094 2684 1151 habet
2712 1096 2992 1169 Scriptura
3020 1098 3234 1157 divina.
3270 1102 3441 1161 Nun-

158 1172 432 1242 quisitum
462 1181 542 1228 est
574 1188 643 1227 ne
674 1174 1030 1229 immunditia
1060 1175 1117 1229 in
1150 1192 1375 1246 corpore
1395 1173 1749 1244 alicujushre-

158 1269 330 1316 reret.
364 1262 463 1317 Per
491 1263 861 1319 exorcismum
895 1265 975 1334 (1)
1008 1280 1117 1319 non
1153 1265 1330 1320 solum
1361 1264 1623 1335 corporis,
1656 1261 1750 1317 sed

157 1349 328 1404 etiam
362 1350 559 1405 animae
594 1352 824 1423 quaesita
860 1360 913 1407 et
948 1351 1202 1407 adhibita
1240 1361 1320 1407 est
1367 1350 1750 1407 sanctificatio.

156 1436 323 1491 Nunc
352 1443 567 1508 tempus
600 1447 681 1493 est
728 1446 782 1495 et
818 1438 936 1495 dies
975 1447 1037 1494 ut
1073 1439 1386 1511 symbolum
1434 1438 1746 1503 tradamus;

157 1527 312 1598 quod
342 1528 654 1598 symbolum
685 1537 766 1585 est
795 1528 1042 1600 spiritale
1068 1528 1433 1600 signaculum,
1456 1527 1637 1583 cordis
1656 1542 1749 1581 no-

156 1616 263 1671 stri
294 1617 601 1685 meditatio,
652 1626 706 1673 et
752 1619 905 1691 quasi
944 1634 1155 1690 semper
1198 1633 1435 1690 praesens
1478 1617 1746 1684 custodia,

153 1713 310 1761 certe
340 1706 628 1763 thesaurus
654 1708 892 1779 pectoris
921 1707 1117 1764 nostri.

228 1828 480 1888 Primum
513 1832 683 1905 igitur
707 1832 974 1889 rationem
1004 1832 1248 1890 nominis
1281 1832 1454 1904 ipsius
1489 1830 1748 1887 debemus

154 1924 428 1996 accipere.
477 1927 800 1998 Symbolum
834 1928 1018 1984 Graece
1056 1926 1283 1994 dicitur,
1335 1925 1527 1982 Latine
1564 1931 1746 1980 autem

152 2013 422 2069 collatio:
474 2023 529 2071 et
558 2015 796 2071 maxime
825 2015 1133 2086 symbolam
1164 2013 1530 2085 negotiatores
1567 2010 1747 2067 dicere

151 2108 519 2170 consuerunt,
574 2103 792 2176 quando
820 2103 1111 2160 conferunt
1151 2101 1439 2173 pecuniam
1468 2116 1643 2167 suam,
1695 2106 1750 2155 et

151 2193 317 2264 quasi
348 2210 417 2249 ex
446 2193 794 2264 singulorum
824 2193 1118 2250 collatione
1140 2195 1198 2250 in
1218 2211 1392 2251 unum
1422 2194 1746 2263 constipata,

150 2278 374 2353 integra
392 2291 447 2339 et
466 2282 807 2339 inviolabilis
836 2294 1210 2353 conservatur,
1229 2294 1291 2341 ut
1312 2302 1472 2341 nemo
1501 2282 1747 2338 fraudem

150 2370 444 2426 collationi
480 2371 657 2427 facere
685 2380 934 2438 conetur,
964 2388 1126 2427 nemo
1157 2371 1518 2442 negotiationi
1548 2386 1559 2424 :
1595 2368 1745 2424 deni-

151 2475 266 2532 que
298 2460 441 2517 inter
466 2461 612 2541 ipsos
642 2430 1006 2533 negotiatores
1034 2461 1139 2516 ista
1169 2430 1257 2516 est
1281 2458 1638 2525 consuetudo,
1685 2464 1747 2513 ut
1772 2430 1819 2491 Β

151 2549 199 2604 si
232 2549 359 2621 quis
387 2549 634 2606 fraudem
664 2550 873 2618 fecerit,
920 2549 1075 2623 quasi
1108 2549 1493 2604 fraudulentus
1523 2546 1746 2618 rejicia—

152 2645 272 2695 tur.
324 2640 509 2695 Sancti
564 2656 690 2711 ergo
746 2639 979 2710 apostoli
1020 2640 1077 2693 in
1118 2654 1292 2693 unum
1335 2638 1742 2703 convenientes,

151 2727 497 2784 breviarium
538 2729 667 2785 ﬁdei
692 2729 961 2795 fecerunt,
1014 2735 1077 2782 ut
1116 2727 1360 2782 breviter
1406 2726 1534 2781 fidei
1574 2726 1743 2781 totius

152 2817 359 2871 seriem
392 2814 940 2885 comprehendamus.
964 2813 1213 2869 Brevitas
1240 2812 1542 2870 necessaria
1560 2820 1659 2881 est,
1682 2820 1744 2868 ut

153 2919 377 2974 semper
410 2903 674 2958 memoria
703 2910 757 2957 et
787 2900 1167 2958 recordatione
1197 2908 1468 2957 teneatur.
1515 2900 1638 2957 Scio
1685 2899 1743 2956 in

156 2991 413 3063 partibus
444 2993 682 3049 maxime
712 2989 974 3058 Orientis,
1001 2990 1147 3062 quod
1178 3006 1240 3045 ea
1268 3007 1387 3062 quae
1417 2989 1596 3061 primo
1622 2996 1746 3044 tra-

155 3081 279 3137 dita
306 3090 434 3137 sunt
467 3099 498 3136 a
528 3080 826 3152 majoribus
860 3080 1061 3136 nostris
1083 3080 1189 3152 (2),
1211 3079 1341 3135 dum
1372 3079 1523 3151 quasi
1554 3078 1745 3135 fraude

154 3170 280 3237 alii,
299 3169 394 3225 alii
425 3169 732 3241 diligentia,
752 3168 943 3224 fraude
972 3167 1237 3236 haeretici,
1255 3166 1541 3238 diligentia
1562 3167 1743 3223 catho-

157 3258 254 3315 lici
282 3276 295 3323 ;
316 3258 445 3314 dum
468 3274 594 3329 ergo
614 3258 694 3313 illi
717 3256 1093 3313 fraudulenter
1107 3264 1376 3313 conantur
1395 3253 1746 3327 irrepere,ad-

154 3346 425 3404 diderunt
446 3346 593 3419 quod
622 3363 732 3401 non
762 3362 898 3417 opus
927 3354 1042 3413 est;
1069 3344 1201 3400 dum
1230 3343 1319 3399 isti
1346 3344 1590 3399 fraudem
1614 3360 1744 3415 prte-

156 3450 356 3493 cavere
382 3433 742 3498 contendunt,
765 3433 901 3489 fines
930 3431 1201 3503 majorum
1232 3433 1383 3487 velut
1400 3432 1597 3503 pietate
1617 3448 1744 3506 qua-

153 3524 285 3579 dam
316 3531 370 3578 et
398 3522 612 3579 incuria
642 3522 903 3577 videntur
929 3537 1043 3577 esse
1071 3520 1457 3593 przelergressi.

228 3650 378 3721 Ergo
406 3647 638 3720 apostoli
672 3646 845 3703 sancti
874 3646 1265 3702 convenientes
1294 3645 1541 3702 fecerunt
1584 3662 1746 3719 sym—

152 3738 350 3794 bolum
388 3738 647 3793 breviter.
700 3737 919 3806 Signate
953 3752 1069 3791 vos.
1128 3736 1248 3802 Quo
1286 3736 1449 3802 facto,
1494 3744 1549 3792 et
1590 3736 1740 3793 dicto

152 3828 411 3899 symbolo
438 3845 449 3881 :
484 3826 542 3880 in
569 3825 673 3880 hoc
704 3824 958 3896 symbolo
984 3823 1250 3881 divinitas
1279 3824 1563 3881 Trinitatis
1589 3832 1739 3881 aeter-

152 3934 239 3974 na:
271 3914 683 3972 evidentissime
711 3913 1103 3984 comprehensa
1140 3922 1222 3970 est
1265 3914 1431 3970 unius
1461 3914 1742 3986 operatio-

151 4008 262 4063 nis.
309 4005 523 4060 Patrem
548 4010 595 4056 et
623 4003 825 4057 Filium
851 4009 899 4056 et
926 4003 1186 4072 Spiritum
1222 4010 1482 4071 sanctum,
1531 4006 1635 4061 hoc
1662 4014 1744 4063 est

152 4093 529 4153 venerabilem
560 4091 905 4147 Trinitatem.
960 4093 1034 4147 Et
1075 4092 1224 4164 quod
1262 4093 1399 4149 ﬁdes
1437 4102 1622 4150 nostra
1666 4095 1743 4151 ita

153 4187 251 4253 sit,
300 4191 365 4239 ut
393 4181 508 4253 pari
540 4196 732 4252 genere
772 4179 1060 4236 credamus
1087 4179 1147 4235 in
1176 4180 1393 4237 Patrem
1435 4193 1490 4237 et
1538 4182 1740 4239 Filium

154 4282 208 4331 et
236 4273 504 4346 Spiritum
536 4276 804 4325 sanctum.
840 4268 943 4324 Ubi
974 4269 1124 4323 enim
1156 4270 1311 4325 nulla
1344 4269 1604 4327 discretio
1632 4289 1741 4329 ma-

149 4363 365 4434 jestatis
408 4368 509 4427 est,
560 4375 660 4414 nec
688 4357 817 4412 fidei
847 4356 1009 4413 debet
1046 4373 1163 4413 esse
1200 4357 1478 4414 discretio.
1532 4359 1742 4417 Deinde

157 4453 471 4525 frequenter
521 4447 806 4515 admonui,
844 4446 989 4519 quod
1044 4448 1314 4503 Dominus
1362 4457 1545 4504 uoster
1586 4450 1741 4505 Iesus

154 4540 408 4597 Christus
449 4538 625 4593 Filius
662 4536 762 4593 Dei
808 4536 957 4591 solus
999 4551 1218 4592 carnem
1264 4536 1423 4593 istam
1478 4536 1735 4609 suscepit,

155 4631 399 4703 corporis
426 4629 621 4685 forma.
672 4627 928 4699 Corporis
980 4626 1139 4685 istius
1176 4627 1404 4683 veritate
1453 4629 1628 4683 factus
1658 4634 1741 4684 est

155 4730 211 4776 ut
244 4722 444 4776 homo:
494 4721 587 4775 sed
617 4718 781 4772 habet
811 4718 1085 4789 singulare
1112 4717 1461 4789 privilegium
1507 4735 1739 4789 genera-

156 4809 321 4863 tionis
342 4825 450 4862 sure
475 4825 486 4861 :
522 4823 629 4861 non
663 4806 809 4860 enim
842 4822 911 4860 ex
941 4805 1093 4859 virili
1123 4813 1283 4860 natus
1311 4814 1392 4860 est
1411 4806 1738 4873 scmine,sed

155 4905 425 4965 generatus
467 4896 691 4966 Spiritu,
725 4893 925 4965 inquit,
958 4899 1133 4948 saneto
1178 4911 1243 4947 ex
1287 4894 1469 4951 Maria
1515 4894 1734 4965 virgine.

156 4984 572 5056 l’raemgativam
595 4982 833 5038 auctoris
854 4981 1090 5037 caelestis
1109 4982 1357 5053 agnoscis
1379 5000 1392 5049 ;
1418 4982 1594 5038 factus
1619 4983 1735 5055 qui-

156 5070 274 5127 dem
310 5080 369 5126 ut
397 5072 585 5138 homo,
632 5076 695 5123 ut
725 5069 1071 5123 infirmitates
1104 5076 1320 5124 nostras
1361 5068 1420 5123 in
1451 5086 1548 5124 sua
1575 5086 1736 5125 carne

156 5160 570 5233 susciperet,sed
600 5176 724 5215 cum
756 5158 1047 5229 privilegio
1075 5159 1229 5213 venit
1257 5157 1556 5228 majestatis
1584 5169 1735 5215 mter-

158 5265 256 5307 nre.
308 5252 451 5322 Ergo
498 5250 746 5305 dicamus
774 5246 1108 5319 symbolum.
1160 5248 1254 5319 (Et
1306 5264 1428 5302 cum
1479 5247 1733 5317 dixisset,

229 5394 309 5463 (1)
349 5390 708 5463 Exercismus
728 5386 1307 5463 legitur_i_n_Ambros_ii
1332 5386 1573 5463 editione
1588 5390 1734 5445 Mau-

162 5458 339 5519 rin‘a't.
371 5463 439 5529 ll,
468 5461 590 5527 ﬁn.,
622 5470 869 5530 sumptus
891 5458 1150 5514 videlicet
1171 5476 1238 5513 ex
1260 5460 1528 5515 Vaticano
1548 5476 1735 5531 perve-

165 5541 272 5589 tere
300 5533 488 5590 codice
514 5532 607 5599 82,
650 5531 831 5587 swculi
866 5547 942 5584 xu.

229 5607 307 5673 (‘2)
350 5606 452 5659 Par
482 5604 751 5658 sententia
793 5610 874 5656 est
910 5600 1052 5673 apud
1082 5600 1366 5667 Rufinum,
1413 5600 1624 5659 Comm.
1676 5603 1737 5659 in

160 5678 333 5747 symb.

472 5772 715 5830 ΡΑτιιοι..
752 5770 931 5829 XVII.

1861 1176 1991 1244 quis!
2025 1194 2187 1245 supra
2216 1182 2583 1245 apostolorum
2620 1184 2755 1238 fines
2785 1185 3035 1255 progredi
3064 1186 3266 1245 audaci
3290 1206 3440 1247 men-

1862 1270 1914 1316 te
1945 1264 2251 1321 debemus?
2290 1268 2553 1340 Nunquid
2582 1285 2682 1326 nos
2709 1288 2897 1329 sumus
2926 1274 3181 1344 apostolis
3216 1277 3440 1335 cautio-

1860 1367 1945 1407 res
1965 1353 1993 1408 ?

1930 1439 2054 1507 Sed,
2087 1443 2226 1501 dicis
2256 1446 2415 1516 mihi,
2446 1457 2632 1521 postea
2660 1458 2998 1507 emerserunt
3024 1450 3270 1509 haereses.
3290 1453 3436 1521 Quid

1859 1530 2026 1626 ergo?
2057 1532 2182 1588 vide
2210 1536 2646 1608 simplicitatem,
2676 1538 2804 1593 vide
2830 1540 3140 1610 puritatem.
3171 1542 3436 1615 Patripas-

1859 1623 1998 1671 siani
2030 1634 2156 1675 cum
2187 1623 2557 1693 emersissent,
2609 1633 2940 1697 putaverunt
2976 1628 3139 1683 etiam
3176 1630 3436 1688 catholici

1858 1704 1914 1760 in
1946 1705 2046 1763 hac
2079 1718 2229 1780 parte
2271 1712 2584 1768 addendum
2629 1714 2943 1769 inuisibilem
2969 1722 3015 1769 et
3042 1716 3432 1788 impassibilem,

1858 1795 2013 1864 quasi
2045 1796 2223 1854 Filius
2250 1799 2349 1855 Dei
2377 1800 2615 1857 visibilis
2647 1810 2701 1857 et
2726 1801 3001 1872 passibilis
3028 1803 3211 1859 fuerit.
3246 1804 3303 1861 Si
3326 1805 3436 1862 fuit

1857 1882 2097 1940 visibilis
2128 1886 2183 1941 in
2215 1904 2400 1956 carne,
2417 1906 2544 1945 caro
2565 1890 2661 1945 illa
2690 1891 2798 1945 fuit
2825 1891 3082 1956 visibilis,
3104 1908 3215 1948 non
3231 1892 3434 1950 divini-

1856 1977 1958 2028 tas.
1990 1973 2236 2047 Denique
2266 1977 2398 2048 quid
2425 1978 2573 2035 dicat
2609 1976 2773 2034 audi:
2807 1980 2972 2048 Deus,
3020 1982 3183 2049 Deus,
3227 1981 3436 2054 respice

1858 2060 1917 2116 in
1976 2079 2101 2129 me;
2145 2081 2310 2136 quare
2362 2084 2449 2123 me
2494 2068 2837 2140 dereliquisti
2863 2069 2892 2124 ?
2931 2070 2993 2125 In
3037 2071 3287 2141 passione
3330 2071 3438 2129 hoc

1858 2151 2031 2219 dicit;
2054 2155 2327 2211 Dominus
2350 2165 2536 2213 noster
2554 2158 2708 2214 Jesus
2725 2157 2978 2215 Christus
3004 2158 3111 2215 hoc
3133 2159 3436 2217 secundum

1858 2238 2137 2296 hominem
2176 2242 2392 2299 locutus
2421 2254 2526 2309 est,
2557 2245 2715 2317 quasi
2742 2262 2869 2302 caro
2896 2245 3043 2302 dicat
3071 2247 3139 2303 ad
3167 2248 3436 2304 Divinita-

1858 2335 1966 2384 tem
1994 2346 2005 2384 :
2029 2330 2206 2397 Quare
2236 2348 2323 2387 me
2351 2331 2693 2405 dereliquisti
2716 2333 2903 2405 ?Ergo
2935 2340 3074 2401 esto,
3103 2334 3302 2391 medici
3324 2336 3436 2392 fue-

1859 2416 1970 2471 rint
2014 2417 2244 2489 majores
2285 2420 2497 2485 nostri;
2562 2421 2839 2476 voluerint
2878 2421 3077 2476 addere
3121 2422 3435 2492 aegritudini

1855 2506 2143 2563 sanitatem
2160 2526 2180 2572 ;
2202 2509 2475 2564 medicina
2496 2525 2604 2564 non
2621 2509 2907 2580 quaeritur.
2934 2510 3078 2581 Ergo
3093 2510 3140 2565 si
3162 2510 3436 2567 medicina

1856 2611 1965 2650 non
1998 2595 2104 2649 fuit
2130 2611 2193 2649 eo
2224 2603 2466 2666 tempore
2498 2596 2820 2662 necessaria,
2862 2611 2972 2667 quo
2996 2604 3112 2652 erat
3138 2596 3436 2656 haeretico-

1854 2698 1976 2736 rum
2007 2680 2367 2752 quorumdam
2396 2682 2575 2753 gravis
2604 2680 2869 2753 aegritudo
2896 2682 3204 2740 animorum
3230 2701 3243 2739 :
3285 2692 3342 2741 et
3383 2686 3434 2744 si

1853 2767 1962 2823 fuit
2007 2776 2141 2823 tunc
2180 2768 2442 2839 temporis
2492 2767 2804 2841 quaerenda,
2851 2785 3002 2826 nunc
3028 2786 3129 2827 nos
3159 2781 3261 2829 est.
3314 2773 3436 2841 Qua

1853 2855 2067 2911 ratione
2081 2856 2109 2911 ?
2124 2855 2285 2911 Fides
2316 2855 2526 2928 integra
2554 2857 2817 2914 adversus
2838 2856 3434 2917 Sabellianos.Exclusi

1854 2951 1986 3001 sunt
2013 2944 2306 3001 Sabelliani
2338 2945 2578 2999 maxime
2605 2944 2673 2999 de
2701 2945 2948 3016 partibus
2976 2946 3310 3004 Occidentis.
3345 2949 3434 3006 Ex

1854 3031 1950 3087 illo
1978 3030 2219 3087 remedio
2242 3031 2433 3087 Ariani
2455 3031 2785 3088 invenerunt
2799 3032 2905 3088 sibi
2926 3048 3095 3105 genus
3106 3035 3428 3093 calumniae:

1853 3128 1908 3176 et
1933 3121 2193 3191 quoniam
2222 3120 2535 3192 symbolum
2567 3122 2823 3177 Romanae
2855 3122 3112 3179 Ecclesia:
3143 3140 3243 3180 nos
3269 3132 3435 3183 tene-

1854 3224 1977 3263 mus
2000 3209 2105 3279 (3),
2130 3208 2251 3264 ideo
2280 3208 2557 3264 visibilem
2591 3216 2646 3264 et
2676 3208 2988 3280 passibilem
3019 3210 3232 3267 Patrem
3257 3212 3433 3269 omni-

1854 3304 2130 3370 potentem
2178 3295 2262 3351 illi
2308 3294 2646 3352 aestimarent
2692 3303 2746 3350 et
2786 3295 3065 3352 dicerent:
3120 3298 3276 3355 vides
3302 3298 3436 3371 quia

1854 3385 2167 3456 symbolum
2198 3384 2279 3439 sic
2306 3383 2529 3450 habent,
2558 3391 2620 3438 ut
2648 3381 2924 3439 visibilem
2956 3383 3159 3440 Filium
3187 3391 3241 3441 et
3265 3386 3431 3457 passi-

1853 3474 2020 3530 bilem
2051 3474 2443 3544 designarent?
2486 3471 2631 3540 Quid
2660 3488 2786 3544 ergo
2808 3472 2836 3527 ?
2880 3473 2983 3528 Ubi
3033 3472 3168 3529 ﬁdes
3214 3473 3429 3545 integra

1855 3573 1956 3630 est,
1979 3562 2260 3618 sufﬁciunt
2288 3570 2555 3633 praecepta
2585 3560 2975 3630 apostolorum.
2999 3560 3289 3618 Cautiones
3304 3561 3434 3617 licet

1854 3652 2194 3709 sacerdotum
2249 3667 2357 3706 non
2396 3649 2766 3722 requirantur.
2817 3646 3043 3715 Quare?
3084 3649 3212 3721 quia
3246 3648 3431 3707 tritico

1852 3740 2097 3797 immista
2118 3740 2326 3794 zizania
2353 3748 2501 3795 sunt.

1924 3828 2066 3884 Hinc
2087 3827 2421 3898 symbolum.
2452 3827 2621 3883 Credo
2640 3825 2853 3882 unicum
2871 3825 3155 3883 Dominum
3174 3832 3430 3884 nostrum.

1852 3918 1942 3975 Sic
1960 3916 2145 3973 dicite:
2172 3916 2371 3972 Filium
2396 3914 2511 3983 ejus
2530 3916 2761 3970 unicum.
2778 3915 2899 3970 Non
2919 3913 3116 3970 unicus
3134 3913 3433 3972 Dominus?

1853 4006 2005 4062 Unus
2037 4007 2182 4061 Deus
2223 4013 2324 4071 est,
2355 4021 2498 4060 unus
2525 4012 2581 4060 et
2617 4001 2922 4059 Dominus:
2980 4001 3073 4058 sed
3116 4018 3183 4058 ne
3229 4003 3432 4058 calum-

1853 4093 2077 4149 nientur
2110 4102 2164 4149 et
2201 4092 2407 4160 dicant,
2457 4091 2586 4165 quia
2614 4107 2724 4146 una
2752 4105 2981 4162 persona
3029 4088 3135 4161 (4),
3186 4089 3436 4147 dicamus

1853 4181 2056 4238 Filium
2082 4186 2244 4236 etiam
2273 4180 2500 4237 unicum
2532 4178 2831 4236 Dominum
2859 4184 3132 4233 nostrum.
3180 4175 3322 4244 Quia
3366 4176 3437 4234 de

1852 4267 2145 4325 divinitate
2173 4267 2348 4323 Patris
2373 4275 2426 4324 et
2454 4266 2585 4323 Filii
2616 4266 2837 4321 venitur
2878 4264 2947 4321 ad
2996 4263 3435 4321 incarnationem

1852 4355 2026 4428 ipsius
2080 4356 2174 4425 qui
2217 4361 2374 4409 natus
2414 4360 2463 4408 et
2498 4353 2770 4425 sepultus:
2816 4351 2983 4408 habes
3026 4360 3081 4407 et
3128 4351 3434 4422 passionem

1853 4444 2044 4515 ipsius,
2093 4452 2147 4498 et
2175 4444 2533 4514 sepulturam.
2590 4441 2764 4498 Tertio
2792 4439 2875 4494 die
2899 4458 2934 4494 a
2962 4438 3223 4503 mortuis;
3267 4437 3435 4495 habes

1851 4540 1905 4589 et
1952 4531 2406 4587 resurrectionem
2445 4529 2580 4600 ejus.
2632 4526 2880 4583 Ascendit
2905 4533 2955 4580 et
2978 4526 3113 4581 sedet
3139 4526 3210 4581 ad
3248 4526 3435 4581 dexte-

1850 4641 1968 4679 ram
1999 4624 2199 4679 Putris.
2245 4622 2412 4682 Vides
2442 4637 2568 4691 ergo
2594 4619 2723 4691 quia
2755 4633 2880 4674 caro
2908 4615 3192 4672 divinitati
3234 4616 3433 4673 immi-

1850 4730 2017 4768 nuere
2048 4712 2126 4766 nil
2158 4711 2375 4782 potuit;
2425 4709 2537 4762 imo
2586 4707 2653 4760 de
2702 4705 3077 4761 incarnatione
3116 4703 3432 4777 triumphus

1851 4818 2078 4874 magnus
2110 4800 2368 4872 (praesilius
2395 4805 2478 4853 est
2506 4795 2745 4854 Christo.
2777 4794 2895 4862 Qua
2923 4794 3132 4849 ratione
3160 4793 3305 4849 enim
3336 4793 3432 4851 ubi

1850 4890 1918 4948 de
1946 4899 2119 4947 morte
2147 4888 2413 4955 ascendit,
2447 4886 2596 4942 sedet
2623 4885 2692 4940 ad
2719 4884 2998 4939 dexteram
3024 4883 3239 4938 Patris?
3265 4880 3433 4949 Quasi

1850 4982 1943 5054 qui
1992 4980 2137 5034 Patri
2178 4975 2427 5033 retulerit
2474 4975 2631 5031 bona:
2670 4973 2911 5027 fructum
2947 4971 3265 5026 voluntatis.
3311 4972 3432 5025 Duo

1848 5070 2048 5126 habes:
2109 5067 2347 5122 surrexit
2372 5084 2407 5121 a
2432 5071 2618 5131 morte,
2666 5062 2802 5118 sedet
2829 5062 2900 5117 ad
2929 5062 3198 5117 dexteram
3228 5060 3429 5116 Patris.

1850 5160 2074 5217 Nullum
2106 5175 2234 5230 ergo
2285 5158 2463 5228 potuit
2489 5155 2682 5210 all‘erre
2730 5168 2856 5210 caro
2886 5151 3203 5208 divinitatis
3245 5151 3431 5223 gloriae

1848 5247 2260 5305 detrimentum.
2288 5246 2408 5299 Duo
2429 5241 2595 5298 habes
2627 5247 2759 5296 :aut
2787 5239 2940 5312 quasi
2972 5238 3269 5295 secundum
3301 5255 3431 5311 pras-

1925 5390 2005 5461 (3)
2046 5387 2224 5444 Nullis
2254 5383 2643 5461 additamentis
2674 5381 3090 5461 fuisse‘auctutn
3124 5380 3433 5461 Romanum

1852 5450 2257 5533 syr‘nbolummt
2284 5457 2500 5533 publice
2531 5456 2598 5510 ab
2626 5450 3154 5533 initiandis‘recitari
3184 5451 3431 5518 solitum,

1852 5522 2037 5590 nuarrat
2058 5522 2300 5587 llulinus'
2314 5529 2417 5583 loc.
2440 5527 2559 5594 cit.,
2584 5525 2683 5598 qui
2703 5533 2884 5580 tamen
2905 5522 3256 5595 Aquileiense
3274 5536 3436 5579 suum

1853 5603 2123 5676 sequitur.

1928 5668 2012 5747 (4)
2053 5672 2212 5742 Cod.,
2245 5687 2405 5726 unum
2427 5668 2751 5741 passionum.

3050 5757 3121 5816 38
