3940 6392
489 365 628 449 nec

1492 347 1588 403 AD
1625 344 1858 402 OPERA
1891 342 1949 400 S.
1983 337 2313 400 AMBROSII
2348 335 2722 396 APPENDIX.

3616 331 3758 388 1196

483 481 787 560 regativam
810 472 1192 537 divinitatiset
1209 468 1530 532 substantiae
1560 465 1926 541 generationis
1945 481 2056 521 suae
2090 467 2141 527 Α
2179 462 2422 538 pecuniae
2461 461 2601 520 hanc
2641 461 2843 518 habent
2868 457 3062 529 legem,
3098 462 3174 556 .ut
3206 453 3255 511 si
3439 451 3758 560 s‘yu‘iholam

481 556 754 637 Dominus
780 573 968 626 noster
1003 564 1160 622 Iesus
1184 560 1436 620 Christus
1461 559 1614 615 sedet
1650 556 1716 612 ad
1754 557 2058 621 dexteram,

484 677 519 720 a
549 666 724 718 morte
751 653 1030 722 surrexit;
1058 658 1156 710 aut
1176 657 1322 708 certe
1341 646 1496 722 quasi
1523 643 1890 716 triumphator
1909 649 2060 697 aeter-

483 765 591 810 nus
619 745 716 822 qui
741 745 948 802 bonum
975 751 1207 813 regnum
1232 735 1350 794 Deo
1375 727 1906 822 Patricomparavit,
1927 741 2061 822 pra:

485 811 792 912 rogativam
827 829 938 888 sibi
974 811 1086 888 sua:
1113 822 1362 886 victoria
1385 818 1716 893 vindicavit,
1761 815 1953 880 sedens
1991 811 2064 872 ad

485 927 768 987 dexteram
795 917 992 978 Patris.

557 1014 810 1073 Judicare
837 1011 922 1084 (5)
957 1005 1104 1065 vicos
1123 1013 1177 1065 et
1194 1007 1448 1065 mortuos.
1500 995 1670 1071 Audi,
1713 996 1900 1057 homo.
1943 997 2067 1084 De-

485 1102 585 1161 bes
609 1099 830 1174 quidem
849 1082 981 1156 cito
1021 1093 1262 1154 credere.
1310 1089 1474 1151 Fides
1525 1089 1646 1163 ipsa
1687 1086 1756 1145 de
1780 1082 2069 1174 icharitate

491 1170 794 1265 promatur.
862 1183 972 1255 Qui
1024 1190 1191 1252 amat,
1246 1180 1327 1239 nil
1381 1178 1630 1252 derogat:
1682 1173 1912 1265 amicus,
1971 1170 2070 1245 qui

489 1261 728 1335 amicum
755 1280 922 1343 amat,
971 1271 1116 1331 nihil
1139 1270 1368 1342 derogat
1394 1285 1408 1325 :
1453 1265 1552 1342 qui
1573 1271 1722 1322 amat
1745 1261 2066 1330 Dominum,

487 1364 666 1422 multo
695 1361 867 1436 magis
893 1375 1008 1418 non
1035 1358 1198 1418 debet
1218 1357 1496 1430 derogare.
1525 1353 1704 1422 Quare
1731 1350 1858 1408 dico
1887 1347 2069 1405 sedet?

487 1453 598 1524 Qui
641 1459 808 1521 amat,
856 1449 1022 1508 habet
1067 1446 1203 1523 quid
1239 1447 1448 1503 timeat.
1495 1440 1650 1501 Unde
1697 1446 1750 1498 et
1787 1444 2022 1496 mortuos
2039 1438 2070 1493 9

487 1541 612 1615 Ipse
637 1539 708 1598 de
733 1539 892 1597 nobis
915 1536 1265 1612 iudicaturus
1289 1541 1390 1591 est.
1441 1531 1587 1592 Cave
1620 1544 1749 1603 ergo
1785 1525 2070 1585 detrahere

486 1625 564 1699 ei,
604 1641 767 1702 quem
803 1625 1050 1699 judicem
1077 1623 1368 1682 habiturus
1393 1637 1473 1680 es.
1515 1619 1695 1689 Quare
1722 1617 1827 1674 hoc
1854 1621 2071 1688 myste-

491 1716 639 1775 rium
662 1713 693 1772 τ
736 1712 999 1788 Nunquid
1025 1725 1140 1770 non
1175 1725 1350 1768 unum
1375 1707 1649 1782 judicium
1693 1711 1776 1763 est
1803 1703 1979 1762 Patris
2015 1708 2071 1758 et

491 1802 626 1864 Filii
649 1811 707 1861 et
733 1803 976 1876 Spiritus
997 1798 1172 1858 sancti
1193 1797 1228 1858 τ
1251 1794 1514 1871 Nunquid
1541 1809 1652 1852 non
1679 1807 1792 1851 una
1814 1790 2072 1848 voluntas

487 1855 626 1952 si?
652 1855 1515 1964 animisanimssesm
1530 1883 1710 1952 Quare
1729 1879 1835 1938 tibi
1861 1878 2068 1936 dicitur
2098 1855 2146 1918 B

489 1978 641 2056 quod
668 1979 846 2036 Filius
867 1977 1220 2051 judicaturus
1242 1981 1348 2043 est,
1386 1973 1498 2030 nisi
1526 1979 1590 2029 ut
1615 1969 1888 2042 intelligas
1921 1965 2068 2023 nihil

489 2067 637 2128 Filio
663 2064 1037 2139 derogandum
1063 2062 1097 2121 τ
1140 2063 1286 2136 Ergo
1311 2061 1439 2119 vide
1465 2077 1481 2118 :
1525 2059 1718 2118 credes
1745 2059 1804 2114 in
1831 2057 2066 2123 Patrem,

489 2151 682 2215 aedes
703 2159 762 2209 at
787 2152 848 2208 in
875 2151 1102 2208 Filium.
1129 2149 1202 2206 Et
1227 2148 1363 2222 quid
1392 2147 1558 2225 tertio
1575 2146 1607 2203 7
1631 2153 1689 2202 et
1713 2146 1774 2201 in
1802 2143 2068 2214 Spiritum

493 2248 765 2300 senm.
814 2237 1168 2309 Quaecunque
1191 2233 1430 2307 accipies
1460 2239 1820 2299 sacramenta,
1867 2231 1928 2286 in
1968 2229 2072 2284 hac

491 2325 745 2388 trinitate
768 2323 1028 2400 accipies.
1071 2323 1244 2382 Nemo
1269 2329 1326 2378 te
1353 2321 1526 2378 fallat.
1559 2319 1728 2376 Vides
1749 2332 1878 2387 ergo
1903 2315 2071 2370 unius

494 2414 852 2492 operationis,
880 2411 1052 2470 unius
1077 2407 1548 2476 sanctificationis,
1577 2405 1747 2462 unius
1775 2401 2070 2474 maiestatis

493 2519 612 2566 esse
636 2501 1013 2562 venerabilem
1041 2499 1390 2556 Trinitatem.

563 2602 710 2660 Sane
726 2598 912 2672 accipe
938 2597 1209 2655 rationem
1235 2589 1699 2669 quemadmodum
1719 2588 1994 2648 credimus
2013 2589 2071 2644 in

500 2697 780 2750 auctorem
805 2703 822 2756 ;
852 2699 924 2744 ne
948 2685 1096 2743 forte
1120 2683 1294 2752 dicas,
1307 2681 1416 2739 Sed
1430 2681 1595 2738 habet
1614 2689 1672 2738 et
1683 2681 1746 2736 ie
1763 2679 2071 2744 Ecclesium,

499 2777 596 2839 sed
619 2777 784 2836 habet
819 2782 880 2833 et
907 2773 972 2831 in
991 2771 1354 2831 missionem
1375 2775 1729 2842 peccatorum,
1775 2767 1870 2824 sed
1914 2765 2077 2822 habet

499 2877 556 2928 et
575 2866 637 2924 in
661 2860 1116 2924 resurrectionem.
1142 2858 1294 2930 Quid
1317 2874 1446 2934 ergo
1462 2857 1494 2916 ἵ
1541 2857 1646 2915 Par
1670 2871 1835 2914 causa
1854 2861 1958 2912 est.
1985 2853 2076 2910 Sic

497 2954 774 3016 credimus
823 2951 887 3010 in
937 2949 1246 3020 Christum,
1292 2948 1376 3008 sic
1413 2947 1691 3006 credimus
1733 2947 1796 3003 in
1840 2947 2075 3013 Patrem,

499 3037 966 3118 quemadmodum
987 3035 1268 3096 credimus
1293 3042 1349 3093 et
1374 3035 1434 3094 in
1461 3035 1784 3102 Ecclesiam,
1813 3043 1868 3091 et
1894 3033 1954 3090 in
1983 3047 2079 3090 re-

499 3129 820 3190 missionem
841 3131 1214 3201 peccutorum,
1231 3123 1374 3182 etin
1401 3125 1582 3182 carnis
1605 3123 2076 3181 resurrectionem.

2166 568 2328 611 suam
2356 549 2670 618 violaverit,
2703 549 2986 621 improbus
3013 551 3068 601 et
3094 539 3430 599 intestabilis
3465 539 3756 610 habeatur,

2168 643 2346 699 multo
2375 639 2548 713 magis
2575 637 2882 698 cavendum
2920 641 3004 694 est
3029 633 3209 703 nobis,
3260 647 3332 690 ne
3373 629 3444 690 de
3480 627 3756 702 majorum

2169 729 2422 803 symbolo
2451 727 2669 802 aliquid
2690 725 3010 784 detrahatur
3036 741 3050 781 :
3081 730 3232 780 cum
3267 718 3470 776 habeas
3504 717 3564 774 in
3611 716 3760 774 libro

2169 818 2530 892 Apocalypsis
2574 814 2830 882 Joannis,
2879 815 2975 886 qui
3017 809 3239 867 libellus
3277 805 3656 874 canonizatur,
3706 811 3760 862 et

2173 906 2414 963 maxime
2459 903 2528 962 ad
2565 903 2694 960 ﬁdei
2722 901 2946 975 proﬁcit
2986 900 3450 958 fundamentum:
3499 895 3578 953 ibi
3606 893 3759 950 enim

2172 994 2457 1052 evidenter
2483 991 2912 1064 omnipotentem
2943 988 3241 1046 Dominum
3276 993 3528 1044 nostrum
3569 983 3758 1041 Iesum

2177 1081 2454 1142 Christum
2485 1079 2828 1137 memoravit.
2877 1077 3032 1134 Licet
3057 1084 3116 1134 et
3139 1076 3200 1132 in
3227 1073 3356 1131 aliis
3380 1073 3542 1142 locis,
3572 1077 3761 1128 tamen

2178 1171 2236 1227 in
2264 1171 2382 1244 ipso
2413 1169 2600 1227 libello
2625 1186 2640 1226 :
2662 1168 2720 1226 Si
2747 1167 2894 1242 quis,
2929 1164 3133 1238 inquit,
3157 1161 3430 1220 addiderit
3457 1168 3553 1219 aut
3579 1159 3762 1216 detra-

2177 1261 2342 1329 xerit,
2383 1258 2656 1332 judicium
2699 1255 2807 1315 sibi
2849 1254 3024 1314 sumit
3067 1262 3124 1310 et
3165 1268 3405 1327 pennam.
3453 1251 3548 1309 Sic
3587 1249 3763 1307 unius

2178 1354 2411 1428 apostoli
2440 1352 2727 1428 scripturis
2754 1351 2897 1409 nihil
2923 1359 3006 1407 est
3032 1346 3458 1413 detrahendum,
3487 1343 3637 1402 nihil
3665 1342 3762 1400 ad-

2177 1445 2442 1514 dendum,
2470 1441 2932 1518 quemadmodum
2961 1454 3062 1496 nos
3089 1439 3344 1512 symbolo
3372 1435 3520 1510 quod
3547 1433 3763 1505 accepi-

2179 1549 2302 1590 mus
2328 1532 2398 1591 ab
2425 1531 2685 1606 apostolis
2715 1529 2982 1586 traditum
3006 1535 3170 1600 atque
3199 1525 3590 1598 compositum,
3612 1520 3765 1578 nihil

2179 1621 2440 1680 debemus
2467 1613 2772 1686 detrahere,
2804 1617 2945 1674 nihil
2975 1615 3290 1688 adjungere.
3322 1613 3438 1671 Hoc
3461 1620 3650 1669 autem
3680 1617 3768 1668 est

2179 1711 2493 1784 symbolum
2521 1707 2667 1783 quod
2696 1709 2941 1766 Romana
2967 1705 3212 1762 Ecclesia
3243 1709 3412 1770 tenet,
3429 1701 3527 1758 ubi
3548 1700 3767 1773 primus

2179 1801 2553 1874 apostolorum
2579 1797 2772 1856 Petrus
2797 1795 2962 1866 sedit,
2985 1802 3038 1854 et
3061 1806 3410 1858 communem
3425 1789 3764 1853 sententiam

2178 1905 2244 1948 eo
2269 1889 2490 1950 detulit.

2248 1979 2398 2053 Ergo
2421 1978 2879 2056 quemadmodum
2907 1972 3200 2038 duodecim
3227 1970 3481 2050 apostoli,
3522 1979 3582 2032 et
3609 1969 3768 2029 duo-

2181 2069 2357 2126 decim
2385 2069 2691 2128 sententiaa.
2719 2071 2942 2142 Signata
2971 2084 3090 2126 vos.
3119 2068 3240 2136 Quo
3267 2065 3451 2124 facto:
3488 2062 3662 2120 Credo
3685 2057 3772 2136 [in

2182 2158 2350 2214 Deum
2377 2159 2593 2216 Patrem
2616 2158 3036 2230 omnipotentem,
3056 2161 3344 2214 creatorem
3369 2151 3485 2209 creti
3511 2156 3559 2207 et
3585 2156 3769 2217 terrm,

2181 2253 2232 2300 et
2255 2247 2314 2302 in
2333 2247 2509 2303 Iesum
2541 2247 2809 2304 Christum
2831 2247 3034 2305 Filium
3067 2245 3182 2316 ejus
3225 2243 3442 2300 unicum
3476 2237 3771 2298 Dominum

2110 2377 2126 2384 ρ
2181 2343 2442 2404 nostrum,
2487 2339 2580 2408 qui
2603 2344 2872 2408 coucqrtus
2907 2344 2984 2394 est
3017 2338 3079 2393 de
3119 2335 3328 2408 Spiritu
3362 2338 3563 2400 sanam,
3605 2335 3771 2386 natus

2182 2441 2248 2481 ea:
2274 2423 2478 2497 Maria]
2507 2425 2709 2494 virgine
2731 2441 2754 2489 ;
2801 2423 2995 2496 [habes
3039 2423 3256 2480 Patrem
3301 2425 3770 2492 omnipotentem,

2186 2513 2352 2570 habes
2393 2513 2598 2569 Filium
2625 2509 2878 2584 unicum]
2926 2509 3094 2566 habes
3137 2509 3573 2565 incarnationem
3610 2506 3772 2574 Filii,

2186 2600 2643 2675 quemadmodum
2689 2597 2830 2657 dixi.
2887 2598 2994 2654 Sub
3033 2597 3226 2655 Pontio
3260 2595 3442 2653 Pilato
3471 2612 3678 2666 passus
3729 2598 3778 2649 et

2186 2691 2453 2762 sepultus;
2519 2687 2686 2743 babes
2737 2685 3043 2757 passionem
3097 2692 3155 2741 et
3205 2683 3564 2756 sepulturam.
3625 2683 3776 2738 Ecce

2189 2785 2423 2852 quatuor
2450 2776 2568 2832 ista
2595 2773 2897 2832 sententiae.
2931 2771 3232 2830 Videamus
3257 2773 3413 2830 alias.
3475 2769 3660 2828 Tertia
3695 2772 3779 2826 die

2192 2865 2512 2940 [resurrexit
2557 2883 2596 2921 a
2639 2863 2887 2932 mortuis,
2916 2861 3152 2918 ascendit
3192 2862 3267 2917 ad
3308 2863 3483 2926 erutos,
3511 2860 3655 2914 sedet
3705 2861 3780 2914 ad

2189 2957 2458 3012 dexteram
2487 2953 2587 3012 Dei
2612 2952 2817 3022 Patris,
2867 2952 2988 3008 inde
3023 2957 3273 3008 uenturus
3308 2955 3384 3004 est
3399 2946 3652 3016 judicare
3683 2947 3776 3002 oi-

2192 3045 2304 3120 vosj
2344 3050 2394 3100 et
2419 3049 2673 3099 mortuos.
2722 3041 2865 3099 Ecce
2892 3041 3014 3098 aliae
3045 3047 3276 3112 quatuor
3303 3037 3617 3103 sententiae,
3668 3033 3777 3091 hoc

2191 3141 2271 3189 est
2311 3141 2436 3190 octo
2483 3131 2784 3188 seiitentiaa.
2836 3129 3134 3186 Videamus
3163 3127 3348 3184 adhuc
3373 3125 3508 3182 alias
3533 3132 3775 3197 quatuor

501 3221 636 3290 Quae
660 3216 805 3275 ratio
827 3213 958 3274 est?
998 3211 1144 3282 Quia
1162 3211 1260 3288 qui
1283 3212 1460 3273 credit
1487 3214 1546 3271 in
1574 3222 1872 3282 auctorem,
1901 3212 2075 3268 credit

2189 3220 2502 3278 sententias.
2551 3221 2624 3275 Et
2650 3220 2708 3273 in
2739 3217 2999 3290 Spiritum
3016 3224 3255 3274 sanctum
3283 3215 3545 3288 {sanctum
3570 3213 3770 3268 Eccle-

499 3309 642 3370 etin
670 3321 808 3383 opus
833 3303 1096 3366 auctoris.
1137 3303 1389 3378 Denique
1425 3320 1495 3361 ne
1521 3302 1628 3360 hoc
1657 3301 1864 3374 ingenii
1903 3299 2079 3357 nostri

499 3396 728 3473 putetis,
745 3394 982 3471 accipite
997 3392 1378 3453 testimonium
1405 3410 1418 3450 :
1440 3391 1500 3451 Si
1527 3391 1669 3448 mihi
1695 3407 1808 3447 non
1836 3389 2080 3457 creditis,

499 3487 592 3546 vel
635 3485 898 3563 operibus
934 3483 1161 3546 credite.
1195 3483 1346 3556 Ergo
1373 3481 1482 3541 hoc
1509 3481 1694 3540 habes.
1741 3482 1900 3540 Nunc
1947 3479 2084 3536 ﬁdes

498 3584 598 3635 tua
622 3573 863 3650 amplius
887 3572 1150 3643 elucebit,
1193 3571 1242 3631 si
1269 3573 1332 3629 in
1360 3587 1498 3646 opus
1525 3569 1764 3630 auctoris
1799 3571 1889 3626 tui
1915 3569 2082 3626 ﬁdem

499 3678 687 3722 veram
735 3669 793 3721 et
830 3661 1102 3737 integram
1146 3660 1426 3735 putaveris
1459 3661 1832 3718 deferendam.
1877 3660 1944 3716 In
1985 3659 2083 3715 Ec-

500 3751 713 3809 clesium
737 3755 994 3819 sanctam,
1014 3749 1148 3806 etin
1175 3748 1529 3806 remissionem
1546 3755 1896 3820 peccatorum.
1913 3746 2087 3805 Crede

503 3853 634 3912 ergo
655 3853 726 3896 ex
753 3835 886 3908 ﬁde,
933 3836 1066 3912 quia
1091 3835 1278 3896 omnia
1311 3835 1416 3894 tibi
1442 3845 1669 3912 peccata
1704 3837 2082 3895 remittuntur.

505 3927 682 3996 Quare
709 3927 894 4002 legisti
923 3926 982 3984 in
1005 3926 1332 4002 Evangelia,
1361 3926 1576 3986 dicente
1599 3927 1878 3986 Domino:
1921 3926 2088 3986 Fides

499 4020 599 4072 tua
624 4023 682 4072 te
709 4015 926 4074 salvum
949 4014 1105 4074 fecit.
1139 4017 1606 4076 Resurrcctionem.
1629 4017 1804 4076 Crede
1834 4018 1963 4092 quia
1989 4033 2089 4074 re-

505 4111 690 4176 surget
729 4112 784 4163 et
817 4120 967 4164 caro.
1011 4105 1162 4174 Quid
1201 4105 1354 4164 enim
1392 4123 1534 4180 opus
1555 4107 1686 4176 fuit,
1731 4115 1797 4164 ut
1838 4107 2088 4165 Christus

507 4203 730 4246 carnem
769 4189 1069 4263 susciperet
1085 4192 1120 4248 τ
1173 4192 1312 4266 quid
1365 4209 1503 4266 opus
1551 4195 1680 4262 fuit,
1725 4201 1789 4250 ut
1837 4193 2089 4250 Christus

505 4281 742 4331 mortem
767 4282 1029 4349 gustaret,
1062 4277 1400 4350 sepulturam
1425 4280 1725 4350 susciperet
1753 4288 1807 4336 et
1835 4297 2089 4354 resurge—

505 4369 614 4433 ret,
643 4362 752 4421 uisi
775 4371 997 4439 propter
1019 4369 1172 4422 tuam
1199 4366 1656 4424 resurrectionem
1673 4368 1706 4425 τ
1757 4369 1952 4426 Totum
1984 4369 2090 4427 hoc

507 4458 908 4509 sacramentum
953 4457 1063 4510 tua
1103 4459 1188 4510 est
1227 4453 1666 4513 resurrectionis.
1718 4457 1777 4512 Si
1835 4456 2088 4514 Christus

508 4554 621 4596 non
651 4539 974 4610 resurrexit,
1003 4555 1147 4598 vana
1173 4549 1256 4600 est
1281 4541 1418 4600 ﬁdes
1443 4551 1662 4600 nostra:
1711 4543 1806 4601 sed
1835 4545 1962 4620 quia
1989 4561 2088 4602 re-
2114 4547 2166 4608 D

509 4627 768 4697 surrexit,
793 4627 920 4686 ideo
947 4627 1108 4688 ﬁrma
1131 4638 1216 4688 est
1241 4628 1376 4689 ﬁdes
1409 4641 1616 4690 nostra.

577 4723 725 4799 Ergo
759 4724 882 4783 dixi
926 4727 1202 4802 apostolos
1245 4727 1561 4804 symbolum
1594 4733 1983 4806 composuisse.
2034 4737 2087 4791 Si

509 4826 636 4884 ergo
691 4813 958 4872 mercium
1005 4815 1237 4874 istarum
1283 4819 1650 4892 negotiatores
1705 4831 1758 4877 et
1803 4821 2090 4882 collatores

587 4969 671 5042 (ὅ)
705 4971 1083 5030 Praetermissa
1121 4974 1181 5030 in
1216 4976 1406 5035 codice
1433 4977 1606 5036 verba
1647 4981 1806 5039 uncis
1842 4981 2087 5040 include.

2188 3310 2342 3378 siam,
2391 3307 2744 3364 rentissionem
2777 3313 3128 3378 peccatorum,
3163 3302 3368 3378 carnis]
3415 3301 3775 3360 resurrectio-

2189 3415 2326 3455 item.
2373 3399 2515 3454 Ecce
2543 3397 2844 3454 secundum
2875 3395 3166 3453 duodecim
3195 3394 3490 3468 apostolos,
3533 3398 3588 3448 et
3623 3391 3775 3453 dno—

2191 3487 2370 3545 decim
2399 3486 2683 3544 sententiae
2715 3484 3124 3558 comprehensa
3157 3491 3308 3546 sunt.

2263 3575 2410 3632 lllud
2438 3591 2567 3632 sane
2594 3575 2834 3630 monitos
2863 3591 2962 3628 vos
2988 3574 3116 3630 volo
3145 3589 3282 3641 esse,
3319 3567 3578 3645 quoniam
3612 3585 3774 3642 sym—

2193 3664 2385 3722 bolum
2413 3681 2524 3720 non
2554 3663 2712 3720 debet
2741 3662 2930 3732 scribi,
2960 3663 3090 3736 quia
3116 3661 3341 3718 reddere
3365 3659 3503 3716 illud
3535 3658 3770 3715 habetis.

2197 3753 2300 3810 Sed
2328 3769 2489 3810 nemo
2516 3751 2736 3808 scribat.
2787 3750 2908 3818 Qua
2938 3750 3150 3808 ratione
3173 3750 3203 3806 ‘i
3254 3749 3344 3806 Sic
3373 3746 3690 3820 accepimus
3718 3753 3775 3801 ut

2197 3859 2307 3899 non
2333 3843 2527 3898 debeat
2555 3840 2740 3898 scribi.
2759 3839 2864 3896 Sed
2891 3839 3024 3912 quid
3040 3840 3068 3896 Τ
3085 3839 3304 3895 Teneri.
3324 3838 3430 3894 Sed
3451 3836 3591 3894 dicis
3616 3833 3770 3902 mihi,

2198 3931 2472 4009 quomodo
2502 3939 2681 4004 potest
2710 3930 2906 3996 teneri,
2941 3931 2986 3985 si
3017 3945 3129 3986 non
3157 3928 3418 3986 scribitur
3435 3929 3466 3984 ?
3484 3927 3659 3999 Magis
3687 3941 3774 3997 po-

2197 4031 2303 4081 test
2319 4023 2518 4089 teneri,
2547 4022 2593 4078 si
2624 4038 2737 4078 non
2769 4018 3058 4078 scribatur.
3081 4019 3198 4086 Qua
3229 4019 3438 4076 ratione
3457 4017 3488 4074 7
3505 4014 3770 4087 Accipite.

2199 4113 2355 4183 Quod
2390 4111 2535 4170 enim
2569 4112 2792 4178 scribes,
2823 4126 3044 4166 securus
3064 4109 3218 4182 quasi
3247 4108 3472 4181 relegas,
3502 4121 3621 4161 non
3649 4119 3772 4177 quo-

2199 4208 2408 4264 tidiana
2437 4205 2792 4262 meditatione
2823 4202 3025 4275 incipis
3051 4218 3332 4260 recensere
3356 4221 3367 4258 :
3420 4201 3568 4274 quod
3596 4208 3770 4256 autem

2199 4313 2309 4353 non
2338 4295 2550 4364 scribis,
2587 4294 2749 4351 times
2778 4311 2845 4350 ne
2875 4293 3115 4361 amittas,
3159 4290 3404 4366 quotidie
3436 4288 3642 4362 incipis
3685 4303 3773 4343 re-

2199 4403 2437 4443 censere.
2485 4385 2742 4456 Magnum
2771 4391 2952 4440 autem
2981 4390 3346 4440 tutamentum
3378 4388 3495 4441 est:
3533 4395 3773 4438 nascun-

2197 4485 2289 4532 tur
2316 4481 2563 4548 stupores
2595 4473 2770 4550 animi
2804 4485 2857 4530 et
2884 4474 3149 4545 corporis,
3201 4473 3434 4528 tentatio
3477 4469 3770 4530 adversarii

2199 4565 2293 4639 qui
2315 4581 2594 4637 nunquam
2619 4563 2871 4636 quiescit,
2894 4569 3098 4618 tremor
3113 4562 3314 4634 aliquis
3337 4562 3606 4636 corporis,
3631 4560 3770 4618 inﬁr-

2199 4653 2362 4710 mitas
2391 4651 2654 4708 stomachi
2679 4669 2695 4718 ;
2721 4650 3031 4723 symbolum
3062 4666 3278 4707 recense
3299 4651 3444 4707 intra
3459 4649 3768 4714 te,maxime

2199 4757 2418 4798 recense
2448 4741 2592 4794 intra
2617 4749 2670 4795 te
2700 4739 2899 4810 ipsum.
2925 4740 3102 4806 Quare
3130 4739 3584 4797 consuetudinem
3615 4740 3770 4796 facias

2201 4835 2256 4884 et
2280 4843 2406 4886 cum
2434 4826 2604 4894 solus,
2624 4823 2735 4902 [ut]
2757 4827 2955 4886 fortius
2983 4842 3262 4890 recenseas
3287 4829 3384 4890 ubi
3416 4839 3553 4892 sunt
3569 4827 3763 4889 ﬁdeles.
