3940 6400
176 476 301 534 “97

1456 464 1787 518 Ei‘isi'i'tlLA
1830 465 1921 516 ,ΟΕ
1962 463 2141 516 FIDE.

323 600 649 629 μέγῂ
694 600 727 601 ,,
818 600 821 601 ,

3298 465 3435 521 “98

2150 584 2577 592 *ἡ*
2594 584 2835 593 «να-ἈΑ--ο-ρν

2152 600 2285 609 αισι-..ιον

1170 721 1807 811 EPISTULA
1888 719 2043 809 DE
2136 720 2428 805 FIDE

930 875 1038 945 AD
1089 875 1415 942 BEATUM
1476 873 2006 938 HIERONYMUM
2060 874 2663 947 PRESBYTEBUM.

1635 996 1782 1061 (Mar,
1823 996 1974 1061 ibid.)

235 1245 551 1329 Apostolica
568 1250 756 1305 narrat
773 1242 1071 1304 auctoritas
1093 1257 1107 1302 :
1129 1243 1260 1302 Sine
1278 1242 1387 1300 ﬁde
1407 1242 1746 1321 impossibile
1775 1251 1823 1305 Α
1855 1252 1970 1302 tota
2015 1244 2073 1307 in
2115 1262 2212 1303 sua
2253 1248 2325 1304 sit
2365 1264 2581 1321 semper
2613 1248 2873 1315 essentia;
2905 1262 3007 1305 nec
3035 1247 3295 1307 damnum
3327 1250 3437 1313 sibi

165 1356 273 1396 esse
317 1347 379 1399 ut
425 1336 716 1413 quisquam
762 1337 976 1411 placeat
1022 1337 1154 1394 Deo.
1193 1336 1303 1392 Nos
1345 1351 1470 1407 ergo
1512 1334 1748 1389 ﬁdeliter

162 1430 436 1489 credimus
456 1431 694 1499 Patrem,
709 1428 913 1487 Filium
930 1437 986 1485 et
1003 1428 1269 1503 Spiritum
1290 1434 1560 1494 sanctum,
1574 1441 1745 1481 unum

167 1535 354 1575 verum
383 1519 559 1575 solum
583 1519 758 1573 Deum
786 1518 843 1573 in
863 1516 1139 1581 essentiali
1162 1516 1488 1583 substantia,
1520 1530 1583 1570 ac
1591 1529 1747 1589 ,ξοη-

162 1617 304 1664 ctam
333 1615 387 1662 et
417 1605 762 1662 individuam
790 1605 1128 1678 personalem
1157 1605 1535 1660 aeternitatem.
1565 1604 1747 1659 Deitas

160 1695 308 1753 enim
335 1694 539 1755 Christi
572 1710 669 1769 par
697 1693 757 1753 in
786 1690 1045 1753 omnibus
1073 1700 1129 1748 et
1150 1691 1635 1748 consubstantialis
1664 1697 1747 1746 est

158 1783 330 1851 Patri,
372 1791 428 1851 et
473 1782 803 1854 sempiterna
844 1788 1007 1853 atque
1046 1781 1482 1853 intemporaliter
1509 1796 1618 1839 una
1645 1794 1746 1836 ea-

159 1872 393 1951 demque
419 1871 664 1946 potentia
696 1870 959 1943 genitoris
985 1877 1042 1925 et
1065 1869 1256 1944 geniti.
1295 1869 1517 1929 Creator
1545 1868 1746 1945 quippe

153 1961 409 2020 omnium
440 1969 782 2027 naturarum,
805 1958 1064 2037 quoniam
1086 1973 1181 2033 per
1201 1958 1380 2033 ipsum
1400 1957 1585 2015 omnia
1602 1956 1747 2015 facta

150 2056 305 2121 sunt,
339 2056 395 2105 et
422 2047 540 2111 sine
572 2048 691 2127 ipso
719 2047 925 2104 factum
956 2053 1039 2104 est
1064 2045 1231 2114 nihil,
1265 2046 1516 2120 superior
1529 2052 1612 2102 est
1630 2061 1744 2111 om-

151 2139 323 2206 nibus
363 2154 484 2213 quae
528 2138 757 2207 creavit,
783 2153 886 2196 nec
929 2152 1173 2217 unquam
1223 2137 1456 2201 creatori
1501 2153 1602 2194 suo
1631 2151 1744 2195 non

156 2229 387 2297 inerunt
432 2226 680 2301 subjecta
715 2243 839 2307 quae
881 2226 1160 2305 condidit;
1217 2227 1310 2287 cui
1354 2227 1639 2303 proprium
1688 2234 1744 2289 et

148 2316 553 2388 sempiternum
602 2324 703 2385 est,
752 2330 856 2374 nec
885 2316 1115 2374 aliunde
1141 2331 1307 2389 quam
1337 2314 1404 2372 de
1436 2316 1614 2383 Patre,
1645 2329 1744 2369 nec

146 2404 329 2463 alium
372 2419 490 2461 esse
533 2418 697 2478 quam
742 2403 904 2463 Pater
937 2413 1044 2464 est.
1094 2404 1238 2464 Huic
1282 2405 1329 2462 si
1372 2403 1559 2461 addita
1602 2410 1744 2460 esset

146 2501 415 2565 potestas,
448 2493 497 2549 si
537 2492 811 2550 illustrata
837 2493 1100 2566 dignitas,
1136 2494 1183 2550 si
1215 2493 1453 2549 exaltata
1480 2490 1746 2547 sublimi-

144 2589 256 2651 tas,
305 2581 488 2639 minor
528 2589 647 2642 erat
685 2581 1020 2657 provehente
1066 2582 1163 2656 qui
1198 2581 1427 2646 creavit,
1456 2596 1557 2637 nec
1581 2578 1741 2636 habe-

146 2669 248 2727 bat
270 2669 497 2727 divitias
525 2670 643 2742 ejus
663 2679 892 2737 naturae,
924 2669 1085 2743 cujus
1112 2669 1353 2741 indiguit
1382 2668 1649 2740 largitate.

214 2781 285 2836 In
314 2795 376 2836 ea
407 2778 751 2850 plenitudine
778 2777 1063 2851 temporis,
1086 2793 1209 2852 quas
1237 2778 1572 2850 sempiterno
1598 2793 1741 2835 con-

150 2867 287 2924 silio
317 2868 495 2923 fuerat
517 2870 844 2940 praestituta,
864 2876 919 2924 et
948 2866 1266 2940 prophetica
1284 2865 1556 2923 dictorum
1580 2872 1741 2938 atque

143 2964 435 3028 gestorum
473 2954 873 3028 signiﬁcatione
914 2955 1201 3027 promissa,
1234 2954 1411 3011 factus
1452 2954 1601 3010 ﬁlius
1630 2953 1741 3010 ho-

145 3045 327 3102 minis
360 3060 473 3101 non
510 3061 619 3101 suae
650 3044 1007 3102 conversione
1048 3044 1388 3112 substantias,
1418 3045 1512 3100 sed
1539 3050 1741 3100 nostras

145 3134 534 3208 assumptione
560 3144 790 3204 naturae,
822 3134 979 3192 venit
1006 3149 1247 3207 quaerere
1272 3142 1325 3190 et
1354 3137 1564 3191 salvare
1594 3134 1742 3215 quod

146 3223 415 3297 perierat.
449 3221 621 3279 Venit
643 3230 823 3280 autem
867 3238 980 3279 non
1009 3222 1172 3280 locali
1221 3237 1437 3280 accessu
1473 3237 1573 3279 nec
1611 3237 1742 3278 mo-

139 3315 310 3369 tione
361 3326 642 3384 corporea,
694 3320 954 3386 tanquam
1015 3327 1252 3383 praesens
1312 3311 1531 3367 futurus
1595 3310 1739 3366 unde

138 3402 443 3477 adfuisset,
488 3410 583 3467 aut
627 3401 785 3459 illinc
829 3414 1141 3461 recessurus
1167 3400 1314 3458 unde
1357 3401 1616 3469 venisset,
1644 3400 1742 3465 sed

143 3494 315 3557 venit
341 3507 438 3566 per
465 3491 572 3551 hoc
599 3491 746 3564 quod
773 3499 890 3548 erat
914 3490 1154 3553 visibilis
1181 3500 1236 3548 et
1262 3492 1478 3549 cunctis
1502 3507 1741 3551 cernen-

134 3582 318 3639 tibus
336 3579 717 3641 declarandus.
756 3579 1061 3637 Humanam
1092 3580 1303 3637 scilicet
1329 3596 1548 3641 carnem
1576 3588 1739 3655 atque

131 3670 395 3739 animam
425 3671 485 3729 in
513 3667 819 3731 visceribus
860 3668 1096 3741 virginis
1124 3670 1315 3727 matris
1354 3671 1643 3743 accipiens,
1679 3677 1737 3729 ut

132 3774 380 3823 manens
423 3757 482 3817 in
526 3757 703 3817 forma
731 3756 853 3825 Dei,
881 3756 1026 3813 servi
1059 3756 1292 3817 formam
1338 3766 1652 3825 assumeret,
1685 3766 1739 3815 et

130 3848 195 3905 in
230 3845 611 3905 similitudine
628 3845 809 3905 carnis
829 3851 1172 3919 peccatorum
1201 3844 1430 3913 veniret,
1458 3860 1555 3917 per
1575 3860 1739 3918 quam

133 3938 258 3993 non’
316 3935 593 3997 minueret
630 3932 823 3992 divina
848 3931 1128 4002 humanis,
1158 3935 1253 3991 sed
1281 3940 1499 4006 augeret
1531 3931 1740 3988 divinis

134 3996 414 4081 humana.
449 4018 595 4081 Talis
627 4018 775 4077 enim
823 4026 939 4081 erat
989 3989 1237 4077 omnium
1275 4035 1307 4077 a
1345 3989 1538 4092 primis
1574 4017 1737 4079 ducta
1772 3989 1815 4050 δ

131 4107 492 4181 genitoribus
533 4122 692 4171 causa
735 4108 1077 4177 mortalium,
1122 4114 1182 4162 ut
1216 4106 1470 4179 originali
1518 4114 1736 4178 peccato

132 4204 469 4261 transeunte
514 4211 609 4277 per
652 4204 916 4270 posteros,
948 4196 1136 4265 nullus
1177 4212 1393 4269 poenam
1422 4195 1740 4259 damnatio-

133 4292 231 4348 nis
285 4287 562 4356 evaderet,
606 4287 711 4344 nisi
765 4287 1008 4344 Verbum
1050 4302 1177 4346 caro
1206 4287 1361 4345 ﬁeret
1387 4296 1441 4343 et
1469 4287 1739 4345 habitaret

129 4381 196 4435 in
229 4376 429 4435 nobis:
452 4376 609 4446 Quod
636 4375 858 4434 deitatis
890 4384 991 4445 est,
1021 4393 1148 4434 caro
1176 4393 1288 4432 non
1316 4376 1556 4444 minuit;
1590 4378 1736 4450 quod

127 4469 332 4537 carnis
376 4475 478 4536 est,
509 4466 684 4531 deitas
728 4481 841 4525 non
869 4465 1118 4540 peremit.
1151 4465 1299 4522 Idem
1341 4467 1487 4522 enim
1517 4474 1569 4521 et
1599 4482 1734 4523 sem-

128 4554 421 4627 piternus
444 4569 514 4612 ex
561 4554 751 4623 Patre;
802 4561 857 4611 et
881 4554 1201 4626 temporalis
1228 4570 1297 4611 ex
1328 4563 1519 4624 matre,
1550 4555 1609 4611 in
1638 4571 1736 4611 sua

126 4646 357 4705 virtute
394 4643 758 4717 inviolabilis,
789 4642 848 4701 in
874 4650 1059 4701 nostra
1088 4642 1408 4701 inﬁrmitate
1436 4642 1729 4715 passibilis.

129 4733 195 4788 In
222 4732 432 4796 deitate
458 4739 674 4797 tantum
700 4738 753 4797 et
777 4747 901 4788 cum
924 4732 1082 4789 Patre
1101 4742 1292 4788 etcum
1315 4732 1523 4803 Spiritu
1545 4742 1733 4788 sancto

128 4823 311 4885 unius
360 4819 715 4895 ejusdemque
763 4830 1005 4887 naturae;
1052 4821 1109 4879 in
1164 4821 1505 4893 susceptione
1551 4828 1730 4878 autem

130 4911 413 4977 hominis,
445 4927 557 4973 non
587 4912 754 4969 unius
781 4911 1123 4978 substantire,
1151 4912 1245 4969 sed
1270 4913 1437 4977 unius
1465 4910 1731 4983 ejusdem~

130 5015 247 5073 que
298 5013 542 5071 personae
576 5017 588 5055 :
624 5007 685 5056 ut
732 4998 875 5056 idem
925 5009 1066 5055 esset
1104 4998 1259 5061 dives
1295 5000 1353 5057 in
1394 5010 1729 5072 paupertate,

126 5087 495 5157 omnipotens
539 5088 597 5151 in
638 5086 1026 5159 submissione,
1058 5088 1411 5160 impassibilis
1441 5089 1499 5153 in
1526 5092 1731 5164 suppli-

127 5175 249 5239 cio,
288 5174 618 5236 immortalis
648 5175 705 5233 in
752 5184 944 5235 morte.
972 5176 1084 5233 Nec
1108 5178 1254 5233 enim
1283 5178 1526 5237 Verbum
1551 5188 1644 5235 aut
1671 5181 1730 5237 in

126 5280 367 5319 carnem
398 5271 492 5321 aut
520 5264 579 5331 in
608 5264 847 5321 animam
887 5264 1072 5338 aliqua
1112 5266 1197 5320 sui
1227 5274 1376 5339 parte
1404 5284 1731 5327 conversum

1855 1335 2124 1407 recipiens
2144 1352 2244 1393 nec
2264 1346 2616 1409 augmentum
2636 1356 2649 1403 ;
2673 1340 2815 1394 etsic
2835 1348 3165 1409 assumptum
3186 1347 3438 1406 naturam

1855 1424 2192 1494 beatiﬁcans,
2224 1434 2287 1483 ut
2316 1428 2619 1498 gloriﬁcata
2648 1428 2705 1485 in
2736 1428 3075 1499 glorificante
3106 1438 3434 1499 permaneat.

1927 1514 2036 1571 Cur
2061 1521 2241 1570 autem
2265 1514 2660 1575 inconveniens
2689 1524 2783 1571 aut
2805 1517 3143 1587 impossibile
3166 1517 3438 1584 videatur,

1854 1607 1917 1656 ut
1963 1603 2202 1659 Verbum
2256 1611 2308 1659 et
2351 1619 2475 1659 caro
2505 1614 2665 1678 atque
2694 1604 2877 1665 anima
2904 1621 3047 1663 unus
3090 1606 3255 1662 homo
3285 1605 3440 1669 Chri,

1855 1697 1969 1746 stus
2009 1699 2063 1745 et
2104 1708 2248 1747 unus
2309 1693 2407 1751 Dei
2444 1693 2794 1767 hominisque
2839 1694 2913 1749 sit
2942 1694 3136 1763 Filius,
3159 1692 3205 1751 si
3237 1710 3364 1751 caro
3385 1701 3441 1750 et

1854 1777 2055 1847 anima,
2084 1795 2204 1852 quae
2233 1779 2591 1841 dissimilium
2638 1788 2956 1839 naturarum
2985 1789 3135 1847 sunt,
3169 1798 3333 1839 unam
3362 1782 3440 1839 fa-

1853 1871 2027 1939 ciunt,
2050 1871 2213 1928 etiam
2235 1871 2352 1934 sine
2373 1873 2541 1935 Verbi
2572 1874 2970 1943 incarnatione,
2998 1888 3281 1945 personam
3305 1873 3386 1945 (1)
3409 1872 3441 1937 ?

1854 1959 1991 2019 Cum
2022 1961 2197 2019 multo
2228 1960 2448 2023 facilius
2475 1962 2566 2030 sit,
2598 1971 2661 2023 ut
2689 1963 2832 2021 hanc
2864 1963 3131 2021 unitatem
3167 1962 3253 2021 sui
3276 1970 3441 2035 atque

1852 2047 2113 2117 hominis,
2143 2047 2365 2107 deitatis
2396 2058 2617 2125 praestet
2647 2060 2904 2125 potestas,
2932 2068 3095 2125 quam
3134 2059 3199 2109 ut
3232 2066 3351 2107 eam
3379 2050 3440 2106 in

1851 2135 2173 2197 substantiis
2223 2136 2337 2195 suis
2387 2138 2633 2198 obtineat
2676 2140 2848 2197 solius
2894 2138 3253 2197 humanitatis
3290 2136 3439 2195 inﬁr-

1852 2225 2149 2283 mitasNec
2168 2226 2413 2287 Verbum
2435 2229 2604 2301 igitur
2632 2229 2692 2291 in
2723 2245 2963 2293 carnem,
2988 2245 3089 2286 nec
3109 2229 3168 2283 in
3198 2227 3440 2285 Verbum

1854 2328 1978 2369 caro
2020 2320 2230 2370 mutata
2275 2322 2358 2372 est
2404 2334 2417 2371 :
2462 2316 2558 2373 sed
2602 2325 2898 2390 utrumque
2927 2317 2987 2371 in
3016 2332 3128 2371 uno
3156 2322 3356 2383 manet,
3386 2323 3441 2370 et

1852 2418 1997 2463 unus
2040 2404 2098 2460 in
2147 2412 2376 2478 utroque
2403 2415 2487 2463 est
2515 2425 2527 2463 :
2562 2422 2674 2463 non
2706 2407 3021 2462 diversitate
3064 2406 3294 2472 divisus,
3326 2422 3439 2463 non

1853 2493 2206 2563 permistione
2238 2496 2519 2565 confusus,
2551 2511 2653 2551 nec
2698 2497 2836 2550 alter
2880 2510 2949 2549 ex
2998 2495 3175 2561 Patre,
3206 2495 3342 2549 alter
3369 2509 3439 2548 ex

1855 2593 2058 2651 matre;
2105 2586 2198 2641 sed
2241 2586 2387 2642 idem
2431 2603 2502 2643 ex
2546 2587 2705 2642 Patre
2733 2592 2859 2641 ante
2887 2601 3049 2641 omne
3079 2584 3435 2657 principium,

1852 2681 1905 2729 et
1932 2673 2078 2729 idem
2109 2676 2167 2731 in
2198 2676 2308 2732 ﬁne
2338 2677 2661 2733 saeculorum
2689 2687 2751 2732 ut
2778 2683 2920 2732 esset
2948 2676 3217 2731 mediator
3256 2677 3351 2731 Dei
3382 2685 3437 2732 et

1848 2762 2160 2831 hominum,
2208 2764 2373 2820 homo
2427 2765 2581 2822 Iesus
2627 2763 2881 2823 Christus
2924 2763 2983 2820 in
3020 2781 3128 2837 quo
3167 2764 3438 2823 habitaret

1850 2850 2133 2922 plenitudo
2162 2850 2491 2909 divinitatis.

1919 2938 2190 2995 Nativitas
2229 2941 2377 2996 enim
2406 2941 2630 2998 Domini
2659 2943 2961 3001 secundum
2992 2960 3210 3002 carnem
3248 2954 3435 3020 quam-

1850 3030 1937 3087 vis
1964 3031 2162 3089 habeat
2205 3034 2453 3108 quaedam
2502 3035 2741 3108 propria,
2774 3036 2973 3108 quibus
3012 3035 3266 3093 humanae
3294 3053 3436 3093 con-

1850 3122 2077 3179 ditionis
2106 3123 2267 3180 initia
2297 3127 2672 3193 transcendat,
2702 3127 2819 3181 sive
2862 3126 3006 3199 quod
3054 3127 3202 3184 solus
3246 3126 3313 3183 ab
3352 3126 3435 3183 in.

1850 3211 2055 3269 violata
2073 3213 2299 3285 Virgine
2327 3216 2447 3270 sine
2475 3216 2919 3287 concupiscentia
2952 3225 3035 3272 est
3062 3224 3355 3287 conceptus
3381 3218 3437 3281 et

1850 3311 2039 3369 natus;
2081 3304 2198 3360 sive
2225 3305 2370 3376 quod
2398 3305 2477 3360 ita
2503 3322 2533 3360 e
2558 3306 2863 3362 visceribus
2892 3306 3085 3362 matris
3113 3314 3195 3362 est
3229 3305 3429 3372 editus,

1850 3398 1911 3445 ut
1960 3390 2268 3447 fecunditas
2317 3399 2548 3464 pareret,
2602 3400 2656 3449 et
2710 3393 3000 3465 virginitas
3053 3400 3427 3464 permaneret;

1850 3494 1961 3537 non
1989 3478 2215 3535 alterius
2238 3487 2420 3537 tamen
2452 3488 2660 3537 naturae
2692 3491 2808 3541 erat
2844 3480 2962 3553 ejus
2991 3497 3115 3539 caro
3143 3498 3305 3552 quam
3337 3496 3431 3539 no-

1850 3574 1961 3622 stra
1986 3574 2068 3622 est
2098 3585 2111 3623 :
2141 3583 2244 3627 nec
2275 3569 2384 3626 alio
2413 3569 2497 3625 illi
2530 3586 2693 3642 quam
2722 3570 2932 3626 caeteris
2958 3569 3274 3625 hominibus
3302 3568 3433 3635 ani-

1850 3671 1938 3711 ma
1982 3663 2064 3710 est
2119 3655 2381 3730 inspirata
2438 3656 2733 3730 principio,
2790 3672 2911 3729 qua:
2974 3658 3265 3712 excelleret
3321 3673 3433 3719 non

1849 3744 2166 3802 diversitate
2203 3746 2435 3819 generis,
2486 3746 2582 3802 sed
2618 3746 2957 3803 sublimitate
3004 3745 3246 3802 virtutis.
3279 3745 3431 3802 Nihil

1850 3835 1995 3890 enim
2043 3834 2224 3893 carnis
2252 3852 2363 3892 suae
2393 3834 2629 3892 habebat
2654 3836 2945 3893 adversum
2973 3854 2986 3902 ;
3019 3850 3130 3891 non
3159 3834 3433 3893 discordia

1848 3927 2243 3991 desideriorum
2265 3926 2518 3999 gignebat
2536 3926 3013 3999 compugnantiam
3046 3926 3389 3997 voluptatum
3413 3942 3430 3994 ;

1848 4033 2035 4077 sensus
2080 4032 2327 4089 corporei
2374 4017 2632 4089 vigebant
2677 4016 2795 4072 sine
2842 4016 2955 4084 lege
2984 4014 3213 4086 peccati,
3250 4023 3306 4071 et
3340 4031 3433 4071 ve.

1848 4107 1980 4163 ritas
2025 4108 2375 4167 affectionem
2408 4112 2511 4167 sub
2544 4109 2916 4169 moderamine
2944 4108 3165 4165 deitatis
3192 4115 3247 4165 et
3287 4126 3433 4164 men-

1848 4200 1941 4264 tis,
1971 4212 2073 4255 nec
2098 4198 2411 4261 tentabatur
2434 4198 2730 4267 illecebris,
2761 4215 2866 4255 nec
2892 4198 3117 4254 cedebat
3145 4197 3203 4252 in
3231 4198 3388 4253 vitiis
3417 4214 3429 4253 ε

1848 4302 2013 4345 verus
2043 4286 2209 4345 homo
2254 4303 2379 4343 vere
2434 4288 2624 4347 unitus
2665 4297 2749 4344 est
2787 4290 2900 4345 Deo
2939 4304 2954 4343 :
2994 4304 3096 4344 nec
3133 4288 3433 4345 secundum

1848 4378 2197 4436 exsistentem
2232 4379 2383 4450 prius
2410 4380 2647 4435 animam
2680 4378 2948 4435 deductus
2980 4395 3011 4434 θ
3037 4380 3197 4445 ccelo,
3225 4394 3325 4433 nec
3356 4393 3433 4433 se-

1846 4465 2087 4523 cundum
2115 4483 2332 4523 carnem
2362 4476 2578 4527 creatus
2605 4483 2676 4523 ex
2713 4467 2892 4522 nihilo
2922 4485 2935 4521 :
2968 4466 3210 4522 eamdem
3246 4482 3433 4533 gerens

1845 4554 1906 4611 in
1958 4554 2125 4612 Verbi
2164 4556 2367 4613 deitate
2403 4574 2709 4628 personam,
2754 4565 2810 4611 et
2853 4562 3043 4609 tenens
3084 4570 3430 4609 communem

1846 4643 2132 4700 nobiscum
2166 4645 2223 4703 in
2255 4662 2482 4716 corpore
2524 4645 2811 4714 animaque
2840 4650 3110 4698 naturam.
3136 4640 3257 4695 Non
3282 4641 3431 4695 enim

1846 4741 1985 4789 esset
2031 4734 2128 4787 Dei
2185 4733 2581 4802 hominumque
2629 4730 2916 4798 mediator,
2957 4730 3062 4785 nisi
3105 4729 3247 4784 idem
3289 4731 3433 4784 Deus

1846 4824 2100 4897 idemque
2130 4823 2294 4878 homo
2326 4823 2385 4878 in
2416 4831 2646 4893 utroque
2674 4829 2727 4877 et
2756 4835 2899 4876 unus
2928 4829 3067 4874 esset
3091 4828 3143 4875 et
3173 4834 3374 4874 verus..

1914 4914 2118 4983 Invitat
2174 4912 2396 4985 quidem
2456 4927 2555 4967 nos
2610 4909 2679 4966 ad
2735 4907 3081 4964 latitudinem
3131 4907 3433 4962 disserendi

1846 5003 2086 5061 materiai
2132 5000 2486 5072 magnitudo;
2536 4999 2632 5055 sed
2673 4997 2818 5072 apud
2859 4996 3225 5053 eruditionem
3282 5004 3432 5051 tuam

1846 5109 1957 5150 non
2011 5100 2091 5148 est
2144 5090 2301 5160 copia
2355 5088 2659 5144 laborandi.
2711 5087 2873 5159 Apud
2920 5094 2971 5141 te
3010 5094 3092 5142 est
3132 5084 3432 5151 Bethleem,

1844 5181 1905 5237 in
1938 5198 2044 5254 qua
2071 5180 2319 5238 salutifer
2358 5177 2606 5249 Virginis
2637 5184 2823 5249 partus
2852 5175 3061 5243 illuxit,
3092 5190 3256 5246 quem
3279 5174 3434 5228 invo-

1846 5272 2024 5326 lutum
2065 5268 2281 5341 pannis,
2325 5266 2469 5323 inter
2507 5264 2788 5338 angustias
2835 5262 3148 5335 diversorii,
3197 5275 3436 5345 praesepe

120 5362 254 5419 est;
312 5367 437 5409 cum
484 5351 720 5425 simplex
766 5359 821 5409 et
868 5350 1232 5410 immutabilis
1277 5363 1471 5423 natura
1510 5357 1735 5417 deitatis
1766 5344 1815 5405 D
1845 5358 2104 5430 suscepit.

203 5574 296 5648 (i)
327 5573 651 5648 Rectissime
678 5574 1002 5631 Ambrosius
1023 5594 1321 5648 personam,
1347 5594 1457 5633 non
1478 5585 1727 5634 naturam

125 5644 299 5717 dicit.
335 5646 469 5700 Nam
500 5647 543 5700 si
577 5655 766 5702 contra
794 5664 902 5703 una
929 5644 1167 5704 hominis
1199 5657 1391 5705 natura
1420 5650 1644 5717 dicitur,
1667 5659 1728 5706 ut

126 5716 385 5797 Hieriqne
418 5718 564 5797 loqui
598 5720 796 5785 solent,
832 5719 1214 5797 hocexemplo
1258 5723 1393 5776 mire
1422 5722 1729 5797 abutuntur

154 5788 559 5861 lonophysitte,
590 5798 653 5849 ut
693 5804 861 5847 unam
905 5788 1404 5851 Christi'naturam
1432 5796 1725 5853 atlirment.

1843 5581 1921 5636 Ite
1950 5588 2130 5635 autem
2157 5592 2285 5632 vera
2314 5574 2434 5631 duae
2455 5583 2583 5631 sunt
2612 5574 2671 5629 in
2700 5572 2923 5628 homine
2956 5582 3164 5629 naturas
3187 5590 3282 5631 seu
3311 5574 3437 5635 sub-

1844 5651 2098 5716 stantiae;
2150 5649 2436 5719 spiritalis,
2486 5648 2670 5700 anima
2698 5664 2727 5719 ;ν
2766 5647 3085 5719 n'iaterialis,
3126 5663 3286 5719 caro.
3344 5648 3437 5701 Le-

1845 5733 2004 5793 gatur
2034 5721 2099 5776 de
2144 5717 2248 5774 hoc
2282 5720 2540 5793 exemplo
2573 5718 2831 5788 praeclara
2875 5717 3159 5772 Athanasii
3188 5717 3437 5775 doctrina

1844 5790 1934 5851 ed.
1958 5794 2132 5855 Maur.
2165 5798 2206 5852 t.
2237 5806 2279 5858 ι,
2310 5805 2364 5861 p.
2399 5790 2561 5845 1279.
