3940 6380
218 372 354 432 1201

1284 379 1509 436 HYMNI
1546 382 1598 437 8.
1644 383 1998 441 AMBROSIO
2036 386 2428 443 ATTRIBUTI.

3360 390 3498 451 1202

216 501 383 568 rium,
417 500 476 556 in
504 500 687 557 indice
707 500 807 557 sub
823 502 891 557 A.
914 501 1020 559 228
1039 510 1310 571 notatum,
1332 520 1401 559 ex
1428 506 1581 561 libris
1602 507 1801 565 Crusii.
1833 512 1883 569 A
1917 509 2089 567 simus
2123 512 2461 584 argumentis
2487 512 2618 568 satis
2654 511 2868 569 idoneis
2923 514 3292 582 conﬁrmavit,
3347 518 3495 577 nihil

217 591 335 648 Hoc
370 589 732 657 breviarium,
790 590 936 662 quod
992 591 1175 647 ordini
1228 592 1715 650 Dominicanorum
1748 595 1805 650 in

218 694 326 735 usu
373 676 501 744 fuit,
532 694 602 733 ex
629 679 1149 735 comaemoratione
1177 683 1538 752 quorumdam
1581 692 1806 739 sancto-

215 781 361 833 rum,
395 766 548 822 velut
580 768 616 822 S
690 767 901 834 -:.halze,
933 776 1153 840 apparet
1185 785 1255 824 ex
1293 769 1509 841 regione
1547 771 1805 828 Rhenana

214 853 499 926 superiore
531 860 799 925 o'v-éinem
838 856 1090 911 traxisse.
1128 856 1287 914 Hunc
1332 863 1514 913 tamen
1559 857 1801 914 codicem

213 942 317 997 vix
346 942 568 999 initium
594 942 781 998 seaculi
810 958 887 999 xv
918 943 1219 1015 transgredi
1259 960 1575 1016 persuasum
1605 945 1799 1003 habeo.

216 1029 311 1101 (Ι).
343 1030 424 1103 2.)

286 1125 341 1183 3.
388 1125 593 1183 Eadem
642 1127 754 1183 fere
799 1126 937 1184 ratio
987 1135 1068 1184 est
1111 1126 1317 1186 codicis
1363 1126 1656 1198 chartacei,
1706 1128 1803 1201 qui

210 1229 341 1271 cum
389 1214 660 1286 quondam
715 1216 771 1270 in
821 1215 1153 1275 bibliotheca
1196 1216 1511 1272 monasterii
1552 1216 1606 1273 S.
1656 1215 1804 1272 Petri

212 1301 485 1357 Erfordiae
517 1311 907 1373 asservaretur,
938 1319 1086 1358 nunc
1116 1319 1269 1358 meus
1297 1312 1397 1360 est.
1440 1305 1587 1361 Inest
1614 1305 1673 1360 in
1697 1303 1804 1361 hoc

211 1391 403 1446 codice
431 1392 591 1447 Glosa
614 1409 774 1462 super
812 1394 1015 1459 Ymnos,
1049 1409 1168 1463 quae
1194 1401 1375 1448 tamen
1414 1394 1481 1449 ad
1519 1394 1800 1466 explican-

211 1477 314 1535 dos
341 1479 577 1551 hymnos
602 1480 720 1537 fere
756 1480 898 1535 nihil
940 1482 1172 1537 confert.
1221 1483 1361 1537 Huic
1408 1483 1597 1553 glossm
1641 1499 1802 1538 com—-

212 1568 516 1623 mentarins
543 1569 611 1624 de
642 1570 915 1624 summula
944 1568 1257 1639 Raymundi
1288 1569 1509 1626 additus
1536 1578 1636 1626 est.
1680 1571 1798 1643 (Ε.)

287 1664 341 1720 4.
397 1666 857 1738 Antiquissimum
889 1682 1075 1722 eorum
1108 1682 1244 1739 quos
1272 1665 1615 1737 inspeximus
1639 1668 1802 1725 codi-

209 1770 339 1811 cum
370 1756 628 1812 debemus
660 1756 974 1813 liberalitati
1003 1759 1345 1825 Rambachii,
1388 1759 1497 1814 viri
1537 1760 1802 1817 doctissi-

209 1844 314 1913 mi,
344 1845 585 1916 quicum
617 1845 825 1916 primus
879 1846 1029 1918 (nam
1083 1846 1200 1902 haec
1254 1847 1371 1902 laus
1429 1846 1547 1918 ejus
1591 1860 1878 1921 semper];

207 1934 435 2005 propria
462 1935 567 1989 erit
603 1944 657 1991 et
684 1937 965 2008 mansura)
1016 1936 1075 1991 in
1114 1936 1472 2008 hymnologia
1508 1938 1654 1993 viam
1684 1955 1801 1994 mu-

213 2021 444 2090 niverit,
466 2032 582 2079 tum
603 2025 670 2081 de
692 2023 850 2080 nobis
875 2024 1080 2096 optime
1107 2026 1336 2080 meritus
1355 2034 1458 2090 est,
1487 2041 1613 2084 cum
1643 2026 1803 2083 nobis

206 2109 454 2165 subsidia
484 2119 537 2165 et
568 2111 846 2167 rarissima
875 2122 928 2168 et
943 2113 1356 2184 exoptatissima
1374 2114 1444 2169 ad
1465 2114 1801 2171 Thesaurum

206 2205 459 2253 nostrum
491 2199 944 2269 suppeditaverit.
977 2201 1075 2256 Est
1110 2202 1202 2256 ille
1233 2217 1394 2274 quem
1425 2201 1674 2258 diximus
1700 2218 1804 2260 co—

202 2285 317 2341 dex
347 2301 415 2342 ex
444 2285 780 2344 bibliotheca
817 2288 1059 2345 civitatis
1102 2290 1491 2346 illustrissimae
1522 2290 1805 2346 Hambur-

206 2375 411 2444 gensis,
430 2390 591 2446 quem
609 2375 984 2447 Staphorstius
996 2377 1218 2448 (Hamb.
1243 2376 1806 2448 Kircbengeschichte

205 2462 313 2518 Th.
344 2463 387 2530 Ι,
419 2462 475 2519 S.
507 2462 611 2519 310
640 2464 818 2536 seqq.)
849 2464 1065 2521 decimo
1092 2472 1257 2536 atque
1273 2464 1411 2520 adeo
1428 2457 1580 2521 nono
1603 2466 1806 2523 saeculo

204 2552 480 2623 ascripsit.
541 2552 744 2608 Contra
789 2554 1157 2611 Rambachius
1185 2555 1357 2610 Anth.
1390 2556 1433 2622 Ι,
1465 2571 1520 2626 p.
1558 2555 1647 2623 23,
1677 2572 1802 2613 cum

205 2641 268 2696 in
297 2640 486 2697 codice
515 2640 570 2697 8.
602 2641 910 2700 Οειιῒιδτίηω
961 2644 1168 2698 mentio
1210 2644 1352 2698 facta
1392 2644 1481 2709 sit,
1535 2659 1635 2698 suo
1678 2641 1805 2713 jure

204 2729 470 2785 szeculum
502 2729 727 2783 tertium
778 2728 1053 2784 decimum
1093 2744 1205 2784 non
1252 2727 1640 2800 egrediendum
1687 2744 1804 2786 esse

204 2818 421 2873 statuit.
455 2817 559 2872 Sed
595 2818 653 2872 in
691 2816 961 2887 ejusmodi
991 2816 1282 2873 breviariis
1310 2817 1516 2889 duplex
1543 2833 1667 2889 pars
1692 2818 1802 2876 dis-

209 2906 512 2977 tinguenda
550 2906 769 2962 videtur
802 2923 815 2962 :
856 2922 966 2962 una
1000 2906 1306 2976 primitiva,
1354 2907 1525 2962 altera
1570 2922 1691 2979 quae
1733 2922 1805 2962 ex

211 2995 510 3068 posteriore
540 3003 783 3067 tempore
812 2995 1188 3052 additamenta
1214 2994 1398 3051 habet.
1437 2993 1641 3050 Eadem
1662 2995 1803 3053 ratio

204 3085 432 3140 videtur
460 3100 576 3141 esse
606 3084 771 3155 hujus
800 3084 1006 3141 codicis
1039 3100 1051 3139 :
1099 3082 1297 3155 hymni
1337 3083 1483 3138 enim
1514 3083 1571 3138 in
1601 3083 1801 3139 festum

203 3173 261 3228 S.
297 3172 626 3241 Catharinze,
658 3172 1046 3244 Conceptionis
1072 3172 1257 3229 Mariae
1288 3172 1412 3228 aliis
1442 3172 1640 3228 litteris
1678 3180 1802 3229 mta-
1830 3204 1875 3266 Ο

204 3271 315 3319 tem
375 3263 730 3335 posteriorem
788 3262 1164 3320 indicantibus
1216 3260 1481 3333 exscripti
1533 3268 1689 3327 sunt;
1749 3270 1804 3317 et

201 3367 332 3407 cum
364 3352 469 3408 hoc
496 3366 712 3424 quoque
762 3351 1005 3407 notabile
1050 3349 1143 3417 sit,
1196 3349 1437 3421 hymnos
1487 3349 1547 3404 in
1600 3348 1801 3405 festum

201 3441 461 3513 Corporis
504 3439 710 3498 Christi
768 3437 1015 3494 nondum
1066 3437 1328 3505 inveniri,
1377 3435 1527 3492 haud
1576 3436 1689 3493 scio
1731 3451 1802 3492 an

199 3528 345 3585 illud
373 3528 520 3600 quod
547 3525 1104 3583 commemoravimus
1147 3525 1431 3596 proprium
1460 3523 1529 3579 de
1558 3533 1802 3595 tempore

198 3616 530 3673 duodecimo
563 3624 722 3686 atque
769 3613 905 3669 adeo
933 3612 1226 3670 undecimo
1271 3611 1473 3668 saeculo
1519 3611 1803 3668 vindican-

194 3707 334 3764 dum
376 3708 467 3763 sit.
502 3706 623 3775 (Η.)

270 3805 325 3861 5.
359 3802 702 3858 Breviarium
735 3802 1105 3860 dioecesanum
1134 3802 1481 3859 chartaceum
1513 3817 1583 3857 ex
1601 3801 1801 3858 biblio-

189 3895 364 3976 theca
392 3893 523 3948 Rev.
557 3891 785 3963 capituli
817 3891 1146 3947 cathedralis
1172 3891 1634 3962 Merseburgensis
1668 3890 1800 3946 libe-

188 3990 408 4048 ralitati
440 3988 668 4059 Frejeri,
698 3988 808 4045 viri
839 3988 1198 4058 ornatissimi,
1229 3989 1436 4055 debeo;
1485 3987 1579 4059 qui
1627 3983 1802 4041 codex

188 4094 372 4137 manu
397 4077 652 4148 scriptus,
688 4077 788 4131 etsi
818 4076 916 4131 vix
946 4078 1204 4132 szeculum
1237 4084 1491 4149 quartum
1521 4074 1801 4130 decimum

190 4166 529 4239 egrediatur,
563 4166 735 4222 multa
780 4174 963 4220 tamen
1011 4164 1259 4221 continet
1308 4164 1547 4235 propria.
1602 4163 1665 4218 In
1713 4162 1802 4217 his

191 4260 535 4329 hymnorum
592 4257 835 4329 paucitas
889 4263 944 4310 et
1004 4263 1366 4319 octavarum;
1420 4269 1545 4309 nam
1602 4252 1800 4307 desunt

192 4347 336 4404 adeo
356 4356 560 4403 octavae
591 4346 913 4418 Epiphaniae
943 4352 997 4399 et
1024 4342 1450 4414 Assumptionis.
1487 4342 1613 4411 (Μ.)

269 4446 322 4502 6.
356 4447 419 4501 In
444 4444 600 4500 libris
626 4459 791 4498 manu
820 4441 1059 4511 scriptis,
1094 4456 1231 4511 quos
1261 4440 1348 4494 Fr.
1399 4436 1597 4493 Junius
1646 4435 1802 4490 inde.

1915 608 1996 655 est
2038 601 2184 672 quod
2236 618 2595 672 exponamus,
2627 602 2818 673 quanti
2871 601 2964 659 hic
2994 602 3228 661 Grimmi
3280 606 3421 663 liber
3461 625 3496 665 a

1914 688 2074 743 nobis
2104 690 2406 745 aestimatus
2433 690 2524 745 sit.
2559 688 2677 760 (0.)

1987 776 2030 830 7.
2073 775 2210 833 Cum
2241 777 2573 832 audivissem
2603 777 2661 832 in
2691 776 3025 834 bibliotheca
3054 779 3343 839 academiae
3364 782 3495 838 Her-

1913 861 2231 934 bipolitanae
2277 864 2551 920 breviaria
2597 863 2983 937 antiquissima
3035 870 3319 937 asservari,
3350 887 3495 927 con-

1914 949 2047 1006 ﬁsus
2094 952 2425 1008 liberalitate
2471 952 2768 1024 Ludwigii,
2818 953 2926 1007 viri
2973 952 3297 1024 doctissimi,
3338 956 3495 1027 cujus

1912 1050 2057 1093 curre
2085 1053 2148 1094 ac
2175 1040 2359 1094 tutelae
2404 1037 2742 1094 bibliotheca
2802 1038 2896 1092 illa
2942 1040 3233 1096 commissa
3286 1049 3387 1108 est,
3442 1050 3498 1098 et

1912 1127 2146 1199 Reussii,
2203 1132 2311 1187 viri
2363 1130 2723 1193 ornatissimi,
2753 1129 2911 1201 cujus
2955 1130 3352 1190 humanitatem
3381 1150 3495 1191 non

1913 1231 2136 1288 possum
2170 1218 2301 1274 satis
2326 1219 2643 1290 praedicare,
2673 1218 2880 1272 almum
2912 1227 3160 1274 senatum
3203 1222 3493 1278 academiaa

1912 1305 2064 1359 omni
2094 1322 2200 1378 qua
2229 1322 2327 1377 par
2370 1313 2452 1361 est
2502 1304 2846 1360 observantia
2895 1321 3059 1361 ausus
3111 1323 3235 1362 sum
3282 1324 3490 1377 rogare,

1910 1404 1975 1451 ut
2025 1395 2277 1452 codicum
2337 1395 2560 1451 illorum
2619 1395 3053 1451 vetustissimum
3140 1396 3279 1451 mihi
3346 1397 3493 1453 mitti

1911 1482 2254 1538 concederet.
2288 1481 2394 1549 Qui
2434 1499 2559 1537 cum
2591 1482 2845 1553 precibus
2899 1482 3034 1538 meis
3080 1482 3343 1539 benevole
3384 1502 3497 1542 an-

1911 1580 2126 1640 nueret,
2158 1570 2364 1626 factum
2418 1579 2500 1626 est
2548 1578 2610 1625 ut
2659 1570 2768 1625 duo
2797 1571 3177 1642 antiquissima
3225 1573 3498 1629 breviaria
3598 1588 3603 1595 ·

1912 1656 2180 1729 inspicere
2206 1673 2441 1729 possem,
2469 1672 2704 1729 quorum
2734 1673 2906 1712 unum
2945 1665 3027 1713 est
3073 1675 3140 1713 ex
3186 1660 3493 1717 celebratis-

1910 1746 2052 1803 simo
2088 1747 2421 1802 monasterio
2463 1745 2778 1812 Ebracensi,
2828 1755 2901 1813 et,
2948 1746 3053 1801 nisi
3081 1746 3265 1816 fallor,
3295 1749 3493 1805 saeculo

1912 1837 2074 1890 tertio
2107 1834 2321 1890 decimo
2358 1834 2623 1905 scriptum
2654 1841 2753 1889 est.
2799 1833 2915 1904 (W.
2952 1833 3029 1903 1.)

1979 1923 2034 1979 8.
2066 1923 2318 1979 Alterum
2347 1931 2428 1977 est
2447 1922 2783 1978 breviarium
2812 1920 3178 1978 dimcesanum
3198 1939 3268 1981 ex
3295 1922 3494 1979 biblio-

1910 2014 2073 2070 theca
2110 2013 2428 2067 monasterii
2460 2010 2963 2078 Benedictinorum,
2995 2010 3142 2083 quod
3169 2011 3223 2066 S.
3256 2002 3495 2083 Stepha-

1911 2118 2042 2158 num
2073 2108 2363 2172 patronum
2393 2099 2621 2155 colebat.
2656 2099 2714 2153 ln
2745 2114 2853 2170 quo
2887 2114 3013 2153 cum
3060 2099 3318 2154 nonnulli
3370 2099 3495 2154 festi

1913 2189 2030 2245 dies
2066 2188 2296 2243 seriores
2325 2186 2395 2242 ad
2432 2187 2644 2242 cultum
2674 2186 2857 2241 Marias
2903 2186 3240 2257 pertinentes
3290 2185 3493 2255 desint,

1912 2285 1968 2332 et
1993 2277 2195 2331 festum
2225 2275 2484 2346 Corporis
2522 2272 2728 2330 Christi
2784 2288 2957 2327 unum
3007 2272 3169 2328 modo
3224 2271 3497 2344 hymnum

1913 2363 2130 2431 habeat,
2163 2379 2275 2418 non
2303 2361 2499 2417 dubito
2531 2361 2667 2433 quin
2722 2359 2897 2416 codex
2943 2360 3045 2417 sub
3098 2359 3265 2416 tinem
3311 2360 3496 2419 surculi

1912 2468 2019 2510 xm
2045 2453 2283 2524 scriptus
2312 2450 2404 2507 sit.
2437 2450 2557 2521 (W.
2588 2450 2670 2519 2.)

2482 2628 2553 2682 II.
2589 2642 2908 2682 unnvmnra.

2393 2747 2679 2804 Breviaria
2707 2748 3010 2803 diwcesana.
3056 2764 3073 2785 κ

1982 2896 2036 2952 1.
2069 2893 2460 2951 Canonicarum
2487 2893 2758 2959 horarum,
2796 2892 2928 2946 liber
2952 2892 3233 2948 secundum
3256 2894 3495 2950 ordinem

1910 2984 2135 3042 Rubriae
2163 2982 2389 3038 Ecclesie
2418 2980 2872 3036 Halberstadensis
2899 2980 3197 3048 ordinatus,
3218 2981 3491 3037 studiosis-

1911 3073 2038 3127 sime
2068 3071 2288 3134 revisits,
2337 3074 2599 3124 correctus
2645 3073 2692 3120 et
2721 3067 3039 3135 emendatus,
3090 3075 3140 3121 et
3196 3069 3269 3123 ad
3321 3070 3497 3126 instar

1911 3162 2416 3220 correctissimorum
2443 3160 2825 3231 exemplarium
2852 3161 3098 3225 collatus,
3125 3178 3186 3215 ac
3208 3178 3306 3232 per
3336 3162 3495 3218 Geor-

1910 3256 2055 3327 gium
2107 3254 2290 3310 Stuchs
2339 3251 2647 3320 Nurnberge
2688 3251 2990 3319 impressus.
3049 3251 3205 3306 Anno
3270 3252 3495 3322 virginei

1906 3349 2099 3416 partus
2124 3341 2400 3397 millesimo
2427 3341 2830 3411 quingentesimo
2879 3341 3276 3410 quintodecimo,
3307 3342 3493 3399 Idibus

1910 3430 2218 3490 Novembris
2242 3428 2466 3499 feliciter
2490 3429 2627 3499 ﬁnit.
2650 3429 2829 3485 Meum
2860 3435 2959 3483 est.
2993 3428 3140 3499 (ΗΙ.)

1982 3528 2035 3585 2.
2077 3527 2470 3585 Canonicarum
2494 3526 2753 3580 horarum
2784 3524 2912 3579 liber
2938 3525 3218 3580 secundum
3253 3528 3490 3583 nminem

1910 3617 2120 3673 rubrice
2160 3624 2332 3672 sancte
2360 3614 2587 3672 Ecclesie
2640 3614 3116 3683 Magdeburgensis,
3160 3631 3359 3670 suntme
3386 3623 3491 3671 stu-

1912 3706 2001 3760 dio
2028 3706 2232 3762 revisas
2260 3712 2415 3775 atque
2445 3705 2613 3759 denuo
2641 3708 2923 3769 correctus,
2980 3703 3035 3754 in
3080 3703 3281 3774 ofﬁcina
3336 3706 3492 3760 Geor-

1910 3794 1985 3866 gii
2015 3783 2197 3850 Stuclis
2243 3794 2372 3848 civis
2402 3791 2871 3859 Nureorbergensis
2907 3790 3210 3859 impressus.
3266 3792 3423 3847 Anno
3458 3813 3494 3849 α

1906 3891 2073 3956 partu
2098 3884 2320 3954 virginis
2374 3880 2749 3952 gloriosissime
2774 3880 3050 3933 millesimo
3090 3880 3491 3950 quingentesimo

1912 3973 2337 4045 quatuordecimo
2367 3968 2554 4023 mensis
2608 3967 2843 4023 Octobris
2895 3968 2978 4021 die
3029 3967 3270 4036 vigesimo
3314 3970 3492 4040 primo

1911 4062 2047 4134 ﬁnit.
2081 4062 2167 4115 Ex
2201 4059 2336 4115 bibl.
2368 4054 2849 4129 Orphanotrophei
2884 4052 3149 4109 Halensis.
3187 4056 3384 4128 (Mgd.)

1984 4157 2035 4212 3.
2068 4153 2410 4210 Breviarium
2458 4151 2731 4206 Misnense
2760 4152 2908 4221 typis
2953 4151 3289 4222 exscriptum
3349 4152 3495 4210 circa

1912 4262 2117 4303 annum
2151 4242 2307 4299 1510.
2357 4242 2445 4296 Ex
2471 4239 2809 4295 bibliotheca
2860 4238 3171 4294 Academiae
3222 4238 3490 4297 Halensis.

1942 4336 2079 4390 Msn.

1942 4336 2079 4390 Msn.

1916 4334 1937 4406 (
1984 4430 2035 4485 4.
2080 4333 2269 4486 I)’iatici
2294 4442 2428 4496 pars
2456 4424 2688 4480 estivalis
2735 4422 3019 4478 secundum
3044 4422 3314 4477 rubricam
3347 4424 3493 4478 eccle-

192 4537 342 4594 fesso
372 4535 553 4590 labore
582 4532 714 4589 satis
744 4532 838 4586 ille
882 4507 1045 4584 notus
1086 4507 1347 4600 possedit,
1387 4535 1572 4598 postea
1618 4534 1797 4581 autem
1828 4556 1877 4614 D
1912 4519 1986 4573 sie
2013 4514 2506 4614 Mersebttrgensis.'
2650 4512 2795 4614 calice
2824 4507 2953 4605 tibri
2992 4524 3005 4561 :
3038 4508 3223 4614 Finita
3275 4515 3348 4563 est
3384 4510 3489 4565 hec.

192 4625 534 4683 bibliotheca
578 4621 909 4679 Oxoniensis
943 4618 1257 4690 acquisivit,
1308 4616 1452 4671 inest
1491 4614 1655 4669 etiam
1700 4630 1795 4669 ve-

193 4722 347 4773 tusta
414 4712 792 4783 interpretatio
853 4707 1175 4764 Germanica
1240 4722 1379 4761 xxvr
1435 4704 1793 4776 hymnorum~

191 4802 463 4860 Nonnulli
506 4800 613 4855 viri
643 4798 789 4855 docti
822 4798 880 4852 in
913 4796 1114 4851 studiis
1153 4794 1221 4850 ad
1264 4803 1502 4849 veterem
1553 4793 1794 4863 linguam

196 4888 579 4946 Germanicam
636 4883 1039 4959 pertinentibus
1096 4882 1200 4936 hoc
1251 4880 1438 4936 codice
1482 4879 1565 4933 usi
1615 4884 1787 4933 sunt:

193 4981 460 5055 primum,
511 4988 787 5052 quartum,
839 4976 1098 5049 quintum
1134 4980 1187 5028 et
1219 4973 1478 5026 ultimum
1522 4971 1793 5042 hymnum

192 5071 306 5125 iam
359 5067 649 5125 Hickesius
697 5067 977 5137 vulgarat;
1026 5062 1227 5133 reliqui
1274 5077 1465 5116 omnes
1506 5060 1566 5114 in
1613 5060 1793 5115 lucem

194 5159 521 5233 prodierunt
566 5174 695 5214 cura
736 5164 789 5211 et
834 5152 1021 5210 studio
1059 5152 1170 5208 Jac.
1205 5148 1480 5215 Grimmii,
1514 5148 1620 5203 viri
1656 5149 1793 5203 mira

196 5247 431 5321 quadam
461 5246 726 5301 doctrinae
759 5243 916 5314 cepia
946 5238 1225 5304 instructi,
1269 5255 1376 5309 quo
1422 5254 1571 5293 nunc
1618 5236 1791 5308 patria

194 5343 384 5393 nostra
407 5335 603 5405 gaudet
627 5336 978 5407 (Hymnorum
1016 5328 1212 5386 Veteris
1250 5327 1496 5381 Ecclesia:
1534 5342 1673 5380 xxvi
1704 5327 1790 5381 In-

197 5424 499 5496 terpretatio
536 5423 826 5485 Theotisca,
865 5435 1002 5473 nunc
1048 5418 1284 5489 primum
1328 5416 1465 5470 edita
1516 5414 1787 5484 Gottingw,

196 5514 383 5585 1830).
416 5512 555 5569 Cum
585 5519 637 5566 et
667 5508 862 5582 hymni
893 5504 1076 5563 Latini
1128 5512 1182 5559 et
1227 5504 1407 5559 versio
1445 5502 1786 5569 Germanica,

195 5621 317 5678 qua:
347 5604 443 5659 ille
473 5602 647 5659 codex
678 5617 927 5658 manusc.
977 5598 1380 5670 complectitur,
1432 5594 1489 5650 in
1534 5601 1788 5649 octavum

196 5693 470 5764 «iaculum
498 5691 766 5759 incidant,
789 5690 845 5746 id
871 5689 1016 5767 quod
1034 5684 1436 5761 Prolegomenis
1464 5684 1552 5739 vir
1576 5680 1789 5739 doctis-

1907 4609 2046 4664 Pars
2075 4606 2307 4660 estivalis
2327 4602 2506 4657 viatici
2533 4597 2972 4666 Merseburgensis
2999 4602 3154 4665 atque
3178 4598 3493 4667 imprussem

1899 4696 2149 4769 pervigili
2184 4710 2333 4747 cura.
2366 4692 2498 4745 Arte
2523 4695 2569 4743 et
2596 4688 2801 4757 ingenio
2832 4684 3143 4739 industriosi
3190 4686 3491 4742 Melchioris

1904 4787 2082 4841 Lotter
2110 4781 2331 4838 Ducalis
2352 4778 2498 4847 opidi
2530 4774 2825 4846 Liptzensis
2852 4772 3096 4827 concivis.
3125 4772 3281 4827 Anno
3305 4773 3491 4827 saluti-

1902 4869 2013 4940 fere
2066 4866 2448 4922 incarnationis
2495 4861 2773 4915 millesimo
2825 4858 3229 4928 quingentesimo
3276 4862 3486 4927 quarto.

1903 4961 2002 5016 Die
2023 4960 2187 5024 Jovis,
2225 4957 2410 5025 quinta
2440 4953 2638 5007 decima
2664 4950 2859 5003 mensis
2888 4948 3132 5017 Augusti.
3176 4948 3262 5002 Ex
3290 4946 3485 5003 biblio-

1903 5048 2061 5102 theca
2088 5046 2142 5100 S.
2179 5043 2360 5099 Maria:
2393 5039 2660 5096 Halensis.
2697 5035 2885 5105 (Msb.)

1972 5147 2025 5201 5.
2065 5144 2400 5200 Breviarium
2432 5137 2762 5196 Pataviensis
2791 5135 3035 5188 Ecclesia'
3061 5134 3199 5187 mira
3220 5133 3491 5201 formandi

1901 5241 2017 5291 arte
2048 5232 2395 5304 pervigilique
2423 5245 2551 5282 cura
2581 5224 2810 5279 sollertis
2840 5221 2947 5275 viri
2974 5221 3121 5275 Petri
3150 5220 3492 5276 Lichtenstein

1900 5308 2134 5396 impensa
2163 5338 2285 5376 vero
2316 5317 2577 5374 Leonartli
2607 5323 2653 5368 et
2684 5314 2836 5367 LttCﬂE’
2862 5310 3103 5365 Allantse
3136 5309 3373 5379 fratrum
3402 5309 3491 5362 bi—

1901 5413 2255 5484 bli0palorum
2292 5407 2645 5462 wicnensium.
2671 5402 2981 5456 Absolutum
3005 5404 3077 5450 est
3106 5396 3322 5453 Vcnetiis
3349 5411 3490 5449 anno

1900 5500 2197 5570 Salutigero
2249 5496 2387 5552 i515
2440 5494 2521 5547 die
2569 5491 2637 5546 25
2686 5488 2819 5545 Maii
2871 5486 2991 5540 divo
3037 5502 3098 5539 ac
3143 5500 3346 5570 semper
3379 5498 3493 5537 au-

1898 5595 2045 5661 gusto
2073 5569 2444 5647 Maxinziliano
2487 5580 2662 5650 primo
2690 5575 2963 5646 imperiale
3016 5577 3282 5661 sceptrum.
3319 5569 3493 5661 fausto

1900 5654 2110 5733 tenente.
2141 5675 2255 5729 Hoc
2276 5669 2611 5728 breviarium
2641 5679 2710 5719 ex
2737 5659 3000 5719 biblioth.
3034 5655 3310 5735 gymnasii
3336 5654 3492 5713 Zuie-
