3940 6390
457 409 597 479 1203

1477 387 1574 444 AD
1610 381 1843 443 OPERA
1879 381 1936 440 S.
1975 377 2306 438 AMBROSH
2343 376 2715 435 APPENDIX.

464 530 737 598 caviensis
764 523 1039 584 Hertelius
1064 519 1154 575 vir
1168 517 1316 574 doct.
1350 511 1618 571 benevole
1653 506 2040 582 suppeditavit.
2069 506 2126 566 A
2156 504 2362 568 Martii,
2391 504 2632 572 feliciter.
2674 501 2940 556 Prmterea
2980 493 3416 569 comparavimus
3461 486 3742 546 nonnulla

2187 593 2224 598 -_
2317 593 2332 598 _
2531 591 2549 598 -
2701 589 2733 598 ..
2763 589 2796 598 ..
2842 588 2880 598 ..
3119 585 3151 598 c.
3241 582 3327 598 η.
3395 595 3477 598 μη
3549 575 3720 598 ..μη

463 625 604 702 (PL)

535 681 596 770 6.,
647 700 988 764 Breviarium
1051 693 1311 753 Ecclesiae
1377 685 1824 761 Salisburgensis,
1898 681 2045 758 quod

465 815 647 862 meum
702 800 804 852 est.
861 793 977 847 Hoc
1003 787 1357 844 vehementer
1397 782 1556 838 doleo
1591 779 1650 835 in
1701 777 1880 832 fronte
1911 785 1961 828 et
1987 774 2042 827 in

468 860 617 954 calce
649 899 764 944 esse
803 878 1060 938 mutilum
1099 883 1261 946 atque
1288 871 1472 928 deesse
1500 881 1700 926 nomen
1718 860 2044 937 typographi

469 990 632 1056 atque
660 987 885 1034 annum.
914 969 1014 1026 Est
1040 980 1168 1023 sane
1199 959 1485 1038 splendide
1513 957 1662 1032 typis
1683 955 2041 1026 exscriptum.

472 1073 603 1217 (817.?
643 1149 979 1214 Breviarium
1029 1145 1124 1206 hae
1171 1143 1336 1215 juxta
1387 1158 1541 1200 veras
1589 1137 1834 1195 rubricas
1885 1145 2048 1190 sacra:

476 1242 777 1320 Myndensis
809 1236 1056 1298 Ecclesia:
1099 1234 1402 1290 ordinatum
1432 1228 1637 1286 sollerti
1693 1222 2048 1282 lucubratione

467 1312 672 1410 prievia
700 1346 862 1402 opera
893 1343 955 1383 ac
977 1321 1222 1396 vigilanti
1246 1337 1378 1378 cura
1407 1313 1722 1375 industriosi
1757 1312 1863 1368 viri
1891 1312 2048 1367 Geor-

477 1404 552 1498 gii
613 1419 794 1481 Stachs
847 1417 911 1472 de
956 1411 1266 1486 Sulczpach,
1304 1409 1455 1498 quod
1481 1404 1750 1498 splendide
1775 1407 2051 1496 exaratum

472 1486 614 1570 anno
640 1503 971 1578 nonagesimo
1020 1515 1188 1573 supra
1237 1495 1574 1554 millesimum
1609 1486 2051 1564 quadringentesi-

472 1617 636 1666 mum,
655 1577 848 1655 decimo
876 1609 998 1649 vero
1015 1605 1153 1646 nono
1175 1587 1528 1646 Calendarum
1554 1579 1805 1640 Januarii
1821 1577 2048 1648 explicit.

478 1687 543 1748 Id
573 1665 712 1745 mihi
740 1683 982 1755 aliosque
1002 1676 1173 1734 libros
1192 1691 1261 1733 ex
1278 1673 1612 1732 bibliotheca
1629 1665 1914 1755 academiae
1927 1665 2052 1755 Got-

478 1774 764 1850 tingensis,
795 1769 885 1828 cui
894 1753 1130 1825 summa
1145 1780 1274 1823 cum
1298 1763 1640 1820 humanitate
1657 1765 1712 1814 et
1731 1753 2055 1813 liberalitate

2153 593 2262 650 alia
2284 593 2353 647 ab
2382 592 2494 646 illis
2523 591 2634 646 fere
2659 589 2798 645 nihil
2827 585 3208 658 discrepantia.
3239 582 3508 640 Primum.
3540 575 3741 647 Expli-

2154 681 2226 738 cit
2275 680 2598 735 breviarium
2658 677 2940 732 secundum
2993 675 3157 733 ordin
3190 686 3230 706 οπ
3285 677 3456 728 sancte
3503 669 3746 725 Romane

2155 769 2384 830 Ecclesie
2403 785 2594 840 magna
2622 783 2738 822 cum
2758 765 3032 836 diligentia
3058 762 3227 817 revise
3313 765 3362 816 et
3383 757 3528 830 ﬁdeli
3562 753 3745 810 studio

2156 860 2498 918 emendatum.
2529 857 2692 926 quue
2715 855 2773 909 in
2798 853 3060 912 alemonia
3085 849 3254 921 regali
3278 874 3319 903 ιε
3355 848 3488 902 ‘itute
3513 845 3747 902 Narem-

2157 949 2312 1019 bergk
2333 946 2558 1002 multum
2600 943 2809 1014 famosa
2861 943 3173 1012 impressum
3222 941 3337 992 arte
3389 940 3440 988 et
3489 928 3748 1002 impensis

2155 1039 2412 1098 Anthonii
2440 1036 2706 1105 Koberger
2745 1031 2988 1104 praefata:
3030 1027 3254 1084 civitatis
3291 1025 3539 1080 incolam.
3583 1021 3749 1076 Anno

2156 1129 2450 1186 incuruata
2489 1123 2697 1182 deitatis
2742 1124 2918 1194 elapso
2969 1118 3126 1184 1486,
3175 1133 3231 1172 Iv
3272 1114 3393 1170 idus
3421 1109 3747 1170 Decembris.

2159 1218 2338 1278 Meum
2377 1221 2476 1274 est.
2517 1211 2845 1270 Secundum.
2875 1210 2950 1265 Et
2988 1208 3062 1262 sic
3090 1206 3274 1278 ﬁnitur
3316 1202 3647 1258 breviarium
3675 1211 3752 1252 se-

2159 1310 2385 1367 cundum
2415 1321 2566 1362 usum
2594 1303 2824 1360 Romane
2847 1297 2992 1354 curis
3007 1301 3122 1353 arte
3149 1299 3196 1348 et
3221 1294 3516 1347 charactere
3545 1284 3756 1343 honesti

2159 1399 2270 1456 viri
2307 1395 2487 1454 Jacobi
2515 1393 2577 1448 de
2606 1390 2858 1464 pforczen
2901 1387 3028 1442 civis
3073 1381 3385 1441 Basiliensis
3422 1379 3580 1434 ductu
3623 1389 3754 1430 vero

2162 1485 2356 1560 fratris
2377 1480 2590 1540 Nicolai
2615 1477 2860 1534 vincentii
2880 1473 3083 1530 ordinis
3103 1471 3368 1526 minorum
3396 1467 3752 1523 elaboratum.

2165 1554 2320 1634 'Anno
2346 1570 2638 1640 salutifera
2665 1563 3059 1626 Incarnationis
3085 1559 3365 1616 millesimo
3393 1554 3754 1627 quadringen-

2165 1667 2344 1724 tesimo
2369 1659 2696 1731 nonagesimo
2740 1655 2910 1712 tertio.
2951 1653 3037 1708 Ex
3082 1647 3416 1706 bibliotheca
3466 1644 3523 1700 S.
3562 1640 3759 1698 Mariae

2165 1755 2408 1816 Halensi.
2440 1752 2572 1810 Inde
2603 1751 2768 1806 etiam
2805 1746 3031 1804 tertium
3067 1742 3220 1800 aliud
3258 1737 3594 1797 breviarium
3626 1735 3760 1790 for-

477 1833 675 1940 prgest
705 1833 998 1926 Benekius,
1041 1855 1130 1911 vir
1181 1853 1352 1919 doct.,
1393 1849 1776 1906 Havemannus
1803 1850 1858 1898 et
1911 1841 2056 1897 Ran-

2189 1864 2306 1907 asse
2334 1842 2639 1917 antiquius.
2673 1837 2778 1895 Sed
2805 1837 3004 1894 desunt
3050 1849 3226 1892 annus
3267 1839 3322 1887 et
3366 1845 3565 1886 nomen
3595 1833 3764 1898 typo-

477 1929 630 2020 irius,
679 1948 790 2006 viri
843 1947 1018 2016 doct.,
1080 1957 1218 2018 quos
1275 1953 1490 2000 summa
1541 1935 1664 1996 colo
1692 1929 2056 1998 observantia,

479 2041 751 2098 miserunt
777 2035 1058 2094 benevole.
1088 2035 1116 2105 (
1120 2031 1262 2104 Md.)

549 2127 606 2186 8.
667 2124 1000 2183 Breviarium
1053 2120 1333 2177 secundum
1380 2113 1653 2174 rubricam
1715 2109 1914 2170 ecclesie
1941 2107 2060 2166 Ha-

479 2210 817 2284 uelbergensis
859 2211 1132 2280 diligenter
1183 2207 1520 2276 recognitum.
1551 2205 1615 2259 In
1669 2202 1815 2259 calce
1847 2215 1859 2254 :
1890 2195 2064 2267 Lipsie

481 2301 540 2358 in
567 2299 772 2374 ofﬁcina
794 2296 1092 2357 Melchioris
1121 2293 1356 2350 Lottheri
1396 2293 1540 2360 longe
1577 2303 1736 2358 quam
1761 2291 1882 2340 ante
1915 2297 2062 2338 accu-

482 2370 658 2446 ratius
693 2391 742 2442 et
765 2382 1085 2442 emendatius
1125 2381 1282 2437 Anno
1310 2396 1346 2435 a
1370 2377 1544 2433 natali
1571 2373 1857 2430 christiano
1897 2370 2060 2424 mille-

484 2479 616 2536 simo
644 2472 1051 2548 quingentesimo
1076 2469 1270 2525 decimo
1322 2473 1520 2543 octavo.
1550 2463 1730 2521 Meum
1760 2468 1858 2518 est.
1901 2457 2061 2528 (Ην.)

553 2566 610 2623 9.
641 2561 979 2620 Breviariunt
1016 2556 1358 2612 dicendarum
1387 2551 1776 2609 Canonicarum
1810 2549 2064 2603 horarum

487 2654 771 2713 admorem
803 2645 1072 2708 Seueriani
1105 2637 1768 2714 CollegiiErphordiensis.
1790 2637 1855 2691 In
1880 2635 2025 2691 calce
2049 2651 2061 2689 :

490 2745 812 2813 Impressum
865 2743 916 2791 et
939 2734 1248 2805 completum
1297 2736 1371 2786 est
1404 2743 1634 2800 praesens
1665 2725 1980 2781 breviarium
2009 2727 2067 2778 in

491 2829 659 2886 nobili
685 2827 992 2898 famosaque
1021 2821 1147 2877 urbe
1169 2818 1498 2890 Moguntina,
1521 2814 1677 2884 hujus
1697 2814 1830 2870 artis
1857 2815 1922 2866 im
1926 2829 2068 2882 pres-

490 2917 628 2976 sorie
661 2913 943 2972 inventrice
963 2909 1182 2984 prima:
1226 2923 1324 2980 per
1366 2906 1632 2961 honestum
1685 2901 1858 2957 virum
1895 2903 2071 2956 Joan-

489 3023 608 3066 nem
663 3004 918 3075 Schoeﬁ'er
969 3000 1128 3056 civem
1179 2995 1564 3068 Moguntinum.
1623 2993 1779 3050 Anno
1821 2990 2072 3047 dominice

491 3086 882 3154 incarnationis
908 3089 1183 3146 millesimo
1208 3085 1609 3157 quingentesimo
1647 3081 1842 3136 decimo
1871 3087 2068 3146 octauo,

2171 1937 2382 2014 graphi.
2413 1935 2628 2006 Pagina
2669 1929 2914 1988 numeris
2957 1924 3202 2014 nondum
3248 1927 3466 1978 notatae.
3504 1919 3764 1988 Denique

2170 2007 2334 2088 etiam
2362 2027 2432 2085 ad
2460 2039 2655 2082 manus
2685 2027 2801 2078 erat
2843 2032 3032 2074 recens
3071 2011 3345 2071 Minorum
3390 2007 3762 2072 breviarium,

2173 2119 2320 2196 quod
2347 2114 2713 2174 amicissimus
2739 2107 2900 2165 nobis
2927 2102 3294 2170 Diedrichius,
3325 2099 3583 2170 magister
3598 2092 3766 2151 scho-

2172 2182 2241 2266 lis
2277 2207 2484 2264 Latinae
2507 2203 2566 2258 in
2595 2194 3085 2272 Orphanotropheo
3115 2189 3357 2256 Halensi,
3392 2185 3552 2242 nobis
3581 2182 3768 2254 largi-

2173 2305 2263 2352 tus
2289 2301 2402 2351 est:
2435 2289 2772 2348 Breviarium
2799 2279 3421 2351 Romano-Seraphicum,
3451 2281 3545 2332 etc.
3591 2273 3770 2330 Colo-

2172 2383 2277 2439 nia:
2301 2379 2611 2452 Agrippina
2640 2373 2796 2430 1734.

2249 2479 2334 2538 13.
2361 2475 2582 2536 Ordinis
2605 2470 3092 2530 Dominicanorum
3113 2474 3192 2524 est
3207 2463 3547 2522 Breviarium
3560 2460 3774 2520 biblio-

2173 2571 2347 2628 thecce
2386 2561 2757 2633 Gottingensis
2795 2562 3092 2624 vetustum,
3135 2554 3276 2626 quod
3309 2561 3362 2608 et
3389 2551 3779 2620 Norimbergas

2178 2673 2321 2715 anno
2367 2652 2503 2712 1582
2550 2648 2760 2705 editum
2795 2653 2878 2702 est
2925 2642 3098 2716 (Pd.).
3143 2639 3460 2697 Breviarum
3514 2637 3778 2708 ejusdem

2181 2743 2392 2804 ordinis
2452 2737 2725 2796 recentius
2775 2730 3033 2789 debemus
3081 2725 3430 2784 bibliothecae
3479 2724 3776 2796 Orphano-

2179 2834 2415 2908 trephei.
2445 2827 2657 2886 Prodiit
2681 2823 2821 2880 illud
2851 2819 3072 2878 Parisiis
3101 2835 3150 2874 a.
3187 2816 3342 2872 1643.

2254 2931 2338 2990 1’s.
2371 2928 2514 2986 Bibl.
2560 2925 2616 2982 S.
2665 2921 2846 2980 Mariae
2896 2918 3145 2975 Halensis
3187 2913 3347 2972 nobis
3393 2913 3774 2986 suppeditavit

2183 3027 2458 3080 vetustum
2500 3011 2711 3070 ordinis
2756 3009 2812 3066 S.
2861 3003 3146 3065 Benedicti
3189 3003 3522 3060 breviarium
3557 3020 3568 3058 :
3623 3001 3774 3058 Finit

2179 3128 2309 3185 pars
2337 3104 2586 3179 hyemalis
2611 3097 2864 3157 breviarii
2895 3094 3300 3150 reverendorum
3316 3097 3535 3164 patrum
3561 3087 3773 3144 ordinis

493 3201 598 3243 vm
631 3184 758 3242 Idm
783 3178 1126 3237 Februarias‘
1185 3173 1561 3262 Ipseﬂlibmm.
1602 3170 1868 3262 possidgo'
1901 3166 2069 3262 .0???)
2103 3203 2147 3262 Ο
2179 3166 2289 3254 diri
2320 3166 2583 3253 Benedicti
2609 3189 2671 3246 de
2695 3184 3023 3243 observantia
3054 3199 3152 3254 per
3194 3181 3533 3237 Germaniam
3556 3177 3773 3234 unionis

571 3270 658 3329 10.
698 3270 850 3328 Meus
877 3275 960 3324 est
985 3265 1148 3322 etiam
1193 3261 1413 3318 libellus
1455 3259 1768 3316 rarissimus
1794 3258 1854 3313 in
1891 3255 2069 3312 Gallia

494 3361 648 3434 typis
672 3357 980 3429 exscriptus
1012 3371 1024 3410 :
1053 3353 1252 3410 Heures
1269 3349 1306 3405 a'
1326 3349 1518 3420 l’usage
1545 3347 1606 3403 de
1625 3347 1846 3418 Lengres
1865 3359 1937 3401 au
1953 3345 2071 3414 long

495 3432 620 3505 sans
643 3447 764 3503 rien
788 3441 1048 3515 requerir.
1081 3439 1332 3512 lmp-rime
1383 3455 1419 3492 a
1452 3438 1644 3507 Troyes
1675 3435 1793 3492 chez
1838 3433 1971 3490 Jean
2029 3432 2074 3486 le

504 3536 613 3606 σοι]
635 3533 778 3606 (sine
806 3546 952 3588 anno
981 3536 1036 3586 et
1062 3526 1308 3584 numeris
1331 3523 1638 3593 foliorum),
1665 3523 1760 3595 qui
1789 3519 1889 3578 sub
1909 3520 2074 3576 ﬁnem

503 3625 774 3681 solemnes
797 3635 894 3693 per
921 3623 1099 3674 totum
1129 3631 1336 3672 annum
1379 3613 1618 3685 hymnos
1651 3611 1915 3669 continet.
1945 3609 2078 3664 Pla-

505 3709 622 3768 cuit
637 3708 795 3766 nobis
821 3707 1024 3762 librum
1047 3705 1244 3761 litteris
1265 3703 1360 3774 Lg.
1383 3709 1592 3770 notare,
1615 3715 1740 3758 cum
1770 3698 1854 3755 illi
1883 3697 2080 3770 hymni

506 3799 625 3856 sine
645 3795 814 3854 dubio
831 3795 888 3851 in
903 3793 1123 3850 dioecesi
1143 3791 1474 3865 Lingoncnsi
1489 3791 1546 3847 in
1569 3805 1672 3846 usu
1684 3787 1907 3844 fuerint.
1931 3785 2076 3856 (Lg.)

580 3885 668 3944 11.
698 3883 893 3957 Hymni
916 3881 1163 3940 Ecclesia:
1201 3881 1433 3953 exempti
1465 3895 1494 3934 e
1530 3877 1822 3936 Breviariis
1845 3878 2082 3934 Romano

507 3971 897 4034 Sarisburiensi
938 3970 1258 4030 Eboracensi
1307 3974 1356 4025 et
1407 3968 1621 4026 aliunde
1677 3966 1874 4025 Oxonii
1915 3967 1962 4021 Ζ
1969 4008 1981 4022 .
2012 3965 2080 4022 Η.

506 4065 712 4123 Pariter
749 4062 906 4122 1838.
945 4061 1151 4135 Hymni
1207 4077 1238 4118 e
1281 4059 1436 4119 brev.
1494 4060 1741 4118 Romano
1785 4055 2017 4114 correcti
2052 4072 2084 4110 a

508 4159 700 4210 nostro
751 4151 984 4210 consilio
1017 4151 1182 4208 alieni
1228 4155 1404 4217 erant,
1451 4147 1851 4220 exoptatissimi
1903 4153 2084 4199 tamen

511 4248 666 4296 erant
725 4239 820 4311 qui
874 4253 946 4294 ex
994 4238 1152 4294 brev.
1207 4235 1600 4294 Sarisburiensi
1655 4243 1709 4290 et
1757 4233 2085 4288 Eboracensi

511 4326 787 4400 desumpti
824 4331 969 4382 sunt.
1001 4323 1137 4379 Nam
1167 4323 1249 4378 uti
1279 4338 1348 4377 ex
1391 4323 1510 4391 illo,
1548 4321 1710 4394 cujus
1747 4321 1911 4377 modo
1941 4337 2086 4377 men-

511 4417 719 4474 tionem
748 4413 1000 4481 fecimus,
1031 4410 1222 4468 libello
1257 4410 1509 4484 cognosci
1543 4417 1772 4482 poterat,
1802 4410 1896 4483 qui
1945 4409 2088 4482 apud

509 4503 893 4578 Fraucogallos
951 4498 1297 4557 usitatissimi
1348 4498 1583 4556 fuissent
1625 4498 1842 4571 hymni,
1899 4496 1979 4556 sic
2019 4513 2088 4553 ex

511 4595 616 4654 hoc
639 4595 736 4670 qui
763 4593 907 4668 apud
933 4591 1161 4666 Anglos.
1187 4589 1306 4663 (Sb.
1334 4588 1468 4662 Eb.)

983 4767 1264 4826 Breviaria
1299 4766 1607 4826 monastica.

589 4915 676 4974 12.
706 4911 1114 4973 Breviariorum
1145 4925 1264 4983 quae
1301 4908 1512 4966 ordinis
1541 4908 1597 4966 S.
1641 4908 1917 4966 Francisci
1961 4908 2090 4966 fue-

515 5008 648 5060 runt
677 5001 972 5057 multorum
1001 4997 1161 5055 nobis
1188 4998 1366 5071 patuit
1393 4997 1593 5054 aditus.
1629 4996 2086 5070 Antiquissimum

515 5101 597 5148 est
627 5091 974 5147 bibliothecas
1003 5087 1255 5144 Halensis
1286 5087 1341 5143 S.
1399 5085 1582 5144 Mariae
1613 5101 1645 5142 a
1687 5086 1846 5142 nobis
1895 5085 2092 5142 litteris

513 5181 606 5237 Fr.
637 5187 905 5237 notatum.
955 5177 1017 5233 In
1054 5177 1202 5234 calce
1231 5176 1430 5248 legitur
1459 5191 1472 5229 :
1501 5174 1740 5246 Explicit
1770 5175 2092 5230 breviarium

517 5269 797 5324 secundum
824 5281 1022 5323 morem
1061 5281 1277 5321 romane
1321 5262 1483 5318 curie.
1518 5263 1837 5334 Impressum
1878 5265 2094 5322 Venetiis

514 5376 614 5432 per
641 5359 984 5416 Franciscu-m
1030 5357 1236 5413 Renner
1263 5355 1324 5410 de
1369 5355 1652 5412 Hailbrun.
1699 5354 1854 5410 Anno
1884 5355 2096 5409 Domini

519 5447 677 5504 1481.
708 5449 958 5505 Alterum
991 5447 1104 5520 (Fr.
1137 5445 1194 5518 2)
1219 5460 1248 5500 e
1276 5459 1394 5498 mea
1408 5451 1489 5499 est
1519 5441 2096 5514 bibliothecaLegitur

521 5535 582 5590 in
637 5535 781 5590 calce
832 5553 845 5590 :
901 5533 1142 5604 Explicit
1201 5531 1519 5587 breviarium
1593 5532 1873 5584 secundum
1937 5531 2096 5584 ritum

520 5620 816 5678 Romanum
875 5622 1093 5679 Venetiis
1161 5621 1474 5691 impressum
1561 5624 1676 5674 arte
1749 5625 1795 5673 et
1852 5619 2097 5690 inqnnsis

522 5704 731 5762 Andree
782 5708 844 5760 de
878 5708 1154 5766 Toresanis
1203 5709 1267 5763 de
1317 5709 1489 5763 Asula
1549 5705 1703 5775 1493,
1751 5707 1832 5762 die
1881 5726 2000 5763 vero
2033 5707 2096 5763 14

2183 3281 2591 3356 Bursfeldensis.
2643 3273 2938 3336 Parrhisiis
2991 3273 3246 3342 impressa
3296 3283 3392 3340 per
3433 3268 3772 3325 Desiderium

2185 3377 2370 3434 maheu
2398 3375 2457 3429 in
2479 3372 2592 3427 uico
2619 3366 2787 3424 sancti
2823 3361 3004 3420 Jacobi
3029 3358 3398 3416 commorantis
3427 3359 3520 3413 sub
3553 3354 3774 3412 intersi-

2188 3467 2304 3540 gnio
2323 3461 2492 3519 sancti
2529 3452 2738 3515 Nicolai
2782 3468 2948 3526 prope
2990 3451 3232 3520 templum
3275 3446 3445 3503 sancti
3484 3445 3768 3502 Benedicti.

2192 3535 2488 3625 8nmptibus
2518 3541 2800 3615 Godofridi
2828 3539 3060 3596 Hectoris
3085 3537 3280 3594 honesti
3308 3535 3772 3608 bibliopole.Anno

2191 3621 2458 3700 Doniinice
2486 3629 2868 3691 incarnationis
2898 3626 3053 3684 1518.
3094 3627 3171 3682 De
3210 3625 3276 3680 15
3307 3621 3496 3678 mensis
3521 3621 3774 3678 Januarii

2195 3730 2369 3804 (Bd.).
2414 3729 2621 3784 Recens
2664 3719 2906 3793 ejusdem
2944 3713 3156 3772 ordinis
3201 3711 3543 3768 Breviarium
3593 3727 3770 3768 meum

2195 3799 2294 3876 est.
2328 3799 2677 3873 IBreviarium
2707 3803 3080 3863 monastico....
3111 3799 3506 3857 Benedictinum
3543 3799 3776 3870 quad”;

2192 3906 2467 3982 partitum.
2503 3899 2659 3972 Typis
2695 3892 3012 3970 principalis
3051 3887 3360 3946 monasterii
3401 3883 3771 3952 Einsidlensis,

2197 4011 2334 4052 anno
2366 3991 2500 4050 1743
2526 4003 2665 4058 seqq.

2271 4102 2356 4158 15.
2387 4101 2476 4156 Ex
2502 4093 2792 4153 breviariis
2819 4090 3184 4148 Eremitarum
3227 4085 3284 4144 S.
3327 4083 3627 4159 Augustini
3670 4085 3772 4143 duo

2200 4189 2574 4250 consuluimus
2603 4204 2614 4241 :
2645 4199 2818 4239 unum
2850 4198 2918 4237 ex
2942 4180 3075 4236 bibl.
3105 4179 3158 4235 S.
3183 4175 3366 4236 Mariae
3397 4176 3644 4246 Halensi,
3665 4175 3774 4232 sine

2200 4296 2342 4334 anno
2365 4285 2418 4332 et
2441 4274 2624 4342 titulo,
2643 4271 2737 4328 sed
2757 4270 2945 4343 procul
2975 4267 3143 4323 dubio
3172 4271 3548 4338 pervetustum
3565 4261 3770 4335 (Aug),

2201 4371 2432 4424 alterum
2467 4381 2534 4418 ex
2560 4369 2746 4417 nostra
2769 4357 3127 4415 :Breviarium
3157 4353 3436 4410 secundum
3471 4351 3639 4406 ritum
3667 4364 3773 4405 san-

2199 4463 2274 4511 cte
2300 4459 2529 4511 Romane
2555 4450 2781 4507 Ecclesie
2805 4464 3005 4502 summa
3023 4461 3138 4500 cum
3161 4441 3434 4513 diligentia
3460 4443 3774 4496 emendatum

2117 4557 2166 4616 D
2197 4544 2574 4614 etcastigalum
2611 4540 2666 4592 in
2709 4554 2810 4608 quo
2853 4536 3007 4591 etiam
3061 4533 3228 4588 multa
3269 4529 3615 4602 superaddita
3669 4529 3776 4581 sunt

2197 4650 2312 4705 qua:
2339 4633 2396 4685 in
2425 4628 2779 4684 consimilibus
2808 4623 3084 4678 breviariis
3112 4635 3384 4690 nunquam
3408 4619 3550 4674 alias
3569 4617 3759 4686 fuerun

2197 4723 2452 4792 impressa
2483 4717 2706 4786 feliciter
2743 4712 2974 4783 explicit.
3010 4713 3076 4766 In
3115 4711 3258 4764 alma
3295 4707 3630 4764 Venetiarum
3665 4702 3777 4758 urbe

2193 4824 2290 4880 per
2355 4806 2606 4862 Jacobum
2653 4803 2714 4857 de
2767 4805 2932 4856 Leuce
3008 4795 3396 4852 accuratissime
3456 4795 3774 4865 impressum.

2201 4899 2355 4955 Anno
2386 4893 2663 4964 salutifere
2706 4889 2921 4948 Domini
2957 4888 3128 4943 nostri
3153 4888 3276 4942 Iesu
3305 4883 3504 4942 Christi
3531 4884 3777 4938 incarna-

2199 4986 2357 5044 tionis
2385 4982 2788 5056 quingentesimo
2828 4993 2994 5050 supra
3020 4975 3356 5031 millesimum
3379 4971 3531 5027 nonis
3558 4967 3778 5028 Octobri:

2205 5076 2368 5148 (Aug.
2401 5073 2504 5144 2.).

2277 5173 2360 5229 16.
2393 5173 2478 5228 Ex
2515 5171 2700 5226 eadem
2728 5167 2865 5224 bibl.
2892 5167 2946 5221 S.
2965 5163 3150 5221 Mariae
3172 5171 3252 5220 est
3271 5165 3648 5234 pervetustum
3671 5156 3778 5215 Caro

2202 5261 2584 5319 thusianorum
2629 5255 3000 5312 Breviarium:
3045 5250 3386 5307 Breviarium
3414 5265 3562 5304 sacre
3585 5245 3777 5316 religio-

2204 5353 2286 5406 nis
2321 5349 2582 5406 Cartusie.
2616 5347 2696 5402 Ab
2727 5342 3020 5414 exemplari
3065 5337 3440 5395 correctissimo
3486 5337 3779 5409 impressum

2209 5437 2427 5494 Sululiis
2452 5453 2549 5506 per
2585 5433 2897 5504 magistrum
2941 5429 3197 5486 Simonem
3249 5425 3527 5496 bevelaqua
3574 5422 3778 5498 Papien-

2207 5544 2328 5581 sem.
2361 5526 2517 5580 Anno
2543 5522 2756 5579 Domini
2790 5520 2925 5576 1006
2953 5518 3034 5573 die
3063 5517 3131 5573 22
3155 5514 3382 5587 April-is.
3417 5511 3560 5586 (CL)

2281 5625 2364 5679 17.
2397 5623 2483 5677 Ex
2531 5619 2820 5676 breviariis
2871 5616 3081 5674 ordinis
3121 5611 3497 5672 Cisterciensis
3533 5605 3776 5682 antiquis,

2211 5706 2267 5761 in
2300 5707 2498 5778 quibus
2523 5702 2719 5777 hymni
2745 5715 2893 5758 more
2923 5699 3187 5772 singulari
3217 5705 3272 5754 et
3291 5695 3514 5753 insolito
3540 5687 3776 5768 dispositi
