3940 6378
147 387 297 446 ηοδ

1222 383 1449 442 HYMNI
1484 386 1542 443 S.
1582 385 1935 443 AMBROSIO
1973 382 2369 442 ATTRIBUTI.

3293 377 3432 441 1206

153 521 312 583 sunt,
376 529 550 571 unum
605 529 676 571 ex
741 511 879 571 bibl.
940 511 1284 585 Gottingensi
1359 511 1736 582 inspeximus:
1767 514 1820 574 Α
1919 510 1973 567 2.
2001 507 2287 581 Hymnide
2317 513 2542 580 tempore
2565 513 2612 562 et
2639 508 2702 564 de
2722 509 2918 566 sanctis
2955 508 3016 566 in
3051 523 3165 566 eam
3199 474 3444 580 foratum!

152 602 321 659 Brev.
369 605 626 660 camerale
667 603 740 660 ad
783 620 938 660 usum
987 602 1341 661 Cisterciensis
1369 601 1574 658 ordinis
1601 617 1740 658 anno

151 699 402 748 currente
448 693 584 750 1510
627 693 694 750 ab
739 695 911 750 eodem
952 693 1205 748 monacho
1251 693 1344 763 qui
1391 689 1741 764 prcecedentia

153 779 394 850 ejusdem
419 781 624 838 ordinis
651 783 791 838 brev.
823 789 1128 838 correxerat
1157 780 1393 852 diligenti
1417 797 1550 836 cura
1574 778 1742 835 casti-

149 878 341 943 gatum
388 881 435 930 et
467 875 541 931 ad
581 877 713 931 hanc
759 874 888 932 satis
930 874 1164 944 amplam
1191 871 1424 942 formam
1451 869 1739 933 redactum,

149 963 582 1020 reverendissimi
643 965 820 1037 patris
877 962 1079 1020 domini
1155 959 1393 1018 Cistercii
1454 957 1742 1016 obedientia

145 1052 368 1122 punctis
407 1053 464 1108 in
501 1052 675 1108 eodem
714 1052 898 1108 ordine
918 1051 1036 1122 fieri
1069 1048 1238 1105 solitis
1269 1049 1471 1105 utiliter
1513 1045 1739 1102 comuni-

153 1145 274 1194 tum
302 1140 485 1212 incipit
507 1139 750 1211 feliciter.
777 1169 848 1182 —
885 1139 1071 1198 Venale
1093 1137 1360 1209 reperitur
1381 1135 1610 1194 Parisiis
1646 1131 1739 1190 sub

159 1235 331 1292 Leone
348 1239 602 1307 Argenteo
621 1235 722 1291 vici
753 1236 920 1292 sancti
946 1233 1146 1292 Jacobi.
1181 1232 1322 1305 (Cm)

227 1375 328 1432 ΙΙΙ.
359 1376 608 1434 Sunsmm
632 1390 962 1434 LITTERARIA
983 1391 1105 1437 omn
1125 1387 1346 1431 amnes
1373 1384 1669 1428 centauros

590 1482 658 1520 ΕΤ
686 1480 1010 1522 EXPLICATOS
1028 1477 1315 1520 CONTINET.

230 1581 284 1638 1.
317 1583 429 1640 Sub
456 1584 620 1642 ﬁnem
655 1584 838 1643 szeculi
863 1599 940 1640 xv
963 1581 1023 1639 in
1054 1580 1345 1640 Germania
1383 1579 1580 1653 saepius
1593 1577 1741 1652 typis

152 1684 364 1728 excusa
391 1681 472 1730 est
497 1675 776 1745 Expositio
803 1673 1134 1742 hymnorum.
1168 1669 1361 1728 Varias
1379 1669 1544 1742 hujus
1563 1666 1742 1740 operis

152 1758 431 1818 editiones
457 1761 588 1818 novi
619 1763 812 1818 hasce:
845 1759 1128 1832 Expositio
1166 1757 1466 1814 himnorum
1494 1772 1608 1810 cum
1633 1769 1741 1810 no—

1850 613 1956 670 qua
1983 615 2019 654 a
2044 595 2156 653 suis
2182 595 2456 652 auter-ibus
2484 595 2667 668 scripti
2705 603 2824 652 sunt
2853 597 3018 652 denuo
3046 597 3246 654 redacti
3268 604 3316 654 et
3339 614 3430 654 se-

1851 685 2076 742 cundum
2107 687 2264 758 legem
2289 683 2541 741 carminis
2577 684 2846 756 diligenter
2873 685 3125 742 emendati
3155 691 3310 756 atque
3337 685 3429 740 in-

1853 777 2142 848 terpretati.
2168 777 2324 834 Anno
2350 775 2567 834 Domini
2597 776 2753 834 1519.
2785 776 2848 833 In
2867 776 3012 833 calce
3038 775 3166 832 libri
3195 775 3425 849 legitur:

1851 865 2072 936 Hymnis
2093 882 2192 937 per
2227 865 2359 921 anni
2393 864 2648 920 circulum
2681 863 3068 919 occurrentibus
3095 863 3288 920 Latina
3314 878 3430 920 cum

1851 954 2197 1010 snucleatione
2260 951 2523 1023 adjunctis
2587 950 2876 1026 difﬁcilium
2933 951 3295 1008 clausularum
3351 950 3428 1007 si-

1849 1043 2126 1115 gniﬁcatis.
2165 1045 2423 1098 Extrema
2459 1040 2699 1113 apposita
2727 1045 2802 1094 est
2825 1055 3031 1096 manus.
3073 1039 3429 1110 Argentoraco

1851 1130 1910 1186 in
1944 1131 2166 1188 Joannis
2206 1129 2513 1187 Knoblouch
2541 1127 2872 1201 calcographi
2897 1126 3077 1182 edibus
3102 1129 3328 1183 humane
3350 1141 3430 1182 re-

1851 1217 2181 1290 demptionis,
2205 1224 2300 1276 etc.
2344 1217 2637 1274 Auctorem
2683 1232 2739 1272 se
2783 1214 3020 1288 appellat
3063 1214 3120 1274 in
3165 1213 3430 1286 prooemio

1851 1307 2083 1366 Iacobus
2125 1305 2570 1379 Wimphelingus
2615 1303 2964 1361 Sletstatinus
2997 1303 3050 1376 (τ
3087 1301 3288 1374 1528);
3322 1317 3429 1359 ve-

1850 1411 1973 1455 rum
2001 1394 2144 1470 quod
2174 1394 2344 1454 sciam
2383 1392 2491 1449 viri
2528 1391 2676 1450 docti
2705 1392 2801 1466 qui
2829 1389 3230 1464 Wimpielingii
3260 1389 3429 1447 libros

1851 1491 2174 1543 enumerant
2201 1481 2366 1554 hujus
2405 1479 2585 1554 operis
2625 1494 2736 1536 non
2778 1477 3040 1552 injiciunt
3070 1477 3425 1535 mentionem.

1851 1574 2117 1636 Caeterum
2138 1572 2197 1630 in
2226 1571 2330 1630 hoc
2350 1570 2493 1628 libro
2522 1568 2632 1627 fere
2657 1566 2856 1642 passim
2885 1567 3156 1625 Hilarium
3185 1567 3430 1643 sequitur

1851 1661 2108 1738 [Wimpf.
2141 1659 2275 1736 (1)].

1919 1749 1972 1808 3.
2022 1749 2176 1808 Liber
2203 1749 2528 1819 Hymnon
2558 1745 2614 1804 in
2637 1751 2806 1804 metra
2828 1744 3034 1802 nouiter
3075 1745 3424 1802 redactorum.

154 1849 316 1905 tabili
361 1857 659 1907 commento.
710 1849 942 1908 Coloniae
978 1846 1124 1920 apud
1172 1845 1458 1903 Henricum
1505 1842 1742 1912 Quentell
1773 1861 1819 1922 Β
1847 1839 2108 1914 Apologia
2133 1845 2183 1896 et
2207 1837 2437 1909 defensio
2468 1837 2681 1910 poeticis
2719 1852 2782 1894 ac
2825 1835 3074 1894 oratorias
3116 1833 3423 1922 maiestatis.

154 1937 322 1996 1492.
345 1967 417 1982 -
439 1940 741 2011 Expositio,
778 1945 871 1996 etc.
909 1934 1222 2008 Hagenoviw
1261 1932 1416 1991 1493.
1446 1963 1517 1976 -
1544 1933 1740 2005 Expo-

151 2027 282 2083 sitio
333 2028 648 2084 Himnorum
711 2033 820 2083 tum
873 2023 1097 2081 notabili
1160 2027 1438 2078 commento
1506 2021 1742 2090 implicat

149 2114 414 2172 historias
458 2133 571 2172 cum
613 2114 821 2187 optimis
854 2110 1250 2182 allegationibus
1297 2125 1443 2166 sacre
1472 2107 1740 2180 Scriptura

148 2205 383 2261 illorum
427 2209 726 2260 sanctorum
763 2203 845 2257 vel
906 2207 1210 2256 sanctarum
1267 2198 1330 2255 de
1375 2197 1565 2270 quibus
1611 2198 1738 2254 tales

149 2293 330 2350 himni
379 2293 738 2350 decantantur.
807 2290 1042 2350 Colonire
1099 2289 1266 2346 1494.
1336 2317 1406 2330 --
1459 2286 1739 2360 Expositio

148 2385 478 2443 Himnorum
505 2401 618 2440 cum
652 2380 876 2438 notabili
919 2385 1217 2434 commento.
1257 2377 1321 2432 In
1349 2375 1530 2434 calce:
1574 2374 1740 2432 Basi-

152 2475 253 2532 lew
309 2475 591 2546 impressus
643 2489 744 2545 per
800 2469 1098 2526 michaelem
1143 2469 1367 2525 Furter.
1424 2467 1579 2524 Anno
1631 2464 1736 2522 inc.

151 2564 373 2622 Domin.
407 2563 562 2620 1504.
605 2593 674 2606 -
704 2561 850 2632 Εωρ.
885 2558 954 2614 Η.
997 2575 1114 2614 cum
1159 2555 1426 2626 familiari
1462 2557 1740 2611 commento

139 2656 271 2727 jam
297 2655 498 2711 dudum
537 2653 596 2708 in
633 2651 792 2706 lucem
819 2647 974 2704 edito.
1004 2647 1067 2702 In
1101 2645 1280 2702 calce:
1327 2643 1484 2700 Liber
1525 2643 1740 2698 himno-

150 2759 283 2798 rum
339 2756 457 2796 cum
528 2736 748 2792 textuali
822 2731 1348 2804 interpretatiuncula
1417 2729 1740 2801 jamdudum

151 2831 418 2890 laboriose
469 2832 730 2897 congestus
780 2823 967 2879 iterato
1025 2822 1282 2893 replessus
1337 2824 1410 2875 est
1481 2820 1539 2875 in
1587 2820 1738 2877 domo

147 2920 425 2995 quondam
478 2915 693 2972 Henrici
742 2913 976 2983 Quentell
1027 2911 1262 2968 Colonies
1300 2908 1438 2968 1506
1473 2911 1546 2967 ad
1585 2911 1741 2984 ﬁnem

147 3011 349 3068 mensis
383 3007 539 3066 Maii.
570 3003 757 3061 Editio
787 3018 947 3077 quam
973 3017 1074 3074 ego
1096 2997 1348 3074 possideo
1373 2999 1631 3058 omnibus
1659 3008 1739 3060 est

148 3099 456 3172 antiquior.
479 3094 747 3165 Inscripta
766 3089 846 3149 est
863 3089 1144 3162 Expositio
1166 3090 1478 3160 hymnorum
1493 3089 1739 3161 perutilis

146 3190 496 3258 omnibusque
509 3183 758 3273 salubris:
777 3181 928 3273 deest
942 3183 1174 3273 all-unset
1185 3178 1732 3273 nomentypographi,
1761 3213 1804 3273 C

149 3280 252 3336 sed
281 3294 350 3333 ex
380 3274 636 3332 omnibus
665 3271 840 3329 elucet
870 3269 926 3324 in
943 3266 1160 3325 oﬂicina
1187 3265 1569 3334 Quentelliana
1593 3267 1738 3325 circa

147 3382 364 3424 annum
385 3365 520 3421 1490
545 3361 688 3434 typis
707 3375 820 3414 esse
841 3356 1188 3428 descriptam.
1210 3355 1274 3410 In
1289 3354 1390 3411 hac
1405 3355 1736 3428 hymnorum

148 3454 482 3513 collectione
503 3448 854 3507 memorabile
875 3445 1015 3502 mihi
1041 3443 1221 3500 visum
1238 3449 1319 3498 est
1339 3442 1564 3498 initium
1587 3441 1733 3498 libri:

163 3569 185 3593 ι
229 3543 392 3600 Liber
429 3541 531 3597 iste
551 3539 756 3596 dicitur
786 3535 924 3592 liber
949 3535 1308 3606 hymnorum.
1366 3531 1617 3605 Hymnus
1644 3530 1740 3588 di-

147 3633 302 3688 citur
332 3632 448 3686 laus
482 3629 576 3684 Dei
606 3644 732 3684 cum
758 3625 989 3682 cantico.
1022 3621 1267 3689 Quatuor
1287 3618 1510 3678 fuerunt
1539 3618 1738 3692 princi-

147 3724 305 3797 pales
333 3728 580 3777 auctores
629 3716 722 3790 qui
752 3715 990 3786 hymnos
1035 3717 1480 3782 composuerunt,
1529 3708 1740 3782 Grego-

147 3821 292 3888 rius,
324 3815 671 3882 Prudentius,
703 3810 1044 3878 Ambrosius,
1078 3806 1350 3864 Sedulius.
1380 3805 1485 3864 Sed
1515 3804 1738 3880 quidam

147 3911 242 3966 vir
288 3905 526 3978 prudens
573 3900 796 3958 nomine
841 3896 1082 3952 Hilarius
1128 3894 1323 3952 videns
1365 3894 1491 3951 illos
1539 3895 1741 3951 multos

148 3998 393 4071 hymnos
465 3990 854 4063 composuisse,
933 3986 1161 4057 dignum
1215 3983 1380 4040 duxit
1431 3983 1741 4056 placuitque

149 4083 417 4160 quosdam
447 4081 507 4136 in
540 4095 712 4136 unum
739 4077 990 4147 colligere
1021 4072 1422 4146 compendiose,
1467 4071 1526 4128 in
1569 4087 1740 4128 unum

149 4186 478 4244 componere
529 4169 749 4225 brevem
797 4175 852 4223 et
904 4163 1100 4220 utilem
1147 4168 1464 4228 tractatum,
1520 4160 1580 4216 in
1634 4174 1744 4232 quo

151 4278 345 4320 omnes
373 4259 568 4332 hymni
596 4257 837 4312 fuerunt.
869 4278 890 4302 ι
933 4255 996 4309 In
1020 4253 1125 4309 hoc
1153 4251 1380 4308 exordio
1404 4249 1634 4321 vestigia
1654 4264 1741 4304 ve-

153 4353 375 4412 tustatis
393 4349 685 4423 singularis
705 4353 916 4402 exstare
932 4343 1069 4400 mihi
1093 4342 1636 4412 videbantul'.ltaque
1653 4339 1742 4400 vel

154 4441 397 4498 maxime
433 4438 650 4511 gavisus
679 4451 800 4491 sum
842 4448 966 4489 cum
997 4428 1340 4486 Gersdorlius
1377 4427 1466 4482 vir
1497 4426 1642 4483 doct.
1682 4441 1745 4482 ea

155 4547 264 4610 qua
291 4537 454 4586 notus
491 4535 573 4582 est
602 4523 926 4581 liberalitate
960 4535 1029 4574 ex
1061 4517 1202 4572 Bibl.
1230 4515 1458 4570 Paulina
1474 4513 1742 4586 Lipsiensi

155 4605 401 4682 codicem
433 4618 534 4675 720
571 4617 630 4672 in
659 4631 768 4687 quo
797 4613 961 4668 etiam
1001 4607 1398 4679 Expositionem
1448 4605 1745 4661 himnorum

156 4717 334 4772 inesse
353 4709 692 4772 audiveram,
718 4702 856 4758 mihi
874 4701 1134 4756 mitteret.
1163 4696 1292 4754 Mox
1321 4695 1466 4752 enim
1488 4693 1737 4751 intellexi

157 4803 264 4860 hoc
291 4802 349 4857 in
369 4798 556 4856 codice
577 4791 826 4850 exhiberi
859 4788 1052 4844 Hilarii
1073 4785 1247 4842 nostri
1263 4783 1738 4850 commentarium,

158 4909 319 4967 quem
375 4895 520 4947 certe
587 4885 750 4943 tertio
811 4866 1024 4937 decimo
1103 4876 1304 4934 saeculo
1376 4874 1738 4946 compositum

158 4961 273 5040 esse
323 4997 392 5038 ex
438 4983 593 5035 aetate
639 4970 846 5030 codicis
883 4965 1148 5038 suspicari
1199 4962 1346 5020 licet.
1379 4961 1618 5018 Hilarius
1645 4961 1738 5017 ille

158 5069 376 5144 quando
403 5064 610 5122 vixerit
638 5069 690 5116 et
719 5058 842 5132 quis
875 5054 1041 5111 fuerit
1075 5061 1128 5108 et
1156 5068 1276 5125 quae
1307 5049 1486 5122 operis
1513 5049 1630 5122 ejus
1659 5066 1738 5105 ra-

159 5139 240 5216 tio
267 5156 360 5223 sit,
393 5153 539 5210 intra
568 5145 994 5220 disputabimus.
1027 5139 1192 5213 (ΗΠ.)

235 5310 314 5382 (1)
347 5305 546 5367 Rarissi
557 5317 705 5360 mum
726 5300 936 5382 librum
968 5293 1220 5382 ejusdem,
1241 5291 1492 5382 auctoris
1501 5290 1739 5382 Qte-ﬁght:

161 5362 449 5437 norum—iet
530 5373 949 5444 sequentiarumA
992 5362 1297 5444 auctoribus
1374 5362 1742 5444 generibusque

165 5433 457 5508 carminum
483 5433 675 5518 quaiin
703 5441 904 5512 hymnis
933 5437 1290 5514 inveniuntur,
1319 5433 1739 5518 quem'rn'ultum

165 5503 614 5592 nbisivadjutuljum
656 5503 769 5592 esse
807 5525 1104 5592 speramus,
1141 5503 1438 5592 vir‘preegl‘.
1483 5503 1741 5592 Ulllnan—

167 5574 268 5650 ὶὶἶιὲ
301 5574 799 5648 ’ἑςίῡίωίυιιιθοα
835 5574 1094 5638 ‘Palatina
1147 5574 1308 5632 nobis
1364 5574 1740 5630 liberalissime

172 5673 451 5807 "LC'Z‘iEin
467 5727 692 5798 υίϐῑΓαοὴ
716 5726 846 5780 beim
879 5723 1174 5782 Unterricht
1216 5716 1560 5788 eingefitllrtes
1586 5714 1738 5767 Lehr-

1847 1934 2036 1992 Brevis
2062 1930 2318 2005 expositio
2345 1929 2633 2004 difﬁcilium
2663 1927 3004 1986 terminatum
3040 1925 3100 1984 in
3128 1923 3333 1998 hymnis
3359 1921 3426 1983 ab

1847 2023 1975 2080 aliis
2013 2036 2208 2094 parum
2246 2017 2410 2093 probe
2429 2023 2479 2074 et
2503 2015 2704 2074 erudite
2743 2014 2933 2086 forsan
2967 2013 3428 2090 interpretatorum

1843 2130 1942 2188 per
1970 2109 2254 2170 Henricum
2280 2105 2544 2166 Bebelium
2587 2104 2966 2177 Iustingensem
2994 2101 3134 2160 edita
3171 2101 3428 2177 poeticam

1848 2209 1898 2265 et
1919 2200 2254 2258 humaniores
2295 2197 2497 2254 litteras
2529 2192 2736 2267 publice
2770 2190 3099 2266 proﬁtentem
3119 2190 3180 2246 in
3201 2205 3428 2265 gyrum...

1849 2291 1926 2348 sio
1963 2285 2296 2361 Tubengensi.
2326 2281 2706 2342 Adnotationes
2731 2277 2962 2352 ejusdem
2986 2281 3046 2336 in
3069 2277 3327 2353 quaedam
3342 2293 3428 2336 υο.

1848 2379 2156 2436 cabulomm
2182 2371 2636 2448 interpretationes
2664 2367 3047 2430 Mammetracti
3065 2367 3172 2442 (2).
3205 2367 3428 2426 Thubin-

1847 2490 1943 2546 gen
1971 2472 2127 2530 1501.
2175 2471 2334 2528 Hunc
2385 2465 2593 2526 librum
2613 2461 3003 2546 _Rambachins
3046 2459 3428 2520 liberalissime

1848 2543 1988 2620 mihi
2023 2559 2194 2619 misit.
2222 2556 2406 2632 (Beb.)
2613 2543 2622 2554 '

1915 2649 1969 2708 4.
2000 2647 2193 2721 Hymni
2221 2651 2269 2701 et
2293 2643 2580 2718 Sequentia
2599 2658 2718 2701 cum
2738 2638 2978 2716 diligenti
3001 2637 3428 2716 difficillimon

1845 2739 2217 2796 vocabulorum
2263 2735 2690 2809 interpretatione
2733 2731 2970 2792 omnibus
3015 2736 3067 2787 et
3109 2729 3427 2788 scholasticis

1847 2835 1896 2886 et
1915 2824 2266 2884 ecclesiasticis
2292 2823 2502 2897 cognitu
2528 2819 2822 2880 necessaria
2855 2819 3150 2880 Hermauni
3191 2820 3429 2878 Torren-

1850 2917 1946 2974 tini
1959 2915 2020 2973 de
2043 2914 2280 2970 omnibus
2308 2911 2564 2984 puritatis
2587 2911 2760 2982 tingue
2787 2907 2974 2968 Latine
2997 2904 3246 2964 studiosis
3268 2923 3430 2980 quam

1847 3004 2034 3078 optime
2062 2999 2284 3058 meritis.
2321 3000 2386 3057 In
2411 2998 2523 3057 ﬁne
2562 2996 2796 3072 legitur:
2837 2996 3157 3068 Impressum
3199 2994 3431 3058 Coloniae

1841 3111 1940 3168 per
1990 3089 2283 3152 Martinam
2339 3087 2403 3143 de
2450 3085 2696 3146 werdena
2747 3099 2887 3142 anno
2933 3079 3148 3143 Domini
3194 3081 3330 3143 1513
3370 3083 3432 3146 in

1841 3181 2076 3256 profesto
2129 3174 2458 3237 Visitationis
2515 3174 2654 3229 beate
2718 3169 2894 3234 Maris
2933 3169 3177 3247 uirginis.
3235 3170 3430 3239 Exstat

1844 3269 2010 3342 hujus
2045 3265 2175 3324 libri
2217 3263 2388 3321 editio
2431 3261 2688 3320 secunda.
2738 3258 2935 3334 Hgmni
2973 3263 3023 3314 et
3054 3258 3237 3316 Prosal
3281 3259 3430 3318 eccle-

1845 3357 2065 3416 siastica:
2091 3354 2245 3426 vulgo
2277 3349 2552 3422 sequentia:
2577 3347 2728 3406 dictae
2754 3345 3081 3406 breuiuscula
3105 3346 3312 3421 quidem
3340 3349 3430 3408 sed

1843 3447 2074 3505 maxime
2101 3441 2374 3499 commoda
2402 3435 2696 3497 Hermanni
2729 3432 3030 3494 Torrentini
3064 3436 3426 3510 explanatione

1846 3539 2137 3598 illustrata.
2173 3531 2277 3600 Qui
2301 3529 2410 3604 piis
2447 3537 2497 3586 et
2539 3525 2858 3588 Christianis
2901 3525 3224 3584 obiectantur
3264 3526 3425 3584 canti-

1846 3627 1918 3683 cis
1945 3625 2026 3682 his
2043 3641 2095 3680 se
2121 3621 2384 3680 oblectent.
2421 3616 2670 3676 Colonias.
2716 3613 3024 3672 Eacudebat
3051 3613 3241 3673 Petrus
3267 3615 3425 3675 Horst

1849 3717 2004 3776 1536.
2037 3715 2334 3786 Utramque
2373 3707 2672 3766 editionem
2717 3703 2971 3779 inspexi;
3023 3701 3118 3761 sed
3161 3719 3286 3762 cum
3333 3704 3424 3766 ille

1846 3808 1936 3866 vir
1982 3805 2176 3863 doctus
2204 3802 2264 3858 in
2294 3798 2534 3860 secunda
2567 3795 2966 3856 Clichtovaum
3011 3793 3135 3869 plus
3176 3793 3426 3853 minusve

1846 3903 2064 3958 secutus
2088 3893 2182 3962 sit,
2212 3891 2364 3966 prior
2391 3887 2560 3946 editio
2590 3885 2749 3944 nobis
2787 3885 2946 3957 longe
2991 3882 3166 3959 pluris
3210 3883 3428 3944 videtur

1847 3981 2190 4046 sistimanda.
2255 3977 2408 4036 Hanc
2468 3990 2588 4033 mea
2647 3971 2986 4032 bibliotheca
3039 3972 3425 4048 suppeditavit.

1875 4073 2056 4144 Torr.)

1851 4078 2082 4222 (Τὲἷτϐσ
2111 4166 2337 4231 tempore
2363 4161 2414 4214 et
2428 4153 2622 4210 sanctis
2645 4167 2744 4226 per
2786 4155 2950 4208 totum
2974 4165 3174 4206 annum
3200 4150 3431 4231 hymnae

1851 4253 1966 4311 rius
1992 4249 2050 4306 in
2066 4230 2235 4306 metra
2253 4253 2313 4303 ut
2331 4246 2397 4301 ab
2415 4241 2722 4311 Ambrosio,
2744 4238 2980 4308 Sedulio,
2999 4237 3290 4296 Prudentia
3307 4230 3430 4294 cete-

1852 4341 2029 4412 risque
2069 4333 2364 4395 doctoribus
2408 4329 2589 4404 hymni
2634 4333 2756 4385 sunt
2796 4323 3086 4412 compositi.
3133 4323 3433 4412 Groningen

1847 4409 2046 4504 phrisie
2061 4424 2181 4496 jam
2207 4422 2410 4480 nouiter
2439 4419 2685 4504 redactus
2708 4413 2898 4504 incipit
2920 4410 3160 4504 feliciter.
3188 4411 3252 4468 In
3279 4409 3425 4469 ﬁne:

1851 4495 1926 4574 Et
1949 4515 2024 4573 sic
2047 4495 2124 4572 ei
2148 4510 2292 4584 finis.
2322 4506 2505 4568 Debeo
2534 4499 2884 4565 Rambachio.
2915 4495 3136 4570 (Gron.)

1923 4606 1976 4663 6.
2006 4606 2094 4663 Ex.
2115 4583 2452 4660 bibliotheca
2479 4596 2534 4652 s.
2567 4589 2749 4648 Mariae
2777 4584 3026 4645 Halensis
3053 4583 3430 4659 suppeditatus

1849 4702 1930 4755 est
1956 4691 2096 4751 mihi
2125 4690 2285 4757 liber,
2317 4683 2482 4744 initio
2509 4679 2758 4748 mutilus,
2789 4674 2883 4749 qui
2914 4671 3150 4748 psalmos
3172 4677 3226 4726 et
3254 4669 3430 4744 hym-

1849 4799 1950 4842 nos
1973 4778 2238 4840 continet.
2291 4775 2354 4832 In
2393 4771 2500 4829 ﬁne
2554 4766 2791 4840 legitur:
2841 4761 3165 4824 Psalterium
3206 4760 3429 4818 Daeidis

1847 4868 2110 4943 adjunctis
2137 4863 2342 4940 hymnis
2370 4859 2572 4934 felicem
2612 4854 2762 4913 habet
2974 4866 3136 4943 opera
3161 4853 3210 4904 et
3237 4848 3426 4943 impen-

1849 4935 1932 5018 είὶ
1945 4935 2196 5021 Melchior
2223 4954 2426 5012 Letters
2453 4945 2657 5006 ducetis
2693 4942 2840 5019 opidi
2870 4937 3162 5013 Liptzensis
3207 4935 3428 4996 metu

1847 5049 2004 5108 Anno
2017 5043 2273 5106 Milesimo
2299 5033 2700 5114 quingentesimo
2723 5030 2991 5090 undecim
3013 5027 3081 5085 18
3099 5027 3182 5086 die
3199 5025 3428 5100 Aprilis.

1849 5139 1966 5197 Hoc
1992 5150 2130 5209 opus
2157 5129 2356 5190 litteris
2387 5123 2570 5204 (Lps.)
2600 5119 2936 5183 notavimus.

1852 5285 2000 5348 buch,
2027 5281 2136 5335 eine
2165 5278 2270 5335 Art
2299 5271 2627 5348 Cra-minati]:
2652 5269 2758 5348 mit
2777 5266 2894 5348 dem
2917 5259 3431 5348 sonderbarenél‘itel

1850 5344 2286 5412 Manimetrachus
2352 5346 2440 5400 od.
2511 5344 2930 5410 Mammotreptes
2973 5351 3097 5412 year
3145 5349 3216 5392 su
3257 5346 3432 5412 finem

2129 5402 2255 5476 and
2267 5402 2274 5403 ⁷
2300 5418 2567 5487 Einﬂusse
2615 5402 3036 5487 gekomnien,“di_e
3064 5402 3429 5487 _unoertilgba,

1848 5473 2100 5552 iiiieiiél‘i.
2149 5473 2257 5546 "Sic
2300 5473 2676 5549 nils'zllrotteit,
2743 5496 2862 5537 war
2906 5473 3078 5552 'Bebel
3133 5475 3232 5552 mit
3294 5473 3434 5531 alter

1848 5545 2280 5692 bedacht.
2314 5557 2507 5616 Ersch.
2539 5545 2752 5612 Gruber
2787 5545 3230 5624 Encyclopedie.
3278 5559 3328 5603 δ.
3368 5559 3431 5602 v.

1895 5655 1922 5692 e
1961 5652 1992 5692 θ
2019 5677 2033 5692 .

1895 5652 2033 5693 8001.
