3940 6376
574 420 713 483 1207

1556 405 1654 462 ΑΙ)
1691 404 1924 462 OPERA
1960 403 2016 460 S.
2057 401 2389 461 AMBROSII
2425 401 2803 461 APPENDIX.

3702 395 3866 459 1208

645 547 701 604 7.
731 539 920 600 Jodoci
949 531 1274 597 Clichtovaei
1302 530 1483 606 operis
1509 531 1665 604 copia
1691 530 1956 586 doctrina:
1976 529 2151 584 utilis-
2187 530 2238 589 Α
2267 528 2366 584 tati
2405 527 2537 596 sint,
2586 529 2748 586 tertio
2777 535 2988 584 tantum
3019 525 3160 583 libro
3183 525 3268 583 uti
3294 523 3482 592 licuit;
3526 524 3589 581 in
3625 524 3869 598 reliquis

569 634 701 700 simi
727 640 779 688 et
809 629 1040 704 primam
1072 634 1127 682 et
1153 621 1446 680 secundam
1479 621 1776 678 editionem
1807 620 1948 676 Ven.
1979 619 2154 675 Ram—

569 721 789 788 bacbio,
819 715 976 788 cujus
1003 712 1274 783 insignem
1313 709 1693 766 liberalitatem
1723 724 1834 764 non
1866 722 2153 779 possumus

569 825 684 868 non
712 805 1028 881 praedicare,
1059 801 1341 858 debemus.
1392 797 1823 855 Elucidatorium
1852 794 2152 849 ecclesiasti-

567 913 688 956 cum
722 894 795 950 ad
821 891 1041 965 ofﬁcium
1069 887 1288 944 ecclesiae
1309 885 1626 957 pertinentia
1649 883 1866 954 planius
1894 900 2154 953 exponens

569 991 622 1042 et
647 988 876 1055 quatuor
909 978 1068 1034 libros
1097 975 1450 1046 complectens.
1479 1002 1550 1014 —
1576 973 1792 1030 Primus
1825 973 2056 1040 Hymnos
2092 972 2155 1027 de

541 1078 800 1150 ltempore
844 1073 892 1121 et
937 1065 1130 1120 sanctis
1164 1079 1262 1134 per
1306 1068 1466 1118 totum
1516 1077 1734 1116 annum.
1782 1089 1853 1101 —
1891 1060 2153 1114 Secundus

569 1157 830 1218 nonnulla
868 1153 1069 1210 cantica
1096 1151 1438 1206 ecclesiastica
1478 1150 1792 1220 antiphonas
1837 1155 1884 1202 et
1927 1164 2153 1216 respon-

570 1247 737 1304 soria.
759 1274 829 1285 —
858 1242 1061 1299 Tertius
1091 1257 1150 1294 ea
1178 1255 1294 1310 qute
1323 1238 1396 1295 ad
1424 1237 1600 1295 Μίδεω
1621 1235 1884 1307 pertinent
1911 1235 2151 1306 omnium,

565 1331 863 1408 prwsertim
902 1327 1262 1400 prwfaliones.
1311 1355 1378 1368 —
1429 1327 1665 1392 Quartus
1705 1340 1896 1394 prosus
1938 1339 2053 1391 quee
2097 1322 2154 1376 in

571 1421 740 1478 sancti
780 1418 974 1475 altaris
1021 1414 1278 1485 sacrificio
1327 1414 1578 1467 dicuntur
1620 1412 1860 1466 continet.
1909 1411 2153 1465 Primum

568 1507 777 1584 prodiit
826 1505 965 1561 liber
1018 1501 1241 1558 Parisiis
1297 1501 1456 1565 1515,
1504 1498 1702 1554 deinde
1745 1498 1967 1552 Basilere
2018 1497 2152 1552 1517

569 1604 625 1654 et
656 1595 812 1652 1519.
843 1593 993 1664 Opus
1022 1587 1344 1648 Clichtovaai
1375 1587 1778 1655 abbreviatum,
1799 1585 1889 1641 sed
1913 1585 1970 1640 in
1998 1585 2154 1656 hym-

569 1684 658 1742 nis
687 1690 906 1739 auctum
949 1678 1154 1752 prodiit
1191 1676 1409 1735 Venetiis
1441 1678 1496 1731 in
1522 1675 1636 1730 vico
1679 1677 1736 1732 S.
1789 1673 1979 1731 Marica
2027 1672 2155 1743 for-

566 1789 726 1834 moue
752 1771 824 1826 ad
849 1770 1051 1840 signum
1080 1767 1189 1838 spei
1218 1766 1374 1822 1555.
1416 1765 1524 1833 CL,
1545 1760 1690 1822 'cum
1723 1763 2010 1820 breviariis
2039 1764 2156 1818 Ita-

567 1858 657 1928 lis,
689 1855 914 1915 Gallicis
931 1865 985 1912 et
1005 1853 1328 1926 Hungaricis
1347 1869 1476 1909 usus
1503 1853 1598 1920 sit,
1627 1869 1765 1924 opus
1792 1851 1910 1923 ejus
1937 1867 2154 1908 summo

567 1947 690 2004 loco
717 1955 800 2002 est
825 1942 1155 2000 habendum.
1187 1941 1392 1998 Multus
1419 1940 1640 2014 quidem
1691 1947 1773 1996 est
1816 1939 1874 1994 in
1916 1939 2154 1995 adnota-

567 2034 836 2101 tionibus,
865 2031 958 2087 sed
989 2046 1098 2086 non
1126 2045 1308 2101 paucae
1336 2043 1522 2084 earum
1545 2029 1710 2084 utiles
1733 2035 1879 2083 sunt.
1897 2026 2150 2098 (Clicht.)

637 2130 691 2184 8.
732 2126 927 2197 Hymni
967 2125 1296 2180 ecclesiastici
1331 2125 1628 2195 praesertim
1675 2123 1767 2194 qui
1813 2121 2152 2180 Ambrosiani

566 2215 816 2270 dicuntur
856 2211 1035 2264 multis
1061 2211 1117 2264 in
1150 2211 1274 2264 locis
1310 2210 1558 2280 recogniti
1599 2215 1648 2263 et
1681 2211 1968 2263 multorum
2011 2211 2152 2278 hym-

565 2317 760 2358 norum
803 2298 1090 2354 accessione
1119 2285 1434 2367 locupletati.
1470 2296 1599 2352 Cum
1633 2295 1852 2350 Scholiis
1897 2301 2150 2364 opportu-

565 2390 652 2445 nis
706 2389 765 2442 in
820 2387 943 2441 locis
995 2383 1212 2453 adjectis
1265 2391 1314 2438 et
1363 2383 1691 2454 Hymnorum
1727 2382 1894 2436 indice
1944 2379 2152 2450 Georgii

572 2473 884 2534 Cassandri.
925 2473 1069 2528 Beda
1112 2473 1175 2527 de
1215 2473 1506 2528 Melrarum
1550 2470 1820 2541 generibus
1865 2487 1930 2523 ea:
1972 2467 2147 2539 primo

571 2566 706 2621 libro
741 2563 804 2617 de
848 2577 907 2616 re
955 2560 1190 2615 metrica.
1250 2558 1482 2615 Coloniae
1532 2574 1671 2612 anno
1733 2557 1888 2614 1556.
1947 2557 2148 2611 lterum

567 2651 766 2726 hymni
795 2649 980 2706 excusi
1028 2650 1084 2704 in
1115 2647 1371 2720 operibus
1419 2645 1706 2704 Cassandri
1755 2661 1875 2717 quas
1921 2644 2150 2716 prodie-

566 2748 699 2799 runt
731 2738 949 2796 Parisiis
973 2735 1127 2793 1616.
1161 2735 1503 2808 Hymnorum
1535 2741 1772 2800 textum,
1827 2742 1889 2789 ut
1934 2732 2010 2786 ita
2051 2731 2149 2786 di-

565 2846 710 2898 cam,
739 2829 944 2900 optime
991 2825 1266 2881 recensuit
1313 2824 1504 2880 multis
1548 2820 1836 2877 hreviariis
1879 2821 2152 2892 imprimis

469 2917 474 2924 ’
569 2915 912 2974 Germanicis
938 2923 1062 2986 apte
1091 2912 1323 2970 collatis.
1351 2911 1504 2967 Notae
1527 2909 1768 2966 auctoris
1811 2925 1921 2964 non
1969 2907 2148 2979 magni

568 3003 900 3063 aestimandae
930 3010 1096 3069 sunt;
1129 3017 1254 3056 nam
1293 3001 1405 3056 fere
1450 3015 1640 3055 omnes
1685 3006 1815 3054 sunt
1856 2997 2148 3068 dogmatici

565 3095 655 3150 vel
693 3092 946 3164 polemici
977 3091 1208 3163 generis.
1239 3090 1302 3147 In
1343 3090 1587 3147 Romana
1631 3088 1877 3145 Ecclesia
1904 3089 2044 3144 liber
2070 3095 2152 3144 est

569 3181 794 3240 vetitus.
817 3179 1017 3253 (ϐεδε.)

635 3280 690 3336 9.
743 3277 1106 3336 Collectiones
1159 3273 1496 3347 hymnorum
1548 3289 1669 3346 quae
1728 3274 1948 3346 quidem
2002 3274 2148 3330 circa

565 3366 794 3423 Lutheri
824 3373 1068 3437 tempora
1107 3379 1140 3419 a
1181 3362 1508 3418 Lutheranis
1554 3362 1819 3418 instituta:
1865 3372 2011 3430 sunt,
2052 3362 2146 3418 sed

563 3455 630 3513 ad
663 3453 1052 3512 recensendum
1086 3461 1298 3508 textum
1346 3467 1455 3506 non
1510 3451 1744 3506 multum
1795 3453 1980 3506 valent
2020 3467 2144 3507 cum

565 3543 838 3616 permulta
869 3541 925 3597 in
957 3541 1028 3597 iis
1057 3546 1264 3596 mutata
1289 3537 1764 3610 deprehenderim.
1805 3538 1892 3594 Ad
1922 3554 2145 3593 manum

565 3637 757 3688 erant:
789 3629 1116 3696 Psalmodia,
1147 3635 1278 3695 etc.,
1312 3643 1408 3698 per
1453 3627 1649 3682 Lucam
1695 3626 1932 3682 Lossium
1981 3627 2145 3682 Lune-

563 3717 854 3788 bergensem
889 3733 1002 3770 cum
1049 3714 1362 3786 prcefatione
1406 3715 1548 3770 Phil.
1597 3715 1946 3770 Melanthonis
1998 3717 2147 3770 Wite-

561 3805 730 3876 bergte
755 3803 897 3876 apud
927 3803 1070 3858 Hier.
1105 3802 1314 3872 Georgii
1337 3802 1491 3859 Rhau
1523 3801 1651 3858 1561
1679 3803 1906 3874 (1.033.).
1931 3803 2147 3859 Cantica

561 3895 745 3949 selecta
787 3891 978 3948 veteris
1005 3891 1226 3961 novique
1262 3891 1571 3946 Testamenti
1599 3907 1714 3945 cum
1741 3891 1944 3961 hymnis
1972 3897 2020 3945 et
2046 3893 2146 3946 col-

565 3979 708 4036 lectis
744 3995 834 4034 seu
864 3977 1190 4034 orationibus
1229 3977 1539 4049 purioribus
1587 3993 1702 4047 quae
1750 3977 1807 4031 in
1854 3978 2148 4033 orthodoxa

560 4072 719 4137 atque
741 4066 992 4120 catholica
1030 4065 1265 4121 Ecclesia
1300 4066 1508 4121 cantari
1535 4068 1717 4121 solent.
1748 4066 1946 4121 Addita
1977 4067 2148 4136 dispo-

561 4153 750 4208 sitione
771 4160 818 4207 et
845 4153 1118 4222 familiari
1157 4153 1477 4222 expositione
1519 4153 1882 4222 Christophori
1926 4153 2150 4208 Corneri

563 4241 758 4311 Lipsiae
778 4255 896 4294 cum
915 4241 1191 4309 privilegio
1214 4240 1350 4294 1568
1377 4240 1618 4312 (Corn.).
1650 4241 1868 4297 Cantica
1894 4258 1958 4295 ea:
1983 4241 2150 4296 sacris

565 4327 754 4385 litteris
806 4325 863 4381 in
914 4327 1148 4383 Ecclesia
1199 4327 1406 4380 cantari
1460 4328 1618 4382 solita
1673 4344 1788 4382 cum
1842 4329 2050 4399 hymnis
2103 4335 2151 4383 et

561 4417 810 4485 collectis,
839 4423 955 4482 etc.,
989 4415 1251 4486 recognita
1283 4421 1330 4468 et
1363 4421 1517 4470 aucta
1542 4432 1638 4486 per
1680 4417 1748 4473 D.
1801 4418 1985 4488 Georg.
2035 4419 2149 4473 Μα.

551 4503 728 4574 jorem
756 4521 896 4559 anno
925 4503 1078 4559 1570.
1109 4533 1180 4544 -
1211 4503 1507 4574 Witebergte
1535 4503 1851 4558 Laurentius
1881 4507 2149 4560 Schwench

565 4593 910 4664 Eis/‘eldensis
955 4592 1256 4648 excutiebat.
1300 4622 1370 4634 —
1415 4592 1736 4648 Psalterium
1773 4593 2018 4658 Davidis,
2051 4601 2142 4651 etc.

562 4699 675 4738 cum
739 4681 1060 4738 lemmatibus
1084 4697 1146 4736 ac
1171 4681 1308 4736 notis
1333 4681 1528 4737 Adami
1571 4683 1762 4740 Stberi.
1811 4684 2150 4738 Accesserant

563 4770 756 4840 Hymni
784 4771 1034 4834 festorum
1061 4769 1265 4824 dierum
1294 4770 1599 4840 insignium.
1649 4773 1842 4843 Lipsiae
1885 4773 2146 4828 Iohannes

563 4858 799 4914 Rhamba
822 4857 1103 4912 excudebat
1128 4874 1270 4912 anno
1300 4858 1434 4914 1577
1467 4859 1652 4930 (Sib.).
1697 4861 1882 4916 Palma
1919 4877 1989 4916 ex
2029 4875 2147 4916 mea

562 4947 832 5002 sententia
857 4946 1150 5002 tribuenda
1185 4955 1266 5002 est
1309 4947 1510 5006 Ludeci
1558 4950 1744 5021 operi:
1787 4951 2060 5021 Vesperale
2099 4955 2148 5004 et

559 5033 899 5099 Matutinale,
948 5039 1042 5089 etc.
1093 5035 1230 5091 1589
1286 5034 1498 5107 (Lud.),
1544 5037 1691 5109 quod
1733 5037 1879 5094 idem
1925 5039 2004 5094 eis
2049 5039 2146 5112 qui

561 5122 771 5178 cultum
799 5121 1121 5178 Lutheramn
1150 5124 1406 5180 Ecclesiae
1438 5127 1640 5182 veteris
1667 5143 1992 5200 cognoscere
2019 5135 2145 5185 stu-

562 5206 693 5264 dent
718 5209 970 5265 maximae
994 5210 1220 5267 utilitati
1250 5214 1376 5268 erit.

635 5307 720 5363 10.
750 5308 1074 5378 Hgmnorum
1101 5311 1584 5370 Ecclesiasticorum
1611 5316 1675 5370 ab
1703 5317 1920 5374 Andrea
1954 5322 2144 5378 Ellin-

559 5410 682 5467 gero
729 5397 785 5453 V.
821 5397 902 5454 Cl.
933 5399 1324 5454 emendator-unt
1360 5401 1484 5456 libri
1525 5403 1632 5470 III,
1667 5411 1760 5461 etc.
1793 5408 1928 5464 1578
1957 5410 2144 5465 Fran-

561 5481 758 5552 cofurti
801 5485 873 5540 ad
916 5487 1164 5544 Mantum.
1199 5488 1358 5561 (ΕΠ.)
1411 5490 1536 5546 Haec
1585 5492 1836 5550 collectio
1892 5499 2138 5555 omnium

563 5584 695 5657 quas
723 5573 839 5628 vidi
867 5575 1260 5646 copiosissima,
1284 5578 1379 5634 sed
1397 5595 1523 5636 cum
1541 5580 1598 5634 in
1626 5579 1842 5639 duobus
1865 5585 2141 5657 prioribus

562 5655 721 5716 libris
748 5658 940 5736 hymni
969 5671 1188 5742 propter
1215 5667 1468 5728 metricae
1493 5669 1729 5728 rationes
1757 5655 1978 5752 prorsus
2004 5693 2138 5734 mu-

2260 615 2474 673 duobus
2495 618 2757 690 Ellingeri
2811 617 3104 674 auctoritas
3152 614 3228 671 ibi
3274 623 3486 670 tantum
3539 631 3630 669 me
3660 616 3861 681 movit,

2260 705 2357 760 ubi
2398 706 2600 762 lineola
2651 706 2861 777 adjecta
2923 704 3137 762 notavit
3182 711 3418 760 veterem
3453 711 3508 758 et
3555 703 3862 774 genuinam

2262 795 2613 865 scriptionem
2653 795 2923 850 exhiberi.

2335 884 2420 938 11.
2451 884 2734 938 Poetarum
2767 892 2994 939 veterum
3017 883 3474 939 ecclesiasticarum
3501 899 3672 953 Opera
3709 881 3865 937 Chri-

2261 971 2436 1026 stiana
2457 978 2505 1026 et
2531 990 2744 1042 operum
2771 973 3007 1042 reliquiie
3027 979 3182 1042 atque
3194 975 3514 1041 fragmenta.
3549 971 3864 1024 Thesaurus

2261 1059 2524 1114 catholicae
2550 1067 2598 1114 et
2633 1061 2934 1114 orthodoxa:
2978 1060 3222 1115 Ecclesia:
3259 1067 3305 1113 et
3349 1057 3694 1127 antiquitatis
3738 1057 3864 1110 reli-

2259 1146 2419 1216 giosie
2443 1148 2514 1201 ad
2562 1147 2838 1201 utilitatem
2857 1147 3147 1215 jurentutis
3176 1147 3541 1210 scltolastiscm,
3583 1146 3861 1211 collectus,

2261 1235 2580 1300 emendatus,
2607 1236 2829 1304 digestus
2850 1241 2895 1288 et
2919 1236 3287 1288 commentario
3334 1251 3535 1304 quoque
3581 1232 3864 1302 arpositus

2263 1323 2530 1392 diligentia
2554 1332 2602 1380 et
2628 1326 2800 1379 studio
2824 1326 3031 1395 Georgii
3054 1325 3286 1381 Fabricii
3313 1322 3707 1378 ehemnicensis.
3755 1323 3862 1378 Bu-

2263 1412 2405 1468 silca:
2426 1431 2524 1483 per
2551 1415 2800 1468 Joannem
2835 1415 3123 1484 Oporinum
3158 1414 3531 1484 lZiGi.(Fahr.)

2336 1502 2420 1558 12.
2456 1503 2595 1558 Ven.
2627 1503 2846 1558 Thiloni
2877 1503 3078 1559 debeo:
3121 1504 3380 1558 Diuorum
3414 1509 3634 1574 patrum
3667 1508 3719 1556 et
3771 1502 3863 1556 do-

2265 1593 2467 1644 ciorum
2510 1594 2749 1647 Ecclesite
2789 1595 2881 1662 qui
2909 1593 3148 1647 oratione
3191 1593 3352 1662 ligata
3381 1592 3712 1662 scripserunt
3741 1589 3865 1644 Pa-

2262 1679 2547 1748 raphrases
2574 1686 2620 1734 et
2657 1681 3020 1735 Meditationes
3067 1681 3124 1734 in
3161 1680 3451 1750 Evangelia
3504 1677 3861 1732 dominicalia

2268 1767 2350 1833 (in
2407 1767 2575 1824 altera
2641 1779 2790 1841 parte
2835 1771 2910 1824 :in
2961 1772 3083 1826 hist.
3154 1772 3475 1840 erangelicas
3531 1786 3651 1840 qua:
3710 1767 3864 1836 festis

2185 1893 2231 1953 Β
2264 1856 2580 1911 Sanctorum
2603 1859 2830 1929 publicis
2859 1859 3189 1912 conventibus
3217 1861 3573 1930 explicantur)
3607 1875 3634 1911 e
3683 1855 3866 1909 direr-

2261 1945 2334 1998 sis
2386 1946 2625 2018 ipsorum
2669 1949 2878 2019 scriptis
2925 1951 3147 2004 collecta
3191 1967 3225 2004 a
3281 1950 3355 2006 Μ.
3387 1949 3568 2004 Joach.
3611 1947 3864 2001 Zehnero

2261 2034 2508 2089 Ecclesiae
2560 2035 2994 2106 Schleusingensis
3021 2043 3234 2108 pastore
3273 2044 3321 2091 et
3372 2036 3864 2108 superintemlente.

2261 2121 2456 2190 Lipsiae
2487 2122 2622 2178 1602
2642 2125 2933 2194 sumptibus
2969 2127 3176 2182 Thomce
3206 2127 3470 2182 Schnreri.
3524 2125 3694 2180 Liber
3732 2124 3865 2179 uti-

2261 2207 2526 2276 lissimus,
2557 2210 2713 2280 cujus
2742 2219 3019 2267 auctorem
3047 2214 3104 2268 in
3136 2215 3360 2286 hymnis
3387 2213 3646 2269 Ecclesia:
3679 2212 3867 2270 Chri-

2259 2299 2450 2351 stianae
2496 2301 2695 2355 veteris
2751 2303 2882 2355 satis
2929 2311 3200 2358 versatum
3256 2321 3370 2360 esse
3417 2321 3524 2360 non
3556 2319 3866 2376 possumus

2257 2383 2392 2454 quin
2419 2385 2702 2454 fateamur,
2734 2389 3066 2462 omninoque
3095 2407 3164 2446 ex
3194 2393 3291 2447 illo
3321 2394 3461 2449 libro
3489 2401 3721 2464 apparet
3756 2393 3863 2448 illo

2258 2487 2472 2545 quoque
2522 2480 2766 2545 tempore
2815 2478 2958 2546 apud
3007 2477 3346 2534 Lutheranos
3411 2480 3867 2536 studiosissimos

2257 2559 2425 2614 fuisse
2455 2561 2786 2632 hymnorum
2817 2571 3061 2618 veterum
3086 2572 3373 2622 amatores.
3408 2567 3657 2638 (Zehn.).

2329 2651 2416 2707 13.
2473 2653 2683 2721 Iosephi
2729 2654 2919 2709 Marite
2971 2655 3240 2710 Thomasii
3277 2658 3332 2711 S.
3371 2657 3438 2712 R.
3465 2658 3534 2712 E.
3577 2657 3869 2714 cardina-

2261 2739 2326 2794 lis
2344 2757 2503 2811 opera
2534 2742 2822 2797 omnia.....
2876 2742 3065 2796 Tomus
3094 2743 3346 2796 secundus
3384 2744 3652 2796 continens
3698 2748 3862 2801 Psal-

2261 2829 2468 2897 terium,
2519 2829 2680 2898 juxta
2731 2830 2988 2900 duplicem
3042 2830 3316 2886 editionem
3351 2831 3420 2886 ad
3469 2848 3596 2886 mss.
3647 2835 3861 2895 codices

2257 2919 2512 2974 recensuit
2549 2920 2788 2990 notisque
2815 2921 2969 2973 auxit
2995 2922 3124 2974 Ant.
3163 2921 3356 2976 Franc.
3397 2920 3609 2977 Vezzosi
3642 2922 3856 2979 Cleric.

2257 3005 2540 3077 Regularis
2568 3009 2745 3064 Romae
2775 3008 2930 3064 1747.
2963 3009 3192 3080 (llymni
3231 3009 3584 3064 continentur
3611 3025 3668 3080 p.
3701 3010 3858 3065 351-

2259 3095 2410 3161 434.)
2439 3095 2540 3152 Hic
2566 3096 2704 3152 liber
2750 3096 2806 3150 in
2838 3096 3127 3152 Germania
3155 3097 3286 3152 satis
3323 3110 3477 3150 rarus
3515 3102 3616 3163 est,
3651 3096 3750 3151 sed
3785 3113 3855 3151 eo

2257 3200 2440 3242 carere
2469 3185 2620 3240 nullo
2649 3195 2806 3257 pacto
2837 3195 3012 3257 potest
3042 3187 3372 3259 hymnorum
3405 3201 3684 3242 sacrorum
3715 3187 3853 3242 edi-

2253 3279 2360 3348 tor.
2392 3273 2740 3344 Comparavit
2778 3273 3101 3330 Thomasius
3127 3275 3342 3331 codices
3381 3274 3662 3330 Vaticana:
3702 3275 3849 3330 anti-

2255 3361 2548 3430 quissimos
2607 3362 2940 3435 omninoque
2996 3364 3198 3418 multos
3256 3363 3510 3428 Italicos;
3573 3377 3744 3433 quare
3799 3365 3846 3418 si

2254 3452 2378 3526 quis
2407 3451 2642 3521 hymnos
2671 3451 2928 3506 Ecclesiae
2958 3451 3156 3507 veteris
3185 3467 3356 3524 usque
3377 3450 3446 3506 ad
3467 3451 3714 3506 secutum
3747 3469 3849 3507 vm

2255 3539 2580 3611 investigare
2625 3539 2990 3608 constituerit,
3039 3539 3088 3594 ei
3131 3556 3200 3595 ex
3247 3539 3344 3594 illo
3389 3539 3530 3596 libro
3577 3547 3844 3611 tanquam

2253 3628 2405 3684 fonte
2433 3626 2694 3699 primario
2729 3627 3090 3683 hauriendum
3117 3627 3243 3683 erit.
3278 3627 3526 3699 (Thom.)

2329 3727 2414 3784 Ut.
2471 3729 2780 3798 Anthologie
2841 3729 3166 3782 christlicher
3229 3729 3466 3800 Gescenge
3529 3746 3631 3784 aus
3702 3733 3844 3785 allen

2255 3818 2678 3872 Jahrhunderten
2750 3818 2845 3870 der
2919 3818 3132 3872 Kirche.
3203 3818 3350 3871 Nach
3425 3817 3520 3871 der
3587 3818 3844 3887 Zeit/‘otge

2255 3888 2494 3958 geordnet
2539 3889 2646 3942 und
2693 3889 2789 3941 mit
2832 3889 2992 3956 gesch.
3039 3889 3423 3957 Benwrkungen
3469 3889 3698 3957 begleitet
3743 3906 3842 3942 von

2255 3979 2392 4047 Aug.
2433 3977 2547 4032 Jac.
2581 3978 2842 4032 Rambach
2878 3979 3132 4046 Prediger
3159 3977 3236 4031 bei
3263 3979 3340 4033 St.
3373 3979 3532 4032 Jacob
3565 3979 3619 4032 in
3667 3979 3842 4033 Ham—

2257 4065 2406 4134 burg.
2443 4067 2630 4120 Erster
2658 4067 2833 4122 Band.
2882 4067 2981 4121 Die
3031 4067 3446 4136 vorziiglichsten
3473 4069 3835 4137 griechisehen,

2259 4154 2586 4208 lateinisehen
2646 4155 2756 4208 und
2802 4155 3151 4209 altdeutschen
3189 4156 3580 4210 Kircsenlieder
3635 4159 3836 4212 ent/ial-

2259 4242 2392 4296 tend.
2431 4243 2627 4296 Altona
2668 4259 2722 4297 u.
2757 4243 2990 4314 Leipzig,
3025 4243 3354 4298 Hammerirh
3391 4243 3548 4300 1817.
3591 4244 3836 4301 Thesau-

2256 4345 2350 4384 rus
2379 4337 2560 4384 noster
2588 4330 2826 4385 ostendit
2853 4331 3065 4402 quoties
3094 4339 3467 4404 quantumque
3482 4332 3664 4387 studia
3694 4350 3835 4405 pra:-

2254 4419 2399 4474 clara
2428 4419 2748 4475 Rambachii
2797 4420 2855 4474 in
2893 4436 3053 4475 usum
3090 4429 3340 4478 nostrum
3382 4423 3828 4480 converterimus.

2257 4509 2502 4578 (nam)

2328 4607 2412 4661 15.
2454 4606 2670 4662 Corolla
2702 4609 3027 4677 Hymnorum
3048 4626 3322 4664 sacrorum
3336 4612 3562 4681 publica:
3578 4610 3834 4666 devotioni

2255 4692 2660 4750 inservientium.
2746 4697 2940 4752 Veteres
3015 4698 3176 4762 electi,
3231 4699 3320 4752 sed
3399 4700 3602 4768 mendis
3653 4701 3832 4769 quibus

2253 4783 2460 4838 iteratis
2505 4785 2560 4838 in
2622 4785 2934 4840 editionibus
2992 4788 3254 4842 scatebunt
3311 4771 3535 4856 detersi,
3598 4790 3832 4860 Strophis

2253 4873 2484 4927 adaucti.
2533 4873 2668 4928 Novi
2708 4875 2985 4944 assumpti,
3059 4882 3280 4930 recentes
3323 4877 3560 4945 primum
3629 4877 3826 4933 inserti.

2259 4963 2490 5018 Coloniae
2516 4964 2828 5035 Agrippina:
2845 4963 3000 5020 1806.
3036 4965 3192 5035 Typis
3211 4967 3482 5021 Htereduti
3521 4967 3826 5039 Schauberg.

2255 5049 2356 5106 Hic
2381 5051 2646 5106 Walratﬁi
2677 5051 2834 5120 liber,
2867 5067 3026 5124 quem
3053 5053 3192 5109 Ven.
3225 5053 3476 5126 Augusti,
3523 5063 3701 5111 morte
3740 5058 3826 5112 ille

2254 5139 2451 5195 litteris
2504 5157 2676 5212 nuper
2725 5148 2962 5213 ereptus,
3023 5141 3180 5198 nobis
3231 5143 3477 5210 donavit,
3530 5143 3826 5215 plurimum

2253 5227 2473 5298 prodest
2527 5229 2616 5292 iis,
2659 5230 2754 5301 qui
2813 5229 2870 5284 in
2935 5229 3179 5302 hymnis,
3247 5247 3381 5303 quos
3425 5240 3546 5304 post
3606 5233 3825 5291 Lutheri

2253 5325 2462 5374 aetatem
2503 5319 2731 5390 protulit
2775 5319 3040 5386 Ecclesia,
3079 5317 3478 5392 cognoscendis
3508 5322 3690 5380 studia
3726 5341 3824 5398 po-

2249 5415 2496 5463 suerunt.
2998 5416 3004 5420 ’

2323 5507 2408 5562 16.
2441 5506 2603 5564 Liber
2631 5505 2872 5577 Bjornii:
2906 5509 3100 5579 Hymni
3127 5515 3352 5564 veterum
3377 5517 3660 5582 poetarum
3681 5513 3821 5572 Chri-

2249 5593 2542 5647 stianorum
2613 5595 2858 5649 Ecclesiee
2911 5595 3116 5650 Latium
3167 5597 3355 5654 selecti.
3399 5597 3618 5670 Hafnite
3671 5600 3816 5664 1818.

2248 5681 2310 5742 In
2338 5683 2524 5760 paucis
2551 5691 2764 5742 tantum
2798 5699 2896 5740 nos
2915 5684 3145 5758 adjuvit.
