3940 6374
215 409 360 469 1209

1278 410 1504 469 HYMNI
1539 410 1593 469 S.
1636 410 1987 470 AMBROSIO
2026 412 2415 469 AT’I‘RIBUTI.

3341 415 3480 476 1210

292 536 377 591 17.
441 533 765 591 Lateinische
812 534 1123 607 Anthologie
1175 552 1272 591 aus
1326 536 1423 591 den
1469 537 1796 593 christlichen
1823 552 1875 611 Α
1901 536 2095 609 primis
2123 538 2303 609 operis
2330 536 2507 593 initiis
2535 553 2631 609 per
2661 545 2836 597 totum
2867 556 3048 598 meum
3075 540 3313 599 laborem
3343 559 3475 599 cou-

205 624 467 680 Dichtern
498 625 585 678 des
615 626 966 681 Mittetalters.
1008 627 1124 681 Fur
1169 626 1483 696 Gymnasien
1527 626 1636 681 und
1680 627 1795 697 Ly—

204 729 332 768 ceen
388 714 792 784 herausgegeben
837 715 948 769 und
988 714 1084 769 mit
1122 714 1520 786 Anmerkungen
1574 715 1797 785 begleitet

202 830 315 868 von
365 813 553 883 Ioseph
618 812 864 879 Kehrein,
930 812 1126 867 Lehrer
1170 829 1257 866 am
1318 813 1657 882 Gymnasium
1723 829 1795 867 zu

205 902 421 959 Maius.
482 902 673 959 Ecster
729 900 893 955 Theil.
948 899 1046 954 Die
1089 900 1208 954 acht
1252 906 1421 953 ersten
1465 901 1794 955 christlichen

203 988 620 1044 Juizrhimderte.
671 988 973 1057 Frank/nrt
1025 1006 1059 1043 a
1104 989 1179 1045 Μ.
1229 988 1789 1045 Sauerlwnder18’10.

199 1078 420 1134 Auctor
451 1077 553 1133 hoc
582 1077 875 1133 consilium
906 1077 1155 1150 sequitur
1178 1086 1239 1133 ut
1276 1079 1526 1133 alumnos
1556 1094 1792 1149 gymna-

203 1167 421 1224 siorum
452 1167 850 1223 catholicorum
891 1167 961 1222 ad
1002 1168 1335 1239 hymnorum
1366 1184 1641 1224 sacrorum
1690 1184 1792 1223 co-

201 1258 513 1330 gnitionem
564 1261 830 1317 adducat:
884 1277 1004 1333 quat
1051 1277 1136 1317 res
1176 1260 1223 1316 si
1270 1268 1413 1317 recte
1457 1260 1786 1328 succederet,

202 1347 572 1405 vehementer
617 1351 992 1421 gauderemus.
1052 1348 1448 1405 Adnotatioues
1507 1346 1791 1403 Kehreinii

199 1435 277 1491 ad
327 1436 624 1508 discipulos
674 1438 943 1508 pertinere
987 1436 1085 1492 vix
1130 1445 1211 1492 est
1256 1437 1400 1509 quod
1452 1453 1786 1503 moneamus,

202 1539 522 1597 quanquam
572 1527 770 1597 passim
815 1526 977 1582 etiam
1016 1525 1176 1580 nobis
1216 1524 1487 1581 nonnulla
1525 1525 1584 1580 in
1628 1540 1788 1580 usum

200 1622 460 1669 nostrum
487 1622 806 1669 convertere
835 1613 1011 1669 licuit.
1046 1613 1268 1685 (Kehr.)

278 1702 396 1757 Jam
441 1703 772 1758 enumeratis
816 1701 905 1757 his
948 1702 1213 1757 subsidiis
1264 1702 1486 1772 nostris,
1538 1711 1786 1759 nostrum

197 1797 288 1847 est
317 1790 501 1846 animo
533 1799 683 1861 grato
712 1807 804 1845 eos
829 1790 978 1845 viros
1012 1806 1439 1847 commemorare
1467 1792 1561 1864 qui
1593 1791 1784 1848 consi-

199 1879 285 1935 lio
316 1887 503 1935 nostro
534 1879 792 1947 fautores,
818 1879 1097 1935 laboribus
1126 1879 1405 1950 adjutores
1432 1881 1780 1937 exstiterunt.
1811 1906 1858 1965 B

194 1972 265 2028 In
298 1971 403 2027 hoc
427 1988 656 2028 numero
685 1972 924 2043 primum
953 1972 1133 2027 locum
1165 1970 1418 2028 obtinent
1436 1971 1574 2029 Ven.
1598 1972 1781 2040 Thilo,

197 2061 364 2133 cujus
397 2062 530 2117 mihi
569 2060 863 2117 auctoritas
892 2076 1017 2115 cum
1048 2060 1172 2115 aliis
1203 2060 1261 2115 in
1292 2061 1473 2127 rebus,
1517 2070 1635 2117 tum
1679 2061 1783 2117 hoc

193 2148 262 2205 in
291 2165 451 2220 opere
484 2149 781 2220 plurimum
812 2148 988 2203 valuit
1015 2166 1029 2215 ;
1054 2148 1193 2205 Ven.
1236 2148 1593 2218 Tholuckius,
1625 2149 1783 2221 cujus

191 2239 440 2316 multum
475 2236 735 2294 intererat
764 2238 976 2293 labores
1005 2245 1220 2293 nostros
1258 2254 1511 2310 prospere
1552 2238 1777 2305 cedere;

191 2327 547 2383 Hermannus
594 2327 901 2399 Dryander,
942 2327 1030 2381 vir
1085 2327 1422 2399 hymnorum
1462 2328 1781 2385 Latinorum

190 2432 312 2473 non
367 2416 554 2472 minus
608 2433 769 2489 quam
825 2417 1273 2473 Germanicorum
1320 2417 1554 2489 peritus;
1606 2418 1666 2473 F.
1711 2419 1780 2474 A.

190 2503 577 2572 Ecksteinius,
596 2504 801 2575 collega
832 2504 1283 2569 litteratissimus,
1307 2505 1400 2577 qui
1432 2521 1493 2559 ea
1522 2521 1628 2576 qua
1645 2506 1784 2561 solet

193 2591 544 2648 humanitate
575 2592 720 2648 haud
751 2593 1102 2647 mediocriter
1132 2610 1215 2647 me
1240 2593 1477 2663 adjuvit.
1534 2594 1782 2665 Denique

192 2695 311 2737 non
343 2696 564 2751 possum
615 2680 747 2751 quin
787 2679 985 2750 gratias
1020 2695 1174 2750 agam
1208 2679 1423 2735 duobus
1449 2679 1585 2735 viris
1629 2681 1784 2754 quia

1903 626 2028 682 silio
2057 634 2110 681 et
2140 641 2303 697 opera
2331 624 2470 681 mihi
2499 626 2812 684 adfuerunt:
2845 631 2987 701 Aug.
3017 631 3260 703 Voigtio,
3289 647 3477 688 mune-

1902 712 1978 768 ris
2029 713 2342 769 scholastici
2369 712 2628 770 societate
2669 714 2806 769 mihi
2835 713 3203 784 junctissimo,
3248 730 3301 773 et
3340 717 3472 774 Chr.

1900 801 2187 867 Diedrich,
2235 820 2396 876 quem
2425 812 2478 859 et
2506 803 2776 859 curriculi
2807 802 3119 860 scholastici
3157 805 3386 860 societas
3423 812 3477 860 et

1902 892 2101 946 veteris
2128 891 2385 947 amicitiai
2402 891 2688 947 vinculum
2714 908 2929 947 mecum
2953 892 3144 948 intime
3165 895 3473 965 conjunxit.

1902 980 2105 1033 Horum
2134 980 2379 1035 virorum
2415 996 2578 1051 opera
2616 989 2779 1052 atque
2804 981 3075 1036 industria
3111 982 3168 1036 in
3200 981 3353 1037 vitiis
3380 1001 3474 1039 ex-

1901 1068 2196 1139 stirpandis
2250 1078 2304 1125 et
2354 1067 2708 1124 emendandis
2761 1069 3007 1124 maxime
3059 1068 3279 1141 adjutus
3332 1088 3471 1141 sum,

1900 1173 2209 1229 quanquam
2238 1166 2292 1213 et
2320 1174 2405 1215 me
2432 1165 2487 1215 et
2516 1158 2642 1213 illos
2665 1156 3044 1215 emendatores
3083 1162 3349 1216 nonnulla
3378 1161 3475 1217 fu-

1900 1246 2077 1318 gerint
2106 1246 2319 1304 menda.

1957 1341 2118 1398 Faxit
2144 1350 2322 1397 autem
2353 1341 2624 1398 Dominus
2650 1342 2910 1399 Ecclesiae
2929 1342 3266 1401 Christianae
3286 1343 3351 1401 Ο.
3374 1343 3471 1413 Μ.,

1898 1429 2054 1501 cujus
2082 1429 2345 1485 honorem
2377 1447 2568 1487 omnes
2596 1430 2792 1502 hymni
2824 1431 3121 1495 celebrant,
3147 1448 3306 1505 quem
3335 1449 3474 1488 can-

1896 1518 2005 1573 tica
2032 1518 2329 1589 praedicant
2363 1527 2417 1574 et
2447 1518 2746 1591 sequentia
2775 1536 2903 1575 cum
2928 1519 3249 1591 antiphonis
3288 1520 3473 1577 laudi—

1895 1605 1998 1662 bus
2042 1608 2289 1663 certatim
2334 1609 2630 1675 extollunt,
2688 1614 2750 1663 ut
2800 1607 2894 1663 hic
2956 1608 3120 1664 etiam
3166 1609 3473 1665 studiorum

1895 1708 2207 1755 nostrorum
2242 1700 2452 1756 fructus
2488 1699 2556 1755 ad
2589 1699 2818 1755 salutem
2857 1698 3114 1756 Ecclesiae
3152 1698 3473 1755 Christianae

1894 1788 2090 1842 valeat.
2150 1786 2444 1843 Oli'erimus
2487 1804 2623 1859 opus
2671 1795 2919 1842 nostrum
2960 1794 3219 1858 tanquam
3264 1786 3471 1842 donum

1893 1875 2149 1931 omnibus
2178 1875 2492 1948 quicunque
2530 1892 2730 1931 nomen
2771 1875 2979 1933 Christi
3025 1884 3210 1932 sancte
3235 1876 3468 1943 colunt;

1893 1967 2172 2022 offerimus
2219 1967 2565 2022 sanctissimo
2610 1966 2960 2037 Redemptori
3007 1982 3105 2037 pro
3141 1966 3351 2021 unitate
3393 1972 3471 2020 at-

1892 2072 1998 2129 que
2025 2056 2248 2111 amabili
2278 2056 2535 2112 Ecclesia}
2565 2056 2860 2112 concordia
2889 2054 3252 2122 sacriﬁcium;
3295 2071 3471 2127 neque

1890 2144 2041 2199 aliud
2070 2144 2203 2217 quid
2238 2160 2307 2199 ex
2342 2144 2541 2199 intimo
2570 2144 2756 2199 animo
2783 2160 3088 2216 precamur,
3140 2144 3247 2198 nisi
3275 2152 3337 2199 ut
3365 2144 3467 2215 ipsi

1891 2248 2107 2304 quoque
2131 2231 2433 2287 sentiamus
2455 2231 2595 2286 illud
2616 2231 2761 2302 quod
2784 2231 2851 2287 de
2872 2231 3216 2287 sanctissimo
3231 2232 3469 2305 patriar-

1891 2321 1995 2377 cha
2021 2321 2285 2392 scriptum
2316 2320 2584 2392 legimus:
2640 2320 2888 2391 Respexit
2929 2320 3191 2376 Dominus
3235 2321 3308 2376 ad
3357 2336 3468 2382 mu-

1890 2426 2021 2465 nera
2048 2409 2179 2478 ejus.

2119 2506 2434 2566 Scribebam
2466 2506 2615 2562 Halis
2642 2507 2699 2562 in
2730 2506 3049 2578 Paedagogio
3072 2505 3241 2577 Regio

2424 2595 2514 2650 die
2549 2593 2614 2650 21
2642 2594 2750 2652 Mai
2784 2595 2941 2651 1841.

670 2956 1103 3043 HYMNI
1202 2955 1307 3042 S.
1408 2958 2115 3049 AMBROSIO
2206 2964 2996 3051 ATTRIBUTI.

704 3241 748 3296 Ι.
1307 3244 1589 3322 _C_hristu_nr_i
1619 3263 1876 3322 canamus
1905 3248 2230 3322 principem,

1305 3317 1505 3374 Natum
1532 3317 1713 3375 Maria
1739 3317 1990 3391 virginis.

193 3360 437 3430 Hymnus
520 3358 582 3413 de
663 3356 950 3413 Nativitate
1017 3356 1253 3415 Domini.

195 3491 248 3546 Α
280 3488 412 3544 solis
439 3496 593 3543 ortus
619 3486 839 3541 cardine

196 3561 273 3617 Et
301 3575 472 3631 usque
504 3567 659 3614 terra:
691 3558 923 3612 limitem

1312 3415 1557 3487 Gaudete,
1580 3414 1849 3487 quidquid
1880 3417 2145 3486 gentium,

1308 3484 1515 3551 Iudaea,
1544 3484 1715 3541 Roma
1734 3484 1802 3540 “et
1831 3484 2057 3555 Graecia,

1309 3555 1566 3628 Egypte,
1599 3556 1802 3625 Thrax,
1833 3558 2013 3626 Persa,
2045 3559 2269 3631 Scytha,

2416 3252 2534 3309 Rex
2560 3266 2705 3307 unus
2732 3266 2924 3308 omnes
2948 3249 3206 3324 posside»

2418 3348 2656 3404 Laudato
2686 3355 2926 3403 vestrum
2955 3346 3258 3419 principem

2326 3419 2365 3475 ὅ
2417 3420 2619 3474 Omnes
2648 3420 2789 3475 beati
2817 3435 2881 3474 ac
2909 3415 3156 3489 perditi;
3399 3415 3472 3473 10

2420 3490 2571 3557 Vivi,
2606 3489 2868 3544 imbecilli
2897 3505 2959 3544 ac
2989 3489 3221 3545 mortuis

2417 3561 2536 3615 Jam
2564 3576 2726 3616 nemo
2753 3568 2875 3632 post
2900 3560 3016 3617 hac
3043 3567 3312 3618 mortuus.

265 3685 309 3741 Ι.
365 3712 441 3765 -τιι
488 3681 761 3765 Descripsi
798 3696 1017 3765 carmen
1033 3697 1116 3762 .ex
1143 3681 1766 3765 hymnario‘Thomasii,
1800 3683 1844 3742 C
1874 3691 2183 3765 ptprapgm
2215 3684 2392 3765 lapide
2411 3686 2724 3765 comparari
2766 3685 2897 3765 satis
2924 3693 3147 3765 n_otum._
3187 3683 3331 3765 Eph.
3380 3701 3449 3765 ῃ,

190 3772 358 3829 quem
390 3753 446 3809 id
476 3754 669 3829 merito
700 3752 758 3818 in
779 3752 1280 3829 _Ambrosianorum
1314 3752 1558 3829 catalogo
1588 3769 1767 3829 recen-

189 3822 391 3892 s'uisse,
422 3840 523 3879 suo
557 3824 674 3877 loco
706 3822 977 3879 evincam.
1023 3823 1161 3878 Sane
1191 3838 1321 3877 vero
1355 3822 1413 3877 in
1442 3824 1780 3877 ecclesiasti-

188 3912 325 3955 cum
354 3911 513 3965 usum
531 3902 819 3965 receptum
851 3901 931 3947 est
961 3901 1171 3949 tantum
1203 3894 1565 3965 fragmentum
1606 3893 1780 3965 hym-

189 3966 254 4024 ni
285 3983 340 4020 ν.
397 3963 577 4030 13-24,
634 3963 719 4018 Fit
770 3971 929 4033 porta
978 3964 1177 4019 Christi
1195 3964 1411 4087 ferula
1472 3963 1779 4087 :solemniis

191 4035 597 4087 nuriﬁcalionis
623 4033 804 4087 Mariae
838 4035 928 4087 vel
957 4034 1081 4087 aliis
1111 4034 1165 4087 S.
1248 4035 1441 4087 ireinis
1493 4035 1779 4087 estivitati-

233 4035 597 4091 uriﬁcalionis
623 4033 804 4087 Mariae
838 4035 928 4089 vel
957 4034 1081 4089 aliis
1111 4034 1165 4089 S.
1195 4033 1441 4103 Virginis
1472 4033 1779 4089 festivitati-

237 4123 301 4161 us
348 4105 675 4171 cantatum),
719 4104 864 4174 quod
912 4113 973 4159 ut
1018 4120 1235 4159 carmen
1287 4105 1558 4174 integrum
1604 4113 1658 4160 et
1711 4104 1780 4160 ab

194 4176 492 4233 Ambrosio
541 4175 843 4245 profectum
894 4182 1119 4229 tuentur
1155 4174 1389 4230 editores
1428 4176 1682 4230 Maurini.
1711 4204 1782 4215 —

197 4248 311 4303 1-4.
345 4244 553 4301 ΕΜ]οηὶ
582 4245 692 4316 fere
731 4245 895 4298 verba
942 4253 1265 4316 repetuntur
1307 4246 1363 4299 in
1419 4246 1638 4316 Hyinno
1684 4244 1778 4300 Se-

196 4317 339 4388 dulii
370 4315 713 4388 alphabetico
740 4333 751 4369 :
786 4316 832 4368 Α
875 4315 1012 4388 solis
1030 4322 1178 4388 ortus
1205 4317 1439 4388 cardine,
1473 4315 1564 4386 qui
1594 4316 1779 4386 procul

194 4387 366 4444 dubio
407 4384 617 4457 poetam
667 4392 918 4439 nostrum
960 4384 1204 4439 imitatus
1233 4394 1331 4457 est.
1378 4384 1508 4451 Qua}
1541 4384 1781 4441 consue—

194 4457 334 4528 tudo
367 4456 626 4528 paulatim
661 4471 873 4528 serpere
900 4471 963 4510 ac
990 4456 1274 4528 prepagari
1301 4464 1607 4528 cmptaiest,
1653 4472 1779 4512 cum

204 4472 334 4513 tudo
367 4472 626 4528 paulatim
662 4472 873 4525 serpere
900 4472 963 4510 ac
985 4472 1274 4578 [propagari
1304 4472 1478 4527 empta
1508 4472 1607 4523 est,
1653 4472 1779 4512 cum

204 4527 613 4599 hymnographi
649 4527 789 4599 fetus
817 4542 944 4579 suos
1026 4525 1240 4599 deibus
1286 4525 1353 4599 d_e
1397 4527 1781 4599 meliorenota

198 4596 584 4654 commendare
618 4597 918 4661 studerent,
942 4596 1293 4667 antiquorum
1321 4596 1530 4651 lumina
1549 4605 1601 4650 et
1622 4597 1780 4653 ﬂores

198 4669 543 4726 carminibus
573 4668 898 4721 intexentes.
918 4667 1184 4737 Exemplo
1214 4674 1275 4720 ut
1309 4674 1449 4733 utar,
1474 4667 1529 4720 in
1559 4683 1778 4723 sexcen-

198 4739 272 4796 tis
303 4739 641 4810 hymnorum
683 4737 947 4803 exordiis,
979 4736 1256 4810 _eximium
1290 4736 1429 4810 illud
1471 4738 1777 4810 Fortunati,

198 4807 376 4880 Pange
407 4811 585 4879 lingua
617 4810 855 4879 gloriosi,
908 4807 1071 4879 primi
1101 4824 1290 4880 versus
1334 4808 1512 4863 locum
1547 4808 1776 4863 obtinet.

201 4881 252 4936 1.
280 4879 365 4935 Ps.
399 4897 532 4946 cxu,
552 4880 585 4934 3
607 4898 617 4935 :
641 4882 686 4934 A
710 4881 838 4933 solis
860 4885 980 4932 ortu
1004 4895 1163 4948 usque
1174 4879 1245 4932 ad
1264 4895 1497 4932 occasum
1516 4880 1781 4934 laudabile

198 4967 407 5019 nomen,
429 4958 532 5006 etc.
571 4979 626 4989 —
666 4949 842 5004 13-16.
868 4950 1124 5019 Respexit
1146 4956 1303 5019 poeta
1320 4948 1385 5003 ad
1404 4948 1600 5005 Ezech.
1623 4966 1776 5017 XLIV,

1888 3754 1990 3821 20;
2040 3756 2216 3811 ICor.
2252 3754 2333 3822 In,
2369 3758 2466 3822 11;
2524 3754 2717 3812 I'Petr.
2751 3774 2810 3824 n,
2842 3756 2895 3812 4.
2946 3757 3081 3811 Item
3132 3754 3191 3810 in
3236 3754 3353 3824 ipso
3394 3755 3461 3812 N.

1888 3825 1949 3879 T.
1984 3827 2084 3880 Isa.
2118 3843 2319 3893 xxvur,
2358 3827 2443 3894 16,
2474 3836 2527 3883 et
2560 3828 2645 3882 Ps.
2683 3844 2854 3894 cxvn,
2877 3826 2968 3893 22,
2999 3825 3279 3898 ῑγρίοθμξά
3308 3825 3463 3898 Chri-

1888 3897 2477 3969 stumiRedemptorem
2511 3898 2821 3969 referuntur
2851 3896 3051 3969 (Rom;
3066 3896 3284 3969 ix,_33;
3320 3897 3460 3969 AAct.

1888 3914 2032 3951 suum
2063 3914 2477 4021 neuempltorem
2511 3914 2821 3953 rereruntur
2851 3914 3034 3969 (nom.
3067 3914 3147 3963 ix,
3177 3914 3284 3963 aa;
3332 3914 3460 3953 act.

1887 3983 1968 4039 rv,
2002 3968 2068 4039 11
2088 3985 2102 4033 ;
2139 3969 2267 4022 Matt
2320 3984 2474 4034 .xxr,
2502 3968 2617 4039 42).
2650 3968 2834 4039 Neque
2850 3983 2994 4039 vero
3023 3967 3277 4039 Patribus
3317 3966 3467 4022 inter

1888 4036 1989 4110 hos
2040 4036 2179 4110 fines
2217 4036 2781 4110 subsistereiplacuit.
2833 4037 3160 4110 Gregoriogl
3208 4037 3462 4110 Reg._rv,

1892 4107 1988 4172 14;
2036 4125 2093 4175 v,
2128 4109 2213 4175 12,
2262 4108 2415 4180 Jesus
2457 4107 2574 4163 sub'
2603 4108 2844 4180 lapidum
2894 4107 3268 4180 ﬁguralatere
3301 4107 3465 4180 visus

1889 4185 2006 4250 est;
2055 4193 2162 4247 prae
2192 4179 2404 4250 caeteris
2431 4188 2613 4250 gratus
2642 4176 2757 4234 erat
2796 4176 3048 4250 mysticis
3077 4176 3467 4248 interpretibus

1890 4247 2042 4301 locus
2081 4250 2216 4302 Dan.
2253 4266 2315 4313 ιι,
2353 4247 2453 4315 34,
2487 4265 2520 4304 a
2561 4257 2719 4320 poeta
2759 4247 2948 4320 nostro
2992 4249 3050 4320 in
3094 4247 3253 4302 usum
3305 4264 3466 4320 suum

1890 4334 2219 4373 conversus:
2264 4320 2477 4375 Videbas
2526 4318 2623 4386 ita,
2682 4320 2839 4373 donec
2898 4319 3155 4373 abscissus
3207 4325 3281 4372 est
3330 4318 3466 4388 lapis

1889 4389 1951 4467 de
1978 4396 2148 4467 monte
2176 4390 2284 4442 sine
2311 4390 2571 4467 manibus.
2617 4389 2737 4444 Non
2756 4389 3039 4467 _du_bi_tant_,
3090 4388 3220 4467 quin
3240 4403 3291 4467 Aa
3330 4404 3467 4467 pro-

1890 4458 2053 4530 pheta
2094 4467 2278 4530 partus
2326 4459 2942 4530 intemerataaﬂvirginis
2983 4457 3462 4530 significatus’sit,

1926 4545 2048 4583 uam
2080 4527 2278 4600 scepius
2308 4539 2547 4584 montem
2576 4530 2632 4600 in
2665 4528 2732 4584 V.
2767 4527 2848 4600 ΤΣΔ
2875 4528 3138 4600 appellari
3167 4527 3461 4600 afﬁrmant.

1926 4545 2048 4583 uam
2080 4546 2278 4600 srepius
2308 4545 2547 4584 montem
2576 4545 2632 4583 in
2675 4545 2732 4584 ν.
2767 4545 2827 4582 '1'.
2875 4545 3136 4598 appellari
3167 4545 3460 4585 amrmant.

1888 4545 2007 4675 ﬁde
2044 4617 2071 4675 s_
2116 4600 2362 4675 eumdem
2408 4598 2728 4675 G_re_gorium
2785 4597 2873 4675 ait
2895 4597 3074 4675 verba_
3115 4597 3153 4675 Ι⁸
3175 4598 3304 4668 Reg.
3336 4614 3373 4663 ι,
3409 4599 3460 4675 1,

1889 4669 1996 4740 fuit
2020 4672 2106 4723 vir
2132 4671 2193 4723 de
2220 4675 2389 4722 monte
2420 4666 2683 4740 Epliraim
2788 4667 3024 4740 {Potest
3060 4666 3225 4740 hujus
3261 4666 3463 4740 montis

1890 4736 2110 4795 nomine
2133 4741 2193 4793 Β.
2217 4756 2428 4810 semper
2447 4736 2601 4810 virgo
2622 4738 2792 4794 Maria
2814 4739 2879 4793 D.
2909 4736 3146 4809 genitrix
3165 4737 3459 4808 designari:

1890 4811 2299 4881 monsiquippe
2344 4810 2467 4876 fuit,
2526 4826 2645 4881 quas
2701 4824 2938 4881 omnem
2966 4810 3149 4864 electaa
3198 4817 3461 4881 creatura

1887 4877 2252 4936 altitudinein'
2289 4877 2571 4935 electionis
2625 4896 2735 4935 suae
2790 4878 3055 4950 dignitate
3100 4877 3458 4935 transcendit.

1888 4952 1973 5007 An
1997 4967 2104 5006 non
2130 4967 2284 5004 mons
2311 4950 2563 5004 sublimis
2593 4951 2664 5006 Μ.
2695 4966 2834 5021 quae,
2861 4949 2925 5004 ut
2952 4949 3021 5004 ad
3048 4950 3458 5021 conceptionem

206 5021 302 5077 1-3
327 5039 338 5077 :
387 5021 540 5076 Dixi!
574 5021 830 5091 Dominus
860 5021 931 5074 ad
959 5036 1072 5073 me:
1100 5020 1267 5091 Porta
1295 5020 1399 5073 haec
1422 5022 1605 5074 clausa
1637 5021 1773 5075 erit:
1803 5027 1851 5085 D
1882 5022 2069 5077 aeterni
2092 5021 2255 5076 Verbi
2288 5021 2635 5091 pertingeret,
2661 5019 2981 5091 meritorum
3010 5019 3269 5075 verticem
3299 5034 3460 5091 supra

200 5107 305 5172 non
334 5093 601 5172 aperietnr
628 5090 787 5172 et.vir
813 5107 917 5172 non
949 5090 1195 5143 transibit
1220 5107 1317 5160 per
1343 5106 1477 5154 eam,
1523 5092 1776 5172 quoniam

202 5162 461 5241 Dominus
487 5163 643 5241 Deus
674 5162 843 5241 Israel
881 5162 1142 5241 ingressus
1181 5167 1258 5241 est
1280 5177 1378 5241 per
1417 5178 1550 5228 eam,
1577 5163 1775 5231 eritque

202 5234 385 5288 clausa
404 5233 657 5303 principi.
709 5231 961 5301 Princeps
988 5232 1098 5303 ipse
1124 5231 1315 5285 sedebit
1346 5232 1399 5303 in
1422 5250 1502 5299 ea,
1555 5242 1658 5288 etc.
1704 5262 1774 5273 —

204 5303 301 5385 14._
328 5302 460 5385 Luc.
490 5321 529 5371 ι,
563 5304 632 5358 28
658 5303 831 5385 :‘Ave,
860 5302 1035 5385 gratia
1060 5304 1237 5385 plena.
1269 5332 1340 5343 —
1361 5302 1445 5385 15:
1476 5303 1773 5385 Ili-hymno

200 5373 235 5429 4
288 5374 432 5429 inter
478 5391 614 5446 quos
655 5374 847 5429 damus
894 5372 1001 5426 fine
1056 5372 1191 5427 tomi
1238 5372 1776 5444 praecedentis‘dixit

202 5459 414 5524 quoque
443 5461 584 5524 vers.
635 5445 701 5500 10
729 5462 740 5499 :
801 5445 1051 5524 Claustra
1081 5444 1303 5524 nudoris
1327 5450 1653 5524 permanent.
1704 5475 1775 5524 τ

235 5515 287 5570 8.
325 5514 408 5570 Ὶη
455 5514 664 5586 hymno
713 5531 874 5586 supra
906 5515 1000 5570 cit.
1046 5530 1186 5586 vers.
1235 5515 1334 5586 13:
1388 5516 1676 5570 Procedens
1711 5517 1773 5570 de

202 5586 449 5641 thalamo.
501 5585 577 5626 7—
624 5586 711 5642 20.
745 5585 883 5641 Ibid.
913 5601 1051 5640 vers.
1088 5585 1183 5640 l5:
1222 5585 1381 5655 Gigas
1402 5586 1616 5655 gemina:
1642 5586 1773 5640 sub-

200 5659 423 5712 stantiw.
473 5685 544 5697 —
597 5657 686 5712 21.
748 5658 907 5712 Fabr.
954 5658 1121 5711 honor
1166 5663 1214 5710 et
1252 5657 1504 5726 parentis.
1560 5687 1631 5698 —
1680 5657 1769 5713 24.

200 5726 267 5795 Π.
308 5727 377 5788 Ε.
412 5726 499 5788 Οἱ.
525 5728 717 5783 νεεοιυ.
765 5756 836 5770 --
884 5728 1080 5786 25-28.
1128 5727 1408 5791 Christum
1444 5728 1501 5784 in
1530 5728 1584 5789 ὃ.
1616 5728 1774 5794 Scri-

1884 5108 2073 5163 omnes
2107 5090 2421 5163 angelorum
2453 5090 2649 5163 choros
2682 5107 2852 5163 usque
2881 5090 2949 5146 ad
2989 5091 3188 5163 solium
3231 5090 3461 5163 Deitatis

1882 5162 2076 5218 erexit.
2118 5160 2257 5216 Hinc
2285 5161 2430 5233 enim
2463 5162 2666 5233 montis
2694 5160 3459 5233 prmcellentissimamrdigni-

1885 5240 2047 5288 tatem
2073 5232 2237 5287 Isaias
2265 5232 2571 5288 vaticinans
2600 5231 2712 5288 aiti
2761 5234 2888 5288 Erit
2914 5233 2973 5286 in
2998 5231 3296 5285 novissimis
3337 5231 3460 5285 die-

1883 5304 2002 5363 bus
2036 5309 2376 5373 praeparatus
2455 5319 2605 5357 mons
2694 5303 2877 5358 domus
2940 5302 3156 5358 Domini
3226 5302 3283 5355 in
3346 5318 3459 5373 ver-

1884 5376 1977 5429 tice
2027 5371 2301 5429 montium.
2353 5403 2424 5414 —
2475 5373 2654 5429 33-36.
2700 5374 2768 5429 Is.
2818 5390 2950 5442 XLV,
2997 5373 3061 5428 8:
3106 5374 3300 5427 Rorate
3346 5371 3461 5427 creti

1882 5446 2119 5515 desuper,
2171 5452 2218 5498 et
2246 5446 2400 5499 nubes
2425 5446 2619 5515 pluant
2635 5444 2841 5515 justum
2865 5461 2886 5509 ;
2934 5443 3215 5515 aperiatur
3243 5450 3387 5498 terra
3414 5450 3463 5498 et

1880 5512 2130 5587 gerniinet
2174 5512 2523 5571 Salvatorem.
2568 5512 2648 5556 -ί
2682 5514 2769 5582 12,
2816 5513 2904 5570 43.
2960 5512 3042 5570 Cf.
3089 5512 3295 5587 hymn.
3335 5530 3457 5587 sup.

1882 5584 1976 5643 cit.
2009 5604 2153 5642 vers.
2189 5587 2213 5641 1
2244 5605 2255 5642 :
2299 5587 2420 5643 Veni
2446 5587 2746 5656 redemptor
2772 5592 3023 5656 gentium.
3048 5584 3234 5640 -44,
3267 5584 3456 5642 ὃθάιιἸ.

1882 5664 1940 5713 ut
1965 5675 2123 5712 carne
2150 5674 2359 5713 carnem
2390 5658 2616 5712 liberans
2650 5672 2714 5710 ne
2749 5656 2995 5727 perderet
3033 5673 3163 5727 quos
3204 5656 3457 5727 condidit.

1880 5758 1951 5773 -
1979 5728 2160 5788 45-48.
2206 5729 2420 5788 Divinas
2450 5726 2844 5793 incarnationis
2871 5726 3256 5800 admiratione,
3292 5733 3357 5785 ut
3379 5726 3458 5791 ita
