3940 6370
168 392 326 452 1213

1249 400 1475 464 HYMNI
1512 408 1566 467 s.
1607 411 1960 469 AMBnosio
1992 388 2389 469 ’srrnmurt.

3326 421 3458 478 121⁷1

174 544 657 622 Absconduntgue
696 545 839 622 diem
893 550 1005 604 εοιθ
1037 548 1241 622 fugato,
1301 534 1369 589 Ut
1392 537 1678 595 mundaret
1705 554 1843 611 aqua
1872 540 2103 595 crimina
2156 545 2349 622 terrrei
2405 538 2717 622 Qiizerentes
2742 543 2909 621 putei,
2934 541 3269 622 lymphaque
3300 545 3452 617 fugit;

2283 612 2350 666 35
2406 612 2474 662 Et
2506 612 2647 663 \asis
2672 612 2856 665 vacuis
2888 622 3021 667 tccta
3055 612 3299 669 revisunt

1297 676 1401 733 Sed
1446 679 1709 736 mundata
1748 690 1845 738 tuo
1894 680 2157 751 sanguine
2208 690 2351 736 terra
2405 681 2613 747 Fletus,
2647 681 2790 737 beul
2840 685 3087 755 proprios
3132 702 3226 743 ore
3270 687 3452 756 biben;

166 617 383 674 Noctes
420 617 705 673 continuas
745 620 919 674 sidere
949 617 1120 676 nudas

167 686 252 743 Et
288 690 430 744 lunas
456 689 650 744 viduas
678 693 951 763 carpimus
980 692 1134 750 olim.

169 782 383 855 {Ether
413 782 534 837 dira
564 782 729 838 micat
764 784 886 855 igne
915 803 1163 854 corusco,
1204 787 1240 843 5

171 850 575 926 Concussoque
612 850 811 911 tremit
824 856 1043 913 cardine
1081 850 1237 984 mlun-

1157 945 1234 984 us.

1157 946 1234 985 US.

168 992 321 1071 Coeli
360 1002 516 1071 porta
544 1002 1015 1071 t_on_at,gruptaque
1052 945 1237 1057 agili;

167 1064 324 1121 Axis
352 1064 572 1123 aetherei
594 1068 775 1125 vincla
804 1064 1026 1127 resolvi.

167 1155 524 1233 Excrescunt
544 1158 749 1233 pluviis
769 1178 986 1233 aequora
1013 1162 1168 1233 ponti

164 1226 293 1284 Nec
330 1228 467 1284 ﬁnes
495 1226 742 1303 proprios
783 1226 897 1303 jam
949 1226 1086 1289 freta
1128 1250 1239 1288 no-

979 1312 1107 1360 runt

979 1312 1129 1370 runt,
1170 1303 1238 1361 10

167 1369 469 1444 Ῑθιτᾳηυη
504 1373 684 1429 medio
715 1365 942 1431 ﬂuctuat
962 1376 1126 1444 unda,

166 1441 507 1499 Errabunda
544 1453 688 1500 secat
713 1463 844 1502 arva
870 1448 1073 1502 carina.

166 1530 378 1609 Eortus
398 1545 564 1591 nauta
591 1553 733 1601 suos,
768 1538 953 1593 littora
979 1549 1162 1609 nauta,

167 1602 538 1680 _S_ecessusque
566 1624 693 1662 suos
723 1617 883 1680 nauta
914 1602 1162 1680 requirit,

167 1673 389 1748 Hospes
434 1673 602 1732 nauta
642 1679 791 1746 satis,
842 1673 1047 1735 vitibus
1112 1673 1233 1737 hos-

998 1769 1112 1823 pes,
1168 1753 1235 1808 15

164 1817 380 1877 Messes
424 1828 590 1878 nauta
635 1836 797 1895 super
838 1817 1058 1894 navigat
1097 1817 1233 1879 'hos-

1116 1911 1227 1967 pes.

163 1982 399 2058 flentes
424 1984 672 2058 agricolae
698 1984 850 2058 culta
891 1988 1229 2058 relinquunt,

162 2051 434 2126 _Spectant
459 2051 805 2125 naufragium
835 2056 987 2111 triste
1011 2051 1233 2126 laboris,

228 2127 369 2181 essis
399 2127 520 2181 laeta
548 2133 716 2192 natat,
749 2127 975 2194 semina,
1008 2146 1227 2185 census:

158 2193 322 2265 Nati,
371 2202 532 2266 tecta,
609 2212 772 2269 pecus
838 2193 1074 2271 arvaque
1132 2200 1230 2254 mi-

946 2278 1119 2342 grant.
1164 2272 1231 2326 20

162 2362 381 2421 Cernas
424 2359 533 2417 alta
567 2358 763 2416 domus
791 2363 1035 2418 culmina
1078 2360 1230 2430 ferri,

158 2433 504 2513 Mutatisque
535 2431 670 2487 locis
690 2433 936 2513 culmina
965 2434 1115 2513 poni,

160 2506 391 2561 Moesias
418 2504 564 2558 inter
589 2519 714 2575 aves
743 2504 929 2575 ludere
961 2504 1156 2575 pisces,

163 2576 361 2632 Pisces
394 2574 450 2629 in
478 2574 729 2629 tremulis
770 2574 1162 2630 ludere’tectis.

162 2664 380 2719 Eversa
409 2661 594 2715 videas
629 2659 820 2713 arbore
859 2661 1035 2729 nidos,
1164 2662 1231 2717 25

161 2734 348 2789 Pullis
375 2747 499 2786 cum
530 2730 733 2800 teneris
771 2746 864 2800 per
900 2732 1039 2786 freta
1076 2732 1226 2798 duci,

160 2804 283 2861 Nec
310 2809 532 2856 matrem
580 2799 781 2853 exsilio
820 2816 1017 2869 ponere
1051 2818 1227 2869 curas,

160 2874 511 2945 Majoresque
537 2879 683 2925 metu
705 2886 893 2941 cogere
927 2874 1085 2929 fetus.

162 2968 391 3040 Spectat
427 2961 589 3017 turba
617 2961 823 3032 virum,
863 2964 1023 3020 turba
1060 2966 1231 3048 fenes-

162 3111 392 3182 Spectat
422 3105 644 3182 feminei
678 3105 838 3161 turba
876 3046 1232 3182 pudoristl

161 3178 541 3253 D'eploratque
592 3178 792 3234 famem
823 3180 983 3235 turba
1014 3197 1231 3251 precan-

1043 3259 1103 3306 tu

165 3325 397 3383 Victum
437 3318 672 3392 navigiis
715 3328 880 3376 nauta
932 3268 1228 3381 minisii‘lat.

164 3415 321 3489 {es_u,
352 3422 633 3489 parcetua
693 3423 865 3489 morte
914 3417 1227 3489 redemptis.

2175 762 2275 808 est.

1294 837 1411 894 Iam
1459 855 1609 898 nunc
1670 840 1835 899 missa
1883 841 2059 897 ferens
2114 856 2207 895 ore
2261 856 2349 897 co-

2091 912 2279 967 lumba

1293 980 1523 1036 Ramum
1548 982 1799 1052 paciferze
1829 998 2030 1039 munus
2057 984 2239 1050 oliva),

1291 1053 1502 1124 Exutas
1534 1054 1742 1124 liquido
1774 1054 2000 1109 ﬂumine
2039 1063 2208 1110 terras

1294 1122 1440 1177 Laito
1461 1122 1731 1196 significet
1759 1127 1909 1199 lapsa
1935 1126 2141 1183 volatu.

1292 1212 1516 1286 [literne
1553 1216 1784 1285 genitor,
1826 1217 1999 1286 gloria
2023 1215 2241 1274 Christo

1291 1285 1513 1359 Semper
1538 1302 1665 1345 cum
1703 1285 1887 1358 genito
1927 1288 2001 1344 sit
2050 1288 2174 1355 tibi,
2225 1302 2345 1344 san-

2023 1366 2129 1424 cte,
2169 1365 2272 1417 etc.

1358 1529 1596 1599 Hymnus
1616 1526 1669 1583 in
1683 1456 2035 1599 posItXlatione
2049 1526 2267 1599 pluviae.

1290 1617 1548 1688 Squalent
1575 1631 1704 1672 arva
1731 1617 1833 1672 soli
1883 1615 2119 1688 pulvere
2142 1616 2337 1682 multo,

1288 1686 1460 1742 Pallet
1516 1689 1691 1743 siccus
1742 1686 1899 1757 ager,
1931 1695 2075 1740 terra
2100 1686 2335 1751 fatiscit;

1287 1759 1480 1814 Nullus
1509 1759 1648 1812 ruris
1676 1758 1868 1825 honos,
1901 1758 2053 1812 nulla
2086 1764 2340 1812 venustas

1287 1829 1513 1896 Quando
1544 1830 1691 1882 nulla
1726 1828 1868 1884 viret
1903 1832 2072 1899 gratia
2118 1827 2334 1885 ﬂorum.

1288 1918 1468 1972 Tellus
1498 1917 1634 1972 dura
1659 1917 1797 1983 sitit,
1832 1916 2015 1972 nescia
2053 1916 2231 1985 roris;
2304 1917 2340 1976 5

1286 1989 1430 2044 Fons
1466 1987 1577 2059 jam
1646 1988 1819 2045 nescit
1868 2004 2051 2061 aquas,
2113 1988 2341 2045 flumina

2006 2074 2195 2116 cursus
2217 2077 2231 2127 ;

1288 2131 1522 2187 Herbam
1550 2130 1727 2188 nescit
1754 2128 1988 2198 humus;
2025 2133 2200 2255 pescit
2226 2146 2341 2189 ara-

2055 2217 2198 2255 rum.

2055 2218 2113 2257 ΓΠ

1287 2276 1481 2345 Magno
1506 2281 1665 2345 rupta
1686 2281 1831 2343 patet
1859 2217 2231 2344 turpistlitiﬂu.

1287 2366 1525 2420 Fervens
1553 2362 1664 2416 sole
1693 2361 1831 2427 dies,
1865 2360 2055 2431 igneus
2083 2360 2245 2417 ardor

1288 2437 1436 2505 Ipsas
1466 2433 1575 2487 urit
1604 2449 1747 2497 aves,
1780 2432 2006 2505 frondea
2037 2434 2181 2505 Arai‘ni
2274 2431 2341 2487 10

1288 2502 1465 2561 Fessis
1488 2512 1627 2557 tecta
1658 2511 1873 2573 negant,
1898 2502 2079 2572 pulvis
2102 2517 2276 2557 arenae

1287 2577 1442 2631 Sicco
1471 2574 1743 2644 dispuitur
1778 2589 1871 2644 ore
1904 2572 2123 2627 viantis.

1288 2644 1480 2701 Ventis
1516 2642 1607 2697 ore
1630 2644 1774 2708 ferae,
1808 2642 1979 2697 bestia
2014 2642 2209 2710 ventis,

1285 2732 1681 2802 Captantesque
1728 2728 1831 2782 viri
1881 2728 2099 2783 ﬂamina
2135 2732 2337 2801 ventis,

1285 2803 1476 2861 Ventis
1506 2810 1559 2856 et
1601 2802 1851 2856 volucres
1892 2816 1985 2854 ora
2027 2802 2334 2868 recludunt,

1286 2948 1398 3004 Hac
1427 2946 1666 3002 mulcere
1712 2942 1863 2999 sitim
1907 2942 2095 2998 fraude
2136 2946 2341 3070 attolen-

2192 3032 2267 3070 es.

2192 3032 2267 3073 BS.

1287 3109 1470 3165 Foetus
1508 3122 1667 3164 cerva
1704 3122 1847 3172 suos,
1884 3103 2109 3175 pignora
2155 3120 2335 3176 cerva,

1288 3184 1472 3237 Foetus
1499 3194 1655 3235 cerva
1683 3177 1773 3233 siti
1812 3178 1949 3230 fessa
1982 3184 2214 3241 recusat,

1287 3254 1471 3307 Foetus
1508 3266 1665 3306 cerva
1695 3249 1813 3318 pios
1840 3254 2031 3302 moesta
2074 3247 2340 3319 relinquit

1287 3323 1577 3391 Quaesitam
1608 3320 1868 3394 quoniam
1894 3334 2006 3375 non
2035 3318 2190 3443 Eehit
2219 3320 2338 3449 negt;

2083 3406 2193 3447 am.

2083 3406 2193 3447 arn.

3351 768 3451 817 tes.

2403 845 2508 903 Bos
2567 862 2815 920 praesepe
2862 862 3024 907 suum
3068 848 3231 925 liquit
3269 853 3455 913 inanes

2401 988 2797 1065 Pratorumque
2825 992 3018 1049 volens
3071 1009 3291 1069 carpere
3326 928 3456 1069 δι’ξὲ

2278 1122 2349 1182 40
2398 1123 2611 1188 Nudam
2636 1141 2815 1190 versat
2845 1132 3110 1204 humum;
3160 1084 3448 1210 siem;ch-

2398 1272 2728 1332 Fraudatum
2783 1279 3040 1347 moriens,
3084 1226 3450 1407 Ιεῦἱιὲῐιῗῗιὲν-

3294 1371 3375 1407 )lS.

3294 1371 3375 1409 )lS.

2397 1435 2624 1510 Badiees
2651 1454 2933 1496 nemorum
2964 1439 3169 1495 rustica
3197 1440 3379 1510 plebes

2394 1505 2658 1586 {inplorat
2694 1512 2890 1586 misero
2917 1505 3307 1586 curvalabore,

2396 1576 2675 1653 _S_olarique
2698 1581 2895 1636 famem
2929 1583 3132 1638 cortice
3161 1584 3377 1653 quaerit,

2394 1646 2502 1701 Nec
2529 1646 2715 1706 succos
2744 1659 2955 1708 teneros
2972 1653 3122 1709 arida
3142 1646 3378 1724 praestat.

2393 1733 2543 1789 Hanc
2597 1747 2817 1807 peccata
2854 1741 3052 1797 famem
3099 1751 3283 1798 nostra
3327 1761 3441 1799 me,—

3133 1823 3338 1878 rentur,

2392 1878 2495 1954 §ed
2525 1897 2698 1938 merce
2728 1882 2945 1954 propria
2982 1881 3199 1940 Christe
3248 1887 3440 1949 taxum,

2391 1949 2511 2017 Quo
2559 1949 2745 2027 culpa'
2775 1949 2991 2027 gravior
3042 1956 3214 2028 gratia
3275 1954 3443 2048 illaij'apt“

3377 2054 3404 2079 ι)
3412 2050 3442 2080 τ)

2397 2094 2537 2153 Iusti
2568 2096 2825 2170 supplicii
2846 2096 3030 2154 vincla
3059 2096 3223 2151 resoh
3240 2103 3311 2149 at.

2399 2187 2513 2259 .lam
2551 2190 2717 2244 coelos
2760 2206 2984 2255 reseres,
3025 2203 3262 2259 arvaque
3298 2186 3417 2240 lare.

2402 2258 2653 2329 fecundo
2684 2261 2930 2329 placidus
2959 2258 3133 2313 imbre
3176 2275 3441 2329 rogamus.

2401 2328 2564 2401 llelize
2597 2328 2807 2401 meritis
2836 2330 3005 2401 impia
3031 2330 3187 2385 saecla

2396 2398 2621 2453 Donasti
2651 2400 2837 2469 pluvia
2860 2418 2871 2456 :
2902 2398 3002 2456 rios
3020 2416 3232 2472 quoque
3256 2400 3443 2519 donng

3388 2488 3408 2519 ι

3386 2488 3408 2524 1

2396 2557 2620 2628 Ᾱῐιρτηθ
2649 2558 2876 2628 genitor,
2908 2556 3080 2628 gloria
3107 2555 3325 2628 Christo

2396 2627 2615 2697 Semper
2641 2627 2760 2682 eum
2796 2627 2976 2697 genito
3017 2628 3089 2682 sit
3118 2627 3220 2681 tibi
3258 2637 3442 2682 sancto

2394 2696 2626 2770 Compar
2653 2696 2899 2769 Spiritui,
2941 2698 3033 2770 qui
3063 2700 3207 2753 Deus
3234 2714 3375 2770 unus

2394 2764 2613 2823 Pollens
2639 2764 2913 2840 perpetuis
2941 2764 3147 2841 inclyte
3173 2769 3367 2825 saeclis.

2876 2893 2948 2951 V.

2519 3000 2755 3071 Hymnus
2779 2999 2849 3057 ad
2889 2999 3309 3074 Completorium.

3380 1514 3445 1569 30

2396 3111 2630 3186 Christe,
2651 3114 2745 3186 qui
2766 3114 2863 3170 lux
2889 3132 2946 3171 es
2973 3122 3028 3172 et
3054 3115 3195 3186 dies,

2392 3183 2581 3257 δοθῇς
2606 3184 2855 3257 tenebras
2891 3186 3119 3257 detegis,

2392 3253 2661 3326 Lucisque
2686 3256 2869 3313 lumen
2894 3253 3133 3315 crederis

2394 3324 2602 3381 Lumen
2630 3324 2847 3381 beatum
2878 3328 3195 3399 praedicans.

2393 3415 2705 3486 Precamur,
2734 3422 2917 3471 sancte
2944 3415 3196 3486 Domine,
3408 3419 3441 3475 ὅ

170 3486 337 3542 Prior
353 3484 638 3541 diluvium
667 3487 890 3558 pertulit
919 3495 1066 3554 aetas,

1288 3490 1569 3546 Venerunt
1592 3487 1840 3559 juvenes,
1874 3486 2068 3557 pocula
2096 3483 2214 3541 noti

2393 3485 2634 3541 Defende
2662 3501 2762 3543 nos
2786 3487 2843 3542 in
2875 3486 2976 3542 hac
3002 3495 3180 3556 nocte,

168 3584 264 3658 37.
326 3583 485 3658 Fabr.
524 3599 767 3658 _ramum.
818 3612 884 3625 —
917 3583 1003 3639 38.
1063 3585 1231 3639 Beda:
1278 3587 1530 3658 paci/iere.
1574 3615 1643 3627 —-
1669 3585 1755 3641 39.
1788 3585 1833 3643 B
1866 3583 1916 3649 1,
1944 3600 2000 3638 n.
2034 3583 2101 3640 39
2123 3600 2147 3658 :_
2170 3583 2293 3658 Lua:
2324 3582 2530 3658 Christe
2560 3582 2900 3658 lucidissima.
2930 3584 3166 3639 Exstant
3206 3591 3443 3658 prseter-

166 3656 334 3712 Fabr.
372 3653 615 3724 fulmine.

241 3725 339 3781 IV.
381 3754 452 3766 —
480 3724 531 3779 3.
566 3725 728 3779 Recte
756 3723 1038 3779 Kehrein:
1087 3751 1105 3772 ι
1136 3727 1279 3781 Beda
1322 3728 1435 3782 und
1482 3726 1755 3783 Rambach

164 3796 352 3852 haben
384 3795 571 3867 nullus
600 3795 759 3861 roris,
790 3813 907 3867 Was
939 3796 1026 3850 ich
1060 3814 1244 3867 wegen
1285 3815 1339 3853 v.
1372 3800 1406 3853 5
1438 3799 1591 3854 nicht
1629 3797 1757 3851 auf-

164 3868 411 3922 nehmen
449 3865 633 3925 wolte,
686 3866 829 3920 ruris
872 3866 964 3921 hat
1013 3865 1171 3921 Fabr.
1204 3893 1221 3916 ι
1266 3869 1409 3923 Bene
1436 3887 1529 3922 rus
1562 3869 1758 3935 legitur

163 3944 295 4010 post
321 3952 493 4010 grtia,
514 3953 740 4010 egrum,
768 3944 986 4004 terram,
1036 3938 1175 3993 male
1204 3956 1312 3994 ros.
1352 3970 1412 3980 —
1454 3942 1521 3995 39
1552 3940 1757 4010 Perpe-

162 4006 289 4066 iam
320 4006 479 4061 Fabr.
514 4006 645 4075 legit
674 4008 916 4061 Abrami.

238 4077 314 4152 Υ.
340 4106 409 4117 —
428 4077 525 4130 Est
554 4076 794 4152 hymnus
818 4079 1182 4152 Cninpletorio
1209 4082 1458 4152 proprius
1496 4082 1581 4137 vel
1603 4081 1753 4135 festis

166 4147 387 4221 diebus,
426 4155 489 4221 ut
536 4156 623 4221 est
644 4146 786 4218 apud
807 4146 1345 4221 _Wﬁirnpl'elingi'um';
1382 4155 1466 4206 vel
1512 4161 1752 4221 tempore

206 4217 649 4292 uadragesimali,
681 4218 825 4289 quod
857 4217 1079 4289 plurimi
1110 4217 1371 4276 adnatant
1413 4222 1557 4276 libri.
1699 4239 1749 4292 g.

206 4236 649 4288 uacragesrmau,
681 4236 825 4289 quou
857 4236 1079 4289 pllll‘lllll
1110 4236 1371 4276 adiuuant
1414 4236 1557 4276 unri.
1593 4236 1657 4276 is.
1699 4239 1749 4292 g.

168 4236 264 4364 illi.
290 4308 303 4344 :
343 4313 361 4335 ι
391 4291 496 4343 iste
525 4287 766 4364 hymnus
795 4293 1135 4364 canteturad
1158 4294 1356 4362 compl.
1388 4293 1617 4364 singulis
1641 4292 1751 4364 die-

168 4361 276 4415 bus
304 4375 473 4432 usque
502 4359 569 4413 ad
598 4375 805 4414 ccenam
838 4362 1080 4416 Dnmini.
1112 4387 1129 4409 ι
1171 4359 1347 4417 Aliter
1376 4359 1534 4432 jubet
1561 4363 1706 4431 Mgd.
1733 4379 1748 4416 :

182 4455 203 4479 ι
235 4432 346 4486 Iste
388 4432 628 4503 hymnus
675 4440 921 4503 servatur
960 4432 1141 4503 tribus
1183 4433 1502 4503 septimanis
1547 4441 1601 4487 et
1642 4449 1750 4486 non

169 4509 418 4558 mutatur
446 4501 551 4555 nisi
584 4518 707 4555 cum
740 4501 995 4555 inciderit
1017 4504 1210 4557 festum
1234 4501 1668 4557 annuntiationis
1697 4511 1751 4557 et

170 4574 439 4628 adventus
468 4573 821 4696 relitpiiarum
846 4575 898 4626 ὃ.
933 4574 1194 4627 Mauritii.
1228 4600 1246 4620 ι
1290 4576 1349 4629 In
1381 4582 1594 4628 vetusto
1624 4574 1749 4630 Car-

170 4644 549 4696 thusianorum
598 4648 736 4696 irev.
768 4644 985 4696 canitur
1014 4646 1077 4696 ad
1121 4646 1386 4696 tioninlet.
1437 4662 1529 4696 ner
1571 4652 1746 4696 totum

170 4644 549 4716 thusianorum
580 4644 736 4697 Brev.
768 4644 985 4716 canitur
1014 4646 1077 4697 ad
1114 4646 1386 4716 Complct.
1437 4662 1529 4716 per
1571 4652 1746 4698 totum

171 4730 396 4770 annum.
430 4714 657 4768 Vetusta
688 4716 941 4768 Italorum
976 4714 1349 4769 hreviaria’ut
1382 4714 1468 4769 Fr.
1508 4716 1748 4769 carmine

172 4793 361 4840 nostro
407 4793 610 4851 carent,
671 4784 801 4839 item
851 4786 1144 4840 hodiernus
1189 4790 1443 4842 Romanae
1493 4786 1747 4841 Ecclesiae

172 4872 304 4933 usus
329 4857 432 4935 (1.).
463 4856 580 4921 Quo
611 4856 970 4935 verecundior
999 4857 1210 4935 cnstitit
1241 4856 1463 4912 Lutberi
1503 4857 1747 4935 diligen—

172 4928 267 4994 tia,
299 4927 683 4998 qui,rvetercm
715 4936 924 4996 poetam
958 4928 1220 4991 imitatus,
1252 4928 1556 4998 composuit
1577 4927 1745 4983 canti-
1774 4933 1825 4990 Α

174 4997 327 5063 cum,
364 4997 575 5069 Christ,
617 4999 711 5051 der
752 4999 823 5051 du
874 4998 974 5051 bist
1027 5002 1131 5067 Tag
1185 5000 1294 5052 und
1341 4997 1522 5063 Lit-Iit;
1574 5013 1748 5069 neque

174 5077 295 5139 post
332 5066 448 5138 ejus
494 5076 738 5138 tempora
776 5085 905 5123 cura
942 5070 1044 5139 piae
1073 5070 1357 5124 cantilenae
1390 5069 1583 5123 defuit.
1616 5066 1749 5125 Dico

176 5138 480 5195 cantionem
529 5139 741 5193 Erasmi
791 5138 1000 5207 Alberi,
1053 5141 1249 5204 Christ,
1283 5141 1375 5193 der
1420 5140 1493 5193 du
1525 5140 1624 5193 bist
1657 5140 1751 5195 der

176 5211 302 5282 belle
335 5211 482 5282 Tag;
529 5226 689 5282 quam
730 5210 1009 5280 Knappius
1055 5211 1221 5265 Mich.
1254 5210 1449 5265 Weisii
1477 5226 1591 5265 esse
1619 5226 1752 5281 per-

178 5280 342 5353 hibet,
394 5281 465 5334 Et
516 5280 659 5337 recte
706 5281 1223 5353 quidemiopinorr
1253 5297 1377 5335 cum
1424 5296 1456 5335 a
1508 5282 1752 5353 partibus

177 5350 291 5421 ejus
322 5349 435 5422 jam
468 5353 675 5407 steterit
705 5349 858 5407 .l—oan.
894 5349 1181 5414 \Vei‘tzins,
1211 5351 1328 5408 haec
1359 5349 1752 5407 commentario

179 5423 591 5493 suopraefatus:
642 5446 659 5469 ε
690 5425 897 5478 Auctor
926 5422 1088 5493 hujus
1116 5424 1243 5478 Οὼυ
1275 5423 1610 5478 Germanicae
1638 5439 1753 5478 esse

178 5492 433 5549 scribitur
460 5494 623 5549 Mich.
660 5496 945 5559 Weitzius,
978 5492 1080 5549 etc.
1114 5518 1132 5540 ι
1188 5493 1412 5548 Minime
1441 5509 1573 5549 vero
1624 5495 1752 5547 Ger-

180 5564 449 5621 manicum
496 5565 765 5635 hymnum
815 5566 1110 5619 illustravit
1155 5564 1441 5629 Weitzius,
1486 5564 1579 5619 sed
1621 5581 1756 5619 ver—

179 5636 383 5692 sionem
424 5637 645 5707 .losephi
674 5638 928 5693 Clauderi
968 5638 1026 5691 iu
1063 5636 1384 5692 Psalmodiae
1415 5636 1581 5692 Novae
1607 5642 1751 5692 cent.

239 5740 307 5802 (ι)
324 5739 601 5790 Monastica
623 5745 855 5804 qumdam
873 5746 1270 5807 reiinucrunt,ut
1296 5740 1753 5807 Brev.()rd.Pru_3d.

185 5815 212 5849 ι
241 5799 356 5852 1613
379 5799 653 5851 excursum.-
1193 5799 1204 5807 ”
1680 5799 1707 5836 ξ

231 5862 299 5927 (2)
322 5865 429 5915 Der
449 5866 655 5915 Mtench
680 5882 705 5913 ν
750 5868 779 5917 S
804 5869 1010 5930 ilzbnrg:
1031 5868 1125 5919 den
1150 5882 1394 5933 ympnum
1418 5868 1533 5926 sing
1547 5866 1644 5918 und
1668 5869 1756 5920 list

1870 3669 1931 3707 ea
1984 3654 2241 3710 carminis
2296 3654 2574 3709 versiones
2632 3653 2967 3710 Germanicae
3018 3653 3436 3720 vetustissima);

1870 3724 1943 3780 cf.
1980 3726 2226 3779 llotl‘man
2261 3725 2455 3781 Gesch.
2484 3726 2578 3779 des
2602 3724 2898 3780 deutschen
2946 3725 3357 3780 Kirchenliedes
3385 3730 3437 3781 ὃ.

1873 3794 1990 3859 143,
2026 3796 2145 3861 150,
2179 3796 2299 3859 180,
2334 3796 2453 3861 183,
2494 3795 2608 3850 185.
2641 3825 2712 3837 -
2739 3797 2807 3850 Κ.
2840 3798 2904 3850 Ε.
2947 3796 3008 3850 P.
3054 3796 3441 3863 Wackernagel

1870 3866 1964 3920 das
1992 3866 2251 3921 deutsche
2284 3865 2636 3921 Kirchenlied
2665 3882 2719 3936 p.
2747 3866 2851 3921 333
2883 3865 3282 3935 (interpretatio
3312 3868 3438 3922 Urb.

1870 3937 2069 4005 Regii).
2103 3966 2174 3978 —
2209 3938 2258 3992 1.
2293 3938 2470 3992 Oxon.
2504 3937 2605 3990 die.
2653 3935 2718 3977 ὲ-
2756 3935 2806 3991 2.
2841 3936 2945 3991 Th.
3001 3938 3251 4002 detegens.
3286 3966 3341 3977 --
3386 3940 3438 3992 3.

1870 4008 2014 4063 Cass.
2074 4008 2178 4064 al.:
2233 4009 2329 4079 tua:
2370 4008 2480 4076 ipse
2538 4006 2687 4079 lucis.
2744 4005 2985 4079 Thom;
3013 4008 3228 4075 Lucifer
3285 4009 3445 4062 lucem

1861 4079 2157 4147 proferens,
2207 4078 2299 4132 sed
2346 4094 2469 4133 cum
2528 4076 2830 4132 Cassandro
2873 4087 2927 4134 et
2973 4076 3065 4133 hic
3109 4085 3163 4132 et
3189 4078 3444 4134 omnibus

1867 4146 2125 4203 carminis
2169 4146 2415 4203 versibus
2461 4147 2595 4205 cod.
2634 4148 2699 4201 Η.
2735 4148 2799 4203 Ε.
2832 4154 2885 4203 et
2922 4147 2987 4204 Ο.
3032 4148 3261 4203 faciunt.
3289 4178 3359 4190 —
3386 4150 3441 4203 lt.

1866 4218 2085 4284 Thom.,
2143 4218 2311 4275 Vitam
2363 4219 2567 4273 beatam
2606 4218 2791 4273 tribue.
2840 4248 2911 4259 —
2951 4218 3005 4274 6.
3061 4218 3151 4286 0.,
3188 4225 3332 4273 nocte
3377 4226 3442 4275 et.

1865 4321 1927 4329 ——
1963 4290 2013 4344 7.
2060 4288 2280 4355 Thom.,
2333 4295 2394 4342 ut
2433 4290 2521 4343 sit.
2550 4317 2620 4328 —
2650 4288 2735 4343 10.
2785 4288 3004 4356 Thom.,
3059 4305 3122 4343 ne
3169 4290 3348 4345 hostis.
3378 4320 3449 4331 —-

1868 4359 1952 4413 11.
1984 4359 2203 4426 Thom.,
2239 4357 2422 4427 Fabr.,
2485 4375 2547 4412 ne
2574 4374 2735 4423 caro;
2770 4359 2859 4426 0.,
2906 4360 3067 4426 Msn.,
3112 4358 3262 4429 Lps.,
3314 4377 3449 4413 con-

1863 4429 2068 4484 sentiat.
2102 4432 2166 4485 Ο.
2199 4445 2333 4496 om.,
2364 4446 2509 4485 caro.
2541 4458 2611 4470 —
2634 4430 2701 4483 12
2730 4429 2947 4496 Thom.,
2970 4436 3097 4483 etne
3112 4446 3235 4492 nos;
3258 4429 3442 4497 Fabr.,

1864 4517 1975 4553 reos
2006 4500 2116 4555 tibi.
2147 4531 2218 4542 —-
2249 4501 2334 4555 14.
2359 4502 2423 4555 D.
2450 4500 2503 4566 2,
2533 4500 2736 4567 vigilat,
2763 4499 2987 4553 fortasse
3017 4506 3235 4568 propter
3261 4500 3442 4555 locum

1862 4571 2154 4641 Scripturm
2185 4571 2339 4626 Cant.
2375 4587 2428 4638 ν,
2465 4571 2517 4636 2,
2545 4586 2631 4641 ego
2660 4569 2864 4641 dormio
2893 4575 2941 4622 et
2974 4585 3063 4622 cor
3092 4584 3253 4641 meum
3300 4571 3446 4641 vigi-

1865 4644 1956 4695 lat.
1985 4639 2076 4682 “-*
2124 4642 2209 4697 22.
2260 4641 2478 4705 Thom.,
2541 4639 2685 4692 Gron
2718 4680 2733 4705 ,
2780 4640 2836 4692 in
2875 4642 2971 4692 isto
3015 4640 3184 4708 gravi.
3232 4668 3303 4679 —
3338 4640 3432 4696 23.

1860 4712 2056 4836 1Gron.,
2088 4729 2137 4766 es
2166 4712 2275 4780 qui.
2310 4710 2482 4766 Addit
2512 4708 2657 4763 idem
2683 4709 3007 4780 liymnarius
3029 4710 3175 4766 hunc
3211 4712 3441 4767 versicu-

1883 4799 1974 4836 um
2003 4799 2017 4836 ε

1883 4799 1974 4837 una
2003 4799 2017 4837 ἶ

2107 4870 2189 4921 Ad
2224 4878 2270 4918 te
2293 4870 2590 4930 clamamus,
2621 4869 2856 4929 Domine,

2112 4932 2228 4981 Noli
2259 4946 2348 4979 nos
2371 4935 2743 4991 derelinquere,

2111 4995 2335 5053 Festina,
2374 5007 2436 5041 ne
2470 4994 2772 5049 tardaveris,

2111 5054 2359 5105 Succurre
2388 5055 2536 5105 nobis
2561 5055 2779 5105 miseris.

1930 5146 2056 5215 Qui,
2097 5146 2286 5218 procul
2330 5143 2502 5218 dubio
2544 5142 2948 5218 supposititius,
2996 5139 3234 5218 occurrit
3258 5138 3438 5218 etiam

1862 5220 1920 5274 in
1942 5211 2191 5273 versione
2220 5215 2523 5287 germanica
2567 5211 2711 5287 apud
2740 5213 3029 5287 Reiderer,
3071 5211 3440 5287 Nachrichten

1861 5305 1971 5416 Euri
1982 5283 2712 5416 tlgrcherf-Gelehrten~i1ud
2736 5283 3334 5353 Bucher—Geschichte,
3375 5297 3437 5350 ιι,

2114 5456 2483 5508 Wirscbreien
2506 5473 2567 5508 zu
2592 5457 2691 5517 dir,
2724 5457 2893 5506 rufent
2920 5468 3005 5516 an,

2108 5521 2195 5569 Nit
2217 5524 2413 5576 wollest
2443 5535 2534 5567 uns
2563 5524 2609 5567 in
2636 5526 2783 5567 noten
2810 5518 2912 5577 lan,

2109 5582 2191 5631 Eil
2219 5583 2332 5630 bald
2358 5586 2454 5630 und
2482 5585 2553 5629 nit
2574 5597 2629 5629 zu
2660 5582 2781 5641 lang
2815 5579 3034 5637 verzeih,

2106 5643 2237 5693 Dein
2260 5646 2359 5693 bilf
2376 5645 2459 5692 die
2488 5657 2633 5692 wone
2661 5639 2769 5691 uns_
2787 5655 2961 5690 armen
2984 5642 3065 5691 bei
3092 5639 3181 5705 (2).

1866 5756 2038 5791 manze
2053 5740 2148 5791 den
2163 5742 2476 5804 Completen;
2495 5738 2710 5790 werdcn
2725 5739 2817 5804 mit
2832 5738 3053 5804 andacht
3067 5740 3163 5802 bey
3179 5736 3270 5804 der
3285 5735 3438 5804 nacht

1866 5806 2079 5868 spricht,
2104 5806 2200 5854 den
2230 5800 2347 5866 mag
2365 5800 2622 5868 der'tietel
2641 5803 2784 5853 nicht
2802 5800 3146 5865 angeweigeu
3161 5802 3289 5851 noch
3317 5800 3433 5848 kain

1867 5866 2085 5916 svveerer
2116 5875 2287 5916 trawm
2324 5881 2411 5915 czu
2434 5866 2673 5927 gefallen.
