3940 6400
511 401 651 460 1218

498 520 773 594 δίῑίηοιιὶβ
801 519 857 576 in
887 528 940 575 te
968 519 1201 594 requies,

497 593 750 662 Quietam
782 599 995 647 noctem
1035 591 1236 646 tribue.

497 685 578 756 Ne
606 683 786 756 gravis
823 699 1048 738 somnus
1077 683 1271 756 irruat,

495 752 803 813 Nec‘hostis
817 769 922 823 nos
951 752 1233 823 surripiat,

496 824 609 881 Nec
635 840 762 880 caro
789 822 875 878 illi
915 822 1264 879 consentiens

495 894 606 952 Nos
636 893 738 951 tibi
765 908 886 948 reos
905 899 1125 960 statuat,

499 981 658 1040 Oculi
687 996 946 1038 somnum
975 978 1215 1050 capiant,

500 1051 610 1110 Cor
635 1051 702 1108 ad
733 1059 784 1107 te
812 1065 1024 1120 semper
1044 1049 1264 1120 vigilet,

499 1123 738 1180 Dextera
755 1128 850 1178 tua
871 1126 1116 1191 protegat

500 1193 756 1250 Famulos
775 1189 951 1263 qui—te
981 1189 1239 1260 diligunt.

495 1279 759 1338 Defensor
789 1285 972 1333 noster
998 1275 1198 1347 aspice,

497 1350 828 1407 Insidiantes
847 1347 1105 1418 reprime,

499 1420 756 1478 Gubema
783 1416 924 1472 tuos'
946 1416 1178 1471 famulos

497 1491 647 1558 Quos
670 1488 934 1559 sanguine
969 1494 1240 1541 mercatus
1265 1500 1343 1542 es.

495 1577 770 1635 Memento
800 1574 994 1639 nostri,
1027 1573 1280 1641 Domine,

498 1649 562 1727 in
587 1646 743 1727 gravi
773 1645 875 1727 isto
901 1659 1148 1724 corpore,

495 1714 614 1786 Qui
627 1731 686 1771 es
713 1714 966 1786 defensor
993 1714 1210 1786 animae,

496 1784 704 1845 Adesto
731 1785 912 1854 nobis,
946 1784 1201 1842 Domine.

973 1891 1046 1948 VI

661 1983 901 2053 Hymnus
1021 1931 1382 2038 ‘illatutinum.

798 2068 910 2138 (Ex
940 2066 1088 2122 Libr.
1121 2063 1261 2134 vet.)

496 2157 734 2212 Summae
762 2157 907 2210 Deus
935 2151 1262 2218 clementia,

498 2225 800 2295 Mundique
833 2223 1009 2295 factor
1037 2220 1324 2285 machinas,

499 2296 654 2352 Unus
690 2291 1062 2364 potentialiter

498 2358 808 2436 Trinus'que
836 2358 1212 2433 personaliter.

497 2453 724 2521 Nostros
753 2450 875 2521 pius
899 2463 1024 2503 cum
1048 2443 1277 2521 canticis
1525 2445 1560 2500 5

497 2524 688 2581 Fletus
713 2516 946 2590 benigne
975 2516 1206 2590 suscipe,

499 2594 620 2662 Quo
644 2591 804 2648 corde
836 2585 994 2662 pluro
1023 2585 1276 2662 sordibus

502 2657 576 2720 Te
605 2657 952 2736 perfruamur
977 2657 1198 2729 largius.

499 2749 740 2808 Lumbos
762 2748 1026 2820 jecurque
1053 2742 1366 2800 morbidum

498 2822 686 2901 edere
715 2819 838 2901 isne
867 2831 1107 2901 θριξετιιο

501 2886 763 2966 ᾼαοὶιιοιῖ
784 2898 847 2946 ut
868 2886 1276 2966 sint'perpetim

501 2964 664 3020 Luxu
692 2967 902 3016 remoto
934 2964 1188 3030 pessimo.

499 3051 572 3108 Ut
600 3051 805 3122 quique
826 3048 1004 3122 _hora_s
1032 3045 1282 3122 noctium

499 3115 662 3179 Nun'c
683 3115 1024 3176 concinendo
1051 3115 1382 3186 rumpimus,

500 3191 672 3248 Donis
702 3189 871 3246 beatae
901 3187 1090 3258 patriae

496 3261 754 3318 Ditemur
780 3257 970 3314 omnes
994 3257 1221 3313 affatim.

1489 748 1556 804 10

1486 1111 1558 1170 15

1495 2811 1564 2868 10

1491 3183 1560 3240 15

623 3371 882 3441 Ejusdem
909 3370 1090 3442 hymni
1116 3370 1229 3426 alia
1259 3369 1423 3426 lectio.

774 3464 884 3534 (Ex
922 3463 1084 3518 Brev.
1116 3463 1300 3533 Rom.)

495 3561 732 3618 Summas
763 3558 1313 3630 parensrclementim,

493 3630 687 3688 Mundi
718 3627 983 3699 regisqui
1013 3627 1348 3699 machinam,

500 3701 674 3756 Unius
713 3709 767 3755 et
785 3697 1116 3754 substantiae

497 3771 807 3842 Trinusque
833 3768 1076 3840 personis
1105 3769 1270 3826 Deus.

497 3861 724 3919 Nostros
745 3858 870 3931 pius
890 3874 1014 3914 cum
1046 3857 1278 3914 canticis
1529 3859 1566 3916 ὅ

495 3933 682 3988 Fletus
711 3931 945 4002 benigne
973 3931 1214 4002 suscipe,

497 4003 570 4058 Ut
599 4003 762 4058 corde
794 4000 932 4072 puro
961 4000 1208 4072 sordium

1519 392 1617 450 AD
1654 391 1886 449 OPERA
1921 388 1978 446 S.
2018 383 2349 444 AMBROSII
2385 379 2758 442 APPENDIX.

1610 515 1861 573 Accincti
1889 523 1952 570 ut
1979 522 2129 569 artus
2148 511 2418 568 excubent

1608 586 1771 641 Luxu
1809 591 2018 640 remoto
2055 582 2308 654 pessimo.

1612 679 1943 750 Quicunque
1972 685 2033 732 ut
2060 675 2222 750 horas
2251 673 2520 750 noctium,

1609 744 1766 806 Nunc
1793 744 2131 805 concinendo
2151 744 2486 817 rumpimus,

1610 819 1861 876 Ditemur
1887 833 2076 873 omnes
2103 814 2312 872 ati'atiui

1609 889 1784 946 Donis
1805 889 1974 946 beata;
2001 886 2210 960 patriae.

1610 977 1697 1034 Da
1723 977 1993 1032 dexteram
2020 974 2365 1044 surgentibus,

1610 1049 1886 1117 Exsurgat
1914 1052 1972 1100 ut
1991 1062 2134 1100 mens
2157 1045 2357 1117 θοὸν-ἐρ,

1609 1115 1874 1186 Flagrans
1899 1123 1948 1170 et
1978 1117 2036 1170 in
2065 1117 2268 1170 laudem
2287 1115 2388 1172 Dei

1615 1187 1800 1244 Grates
1825 1187 2076 1258 rependat
2095 1186 2311 1242 debitas.

1609 1281 1831 1350 Praesta,
1869 1281 2028 1336 Pater
2053 1279 2319 1352 piissime,
2353 1285 2461 1337 etc.

1848 1405 2416 1566 Hymnus‘iiltittutinus.

1915 1602 2026 1673 (Ex
2061 1601 2210 1658 Libr.
2242 1600 2382 1672 vet.)

1611 1718 1696 1776 Tu
1719 1717 2008 1775 Trinitatis
2031 1717 2232 1786 unitas,

1613 1789 1812 1861 Orbem
1851 1796 2101 1861 potenter
2134 1788 2227 1860 qui
2257 1786 2420 1861 regis,

1611 1859 1870 1918 Attende
1882 1859 2104 1914 laudum
2135 1859 2366 1925 cantica,

1611 1929 1746 1998 Quze
1773 1929 2104 1986 excubantes
2133 1929 2434 2000 psallimus.

1613 2018 1749 2076 Nam
1781 2018 1985 2074 lectulo
2023 2016 2422 2084 consurgimus,
2637 2012 2674 2068 δ

1613 2089 1802 2160 Nociis
1825 2088 2007 2160 quieto
2032 2096 2296 2160 tempore,

1613 2159 1686 2216 Ut
1720 2157 2026 2228 ﬂagitemus
2065 2157 2355 2228 vulnerum

1613 2231 1663 2283 A
1689 2235 1744 2282 te
1770 2226 2036 2282 medelam
2085 2226 2354 2280 omnium.

1615 2313 1735 2379 Quo
1760 2312 1950 2382 fraude
1971 2311 2242 2382 quidquid
2262 2309 2574 2366 daemonum

1614 2383 1676 2438 In
1711 2381 1965 2437 noctibus
1985 2379 2350 2450 deliquimus,

1617 2451 1902 2522 Abstcrgat
1929 2449 2084 2522 illud,
2097 2449 2315 2522 omlitus

1618 2523 1746 2578 Tuae
1774 2519 2010 2594 potestas
2040 2519 2246 2591 gloriae.

1615 2611 1693 2668 Ne
1719 2625 1916 2681 corpus
1940 2609 2083 2681 adsit
2112 2605 2417 2681 sordidum,

1617 2682 1726 2738 Nec
1747 2675 2127 2750 torporinstet
2151 2675 2424 2750 cordium,

1617 2753 1696 2808 Ne
1731 2747 1983 2806 criminis
2006 2747 2257 2818 contagio

1619 2823 1877 2894 Tepescat
1899 2819 2062 2876 ardor
2097 2817 2342 2890 spiritus.

2597 811 2665 870 15

2596 1182 2666 1240 20

2606 2376 2675 2432 10

2608 2675 2676 2732 15

1619 2915 1704 2974 Ob
1739 2915 1864 2982 hoc,
1893 2915 2242 2984 Redemptor,
2275 2926 2584 2984 quaesumus

1619 2987 1785 3058 Reple
1817 2993 1910 3058 tuo
1937 3001 2040 3058 nos
2070 2983 2294 3058 lumine.

1619 3053 1722 3128 Per
1751 3055 1897 3128 quod
1921 3055 2134 3110 dierum
2155 3053 2377 3128 circulis

1617 3117 1798 3184 Nullis
1827 3141 2050 3182 ruamus
2085 3124 2317 3182 actibus.

1753 3232 2005 3304 Ejusdem
2025 3231 2202 3302 hymni
2227 3230 2338 3286 alia
2365 3230 2529 3287 lectio.

1880 3322 1990 3392 (Ex
2021 3319 2184 3375 Brev.
2217 3318 2400 3389 Rom.)

1613 3419 1696 3475 Tu
1724 3416 2008 3475 Trinitatis
2033 3415 2236 3482 unitas,

1615 3488 1814 3560 Orbem
1847 3494 2098 3560 potenter
2125 3502 2242 3560 quae
2273 3485 2430 3556 regis,

1615 3557 1865 3616 Attende
1889 3557 2065 3612 laudis
2095 3557 2389 3622 canticum,

1615 3629 1770 3698 Quod
1797 3630 2126 3685 excubantes
2161 3626 2462 3700 psallimus.

1615 3718 1748 3774 Nam
1779 3718 1983 3772 lectulo
2012 3715 2390 3786 consurgimus
2639 3715 2674 3770 5

1617 3789 1806 3870 Nocﬂtis
1827 3789 2018 3870 unieto
2048 3795 2310 3866 tempore,

1618 3859 1690 3915 Ut
1718 3857 2022 3930 ﬂagitamus
2050 3857 2296 3930 omnium

1617 3931 1669 3986 A
1699 3939 1750 3986 te
1780 3928 2044 3985 medelam
2074 3928 2390 3983 vulnerum.

2605 3049 2676 3107 20

3654 373 3810 432 1216

2718 504 2796 562 Ne
2823 519 3020 573 corpus
3046 501 3221 573 adstat
3244 497 3558 573 sordidum,

2717 575 2828 631 Nec
2855 569 3043 645 torpor
3060 572 3236 645 instet
3255 569 3530 645 cor-dium,

2718 646 2828 701 Nec
2851 643 3100 700 criminis
3132 644 3384 712 contagio

2717 715 2974 786 Tepescat
3011 713 3174 770 ardor
3200 713 3445 784 spiritus.

2719 810 2802 868 Ob
2825 810 2950 876 hoc,
2982 807 3330 877 Redemptor,
3358 817 3691 877 quaesumus

2720 881 2885 952 Reple
2914 875 3008 952 tuo
3035 895 3137 952 rios
3169 875 3395 952 lumine,

2719 945 2821 1008 Per
2847 951 2992 1022 quod
3020 949 3232 1004 dierum
3260 945 3485 1022 circulis

2718 1016 2898 1080 Nullis
2930 1035 3152 1076 ruamus
3179 1016 3409 1073 actibus.

2724 1115 2883 1170 Ortus
2909 1111 3132 1181 refulget
3156 1107 3369 1181 Lucifer

2721 1183 2885 1240 Prwit
2911 1179 3009 1251 que
3033 1179 3190 1235 solem
3217 1179 3452 1246 nuntius,

2725 1255 2936 1310 Cadunt
2961 1252 3176 1306 tenebrae
3195 1251 3441 1316 noctium,

2723 1326 2844 1380 Lua:
2869 1329 3048 1377 sancta
3076 1338 3169 1375 nos
3204 1319 3489 1374 illuminet.

2722 1409 2943 1479 Praesta,
2972 1409 3128 1465 Pater
3159 1407 3428 1480 piissime,
3455 1413 3567 1462 etc.

3170 1524 3318 1582 VIII.

2950 1617 3188 1688 Hymnus
3242 1611 3554 1668 matutinus.

2723 1715 2966 1772 {Eternaa
2997 1712 3136 1768 lucis
3161 1709 3434 1776 conditor,

2725 1786 2847 1842 Lux
2865 1783 2980 1856 ipse
3011 1789 3233 1856 totuset
3259 1780 3396 1847 dies,

2725 1848 2947 1912 Noctem
2978 1869 3079 1910 nec
3107 1853 3275 1908 ullam
3309 1848 3573 1918 sentiens,

2725 1927 2929 1984 Natura
2965 1925 3106 1982 lucis
3133 1921 3360 1995 perpeti.

2727 2014 2846 2070 Jam
2877 2011 3022 2070 cedit
3061 2012 3269 2082 pallens
3297 2008 3552 2082 proximo
3768 2007 3809 2064 δ

2724 2084 2848 2142 Diei
2869 2099 2979 2138 nox
3006 2081 3285 2149 adventui,

2727 2154 3047 2212 Obtundens
3079 2154 3264 2208 lumen
3293 2150 3556 2217 siderum,

2726 2225 2897 2280 Adest
2924 2231 2978 2279 et
3005 2225 3184 2280 clarus
3226 2221 3464 2278 Lucifer.

2727 2313 2844 2368 Jam
2875 2319 3046 2366 strato
3077 2309 3202 2366 lecti
3231 2310 3525 2380 surgimus,

2727 2383 2917 2437 Grates
2941 2389 3194 2436 canentes
3223 2388 3277 2434 et
3303 2389 3446 2444 tuas,

2727 2451 2883 2515 Quod
2913 2465 3108 2504 caecam
3139 2458 3352 2504 noctem
3389 2448 3607 2516 vicerit,

2728 2522 3030 2578 Revectans
3058 2533 3247 2573 rursus
3275 2519 3358 2573 sol
3389 2518 3556 2572 diem.

3727 638 3805 696 l5

3727 1013 3809 1074 20

3733 2380 3811 2438 10

2729 2607 2802 2662 Te
2830 2622 2978 2662 nunc
3004 2621 3104 2662 nec
3129 2605 3309 2662 carnis
3349 2603 3567 2674 gaudio,

2728 2677 2952 2732 Blandis
2976 2675 3268 2745 subrepant
3295 2673 3554 2745 aestibus;

2728 2746 2883 2803 Dolis
2911 2761 3010 2801 nec
3032 2744 3187 2802 cedat
3215 2744 3403 2800 saeculi

2732 2818 2886 2875 Mens
2911 2823 3117 2883 nostra,
3148 2821 3351 2882 sancte,
3383 2829 3726 2888 quaesumus.

2731 2906 2818 2962 Ira
2846 2921 2946 2960 nec
2973 2903 3124 2960 rixas
3149 2909 3408 2975 provocet

2731 2977 2871 3032 Gula
2889 2991 2990 3030 nec
3014 2971 3260 3030 ventrem
3292 2971 3502 3038 incitet,

2729 3047 2905 3118 Opum
2936 3051 3208 3118 pervertat
3237 3059 3338 3099 nec
3366 3043 3558 3109 fames,

2727 3115 2925 3189 Turpis
2939 3115 3054 3172 'nec
3081 3115 3246 3170 luxus
3282 3121 3530 3184 occupet.

2726 3203 2831 3260 Sed
2859 3203 3016 3258 ﬁrma
3047 3210 3225 3258 mente
3255 3201 3447 3269 sobrii,

2726 3274 2886 3332 Casto
2915 3281 3194 3328 manentes
3226 3287 3472 3343 corpore,

2725 3345 2863 3400 Toto
2890 3344 3038 3414 ﬁdeli
3075 3343 3293 3414 spiritu,

2726 3414 2962 3484 Christe,
2997 3412 3261 3471 ducamus
3281 3413 3430 3468 hunc
3461 3412 3631 3470 diem.

2957 3621 3127 3692 Hynuz
3139 3639 3194 3672 us
3209 3533 3306 3673 In);
3324 3619 3556 3675 Sextum.

2726 3720 2841 3775 Jam
2872 3727 3024 3774 sexta
3052 3719 3250 3772 sensim
3283 3717 3518 3771 solvitur

2727 3791 2830 3846 Ter
2859 3790 3006 3845 binis
3029 3789 3164 3844 hora
3185 3787 3455 3852 cursibus,

2727 3861 2961 3933 Diesque
2990 3867 3192 3931 puncto
3220 3857 3473 3933 aequabili

2727 3927 3022 4004 Utramque
3048 3937 3265 3985 noctem
3284 3927 3534 3998 respicit.

3734 2747 3809 2804 15

3727 3114 3808 3171 20

497 4073 572 4128 Te
597 4071 944 4143 perfruamur
975 4071 1196 4142 largius.

503 4159 745 4232 qumbos
769 4159 1032 4232 jecurque
1073 4159 1384 4232 morbidum

503 4229 781 4286 Flaminis
793 4229 960 4284 adure
987 4230 1265 4300 congruis,

1617 4019 1738 4088 Quo
1757 4018 1946 4090 fraude
1971 4017 2236 4090 quidquid
2265 4016 2574 4073 daemonum

1618 4092 1680 4146 In
1712 4089 1969 4144 noctibus
1987 4088 2342 4156 deliquimus,

1619 4159 1906 4228 Abstergat
1931 4157 2068 4212 illud
2093 4157 2309 4213 coalitus

1499 4232 1566 4287 10
1621 4229 1749 4284 Tua:
1777 4235 2016 4299 potestas
2043 4228 2245 4299 gloriae.

2727 4017 2943 4084 Venite,
2973 4016 3118 4072 servi
3152 4015 3444 4086 supplices,
3751 4016 3791 4076 5

2604 4086 2672 4143 10
2725 4089 2904 4144 Mente
2931 4095 2986 4142 et
3013 4103 3104 4141 ore
3133 4086 3381 4141 extollite

2725 4158 2917 4228 Dignis
2939 4157 3156 4212 beatum
3178 4156 3434 4228 laudibus

2724 4227 2934 4286 Nomen
2964 4228 3063 4284 Dei
3087 4244 3212 4284 cum
3245 4227 3481 4285 cantico.

571 4329 670 4388 VI.
702 4361 771 4371 ——
798 4329 1095 4395 Breviaria,
1123 4345 1244 4404 quae
1274 4330 1604 4404 Matutinum
1624 4330 1975 4404 cantionibus
2003 4347 2085 4385 or-
2113 4339 2162 4396 Α
2194 4349 2274 4388 ne.
2305 4363 2375 4376 —
2403 4333 2488 4390 18.
2521 4333 2611 4402 0.,
2642 4335 2819 4404 gulam
2839 4339 3034 4404 venter.
3064 4363 3134 4404 -έ
3161 4331 3250 4388 24.
3283 4332 3372 4400 0.,
3408 4331 3645 4404 Christo.

497 4408 652 4468 nant,
685 4415 902 4456 carmen
935 4400 1240 4472 praecedens
1286 4400 1526 4472 §abbato
1572 4402 1867 4472 assignant.
1900 4401 2079 4472 Brev.

499 4472 689 4552 Rom.”
710 4479 967 4552 praeterea
1015 4472 1151 4552 festo
1193 4470 1249 4525 S.
1283 4470 1570 4552 Trinitatis
1601 4470 1809 4552 .cairere
1829 4471 1985 4551 jubet
2014 4471 2081 4527 ad

497 4541 848 4613 Matutinumr
889 4541 1159 4612 strophas,
1239 4557 1372 4613 quas
1435 4542 1644 4598 Italicis
1708 4543 1907 4613 litteris
1972 4559 2080 4613 ex-

499 4613 630 4670 cudi
667 4611 1031 4684 curavimusQ
1058 4611 1269 4684 Versus
1299 4613 1386 4684 Da
1416 4614 1688 4669 dexteram
1717 4621 1798 4668 est
1845 4611 2039 4684 hymni
2064 4629 2076 4666 :

495 4685 724 4765 gitana
738 4683 872 4765 freti
893 4682 1086 4765 gloria.
1117 4713 1187 4764 -τ
1217 4683 1267 4737 1.
1311 4682 1498 4765 ϐδεεη.
1522 4701 1814 4765 summa...
1854 4682 2082 4763 clemen-

732 4753 785 4810 6.
835 4753 1006 4822 Cass.,
1056 4753 1322 4823 benignus.
1365 4783 1437 4794 —
1475 4753 1564 4810 41.
1616 4754 1777 4810 Fabr.
1823 4755 2081 4809 accinctus

494 4839 557 4880 ιιι
582 4843 701 4883 ατη.

566 4897 687 4952 VII.
715 4925 792 4967 ν-τ
831 4895 1096 4967 Cantatur
1154 4893 1452 4967 secundum
1513 4904 1844 4967 praeceptum
1915 4895 2076 4967 Brev.

495 4966 726 5023 Romani
770 4965 905 5022 feria
950 4975 1105 5020 sexta
1151 4966 1219 5020 ad
1265 4965 1638 5034 Nocturnum;
1673 4965 1782 5022 duo
1820 4965 2079 5020 versiculi

497 5037 800 5108 majoribus
837 5037 1038 5091 litteris
1065 5035 1328 5108 descripti
1373 5037 1664 5092 Dominica
1697 5035 2078 5108 Trinitatis_ad

497 5105 706 5164 Ian—des.
757 5107 1000 5163 Versus:
1035 5107 1199 5178 Ortus
1239 5105 1465 5176 refulget
1513 5108 1704 5178 lucifer
1749 5115 1803 5163 et
1835 5108 1946 5177 ipse
1973 5105 2080 5160 de-

493 5185 782 5305 promptus
826 5185 907 5232 est
950 5192 1018 5258 ex
1059 5176 1305 5248 hymno:
1354 5179 1584 5232 xEterna
1617 5176 1744 5258 Leo-eli
1774 5176 1975 5257 gloria.
2009 5206 2080 5217 —

535 5292 548 5305 .
594 5250 766 5305 Cass..
821 5255 1158 5302 concinentes.
1195 5277 1256 5286 —
1287 5247 1339 5301 5.
1369 5249 1487 5302 Non
1517 5249 1787 5304 ObllVlOlll
1835 5246 2077 5302 dandum

535 5292 548 5305 .
594 5246 766 5316 Cass.,
821 5246 1158 5302 concinentes.
1195 5277 1256 5286 —
1287 5247 1339 5301 5.
1369 5249 1487 5302 Non
1517 5246 1792 5304 oblivioni
1835 5246 2077 5302 dandum

497 5328 579 5374 est
609 5319 841 5390 Wimpf.
891 5318 1192 5390 ingenium,
1253 5318 1409 5371 lectus
1464 5319 1658 5390 dicitur
1705 5319 1772 5372 ab
1817 5318 1986 5390 electis
2031 5325 2079 5372 et

491 5389 823 5444 mollioribus
852 5389 1021 5443 herbis
1051 5404 1218 5458 superi
1245 5404 1376 5456 quas
1411 5389 1621 5458 antiqui
1671 5389 2075 5458 requiescebant.

495 5487 566 5507 -μ
605 5461 642 5516 8
687 5461 860 5528 Cass.,
909 5456 1313 5525 adte;’Fabr.,
1363 5456 1608 5514 medelas.
1656 5456 1857 5515 -’10.
1903 5457 2075 5526 Cass.,

497 5529 870 5598 delinquimus.

532 5668 543 5680 '
569 5597 801 5680 VIII._—
820 5599 1172 5680 Tho'masiu‘s:
1206 5598 1261 5654 S.
1282 5597 1568 5680 :Ambrosii
1597 5613 1802 5680 cuius:
1828 5601 1924 5680 Rg.
1949 5603 2078 5680 S_u_e-

494 5669 594 5748 uite
623 5675 676 5748 et
707 5669 865 5748 Brev.
901 5669 1240 5748 Moaarabum
1275 5670 1374 5748 fe_r.
1399 5685 1464 5748 χι
1496 5678 1625 5748 posr
1647 5669 1920 5748 DQIninic.
1963 5673 1987 5726 1
2020 5673 2076 5727 in

493 5737 938 5808 Quadragesima.
982 5740 1209 5808 Accedit
1239 5738 1360 5808 cod.
1394 5738 1459 5795 Ο.
1492 5737 1649 5808 5—}.
1682 5741 1769 5808 0.,
1806 5744 1971 5797 salus.
2010 5771 2079 5783 —

493 5807 551 5878 θ.
574 5809 666 5880 0.,
689 5805 916 5880 perpete.
947 5835 1016 5848 —
1041 5808 1098 5865 ὅ.
1121 5806 1216 5876 Ο..
1240 5805 1404 5870 0⁸4⁸1.
1427 5830 1502 5848 ι-
1528 5805 1618 5886 13,
1644 5809 1732 5880 16,
1755 5805 1852 5868 ⁷17.
1878 5812 2074 5874 Thom.

2264 4405 2364 4460 IX.
2388 4435 2464 4476 ί-
2493 4402 2711 4476 Reperit
2753 4403 3081 4476 Thomasius
3123 4403 3390 4474 hymnum
3435 4402 3493 4456 in
3530 4419 3634 4458 ms.
3671 4417 3779 4458 ve-

2191 4475 2494 4530 tustissimo
2540 4474 2737 4546 reginae
2777 4475 3021 4546 Suecize,
3045 4474 3515 4546 Commemoratur
3535 4483 3785 4546 praeter—

2189 4560 2252 4600 ea
2282 4546 2338 4600 in
2387 4547 2570 4617 regula
2591 4543 2892 4617 Aureliani
2939 4543 3177 4617 episcopi
3229 4559 3412 4617 neque
3429 4543 3780 4617 desideratur

2190 4617 2332 4687 apud
2371 4614 2754 4687 Cassandrum.
2789 4614 3022 4670 Notatur
3049 4615 3212 4687 etiam
3241 4615 3297 4668 in
3328 4614 3596 4687 Ellingeri
3635 4614 3779 4687 libro

2189 4684 2371 4754 tertio,
2405 4687 2557 4750 XXI,
2583 4686 2803 4742 nomine
2833 4687 3082 4756 Hymnus
3105 4684 3172 4740 ad
3199 4687 3426 4756 Sextam
3449 4684 3506 4738 in
3536 4684 3783 4750 Quadra-

2189 4758 2411 4826 gesima.
2438 4787 2502 4798 -
2525 4760 2576 4812 3.
2603 4757 2797 4811 Thom.
2826 4755 3038 4825 (aquati.
3059 4786 3130 4796 —-
3155 4755 3238 4810 l5.
3258 4755 3530 4826 Quoniam
3553 4757 3777 4822 signum

2188 4824 2475 4883 novissimi
2511 4828 2775 4898 temporis
2811 4824 2916 4882 erit
2944 4826 3252 4898 obscuratio
3288 4824 3442 4898 solis.
3472 4855 3547 4898 :-
3579 4826 3780 4898 [If-29.

2186 4899 2395 4954 Desunt
2415 4899 2472 4952 in
2494 4895 2794 4954 Cassandro
2815 4906 2868 4952 et
2885 4897 3148 4962 Ellingeri
3175 4895 3348 4949 libris.
3371 4925 3442 4936 —
3464 4896 3548 4950 18.
3577 4895 3777 4952 Thom.

2187 4969 2479 5022 Abraham.
2511 4999 2582 5009 —
2613 4970 2695 5024 19.
2750 4968 2944 5022 Thom.
2999 4969 3094 5034 aL,
3130 4966 3407 5035 repet-itus.
3440 4994 3510 5004 —
3550 4966 3640 5028 19,
3687 4967 3773 5021 20.

2187 5039 2469 5094 Pelbartus
2514 5040 2762 5094 Pomoer.
2813 5039 2984 5093 Serm.
3017 5037 3084 5091 de
3135 5037 3331 5091 Trinit.
3365 5051 3440 5090 ir:
3507 5057 3525 5080 ε
3584 5035 3773 5091 Tertio

2187 5110 2276 5164 lcx
2311 5110 2541 5164 Mosaica
2577 5109 2816 5164 ostendit
2845 5107 3168 5162 Trinitatem
3217 5107 3509 5160 revelatam
3542 5107 3773 5174 patriar-
3871 5119 3878 5126 '

2185 5179 2306 5251 aliis
2352 5181 2645 5251 multiplici
2699 5178 3132 5250 prwsignatioue.
3183 5178 3373 5251 Primo
3411 5176 3572 5251 Alme
3624 5176 3770 5247 quod

2187 5249 2304 5303 vidi
2333 5259 2440 5305 tres
2471 5246 2774 5321 angelos—in
2808 5246 3054 5321 persona
3081 5248 3320 5321 Domini
3343 5246 3771 5321 descendemus:

2187 5328 2298 5374 tres
2345 5321 2484 5374 vidit
2513 5318 2567 5376 et
2611 5338 2780 5376 unum
2810 5318 3104 5374 'adoravit.
3135 5319 3269 5372 Item
3301 5319 3448 5372 Isaac
3485 5326 3566 5371 tcr
3606 5318 3772 5372 Jacob

2187 5390 2490 5459 benedixit,
2548 5392 2716 5447 Jacob
2768 5390 2910 5444 vidit
2964 5391 3160 5444 scalam
3235 5388 3401 5443 trium
3477 5387 3766 5459 gratluiun,

2188 5469 2292 5516 etc.
2323 5485 2342 5508 ι
2387 5457 2582 5517 -⁷26.
2633 5463 2868 5517 'I‘hom.:
2915 5485 2934 5508 κ
2975 5461 3104 5516 Erat
3135 5459 3242 5512 alia
3281 5475 3450 5512 manu
3476 5458 3533 5511 in
3559 5457 3770 5527 codice,

2187 5531 2344 5604 cujus
2375 5533 2582 5604 priores
2607 5534 2803 5588 litterae
2827 5531 3238 5604 obsoleverani,
3255 5527 3530 5584 indicatus
3550 5528 3771 5604 Paulus,

2188 5600 2392 5674 dequo
2421 5603 2513 5658 hic
2548 5611 2629 5658 est
2658 5619 2857 5658 sermo.
2893 5627 2912 5650 ι
2951 5631 3022 5642 -
3062 5601 3146 5656 17.
3179 5600 3306 5674 'i‘h.,
3349 5608 3548 5674 et_nos:
3587 5629 3659 5639 —
3686 5602 3772 5667 2t,

2188 5672 2276 5728 22.
2300 5670 2503 5740 'Cass.,
2546 5691 2708 5728 unum
2756 5689 2996 5742 rogemus
3033 5689 3147 5726 cum
3175 5671 3356 5738 Patre,
3387 5670 3673 5742 Dominum
3704 5688 3774 5742 re-

2186 5760 2419 5876 ξῖἑιιιὲἕο
2441 5746 2663 5804 Filium.
2700 5773 2772 5787 -
2807 5741 2896 5800 26.
2945 5742 3118 5813 Cass.,
3168 5747 3399 5824 peracto.
3429 5771 3501 5783 —
3537 5741 3628 5798 27.
3671 5741 3770 5820 Id.,

2191 5829 2287 5870 suo
2315 5829 2439 5872 ιδιο.
