3940 6366
172 435 193 489 1
206 433 314 490 225

166 534 364 635 Preces
393 565 669 635 gementes
698 552 1004 635 fundimus,

169 632 236 687 Di
247 627 417 687 mitte
433 627 582 703 quod
609 627 981 700 peccavimus.

167 718 398 787 Praesta,
429 717 589 773 Pater
616 714 881 788 piissime,
912 721 1017 769 etc.

300 838 559 909 Ejusdem
590 837 768 907 hymni
796 837 911 892 alia
942 835 1105 891 lectio.

440 927 552 999 (Ex
580 926 742 981 Brev.
773 924 960 996 Rom.)

167 1028 372 1084 Rerum
405 1025 630 1083 Creator
650 1024 878 1097 optime,

164 1100 472 1171 Rectorque
501 1096 704 1171 noster,
744 1096 957 1168 aspice;

163 1171 276 1227 Nos
305 1186 337 1225 a
362 1167 544 1242 quiete
573 1167 742 1242 noxia

162 1239 596 1312 Mersossopore
625 1239 817 1295 libera.

162 1331 262 1409 '_l‘e,
292 1336 475 1386 sancte
494 1326 741 1409 _Cbriste,
769 1325 1067 1409 poscimus,

163 1398 389 1474 Ignosce
403 1399 602 1474 _cu1p_is
630 1398 890 1474 omnibus
914 1416 927 1465 ;

163 1470 254 1529 A'd
282 1470 657 1542 conﬁtendum
688 1470 964 1542 surgimus

161 1545 451 1617 Morasque
477 1540 656 1599 noctis
684 1540 1011 1613 rumpimus.

162 1632 376 1689 Mentes
411 1646 713 1703 manusque
742 1629 1011 1703 tollimus,

162 1702 436 1775 Propheta
465 1702 608 1775 sicut
625 1701 890 1775 noctibus

162 1772 333 1832 Nobis
353 1773 649 1845 gerendum
672 1772 937 1845 praecipit,

164 1844 474 1919 Paulusque
504 1845 668 1917 gestis
697 1844 936 1899 censuit.

163 1934 336 1992 Vides
361 1935 567 1989 malum
597 1931 743 2006 quod
761 1931 1025 2006 fecimus,

162 2006 395 2063 Occulta
422 2002 951 2076 nostra—pandimus,

160 2078 355 2135 Preces
386 2073 661 2149 gementes
691 2073 994 2149 fundimus,

161 2145 410 2206 Dimitte'
425 2148 575 2221 quod
602 2145 971 2219 peccavimus.

159 2239 384 2308 Praesta,
419 2237 579 2294 Pater
604 2234 872 2310 piissime,
905 2241 1009 2292 etc.

588 2355 797 2414 XXVI.

340 2447 582 2518 Hymnus
603 2448 676 2503 ad
704 2450 1047 2507 Matutinum.

162 2542 289 2618 Nox
317 2552 448 2618 atra_
462 2561 645 2600 rerum
680 2546 921 2618 contegit

162 2617 344 2672 Terras
366 2616 579 2672 colores
599 2616 870 2683 omnium,

162 2688 273 2745 Nos
298 2686 631 2759 conﬁtentes
659 2688 939 2759 poscimus

163 2759 259 2827 Te,
288 2757 438 2830 juste
462 2756 637 2828 judex
661 2756 943 2826 cordium,

172 2845 247 2902 Ut
276 2843 493 2916 auferas
522 2845 737 2916 piacula
1197 2842 1232 2898 5

173 2914 482 2987 Sordesque
498 2914 709 2987 mentis
737 2918 945 2986 abluas,

172 2985 689 3069 DonesqueChristi
712 2985 941 3069 gratiam

174 3060 248 3115 Ut
270 3064 560 3114 arceantur
586 3060 839 3116 crimina.

172 3146 328 3219 Mens
349 3162 472 3219 ecce
499 3153 679 3219 torpet
704 3146 876 3219 impia

170 3217 345 3290 Quam
375 3218 538 3290 culpa
566 3217 1003 3288 mordetnoxia,
1164 3219 1230 3277 10

174 3288 418 3361 Obscura
444 3288 604 3361 gestit
633 3291 847 3358 tollere,

172 3360 244 3416 Et
272 3370 344 3429 te,
386 3360 737 3433 Redemptor,
769 3378 1031 3435 queerere.

171 3449 392 3521 Repelle
421 3456 485 3504 tu
521 3449 812 3521 caliginem

169 3520 506 3593 Intrinsecus
536 3520 698 3593 quam
731 3521 991 3589 maxime,

170 3591 242 3647 Ut
271 3590 329 3646 in
359 3591 518 3648 beato
548 3590 779 3651 iraudeat
1165 3595 1232 3651 l5

169 3661 240 3719 Se
269 3663 528 3720 collocari
553 3661 789 3721 lumine.
1006 3701 1010 3705 -

578 3775 813 3834 XXVII.

407 3865 647 3937 Hymnus
673 3868 746 3921 ad
773 3866 999 3922 Laudes.

470 3955 582 4026 (Ex
611 3955 763 4012 Libr.
794 3955 933 4027 vet.)

163 4047 395 4103 ZEterna
428 4048 552 4103 coeli
583 4049 777 4119 gloria,

163 4119 332 4190 Beata
347 4134 484 4190 spes
519 4120 862 4190 mortalium,

163 4188 312 4246 Celsi
344 4188 609 4246 Tonantis
637 4191 801 4247 unice

163 4260 451 4333 Castaeque
481 4263 662 4332 proles
692 4263 963 4334 Virginis.

1195 1324 1230 1381 5

1206 390 1221 405 ’
1259 423 1482 480 HYMNI
1520 423 1575 478 s.
1617 420 1970 478 AMBROSIO
2012 418 2407 476 uramur].

1169 551 1236 607 i5
1291 551 1371 606 Da
1399 548 1678 605 dexteram
1708 545 2077 618 surgentibus,

1289 622 1564 692 Exsurgat
1592 627 1645 675 et
1676 617 1829 692 mens
1857 617 2040 692 sobria

1290 688 1657 763 Flagransque
1689 690 1745 763 in
1778 689 1994 763 laudem
2024 688 2122 743 Dei

1288 761 1482 820 Grates
1509 761 1770 833 rependat
1800 761 2033 816 debitas.

1287 854 1452 909 Ortus
1478 851 1709 922 refulget
1732 849 1952 905 Lucifer

1285 920 1647 1003 §parsamque
1683 924 1859 1003 lucem
1891 920 2141 987 nuntiat;

1286 996 1445 1069 Qadit
1473 995 1649 1057 caligo
1680 995 1927 1069 noctium
1951 1059 1961 1069 ι

1285 1067 1407 1122 Lux
1436 1072 1623 1122 sancta
1651 1081 1752 1119 nos
1783 1063 2082 1117 illuminet.

1283 1157 1615 1228 Mauensque
1644 1153 1849 1228 nostris
1880 1150 2132 1228 sensibus

1282 1228 1509 1283 Noctem
1527 1223 1766 1291 'repellat
1795 1223 2005 1291 saeculi,

1284 1299 1556 1372 Omnique
1587 1296 1696 1353 ﬁne
1725 1296 1834 1351 diei

1283 1371 1516 1442 Purgata
1543 1375 1721 1426 servet
1748 1375 1986 1440 pectora.

1282 1461 1522 1528 Quzesita
1542 1460 1656 1533 jam
1687 1460 1926 1533 primum
1958 1455 2092 1513 ﬁdes

1285 1534 1510 1590 Radicet
1537 1531 1664 1588 altis
1689 1531 1974 1597 sensibus;

1283 1604 1532 1661 Secunda
1557 1620 1677 1676 spes
1707 1602 2044 1676 congaudeat

1159 1695 1226 1753 ιο
1282 1676 1402 1744 Quo
1432 1674 1607 1747 major
1636 1674 2096 1731 exstat’charitas.

1277 1770 1389 1825 Deo
1418 1767 1566 1823 Patri
1592 1766 1666 1822 sit
1697 1764 1888 1839 gloria,
1920 1772 2026 1820 etc.

1409 1883 1662 1953 Ejusdem
1692 1881 1873 1952 hymni
1898 1881 2013 1936 alia
2044 1878 2209 1936 lectio.

1542 1974 1653 2046 (Ex
1680 1974 1842 2029 Brev.
1876 1971 2061 2042 Rom.)

1158 2071 1225 2128 i5
1278 2073 1504 2129 jEterna
1530 2073 1654 2130 coeli
1682 2072 1872 2145 gloria,

1277 2146 1443 2201 Beata
1470 2160 1593 2217 spes
1622 2145 1961 2212 mortalium,

1280 2216 1783 2273 Summi’Tonantis
1807 2216 1970 2273 unice

1282 2286 1561 2361 Castaeque
1582 2288 1761 2360 proles
1782 2287 2049 2358 Virginis,

1280 2379 1361 2433 Da
1388 2378 1670 2433 dexteram
1691 2376 2062 2447 surgentibus,
2308 2375 2343 2430 5

1282 2448 1557 2521 Exsurgat
1585 2457 1648 2504 ut
1663 2464 1834 2521 mens
1847 2447 2047 2521 sobria

1284 2518 1543 2593 [flagrans
1572 2527 1627 2575 et
1659 2518 1716 2593 in
1738 2518 1957 2593 laudem
1978 2518 2076 2575 Dei

1284 2589 1475 2648 Grates
1503 2590 1765 2663 rependat
1786 2589 2018 2646 debitas.

1285 2680 1450 2738 Ortus
1483 2680 1715 2751 refulget
1745 2678 1966 2735 Lucifer

1283 2752 1556 2825 Praeitque
1584 2750 1756 2825 solem
1793 2750 2042 2825 nuntius,

1285 2820 1502 2881 Cadunt
1532 2823 1769 2879 tenebrae
1798 2820 2065 2889 noctium,

1285 2894 1407 2951 Lux
1429 2903 1615 2951 sancta
1636 2911 1736 2949 nos
1758 2892 2056 2948 illuminet.

1284 2985 1614 3059 Manensque
1646 2980 1849 3059 nostris
1878 2980 2130 3059 sensibus

1282 3057 1507 3115 Noctem
1525 3055 1765 3122 repellat
1793 3055 1999 3122 saeculi,
2072 3074 2083 3083 '

1285 3128 1557 3202 Omnique
1587 3128 1695 3185 ﬁne
1725 3128 1987 3200 temporis

1281 3199 1517 3273 Purgata
1545 3208 1725 3273 servet
1742 3199 1981 3273 pectora.

1282 3269 1523 3340 Quaisita
1545 3271 1659 3344 jam
1690 3269 1929 3344 primum
1969 3269 2104 3327 ﬁdes

1283 3363 1346 3419 In
1375 3361 1539 3418 corde
1576 3360 1786 3417 radices
1814 3370 1956 3432 agat,

1284 3433 1535 3490 Secunda
1564 3449 1685 3504 spes
1715 3432 2056 3504 congaudeat

1283 3505 1402 3572 Qua
1431 3504 1605 3575 major
1633 3512 1813 3560 exstat
1845 3504 2103 3564 charitas.

1283 3578 1398 3632 Deo
1436 3575 1585 3631 Patri
1622 3576 1695 3633 sit
1734 3575 1927 3646 gloria,
1954 3585 2058 3633 etc.

1690 3683 1947 3741 XXVIII.

1521 3776 1760 3846 Hymnus
1789 3774 1860 3828 ad
1888 3775 2115 3832 Laudes.

1573 3867 1685 3937 (Ex
1722 3865 1873 3923 Libr.
1913 3866 2052 3937 vet.)

1284 3956 1501 4011 Aurora
1514 3953 1637 4027 jam
1649 4025 1657 4027 _
1669 3954 1876 4027 spargit
1902 3954 2031 4027 polu
2040 3970 2089 4008 m
2099 3996 2115 4023 ,

1284 4027 1470 4083 Terris
1498 4025 1615 4082 dies
1645 4025 1915 4094 illabitur,

1284 4099 1450 4155 Lucis
1478 4098 1709 4153 resultat
1741 4097 2037 4168 spiculum,

1286 4169 1544 4226 Discedat
1573 4184 1735 4224 omne
1756 4168 2061 4224 lubricum.

1285 4261 1619 4317 Pbantasma
1645 4259 1823 4316 noctis
1852 4258 2089 4328 decidat,

3327 411 3465 470 1226

2314 543 2350 598 5
2404 540 2605 597 Mentis
2633 547 2813 596 reatus
2832 540 3060 596 subruat
3087 557 3101 605 ;

2405 611 2685 684 Quidquid
2705 610 2948 684 tenebris
2976 608 3264 684 horridum

2404 685 2528 739 Nox
2556 681 2743 739 attulit
2772 684 2967 753 culpa,
3001 681 3178 738 cadat.

2406 773 2476 828 Ut
2505 787 2662 827 mane
2692 770 2832 825 illud
2862 770 3143 839 ultimum,

2406 842 2561 910 Quod
2592 843 2969 913 praestolamus
2995 841 3208 909 cernui,
3400 841 3464 896 10

2280 916 2346 973 10
2405 915 2467 970 In
2500 912 2675 969 lucem
2706 912 2866 967 nobis
2889 912 3076 966 eﬂluat

2405 988 2549 1041 Dum
2577 985 2682 1040 hoc
2709 998 2906 1039 canore
2937 990 3249 1054 concrepat.

2405 1079 2518 1134 Deo
2545 1076 2692 1132 Patri
2721 1076 2794 1131 sit
2823 1074 3015 1147 gloria,
3046 1082 3153 1130 etc.

2512 1193 2770 1264 Ejusdem
2816 1191 2995 1262 hymni
3034 1190 3145 1246 alia
3190 1190 3355 1245 lectio.

2279 1290 2346 1348 15
2669 1283 2780 1355 (Ex
2824 1282 2985 1337 Brev.
3029 1280 3216 1351 Rom.)

2403 1383 2621 1440 Aurora
2641 1381 2991 1454 jamrspargit
3018 1383 3208 1454 polum

2404 1454 2586 1509 Terris
2614 1454 2729 1509 dies
2760 1453 3031 1520 illabitur,

2405 1526 2567 1581 Lucis
2590 1526 2817 1579 resultat
2836 1526 3139 1596 spiculum,

2403 1597 2657 1653 Discedat
2686 1611 2847 1650 omne
2879 1596 3177 1653 lubricum.

2271 1666 2340 1723 20
2400 1685 2730 1740 Phantasma
2757 1684 2936 1739 noctis
2964 1686 3180 1740 exsulet
3435 1687 3470 1741 5

2397 1756 2595 1812 Mentis
2626 1764 2806 1811 reatus
2833 1764 3052 1811 corruat
3073 1775 3085 1823 ;

2397 1827 2677 1900 Quidquid
2702 1826 2954 1900 tenebris
2982 1826 3273 1900 horridum

2394 1899 2525 1956 Mox
2556 1897 2739 1955 attulit
2768 1898 2964 1969 culpae,
2993 1897 3171 1954 cadat.

2392 1991 2464 2047 Ut
2492 2005 2670 2062 mane,
2702 1988 2850 2062 quod
2881 2005 2981 2044 nos
3011 1989 3276 2062 ultimum

2395 2062 2499 2118 Hic
2525 2060 2885 2133 deprecamur
2909 2060 3123 2133 cernui,
3397 2062 3467 2117 10

2396 2133 2533 2191 Cum
2567 2131 2687 2189 luce
2716 2131 2876 2187 nobis
2905 2131 3090 2186 eﬁluat

2398 2204 2515 2261 Hoc
2543 2203 2685 2276 dum,
2705 2219 2903 2276 canore
2933 2211 3248 2276 concrepat.

2310 2347 2315 2351 ι
2397 2277 2514 2332 Deo
2542 2275 2690 2330 Patri
2718 2275 2790 2330 sit
2811 2274 3006 2345 gloria,
3036 2281 3140 2331 etc.

2835 2389 3045 2445 XXIX.

2614 2482 2853 2551 Hymnus
2872 2482 2944 2535 ad
2971 2479 3235 2535 Primam.

2401 2569 2519 2626 Jam
2550 2570 2690 2625 lucis
2718 2576 2838 2624 orto
2872 2568 3049 2625 sidere

2401 2643 2574 2723 Deum
2603 2639 3222 2723 precemursupplices,

2277 2748 2344 2806 ιο
2399 2711 3046 2806 Ηὲ,ί¹3-(ἓῗ.ιὲἷίῖί⁸..ἓίέῗίξ³ἔξὲ

2398 2784 2509 2839 Nos
2531 2790 2711 2839 servet
2737 2799 2767 2838 a
2794 2782 3141 2839 nocentibus.

2400 2871 2665 2944 Linguam
2697 2871 2977 2927 refrenans
3005 2879 3270 2944 temperet

2397 2943 2476 2998 Ne
2503 2943 2617 2999 litis
2644 2943 2838 2998 horror
2868 2944 3107 3010 insonet,

2399 3014 2595 3069 Visum
2625 3014 2865 3069 fovendo
2894 3023 3146 3085 contegat

2276 3126 2344 3183 15
2397 3086 2476 3141 Ne
2496 3085 2766 3141 vanitates
2786 3085 3025 3146 hauriat.

2400 3176 2523 3233 Sint
2552 3192 2689 3248 pura
2717 3176 2901 3233 cordis
2932 3177 3151 3245 intima,

2399 3248 2645 3304 Absistat
2672 3255 2726 3303 et
2757 3248 3034 3313 vecordia,
3396 3247 3466 3303 10

2401 3318 2594 3376 Carnis
2623 3326 2759 3390 terat
2788 3320 3100 3390 superbiam

2401 3390 2569 3446 Potus
2596 3388 2816 3461 cibique
2846 3388 3100 3461 parcitas.

2277 3503 2345 3560 20
2402 3480 2473 3560 _Ut
2502 3496 2628 3560 cum
2655 3478 2771 3535 dies
2801 3479 3122 3560 abscesserit

2401 3552 2736 3624 Noctemque
2766 3568 2884 3624 sors
2909 3551 3213 3620 reduxerit,

2402 3622 2595 3679 Mundi
2624 3622 2721 3695 per
2739 3622 3129 3695 abstinentiam
3403 3623 3470 3678 15

2402 3694 2513 3767 Ipsi
2538 3694 2797 3751 canamus
2836 3694 3092 3766 gloriam.

2402 3786 2517 3841 Deo
2546 3783 2690 3841 Patri
2721 3784 2793 3840 sit
2821 3784 3016 3855 gloria,
3046 3792 3154 3843 etc.

3423 2873 3456 2927 ὅ

2509 3944 2747 4014 Hymnus
3192 3960 3365 4016 opere.

2701 4032 2813 4103 (Ex
2843 4031 2995 4088 Libr.
3027 4033 3170 4106 vet.)

2406 4121 2570 4177 Lucis
2605 4130 2818 4177 creator
2845 4121 3071 4193 optime,

2406 4193 2608 4248 Lucem
2640 4193 2854 4248 dierum
2882 4192 3186 4264 proferens,

2316 4262 2350 4318 5
2408 4264 2736 4319 Primordiis
2766 4262 2905 4319 lucis
2947 4280 3106 4319 novas

237 4401 444 4479 XXVI.
474 4432 546 4443 —
574 4401 826 4479 C_arrnen,
856 4403 912 4458 in
934 4419 1043 4475 quo
1068 4403 1189 4479 nhil
1221 4405 1770 4479 mutarunt_Brevia-
1796 4404 1846 4463 Α
1890 4426 1909 4450 ι
1948 4402 2261 4479 Amalarius
2285 4404 2451 4479 refert
2480 4407 2719 4479 Primam
2742 4407 3111 4479 incipiendam
3133 4423 3247 4463 esse
3275 4408 3343 4465 ab
3372 4410 3470 4465 illa

162 4474 249 4530 ria
290 4474 547 4549 Romana
589 4473 1225 4549 _Ecclesiaure—centiora,
1255 4476 1461 4549 ubique
1500 4476 1767 4549 decanta-

160 4553 258 4602 tur
314 4544 449 4616 feria
508 4545 702 4616 quinta
747 4545 815 4601 ad
870 4546 1233 4603 Nocturnum.
1287 4544 1460 4603 —'2.
1509 4547 1761 4604 Clicht.:

161 4615 432 4687 Nonnulli
466 4615 655 4687 legunt
682 4618 881 4672 calores
913 4636 932 4683 ;
975 4618 1053 4674 ita
1092 4619 1203 4674 Ilil.
1236 4617 1289 4675 3.
1321 4650 1392 4660 —
1419 4620 1557 4674 Male
1588 4617 1761 4686 Cass.,

161 4686 495 4758 conﬁdentes.
525 4686 595 4728 i—
622 4687 676 4743 5.
714 4689 975 4761 Wimpf.,
1009 4697 1062 4745 tu
1091 4689 1335 4761 auferas.
1367 4720 1438 4731 —
1468 4690 1522 4746 8.
1565 4689 1671 4758 Id.,
1708 4696 1765 4743 ut

163 4775 320 4814 arcea
330 4775 461 4813 mus.

236 4829 468 4904 XXVII.
501 4861 591 4904 -ί
620 4831 876 4904 Hymnus
905 4832 1176 4904 ascriptus
1202 4840 1285 4889 est
1312 4833 1559 4889 omnium
1593 4832 1763 4904 libro-

163 4916 291 4974 rum
313 4901 635 4958 testimonio
666 4901 814 4974 feriae
837 4912 1003 4959 sextze
1025 4901 1092 4959 ad
1116 4904 1421 4960 Laudes.—
1441 4903 1762 4974 3.Wimpf.,

162 4971 471 5056 (πρωϊ-’7.
504 4974 618 5042 Fr.,
649 4973 1033 5056 ﬂagransque;
1068 4974 1270 5056 Clicht.
1303 4976 1397 5043 al.,
1434 4975 1606 5056 laude.
1628 4971 1762 5056 Ipse

162 5044 254 5099 vir
296 5042 491 5126 doctus
529 5042 762 5117 propter
782 5042 1035 5127 metricas
1062 5048 1304 5102 rationes
1312 5046 1590 5173 (proponit
1618 5042 1762 5102 Fla-

164 5131 327 5173 m'ans
370 5121 417 5170 et
461 5133 516 5170 ιη
562 5117 768 5172 laudem
812 5117 929 5173 Πει.
958 5117 1104 5173 quod
1133 5117 1278 5173 haud
1352 5134 1434 5173 rso
1462 5124 1600 5173 Icuit
1626 5134 1760 5173 cor-

162 5131 327 5187 grans
354 5121 417 5187 iet
461 5117 516 5170 in
562 5117 768 5172 laudem
812 5117 929 5185 Dei,
958 5117 1104 5187 quod
1133 5117 1278 5173 haud
1312 5117 1600 5187 displicuit
1626 5134 1760 5173 cor-

164 5134 327 5187 grans
370 5134 417 5170 et
461 5134 516 5170 in
562 5134 768 5172 tauaem
812 5134 929 5185 uec,
997 5134 1104 5173 uoa
1133 5134 1278 5173 nauu
1312 5134 1397 5173 ωε
1440 5134 1600 5173 ncuit
1626 5134 1756 5173 cor-

164 5185 490 5243 rectoribus.
520 5218 592 5228 —
615 5188 669 5244 9.
703 5188 907 5245 Clicht.
938 5134 1035 5256 a1,
1066 5195 1263 5253 natus;
1302 5188 1381 5244 ita
1402 5134 1538 5244 Beb.
1570 5220 1640 5229 —
1670 5189 1756 5245 15.

165 5257 298 5314 Fab.
317 5273 380 5312 ea
407 5274 514 5316 qua
544 5260 682 5315 solet
710 5259 936 5315 audacia
960 5260 1197 5315 mutavit
1226 5260 1330 5313 diei
1357 5260 1416 5315 in
1447 5266 1756 5316 temnorum.

165 5274 298 5314 r'an.
317 5274 380 5312 ea
443 5274 514 5314 ua
544 5274 682 5315 sotet
710 5274 936 5315 audacia
960 5274 1197 5315 mutant
1226 5274 1330 5313 acet
1357 5277 1416 5315 in
1447 5274 1543 5315 tem
1581 5278 1756 5316 orum.

163 5359 247 5409 τ’
731 5331 1155 5409 nostris_;_I_I_il.,
1212 5331 1351 5387 imis.
1412 5277 1624 5409 -έ10,
1680 5332 1760 5409 Ita

165 5398 393 5527 Chlich
426 5400 562 5470 Hil.,
578 5398 702 5471 Fr.,
723 5403 865 5475 Aug.
888 5402 1046 5458 Multi
1066 5398 1251 5475 legunt
1271 5420 1377 5474 qua
1396 5400 1573 5472 major
1588 5408 1761 5458 exstat

165 5488 188 5526 c
224 5488 314 5525 ari
372 5489 415 5527 s.

162 5477 415 5527 charitas.

236 5541 494 5614 XXVIII.
525 5573 596 5584 —
623 5544 723 5599 Est
751 5544 994 5601 Laudum
1047 5544 1104 5600 in
1147 5544 1401 5601 Sabbato.
1433 5576 1505 5587 —
1534 5546 1587 5602 3.
1619 5546 1755 5614 Hil.,

161 5612 424 5698 W‘ignp't},
455 5616 740 5698 speculum.
773 5648 844 5658 —
876 5617 961 5673 10.
983 5616 1118 5698 Hil.,
1146 5618 1539 5698 prastolamus.

235 5684 447 5759 XXIX.
477 5684 549 5727 ῖ-
584 5688 881 5743 Auctorem
932 5684 1193 5744 carminis
1243 5687 1507 5759 cogitasse
1552 5687 1620 5744 de
1666 5686 1756 5759 die

156 5755 374 5832 jejunio
403 5773 710 5832 nemonon
749 5760 1028 5832 perspicit.
1054 5759 1172 5832 _Sed
1204 5776 1273 5815 ex
1302 5755 1528 5832 antiquo
1555 5758 1758 5832 Eccle-

162 5828 259 5902 siae
303 5843 410 5884 usu
439 5828 687 5902 quotidie
715 5828 977 5902 recitatur
1005 5830 1073 5887 ad
1100 5832 1363 5901 Primam,
1394 5828 1497 5887 nec
1533 5830 1634 5902 alii,
1658 5847 1758 5886 ce—

164 5899 248 5974 pit
274 5915 372 5972 per
399 5899 579 5957 totum
604 5899 764 5957 annis
785 5902 1017 5974 patium.
1050 5899 1367 5961 Gav.Thes.
1398 5919 1486 5972 III,
1525 5919 1582 5976 p.
1614 5901 1713 5959 211
1743 5920 1754 5959 :

443 5998 685 6056 Puncta
723 5998 899 6058 XVII.

1876 4489 2080 4547 prece:
2117 4474 2271 4547 Deus
2306 4477 2363 4530 in
2412 4478 2746 4547 adjutorinm
2792 4474 2917 4533 cu'm
2953 4479 3141 4532 Gloria
3168 4479 3345 4546 Patri,
3375 4481 3468 4535 sed

1874 4545 2015 4619 nihil
2051 4545 2217 4619 habet
2244 4546 2311 4602 de
2342 4545 2575 4619 hymno,
2623 4549 2765 4619 Jamn
2793 4548 2921 4619 lucis
2974 4554 3110 4614 orto,
3165 4548 3294 4619 quia
3325 4545 3467 4606 nulli

1874 4615 2073 4697 bymni
2106 4616 2230 4697 ejus
2259 4615 2414 4697 aetate
2445 4620 2628 4697 Romae
2660 4617 3029 4697 recitabantur
3061 4615 3253 4697 (γης,
3284 4619 3469 4676 Bene—

1872 4687 2054 4761 dictus
2098 4687 2280 4761 tamen
2326 4690 2605 4761 Amalario
2656 4689 2955 4761 antiquior,
3010 4687 3399 4761 qui'_Primam
3436 4710 3468 4747 a

1873 4758 2127 4831 laudibus
2154 4758 2448 4829 distinguit
2494 4777 2613 4831 cap.
2645 4760 2708 4815 17
2739 4758 2849 4815 suae
2877 4758 3095 4829 regulae,
3130 4759 3278 4817 hunc
3304 4762 3465 4817 ordi-

1871 4845 1998 4904 nem
2028 4830 2085 4884 in
2115 4846 2178 4884 ea
2206 4832 2411 4904 servari
2444 4830 2792 4904 praescribit:
2829 4831 3027 4904 _Prima
3054 4831 3210 4898 liora,
3258 4832 3460 4904 inquit,

1870 4900 2127 4973 dicantur
2166 4900 2549 4973 psalmi‘tres
2581 4902 2901 4973 singulatim
2953 4909 3008 4956 et
3062 4919 3172 4957 non
3219 4900 3463 4959 sub-una

1872 4971 2077 5043 Gloria,
2111 4970 2351 5043 hymnus
2402 4972 2646 5042 ejusdem
2677 4970 2853 5027 'boraa
2906 4980 3027 5043 post
3072 4989 3290 5027 versum
3322 4974 3462 5028 Deus

1868 5042 1927 5095 in
1960 5041 2311 5115 adjuntorium,
2350 5041 2643 5115 antequam
2691 5041 3309 5115 Psalmitincipiantur.
3337 5069 3353 5091 ι
3401 5044 3461 5099 Id

1870 5129 1998 5185 sane
2018 5112 2287 5185 afﬁrmare
2310 5112 2551 5184 possum,
2573 5130 2659 5169 me
2683 5114 2901 5169 nullum
2931 5112 3234 5185 inspexisse
3257 5114 3458 5169 librum

1870 5183 2101 5255 nisiqui
2134 5183 2407 5255 hymnum
2436 5186 2560 5240 Jam
2589 5185 2721 5239 lucis
2750 5191 2865 5239 orto
2894 5183 3139 5255 posuerit
3159 5185 3223 5240 in.
3254 5186 3456 5241 Prima.

1868 5253 2287 5311 Nihil—mutavit
2318 5255 2482 5312 Brev.
2514 5257 2673 5313 Rom.
2715 5287 2786 5297 —
2814 5256 2866 5311 2.
2894 5253 3019 5323 Bd.,
3047 5272 3351 5326 precamur.
3388 5287 3460 5297 —

1867 5326 1921 5383 5.
1955 5327 2135 5395 Torr.,
2166 5326 2414 5396 refrenet.
2444 5359 2516 5368 —
2545 5327 2631 5384 14.
2655 5327 2833 5394 Torr.,
2852 5327 3048 5396 Gron.,
3075 5327 3172 5381 sol.

1938 5397 2121 5454 XXX.
2178 5429 2249 5439 —
2322 5400 2525 5455 Omnes
2579 5399 2844 5463 ecclesiae,
2901 5398 2998 5470 qui
3055 5407 3457 5455 consueverunt

1868 5475 2107 5550 hymnos
2138 5493 2331 5534 canere
2371 5478 2438 5534 ad
2470 5478 2735 5550 Vesperas
2767 5478 3076 5550 (nonnullae
3109 5473 3354 5550 ἄμουσοι,
3398 5486 3460 5533 ιιι

1866 5547 1944 5620 ita
1971 5549 2174 5620 dicam,
2214 5566 2437 5620 prorsus
2464 5547 2782 5617 omittunt),
2809 5548 2899 5620 die
2929 5547 3209 5620 dominica
3235 5560 3455 5607 cantau-

1866 5619 2000 5675 dum
2057 5619 2408 5677 denotarunt.
2466 5621 2604 5676 Usus
2667 5619 2963 5676 admodum
3023 5619 3319 5691 singularis
3375 5630 3457 5677 est

1865 5690 2027 5765 Brev.
2060 5693 2227 5764 Ang.,
2286 5709 2394 5765 quo
2440 5691 2499 5747 id
2544 5691 2814 5765 sancitum
2845 5699 2945 5765 est,
2992 5698 3053 5746 ut
3083 5690 3408 5765 recitaretur
3430 5709 3452 5765 ς

1864 5762 2022 5836 _Lueis
2053 5761 2283 5831 creator,
2301 5761 2485 5836 iusque
2506 5762 2588 5836 ad
2618 5761 2878 5836 kalendas
2906 5763 3162 5836 Augusti,
3195 5773 3380 5836 postea
3411 5763 3455 5817 0

1868 5780 2022 5818 Lucis
2053 5780 2283 5831 creator,
2314 5780 2378 5819 us
2418 5780 2485 5818 ne
2520 5780 2588 5819 aa
2618 5780 2878 5819 Kalendas
2906 5780 3015 5836 Αιιε

1868 5834 1964 5891 lux
1986 5835 2153 5891 beata.
2192 5865 2263 5877 —
2290 5780 2547 5892 10.qLud.
2574 5852 2589 5903 ;
2623 5835 2732 5904 A1,,
2763 5834 3015 5905 muneris.

3101 6002 3169 6060 39
