3940 6372
169 407 315 466 1229

166 532 409 604 Enpelle
436 537 655 604 noctem
684 529 958 604 cordium,

165 601 440 674 Absterge
468 601 657 658 sordes
684 602 984 674 mentium,

164 672 408 732 Resolve
436 674 613 745 culpae
640 672 949 745 vinculum,

168 747 379 803 Everte
408 744 582 801 moles
609 744 929 802 criminum.

168 836 401 901 Praesta,
430 834 592 890 Pater
624 833 889 907 piissime,
923 841 1029 891 etc.

579 941 842 998 XXXIV.

258 1034 497 1106 Hymnus
530 1033 593 1088 de
620 1050 773 1106 opere
802 1032 909 1087 diei
944 1030 1161 1104 quintee.

479 1125 591 1197 (Ex
620 1124 771 1180 Libr.
803 1122 946 1194 vet.)

162 1215 381 1296 biegnae
410 1214 558 1295 Deus
585 1213 865 1296 potentiae,

162 1285 293 1367 Qui
306 1301 376 1366 ex
402 1285 560 1367 aquis
576 1285 765 1367 ortum
797 1302 966 1367 genus

163 1356 379 1429 Partim
404 1356 643 1429 remittis
658 1356 884 1429 gurgiti,

162 1428 381 1484 Partim
412 1428 559 1484 levas
588 1428 645 1484 in
668 1428 821 1485 aera.

163 1518 423 1600 pimersa
450 1517 1054 1600 lymphisimprimens,
1213 1517 1250 1573 5

162 1589 448 1662 Subvecta
470 1589 623 1646 caelis
645 1589 894 1662 irrogans

168 1662 246 1733 Ut
270 1661 439 1733 stirpe
462 1677 572 1717 uua
593 1660 815 1733 prodita

163 1731 403 1789 Diversa
432 1731 648 1804 rapiant
678 1733 816 1789 loca.

164 1820 396 1895 Largire
425 1823 638 1895 cunctis
666 1821 922 1895 servulis,

161 1891 320 1966 Quos
347 1893 577 1966 mundat
613 1894 763 1951 unda
783 1891 1098 1966 sanguinis,

160 1965 391 2038 Nescire
423 1965 606 2038 lapsus
634 1965 930 2038 criminum

158 2036 282 2093 Nec
317 2037 459 2092 ferre
478 2036 682 2094 'mortis
708 2036 956 2093 taedium.

159 2125 242 2182 Ut
270 2125 434 2197 culpa
462 2126 678 2197 nullum
710 2125 1002 2197 deprimat,

154 2196 399 2269 Nullum
432 2198 576 2254 levet
603 2196 891 2269 jactantia,

156 2268 322 2324 Elisa
349 2284 504 2324 mens
529 2268 904 2336 ne’concidat,

158 2339 329 2395 Elata
355 2356 514 2396 mens
542 2356 612 2396 ne
652 2347 891 2397 corruat.

158 2429 394 2498 Praesta,
438 2430 597 2487 Pater
624 2429 896 2503 piissime,
928 2435 1033 2485 etc.

1181 599 1249 657 30

1180 1892 1245 1949 10

1175 2265 1243 2321 15

301 2546 559 2619 Ejusdem
586 2546 767 2618 hymni
793 2545 909 2602 alia
939 2544 1105 2601 lectio.

441 2637 552 2710 (Ex
588 2637 752 2693 Brev.
781 2635 966 2706 Rom.)

158 2733 374 2817 magna;
395 2735 548 2817 Deus
577 2732 857 2817 potentiae,

160 2804 282 2874 Qui
306 2804 476 2876 fertili
496 2804 657 2876 gnatos
682 2819 822 2876 aqua

159 2871 377 2949 Partim
407 2875 674 2949 relinquis
694 2871 919 2947 gurgiti,

160 2947 379 3005 Partim
411 2946 647 3002 levas'in
677 2946 824 3002 aera.

154 3040 425 3117 l_)e_mersa
462 3035 724 3117 lymphis.
745 3032 1089 3106 imprimens,
1202 3033 1238 3089 5

158 3110 442 3166 Subvecta
469 3106 622 3179 cmlis
650 3106 862 3179 erigens
888 3122 899 3159 :

159 3181 437 3251 Ut‘stirpe
466 3178 535 3235 ab
565 3195 677 3234 una
703 3177 919 3251 prodita

158 3251 396 3309 Diversa
433 3251 679 3323 repleant
702 3251 842 3308 loca.

164 3342 394 3416 Largire
415 3343 631 3416 cunctis
651 3339 907 3416 servulis,

156 3411 315 3482 Quos
342 3414 572 3470 mundat
600 3413 748 3469 unda
773 3411 1059 3485 sanguinis

153 3486 385 3559 Nescire
413 3487 597 3559 lapsus
625 3483 924 3559 criminum

153 3558 276 3615 Nec
305 3558 447 3614 ferre
468 3554 671 3614 mortis
698 3554 946 3623 taedium,

1170 3410 1235 3469 10

156 3649 237 3722 Ut
255 3649 416 3722 culpa
444 3649 662 3722 nullum
691 3646 983 3722 deprimat,

153 3717 389 3777 Nullum
410 3721 595 3775 efferat
616 3717 881 3790 jactantia
906 3736 918 3773 :

153 3792 318 3849 Elisa
345 3808 499 3848 mens
523 3807 592 3846 ne
618 3786 894 3857 concidat,
1166 3786 1233 3843 15

1238 402 1463 461 HYMNI
1500 403 1555 459 S.
1598 402 1952 461 AMBROSIO
2034 402 2437 464 ATTRIBUTI.

1306 528 1468 585 Elata
1494 545 1648 593 meus
1676 543 1746 585 ne
1773 536 2013 586 corruat.

1308 618 1530 689 Praesta,
1560 620 1718 676 Pater
1745 618 2013 691 piissime,
2042 625 2148 675 etc.

1726 749 1964 807 XXXV.

1413 843 1654 913 Hymnus
1682 842 1746 897 de
1780 858 1932 913 opere
1951 839 2059 897 diei
2090 845 2265 896 sexta.

1605 934 1716 1005 (Ex
1743 934 1895 990 Libr.
1946 932 2086 1005 vet.)

1307 1044 1610 1100 Plasmator
1638 1040 1884 1098 hominis
1911 1043 2076 1108 Deus,

1307 1115 1412 1183 Qui
1443 1121 1639 1171 cuncta
1666 1112 2107 1183 solusordinans

1308 1187 1550 1242 Humum
1574 1184 1734 1256 jubes
1762 1182 2062 1256 producere

1306 1257 1593 1330 Reptantis
1618 1264 1672 1312 et
1702 1257 1831 1311 fera:
1859 1271 2049 1327 genus.

1307 1347 1412 1421 Qui
1440 1364 1636 1421 magna
1661 1362 1844 1421 rerum
1871 1360 2120 1421 ccrpora,
2339 1341 2374 1399 5

1306 1419 1471 1491 Dictu
1495 1417 1742 1491 jubentis
1768 1417 1979 1491 vivida,

1307 1490 1378 1547 Ut
1407 1488 1651 1547 serviant
1679 1507 1775 1562 per
1803 1488 2052 1562 ordinem

1307 1562 1557 1619 Subdens
1583 1558 1783 1619 dedisti
1813 1558 2051 1616 homini.

1307 1653 1582 1734 Bepellea
1605 1653 1779 1734 servis
1798 1650 1910 1707 tuis

1305 1719 1602 1796 Quidquid
1615 1739 1710 1795 per
1728 1719 2141 1796 immunditiam

1304 1797 1418 1851 Aut
1446 1791 1692 1851 moribus
1731 1811 1787 1850 se
1816 1791 2056 1864 suggerit

1304 1868 1419 1923 Aut
1441 1866 1657 1923 actibus
1684 1883 1740 1922 se
1771 1864 2066 1921 interserit.

1299 1958 1380 2012 Da
1417 1956 1741 2028 gaudiorum
1774 1956 2016 2029 praemia,

1302 2029 1384 2084 Da
1414 2028 1709 2099 gratiarum
1746 2028 1977 2085 munera
1998 2046 2012 2096 ;

1300 2100 1551 2156 Dissolve
1580 2100 1697 2156 litis
1735 2100 1977 2168 vincula,

1301 2171 1557 2244 Astringe
1586 2171 1980 2244 pacisfoedera.

1300 2261 1523 2330 Praesta,
1556 2261 1715 2317 Pater
1742 2259 2009 2333 piissime,
2041 2267 2155 2317 etc.

2308 1716 2373 1772 10

2307 2098 2374 2157 15

1443 2380 1699 2452 Ejusdem
1729 2377 1908 2450 hymni
1928 2377 2041 2438 alia
2063 2376 2228 2434 lectio.

1570 2472 1682 2544 (Ex
1708 2470 1870 2526 Brev.
1915 2469 2101 2540 Rom.)

1299 2570 1555 2629 Hominis
1582 2584 1817 2642 superne
1844 2567 2118 2642 conditor,

1299 2642 1405 2710 Qui
1435 2649 1635 2698 cuncta
1651 2638 1813 2695 _solus
1842 2638 2106 2695 ordinans

1298 2715 1539 2769 Humum
1572 2711 1733 2783 jubes
1761 2710 2061 2781 producere

1296 2782 1580 2856 Reptantis
1598 2790 1652 2838 et
1681 2782 1809 2837 ferae
1839 2797 2026 2853 genus.

1294 2875 1367 2930 Et
1395 2889 1590 2944 magna
1614 2888 1804 2944 rerum,
1830 2886 2077 2944 corpora,
2328 2870 2365 2927 ὕ

1292 2946 1459 3003 Dictu
1481 2942 1733 3002 Iubentis
1752 2942 1961 3010 vivida,

1292 3016 1396 3073 Per
1423 3024 1733 3088 temporum
1762 3022 1937 3088 certas
1966 3014 2115 3073 vices

1294 3087 1683 3160 Obtempérare
1712 3087 1970 3143 servulis.

1292 3177 1514 3260 Ββρθτιθ
1542 3175 1691 3260 quod
1729 3175 2009 3260 supidieis

1294 3246 1483 3307 Ciénte
1513 3246 1577 3304 vi
1599 3264 1700 3304 nos
1729 3246 1967 3319 impetit,

1291 3321 1406 3378 Aut
1429 3319 1677 3376 moribus
1705 3335 1762 3375 se
1787 3318 2028 3390 suggerit

1292 3391 1406 3448 Aut
1433 3392 1649 3450 actibus
1677 3406 1734 3446 se
1764 3389 2062 3447 interserit.

1290 3484 1372 3539 Da
1399 3480 1725 3554 gaudiorum
1760 3480 2002 3551 praemia,

1288 3555 1370 3625 Da
1400 3554 1698 3625 gratiarum
1725 3567 1973 3625 munera;

1288 3622 1540 3681 Dissolve
1570 3622 1685 3678 litis
1712 3623 1957 3690 vincula,

1289 3696 1546 3768 Astringe
1575 3693 1724 3767 pacis
1751 3694 1975 3749 foedera.

1288 3785 1511 3853 Praesta,
1545 3786 1704 3841 Pater
1733 3783 1999 3855 piissime,
2039 3790 2144 3840 etc.

2296 3243 2362 3301 10

232 3889 498 3947 XXXIV.
539 3918 610 3929 —
637 3886 953 3942 Adhibetur
982 3901 1203 3941 carmen
1236 3885 1294 3940 in
1324 3885 1584 3957 Vesperis
1600 3883 1765 3957 feriae
1798 3888 1849 3946 A

240 3962 394 4017 intaa.
428 3990 499 4000 —
528 3960 582 4015 5.
614 3957 876 4030 Wimpf.,
903 3957 1075 4028 Mgd.,
1110 3958 1355 4030 diversa;
1388 3956 1762 4030 Fabr.,__Lud.,

205 4035 386 4099 hom.,
433 4032 691 4086 demersa.
736 4027 807 4069 ἑ-
853 4030 906 4084 6.
962 4027 1135 4095 Cass.,
1186 4028 1489 4097 Clichtov.,
1540 4027 1766 4099 aliique,

155 4105 441 4172 irrigans;
502 4103 637 4170 Hil.,
679 4100 915 4171 Wimpf.
949 4115 1273 4172 (perperam,

782 4195 800 4219 ε
840 4170 993 4226 funda
1040 4170 1317 4241 sanguinis
1384 4172 1475 4225 fur
1521 4170 1771 4241 undaiet

157 4246 398 4317 sanguis.
448 4246 619 4301 Unter
664 4245 945 4317 letzterem
997 4242 1067 4298 ist
1122 4240 1220 4297 der
1276 4241 1617 4317 Kreuzestod
1672 4240 1767 4296 des

158 4313 457 4374 Heilandes
511 4333 579 4371 zu
640 4314 971 4380 verstehen;
1024 4322 1187 4369 unter
1241 4322 1500 4369 ersterem
1557 4313 1767 4368 konnte

158 4404 293 4445 man
323 4388 415 4443 die
457 4387 626 4442 Taufe
655 4384 971 4451 verstehen;
1014 4384 1201 4439 besser
1231 4385 1375 4439 wird
1407 4400 1535 4439 man
1566 4393 1646 4438 est
1671 4382 1768 4452 je-

159 4459 307 4518 doch
356 4459 624 4515 ebenfalls
669 4458 766 4512 auf
811 4456 917 4511 den
964 4454 1303 4510 Kreuzestod
1348 4455 1611 4510 beziehen
1651 4453 1765 4509 und

158 4547 311 4587 zwar
362 4530 458 4585 auf
500 4530 590 4585 die
636 4526 1026 4586 Seitenwunde
1080 4526 1174 4583 des
1228 4527 1499 4596 Erlosers,
1549 4526 1655 4580 wie
1703 4525 1763 4580 in

155 4207 229 4218 —
261 4172 350 4230 10.
412 4172 675 4229 Kehrein.
703 4187 714 4225 :

158 4603 291 4659 dem
322 4601 577 4674 Hymnus
605 4600 701 4657 des
730 4602 1083 4656 Fortunatus.
1118 4621 1136 4645 ι

1320 4101 1454 4154 collo
1496 4099 1764 4168 irrogans.

1871 4647 2081 4697 nostro.
2115 4665 2134 4688 ι

3359 405 3497 463 1230

2832 566 3092 625 XXXVI.

2504 658 2744 729 Hymnus
2770 657 2832 713 de
2858 659 3169 718 Ascensione
3185 662 3421 722 Domini.

2430 754 2663 827 Optatus
2695 757 2841 813 votis
2870 760 3117 817 omnium

2431 828 2685 884 Sacratus
2712 829 2907 884 illuxit
2934 830 3055 887 dies

2431 898 2551 980 Quo
2582 898 2855 980 Christus,
2884 902 3096 980 _mundi
3140 921 3280 976 spes,
3330 908 3493 978 Deus,

2431 969 2767 1027 Conscendit
2796 973 2964 1028 caelos
2992 969 3212 1034 arduos.

2430 1059 2745 1138 Ascendens
2774 1060 2833 1138 in
2858 1062 3032 1138 altum
3061 1067 3352 1138 Dominus,
3466 1074 3499 1128 5

2429 1130 2711 1209 Propriam
2742 1133 2809 1191 ad
2838 1134 3018 1209 sedem
3050 1153 3317 1209 remeans,

2429 1202 2629 1280 Gavisa
2656 1213 2785 1280 sunt
2811 1206 2941 1280 caeli
2972 1224 3137 1280 regna

2430 1274 2628 1332 Reditu
2668 1275 2965 1348 Unigeniti.

2428 1363 2617 1446 Magni
2642 1365 2986 1438 triumphum
3014 1374 3211 1446 praelii,

2428 1433 2621 1517 iiiundi
2651 1433 2931 1510 perempto
2962 1433 3229 1517 principe,

2428 1505 2606 1587 Patris
2633 1505 2923 1587 praesentat
2960 1505 3213 1587 _vultibiis

2429 1577 2692 1634 Victricis
2713 1581 2895 1638 carnis
2922 1585 3175 1655 gloriam.

2428 1669 2527 1724 Est
2555 1670 2799 1728 elevatus
2822 1674 3065 1733 nubibus

2427 1740 2500 1820 Et
2528 1758 2677 1820 spem
2708 1743 2841 1800 fecit
2877 1747 3247 1820 credentibus,

2428 1813 2696 1888 Aperiens
2732 1817 3066 1888 paradisum,

2428 1883 2601 1951 Quem
2633 1883 3001 1959 protoplastus
3027 1883 3315 1952 clauserat.

2429 1971 2473 2052 ρ
2505 1975 2706 2052 grande
2735 1979 2949 2034 cunctis
2979 1981 3238 2052 gaudium
3266 1984 3276 2038 l

2427 2042 2585 2125 Quod
2614 2042 3027 2125 partus_nostr32
3050 2053 3315 2125 Virginis.

2428 2114 2558 2196 Post
2582 2114 2759 2189 sputa,
2776 2120 2997 2196 _iiagra,
3014 2131 3135 2195 post
3154 2114 3410 2196 crucem,

2428 2186 2673 2245 Paternae
2702 2186 2818 2247 sedi
2842 2186 3117 2265 jungitur.

2429 2276 2672 2353 Agamus
2700 2296 2828 2353 ergo
2849 2283 3049 2353 gratias

2427 2348 2638 2425 δοθῇ-ω
2672 2348 2871 2425 salutis
2907 2355 3138 2425 vindici,

2426 2419 2687 2497 ljlostrum
2718 2424 2861 2497 quod
2893 2442 3090 2497 corpus
3122 2419 3337 2489 vexerit

2425 2489 2749 2548 Sublimem.
2770 2494 2838 2549 ad
2868 2489 3007 2550 caeli
3031 2499 3256 2572 regiam.

2423 2579 2508 2636 Sit
2536 2581 2696 2638 nobis
2723 2598 2847 2638 cum
2876 2586 3192 2645 caelestibus

2422 2649 2726 2730 Commune
2755 2669 2985 2712 manens
3013 2659 3296 2730 gaudium,

2419 2722 2715 2805 iilisauod
2744 2740 2808 2805 se
2837 2722 3207 2805 praesentavit,

2417 2793 2602 2851 Nobis
2617 2796 2764 2868 quod
2789 2793 2856 2852 se
2875 2814 2987 2855 non
3015 2793 3261 2859 abstulit.

2417 2884 2577 2959 Nunc
2601 2890 2915 2959 provocatis
2942 2891 3157 2949 actibus

2418 2957 2698 3035 Christum
2730 2970 3043 3035 exspectare
3071 2981 3174 3022 nos
3202 2965 3390 3035 decet;
3422 2967 3492 3025 30

2417 3028 2656 3103 Vitaque
2684 3032 2784 3103 tali
2818 3028 3026 3103 vivere,

3435 1453 3498 1507 10

3431 1827 3498 1883 15

3429 2199 3498 2257 20

3426 2593 3496 2650 25

2346 3182 2357 3189 ί
2417 3098 2752 3174 Quee'possit
2780 3105 2947 3161 caelos
2976 3098 3257 3164 scandere.

2445 3190 2633 3272 _Gl_oria
2659 3190 2786 3272 tibi,
2817 3195 3075 3272 Domine,

2467 3264 2523 3318 ui
2563 3264 2781 3338 scandis
2810 3282 2973 3336 super
3000 3268 3200 3338 sidera,

2417 3334 2556 3410 Cum
2587 3335 2743 3410 Patre
2770 3344 2823 3390 et
2850 3334 3040 3393 sancto
3078 3334 3290 3410 Spiritu

2418 3405 2480 3460 In
2508 3406 2841 3478 sempiterna
2864 3410 3081 3465 saecula.
3113 3405 3340 3488 Amen.]

3420 3346 3492 3402 35

2810 3516 3096 3577 XXXVII.

2487 3606 2725 3678 Hymnus
2752 3606 2814 3662 de
2844 3608 3156 3665 Ascensione
3177 3611 3412 3670 Domini.

2716 3697 2827 3767 (Ex
2864 3697 3015 3754 Libr.
3046 3700 3186 3773 vet.)

2416 3781 2566 3852 Iesu,
2598 3789 2788 3841 nostra
2814 3785 3139 3859 redemptio,

2940 3887 3256 3934 —rcsultant

1966 3972 1971 3975 -
2001 3944 2254 4011 gmlestes
2279 3942 2510 4011 inlaude
2531 3945 2695 4011 chori,
2715 3959 2848 4011 _cum
2885 3955 3055 3996 rector
3080 3948 3289 4011 Olympi

2001 4006 2450 4075 Evehitexcelsis,
2478 4006 2731 4075 quidquid
2751 4017 2983 4075 suscepit
3006 4011 3071 4057 ab
3097 4006 3243 4075 iniis,

2003 4069 2411 4136 I_ngre_diensque
2440 4069 2810 4136 polum'carnis
2831 4069 3107 4136 comitante
3136 4069 3350 4136 tropico,

2001 4131 2230 4196 Exuvias
2254 4131 2350 4180 atri
2382 4135 2557 4193 raptas
2582 4132 2645 4181 de
2678 4134 2823 4183 fauce
2864 4133 3107 4196 profundi

1999 4194 2158 4244 Lucis
2188 4195 2239 4243 in
2267 4207 2384 4243 arce
2412 4196 2546 4242 locat
2573 4194 2914 4258 terrenosque
2945 4196 3102 4258 erigit
3129 4204 3288 4248 artus.

1876 4284 2036 4351 -31,
2060 4283 2149 4340 32.
2189 4286 2331 4356 Aug.
2356 4283 2629 4356 Sermide
2648 4285 2774 4356 Asc.
2799 4282 2832 4340 2
2858 4302 2869 4339 :
2911 4309 2929 4332 ι
2959 4285 3335 4344 Ascendamus
3349 4305 3475 4346 cum

1876 4355 2099 4413 Christo
2129 4354 2331 4421 corde;
2365 4371 2491 4409 cum
2522 4354 2640 4410 dies
2668 4354 2788 4427 ejus
2818 4357 3122 4427 promissus
3164 4359 3473 4426 advenerit,

1875 4443 2168 4501 sequemur
2212 4434 2265 4482 et
2319 4442 2565 4501 corpore.
2608 4426 2993 4501 Scire_tamen
3042 4428 3303 4501 debemus
3343 4431 3474 4501 quia

1873 4497 1998 4555 cum
2029 4497 2159 4555 Chr.
2194 4513 2306 4552 non
2331 4498 2579 4553 ascendit
2611 4497 2885 4568 superbia,
2919 4514 3029 4552 non
3071 4500 3325 4566 avaritia,
3355 4497 3467 4556 non

1874 4568 2341 4638 luxuria,nullum
2360 4568 2561 4623 vitium
2579 4576 2830 4624 nostrum
2846 4568 3092 4624 ascendit
3110 4586 3235 4625 cum
3256 4570 3472 4627 medico

234 4701 473 4759 XXXV.
505 4731 575 4742 —
595 4698 881 4755 Exhibent
905 4696 1034 4770 libri
1056 4695 1329 4770 hymnum
1360 4694 1498 4752 feria
1520 4703 1673 4752 sexta
1693 4692 1763 4751 ad

161 4775 455 4846 Vesperas.
487 4802 558 4813 —
586 4771 638 4827 6.
679 4771 846 4840 Lud.,
873 4769 1029 4825 dicto.

234 4863 497 4921 XXXVI.
529 4895 600 4905 —
629 4861 848 4931 Reperit
869 4858 1195 4916 Thomasius
1221 4857 1372 4931 hunc
1399 4856 1671 4931 hymnum
1701 4854 1761 4911 in

160 4934 286 4993 cad.
327 4936 453 4992 Vat.
485 4934 576 5001 82,
603 4930 884 4989 Ambrosii
914 4931 1141 4988 nomine
1170 4930 1494 5002 insignitum
1522 4947 1535 5002 ξ
1584 4942 1762 5002 neque

160 5007 380 5065 dubitat
430 4998 732 5063 Gallandus
776 5005 923 5060 Bibl.
967 5004 1113 5058 Patr.
1171 4998 1305 5068 VII;
1340 5017 1393 5073 p.
1442 5000 1565 5073 772,
1622 4998 1759 5073 quin

160 5078 365 5151 hymni
386 5095 398 5133 :
429 5079 653 5151 Optatus
671 5078 805 5131 votis
823 5075 1076 5151 omnium,
1100 5073 1226 5128 Jesu
1242 5070 1754 5151 nostra_redemptio,

160 5143 286 5207 Iam
338 5143 580 5206 Christus
622 5155 774 5204 astra
819 5147 1145 5211 ascenderat,
1190 5160 1317 5199 vere
1354 5160 1385 5199 a
1412 5145 1477 5199 D.
1512 5143 1759 5197 Ambro-

1945 4711 2232 4767 XXXVII.
2264 4709 2437 4781 -ίΙη
2480 4708 2736 4781 plurimis
2781 4710 3063 4778 Ecclesiis,
3106 4712 3469 4769 suavissimus

1870 4782 2115 4841 hvmnus
2142 4788 2302 4837 ornat
2331 4780 2764 4841 Completorium
2796 4781 2856 4836 in
2884 4782 3223 4839 Ascensione
3242 4785 3470 4841 Domini

1872 4799 1905 4838 n
1953 4799 2115 4838 mnus
2142 4799 2302 4837 ornat
2331 4799 2464 4838 com
2508 4799 2764 4836 letorium
2796 4799 2856 4836 1n
2884 4799 3223 4839 ascensmne
3242 4799 3470 4841 uommi

1872 4799 1983 4927 (Pyr.
2013 4853 2083 4927 ad
2108 4852 2421 4927 Vesperas).
2453 4799 2523 4907 St
2552 4868 2710 4927 nunc
2730 4859 3069 4927 est,__magna
3096 4870 3222 4909 cum
3256 4856 3470 4911 solem-

1868 4923 2040 4981 nitate
2071 4924 2129 4995 in
2173 4923 2429 4995 Vesperis
2476 4923 3311 4995 atque_Laudibus'intonatur.
3348 4928 3470 4982 Ga-

1870 5005 2022 5069 vant.
2056 4994 2216 5069 Thes.
2251 4993 2306 5051 SI
2341 4995 2404 5069 β.
2439 5010 2521 5069 n1,
2548 4993 2624 5069 ip.
2648 4993 2787 5069 471;
2836 5019 2854 5042 ι
2884 4996 2948 5069 In
2976 4995 3181 5069 eisdem
3214 4998 3470 5069 Vesperis

1870 5066 2270 5139 (Ascensicnis)
2294 5064 2361 5139 ad
2381 5064 2725 5139 principium
2748 5064 2973 5139 hymni,
3000 5068 3201 5139 Salutis
3227 5064 3471 5124 humana:

1867 5135 2033 5218 sator,
2063 5137 2224 5218 debet
2251 5135 2545 5193 'celebrans
2575 5135 2672 5193 Seu
2701 5135 3246 5218 oﬂiciator'jungere,
3279 5147 3468 5195 exten-

162 5221 248 5279 sio
276 5221 390 5276 sint
415 5221 683 5277 confecta.
721 5218 899 5302 Quem
911 5209 1136 5299 primo;
1150 5216 1434 5297 posuimus
1478 5215 1621 5302 ξορρ,
1653 5228 1759 5294 _ra—
1789 5241 1834 5302 Β
1866 5210 1994 5302 dere
2041 5209 2354 5302 et‘eleyare
2402 5223 2616 5302 manus,
2660 5223 2724 5288 ac
2766 5216 2941 5302 caput
2976 5209 3247 5302 inciiiiare
3278 5227 3469 5266 versus

162 5292 417 5350 rissimus
460 5301 542 5349 est
588 5292 645 5348 in
698 5283 857 5347 libris
886 5283 1195 5359 liturgicis':
1237 5287 1296 5359 in
1328 5286 1533 5359 nostris
1561 5283 1763 5354 legitur

162 5363 308 5436 apud
352 5364 694 5436 Ellingerum
759 5369 813 5419 et
870 5361 928 5416 in
952 5356 1205 5436 Avetusto
1250 5356 1761 5436 _Cartliusianorum

162 5426 324 5492 Brev.
367 5466 439 5478 —
469 5426 534 5492 4Ϊ
572 5434 774 5507 Ephes.
822 5451 900 5501 ιν,
945 5429 1355 5507 8:_Ascer_idens
1409 5427 1650 5507 Christus
1704 5426 1764 5480 in

163 5509 357 5575 altum,
386 5514 491 5563 etc.
534 5499 694 5563 —'5.
728 5499 978 5562 Fortasse
1026 5501 1340 5575 legendum,
1380 5499 1652 5555 scandens.
1692 5526 1764 5537 —

164 5578 216 5635 6.
258 5572 477 5646 Thbm.,
509 5578 597 5637 Ct.
625 5578 893 5633 omittunt
919 5575 1009 5631 ad.
1046 5572 1117 5614 —'-
1158 5573 1244 5628 11.
1278 5572 1389 5650 Ct.,
1412 5575 1761 5650 prwsenians.

164 5681 235 5693 —
262 5650 350 5707 13.
390 5642 514 5707 Act.
558 5667 605 5721 r,
645 5650 679 5706 9
705 5651 1023 5721 {Eleuatus
1061 5651 1145 5721 esi
1182 5644 1415 5721 einubes
1437 5642 1660 5721 suscepit

169 5724 298 5779 lum.
330 5752 401 5763 ——
429 5721 513 5777 14.
546 5713 681 5792 Ell.,
711 5720 952 5792 fecitque.
983 5749 1054 5792 τέ
1085 5717 1169 5773 16.
1194 5713 1766 5792 Τὴοωηκηνος-ορῑαοεεί

165 5796 490 5850 clauserant.
530 5823 602 5834 ——
628 5784 721 5848 2οξ
747 5784 882 5858 ΕΙΙΪ,
915 5790 1024 5850 sedi
1049 5795 1303 5858 paternis.
1339 5786 1514 5858 —22.
1541 5784 1653 5850 Ct.,
1673 5784 1764 5858 ju-

167 5866 293 5922 dici.
327 5895 398 5907 —
425 5864 517 5922 24.
547 5855 876 5934 Ct.,regna.
902 5855 1087 5934 Simili
1115 5860 1328 5934 ratione
1370 5857 1609 5934 celebrat
1650 5855 1766 5911 As-

166 5936 485 5996 sensionem
515 5929 971 5994 Domini'Arator
995 5932 1137 5991 Hist.
1167 5931 1272 6005 Ap.
1305 5948 1346 6001 1,
1377 5929 1447 5987 36
1465 5945 1620 6003 sqq.:
1674 5934 1675 5937 ‘

1869 5283 2037 5338 altare
2078 5288 2152 5349 et,
2193 5287 2257 5336 ut
2306 5296 2375 5334 ex
2402 5279 2804 5351 (Caremoniali
2841 5281 3026 5351 Episc.
3063 5280 3162 5335 lib.
3198 5298 3239 5336 ιι
3283 5290 3469 5337 monet

1871 5353 2138 5425 Bauldry,
2178 5368 2285 5425 par
2307 5350 2458 5425 ratio
2479 5358 2561 5406 est
2589 5350 2656 5406 de
2698 5350 2908 5422 hymno
2948 5352 3007 5425 in
3050 5351 3329 5425 Lgudibus
3371 5352 3469 5407 di-

1871 5424 2065 5482 cendo.
2083 5421 2114 5471 ἰ
2152 5421 2224 5464 4
2263 5424 2316 5480 3.
2367 5421 2552 5490 Fabr.,
2596 5421 2841 5495 curator.
2873 5452 2944 5495 -_-
2983 5421 3035 5477 4.
3089 5423 3243 5495 Ell.,
3273 5425 3331 5477 in
3369 5425 3471 5495 ﬁne

1870 5497 2124 5566 homoque
2159 5501 2556 5566 wmporum.e
2583 5493 2838 5566 6.‘Lips.,
2870 5493 3065 5563 ferens.
3087 5523 3158 5534 —
3190 5494 3275 5551 10.
3309 5493 3468 5565 Fab.,

1872 5564 2105 5623 redimis.
2154 5596 2225 5606 —
2254 5564 2354 5621 I12.
2407 5565 2544 5634 Ell.,
2592 5564 2664 5620 ad
2724 5564 2996 5620 dexteram
3059 5566 3239 5636 patris
3286 5567 3471 5633 sedes;

1872 5638 2062 5705 Corn.,
2099 5637 2316 5693 resides.
2368 5667 2439 5678 —
2488 5637 2574 5693 16.
2621 5636 2709 5691 Ps.
2748 5654 2867 5701 xvr,
2916 5638 3019 5693 l5:
3072 5639 3186 5707 Ego
3225 5638 3471 5693 satiabor

1870 5707 2826 5851 Ἧξρρέῗηὲξεθῗζιῗὲεὲωᾳῖἐ
2839 5707 3144 5836 ⁷’ἕῖἒέιξῖωί
3163 5709 3293 5835 ἔθ’
3309 5710 3469 5851 ἔξῗῇ

1871 5812 1942 5824 -
1972 5796 2057 5837 1'1.
2108 5796 2243 5848 Ell.,
2288 5796 2360 5834 sis
2408 5796 2601 5861 guceso.
2642 5809 2714 5821 —
2749 5796 2837 5835 ιδ.
2884 5796 3089 5836 ωιοηι.
3118 5796 3129 5860 ξ
3163 5796 3279 5846 AL,
3309 5796 3469 5851 [um-

1871 5871 2021 5921 rum;
2052 5853 2186 5920 Ell.,
2230 5867 2280 5908 es
2326 5868 2438 5922 qui.
2470 5881 2541 5892 —
2572 5851 2657 5908 19.
2711 5849 2863 5916 Cor.,
2892 5858 3078 5907 nostra
3106 5867 3165 5906 in
3200 5858 3244 5907 te
3270 5853 3356 5907 sit.
3397 5880 3469 5891 —

1872 5925 1963 5981 20.
1993 5924 2127 5993 Ell.,
2158 5924 2217 5979 in
2235 5929 2419 5980 cuncta
2452 5939 2652 5995 semper
2677 5923 2890 5979 saecula.
