3940 6412
167 396 331 454 1237

163 523 415 579 jEterna
442 522 541 578 lux
567 520 929 590 credentium,

164 594 426 662 Christe,
458 593 770 665 redemptor
800 593 1073 664 omnium,

165 665 402 723 Exaudi
431 682 618 738 preces
646 666 981 737 supplicum.

164 755 289 821 Qui
318 753 622 811 condolens
661 754 893 809 interitu

166 826 377 883 Mortis
406 827 585 898 perire
613 827 902 894 saaculum,

167 898 417 954 Salvasti
449 898 725 953 mundum
752 898 1101 970 languidum

170 971 410 1027 Donans
439 970 549 1025 reis
579 969 912 1026 remedium.
978 1024 991 1039 ,

175 1059 458 1132 vergente
490 1058 700 1132 mundi
720 1075 963 1132 vespere,

170 1131 274 1187 Uti
305 1130 538 1202 sponsus
568 1130 635 1185 de
662 1130 928 1201 thalamo,
1182 1130 1250 1187 10

173 1203 451 1283 Egressus
482 1202 869 1283 honestissima

174 1274 435 1346 Virginis
464 1274 657 1329 matris
698 1274 963 1332 clausula.

173 1363 359 1436 Cujus
384 1364 514 1418 forti
533 1365 796 1433 potentiae

174 1436 344 1492 Genu
377 1444 680 1491 curvantur
696 1436 903 1505 omnia,

170 1507 459 1574 Caelestia,
490 1508 770 1563 terrestria
1184 1506 1249 1563 15

173 1581 450 1635 Fateatur
480 1586 621 1635 nutu
652 1579 893 1636 subdita.

207 1671 479 1729 Occasum
509 1672 589 1726 sol
623 1671 939 1727 custodiens

225 1760 339 1799 una
369 1744 643 1815 pallorem
664 1744 924 1811 retinens,

174 1814 403 1873 Candor
430 1815 488 1869 in
518 1814 679 1870 astris
705 1816 954 1870 relucens

174 1886 373 1944 Certos
403 1885 656 1943 observat
685 1886 909 1942 limites.
1178 1884 1247 1941 20

172 1977 255 2032 Te
286 1977 662 2048 deprecamur,
700 1976 890 2047 Ilagie,

172 2047 429 2105 Venture
451 2047 626 2119 judex
660 2048 869 2115 saeculi,

170 2118 465 2177 Conserva
491 2136 590 2175 nos
622 2118 677 2173 in
706 2128 948 2191 tempore
1023 2146 1027 2151 ο

171 2191 368 2248 Hostis
396 2207 428 2247 a
457 2192 568 2247 telo
599 2190 815 2264 perﬁdi.

168 2285 346 2354 Laus,
394 2284 594 2352 honor,
650 2282 851 2352 virtus,
895 2280 1088 2356 gloria,
1139 2289 1243 2340 etc.

321 2398 579 2469 Ejusdem
598 2397 778 2470 hymni
798 2397 914 2453 alia
936 2397 1102 2455 lectio.

429 2488 541 2561 (Ex
602 2487 765 2543 Brev.
802 2486 992 2559 Rom.)

174 2586 407 2644 Creator
437 2586 578 2641 alme
608 2584 873 2651 siderum,

174 2659 411 2714 jEterna
433 2658 531 2713 lux
557 2655 920 2721 credentium,

171 2730 328 2797 Jesu,
364 2728 695 2797 Redemptor
724 2726 997 2791 omnium,

172 2799 407 2856 Intende
438 2798 583 2854 votis
612 2797 947 2869 supplicum.

1261 396 1488 455 HYMNI
1525 396 1579 453 S.
1623 395 1987 455 AMBROSIO
2028 397 2421 456 ATTRIBUTI.

1306 523 1433 591 Qui,
1460 522 1725 580 daemonis
1754 538 1822 579 ne
1850 522 2136 580 fraudibus

1306 595 1513 651 Periret
1539 595 1707 663 orbis,
1750 595 1960 667 impetu

1306 667 1526 723 Amoris
1554 675 1724 733 actus,
1754 666 1999 736 languidi

1218 753 1253 811 5
1306 739 1497 796 Mundi
1529 739 1742 795 medela
1768 738 1947 794 factus
1967 754 2042 793 es.

1305 828 1610 901 Commune
1640 827 1962 901 quigmundi
1992 827 2145 884 nefas

1305 901 1375 957 Ut
1404 898 1673 970 expiares,
1699 899 1766 955 ad
1796 916 2016 956 crucem
2305 898 2372 957 10

1304 973 1349 1027 Ε
1379 972 1616 1041 virginis
1645 972 1887 1027 sacrario

1304 1044 1518 1100 Intacta
1542 1043 1732 1114 prodis
1762 1042 2012 1099 victima.

1304 1132 1475 1204 Cujus
1504 1141 1742 1205 potestas
1773 1133 1961 1204 glorias

1302 1204 1624 1277 Nomenque
1657 1221 1782 1277 cum
1810 1204 2055 1277 primum
2077 1212 2261 1273 sonat,

1302 1277 1375 1332 Et
1406 1275 1615 1332 coclites
1651 1286 1704 1331 et
1735 1275 1901 1331 inferi

1304 1348 1594 1405 Tremente
1621 1357 1929 1404 curvantur
1959 1364 2123 1420 genu.

1304 1437 1378 1492 Te
1407 1436 1765 1509 deprecamur
1793 1438 2005 1495 ultimas

1304 1509 1560 1581 Magnum
1591 1510 1700 1565 diei
1725 1509 1994 1581 judicem,

1304 1581 1507 1653 Armis,
1521 1598 1770 1653 supernae
1803 1583 1986 1651 gratia:

1304 1652 1547 1709 Defende
1567 1652 1667 1708 nos
1695 1653 1763 1709 ab
1788 1653 2058 1710 hostibus.
2298 1655 2366 1713 20

1303 1742 1518 1811 Virtus,
1551 1742 1749 1813 honor,
1785 1745 1924 1812 laus,
1960 1744 2152 1817 gloria,
2187 1753 2290 1803 etc.

1404 1932 1646 2004 Hymnus
1676 1932 1737 1987 de
1757 1843 1999 1988 Egeram
2020 1934 2253 1991 Domini.

1596 2026 1707 2097 (Ex
1738 2026 1886 2083 Libr.
1920 2027 2058 2099 vet.)

1304 2117 1431 2174 Vox
1460 2117 1607 2173 clara
1634 2132 1757 2173 ecce
1789 2118 2025 2186 intonat,

1303 2188 1549 2261 Obscura
1570 2205 1797 2261 quaeque
1829 2190 2075 2260 increpat
2101 2206 2111 2244 :

1302 2260 1830 2316 Pellantur’eminus
1860 2262 2075 2317 somnia

1303 2330 1391 2388 Ab
1422 2330 1624 2387 aethere
1654 2331 1906 2388 Christus
1935 2331 2222 2403 promicat.

1303 2420 1456 2503 biens
1481 2419 1596 2503 jam
1629 2428 1875 2503 resurgat
1903 2421 2121 2503 torpida

1304 2492 1435 2559 Quae
1465 2492 1623 2547 sorde
1649 2499 1828 2547 exstat
1860 2492 2064 2561 saucia,

1302 2562 1466 2619 Sidus
1491 2564 1722 2634 refulget
1743 2562 1857 2633 jam
1883 2580 2090 2619 novum

1301 2634 1373 2690 Ut
1397 2635 1558 2689 tollat
1586 2650 1748 2689 omne
1773 2634 2026 2690 noxium.

1298 2723 1346 2805 ΙΞ
1376 2739 1593 2778 sursum
1621 2723 1664 2778 Α
1672 2723 2080 2805 εηιβμῃὶῐῐὶῑω-

1298 2793 1506 2850 Laxare
1536 2793 1717 2851 omnis
1748 2795 1996 2851 debitum
2018 2813 2030 2863 ;

3357 391 3494 451 1238

2326 523 2361 580 5
2416 522 2620 579 Omnes
2642 537 2741 595 pro
2768 522 3110 595 indulgentia

2422 595 2625 651 Vocem
2645 592 2848 651 _demus
2875 592 3002 651 cum
3034 592 3316 667 lacrymis.

2424 685 2676 749 Secundo
2706 695 2769 742 ut
2796 702 2922 742 cum
2957 686 3174 742 fulserit

2427 758 2805 829 Mundumque
2832 757 3030 812 horror
3058 756 3299 813 cinxerit

2427 829 2548 901 Non
2576 846 2676 901 pro
2710 826 2865 883 reatu
2892 828 3105 900 puniat,
3424 826 3489 883 15

2430 899 2535 955 Sed
2572 899 2699 971 pius
2737 916 2837 956 nos
2871 899 3000 958 tunc
3030 908 3292 973 protegat.

2558 988 2808 1061 Ejusdem
2836 989 3017 1058 hymni
3044 990 3157 1046 alia
3195 989 3357 1046 lectio,

2697 1080 2806 1151 (Ex
2839 1080 3001 1135 Brev.
3032 1080 3223 1151 Rom.)

2426 1169 2512 1223 En
2539 1167 2686 1224 clara
2716 1185 2826 1224 vox
2858 1168 3137 1239 redarguit

2306 1276 2371 1331 15
2426 1239 2671 1331 Qbscu‘ru
2698 1256 2924 1312 quaeque
2956 1256 3274 1321 personans,

2428 1277 2671 1295 υυουυια
2739 1277 2815 1294 μοι
2864 1277 2923 1294 ιι..
2993 1277 3143 1294 μιαν..

2337 1277 2371 1333 5
2426 1311 2624 1367 Procul
2647 1277 2906 1382 fugentiur
2930 1277 3143 1367 sgmnia

2424 1381 2512 1438 Ab
2542 1384 2654 1437 alto
2680 1381 2834 1439 Jesus
2863 1383 3150 1455 promicat.

2422 1472 2576 1527 Mens
2598 1471 2710 1543 jam
2749 1480 2995 1544 resurgat
3025 1471 3262 1543 torpida,
3451 1473 3485 1527 5

2422 1544 2545 1599 Non
2582 1545 2821 1614 amplius
2844 1543 3032 1614 jacens
3062 1544 3220 1599 humi
3245 1561 3257 1599 :

2424 1614 2586 1670 Sidus
2623 1615 2857 1686 refulget
2881 1615 2996 1686 jam
3028 1632 3237 1671 novum

2423 1687 2493 1743 Ut
2524 1688 2682 1743 tollat
2714 1704 2876 1742 omne
2909 1686 3161 1742 noxium.

2422 1776 2506 1830 En
2538 1774 2726 1846 Agnus
2764 1774 2831 1830 ad
2854 1792 2953 1830 nos
2982 1774 3224 1831 mittitur

2422 1844 2629 1902 Laxare
2660 1847 2824 1917 gratis
2840 1847 3085 1902 debitum
3114 1863 3125 1900 :
3232 1916 3235 1917 ν
3420 1844 3484 1900 10

2423 1918 2624 1974 Omnes
2655 1916 2819 1974 simul
2852 1924 2976 1973 cum
3012 1916 3271 1989 lacrymis

2422 1991 2716 2047 Precemur
2749 1989 3171 2061 indulgentiam.

2422 2082 2493 2137 Ut
2521 2098 2647 2137 cum
2677 2080 2918 2136 secundo
2951 2079 3167 2135 fulserit

2420 2153 2675 2224 Metuque
2707 2152 2976 2208 mundum
3005 2150 3251 2224 cinxerit

2421 2226 2540 2281 Non
2571 2222 2669 2294 pro
2708 2231 2862 2279 reatu
2892 2223 3103 2294 puniat,
3421 2222 3487 2278 15

2422 2295 2527 2351 Sed
2556 2311 2656 2350 nos
2676 2295 2801 2367 pius
2824 2302 2958 2349 tunc
2987 2301 3252 2365 protegat.

2335 2421 2369 2477 5
2423 2383 2634 2451 Virtus,
2668 2382 2868 2451 honor,
2898 2384 3038 2453 laus,
3071 2382 3263 2454 gloria,
3306 2388 3411 2436 etc.

2895 2472 3020 2527 LV.

2526 2559 3118 2632 HymnusdegAdvenlu
3137 2560 3371 2615 Domini.

2714 2631 2824 2700 (Ex
2853 2630 3003 2685 Libr.
3054 2632 3194 2701 vet.)

2419 2722 2664 2795 Verbum
2695 2738 2994 2794 supernum
3039 2722 3318 2795 prodiens,

2309 2794 2338 2850 1
2419 2797 2469 2850 Α
2495 2794 2653 2850 Patre
2691 2796 2825 2851 olim
2855 2795 3066 2863 exiens,

176 2906 399 2984 tissima
432 2923 446 2973 ;
478 2919 650 2984 unum
682 2902 873 2958 audias
914 2899 1269 2957 Ambrosium
1300 2899 1367 2984 de
1406 2900 1560 2981 Bono
1588 2911 1778 2984 mort.,
1809 2906 1859 2964 A
1885 2919 1973 2981 me
2004 2901 2063 2956 in
2092 2918 2251 2984 usum
2282 2917 2462 2984 suum.
2482 2900 2841 2984 convertisse
2865 2901 3147 2984 pericopas
3180 2901 3477 2984 Scriptura;

179 2993 234 3035 c.
300 2976 365 3033 10
418 2971 439 3033 ε’
501 2999 519 3023 α
584 2976 883 3030 Senescens
935 2980 1183 3029 creatura
1242 2972 1412 3028 robur
1467 2971 1781 3044 juventutis

181 3066 297 3105 suae
335 3048 491 3119 velut
513 3046 1048 3119 jam_marcescente_
1073 3044 1277 3100 virium
1318 3060 1541 3119 suurum
1570 3045 1780 3119 vigore

181 3118 431 3192 deponit.
466 3115 757 3192 {Eodem
782 3134 963 3192 _sensu
1002 3116 1196 3192 Noster
1243 3115 1510 3192 mundum
1561 3115 1781 3192 langui-

180 3187 311 3247 duin
340 3190 597 3263 appellat.
639 3220 710 3263 :—
739 3190 824 3246 10.
863 3190 950 3245 Ps.
973 3205 1137 3263 x_vu,__
1156 3187 1310 3263 6._+
1333 3188 1419 3263 11.
1447 3188 1550 3263 _M.,
1579 3188 1780 3263 beatis—

178 3264 347 3319 sima'.
373 3258 447 3304 :—
494 3263 580 3319 12.
632 3259 823 3330 Gron.,
853 3261 1041 3317 matris
1079 3260 1327 3324 Virginis.
1363 3258 1532 3316 Kehr.
1570 3277 1582 3315 :
1630 3283 1649 3308 ι
1672 3262 1780 3316 Das

180 3334 306 3390 hier
334 3334 392 3389 in
422 3340 591 3390 etwas
619 3332 1112 3402 ungewéhulicher
1156 3331 1479 3402 Bedeutung
1515 3330 1778 3387 stehende

178 3404 346 3462 Wort
373 3406 620 3462 clausula
654 3404 725 3460 ist
766 3404 868 3459 mit
896 3404 1019 3459 dem
1042 3405 1342 3459 claustrum
1376 3402 1602 3474 pudoris
1631 3418 1778 3459 emes

179 3476 391 3532 andern
410 3477 663 3547 Hymnus
687 3476 907 3547 (hymn.
937 3475 990 3541 4,
1017 3475 1101 3543 l2,
1121 3484 1256 3530 tom.
1281 3473 1541 3547 praeced.)
1575 3474 1775 3547 gleich-

177 3541 490 3604 bedeutend
546 3548 659 3604 und
695 3541 865 3603 'st'eht
935 3548 1025 3602 fur
1067 3541 1299 3601 utero;
1355 3541 1528 3601 Recte
1568 3541 1614 3599 si
1664 3562 1776 3601 vox

177 3618 237 3692 in
268 3619 391 3692 puri
421 3618 690 3692 sermonis
722 3618 927 3692 trutina
956 3616 1504 3692 examinatur,_apud
1533 3616 1775 3692 inferio-

177 3686 286 3747 ris'
315 3690 631 3747 Latinitatis
673 3690 968 3760 scriptores
1013 3690 1261 3744 clausula
1307 3686 1459 3760 idem
1501 3687 1775 3759 significat

176 3769 342 3840 atque
372 3762 530 3829 cella,
572 3778 695 3840 area
717 3757 885 3840 _s_ept_o_
917 3761 1168 3840 _c_lausa_;A
1188 3760 1378 3840 cf._
1423 3757 1602 3840 Gange
1634 3776 1686 3840 s;
1712 3776 1770 3815 v.

179 3830 464 3891 Clausura.
496 3863 567 3873 —
598 3830 804 3888 13-16Ῑ
828 3832 973 3887 Phil.
1016 3849 1078 3899 ιι,
1108 3830 1209 3887 1οῑ
1252 3830 1314 3887 Ut
1331 3831 1387 3884 in
1415 3830 1626 3884 nomine
1648 3831 1774 3886 Jesu

173 3920 327 3961 omne
351 3920 481 3973 genu
509 3905 750 3972 ﬂectatur
796 3904 1095 3970 caalestium,
1150 3902 1479 3957 terrestrium
1507 3907 1556 3956 et
1592 3901 1772 3970 infer-

170 3990 388 4031 narum.
436 3973 571 4031 Cod.
604 3975 746 4031 W.I
793 3983 847 4030 et
876 3974 963 4031 Cs.
1013 3974 1082 4031 ad
1129 3974 1279 4029 hunc
1334 3973 1516 4029 locum
1544 3973 1770 4044 propius

170 4044 463 4117 accedunt,
497 4046 755 4117 legentes,
787 4047 1096 4117 caelestium,
1138 4044 1467 4100 terrestrium
1494 4052 1771 4117 necnonet

169 4115 652 4187 infernalium.’—
706 4116 791 4172 14.
834 4116 982 4172 Cass.
1022 4135 1033 4172 :
1067 4117 1180 4183 AL,
1228 4122 1554 4179 curvantes;
1601 4115 1766 4182 Lud.,

170 4191 456 4261 flectuntur
474 4205 497 4254 ;
524 4187 593 4261 in
608 4188 915 4261 nonnullis,
942 4204 1130 4261 genua.
1163 4187 1255 4243 W.
1281 4188 1339 4261 _I.‘
1362 4189 1766 4261 genu_/l_uctatur

1888 2976 2053 3030 sacras
2086 2972 2381 3029 dominicis
2409 2972 2605 3029 diebus
2628 2981 2682 3029 et
2720 2972 2933 3029 festivis
2983 2972 3318 3029 in’Ecclesia‘
3344 2975 3478 3032 reci-

1889 3053 2045 3101 tatas.
2078 3044 2337 3103 Conferas
2368 3062 2423 3100 v.
2464 3044 2570 3101 3-6
2608 3062 2747 3117 cum
2785 3046 3015 3117 epistola
3046 3046 3205 3100 Dom.
3243 3045 3388 3117 Adv.
3425 3048 3477 3114 1,

1888 3118 2046 3173 Rom.
2091 3133 2214 3184 xui,
2251 3117 2313 3171 11
2345 3132 2427 3188 sq.
2466 3134 2477 3172 :
2528 3133 2583 3188 v.
2625 3116 2797 3188 ,13-16
2826 3116 2968 3188 cum
3001 3116 3282 3188 gEvangel.
3315 3119 3476 3173 Dom.

1886 3189 1936 3245 ll
1968 3189 2077 3260 (vel
2109 3188 2167 3243 in
2216 3187 2480 3260 Romana
2506 3187 2773 3260 Ecclesia,
2819 3195 2881 3243 ut
2909 3187 3089 3260 hodie,
3120 3197 3199 3260 est
3242 3188 3313 3259 Ι),
3343 3189 3477 3245 Luc.

1886 3258 2010 3327 xxi,
2041 3260 2109 3341 25
2127 3276 2297 3341 _sqq._;
2358 3258 2861 3341 initiumdeuique
2918 3276 3044 3341 cum
3077 3259 3171 3341 illa
3202 3260 3477 3341 peﬂcopa,

1925 3331 2094 3412 usuin
2126 3329 2473 3412 Lectionario
2522 3329 2898 3412 vetustiSSimo
2946 3329 3216 3409 tribuitur
3250 3329 3473 3412 Domin.

1886 3402 1981 3470 IV,
2023 3403 2187 3457 Marc.
2221 3419 2261 3469 ι,
2295 3402 2317 3456 1
2354 3418 2441 3483 εει.
2471 3431 2541 3442 -
2571 3403 2620 3456 1.
2658 3402 2895 3481 Joannes
2924 3402 3088 3481 etiam
3120 3409 3281 3482 atque
3310 3402 3476 3457 etiam

1886 3474 2127 3530 inculcat
2155 3474 2536 3545 paenitentiam
2571 3481 2625 3527 et
2654 3481 2901 3545 increpat
2930 3488 3118 3545 omnia
3147 3480 3285 3527 Vitia
3302 3481 3477 3545 atque

1883 3553 2121 3616 peccata.
2154 3542 2225 3585 ——
2254 3544 2305 3599 3.
2356 3544 2455 3599 Bd.
2484 3544 2695 3616 procul.
2720 3542 2891 3616 _g—4.
2926 3542 3113 3616 _Cass.,
3164 3542 3476 3612 Ramb.,_ab

1881 3614 2061 3671 a'thre.
2094 3646 2165 3656 —
2193 3616 2245 3670 3.
2278 3617 2369 3681 E.,
2391 3616 2552 3678 Msn.,
2588 3614 2837 3676 turbida;
2868 3614 2988 3681 Pd.,
3030 3621 3288 3684 resurget.
3319 3646 3391 3656 —
3418 3616 3473 3671 9.

1881 3688 2067 3755 Fabr.,
2125 3687 2595 3760 desursumuMale
2617 3685 2938 3741 commiscet
2967 3693 3126 3757 poeta
3149 3687 3478 3760 insequen-

1884 3760 2030 3815 tibus
2078 3766 2266 3830 tropos
2320 3757 2387 3813 de
2420 3757 2641 3830 Christo
2693 3756 3132 3830 usurpatosL—ﬁ
3158 3757 3277 3830 13η
3308 3756 3474 3815 'Cass.

1880 3830 2097 3898 Ramb.,
2158 3826 2216 3885 ut
2265 3846 2383 3884 cum
2426 3828 2668 3884 secundo.
2729 3858 2801 3869 —
2830 3826 2939 3883 ⁷14.
2983 3829 3077 3893 ΙΙΙ,
3112 3828 3471 3898 Mundumque

1878 3902 2100 3957 horrore
2125 3919 2169 3957 c.
2202 3932 2272 3942 —
2306 3901 2389 3958 16.
2422 3902 2517 3970 ΠΙ,
2544 3899 2665 3972 pios
2692 3915 2788 3954 nos
2848 3905 2968 3953 tunc
3003 3917 3017 3967 ;
3052 3898 3225 3969 Cass.,
3256 3900 3473 3970 Ramb.,

1880 3974 1978 4029 Sed
2004 3990 2098 4027 nos
2122 3972 2269 4045 pius.

1948 4052 2062 4109 LV.
2094 4083 2165 4124 -_—
2186 4053 2441 4124 Hymnus
2461 4068 2624 4122 supra
2653 4051 2867 4124 positus
2890 4051 3090 4124 passim
3120 4053 3395 4124 reperitur
3417 4054 3475 4109 in

1948 4068 2062 4109 LV.
2094 4083 2165 4093 —
2187 4068 2441 4124 hymnus
2461 4068 2624 4122 supra
2653 4068 3090 4179 posrtusvpassmi
3120 4068 3395 4124 reperitur
3417 4070 3472 4109 in

1876 4122 2172 4180 Breviariis
2214 4123 2616 4195 vetustioribus
2650 4124 2735 4179 vel
2767 4123 2833 4178 ad
2908 4140 3122 4195 esperas
3149 4126 3236 4179 vel
3266 4124 3334 4179 ad
3362 4126 3472 4180 Ma-

1876 4195 2141 4250 tutinum.
2172 4194 2331 4267 Nunc
2361 4194 2565 4267 ubique
2598 4196 2654 4249 in
2695 4194 3183 4267 nocturno'_ollicio
3212 4196 3475 4253 recitatur

172 4253 428 4339 unguium.
473 4253 543 4302 +-
569 4258 825 4339 1-ςὶ.ΔΙ³ι·2
856 4253 1255 4339 ᾼὶιξςη-ΙΞΙὉΗιζ
1280 4253 1454 4329 Lips,
1481 4253 1605 4326 Pd.,
1636 4266 1768 4313 nutu
1794 4253 1841 4314 B
1876 4274 2121 4339 tempore
2150 4266 2437 4339 Adventus
2464 4253 2772 4339 {praeterea
2797 4268 2948 4339 (cum
2970 4265 3187 4339 duobus
3205 4267 3299 4339 qui
3329 4276 3477 4324 ante-

171 4330 430 4402 fatentur.
461 4360 532 4402 ε
562 4330 756 4402 17-20.
784 4330 993 4402 Rejecit
1024 4331 1185 4386 Brev.
1216 4330 1376 4386 Rom.
1402 4344 1621 4384 versum
1662 4346 1771 4385 ne-

173 4400 281 4475 que
308 4401 536 4474 injuria.
576 4402 656 4457 Ne
705 4400 867 4475 illud
905 4415 1349 4475 commemorem,
1401 4416 1593 4475 parum
1627 4416 1768 4475 eum

173 4469 448 4531 cohaerere
476 4490 602 4530 cum
642 4472 871 4545 reliquis
899 4472 1162 4529 carminis
1190 4469 1437 4545 partibus
1461 4471 1521 4545 _in
1542 4471 1767 4545 quibus-

173 4546 301 4602 dam
360 4545 517 4602 libris
543 4544 708 4601 etiam
760 4540 930 4600 abest.
983 4546 1063 4599 lta
1091 4540 1334 4614 explicat
1362 4540 1529 4597 verba
1556 4540 1718 4598 'Loss.
1749 4560 1761 4599 :

186 4615 538 4689 {Corporum
560 4616 874 4689 caelestium
924 4622 1105 4689 certus
1150 4623 1227 4689 et_
1246 4620 1541 4689 perpetuus
1584 4621 1767 4689 motus

174 4687 243 4745 de
268 4684 484 4744 duobus
512 4687 774 4743 admonet
820 4686 1146 4742 Ecclesiam.
1197 4684 1443 4741 Primum
1474 4684 1541 4740 de
1574 4686 1765 4740 omni-

175 4760 418 4832 potentia
439 4766 494 4815 et
523 4758 792 4832 sapientia
811 4759 930 4832 Dei,
952 4757 1194 4814 secundo
1224 4756 1291 4813 de
1320 4765 1539 4832 aeterno
1563 4755 1767 4812 fcedere

175 4826 282 4903 quo
309 4832 454 4887 Deus
493 4826 817 4901 per'Filium
871 4829 1173 4903 humanum
1221 4844 1389 4900 genus
1438 4826 1543 4882 sibi
1587 4843 1767 4903 copu-

174 4899 327 4958 lavit.
376 4899 575 4959 Jerem.
629 4918 834 4969 xxxm,
868 4901 969 4957 20:
1025 4899 1238 4957 Foedus
1267 4916 1436 4954 meum
1475 4916 1591 4953 cum
1635 4899 1768 4970 ipsis

173 4974 475 5029 inviolabile
531 4973 633 5028 erit
677 4973 812 5027 sicut
861 4974 1043 5027 cadum
1089 4980 1163 5026 est
1203 4971 1639 5042 sempiternum.»
1697 5001 1768 5011 -

178 5046 259 5102 19.
319 5046 473 5114 Beb.,
532 5046 779 5100 renitens.
846 5074 918 5084 —
962 5044 1050 5099 20.
1109 5041 1314 5110 Cass.,
1355 5041 1665 5114 observuvit.
1697 5071 1768 5082 ——

174 5118 259 5175 21.
292 5112 559 5173 Miramur
587 5116 756 5172 Kehr.
792 5114 910 5171 hazc
957 5124 1307 5170 monentem:
1349 5112 1518 5183 «Agie
1548 5112 1766 5183 k‘Onnte

177 5204 322 5255 man,
368 5188 587 5244 freilieh
627 5185 1051 5257 sprachwidrig,
1086 5186 1175 5242 fur
1223 5202 1317 5257 age
1349 5181 1554 5257 fassen,
1582 5181 1768 5257 besser

176 5259 312 5315 wird
342 5277 470 5315 man
498 5277 554 5315 es
577 5255 777 5331 jedoch
811 5257 901 5312 fur
944 5255 1039 5312 das
1091 5255 1432 5329 griechischc
1461 5282 1605 5331 αγιος
1632 5256 1765 5312 hal-

172 5345 280 5393 tcn.
316 5362 335 5385 ι
381 5338 469 5394 22.
500 5339 665 5409 Aug,
699 5335 925 5409 venturi.
957 5366 1027 5409 ἡ
1057 5336 1146 5401 23,
1180 5335 1267 5390 24.
1301 5335 1491 5409 Cassi:
1526 5335 1588 5389 In
1622 5334 1763 5390 libro

175 5408 227 5465 S.
250 5409 532 5466 Benedicti
575 5405 657 5464 ita
699 5408 941 5476 legitur:
994 5407 1257 5463 Conserva
1296 5423 1389 5460 nos
1437 5405 1493 5460 in
1542 5412 1766 5476 tempore

173 5482 344 5554 noctis
374 5500 409 5536 a
454 5483 551 5536 telo
594 5451 809 5554 perﬁdi,
863 5494 1095 5554 quorum
1154 5478 1445 5554 verborum
1497 5451 1767 5554 senterntia

175 5552 460 5609 manifesta
485 5548 1183 5623 esthuanqua'mnreliqui
1204 5550 1327 5623 fere
1367 5564 1559 5604 omnes
1593 5548 1766 5623 exhi-

175 5624 299 5680 bent
326 5626 510 5692 hostis,
540 5619 885 5696 egogquoque
916 5620 1066 5696 illam
1103 5619 1438 5696 scripturam
1470 5619 1763 5696 genuinam

210 5690 503 5753 utaverim.
534 5690 625 5750 W.
649 5690 702 5751 Ιῖ
724 5690 837 5762 (Σεῖ,
869 5710 971 5764 quo
1001 5692 1095 5748 diu
1129 5690 1292 5749 simus
1310 5694 1544 5748 advenae.
1568 5721 1640 5733 —
1671 5690 1759 5747 24.

226 5813 235 5823 .
277 5769 310 5825 2
332 5768 555 5834 vitiose,
585 5784 619 5821 a
650 5766 746 5820 telo
770 5764 1000 5835 procidi.

240 5840 379 5895 LIV.
418 5871 471 5878 -—
508 5833 568 5893 In
600 5833 840 5892 adventu
887 5835 954 5890 ad
994 5835 1225 5901 Laudes,
1278 5834 1389 5889 fere
1446 5833 1669 5906 ubique.
1705 5834 1765 5889 Id

177 5912 336 5967 velim
368 5911 425 5966 in
464 5910 567 5967 hoc
592 5908 833 5965 carmine
854 5923 922 5962 ne
952 5907 1353 5979 praetermittas,
1385 5914 1598 5979 poetam
1627 5907 1767 5979 opti-

1877 4337 2104 4407 cedunt)
2154 4337 2211 4392 in
2247 4337 2547 4393 festivitate
2589 4337 3037 4407 Exspectationis
3066 4337 3128 4392 B.
3166 4337 3236 4395 VI
3268 4339 3472 4396 Mariae.

1877 4410 1967 4463 Hi1
2000 4408 2105 4465 hoc
2135 4408 2348 4466 hvmno
2394 4408 2838 4466 resnondendum
2879 4424 2994 4463 esse
3021 4418 3204 4464 censet
3242 4409 3475 4466 haereti—

1876 4480 1975 4547 cis,
2025 4480 2122 4552 qui
2170 4479 3035 4552 dicereuthhristumvenisse,
3089 4480 3195 4552 _sed_
3226 4497 3354 4552 non
3406 4481 3475 4536 de

1876 4549 2059 4607 Patre:
2089 4582 2158 4593 -——
2189 4552 2241 4608 2.
2277 4552 2370 4619 Ε.,
2420 4550 2593 4617 Cass.,
2646 4550 2919 4619 prodiens.
2963 4579 3033 4589 —
3080 4549 3132 4604 4.
3167 4550 3251 4607 Cf.
3297 4551 3386 4617 50,
3417 4553 3470 4608 9.

1874 4653 1945 4663 -
1978 4624 2027 4679 7.
2062 4622 2256 4690 Gron.,
2282 4622 2440 4689 Beb.,
2462 4621 2645 4676 audito
2671 4636 2773 4689 quo
2790 4619 3056 4690 praeconio
3082 4638 3094 4686 ;
3128 4620 3254 4690 Bd.,
3285 4623 3474 4678 audita

1875 4700 1933 4748 ut
1962 4697 2246 4764 prreconia.
2266 4723 2341 4764 -ί
2366 4694 2451 4764 11.
2477 4691 2647 4764 cass.,
2675 4691 2858 4764 reddes
2888 4692 3154 4764 viceme—
3176 4693 3263 4748 13.
3296 4694 3468 4762 Cass.,

1874 4762 1980 4819 non
2010 4766 2097 4819 des
2128 4770 2226 4829 ut;
2273 4763 2410 4818 alios
2441 4762 2634 4834 legisse
2664 4762 2849 4834 refert,
2908 4779 3014 4816 non
3054 4763 3264 4819 damnis
3291 4782 3304 4832 ;
3340 4764 3464 4834 Bd.,

1878 4836 2011 4903 Hil.,
2057 4835 2214 4903 Beb.,
2269 4832 2559 4898 arcemur;
2613 4832 2869 4904 Wiinpf.,
2919 4851 3215 4891 arceamur.
3265 4865 3336 4899 -—,-
3381 4832 3466 4893 i6.

1876 4907 2080 4963 Clicht.
2117 4925 2128 4962 :
2176 4930 2194 4954 ι
2244 4907 2345 4961 Per
2383 4904 2699 4962 caelibatum
2740 4921 3036 4975 perennem
3082 4906 3281 4963 futuraa
3334 4910 3462 4964 vitae

1877 4980 2083 5049 petitur
2137 4984 2309 5049 status
2352 4976 2612 5049 regnique
2663 4977 2898 5049 cmlestis
2926 4985 3187 5049 perpetua
3233 4979 3466 5048 mansio,

1876 5047 2136 5120 quoniam
2168 5048 2224 5103 in
2255 5064 2318 5102 eo
2343 5047 2491 5120 jungis
2519 5047 2598 5103 cst
2625 5047 2973 5120 continentia
3002 5058 3163 5120 atque
3192 5052 3406 5105 vacatio
3434 5047 3466 5105 a

1876 5118 2474 5192 carnalirconsortiou
2506 5163 2517 5174 .
2562 5125 2698 5192 sunt
2722 5118 3027 5192 etiam_qui
3077 5118 3266 5192 legunt
3295 5122 3460 5177 crnli-

1874 5200 1975 5247 tes.
2004 5193 2075 5247 Et
2104 5191 2161 5246 hi
2191 5190 2518 5262 apertiorem
2547 5189 2869 5262 exprimunt
2900 5189 3065 5261 hujus
3094 5189 3200 5247 loci
3248 5200 3463 5248 sentcn-

1878 5264 2028 5349 tia‘m.
2074 5261 2279 5349 Verum
2322 5261 2416 5349 qui
2471 5261 2915 5349 legerem-Simus
2939 5278 3194 5349 ‘perenne
3221 5263 3464 5343 cmlibcs,

1876 5334 2225 5407 vetcazlites,
2259 5331 2434 5407 multo
2469 5331 2905 5407 aptiusgdiceret.
2938 5331 3073 5389 Nam
3099 5344 3153 5390 et
3178 5334 3356 5390 lenior
3380 5344 3463 5391 est

1873 5405 2108 5478 prolatio
2158 5414 2211 5461 et
2284 5404 2802 5478 melioriorationis
2861 5410 3154 5461 structura.
3188 5431 3237 5478 »η
3276 5407 3346 5463 Ut
3406 5414 3467 5462 ut

1874 5476 1974 5545 est,
2007 5477 2274 5532 librorum
2306 5476 2630 5533 auctoritate
2682 5483 2742 5530 ut
2772 5492 2943 5531 unum
2972 5484 3079 5531 stat
3107 5477 3326 5545 cwlibes,
3358 5494 3467 5534 ne-

1874 5565 1978 5620 que
2011 5549 2118 5603 alio
2149 5548 2312 5603 modo
2346 5548 2755 5621 explicandum,
2789 5563 2953 5621 quam
2983 5548 3284 5621 explicavit
3314 5550 3461 5606 Hil.:

1889 5617 1907 5667 ἱ
1926 5621 2199 5677 οωίθδῐθη]
2232 5617 2722 5675 vitam—ducentes.
2759 5642 2775 5666 ι
2803 5617 2955 5673 ‘Nam
3000 5617 3073 5674 ex
3116 5621 3236 5676 loco
3264 5622 3459 5677 Matth.

1873 5709 2016 5759 xxu,
2050 5692 2149 5748 30:
2201 5693 2268 5747 In
2298 5693 2673 5745 resurrectione
2717 5705 2878 5762 neque
2916 5692 3106 5746 nubent
3149 5709 3309 5762 neque
3354 5710 3465 5745 nu-

1874 5763 2093 5835 bcnlur,
2116 5764 2202 5817 sed
2232 5769 2386 5817 erunt
2413 5763 2547 5835 sicut
2569 5761 2741 5832 angeli
2791 5762 2901 5835 Dei,
2938 5763 2991 5815 in
3012 5765 3157 5829 coelo,
3192 5761 3463 5835 proficisci

1874 5835 2055 5907 potuit
2083 5834 2180 5889 illa
2201 5833 2461 5906 loquendi
2482 5835 2642 5904 ratio,
2665 5841 2725 5889 ut
2753 5834 2953 5889 cmlebs
2967 5850 3066 5907 pro
3091 5833 3279 5892 beatus
3308 5850 3459 5890 usur-

1874 5913 2111 5980 paretur.
