3940 6378
489 369 626 430 1239

486 493 594 560 Qui
624 498 786 548 natus
809 489 929 546 orbi
957 487 1222 560 subvenis

487 557 666 622 Cursu
695 560 896 618 declivi
930 557 1225 630 temporis;

487 651 750 707 Illumina
778 664 925 704 nunc
950 655 1172 718 pectora

489 722 715 793 Tuoque
740 735 924 775 amore
947 732 1238 793 concrema

486 789 695 848 Audito
723 799 785 846 ut
813 789 1090 861 praeconio

487 863 609 919 Sint
637 862 795 934 pulsa
815 857 1042 916 tandem
1073 857 1306 914 lubrica.

485 953 770 1036 iudexque
797 969 922 1036 cum
950 959 1072 1036 post
1095 948 1279 1030 aderis

485 1021 698 1082 Rimari
734 1025 875 1079 facta
904 1021 1159 1093 pectoris,

487 1096 739 1152 Reddens
771 1090 940 1149 vicem
974 1110 1073 1165 pro
1098 1090 1301 1165 abditis

486 1167 763 1238 Justisque
792 1161 1019 1238 regnum
1059 1180 1158 1236 pro
1186 1161 1366 1218 bonis.

485 1257 604 1312 Non
637 1255 859 1310 demum
906 1263 1182 1310 arctemur
1209 1251 1368 1308 malis

486 1328 590 1382 Pro
619 1326 878 1398 qualitate
903 1324 1174 1398 criminis,

486 1397 592 1455 Sed
628 1397 752 1453 cum
783 1397 955 1453 beatis
982 1403 1260 1466 compotes

485 1470 669 1527 Simus
706 1484 970 1540 perennes
999 1467 1235 1523 caelibes.

616 1582 872 1653 Ejusdem
901 1582 1080 1654 hymni
1107 1581 1221 1636 alia
1251 1580 1416 1636 lectio.

730 1673 849 1746 (Ex
889 1673 1051 1730 Brev.
1107 1672 1293 1744 Rom.)

484 1775 728 1832 Verbum
757 1791 1054 1846 supernum
1089 1771 1371 1846 prodiens,

481 1847 529 1902 E
548 1846 726 1903 Patris
754 1854 959 1902 aeterno
987 1846 1136 1913 sinu,

481 1918 587 1985 Qui
617 1926 780 1974 natus
801 1918 919 1973 orbi
949 1915 1212 1972 subvenis

482 1989 722 2045 Labente
751 2005 917 2046 cursu
946 1988 1208 2061 temporis
1245 2005 1260 2055 ;

483 2077 743 2149 lllumina
759 2094 908 2134 nunc
933 2085 1154 2149 pectora

482 2148 708 2220 Ilioque
741 2148 1244 2220 amoreiconcrema

481 2217 552 2274 Ut
579 2217 674 2273 cor
693 2217 898 2272 caduca
923 2218 1178 2272 deserens

481 2287 620 2346 Coeli
649 2288 903 2359 voluptas
933 2286 1160 2356 impleat
1191 2303 1203 2342 :

479 2377 551 2433 Ut
575 2392 703 2433 cum
733 2374 978 2431 tribunal
998 2371 1208 2430 Judicis

481 2445 778 2505 Damnabit
804 2443 1150 2518 igninosios

479 2520 551 2575 Et
577 2534 690 2574 vox
707 2515 883 2573 amica
911 2515 1180 2582 debitum,

481 2589 715 2646 Vocabit
740 2589 808 2645 ad
837 2588 1036 2645 cmlum
1067 2585 1206 2658 pios,

480 2679 602 2735 Non
629 2695 750 2735 esca
777 2677 1123 2748 ﬂammarum
1152 2674 1340 2748 nigros
1419 2699 1422 2703 ·

483 2751 790 2806 Volvamur
817 2749 961 2804 inter
981 2747 1252 2816 turbines,

477 2821 668 2900 ΥιιῃιιΔ
680 2823 780 2878 Dei
819 2819 912 2878 sed
950 2827 1252 2900 compotes,

476 2891 613 2950 Coeli
642 2891 894 2950 fruamur
921 2890 1155 2964 gaudiis.

941 2998 1084 3056 LVI.

674 3089 754 3148 De
778 3089 1068 3147 Nativitate
1093 3086 1333 3145 Domini.

774 3179 886 3252 (Ex
913 3177 1066 3235 Libr.
1098 3175 1238 3247 vet.)

475 3274 712 3342 Christe,
741 3273 1074 3346 Redemptor
1109 3270 1380 3345 gentium,

474 3349 552 3403 De
582 3347 740 3402 Patre
770 3344 1048 3401 Patris—un
1061 3344 1166 3413 ice,

474 3417 636 3474 Solus
656 3426 781 3472 ante
811 3415 1148 3487 principium

472 3489 644 3544 Natus
674 3486 1050 3544 ineffabiliter.

473 3576 557 3657 In
595 3577 805 3642 lumen,
831 3584 893 3632 tu
912 3573 1174 3657 splendor
1192 3573 1389 3642 Patris,

473 3646 558 3702 Tu
585 3661 708 3718 spes
737 3646 994 3718 perennis
1021 3646 1294 3713 omnium,

1500 358 1596 414 AD
1636 355 1871 414 OPERA
1907 355 1962 411 S.
2006 341 2340 411 AMBROSII
2379 344 2760 406 APPENDIX.

1601 481 1828 541 Intende
1854 496 1988 554 quas
2008 477 2252 554 fundunt
2271 489 2456 548 preces

1601 553 1703 611 Tui
1723 569 1820 626 per
1838 547 2026 608 o'rbem
2055 547 2273 608 famuli.

1513 643 1548 700 5
1601 644 1896 710 Memento,
1925 640 2122 697 salutis
2157 646 2368 710 auctor,
2520 706 2531 710 _
2604 703 2658 710 η
2716 640 2865 710 {esu,
2893 640 2995 687 tibi
3024 640 3088 705 sit

1600 699 2277 794 Quodnos'triuquondam
2315 699 2566 781 corporis
2597 703 2664 762 10
2717 703 2820 774 Qui
2849 711 3010 760 natus
3035 701 3093 760 es
3121 699 3189 758 de
3217 699 3469 773 Virgine,
3490 707 3603 756 etc.

1597 787 1686 841 Ex
1715 783 1930 840 illibata
1956 782 2184 854 Virgine

1598 855 1884 913 Nascendo
1918 851 2152 910 formam
2181 851 2502 924 sumpseris.

1499 991 1536 1019 λ
1601 948 1691 1004 Sic
1717 963 1954 1019 praesens
1983 953 2216 1019 testatur
2243 943 2361 1019 dies

1479 1015 1545 1073 10
1599 1015 1837 1077 Curi-ens
1871 1033 1966 1088 per
1988 1016 2118 1088 anni
2149 1015 2422 1088 circulum

1599 1089 1756 1157 Quod
1789 1085 1942 1146 solus
1971 1105 2001 1143 a
2025 1087 2150 1144 sede
2179 1085 2354 1142 Patris

1599 1161 1791 1219 Mundi
1818 1162 1966 1216 salus
1993 1159 2300 1215 adveneris.

1600 1252 1760 1308 Hunc
1781 1252 2004 1318 cmlum,
2035 1258 2199 1316 terra,
2222 1248 2372 1304 hunc
2401 1262 2572 1314 mare,

1601 1325 1760 1380 Hunc
1788 1338 1951 1379 omne
1975 1321 2121 1392 quod
2150 1321 2210 1375 in
2239 1319 2319 1392 eis
2340 1327 2442 1388 est,

1479 1391 1546 1450 15
1599 1395 1892 1451 Auctorem
1922 1391 2192 1449 adventus
2222 1391 2305 1446 tui

1599 1465 1852 1522 Laudans
1880 1465 2118 1520 exsultet
2147 1463 2381 1520 cantico.
2587 1458 2658 1518 20

1597 1555 1706 1637 ﬁes
1735 1570 1951 1637 quoque
1981 1551 2074 1626 qui
2103 1557 2416 1632 sanctetuo

1597 1621 1883 1698 Redempti
1911 1621 2101 1698 sumus
2123 1621 2408 1695 sanguine,

1597 1697 1682 1756 Ob
1712 1696 1860 1753 diem
1889 1696 2089 1752 natalis
2117 1697 2201 1752 tui

1599 1770 1880 1843 Hymnum
1915 1784 2123 1824 novum
2143 1765 2516 1824 concinimus.

1740 1869 1995 1941 Ejusdem
2012 1869 2192 1941 hymni
2211 1868 2326 1924 alia
2357 1867 2522 1924 lectio.

1867 1964 1978 2036 (Ex
2001 1963 2162 2018 Brev.
2194 1961 2381 2034 Rom.)

1510 2075 1546 2132 δ
1596 2063 1744 2128 Jesn,
1775 2061 2107 2134 Redemptor
2134 2061 2411 2134 omnium,

1597 2134 1769 2201 Quem
1801 2133 1940 2189 lucis
1967 2132 2093 2188 ante
2123 2132 2391 2202 originem

1597 2205 1808 2275 Patrem
1840 2212 2076 2275 paternae
2103 2203 2290 2275 glorias

1595 2274 1753 2329 Pater
1781 2272 2068 2344 supremus
2095 2272 2288 2328 edidit.

1594 2361 1676 2417 Tu
1697 2361 1883 2418 lumen
1911 2369 1966 2416 et
1998 2359 2482 2432 splendorPatrls,
2621 2360 2657 2416 5

1475 2441 1540 2498 10
1593 2432 1674 2488 Tu
1699 2448 1820 2504 spes
1849 2429 2104 2504 perennis
2131 2429 2402 2504 omnium,

1594 2500 1820 2576 intende
1849 2500 1984 2576 quas
2022 2500 2264 2576 fundunt
2292 2516 2477 2572 preces

1593 2573 1695 2630 Tui
1725 2591 1819 2646 per
1847 2572 2032 2630 orbem
2059 2572 2288 2627 servuli.

1591 2663 1866 2729 Memento,
1887 2679 2067 2716 rerum
2084 2661 2344 2725 conditor,

1593 2733 1777 2813 gostri
1810 2733 1956 2813 qu_od
1979 2729 2404 2813 olimcorporis,
2587 2729 2654 2786 10

1472 2817 1540 2874 15
1594 2802 1919 2862 νειοιδειιδ“αι›
1948 2805 2074 2860 alvo
2100 2802 2346 2874 Virginis

1591 2875 1878 2934 Nascendo
1907 2875 2141 2931 formam
2165 2871 2484 2945 sumpseris.

1586 2965 1848 3022 Testatur
1879 2963 1986 3020 hoc
2013 2978 2255 3035 praesens
2283 2961 2407 3035 dies

1593 3036 1834 3094 Currens
1849 3051 1944 3094 per
1965 3033 2096 3090 anni
2126 3033 2402 3091 circulum

1593 3105 1752 3173 Quod
1780 3103 1930 3161 solus
1959 3122 1988 3160 e
2015 3105 2140 3160 sinu
2170 3103 2345 3159 Patris
2587 3103 2657 3163 15

1592 3175 1786 3235 Mundi
1815 3176 1962 3232 salus
1987 3175 2298 3242 adveneris,

1593 3267 1752 3322 Hunc
1780 3275 1946 3334 astra,
1986 3266 2170 3338 tellus,
2190 3280 2438 3338 aequora,

1593 3338 1709 3393 Hoc
1737 3353 1901 3393 omne
1929 3335 2075 3408 quod
2101 3337 2240 3393 coelo
2264 3335 2472 3405 subest,

1591 3409 1798 3465 Salutis
1823 3417 2106 3464 auctorem
2135 3423 2293 3464 novze

1590 3480 1746 3536 Novo
1765 3479 1968 3536 salutat
1998 3479 2234 3535 cantico.
2581 3479 2651 3538 20

1499 3573 1536 3630 ὅ
1590 3574 1663 3646 Et
1691 3589 1791 3646 nos
1817 3574 1977 3646 beata
2004 3588 2140 3646 quos
2177 3573 2320 3646 sacri

1590 3645 1809 3717 Rigavit
1838 3644 1986 3700 unda
2010 3643 2312 3716 sanguinis,

3651 333 3796 392 1240

2716 467 2924 526 Natalis
2951 465 3022 523 ob
3047 464 3194 522 diem
3222 463 3308 522 tui

2719 538 2925 612 Hymni
2950 537 3220 594 tributum
3249 533 3546 592 solvimus.

2716 633 2865 699 Iesu,
2893 631 2995 687 tibi
3024 629 3097 687 sit
3125 629 3299 699 gloria

3155 844 3322 901 LVII.

2918 955 2996 1014 De
3016 953 3303 1011 Natieitate
3331 952 3574 1009 Domini.

2593 1083 2661 1139 15
2713 1077 3348 1156 Mysterium_Ec_clesiae,

2713 1149 2994 1227 Hymnum
3026 1151 3246 1227 Christo
3285 1149 3602 1218 referimus,

2712 1223 2882 1293 Quem
2913 1223 3102 1296 senuit
3126 1238 3417 1296 puerpera.

2712 1292 2955 1354 Verbum
2991 1294 3168 1350 Patris
3197 1293 3255 1348 in
3286 1292 3451 1350 Filio.

2711 1387 2839 1442 Sola
2865 1385 2922 1440 in
2947 1401 3082 1440 sexu
3113 1383 3341 1450 femina,
3755 1379 3793 1434 5

2709 1458 2900 1514 Electa
2935 1472 2992 1512 es
3020 1457 3076 1510 in
3107 1455 3330 1522 saeculo,

2710 1530 2782 1585 Et
2814 1527 3062 1584 meruisti
3091 1525 3391 1584 Dominum

2711 1601 2910 1656 Sancto
2939 1605 3154 1671 portare
3181 1597 3238 1652 in
3273 1604 3451 1652 utero.

2711 1691 2880 1762 Vates
2902 1688 3116 1762 antiqui
3145 1685 3410 1762 temporis

2711 1754 3085 1818 Praedixerant
3113 1754 3277 1832 quod'
3291 1758 3497 1814 factum
3526 1763 3636 1823 est,
3721 1754 3793 1810 10

2710 1833 2852 1900 Quia
2879 1833 3049 1902 Virgo
3077 1831 3410 1902 conciperet,

2708 1907 2782 1961 Et
2808 1901 3022 1977 pareret
3048 1901 3396 1958 Emmanuel.

2710 1991 3176 2066 Mysteriumhoc
3203 2004 3463 2062 magnum
3493 1994 3597 2056 est,

2711 2062 2893 2121 Maria
2920 2062 3068 2137 quod
3096 2077 3413 2120 concessum
3445 2067 3548 2137 est,

2713 2137 2783 2192 Ut
2804 2129 3102 2208 Deut-upper
3121 2150 3284 2208 quem
3314 2130 3522 2199 omnia,
3721 2129 3793 2185 15

2710 2207 2798 2280 Ex
2826 2223 2884 2263 se
2912 2204 3402 2278 videret'prodere.
3479 2275 3485 2280 _

2708 2275 2852 2367 Vere
2883 2293 3056 2367 gratia
3083 2275 3245 2366 plena
3271 2309 3329 2350 es

2707 2366 2779 2436 Et
2802 2365 3045 2436 gloriosa
3072 2365 3377 2436 permanes,

2707 2434 2847 2500 Quia
2867 2450 2938 2490 ex
2964 2441 3018 2490 te
3046 2434 3207 2490 nobis
3227 2443 3389 2490 natus
3419 2441 3504 2491 est

2707 2503 2962 2564 Christus
2989 2519 3086 2578 per
3113 2521 3276 2578 quem
3304 2505 3450 2562 facta
3478 2513 3614 2560 sunt
3646 2521 3794 2560 om-

3531 2573 3682 2648 [nia.
3719 2576 3795 2632 20

3621 2592 3682 2631 a.

2707 2665 2956 2736 Pastores
2981 2662 3076 2736 qui
3100 2663 3415 2736 audierunt,

2707 2735 2952 2792 Gloriam
2977 2734 3212 2791 Domino
3241 2740 3554 2798 cantarunt,

2707 2805 3081 2864 Cucurrerunt
3117 2806 3176 2860 in
3204 2803 3484 2860 Bethleem

2707 2878 2905 2935 Natum
2937 2877 3126 2934 videre
3153 2876 3477 2932 Dominum.

2709 2966 2801 3025 Sic
2826 2967 2969 3025 magi
2994 2967 3062 3023 ab
3093 2975 3221 3022 ortu
3243 2965 3378 3022 solis
3712 2965 3789 3022 25

2709 3039 2812 3096 Per
2835 3037 3007 3096 stellas
3034 3037 3306 3094 indicium

2709 3111 2992 3182 Portantes
3019 3116 3213 3182 typum
3241 3107 3484 3180 gentium

2709 3180 2882 3238 Primi
2911 3180 3150 3237 offerunt
3187 3195 3433 3236 munera.

2707 3271 2980 3352 Βοεεξιξιιξε
3004 3287 3139 3352 eteo
3169 3269 3360 3352 Pssuli

2707 3337 2819 3398 Dei
2837 3337 3149 3399 Matrem'et
3171 3337 3460 3412 Virginem
3708 3337 3784 3396 30

2708 3413 2779 3486 Ut
2807 3412 2924 3484 ipsa
2947 3413 3109 3486 nobis
3138 3414 3392 3486 impetret

2707 3484 2901 3542 Pacem
2931 3492 2986 3540 et
3013 3484 3437 3557 indulgentiam.

2706 3575 2896 3631 Gloria
2922 3575 3046 3643 tibi,
3073 3575 3328 3643 Domine,

2705 3645 2814 3712 Qui
2843 3653 3006 3703 natus
3033 3661 3092 3702 es
3109 3645 3177 3702 de
3209 3644 3458 3717 Virgine,
3512 3649 3620 3699 etc.

542 3742 684 3817 LVI,
715 3771 786 3784 —
814 3741 1066 3817 Hymnus
1092 3741 1151 3798 in
1180 3742 1547 3817 vetustisinon
1576 3743 1684 3817 nisi
1711 3759 1834 3799 raro
1864 3741 2063 3817 obvius
2089 3744 2141 3804 A
2177 3742 2322 3814 apud
2349 3742 2692 3817 Ellingerum
2741 3744 2822 3816 (in
2841 3743 3219 3817 Epiphania),
3251 3742 3346 3800 sed
3385 3757 3608 3817 prorsps
3637 3755 3780 3817 mn-

475 3814 616 3886 (Fr.,
651 3814 792 3886 Aug.
827 3812 882 3886 et
905 3814 1211 3886 al.),Annnc
1243 3812 1436 3886 majori
1465 3831 1591 3886 cum
1623 3813 1973 3886 observantia
2001 3813 2061 3868 in

474 3885 724 3959 Ecclesia
746 3883 1000 3959 teolitur.
1033 3883 1263 3959 Canitur
1291 3883 1439 3959 enim
1478 3885 1537 3940 in
1576 3885 1823 3959 utrisque
1846 3885 2062 3959 Vespe-

472 3955 548 4028 ris
575 3955 916 4028 Nativitatis,
944 3955 1141 4028 diebus
1171 3955 1604 4028 infra_0ctavam
1634 3955 1878 4028 ejusdem
1908 3955 2062 4012 festis

473 4025 621 4083 haud
667 4026 965 4099 impeditis,
989 4034 1043 4084 et
1099 4025 1237 4083 festo
1277 4025 1740 4099 Circumcisionis.
1785 4028 2062 4099 Praeterea

472 4113 664 4153 versus
690 4096 907 4167 tertius,
946 4096 1175 4169 junctus
1207 4115 1334 4154 cum
1383 4097 1495 4154 alio
1521 4097 1744 4154 aliunde
1769 4097 2058 4169 desumpto

473 4169 681 4240 (Maria
728 4175 896 4224 mater
919 4171 1125 4239 gratim,
1171 4169 1357 4226 Dulcis
1399 4186 1596 4240 parens
1634 4170 1932 4236 clementius,
1980 4170 2061 4224 Tu

471 4255 568 4293 nos
610 4239 676 4294 ab
732 4240 873 4294 hoste
921 4247 1073 4309 prote
1107 4257 1152 4306 e,
1208 4242 1282 4296 Et
1315 4239 1449 4295 hora
1488 4241 1676 4296 mortis
1721 4240 1954 4310 suscipe)
1995 4255 2058 4296 ac

471 4308 770 4365 doxologia
795 4308 1026 4364 inservit
1053 4257 1248 4365 (gilicio
1294 4326 1464 4365 narvo
1495 4311 1678 4365 Marias
1707 4311 1776 4365 ad
1807 4309 2055 4365 Comple-

471 4308 770 4382 doxologia
795 4308 1248 4382 inservitAOﬂicio
1294 4326 1464 4382 parvo
1495 4311 1678 4368 Mariae
1707 4311 1776 4366 ad
1807 4308 2055 4382 comple-

469 4379 761 4436 torium'et
795 4397 984 4436 omnes
1037 4379 1220 4448 horas,
1251 4379 1372 4452 quas
1409 4381 1672 4438 dicuntur
1702 4379 1963 4438 minores:
1986 4411 2058 4423 —

471 4453 509 4533 1⁸
530 4452 648 4533 Fr:
677 4452 864 4533 Aug.,_
879 4453 1130 4533 omnium.
1167 4453 1370 4533 Exstat
1403 4452 1644 4533 hymnus
1668 4453 1888 4533 serioris
1917 4460 2018 4533 aeta
2037 4483 2059 4494 -

467 4523 558 4591 tis,
575 4523 792 4595 Christe
821 4524 1130 4595 Redemptor
1159 4525 1412 4591 omnium,
1440 4523 1507 4581 de
1535 4525 1792 4581 omnibus
1813 4524 2052 4595 sanctis.

466 4623 540 4676 -ς
566 4594 618 4650 2.
648 4594 774 4678 Pd.,
805 4613 888 4678 ex:
917 4625 988 4677 .—
1007 4594 1266 4678 75..C.ass.,
1300 4595 1490 4678 Bamb.
1511 4595 1664 4678 “(qui
1712 4595 1779 4678 in_
1809 4594 1915 4678 hoc
1942 4611 2055 4678 car-

469 4665 617 4720 mine
645 4665 1182 4740 Cassandrivestigia
1196 4667 1446 4740 premit),
1478 4665 1700 4740 aliique,
1733 4673 1798 4740 e_t.
1835 4666 2055 4740 Voculae

465 4742 844 4810 et..._ut,icu[n
875 4737 1008 4810 alias
1049 4737 1146 4809 (cf.
1179 4737 1326 4810 doct.
1351 4738 1550 4810 Ungeri
1583 4737 1860 4810 quondam
1889 4737 2054 4810 colle-

466 4823 544 4888 gge
577 4807 765 4888 Theb.‘
791 4808 982 4888 Parad.
1037 4807 1091 4880 p.
1115 4826 1163 4888 ξ,
1195 4809 1311 4888 3-1),
1335 4807 1467 4888 tum
1515 4807 1828 4888 in_hym_nis
1857 4808 2054 4888 saepis-

465 4878 603 4959 sime
633 4895 664 4933 a
708 4878 950 4959 librariis
987 4878 1438 4959 confunduntur.
1469 4878 1662 4959 —_l3I
1697 4879 1900 4959 βεδε-ξ
1935 4878 2051 4959 ᾉ1.,

463 4949 564 5004 hic.
612 4979 683 4991 —
731 4951 815 5006 15.
867 4950 1068 5007 Clicht.
1125 4968 1136 5006 :
1211 4973 1231 4998 ι
1296 4950 1457 5006 Solus
1513 4951 1798 5008 advenisse
1847 4950 2054 5006 dicitur

463 5019 815 5108 _C.‘quonia-m
845 5021 995 5076 solus
1012 5021 1136 5108 ipse
1176 5037 1270 5092 per
1290 5021 1726 5108 incarnationem
1753 5022 2051 5078 humanam

2175 3811 2348 3872 tatum
2385 3822 2438 3870 et
2475 3811 2600 3871 aliis
2648 3815 2708 3871 in
2741 3811 2932 3873 multis
2959 3811 3264 3872 dissonum.
3304 3811 3456 3870 -“4.
3488 3811 3608 3880 W.,
3650 3811 3777 3881 Ct.,

2169 3887 2284 3960 Cs.,
2339 3886 2529 3960 ﬁlium.
2561 3917 2633 3960 -έ-
2682 3887 2891 3960 10.7W.
2959 3888 3010 3956 1,
3057 3887 3411 3960 praedixerat.
3433 3883 3623 3960 —__i_i,
3674 3883 3774 3941 12.

2169 3954 2277 4015 Ιεε..
2299 3954 2398 4025 vii,
2434 3957 2520 4026 14,
2573 3959 2708 4014 Ecce
2742 3959 2891 4030 uirgo
2937 3954 3188 4030 concipiet
3212 3964 3262 4012 et
3282 3956 3460 4030 pariet
3489 3954 3782 4030 ﬁlium,_e_t

2167 4030 2442 4084 vocabitur
2486 4025 2672 4082 nomen
2715 4025 2847 4095 ejus'
2878 4025 3214 4084 Emmanuel.
3265 4025 3336 4066 ὲ-
3383 4025 3643 4081 13ζνειῐ.
3701 4027 3778 4084 82

2167 4116 2278 4155 om.
2309 4105 2401 4154 est.
2431 4128 2503 4139 —
2543 4097 2626 4153 14.
2677 4097 2898 4164 Thom.,
2934 4097 3020 4153 'Et
3060 4098 3251 4154 Maria:
3276 4095 3416 4166 quod
3442 4110 3776 4166 concessum.

2165 4199 2236 4210 —
2267 4170 2353 4225 17.
2407 4168 2540 4224 Luc.
2568 4185 2606 4235 ι,
2637 4167 2728 4236 28,
2752 4169 2968 4238 angelus
3005 4168 3180 4222 dixit:
3217 4165 3345 4234 Ave,
3371 4165 3549 4238 gratia
3573 4166 3775 4237 plena.

2163 4270 2235 4281 —
2282 4239 2367 4296 19.
2420 4239 2509 4294 Αι.
2542 4255 2653 4295 om.
2687 4237 2856 4294 nobis.
2895 4269 2966 4280 -
3001 4240 3093 4296 22.
3126 4239 3218 4296 W.
3265 4239 3316 4306 1,
3358 4237 3470 4304 Ct.,
3501 4237 3618 4306 Cs.,
3648 4239 3775 4295 Deo

2164 4316 2526 4368 cantaverunt.
2556 4341 2628 4352 —
2655 4309 2742 4367 23.
2789 4310 2922 4366 Luc.
2983 4328 3046 4380 ii,
3081 4310 3166 4379 16,
3219 4315 3266 4365 et
3293 4314 3548 4380 uenerunt
3597 4307 3775 4378 festi-

2164 4390 2366 4440 nantes.
2404 4413 2473 4454 -έ
2504 4381 2613 4454 28.
2632 4381 2782 4454 Nota
2823 4398 2911 4454 res
2952 4390 3034 4438 est
3063 4398 3249 4454 magos
3278 4379 3588 4454 signiﬁcare
3616 4396 3772 4454 gen-

2163 4454 2303 4510 tium
2357 4452 2772 4510 multitudinem
2823 4453 2892 4510 ad
2947 4452 3248 4510 Dominum
3300 4452 3765 4509 convertendam.

2165 4527 2347 4582 Minus
2393 4532 2608 4596 notum,
2658 4541 2750 4581 eos
2797 4540 2868 4580 ex
2912 4533 3159 4581 veterum
3208 4523 3468 4596 opinione
3506 4539 3618 4578 non
3644 4539 3768 4596 suo

2164 4598 2425 4676 nomine,
2443 4595 2537 4676 sed
2563 4592 2846 4676 “tanquam
2877 4596 3082 4676 legatos
3100 4592 3338 4676 delectos
3346 4611 3386 4676 _a
3407 4602 3524 4676 toto
3542 4592 3763 4676 sapien-

2165 4669 2304 4724 tium
2334 4665 2715 4724 Orientalium’
2728 4666 2900 4723 choro
2928 4665 3067 4723 illud
3099 4667 3204 4722 iter
3232 4665 3553 4722 confecisse.
3595 4665 3764 4722 Unde

2165 4739 2442 4795 Juvencus
2493 4755 2535 4806 ι,
2595 4737 2700 4794 228
2747 4753 2828 4808 sq.
2881 4754 2894 4792 :
2960 4739 3161 4795 Nomen
3201 4745 3408 4794 tenuere
3450 4739 3761 4808 Mago-rum,

2163 4811 2302 4890 Hinc
2331 4810 2458 4890 lecti
2469 4825 2710 4890 proceres
2763 4807 3030 4890 «ξείνω-ρῳ
3060 4826 3160 4890 per
3201 4811 3356 4890 longa
3369 4809 3611 4890 “viarum
3636 4807 3763 4890 pe—

2162 4883 2394 4936 veniunt.
2420 4879 2758 4936 Gaudentius
2785 4879 2890 4951 Ep.
2923 4879 3220 4936 Brixianus
3247 4879 3316 4936 ad
3369 4880 3600 4936 Paulum
3630 4879 3762 4935 fra-

2160 4961 2332 5008 trem:
2389 4953 2562 5008 Stella:
2606 4952 2928 5022 obsequentis
2978 4952 3162 5022 fulgor
3212 4969 3462 5022 magnum
3515 4951 3761 5006 declarat

2161 5025 2347 5092 Deum,
2380 5040 2532 5094 quem
2569 5023 2722 5094 legati
2738 5021 3124 5078 universarum
3174 5021 3402 5094 gentium
3441 5021 3582 5094 magi
3615 5039 3758 5093 sup-

463 5090 646 5146 induit
672 5101 954 5168 naturam.
1011 5090 1196 5164 Neque
1233 5092 1390 5168 enim
1412 5095 1587 5168 _Pater
1625 5095 1940 5168 incarnatus
1969 5102 2050 5168 est
2085 5100 2124 5158 Β
2148 5090 2361 5167 pliciter
2388 5090 2690 5168 adorantes,
2713 5101 2818 5168 etc.
2851 5124 2922 5168 έ
2946 5095 3035 5151 28.
3061 5090 3377 5168 Sequuntur
3407 5090 3554 5166 apud
3574 5090 3757 5168 Ellin-

461 5178 638 5239 neque
667 5163 907 5239 Spiritus
937 5163 1176 5239 sanctus.
1210 5187 1227 5209 ι
1270 5165 1454 5239 -_—-_i9.
1491 5171 1657 5239 Aug.,
1695 5165 1930 5220 auctoris
1949 5165 2044 5220 ad-

459 5237 673 5289 veniunt
716 5235 820 5290 sui.
852 5265 923 5276 —
951 5235 1040 5290 20.
1074 5238 1240 5305 Aug.,
1281 5235 1406 5302 Pd.,
1441 5235 1630 5292 laudat
1655 5239 1952 5292 exsultans.
1985 5267 2056 5277 —

461 5305 548 5360 24.
585 5307 671 5362 Ps.
695 5307 871 5374 xcv,i
901 5324 914 5373 ;
943 5323 1119 5372 xcvri,
1154 5307 1202 5361 1.
1226 5306 1495 5363 Similiter
1514 5308 1840 5364 Gellertius:
1885 5333 1902 5354 ι
1931 5307 2055 5364 Und

457 5376 622 5456 Erde,
668 5377 758 5434 die
807 5377 906 5432 ihn
960 5377 1123 5434 heute
1169 5377 1335 5446 sieht,
1365 5378 1490 5452 sing
1522 5378 1661 5449 ihm,
1693 5379 1818 5436 dem
1850 5379 2052 5447 Herm,

457 5461 545 5502 ein
573 5464 741 5505 neues
764 5449 919 5505 Lied.
951 5471 970 5495 ι

455 5461 545 5502 81!]
573 5464 741 5505 neues
765 5461 919 5506 Lied.
951 5471 970 5495 ’⁵

731 5539 1272 5620 -ᾜεξρθι-λοξιτῳρῐξ
1293 5539 1351 5596 in
1379 5537 1513 5620 God.
1547 5539 1717 5620 W1},
1739 5539 1794 5596 in
1816 5539 2050 5597 Thoma-

455 5606 525 5689 sii
551 5606 854 5689 Hymnario
872 5606 969 5689 .(in
999 5609 1553 5689 Vat._82‘_inscrip_tus
1577 5629 1589 5668 :
1625 5606 1898 5689 Hymnus
1916 5627 2054 5669 san-

454 5683 555 5756 etas
590 5677 821 5756 Maria-3),
869 5677 926 5734 in
956 5681 1190 5756 vetustis
1217 5677 1706 5756 Garthusianorum
1755 5692 1809 5756 et
1837 5684 2054 5756 Cister-

453 5747 726 5826 ciensium
746 5747 1034 5826 .Brev_.,_i_n
1050 5751 1507 5826 solemnitatibus
1527 5763 1581 5810 et
1602 5753 1906 5826 OctavisiB.
1927 5755 2051 5812 Vir-

457 5815 600 5887 ginis
623 5815 808 5873 Μαι-ξω
836 5817 905 5872 ad
935 5817 1268 5900 Matutinnm
1297 5825 1385 5878 vel
1403 5824 1470 5879 ad
1493 5825 1782 5896 Vesperas,
1812 5825 2050 5899 denique

2156 5165 2345 5249 gerum
2391 5166 2502 5249 duo
2546 5165 2829 5248 versiculi,
2871 5166 2930 5222 in
2980 5165 3182 5240 quibus
3212 5165 3451 5223 nullum
3487 5165 3758 5222 carminis

2163 5245 2338 5296 nostri
2367 5245 2658 5310 vestigium
2694 5255 2707 5292 :

2446 5331 2516 5384 Et
2544 5327 2793 5400 vagienti
2812 5327 2964 5384 basia
3057 5381 3082 5400 ρ

2445 5399 2640 5472 Fixere
2669 5399 2813 5472 Regi
2831 5401 3079 5472 parvulo,

2443 5471 2614 5540 Thus,
2646 5469 2928 5543 myrrham
2959 5479 3014 5527 et
3035 5469 3156 5526 auri
3185 5469 3429 5528 bracteas

2443 5543 2615 5615 Larga
2642 5542 2892 5599 obtulere
2923 5558 3168 5598 munera.

2441 5632 2540 5705 Dei
2569 5642 2848 5705 parentem
2873 5632 3181 5704 Virginem,

2442 5704 2702 5784 Ecclesiae
2739 5711 2933 5784 typum
2963 5720 3158 5784 sacrae,

2441 5775 2775 5848 Laudemus,
2800 5775 2860 5848 in
2887 5775 3046 5848 cujus
3073 5785 3227 5834 tener

2439 5845 2683 5913 Quiescit
2719 5845 2870 5902 ulnis
2897 5845 3132 5905 Jesulus.
