3940 6396
196 394 333 453 1241

252 522 259 525 ’
625 562 648 573 -
671 561 794 573 π.-.
1319 516 1685 573 Denariorum
1710 529 1943 571 numero

625 561 817 660 pun.
920 648 930 660 ,
1028 647 1065 660 _,
1318 561 1578 647 erasa;
1594 561 2062 643 rasas—{sam

337 652 577 724 Hymnus
603 648 1112 721 Οααάναθθείτηαῖίδ·
1317 661 1587 717 Innocens
1614 667 1667 715 et
1686 659 1975 725 innoxius,

186 753 323 824 Jam,
341 751 735 824 ter‘quaternis
763 749 1004 805 trahitur

189 822 358 880 Horis
389 822 507 879 dies
538 822 607 879 ad
638 837 951 893 vesperum,

189 895 406 966 Occasu
431 895 517 966 sol
550 893 884 966 praenuntiat

186 965 380 1023 Noctis
407 965 586 1022 redire
616 973 881 1037 tempora.

186 1055 300 1127 Nos
328 1070 456 1127 ergo
483 1056 639 1127 signo
670 1052 895 1110 Domini
1220 1049 1255 1106 5

187 1126 456 1182 Tutemus
484 1128 724 1182 claustra
745 1133 1049 1198 pectorum,

185 1198 271 1254 Ne
299 1214 521 1254 serpens
560 1198 655 1253 ille
685 1196 921 1253 callidus

187 1268 439 1326 intrandi
463 1276 640 1324 tentet
671 1269 908 1325 aditum.

186 1359 299 1433 Sed
328 1361 497 1416 armis
526 1360 811 1433 pudicitia

185 1432 348 1504 Mens
367 1432 508 1487 fulta
529 1427 671 1504 'vigil
695 1433 903 1499 liberae,
1194 1427 1258 1484 10

186 1502 497 1559 Sobrietate
526 1502 748 1572 comite,

186 1574 415 1631 Hostem
445 1576 674 1648 repellat
712 1575 1048 1650 improbum.

186 1662 297 1736 Sed
324 1679 428 1736 nec
455 1663 704 1736 ciborum
728 1666 952 1736 crapula

186 1733 431 1820 Iaudem
462 1735 737 1791 distendat
773 1733 1024 1820 corpora,

1147 432 1161 443 .
1272 391 1498 450 HYMNI
1537 389 1593 447 S.
1634 388 1990 447 AMBROSIO
2027 386 2426 447 ATTRIBUTI.

1317 730 1492 799 Quem
1521 730 1691 788 Iudas
1716 729 1887 787 tradit
1911 729 2137 803 impius.
2311 725 2382 784 20

1316 828 1520 885 Praeses
1546 827 1755 884 Pilatus
1784 826 2122 898 proclamat:

1314 899 1535 956 Nullam
1566 900 1784 971 culpam
1815 898 2074 971 invenio;

1316 971 1539 1043 Ablutis
1567 969 2013 1043 aquamanibus,

1317 1041 1599 1100 Christum
1615 1039 1831 1097 'Judazis
1869 1039 2118 1096 tradidit.

1316 1137 1560 1192 Fallaces
1589 1131 1765 1187 Judmi
1792 1130 1953 1202 impii

1315 1208 1607 1263 Latronem
1642 1210 1839 1275 petunt
1866 1202 2077 1275 vivere,

1318 1277 1597 1336 Christum
1629 1272 1889 1331 accusant
1915 1272 2186 1345 graviter:

1318 1348 1707 1421 Cruciﬁgatur,
1740 1363 1864 1402 reus
1893 1352 1993 1401 est.

1317 1440 1473 1495 Tunc
1501 1436 1775 1494 Barabbas
1803 1435 2129 1502 dimittitur,

1316 1511 1423 1578 Qui
1454 1528 1580 1567 reus
1610 1508 1803 1564 mortis
1827 1507 2035 1578 fuerat;
2310 1502 2379 1560 30

1318 1577 1448 1657 Vita
1474 1579 1666 1637 mundi
1696 1577 2094 1657 suspenditur,
2146 1646 2157 1657 _

1315 1655 1418 1711 Per
1445 1670 1608 1728 quam
1639 1657 1929 1723 resurgunt
1959 1654 2182 1704 mortui.

1343 1741 1531 1799 Gloria
1558 1741 1688 1809 tibi,
1716 1739 1973 1797 Domine.

3360 384 3498 445 1242

2439 511 2514 568 Et
2543 509 2746 566 infami
2774 507 3080 579 doloribus,

2440 581 2582 650 Quia
2607 582 2847 638 surrexit
2879 581 3151 640 Dominus
3429 581 3497 640 15

2440 653 2814 726 Resplendens
2841 653 3041 709 clamat
3070 654 3316 728 angelus.

2440 745 2646 802 Tristes
2664 750 2821 800 erant
2849 743 3082 815 apostoli

2438 818 2519 873 De
2546 832 2678 874 nece
2697 815 2783 872 sui
2812 814 3058 883 Domini,

2437 888 2610 954 Quem
2641 902 2802 954 paena
2828 886 3023 942 mortis
3048 885 3260 944 crudeli

2438 959 2593 1029 Servi
2622 957 2952 1016 damnarant
2980 957 3160 1031 impii.
3426 957 3496 1016 20

2440 1052 2686 1108 Sermone
2714 1048 2907 1103 blando
2927 1049 3145 1117 angelus

2311 1127 2381 1184 25
2437 1122 2702 1179 Praedixit
2730 1118 3088 1175 mulieribus:

2432 1196 2495 1250 In
2525 1193 2752 1249 Galilaea
2773 1189 3043 1247 Dominus

2433 1265 2720 1323 Videndus
2748 1270 2829 1319 est
2866 1263 3213 1335 quantocius.

2432 1355 2546 1412 Illae
2576 1354 2709 1411 dum
2734 1362 2968 1425 pergunt
2992 1353 3211 1410 concite
3428 1352 3499 1409 25

2434 1426 2715 1508 apostolis
2741 1425 2851 1482 hoc
2880 1425 3084 1507 dicere,

2434 1498 2697 1555 Videntes
2725 1514 2849 1553 eum
2883 1498 3070 1553 vivere

2433 1569 2766 1627 Osculantur
2795 1568 2959 1640 pedes
2997 1567 3245 1624 Domini.

2433 1657 2552 1725 Quo
2582 1658 2767 1729 agnito
2795 1656 3079 1727 discipuli,

2433 1731 2496 1786 In
2529 1728 2810 1786 Galilaeam
2847 1743 3074 1801 propere
3429 1724 3499 1782 30

183 1805 368 1884 Navi
415 1823 512 1878 per
541 1824 794 1884 somnum
825 1798 1068 1865 animam
1190 1807 1257 1863 15
1316 1798 1504 1870 Gloria
1523 1798 1856 1884 Unigenito,
1909 1882 1917 1884 _
1960 1881 1969 1884 Α
2316 1880 2378 1884 ___
2432 1798 2910 1884 Pergunt,_vide;re
2938 1798 3137 1881 faciem

186 1872 550 1934 Ludiﬁcatam
572 1880 803 1953 polluat.
1316 1885 1435 1942 Una
1464 1902 1589 1942 cum
1610 1872 1799 1940 sancto
1824 1872 2039 1954 Spiritu
2084 1952 2090 1954 Α
2266 1949 2286 1954 _
2311 1880 2380 1938 35
2432 1872 2804 1929 Desideratam
2836 1872 3084 1928 Domini.

639 1994 782 2051 LIX.
1315 1957 1377 2012 In
1406 1957 1739 2029 sempiterna
1767 1949 1985 2011 saecula.
2062 1949 2288 2026 Amen]
2433 1962 2596 2051 Elge
2624 1962 2874 2051 paschali.
2896 1960 3095 2051 gaudi?

402 2083 480 2140 De
506 2084 760 2141 Passione
799 2083 1039 2142 Domini.

182 2181 474 2253 Hymnum
504 2181 751 2238 dicamus
780 2182 1041 2251 Domino,

177 2252 400 2308 Laudes
424 2254 538 2308 Deo
565 2269 692 2309 cum
722 2253 960 2323 cantico,

177 2322 294 2397 Qui
323 2340 424 2397 nos
448 2323 627 2397 crucis
647 2324 897 2397 patibulo

179 2395 300 2451 Suo
328 2394 563 2453 redemit
598 2394 882 2469 sanguine.

182 2482 291 2556 Die
321 2482 551 2556 decursa
578 2484 647 2540 ad
674 2500 966 2556 vesperum

179 2554 309 2620 Qua
329 2554 582 2612 Christus
612 2554 789 2612 morti
804 2555 1062 2623 traditur,

181 2624 275 2681 Ad
303 2642 517 2683 coenam
546 2626 703 2682 venit
733 2627 937 2683 impius

183 2695 296 2764 Qui
321 2705 437 2753 erat
465 2697 669 2755 Christi
692 2695 961 2770 proditor.

182 2785 344 2842 Iesus
381 2785 568 2841 futura
594 2787 816 2841 nuntiat
892 2804 893 2811 η

185 2855 548 2929 Cmnantibus
577 2856 900 2929 discipulis:

187 2928 345 2984 Unus
373 2944 442 2983 ex
472 2928 951 2985 discumbentibus

185 3000 310 3072 Ipse
332 3015 418 3055 me
437 2999 740 3055 traditurus
767 3007 868 3056 est.

186 3088 219 3161 J_
223 3087 358 3144 udas
383 3097 652 3146 mercator
684 3089 952 3161 pessimus

188 3159 395 3232 Qsculo
432 3161 568 3232 petit
597 3159 919 3229 Dominum,

189 3230 307 3303 ille,
337 3238 399 3286 ut
429 3230 602 3303 agnus
629 3232 916 3301 innocens,
1191 3231 1257 3289 15

187 3302 309 3358 Non
340 3302 504 3374 negat
531 3302 684 3359 Judae
711 3305 982 3360 osculum.

187 3471 247 3527 in
278 3471 716 3544 Quadragesima‘.
749 3471 969 3527 Thom.:
999 3471 1230 3544 Ponitur
1258 3472 1316 3527 in
1347 3471 1651 3544 Hymnario
1689 3485 1778 3526 ve-

185 3549 337 3615 tusto
365 3543 691 3612 monastico;
740 3544 968 3600 Sabbato
996 3543 1052 3597 in
1082 3544 1353 3615 Quadrag.
1396 3543 1482 3615 ad
1507 3543 1776 3615 Vesperas.

184 3614 307 3669 Non
329 3614 479 3687 male
507 3615 661 3670 Torr.
710 3638 729 3662 ι
757 3615 860 3671 Hic
889 3614 1143 3687 hymnus
1191 3612 1407 3671 canitur
1435 3612 1778 3687 circa‘zequi-

186 3685 440 3759 noctium
463 3702 695 3759 vernum
726 3685 952 3759 quando
973 3686 1091 3741 dies
1136 3693 1219 3759 est
1249 3685 1477 3759 aequalis
1514 3685 1689 3759 nocti,
1728 3701 1774 3741 s.

184 3755 478 3813 duodecim
508 3755 790 3812 horarum.
830 3782 850 3806 ι
912 3757 1051 3813 Sane
1079 3755 1392 3813 rarissimus
1421 3763 1503 3813 est
1543 3757 1603 3811 in
1631 3756 1776 3812 Bre-

184 3827 527 3884 viariis.—i.
563 3827 652 3894 0.,
675 3828 897 3885 sic.—2.
944 3828 1141 3896 Gron.,
1176 3828 1287 3883 dies
1334 3828 1500 3884 horis.
1523 3828 1650 3884 —3.
1682 3827 1772 3895 0.,

184 3898 445 3970 Wimpf.,
489 3899 882 3970 pramuntians:
933 3899 1089 3954 Torr.
1132 3900 1517 3970 pronuntians;
1546 3897 1774 3966 Clicht.,

178 3970 303 4036 Sb.,
324 3969 793 4039 pronuntiat—4.
825 3970 998 4039 Cass.,
1040 3969 1263 4040 Thom.,
1305 3972 1531 4040 Clicht.,
1562 3970 1772 4038 venire;

179 4041 276 4108 0.,
325 4047 524 4112 noctem
578 4040 753 4095 redire
808 4043 1287 4112 temporum—6.
1347 4042 1524 4110 Cass,
1578 4042 1775 4109 Gron.,

181 4117 433 4183 tutemur;
465 4111 582 4179 8b.,
644 4111 919 4178 tutamini
959 4115 1050 4181 0.,
1104 4114 1370 4169 tundimus
1416 4120 1559 4169 casta
1592 4113 1772 4183 (Torr.

182 4182 445 4257 Wimpf.,
471 4184 1006 4257 pectora.—7.7Gen.
1048 4201 1134 4252 III,
1169 4185 1218 4240 1.
1257 4184 1776 4257 Serpenseratcalli-

178 4254 308 4310 dior
332 4254 530 4309 cunctis
574 4254 932 4309 animantibus
991 4262 1165 4311 terrae.
1188 4286 1259 4297 —
1281 4254 1369 4313 8.-
1397 4257 1487 4323 0.,
1523 4260 1736 4311 attente!
1755 4296 1774 4320 ,

178 4326 463 4396 attemptet;
496 4325 613 4392 Sb.,
643 4326 840 4380 aditus.
870 4356 942 4366 —
971 4326 1056 4381 10.
1091 4326 1180 4393 0.,
1216 4328 1418 4391 liberis;
1438 4327 1559 4394 Sb.,
1593 4327 1772 4393 Torr.,

180 4396 443 4465 Wimpf.,
474 4397 648 4452 libere.
679 4427 752 4438 —
793 4396 876 4452 14.
928 4396 1102 4465 Cass,
1158 4397 1378 4465 Thom.,
1411 4399 1671 4453 distentet.
1704 4427 1776 4439 --

184 4467 272 4540 15.
304 4467 420 4540 8b,,
455 4467 603 4525 Cass.
662 4469 764 4525 Nec
792 4468 846 4522 υἱ
893 4485 1038 4539 pers.
1069 4467 1280 4523 animas
1310 4470 1652 4540 ludiﬁcatus;
1682 4468 1772 4540 0.,

179 4539 551 4610 glori/iculum.
578 4540 688 4595 ΗΠ.
716 4556 728 4595 :
770 4561 788 4588 ‹
818 4540 1024 4597 Venter
1064 4556 1216 4596 mero
1247 4548 1483 4596 mstuans
1523 4539 1590 4595 de
1619 4539 1773 4594 facili

180 4610 480 4683 spumescit
506 4611 565 4666 in
596 4610 909 4683 libidinem,
941 4618 995 4683 et
1024 4611 1263 4683 gravitas
1289 4612 1469 4667 somni
1500 4628 1622 4683 quae
1652 4617 1775 4683 post

179 4681 460 4763 crapulam
488 4681 641 4763 venit
670 4682 803 4763 facit
838 4691 899 4763 ut
940 4681 1478 4763 incautioressimus
1505 4681 1559 4738 et
1588 4681 1774 4763 imber

180 4752 425 4809 cilliores
471 4753 541 4809 ad
586 4754 955 4810 resistendum
994 4754 1215 4811 insidiis
1266 4752 1493 4810 diaboli.
1544 4777 1563 4801 ›
1600 4753 1772 4809 Addit
1799 4762 1845 4822 Β

181 4822 275 4880 Sb.
332 4840 552 4898 versum
637 4826 938 4898 quintum:
994 4827 1213 4898 ,Prcesta
1243 4868 1260 4894 ,
1355 4826 1520 4898 beata,
1582 4824 1774 4898 Trini-

124 4945 128 4949 .
180 4901 448 5022 marem,
476 4895 865 4969 depromptum
895 4913 966 4953 ex
991 4897 1203 4970 hymno
1223 4897 1389 4966 Audi,
1408 4896 1618 4969 benigne
1637 4897 1771 4955 Con-

295 4984 344 5024 r.

252 5038 687 5110 LIX—Habent
705 5038 826 5095 cod.
852 5040 944 5095 W.
969 5040 1061 5095 Iet
1087 5040 1249 5095 Brev.
1271 5040 1358 5098 Cs.
1391 5040 1465 5110 (A
1478 5041 1772 5098 Dominica

180 5109 454 5183 Passionis
482 5110 785 5183 usquead
821 5110 1027 5183 Pascha
1079 5118 1275 5181 praeter
1328 5109 1666 5169 dominicam
1710 5113 1769 5168 in

180 5180 410 5249 Ramis.)
435 5180 713 5238 Thomasii
748 5180 1113 5252 Hymnarium
1158 5199 1228 5238 ex
1265 5183 1387 5239 cod.
1423 5183 1547 5239 Vat.
1579 5184 1670 5251 82,
1700 5201 1770 5240 ex

180 5252 413 5325 reliquis
466 5270 612 5310 unus
638 5252 975 5325 Ellingerus,
1010 5253 1115 5325 qui
1146 5270 1387 5320 carmen,
1419 5261 1481 5309 ut
1508 5256 1667 5323 solet,
1700 5255 1769 5311 ad

179 5324 442 5380 carminis
472 5326 614 5396 leges
661 5324 946 5380 revocavit
1002 5324 1187 5396 itaque
1217 5326 1468 5381 funditus
1507 5326 1764 5382 mutavit.

179 5396 302 5467 -τ-5.
336 5397 429 5453 W.
461 5398 507 5462 Ι,
537 5398 650 5465 Cs.,
690 5397 926 5451 decurso.
958 5426 1029 5437 —
1057 5396 1109 5451 6.
1145 5397 1234 5452 W.
1302 5398 1345 5464 Ι,
1397 5397 1510 5465 Cs.,
1541 5415 1665 5467 quo.
1696 5429 1768 5440 —

182 5466 247 5540 13
275 5483 356 5539 sq.
391 5467 552 5540 Multi
581 5475 910 5540 suntpoetze
957 5467 1258 5540 Christiani
1289 5468 1349 5523 in
1378 5466 1684 5526 enarranda
1713 5477 1768 5525 et

179 5536 498 5612 detestanda
527 5539 681 5595 ludas
710 5536 952 5612 facinore
981 5539 1279 5607 horrendo,
1313 5556 1432 5612 quo
1479 5550 1542 5597 ut
1569 5558 1765 5597 merca-

183 5615 265 5664 tor
278 5611 562 5684 pessimus
585 5611 884 5684 Dominum
917 5627 1101 5684 suum
1159 5611 1413 5684 manibus
1467 5612 1765 5684 impiorum

183 5627 540 5737 eresszmus
585 5627 884 5667 nominum
941 5627 1101 5667 suum
1159 5627 1413 5667 manibus
1467 5628 1765 5684 impiorum

180 5689 230 5736 tr
302 5682 481 5738 iderit.
516 5682 703 5756 Neque
732 5682 883 5738 deest
910 5682 1005 5756 iras
1032 5690 1087 5739 et
1114 5682 1241 5756 odio
1285 5699 1354 5756 ex
1384 5690 1537 5739 tanta
1570 5683 1767 5756 pravi-

178 5758 283 5825 tate
337 5760 598 5825 qsuscepta
651 5754 988 5825 lamentatio,
1043 5771 1145 5811 nec
1191 5754 1533 5811 desideratur
1570 5754 1766 5811 'lenior

179 5824 348 5880 animi
378 5824 624 5882 affectus.
681 5824 771 5881 Sic
818 5826 875 5900 in
920 5826 1153 5884 vetustis
1181 5826 1407 5900 hymnis
1437 5827 1765 5900 germanicis

180 5902 231 5951 et
266 5904 623 5954 exsecrantur
676 5903 730 5952 et
786 5896 1118 5956 miserantur
1170 5896 1341 5972 poeta
1401 5896 1760 5973 proditorem.

1787 2076 1905 2135 LX.

1578 2183 1820 2253 Hymnus
1844 2177 2130 2252 paschalis.

1599 2279 1734 2350 (Ex.
1767 2277 1921 2334 Libr.
1953 2276 2094 2348 vet.)

1314 2400 1531 2455 Aurora
1558 2394 1699 2452 lucis
1730 2394 1947 2459 rutilat,

1217 2483 1253 2540 5
1314 2469 1530 2540 Caelum
1558 2465 1816 2540 laudibus
1843 2465 2079 2540 intonat.

1310 2539 1550 2597 Mundus
1578 2538 1862 2594 exsultans
1882 2535 2109 2606 jubilat,

1311 2613 1546 2668 Gemens
1566 2609 1817 2664 infernus
1836 2608 2035 2673 ululat,

1311 2698 1450 2756 Cum
1482 2713 1581 2753 rex
1611 2696 1707 2751 ille
1737 2693 2096 2761 fortissimus,

1307 2769 1502 2826 Mortis
1525 2766 1821 2824 confractis
1846 2764 2080 2833 viribus,

1132 2886 1138 2891 .
1187 2858 1253 2912 1η
1308 2840 1457 2912 Pede
1480 2838 1811 2897 conculcans
1830 2844 2045 2912 tartara

1312 2911 1491 2969 Solvit
1518 2926 1549 2966 a
1578 2925 1739 2982 poena
1767 2908 2017 2964 miseros.

1313 3000 1412 3072 Ille
1441 2997 1537 3072 qui
1568 2999 1787 3072 clausus
1807 2994 1989 3072 lapide

1315 3067 1636 3129 Custoditur
1663 3069 1765 3124 sub
1795 3067 1992 3134 milite,

1315 3140 1687 3212 Triumphans
1717 3155 1917 3212 pompa
1942 3136 2120 3193 nobili

1316 3210 1808 3284 Victor—surgit’de
1832 3210 2047 3265 funere.

1318 3302 1523 3360 Salutis
1546 3301 1662 3374 jam
1685 3299 1982 3373 gemitibus

260 3399 807 3473 LVIII.—Wimpf.,‘
831 3399 948 3456 Sb.:
996 3399 1279 3473 Dominica
1313 3401 1469 3456 tertia
1507 3405 1555 3455 et
1581 3405 1779 3473 quarta
1806 3402 1859 3461 Α
1888 3395 2150 3473 (ξριιῇθιυαε
2204 3394 2520 3473 cantionem

2433 2033 2526 2091 Sol
2557 2030 2767 2090 mundo
2796 2030 2939 2090 nitet
2964 2030 3143 2099 radio,

2435 2105 2575 2163 Cum
2605 2104 2888 2164 Christum
2913 2104 3029 2177 jam
3059 2101 3294 2176 apostoli
3427 2098 3501 2158 35

2434 2177 2575 2235 Visu
2604 2186 2838 2233 cernunt
2863 2190 3148 2248 corporeo.

2435 2267 2666 2325 Ostensa
2698 2267 2806 2323 sibi
2837 2268 3078 2323 vulnera

2433 2339 2497 2395 In
2518 2338 2727 2396 Christi
2756 2354 2920 2395 carne
2949 2335 3165 2408 fulgida

2436 2410 2820 2467 Resurrexisse
2845 2409 3144 2465 Dominum

2433 2481 2582 2538 Voce
2611 2481 2854 2537 fatentur
2882 2478 3124 2551 publica.
3426 2475 3497 2534 6.0

2431 2572 2570 2638 Rex,
2604 2568 2839 2635 Christe,
2872 2564 3323 2638 clementissime,

2430 2641 2514 2696 Tu
2550 2636 2717 2711 corda
2744 2646 2930 2711 nostra
2946 2636 3207 2711 posside,

2342 2691 2378 2749 δ
2430 2691 2636 2768 usus;
2652 2691 2999 2766 suassuas
3009 2691 3088 2764 ias

2431 2782 2744 2843 Reddamus
2772 2780 2928 2837 omni
2957 2788 3222 2852 tempore.

2564 2893 2820 2965 Ejusdem
2848 2893 3027 2964 hymni
3050 2891 3166 2949 alia
3194 2891 3360 2948 lectio.

2700 2984 2814 3057 (Ex
2836 2984 2998 3040 Brev.
3039 2982 3226 3054 Rom.)

2312 3065 2378 3122 ίθ
2430 3083 2652 3140 Aurora
2679 3082 2864 3136 caelum
2888 3086 3187 3151 purpurat,

2432 3153 2631 3210 Ether
2650 3150 3185 3209 resultat’laudibus.

2430 3224 2671 3282 Mundus
2696 3222 3047 3294 triumphans
3069 3222 3295 3294 jubilat,

2433 3297 2674 3352 Horrens
2693 3311 2930 3351 avernus
2949 3294 3218 3351 intremit.

2649 3408 2695 3448 se
2759 3400 2991 3449 vocatur
3044 3391 3160 3447 Das
3214 3388 3493 3447 Judaslied

1891 3468 2211 3543 (Holl‘mann
2243 3465 2440 3523 Gesch.
2468 3465 2525 3522 d.
2558 3463 2628 3521 K.
2665 3464 2722 3521 S.
2758 3463 2916 3536 140):

2138 3563 2184 3615 Ο
2203 3564 2270 3613 du
2296 3577 2466 3614 armer
2483 3563 2517 3614 J
2524 3562 2667 3623 udas,
2698 3575 2806 3611 was
2837 3563 2953 3611 hast
2974 3568 3026 3610 tu
3049 3559 3259 3623 gethan,

2135 3627 2255 3676 dass
2284 3626 2352 3677 du
2386 3639 2575 3675 unsern
2606 3621 2775 3675 Herm
2804 3624 2916 3675 also
2937 3621 3211 3674 verrbaten
3228 3621 3386 3672 hast?

2135 3688 2228 3739 des
2255 3698 2419 3739 musst
2445 3698 2496 3738 tu
2522 3689 2575 3738 in
2602 3688 2695 3738 der
2721 3686 2858 3737 holte

2135 3752 2321 3801 immer
2345 3750 2515 3800 leiden
2550 3751 2688 3813 pein,

2136 3813 2367 3887 Lucifers
2399 3821 2548 3887 geset
2578 3815 2649 3886 le.

2139 3886 2302 3926 musst
2327 3886 2381 3925 tu
2411 3886 2551 3938 ewtg
2576 3888 2712 3925 sem.

1883 3967 2043 4042 —29.
2074 3969 2169 4027 W.
2201 3967 2392 4042 I,_Cs.,
2424 3972 2491 4024 et.
2525 3996 2596 4008 —
2625 3965 2718 4042 32.
2743 3965 2837 4023 W.
2893 3964 2940 4034 Ι,
2996 3978 3167 4036 quem.
3211 3960 3481 4042 Caeterum

1883 4040 1982 4113 vix
2009 4047 2091 4097 est
2118 4038 2266 4113 quod
2300 4054 2644 4113 moneamus,
2683 4037 2977 4113 hymnum
3033 4050 3209 4113 supra
3239 4037 3481 4113 positum

1882 4112 1997 4167 fere
2052 4104 2231 4193 totum
2276 4127 2347 4168 ex
2397 4110 2533 4184 ipsis
2579 4104 2876 4181 Scriptura
2935 4104 3121 4166 sacrae
3156 4104 3322 4163 dictis
3367 4118 3483 4161 esse

1884 4191 2272 4240 compositum.

1956 4249 2360 4310 LX.—Passim
2404 4253 2464 4308 in
2492 4251 2787 4309 breviariis
2812 4250 3094 4322 vetustis,
3120 4249 3217 4307 sed
3242 4249 3481 4322 plerum-

1921 4342 1991 4382 ue
2040 4326 2290 4381 mutilus.
2339 4324 2607 4381 Nonnulli
2656 4322 2862 4395 habent
2927 4321 3206 4395 strophas
3230 4320 3484 4395 Quinque

1921 4342 1991 4382 ue
2040 4342 2290 4381 mutuus.
2339 4342 2607 4381 nonnum
2656 4342 2862 4379 nauem.
2927 4342 3183 4395 strophas
3238 4342 3480 4395 quinque

1885 4342 1966 4467 liv.
2000 4397 2159 4465 1-20,
2196 4405 2258 4453 ut
2282 4396 2402 4464 Sb.,
2432 4395 2564 4453 Beb.
2598 4394 2821 4453 Omittit
2851 4395 2958 4451 Ην.
2978 4411 3045 4467 _v.
3075 4392 3272 4467 29-40.
3315 4391 3480 4467 Brev.

1882 4461 2191 4525 Romanum
2220 4485 2289 4524 ex
2310 4461 2540 4540 antiquo
2558 4482 2806 4540 more}.
2844 4465 2999 4540 _i-16
3038 4463 3357 4540 cantandos
3370 4461 3480 4517 de-

1885 4540 2059 4612 crevit
2081 4547 2323 4612 tempore
2354 4532 2600 4611 paschali
2629 4537 2698 4594 ad
2711 4532 3476 4612 Laudes,_rel_iqua_de.Comf

1883 4611 2039 4683 muni
2074 4603 2449 4683 apostolorum
2482 4617 2725 4681 tempore
2750 4603 3013 4683 paschali:
3046 4603 3176 4662 Pius
3201 4604 3253 4662 V
3280 4603 3478 4683 divisit

1883 4675 2157 4755 hymnum
2188 4683 2379 4755 Teistes
2408 4686 2571 4755 erant
2594 4675 2844 4755 'apostoli
2889 4678 2948 4734 in
2978 4676 3115 4733 duas
3170 4682 3379 4755 partes,
3399 4675 3478 4755 ita

1884 4748 1947 4810 ut
1980 4755 2151 4809 altera
2178 4754 2238 4809 in
2276 4750 2556 4807 Laudibus
2593 4748 2801 4807 cantari
2843 4757 3006 4810 queat
3052 4764 3179 4805 cum
3210 4748 3476 4803 varietate

1882 4825 2144 4953 gGavanti
2176 4823 2337 4880 Thes.
2367 4823 2422 4878 S.
2450 4823 2516 4880 R.
2549 4840 2632 4891 ιιι,
2664 4839 2719 4895 p.
2751 4817 2903 4893 555).
2928 4852 2998 4862 —
3036 4821 3079 4877 ῐ.
3135 4817 3293 4886 Beb.,
3315 4817 3476 4919 rati?

1900 4915 2019 4953 ans.
2050 4895 2176 4952 —8.
2200 4896 2290 4953 0..
2311 4900 2512 4950 catena.
2546 4924 2616 4935 —
2644 4893 2729 4949 12.
2764 4894 2900 4953 Ell.,
2935 4891 3121 4953 Fabr.,
3152 4895 3384 4953 resurgit
3399 4888 3470 4953 f.,

1900 4892 2019 4953 ans.
2050 4895 2176 4952 —8.
2200 4896 2290 4964 0.,
2311 4900 2512 4950 catena.
2546 4888 2729 4949 -⁷12.
2764 4888 2900 4961 Ειιζ,
2935 4891 3121 4964 Fabr.,
3152 4889 3384 4964 resurgit
3393 4888 3470 4964 [ᾖ

1881 4970 2012 5034 Hv.,
2042 4966 2213 5038 surgit
2239 4960 2285 5021 α⁷
2297 4966 2502 5038 funere.
2524 4996 2593 5006 —
2627 4964 2718 5038 14.
2747 4960 2907 5038 Beb.,
2935 4982 2996 5020 ac
3027 4961 3252 5038 inferni.
3384 4960 3471 5017 16.

1878 5040 2034 5107 Beb.,
2066 5034 2194 5105 Hv'.,
2225 5034 2813 5109 splendensclamabat;
2853 5035 3232 5109 Q.,splendens
3256 5034 3470 5109 clamat.

1880 5053 2034 5107 beb.,
2067 5053 2194 5105 ηιμ,
2225 5053 2500 5109 splendens
2527 5053 2813 5101 ctamaoat;
2853 5053 2987 5101 u.,s
3023 5053 3232 5091 lenaeus
3256 5053 3470 5087 clamat.

1880 5113 2129 5167 Fortasse
2158 5108 2461 5165 secundum
2492 5108 2831 5180 Scripturam
2850 5053 3046 5164 Mattll.
3071 5123 3275 5180 xxvm,
3296 5104 3350 5171 5,
3368 5105 3470 5161 Re-

1878 5183 2135 5255 spondeas
2167 5187 2341 5255 autem
2386 5177 2879 5255 angelus'dixit...,
2919 5177 3207 5255 legendum
3244 5182 3340 5255 _e_st
3376 5192 3474 5254 re-

1877 5248 2321 5327 spondens—20.
2356 5248 2474 5327 ΔΟ.;
2535 5252 2666 5319 Hv.,
2704 5252 2846 5327 saevi.
2883 5281 2954 5292 —
3120 5248 3389 5307 Similiter
3412 5248 3471 5302 in

1876 5323 2192 5401 pervetusto
2221 5324 2438 5382 cantico
2465 5323 2749 5380 vernaculi
2781 5323 3083 5379 sermonis:

2148 5422 2246 5472 Mit
2268 5422 2468 5471 senl‘ten
2504 5434 2686 5470 suezen
2710 5429 2902 5471 worten

2146 5485 2238 5535 der
2274 5487 2423 5547 engel
2454 5499 2547 5532 zuo
2580 5485 2658 5533 zin
2697 5485 2880 5547 sprach
2912 5496 2926 5535 :

2071 5593 2097 5619 ο
2140 5548 2611 5619 litthiu-weryorcht
2637 5549 2799 5619 under
2830 5557 3010 5610 wegen

2140 5612 2183 5660 ir
2212 5610 2382 5659 lieben
2414 5611 2641 5659 frouwen
2664 5616 2790 5670 zart,

2141 5672 2299 5724 Jesus
2323 5674 2414 5720 der
2437 5673 2601 5735 kuene
2631 5670 2798 5733 degen
2916 5732 2919 5735 ἰ

2143 5735 2238 5785 der
2259 5736 2323 5783 ist
2349 5734 2644 5783 erstandem
2670 5742 2820 5785 wart.

1872 5825 2169 5895 —22.'O.,
2220 5825 2484 5898 praedicit.
2550 5825 2745 5898 Matth.
2796 5842 2999 5898 χιιγιιι,
3048 5824 3102 5898 7Αὲ
3151 5825 3288 5898 Ecce
3277 5840 3467 5898 J1m-

1872 5898 1992 5956 dixi
2029 5893 2358 5957 vobis.;-25.
2410 5897 2586 5970 Cass.,
2632 5897 2856 5969 Thom.,
2913 5893 3031 5968 8b.,
3072 5895 3230 5966 Beb.,
3276 5893 3462 5964 Fabr.,
