3940 6378
191 401 331 463 1245

184 531 390 587 Rerum
422 531 633 583 creator
663 523 937 589 omnium,

184 598 444 672 IEqualis
473 604 600 652 ante
638 595 840 672 sagula

183 666 415 743 Semper
445 667 659 741 parenti
688 666 886 723 Filius.

182 764 453 820 Nascente
485 757 678 815 mundi
708 756 816 830 qui
828 757 981 813 faber
1222 756 1257 812 ὅ

185 834 491 891 Imaginem
522 831 710 885 vultus
727 829 824 884 itui

182 900 432 962 Tradens
460 903 673 959 Adamo
702 900 947 956 nobilem

180 977 346 1035 Limo
368 974 574 1048 jugasti
613 972 893 1045 spiritum.

184 1067 328 1126 Cum
360 1067 505 1122 livor
534 1074 588 1122 et
618 1065 767 1120 fraus
795 1061 1061 1120 daemonis

180 1139 464 1196 Fmdasset
492 1138 795 1192 humanum
827 1151 1014 1207 genus,
1191 1132 1256 1188 10

184 1211 271 1265 Tu
300 1226 462 1266 carne
492 1209 727 1265 amictus
762 1208 1030 1278 perditam

185 1284 443 1339 Formam
474 1281 737 1336 reformes
766 1279 988 1335 artifex.

186 1374 296 1442 Qui
326 1382 486 1430 natus
514 1373 649 1428 olim
679 1388 748 1427 ex
778 1371 1007 1442 Virgine

188 1447 349 1503 Nunc
377 1462 406 1501 e
428 1446 679 1516 sepulcro
704 1443 964 1516 nasceris.

186 1513 502 1589 Tecumque
530 1533 629 1570 nos
658 1533 689 1571 a
717 1514 952 1570 mortuis
1190 1513 1257 1569 15

187 1589 355 1646 Jubes
385 1590 627 1660 sepultos
660 1602 898 1658 surgere.

187 1680 297 1746 Qui
327 1688 512 1751 pastor
536 1687 772 1751 aeternus
803 1691 1015 1751 gregem

188 1748 354 1823 Aqua
384 1753 533 1807 lavas
572 1748 935 1820 baptismatis,

192 1819 322 1879 Hmc
350 1833 430 1879 est
467 1819 748 1877 lavacrum
788 1819 1079 1886 mentium,

189 1895 321 1951 Haec
342 1904 425 1951 est
452 1894 763 1966 sepulcrum
795 1890 1116 1947 criminum.
1191 1889 1261 1946 20

187 1985 363 2059 Nobis
393 1985 489 2041 diu
520 1985 634 2059 qui
647 1984 846 2040 debitas

189 2057 525 2129 Redemptor
536 2054 751 2129 afﬁxus
777 2054 952 2129 cruci,

186 2127 417 2185 Nostrae
432 2128 633 2184 dedisti
660 2127 923 2199 prodigus

188 2200 440 2258 Pretium
469 2197 678 2256 salutis
693 2197 1020 2271 sanguinem
1031 2239 1043 2254 .

641 2306 809 2362 LXII.

445 2398 686 2468 Hymnus
722 2395 1013 2468 paschalis.

542 2483 639 2548 (Ex
665 2485 806 2533 Libr.
830 2483 958 2546 vet.)

195 2569 285 2626 Ad
317 2585 529 2641 comam
560 2568 704 2641 Agni
733 2567 953 2641 providi

193 2642 269 2696 Et
298 2640 455 2697 stolis
483 2640 623 2697 albis
653 2640 897 2706 candidi,

195 2712 327 2768 Post
356 2712 650 2767 transitum
680 2711 845 2766 maris
873 2709 1052 2767 Rubri

195 2782 422 2841 Christo
451 2799 714 2838 canamus
742 2779 1001 2854 principi.

1274 395 1501 453 HYMNI
1539 394 1594 450 S.
1637 388 1995 449 AMBROSIO
2034 384 2429 445 ATTBIBUTI.

1313 521 1483 593 Cujus
1519 535 1718 593 corpus
1749 515 2161 593 sanctissimum

1312 595 1374 651 In
1392 589 1495 649 'ara
1520 589 1701 649 crucis
1730 589 2026 655 torridum,

1311 665 1516 724 Cruore
1546 663 1663 735 ejus
1693 677 1849 735 roseo

1311 734 1594 794 Gustando
1632 734 1875 789 vivimus
1902 734 2036 789 Deo.

1309 826 1547 884 Protecti
1577 824 1797 882 Paschae
1830 839 2053 896 vespere

1308 903 1357 956 A
1386 900 1704 955 devastante
1731 892 1946 968 angelo,
2311 892 2376 947 10

1309 970 1499 1042 Erepti
1526 970 1592 1024 de
1619 967 1917 1042 durissimo

1311 1040 1616 1099 Pharaonis
1638 1040 1893 1111 imperio.

1310 1137 1426 1191 Jam
1458 1134 1662 1191 Pascha
1693 1141 1944 1189 nostrum
1976 1131 2228 1189 Christus
2272 1137 2372 1198 est,

1308 1209 1415 1275 Qui
1446 1208 1765 1262 immolatus
1794 1222 1969 1276 agnus
1997 1212 2128 1273 est,‘

1309 1279 1649 1337 Sinceritatis
1678 1293 1869 1348 azyma

1313 1352 1452 1409 Caro
1484 1349 1602 1421 ejus
1631 1349 1813 1405 oblata
1845 1357 1945 1405 est.

1311 1443 1354 1499 Ο
1386 1459 1513 1497 vere
1542 1442 1709 1511 digna
1746 1439 1943 1506 hostia,

1310 1516 1412 1571 Per
1442 1530 1604 1587 quam
1636 1514 1807 1587 fracta
1835 1519 1969 1587 sunt
1988 1517 2212 1579 tartara,

1311 1582 1612 1657 Bedeiiipta
1644 1584 1796 1656 plebs
1831 1582 2125 1657 captivata,

1311 1654 1543 1715 Reddita
1571 1654 1698 1712 vitae
1730 1656 1952 1728 praemia
1978 1656 1989 1710 l
2306 1654 2374 1711 20

1314 1748 1453 1806 Cum
1475 1748 1649 1818 surgit
1677 1746 1930 1804 Christus
1957 1745 2194 1818 tumulo,

1314 1821 1507 1878 Victor
1536 1817 1679 1875 redit
1715 1819 1781 1874 de
1812 1817 2091 1885 barathro,

1314 1892 1636 1963 Tyrannum
1665 1889 1892 1963 trudens
1921 1889 2146 1946 vinculo

1314 1962 1386 2021 Et
1416 1979 1662 2019 reserans
1692 1962 2027 2034 paradisum.

1317 2055 1664 2122 Quaesumus,
1690 2060 1883 2107 auctor
1911 2050 2185 2119 omnium,

1316 2128 1379 2183 In
1410 2125 1515 2181 hoc
1545 2123 1790 2195 paschali
1822 2122 2022 2194 gaudio
2056 2139 2067 2178 :

1317 2197 1405 2254 Ab
1435 2194 1588 2253 omni
1617 2194 1813 2250 mortis
1844 2195 2055 2264 impetu

1318 2270 1498 2326 Tuum
1531 2266 1761 2324 defende
1789 2266 2075 2338 populum.

1447 2382 1706 2453 Ejusdem
1733 2378 1916 2451 hymni
1945 2376 2060 2433 alia
2091 2375 2259 2433 lectio.

1611 2471 1710 2537 (Ex
1739 2470 1894 2519 Brev.
1929 2464 2106 2528 Rom.)

1323 2566 1411 2623 Ad
1433 2558 1783 2636 regias_Agni
1815 2556 2001 2636 dapes,

1322 2626 1715 2694 Stolisvamicti'
1737 2626 2009 2694 candidis,

1322 2710 1450 2763 Post
1474 2703 1766 2761 transitum
1797 2697 1965 2778 maris
1995 2696 2188 2779 Rubri,

1323 2779 1543 2838 Christo
1573 2787 1834 2831 canamus
1863 2786 2104 2842 principi
2128 2787 2141 2837 ;

3362 373 3503 432 1246

2339 514 2375 572 5
2430 506 2636 582 Divina
2666 501 3095 582 cujus_charitas
3147 571 3158 582 .
3466 499 3503 557 5

2431 580 2654 636 Sacrum
2687 575 2940 648 propinat
2969 575 3314 648 sanguinem,

2432 643 2707 721 Almique'
2720 643 2964 721 membra
2991 643 3238 721 corporis

2432 718 2618 778 Amor
2634 718 2883 776 sacerdos
2912 718 3183 774 immolat.

2433 804 2693 881 sparsum
2711 824 2984 881 feruorem
3025 804 3274 881 postibus

2486 875 2690 939 astator
2710 880 2897 938 horret
2928 872 3174 950 angelus,
3432 872 3498 930 10

2434 955 2705 1026 Fugitque
2736 952 2980 1026 divisum
3009 965 3180 1026 mare,

2433 1020 2755 1098 Mergu'ntur
2783 1025 2969 1080 hostes
3000 1020 3285 1077 ﬂuctibus.

2434 1118 2552 1173 Jam
2602 1116 2807 1172 Pascha
2848 1120 3097 1169 nostrum
3143 1108 3395 1168 Christus
3424 1113 3507 1163 est

2434 1188 2712 1245 Paschalis
2742 1187 2885 1242 idem
2920 1183 3168 1250 victima,

2314 1276 2379 1333 15
2435 1262 2504 1317 Et
2536 1277 2670 1333 pura
2701 1259 2851 1333 puris
2882 1248 3161 1311 mentibus
3438 1248 3507 1306 15

2434 1330 2777 1390 Sinceritatis
2809 1344 3020 1401 azyma.

2435 1423 2479 1479 Ο
2510 1438 2641 1476 vera
2670 1420 2795 1476 coeli
2825 1418 3078 1480 victima,
3210 1457 3215 1463 .

2433 1492 2688 1562 Suhjecta
2716 1492 2805 1546 cui
2840 1496 2970 1562 sunt
3001 1494 3226 1562 tartara,

2432 1560 2621 1620 Soluta
2647 1561 2840 1617 mortis
2871 1560 3117 1626 vincula,

2432 1638 2664 1707 Recepta
2697 1634 2825 1690 vitae
2855 1631 3082 1704 praemia
3102 1624 3118 1684 l
3431 1624 3501 1681 20

2433 1724 2626 1783 Victor
2654 1722 2896 1779 subactis
2926 1718 3120 1775 inferis

2431 1799 2656 1869 Tropaea
2690 1794 2943 1853 Christus
2970 1790 3235 1869 explicat,

2433 1862 2693 1941 Caeloque
2718 1874 2900 1941 aperte
2929 1862 3217 1941 subditum

2441 1932 2639 2012 Regem
2671 1932 3020 1995 tenebrarum
3054 1932 3247 1990 trahit.

2315 2050 2384 2107 25
2441 2030 2512 2107 I_Jt
2541 2030 2615 2107 sis
2643 2046 2881 2107 perenne
2910 2025 3190 2107 mentibus
3442 2016 3512 2075 25

2441 2096 2722 2182 Paschaﬁle,
2742 2102 2902 2182 ‘lesu,
2937 2096 3219 2182 gaudium,

2442 2174 2491 2228 A
2522 2180 2696 2228 morte
2725 2171 2846 2228 dira
2875 2171 3177 2227 criminum

2445 2243 2588 2302 Vitae
2617 2252 2837 2300 renatos
2863 2244 3056 2299 libera.

2876 2334 3074 2389 LXIII.

2746 2407 2825 2462 De
2847 2406 2903 2462 S.
2942 2405 3221 2475 Stephano.

2470 2474 2781 2538 (Cassander
2806 2474 3072 2535 Bchelius,
3100 2474 3488 2536 Clichtovaaus.)

2447 2557 2722 2629 Stephano
2752 2556 2931 2629 primo
2964 2555 3194 2627 martyri

2448 2628 2740 2686 Cantemus
2771 2628 3045 2683 canticum
3077 2643 3306 2697 novum,

2449 2699 2608 2767 Quod
2641 2699 2799 2755 dulce
2830 2700 2901 2756 sit
2930 2697 3313 2767 psallentibus,

2449 2771 2620 2843 Opem
2650 2771 2786 2827 ferat
2815 2770 3182 2828 credentibus.

192 2893 431 2971 pmtio,
480 2890 577 2946 sed
604 2907 704 2963 pro
754 2896 1026 2971 pectorum
1055 2887 1538 2971 poetascripsisse
1582 2883 1805 2971 videtur
1832 2881 1881 2939 A
1915 2877 2267 2971 φιλ-,θρίξ
2292 2878 2435 2935 sicut
2481 2886 2619 2936 testa
2647 2880 2824 2971 virtus
2844 2896 2996 2971 .mea.
3030 2905 3058 2971 ἶ
3109 2881 3339 2971 Aecedit
3366 2881 3514 2955 quod

192 2959 548 3042 peccatorum,
685 2959 913 3042 exsistat
942 2959 1305 3042 versusnsatis
1320 3021 1325 3026 ι
1348 2959 1803 3042 salebrosus,'ta—

199 3030 330 3096 inen
359 3044 484 3094 octo
505 3030 739 3107 syllabis
759 3032 1115 3107 compositus.
1137 3031 1222 3088 Cf.
1247 3031 1336 3100 21,
1358 3030 1447 3087 47.
1468 3061 1539 3071 -
1564 3031 1652 3088 59.
1680 3030 1806 3085 For-

201 3119 368 3177 tasse,
419 3116 541 3164 tunc
569 3113 636 3161 et.

273 3174 444 3238 LXII.
480 3209 551 3219 —
579 3179 713 3235 Fere
758 3176 965 3247 ubique
1012 3177 1070 3231 in
1102 3174 1401 3247 Breviariis
1431 3181 1675 3246 tempore
1704 3191 1809 3247 pa—

203 3253 399 3310 schali.
424 3251 573 3307 Idem
598 3248 848 3321 praecipit
864 3246 1022 3321 Brev.
1047 3248 1211 3321 Rom:
1233 3246 1325 3319 (ad
1350 3247 1616 3318 Vesperas
1636 3246 1809 3321 usque

202 3324 276 3381 ad
317 3322 581 3394 Vigiliam
598 3318 1023 3394 :Ascensionis),
1068 3318 1215 3390 quod
1231 3318 1248 3394 _'
1266 3326 1451 3394 tamen
1483 3335 1594 3394 non
1621 3319 1808 3394 solum

206 3388 498 3453 vetustatis
541 3391 852 3463 rubiginem
899 3388 987 3446 ex'
1017 3388 1168 3463 more
1215 3388 1459 3463 detersit,
1478 3389 1586 3463 sed
1616 3389 1674 3444 in
1705 3389 1811 3463 hoc

205 3467 452 3525 carmine
479 3480 664 3520 rerum
677 3460 984 3531 'novarum,
1019 3462 1236 3533 opinor,
1268 3461 1437 3533 nimis
1466 3460 1576 3516 fuit
1601 3461 1808 3533 studio-

204 3555 351 3595 sum.
384 3535 665 3592 Hilarius:
698 3557 716 3580 ι
740 3534 969 3591 Materia
988 3532 1154 3603 hujus
1184 3532 1498 3602 hymniest,
1534 3532 1678 3603 quod
1710 3549 1811 3587 nos

204 3611 432 3667 invocat
460 3615 652 3664 auctor
680 3605 748 3661 ad
777 3621 987 3676 cceuam
1015 3604 1158 3676 Agni
1193 3603 1346 3676 illius
1374 3603 1469 3676 qui
1500 3603 1648 3658 tollit
1676 3620 1812 3675 pec-

203 3689 327 3739 cata
356 3678 572 3746 mundi,
602 3676 812 3733 scilicet
851 3675 919 3731 ad
947 3674 1329 3746 accipiendum
1361 3674 1559 3746 corpus
1588 3683 1641 3729 et
1674 3674 1811 3729 san-

204 3752 431 3827 guinein
457 3744 708 3827 Deiri!!!»
739 3747 806 3803 de
827 3744 1321 3827 quadrimae“:
1354 3744 1465 3827 011i
1497 3746 1667 3827 sumit

203 3816 310 3897 pus
339 3819 827 3897 Christi_indigr_ie,_
840 3816 1115 3897 judicium
1136 3816 1241 3897 sibi
1264 3816 1561 3874 manducet
1575 3825 1629 3873 et
1643 3817 1808 3886 bibit,

202 3888 323 3969 qui
350 3908 481 3969 vero
506 3888 711 3961 digne,‘
739 3888 905 3969 habet
929 3889 1100 3969 vitam
1113 3896 1389 3969 ‘aiternnam
1551 3905 1651 3945 nos
1681 3905 1812 3944 vero

245 3963 375 4022 ositi
405 3963 474 4019 ad
501 3959 715 4018 coenam
744 3960 889 4032 Agni
934 3959 1175 4032 providi.
1209 3984 1226 4007 ι
1270 3959 1402 4032 Quae
1432 3977 1558 4016 cum
1596 3977 1628 4015 a
1678 3977 1810 4016 vero

245 3983 375 4022 081ῑ1
405 3983 474 4019 aa
501 3983 715 4018 C(Bllalll
744 3983 889 4030 flqu
937 3983 1175 4032 pFOVIUI.
1209 3984 1226 4007 ³
1270 3983 1402 4026 uua:
1432 3983 1558 4016 Clllll
1596 3983 1628 4015 ὃ
1681 3983 1810 4016 γεω

199 3983 359 4094 Band
387 4036 548 4105 longe
563 4032 749 4088 abesse
779 4031 1094 4105 videantur,
1119 4047 1216 4105 ego
1231 4031 1498 4105 audacius
1526 4032 1658 4105 quid
1682 4048 1810 4105 pro-

202 4110 412 4178 feram,
433 4103 703 4178 hymnum
732 4104 804 4158 ad
830 4120 1024 4178 cumam
1056 4104 1206 4173 Agin;
1225 4103 1284 4178 in
1312 4103 1813 4178 antiqua_Eccl_esia

203 4177 421 4238 cantari
468 4174 695 4233 solitum
746 4191 881 4242 esse,
932 4174 1065 4230 dum
1113 4174 1496 4231 catechumeni
1548 4174 1812 4242 haptizati

1917 2957 2268 3024 comparatur
2299 2967 2424 3024 cum
2464 2967 2603 3022 agno
2633 2952 2879 3024 paschali
2916 2960 3114 3009 assato.
3148 2952 3278 3020 Quae
3309 2952 3510 3024 imago,

1919 3021 2140 3102 aBrev.
2161 3022 2337 3102 ABom.
2369 3022 2432 3102 in
2476 3021 2907 3102 tentuieorrecto
2936 3041 3050 3102 non
3082 3033 3316 3102 recepta,
3350 3021 3514 3098 quam

1919 3093 1993 3149 sit
2024 3095 2209 3165 inepta
2237 3101 2292 3149 et
2321 3093 2503 3165 potius
2524 3094 2998 3167 Afastidiuqunam
3020 3093 3515 3152 devotionem—mo-

1920 3181 2081 3239 vens,
2115 3181 2277 3220 nemo
2300 3182 2408 3221 non
2450 3165 2609 3223 nobis
2628 3165 2908 3223 concedet.
2933 3167 3136 3224 Tamen
3158 3168 3295 3223 mire
3316 3168 3372 3223 in
3398 3168 3518 3239 ipsa

1920 3238 2321 3309 acquieverunt
2349 3244 2505 3309 pastui
2535 3246 2735 3294 nostrae
2774 3239 3034 3295 Ecclesiae
3072 3257 3126 3294 v.
3164 3256 3213 3295 c.
3244 3238 3519 3295 Lutherus

1924 3253 2321 3363 acq‘uieverunt
2349 3253 2501 3309 pasta;
2535 3253 2735 3294 nostrae
2774 3253 3034 3295 necieswe
3072 3257 3126 3294 v.
3164 3256 3213 3295 c.
3244 3253 3518 3295 humerus

1924 3308 1989 3381 (C
2037 3308 2136 3381 rist
2178 3309 2265 3380 lag
2294 3309 2353 3363 in
2400 3308 2838 3381 Todeﬁsbanden):
2883 3334 2900 3355 ι
2933 3310 3063 3365 Hier
3091 3308 3163 3365 ist
3207 3310 3303 3365 das
3332 3310 3518 3366 rechte

1921 3380 2272 3462 Qsterlamrhn,
2309 3381 2503 3462 Davon
2524 3380 2654 3462 Gott
2679 3380 2784 3462 hat_
2803 3381 3053 3462 gehoten,
3076 3382 3183 3462 Das
3210 3381 3283 3437 ist
3320 3397 3389 3436 an
3422 3381 3518 3462 des

1920 3454 2158 3507 Kreuzes
2201 3451 2374 3507 Stam.
2406 3452 2470 3507 In
2526 3452 2733 3507 heisser
2762 3451 2909 3508 Lieb’
2968 3451 3248 3523 gehroten.
3281 3478 3301 3502 ι
3358 3483 3428 3494 -
3461 3453 3512 3508 7.

1920 3524 2098 3596 Loss.,
2119 3523 2321 3596 rosido.
2350 3554 2416 3564 —
2439 3524 2493 3580 9.
2532 3523 2621 3593 0.,
2644 3540 3003 3596 vesperum—
3043 3524 3108 3578 13
3128 3540 3209 3596 sq.
3245 3524 3269 3580 Ι
3297 3524 3423 3582 Cor.
3455 3541 3515 3591 v,

1923 3596 1974 3662 7,
2015 3595 2069 3663 8,
2109 3595 2317 3651 Pascha
2346 3600 2587 3651 nostrum
2621 3595 2923 3651 immolatus
2960 3602 3036 3651 est
3067 3595 3345 3651 Christus:
3383 3611 3522 3667 epu-

1925 3668 2093 3722 lemur
2110 3667 2169 3721 in
2188 3667 2394 3736 azymis
2413 3666 2748 3722 sinceritatis.
2776 3698 2843 3708 -—
2868 3668 2952 3722 17.
2985 3667 3131 3724 Cass.
3165 3684 3177 3721 :
3210 3668 3324 3736 Al.,
3348 3683 3520 3723 onera

1922 3744 1968 3792 et
1986 3738 2166 3807 digna.
2189 3767 2261 3778 —
2281 3737 2369 3794 20.
2395 3740 2443 3793 A
2462 3738 2623 3794 nobis
2643 3745 2788 3795 stant
2809 3738 2899 3805 0.,
2922 3739 3010 3806 E.,
3036 3738 3128 3794 W.
3152 3738 3205 3807 2,
3230 3739 3364 3807 Md.,
3392 3737 3517 3806 Pd.,

1923 3809 2161 3876 Thom.;
2221 3808 2444 3879 reliqui,
2512 3811 2650 3865 redit
2695 3811 2783 3865 ad.
2844 3810 2949 3866 Sed
2996 3810 3242 3865 continet
3285 3827 3353 3865 ex
3400 3824 3522 3865 mea

1922 3880 2193 3961 sententia
2219 3897 2411 3960 versus
2428 3880 2550 3961 _t_ria
2580 3881 2867 3961 asyndeta,
2897 3897 3017 3953 quae
3041 3881 3348 3961 procedunt
3374 3879 3520 3961 ami-

1922 3952 2045 4024 nori
2074 3952 2144 4008 ad
2183 3950 2378 4024 majus.
2426 3953 2550 4010 Non
2580 3950 2759 4009 solum
2790 3950 2962 4008 fracta
3004 3950 3133 4008 sunt
3163 3959 3387 4021 tartara,
3429 3950 3525 4024 sed

1922 4023 2087 4096 etiam
2132 4022 2286 4095 plebs
2324 4025 2391 4096 in
2438 4024 2667 4081 vincula
2713 4024 2959 4096 conjecta
2992 4024 3274 4096 liberatur,
3316 4022 3525 4080 accedit

1921 4095 2195 4168 tertium:
2247 4095 2558 4168 redduntur
2608 4096 2714 4168 ipsi
2763 4095 2891 4152 vitai
2933 4096 3104 4168 beatae
3151 4095 3316 4168 dona.
3349 4096 3527 4168 Locus

1923 4174 2004 4239 est
2035 4166 2293 4238 palmaris
2321 4167 2389 4223 de
2420 4166 2686 4239 descensu
2717 4168 2954 4239 glorioso
2978 4167 3046 4223 ad
3076 4167 3302 4224 inferos.
3333 4198 3405 4209 —
3432 4166 3523 4223 21.

204 4235 434 4323 corpore
463 4256 518 4323 et
553 4246 818 4316 sanguine
844 4235 1067 4301 Domini
1089 4245 1193 4302 rite
1215 4235 1814 4323 _munirentur._(_)mnia
1849 4235 1892 4295 Β
1922 4235 2094 4323 (ξειδέο,
2128 4239 2247 4323 Lg;-
2276 4238 2643 4323 CS-LTthu
2675 4235 2832 4308 Βέδι,
2860 4240 3039 4321 TOU,»
3071 4239 3372 4323 censured;
3402 4239 3495 4323 F1;-

204 4317 338 4380 sane
368 4320 771 4392 optime‘coenai
800 4333 965 4392 sacrae
992 4317 1353 4392 eonveniunt,
1386 4334 1578 4392 neque
1594 4318 1649 4392 id
1680 4335 1811 4392 prae-

205 4387 501 4459 termittas,
545 4389 613 4445 ab
642 4389 766 4444 aliis
809 4388 972 4459 pcetis
997 4387 1139 4459 hanc
1190 4387 1517 4444 sententiain
1549 4387 1810 4445 disertius

207 4480 324 4522 esse
353 4458 788 4535 expressaniLUt
811 4458 893 4515 ’in
919 4458 1134 4517 cantico
1162 4459 1408 4533 paschali
1435 4476 1512 4517 sc.
1551 4460 1634 4529 lli,
1665 4460 1810 4533 apud

211 4532 526 4603 Hoffmann,
561 4549 615 4606 p.
648 4532 717 4590 69
749 4550 761 4589 :

374 4632 429 4682 Ir
452 4631 555 4680 solt
576 4630 693 4680 iuch
726 4631 820 4679 mit
843 4630 959 4678 dem
986 4628 1343 4692 osterleinblin
1376 4629 1553 4692 spisen

369 4693 471 4744 und
500 4697 640 4744 nemt
664 4695 747 4742 sin
774 4693 927 4742 heilic
956 4693 1129 4742 ﬂeisch
1157 4691 1260 4741 und
1284 4693 1409 4741 hlut.

367 4771 398 4806 ο
427 4757 702 4817 Sdthanas,
728 4756 802 4805 du
833 4755 1179 4806 schiullicber
1204 4756 1440 4819 scherge,

368 4820 603 4881 Christus
632 4820 866 4880 geminet
888 4820 972 4867 halt
996 4819 1083 4868 din
1113 4833 1257 4881 erge,

367 4881 434 4931 do
454 4880 537 4930 dir
555 4881 642 4930 diu
670 4882 826 4930 nacht
856 4897 944 4930 ron

1017 4882 1200 4943 gri’izen
1236 4895 1373 4933 nam.

367 4944 466 4995 Dia
494 4947 647 4993 nacht
670 4945 905 4993 erschein

975 4959 1058 4994 em
1086 4945 1246 5004 k'i'inig
1287 4943 1631 5003 Pharadnem,

368 5006 432 5056 do
461 5006 513 5054 in
539 5007 768 5056 verslnnt
797 5007 889 5055 daz
920 5008 1028 5056 rete
1057 5021 1180 5067 mer,
1214 5015 1310 5056 etc.

209 5126 282 5169 -_-
312 5096 364 5169 1,.
394 5096 569 5169 Apoc.
601 5112 723 5164 XIX,
752 5098 786 5154 9
819 5098 1009 5169 {Beati
1051 5097 1145 5166 qui
1171 5098 1242 5152 ad
1269 5114 1464 5153 caenam
1501 5098 1813 5169 nuptiarum

210 5167 353 5238 Agni
380 5167 552 5223 uocati
578 5174 720 5223 sunt.
741 5198 812 5208 —
831 5168 883 5223 2.
908 5168 997 5235 0.,
1024 5169 1173 5223 stolis
1194 5170 1247 5223 in
1275 5170 1413 5225 albis
1434 5167 1656 5238 ;Fab_r.,
1688 5172 1808 5226 stol.

211 5238 446 5312 etalbis.
479 5238 725 5298 Candida
755 5248 903 5312 veste
932 5240 1302 5312 induebamur
1320 5241 1579 5312 baptizati
1602 5259 1809 5298 omnes.

214 5309 779 5386 Hinc_Paulinus_Ep.
820 5311 907 5379 12,
938 5311 1006 5367 ad
1021 5312 1261 5386 _Sever._:
1300 5339 1317 5359 ι
1342 5309 1471 5368 Inde
1504 5330 1699 5386 parens
1731 5331 1812 5370 sa-

212 5397 307 5438 cro
345 5380 512 5464 ducit.
545 5383 613 5464 de
658 5380 806 5464 fonte
854 5382 1104 5464 sacerdos
1148 5383 1390 5464 Infantes
1443 5380 1652 5464 niveas,
1697 5402 1812 5441 cor-

212 5468 363 5535 pore,
386 5453 569 5534 corde,
588 5454 799 5509 habitu.
824 5479 841 5502 ι
875 5454 1338 5525 —3.Baptismit
1382 5473 1483 5527 pus
1506 5457 1613 5513 fuit
1641 5463 1814 5513 trans-

212 5524 723 5609 ituslsraelitarum
754 5542 860 5609 per;
875 5542 1027 5609 mare
1059 5473 1378 5609 Rubrumﬁ'
1398 5528 1524 5609 Cor.
1552 5546 1608 5609 ξ,
1634 5529 1660 5583 1
1685 5544 1804 5609 sqq.

212 5596 592 5671 Aratorjlist.
617 5598 723 5671 Ap:
746 5596 805 5671 ii,
828 5598 893 5671 81
922 5614 1037 5671 sq.;
1072 5597 1271 5671 Avitus
1304 5600 1346 5654 Ι.
1372 5616 1408 5653 v
1439 5599 1531 5667 (de
1559 5596 1816 5656 Transitu

214 5668 386 5741 maris
423 5667 595 5724 Rubri
602 5667 881 5741 );’S_edul.
915 5667 1017 5741 Op.
1068 5670 1255 5741 pasch.
1289 5688 1327 5739 i,
1382 5671 1503 5727 120.
1545 5672 1815 5728 Caeterum

218 5738 436 5814 Pharao
464 5755 563 5794 rex
606 5739 907 5810 saepissime
939 5738 1122 5814 typice
1152 5742 1384 5797 refertur
1413 5742 1481 5798 ad
1511 5742 1813 5801 diabolum.

217 5840 289 5852 —
309 5810 363 5866 5.
383 5809 473 5877 0.,
507 5809 717 5882 sacrum
750 5809 1135 5882 corpusculum.
1158 5844 1228 5855 —
1253 5814 1306 5878 ὅ,
1331 5814 1384 5869 6.
1416 5814 1580 5872 Corn.
1613 5831 1624 5868 :
1665 5839 1683 5861 ‹
1715 5815 1816 5871 As-

214 5890 396 5939 satum
424 5888 479 5937 et
514 5881 813 5939 arefactum
836 5881 920 5939 ’in
971 5901 1135 5943 cruce
1166 5884 1291 5958 igne
1338 5886 1433 5943 irae
1459 5885 1581 5956 Dei,
1613 5893 1676 5943 ut
1702 5886 1817 5959 ipse

1920 4311 2045 4365 dum
2073 4311 2262 4384 surgit.
2295 4310 2475 4384 722.
2496 4310 2584 4379 0.,
2609 4327 2704 4383 per
2722 4309 3335 4384 repexegesjn,gtartaro.
3358 4341 3428 4352 —
3459 4309 3494 4366 2

1920 4384 2009 4449 0.,
2044 4382 2280 4447 tradens;
2300 4381 2488 4451 Fabr.,
2514 4381 2731 4453 tyranni
2757 4381 2825 4439 ir.
2856 4381 2953 4448 vf;
2982 4381 3121 4438 Lud.
3146 4400 3157 4436 :
3187 4384 3300 4450 Al.,
3334 4388 3530 4453 tyran-

1920 4470 2070 4526 num
2095 4455 2306 4526 trahens
2346 4454 2579 4526 vinculo.
2621 4454 2705 4526 Cf.
2750 4453 3003 4526 juhilumi
3027 4453 3358 4526 paschalem,
3387 4453 3524 4526 Also

1921 4524 2102 4594 heileig
2130 4525 2200 4579 ist
2227 4526 2320 4597 der
2356 4525 2617 4597 Tag,ider
2644 4524 2728 4597 die
2755 4524 3261 4597 leleiibergoandt
3292 4524 3402 4597 und
3418 4524 3531 4597 _den

1925 4596 2144 4676 leidigen
2181 4596 2359 4676 Teufel
2383 4594 2612 4676 darinne
2641 4596 2798 4650 baud.
2823 4625 2889 4676 —-_-
2923 4594 3131 4676 25-28..
3161 4595 3312 4676 (ξω.ζ
3338 4594 3525 4676 Febr”

1925 4669 1993 4725 Ut
2055 4665 2304 4724 'clausula
2349 4666 2667 4738 annectitur
2712 4665 2939 4738 stropha
2988 4665 3244 4738 plurimis
3298 4665 3525 4738 hymnis

1928 4682 1993 4725 Ut
2059 4682 2304 4724 clausula
2349 4682 2667 4722 annectitur
2712 4682 2827 4722 srro
2870 4682 2939 4721 na
2988 4683 3019 4738 p

1924 4739 2291 4812 paschalibus.
2321 4738 2440 4812 #28;
2457 4737 2717 4812 0.,AMd.,
2749 4682 3019 4807 de/gndas.

1994 4811 2187 4867 LXIII.
2219 4840 2290 4851 —
2318 4810 2380 4866 In
2409 4809 2713 4867 Breviariis
2744 4826 2853 4865 non
2894 4809 3069 4881 reperi
3101 4808 3374 4880 hymnum
3410 4809 3528 4881 (ex-
3630 4852 3635 4857 .

1918 4891 2075 4954 cepto
2124 4882 2264 4954 Cs.),
2310 4881 2751 4954 quanquamﬁad
2800 4880 3242 4954 investigandum
3279 4880 3529 4954 magnam

1919 4952 2262 5025 diligentiam
2308 4952 2565 5025 adhibui.
2598 4952 2743 5008 Illud
2789 4953 2937 5025 enim
2984 4953 3531 5025 permurumiaccidit

1919 5024 2063 5098 apud
2085 5033 2192 5081 tres
2220 5035 2468 5098 auctores
2486 5024 2714 5080 diverso
2742 5024 2905 5098 modo
2927 5040 3041 5098 esse
3061 5024 3479 5098 pronuntiatum
3514 5041 3526 5079 :

1957 5095 2117 5154 raeter
2147 5114 2246 5154 nos
2276 5095 2423 5168 enim
2454 5112 2598 5168 quosi
2628 5095 2909 5165 novimus,
2941 5095 3530 5168 CassandrumtBebe-

1943 5170 2058 5224 iuni
2089 5178 2143 5225 et
2171 5167 2606 5238 Clichtovaium')
2639 5176 2692 5223 et
2723 5167 2927 5223 librum
2959 5169 3014 5224 S.
3048 5167 3352 5237 Benedicti,
3386 5167 3532 5223 Tho-

1923 5241 2128 5297 masius
2158 5242 2234 5296 ita
2276 5255 2498 5296 carmen
2527 5238 2762 5296 exhibet
2796 5257 2807 5295 ε
2844 5238 2953 5307 1-li,
2984 5256 3135 5295 cons.
3168 5254 3294 5294 cum
3325 5239 3475 5297 Cass.
3510 5257 3525 5307 ;

1920 5313 2048 5382 5-8,
2078 5314 2384 5368 Psallamus
2410 5312 2503 5367 hoc
2532 5312 2806 5382 discipuli,
2848 5311 3081 5366 Laudem
3107 5310 3343 5365 dicamus
3374 5328 3532 5366 mar-

1924 5385 2048 5455 tyri.
2102 5384 2205 5453 Qui
2246 5384 2456 5456 primus
2489 5390 2618 5455 post
2660 5384 3056 5456 redemptorem,
3083 5382 3295 5456 Christi
3332 5389 3534 5439 secutus

1922 5454 1995 5511 est
2020 5473 2223 5511 crucem
2240 5454 2261 5521 ξ
2288 5456 2435 5524 9-16,
2460 5454 2521 5510 ut
2548 5454 2700 5527 apud
2730 5456 2877 5513 Cass.
2906 5473 2919 5521 ;
2948 5454 3127 5519 17-20,
3158 5456 3278 5524 Ipse
3322 5462 3534 5527 martyr

1920 5529 2173 5598 egregius,
2225 5528 2422 5584 Amore
2471 5527 2680 5585 Christi
2721 5527 3045 5599 praedicans,
3080 5532 3271 5599 sancto
3300 5529 3535 5599 repletur

1926 5597 2153 5670 Spiritu,
2198 5600 2428 5655 Viretum
2464 5616 2653 5667 gerens
2690 5597 2983 5669 angelicum
3011 5616 3032 5664 ;
3066 5597 3250 5663 21-28,
3282 5597 3533 5670 ut‘apud

1926 5615 2153 5670 opu-itu,
2204 5615 2428 5655 Viretum
2464 5616 2653 5667 gerens
2690 5615 2983 5669 angelicum
3011 5616 3032 5664 ;
3067 5615 3250 5663 21-25,
3282 5615 3344 5655 ut
3387 5615 3419 5654 a
3458 5615 3533 5656 ua

1924 5672 2109 5739 Cass;
2157 5671 2367 5737 17-24;
2417 5670 2607 5737 29-32,
2652 5671 2756 5726 Iste
2778 5676 3006 5741 paratus
3049 5671 3252 5726 vertice.
3289 5615 3536 5728 Gangem

1924 5744 2148 5824 suscepit
2196 5743 2417 5824 lapides,
2466 5743 2686 5824 Bagam
2727 5759 2831 5824 pro
2859 5742 2933 5796 eis
2971 5742 3268 5824 Dominum
3292 5744 3537 5824 gaudens

1928 5813 2151 5870 tradidit
2195 5813 2463 5886 spiritum.
2531 5813 2740 5871 Versus
2769 5814 3058 5870 Cassandri
3108 5813 3272 5886 25-36
3300 5813 3536 5886 Deside-

1925 5894 2137 5944 rantur.
2168 5885 2275 5956 Qui
2308 5886 2366 5944 in
2394 5886 2673 5944 librorum
2710 5886 2942 5944 dissidio
2971 5902 3034 5943 ea
3061 5885 3201 5943 mihi
3233 5885 3533 5958 perplacuit
