3940 6364
152 407 293 466 1249

586 574 756 633 LXV.

470 667 547 723 De
578 668 635 723 S.
665 667 879 735 Agnete.

136 767 317 842 Agnis
342 765 513 821 beata:
541 760 786 842 virginis.

135 835 356 896 Natalis
382 844 485 903 est,
517 851 643 907 quo,
656 835 911 907 spiritum

138 911 296 968 Caelo
324 905 550 964 refudit
562 905 812 961 debitum

137 982 242 1038 Pio
272 986 485 1037 sacrata
515 976 798 1047 sanguine.

136 1072 357 1144 Matura
391 1067 659 1144 martyrio
691 1065 841 1144 fuit,.
1178 1059 1213 1115 5

136 1143 357 1199 Matura
383 1137 633 1196 nondum
662 1137 895 1208 nuptiis,

135 1214 383 1270 Nutabat
411 1212 470 1267 in
499 1210 637 1264 viris
664 1208 820 1275 fides,

139 1285 384 1343 Cedebat
412 1289 467 1338 et
494 1282 671 1337 fessus
699 1294 889 1335 senex.

136 1376 293 1432 Metu
320 1381 571 1446 parentes
586 1368 798 1446 territi,

139 1436 460 1504 Claustrum
493 1442 735 1515 pudoris
751 1436 1039 1508 auxerant,
1148 1436 1215 1493 10

139 1517 326 1575 Solvit
354 1512 789 1572 fores—custodiae

138 1589 308 1647 Fides
335 1587 510 1644 teneri
540 1584 741 1642 nescia.

137 1678 383 1735 Prodere
411 1676 537 1750 quis
568 1680 803 1750 nuptum
834 1677 990 1744 putet

140 1750 237 1807 Sic
267 1751 392 1806 lzeta
419 1743 585 1803 vultu
611 1743 856 1811 ducitur,

140 1822 331 1897 ljovas
356 1836 488 1876 vero
516 1818 699 1873 ferens
730 1830 859 1897 opes
1150 1811 1216 1868 I5

142 1895 350 1950 Dotata
376 1906 545 1949 censu
576 1895 880 1960 sanguinis.

141 1983 287 2039 Aras
315 1980 539 2038 nefandi
570 1977 825 2035 numinis

140 2054 385 2110 Adolere
410 2052 571 2108 taedis
598 2051 813 2110 cogitur
839 2064 851 2103 :

142 2124 462 2198 Respondet
479 2116 691 2198 iliaud
720 2120 856 2198 tales
879 2116 1025 2174 faces

141 2184 441 2268 Sunipsere
468 2192 676 2252 Christi
713 2190 976 2263 virgines.
1147 2184 1217 2244 20

142 2284 253 2341 Hic
283 2282 428 2350 ignis
456 2278 759 2350 exstinguit
788 2277 977 2350 ﬁdem,

144 2356 278 2410 Haec
304 2348 524 2409 flamma
553 2348 740 2408 lumen
766 2348 953 2416 eripit,

143 2426 275 2493 Hic,
304 2424 397 2480 hic
424 2424 606 2489 ferite,
635 2430 698 2478 ut
727 2424 941 2493 proﬂuo

145 2491 359 2555 Cru'ore
388 2491 919 2566 restinguamfaces.

146 2588 474 2643 Percussam
501 2601 664 2657 quam
686 2599 942 2657 pompam
962 2579 1113 2649 tulit,
1152 2580 1222 2637 25

149 2659 293 2734 13am
322 2654 758 2734 veste_se_totam
794 2654 947 2734 tegit,

149 2730 358 2799 Curam
388 2726 614 2799 pudoris
642 2726 901 2798 praestitit

145 2801 230 2857 Ne
258 2798 669 2872 quis’retectam
700 2802 965 2853 cerneret.

148 2890 219 2946 In
250 2894 427 2943 morte
456 2885 681 2942 vivebat
709 2884 887 2957 pudor
917 2900 929 2940 :

150 2960 500 3030 Vultumque
528 2965 741 3030 texerat
768 2973 958 3030 manu,

155 3032 381 3088 Terram
410 3028 557 3100 genu
582 3029 727 3084 ﬂexo
758 3028 893 3100 petit

154 3103 339 3174 Lapsu
367 3099 680 3158 verecundo
705 3099 922 3156 cadens.

154 3191 346 3249 Gloria
372 3189 499 3259 tibi,
531 3190 787 3259 Domine,
820 3197 923 3247 etc.

584 3302 781 3363 LXVI.

487 3395 565 3452 De
594 3396 650 3451 S.
680 3394 910 3466 Agatho.

157 3498 389 3582 _Agathae
419 3514 585 3582 sacrae
616 3498 852 3582 virginis

156 3571 320 3629 Diem
352 3571 553 3627 festum
593 3571 847 3637 colimus,

158 3645 224 3700 In
254 3658 385 3715 quo,
413 3642 633 3715 devicto
662 3650 923 3715 tyranno,

159 3711 406 3771 Palmam
438 3714 589 3770 subit
618 3711 894 3784 martyrii.

1239 393 1465 452 HYMNI
1504 392 1560 449 S.
1601 388 1957 448 AMBROSIO
1998 384 2394 449 ATTRIBUTI.

1266 517 1599 599 Quintianus
1615 523 1924 599 tyrannus,

1266 589 1585 668 Consularis
1614 589 1839 668 Sicilire,

1264 662 1517 717 Audiens
1546 662 1747 716 famam
1780 657 2015 717 virginis

1265 735 1523 789 Fremere
1546 732 1712 805 ccepit
1740 730 1989 786 invidus.

1265 824 1545 881 Vitiorum
1574 821 1861 878 affectibus

1264 895 1504 951 Mentem
1534 893 1769 950 vexabat
1798 888 2071 959 invidam,
2270 884 2337 942 10

1264 968 1337 1022 Ut
1367 968 1482 1021 Deo
1513 965 1751 1021 dicatam
1778 962 2051 1034 virginem

1268 1037 1478 1095 llabido
1507 1054 1600 1092 ore
1635 1036 1949 1108 perimeret.

1267 1127 1465 1182 Statim
1497 1125 1698 1181 adsunt
1722 1122 1912 1179 miseri

1267 1198 1404 1277 Ejus
1431 1198 1526 1277 qui
1564 1192 2037 1277 vellent-pandere

1270 1260 1611 1341 Religionem
1641 1260 2069 1341 sanctissimam,
2274 1260 2341 1317 15

1269 1335 1443 1408 Quam
1472 1346 1622 1396 tenet
1650 1339 1716 1394 ab
1743 1335 1996 1393 infantia.

1269 1429 1400 1485 Sisti
1426 1427 1585 1501 jubet
1610 1436 1909 1501 martyrem

1269 1501 1395 1556 Suis
1429 1498 1809 1556 tribunalibus

1273 1573 1343 1628 Et
1375 1588 1490 1627 eam
1522 1572 1603 1628 sic
1631 1570 1951 1643 alloquitur,

1271 1644 1341 1700 Ut
1370 1643 1456 1699 dis
1485 1639 1776 1699 cervicem'
1788 1641 2051 1699 ﬂecteret.
2269 1639 2341 1697 20

1271 1733 1378 1790 Sed
1398 1733 1538 1793 dum
1564 1732 1645 1787 nil
1677 1732 1825 1787 valet
1850 1730 2066 1788 insania

1271 1807 1333 1862 In
1364 1820 1603 1860 mamma
1630 1810 1850 1876 torquet
1879 1802 2174 1876 virginem,

1271 1878 1343 1934 Et
1370 1883 1536 1933 testas
1564 1874 1912 1932 acutissimas

1272 1948 1390 2021 Igni
1420 1963 1708 2005 succensas
1735 1944 1980 2002 adhibet.

1271 2036 1443 2109 Cujus
1470 2033 1755 2109 medendis
1784 2034 2011 2109 artubus
2267 2033 2339 2090 25

1271 2107 1505 2164 Sanctus
1533 2107 1686 2163 adest
1724 2108 2025 2179 apostolus,

1271 2180 1377 2248 Qui
1406 2179 1576 2235 verbo
1605 2185 1761 2235 curat
1790 2179 2022 2235 vulnera

1271 2252 1405 2319 Quae.
1436 2258 1705 2323 tyrannus
1733 2248 1889 2305 inﬂix
1898 2257 2033 2306 erat.

1272 2338 1487 2395 Dehinc
1514 2338 1584 2393 ad
1613 2338 1924 2409 sepulcrum
1954 2338 2183 2396 veniens

1273 2410 1502 2466 Juvenis
1529 2407 2032 2481 splendidissimus,
2274 2408 2342 2466 30

1275 2481 1514 2537 Mentem
1542 2487 1785 2537 sanctam
1816 2480 2077 2551 praedicat

1275 2552 1472 2608 Patriae
1502 2551 1735 2607 salutem
1762 2550 2080 2622 plurimam.

1696 2675 1917 2732 LXVII.

1416 2766 1654 2837 Hymnus
1694 2765 2199 2837 Quadragesimalis.

1576 2854 1688 2925 (Ex
1714 2854 1865 2911 Libr.
1899 2854 2040 2927 vet.)

1278 2960 1366 3034 Ex
1399 2976 1550 3016 more
1578 2959 1725 3034 docti
1737 2960 1994 3034 mystico

1278 3031 1571 3104 Servemus
1598 3032 1704 3088 hoc
1727 3031 2026 3104 jejunium,

1279 3104 1433 3159 Deno
1458 3102 1675 3159 dierum
1706 3102 1917 3160 circulo

1280 3176 1459 3232 Ducto
1488 3185 1681 3249 quater
1710 3176 2025 3233 notissimo.

1283 3264 1398 3338 Lex
1426 3270 1481 3319 et
1514 3264 1793 3338 prophetae
1822 3265 2081 3338 primitus

1284 3336 1400 3408 Hoc
1429 3336 1800 3408 protulerunt,
1822 3336 2185 3408 postmodum

1284 3407 1538 3466 Christus
1567 3408 1822 3476 sacravit,
1842 3407 2099 3463 omnium

1286 3480 1402 3536 Rex
1430 3486 1592 3551 atque
1619 3480 1796 3535 factor
1824 3486 2153 3552 temporum.

1285 3569 1520 3642 Utamur
1547 3585 1674 3642 ergo
1706 3570 1924 3642 parcius

1286 3640 1507 3714 Verbis,
1538 3640 1677 3714 cibis
1705 3640 1758 3697 et
1787 3642 2028 3714 potibus,

1287 3711 1514 3780 Somno,
1538 3712 1702 3785 jocis,
1734 3711 1804 3769 et'
1818 3713 2023 3770 arctius

3320 374 3460 434 1250

2302 509 2338 567 5
2390 472 2705 564 Perstemus
2734 506 2792 563 in
2817 502 3087 563 custodia.

2391 598 2649 656 Vitemus
2676 606 2856 653 autem
2884 596 3138 669 pessima,

2392 670 2525 738 Quae
2558 669 2833 725 subruunt
2860 675 3069 724 mentes
3091 682 3296 740 vagas;

2390 742 2730 813 Nullumque
2758 740 2950 795 demus
2976 738 3191 813 callido
3391 740 3458 797 15

2393 811 2550 868 Hosti
2581 809 2760 868 locum
2793 809 3125 883 tyrannidis.

2392 902 2652 959 Dicamus
2681 916 2873 955 omnes
2902 900 3117 968 cernui,

2393 975 2707 1031 Clamemus
2735 978 2897 1043 atque
2926 971 3153 1043 singuli,

2393 1046 2678 1101 Ploremus
2706 1041 2831 1099 ante
2859 1041 3125 1113 iudicem,

2394 1117 2707 1173 Flectamus
2736 1112 2874 1169 iram
2905 1112 3209 1170 vindicem.
3398 1114 3466 1171 20

2393 1203 2611 1260 Nostris
2640 1202 2800 1258 malis
2828 1201 3164 1258 offendimus

2395 1276 2591 1341 Tuam,
2622 1274 2786 1339 Deus,
2819 1272 3194 1343 clementiam,

2395 1344 2633 1425 Effunde
2668 1344 2827 1425 nobis
2849 1344 3094 1425 desuper

2397 1418 2679 1475 Remissor
2707 1416 3133 1488 indulgentiam.

2394 1507 2676 1580 Memento
2698 1507 2843 1580 quod
2875 1522 3067 1580 sumus
3098 1506 3180 1562 tui
3402 1506 3472 1562 25

2393 1579 2548 1651 Licet
2582 1578 2774 1651 caduci
2815 1578 3117 1651 plasmatis,

2394 1651 2472 1707 Ne
2499 1650 2597 1707 des
2626 1648 2893 1706 honorem
2926 1648 3173 1705 nominis

2394 1720 2520 1791 Tui,
2550 1738 2861 1794 precamur,
2894 1720 3078 1777 alteri.

2395 1812 2545 1886 Laxa
2574 1813 2780 1886 malum
2813 1811 2962 1886 quod
2991 1811 3283 1886 gessimus,

2394 1883 2548 1956 Auge
2575 1883 2781 1940 bonum
2813 1883 2962 1956 quod
2990 1883 3291 1956 poscimus,
3400 1885 3468 1942 3O

2394 1955 2617 2029 Placere
2647 1972 2763 2029 quo
2787 1954 3008 2011 tandem
3036 1954 3140 2029 tibi

2392 2026 2677 2084 Possimus
2708 2026 2803 2083 hic
2832 2036 2886 2084 et
2911 2027 3203 2099 perpetim.

2517 2151 2775 2225 Ejusdem
2804 2152 2986 2223 hymni
3012 2152 3128 2208 alia
3158 2150 3328 2207 lectio.

2676 2258 2789 2332 (Ex
2819 2259 2984 2315 Brev.
3015 2258 3205 2331 Rom.)

2395 2359 2485 2415 Ex
2514 2372 2665 2413 more
2695 2355 2846 2428 docti
2867 2357 3116 2428 mystico

2396 2430 2688 2509 Servemus
2728 2426 2834 2483 hoc
2855 2424 3156 2509 jejunium,

2394 2502 2551 2557 Deno
2577 2498 2792 2555 dierum
2824 2498 3034 2553 circulo

2395 2573 2574 2628 Ducto
2603 2576 2795 2642 quater
2822 2566 3134 2623 notissimo.

2399 2660 2515 2716 Lex
2545 2666 2599 2716 et
2627 2656 2908 2731 propheta
2940 2657 3206 2731 primitus
3446 2656 3481 2714 5

2398 2732 2515 2787 Hoc
2543 2730 2925 2801 praetulerunt,
2959 2730 3312 2801 postmodum

2398 2799 2652 2861 Christus
2680 2800 2937 2867 sacravit,
2960 2799 3226 2857 omnium

2400 2875 2518 2932 Rex
2544 2880 2707 2945 atque
2735 2871 2910 2927 factor
2933 2879 3271 2944 temporum.

2400 2962 2633 3019 Utamur
2660 2976 2788 3033 ergo
2822 2960 3041 3033 parcius

2402 3034 2622 3101 Verbis,
2651 3029 2899 3104 cibisfet
2929 3030 3172 3104 potibus,
3406 3029 3473 3087 10

2403 3104 2630 3172 Somno,
2656 3102 2819 3175 jocis,
2848 3111 2899 3158 et
2928 3102 3135 3159 arctius

2402 3176 2714 3233 Perstemus
2743 3176 2802 3230 in
2825 3175 3097 3231 custodia.

2316 3264 2352 3321 5
2404 3266 2657 3323 Vitemus
2686 3272 2871 3321 autem
2900 3265 3089 3333 noxia,

2405 3338 2537 3405 Quae
2566 3337 2842 3407 subruunt
2871 3344 3081 3391 mentes
3110 3350 3274 3407 vagas
3299 3353 3313 3402 ;

2405 3410 2740 3481 Nullumque
2769 3406 2962 3462 demus
2989 3406 3201 3481 callidi
3409 3406 3477 3463 15

2407 3480 2592 3536 Hostis
2622 3477 2803 3536 locum
2834 3477 3141 3550 tyrannidi.

2407 3570 2718 3626 Flectamus
2746 3568 2887 3623 iram
2913 3566 3192 3624 vindicem

2288 3639 2354 3697 10
2409 3641 2699 3696 Ploremus
2728 3647 2855 3695 ante
2883 3637 3130 3711 judicem

2412 3711 2725 3770 Clamemus
2757 3727 2851 3767 ore
2879 3710 3141 3783 Supplici,

232 3829 401 3886 LXV.
436 3858 506 3900 έ-
539 3827 784 3898 Antiquo
828 3824 1282 3900 cultu_splendet
1325 3827 1383 3883 in
1424 3828 1672 3885 Ecclesia
1710 3829 1765 3885 S.
1795 3834 1845 3892 Α
1878 3828 1948 3884 ad
1982 3827 2245 3900 carminis
2274 3828 2417 3900 leges
2458 3827 2702 3900 exegisse
2737 3827 2961 3900 scimus.
3011 3825 3283 3885 Caterum
3307 3825 3483 3900 _vides

158 3901 364 3969 Agnes,
413 3899 570 3969 virgo
609 3906 663 3953 et
706 3904 934 3969 martyr.
985 3898 1154 3952 Tenet
1198 3898 1379 3954 locum
1425 3900 1484 3954 in
1532 3917 1762 3967 canone,

159 3968 406 4027 oﬁicium
453 3968 523 4042 in
542 3969 690 4024 Sacr.
741 3968 1326 4042 Gregorii__proprium
1356 3971 1766 4042 cumipraefati-

160 3985 406 4027 omcium
453 3986 512 4024 in
542 3985 690 4024 bacr.
741 3985 991 4039 uregoru
1042 3985 1326 4096 provprium
1356 3987 1483 4025 cum
1513 3985 1762 4042 prman-

160 4058 266 4099 one
315 4041 557 4114 propria,
611 4057 681 4095 ex
736 4038 937 4114 decreti
987 4039 1071 4094 Pii
1200 4042 1413 4097 cultum
1463 4041 1762 4114 duplicem,

160 4110 404 4186 psalmos
419 4110 490 4186 de
511 4110 794 4186 communi
816 4110 1064 4166 virorum
1089 4119 1406 4186 sanctorum
1426 4110 1763 4186 martyrum.

164 4181 397 4241 Accedit
427 4182 723 4254 singularis
754 4181 969 4254 honos,
1002 4181 1149 4254 quod
1184 4192 1381 4240 octavo
1411 4184 1501 4240 die
1528 4181 1765 4240 celebra-

163 4263 257 4310 tur
285 4255 399 4310 ritu
439 4252 681 4326 simplici
723 4253 937 4326 Agnetis
969 4252 1215 4326 secundo,
1265 4255 1336 4310 ob
1367 4256 1768 4326 apparitionem

165 4326 396 4397 Agnetis
423 4323 747 4397 parentibus
774 4324 972 4397 factam
1004 4331 1058 4397 et
1088 4323 1588 4397 ConstantizefNam
1612 4328 1768 4382 Octa-

165 4394 291 4452 vam
337 4394 479 4451 illud
523 4396 729 4450 festum
778 4394 1266 4466 appellariivetant
1318 4396 1671 4465 Rubriciste,
1716 4406 1770 4453 et

166 4476 333 4535 recte,
364 4484 490 4523 cum
512 4466 717 4526 diebus
745 4464 919 4537 usque
948 4464 1017 4537 ad
1046 4465 1114 4521 28
1147 4464 1291 4537 diem
1325 4467 1592 4535 Januarii,
1628 4464 1767 4523 mul-

166 4540 221 4595 la
247 4538 343 4618 ﬁat
458 4539 684 4618 Agnetis
727 4536 954 4618 mentio.
1003 4536 1214 4618 Tamen.
1237 4536 1298 4591 in
1341 4538 1634 4618 permultis
1665 4554 1771 4618 ve-

171 4609 336 4665 tustis
387 4608 678 4665 breviariis
708 4608 936 4679 ponitur
969 4615 1153 4663 octava
1182 4609 1431 4679 Agnetis.
1476 4609 1674 4666 Noster
1701 4609 1771 4665 de

170 4681 225 4737 S.
258 4681 495 4753 Martyre
542 4679 785 4753 hymnus
815 4686 996 4734 exstat
1021 4679 1080 4753 in
1109 4680 1269 4753 Brev.
1303 4679 1391 4736 Cs.
1425 4681 1583 4753 apud
1605 4681 1773 4753 Tho-

172 4750 416 4808 masium'
454 4760 509 4807 et
550 4750 916 4822 Ellingerum.
950 4781 1019 4791 —
1051 4750 1100 4807 1.
1123 4821 1126 4822 ν
1152 4750 1337 4806 Patres
1386 4750 1646 4822 gignendi
1685 4769 1770 4807 ca-

173 4839 295 4879 sum
342 4822 498 4880 vocis
549 4820 725 4893 Agnes
766 4820 974 4892 duplici
1004 4821 1241 4893 ratione
1287 4820 1524 4893 ﬁngunt,
1575 4824 1769 4893 Agnes,

174 4892 629 4965 Agnetis,iAgnis,
662 4895 846 4965 Agnae,
877 4901 939 4948 ut
968 4892 1043 4965 ab
1066 4892 1299 4965 .jigotha,
1329 4892 1530 4965 Agathe
1552 4902 1606 4949 et
1630 4892 1769 4965 Ago:

176 4963 291 5037 tale.
324 4963 616 5037 Vide_quae
644 4963 983 5037 adnotarunt
1027 4964 1424 5037 IfP._S._Mauri
1470 4963 1771 5036 passim'ad

177 5035 430 5108 Gregorii
470 5034 917 5108 Sacrament._:—
941 5034 996 5102 5,
1028 5034 1419 5108 6.ATredecim_
1441 5034 1557 5091 erat
1579 5107 1582 5108 ν
1601 5053 1768 5108 anno-

176 5104 318 5163 rum'.
364 5107 449 5164 Cf.
483 5106 692 5185 .Ambr.
725 5105 791 5160 de
823 5105 977 5185 Virg.
1013 5122 1059 5185 1,.
1084 5104 1118 5161 2
1151 5123 1162 5160 :
1218 5129 1237 5152 ι
1265 5106 1523 5185 Noudum
1570 5107 1770 5185 idonea

1874 3900 1987 3955 fere
2037 3899 2296 3955 omnibus
2331 3897 2603 3955 'versibu's
2635 3900 2812 3956 lucem
2858 3899 3081 3953 allatam
3115 3914 3230 3953 esse
3257 3897 3482 3954 adnota-

1874 3971 2124 4026 tionibus
2154 3970 2365 4042 hymno
2401 3972 2460 4025 11
2508 3972 2761 4042 aspersis.
2808 4001 2879 4011 —
2903 3969 3012 4042 22Ἀ
3027 3969 3152 4042 Vat.
3185 3968 3276 4037 82,
3316 3986 3483 4042 mam-

1874 4060 2034 4097 mam.
2061 4072 2132 4123 -έ
2270 4042 2397 4123 Ἰᾴη
2438 4039 2772 4123 praedicans.
2798 4071 2870 4082 —
2894 4039 3076 4123 20-32.
3122 4042 3212 4097 Fr.
3246 4059 3258 4097 :
3302 4064 3337 4123 ,ε
3368 4041 3485 4097 Po-

1876 4120 2107 4169 suerunt
2151 4111 2465 4170 Christiani
2484 4111 2772 4185 corpusin
2809 4112 3071 4185 sepulcro
3096 4127 3263 4185 novo.
3298 4112 3479 4185 Cum-

1877 4200 1983 4257 que
2011 4186 2394 4257 collocaretur,
2427 4182 2834 4257 venit'quidam
2874 4182 3107 4254 juvenis
3154 4182 3347 4257 sericis
3388 4200 3480 4239 ve-

1880 4254 2056 4311 stibus
2114 4255 2363 4328 indutus,
2393 4272 2573 4328 quem
2622 4254 3279 4328 sequebanturamplius
3320 4270 3485 4328 quam

1878 4335 2100 4407 centum
2127 4326 2288 4407 pueri
2318 4325 2501 4407 _albati
2539 4335 2592 4382 et
2622 4325 3263 4407 pulchri.__Et_introiv_it
3290 4325 3362 4407 ad
3391 4325 3486 4381 lo-

1878 4414 2003 4454 cum
2044 4395 2152 4452 ubi
2190 4397 2580 4465 condiebatur,
2623 4395 2680 4453 et
2724 4397 2909 4468 posuit
2950 4395 3029 4450 ibi
3071 4396 3316 4468 tabulam
3346 4395 3485 4451 bre-

1879 4485 2003 4523 vem
2056 4484 2441 4537 marmoream,
2493 4468 2588 4525 ubi
2617 4467 2883 4539 scriptum
2913 4472 2994 4521 est
3027 4483 3039 4520 :
3068 4467 3311 4539 _Me_n_tem_
3347 4482 3486 4521 san-

1878 4546 2015 4595 ctam
2043 4547 2407 4611 spontaneum,
2440 4540 2688 4611 honorem
2719 4536 2822 4611 Deo
2852 4543 2901 4591 et
2924 4536 3483 4611 patritejibationem.

1879 4611 1949 4666 Et
1978 4606 2089 4665 tam
2119 4610 2216 4666 diu
2246 4611 2323 4666 ibi
2355 4610 2508 4666 stetit
2539 4608 2763 4679 juvenis
2792 4607 2969 4679 donec
2996 4606 3317 4679 sepulcrum
3364 4606 3484 4678 ejus

1880 4698 2006 4738 cum
2046 4681 2332 4752 diligentia
2377 4677 2769 4752 clauderetur,
2796 4679 2867 4752 Et
2908 4677 3208 4752 abscedens
3254 4677 3488 4752 ulterius

1880 4769 1990 4808 non
2038 4749 2190 4806 visus
2230 4759 2313 4806 est
2357 4752 2416 4806 in
2459 4759 2573 4807 tota
2616 4749 2903 4822 provincia
2950 4749 3285 4822 Siculorum,
3337 4749 3487 4806 unde

1879 4830 2102 4895 noniest
2118 4822 2360 4895 dubium
2394 4822 2529 4895 quin
2548 4820 2779 4895 angelus
2805 4820 2904 4877 Dei
2938 4820 3180 4895 fuerit._-
3303 4841 3309 4845 τ

1950 4890 2511 4949 LXVII.—-Pluriinaa
2544 4890 2804 4949 Ecclesiae
2829 4892 3110 4964 canebant
3135 4890 3292 4964 hunc
3314 4890 3493 4964 hym-

1880 4982 2025 5037 num,
2045 4972 2291 5037 tempore
2312 4965 2791 5037 iQuadragesimali
2823 4966 3021 5037 (usque
3047 4962 3117 5037 ad
3146 4962 3488 5037 dominicam

1881 5032 2179 5106 Passionis)
2212 5035 2279 5091 ad
2307 5032 2682 5106 Nocturnum,
2727 5032 2894 5106 idque
2931 5032 3004 5106 iit
3026 5033 3193 5106 etiam
3227 5032 3393 5106 hodie
3428 5034 3485 5106 in

1882 5108 2125 5179 Romana
2159 5104 2435 5179 Ecclesia.
2464 5107 2535 5179 In_
2572 5104 2904 5179 quibusdam
2926 5104 3282 5179 dioecesibus
3314 5105 3400 5176 (ut
3431 5105 3489 5160 in

180 5193 350 5259 pcena:
398 5187 463 5259 et_
475 5176 607 5259 jam‘
621 5185 836 5259 matura
865 5175 1175 5259 victoriae."
1219 5208 1290 5217 —
1319 5176 1407 5245 13,
1452 5177 1722 5259 Iliuldem
1756 5196 1771 5259 ξ
1812 5187 1857 5246 Β
1889 5178 2353 5259 Halberstadeusi,
2384 5175 2991 5259 yagdeburgensihal.)
3024 5175 3242 5259 duabus
3269 5175 3489 5232 tantum

193 5248 211 5297 ὲ
246 5250 369 5305 Non
422 5248 505 5306 sic
544 5248 613 5304 ad
658 5248 965 5303 thalamum
1018 5255 1189 5318 nupta
1245 5256 1561 5320 properaret
1604 5259 1668 5306 ut
1707 5249 1776 5306 ad

180 5320 435 5392 supplicii
481 5320 663 5376 locum
697 5319 819 5374 laeto
861 5334 1115 5375 successu
1149 5320 1302 5391 virgo
1344 5319 1617 5391 pervenit.
1647 5345 1666 5369 ι
1710 5351 1776 5362 -

184 5392 268 5448 13.
302 5391 425 5448 Vat.
460 5391 551 5448 82.
581 5390 709 5448 Ed..
766 5390 987 5448 Thom..
1044 5396 1283 5448 nuptam.
1316 5421 1387 5431 —
1417 5392 1505 5448 25.
1536 5392 1660 5448 Vat.
1684 5391 1775 5448 82.

257 5438 268 5449 .
311 5407 425 5448 vat.
460 5407 551 5459 cz,
581 5407 709 5459 130.,
766 5407 987 5457 ‘i'nom.,
1044 5407 1283 5459 nuptam.
1316 5421 1387 5431 —
1417 5407 1505 5448 zo.
1545 5407 1660 5448 vat.
1684 5407 1775 5459 82,

184 5408 268 5449 ιδ.
311 5408 425 5448 vat.
460 5408 551 5459 cz,
581 5408 709 5459 150.,
766 5408 987 5457 1nom.,
1044 5408 1283 5462 nuptam.
1316 5421 1387 5431 —
1417 5408 1505 5448 zo.
1546 5408 1660 5448 vat.
1684 5408 1775 5459 cz,

180 5479 394 5542 pompa.
435 5462 517 5518 Ita
544 5463 745 5534 legitur
774 5461 1121 5542 in_Legenda
1166 5461 1223 5542 S:
1254 5462 1512 5542 Agnetis:
1560 5462 1779 5542 «_J_ussit

186 5532 469 5606 praefectus
508 5532 626 5589 eam
670 5532 966 5606 exspoliari
1011 5540 1066 5587 et
1113 5532 1496 5606 nudamiduci
1526 5533 1596 5590 ad
1625 5535 1778 5606 lupa-

184 5603 300 5661 nar.
334 5605 565 5677 Tantam
592 5603 1130 5677 autem'idensitatem
1188 5604 1403 5675 capillis
1432 5604 1552 5677 ejus
1582 5603 1779 5661 Domi-

186 5692 289 5732 nus
318 5676 577 5750 contulit,
608 5684 671 5731 ut
699 5676 897 5731 melius
922 5675 1138 5750 capillis
1167 5691 1330 5748 quam
1359 5675 1607 5732 vestibus
1636 5685 1781 5750 tege-

189 5754 407 5819 retur.)
446 5747 559 5815 Cs.,
586 5763 857 5819 percussa.
878 5776 951 5819 -ς
979 5746 1066 5803 26.
1101 5746 1216 5819 Cs.,
1248 5753 1433 5819 tegens.

254 5818 453 5889 LXVI.
483 5849 553 5859 —
584 5816 683 5889 Br.
728 5816 842 5883 Cs.,
892 5817 1240 5887 Thomasius,
1286 5816 1315 5874 ὀ
1357 5818 1479 5876 cod.
1528 5819 1655 5876 Vat.
1689 5818 1779 5889 82,

189 5897 241 5947 et
267 5888 584 5959 Ellingerus
628 5888 773 5945 libro
800 5890 1061 5959 secundo,
1093 5890 1152 5947 in
1184 5907 1293 5964 quo
1322 5907 1513 5949 omnes
1543 5890 1783 5964 hymnos

1888 5250 2209 5321 septimanis
2264 5250 2322 5305 in
2380 5247 2808 5321 Quadragesima
2864 5248 2922 5321 in
2980 5247 3337 5321 psallentium
3395 5263 3489 5321 ore

1889 5316 2228 5402 versabatur.
2255 5351 2348 5402 _—.
2387 5316 2442 5389 3,
2491 5319 2543 5376 4.
2588 5316 2944 5402 Peri-phrasis
2981 5316 3492 5402 Squadragesimalis

1881 5391 2083 5464 jejunii
2138 5392 2419 5449 Ecclesiae.
2468 5423 2539 5433 —
2565 5389 2635 5474 .4.
2684 5389 2749 5447 ΗΣ
2801 5390 2942 5456 Hil.,
2998 5389 3303 5446 novissimo.
3334 5419 3408 5473 -;
3433 5389 3488 5447 6.

1889 5464 2076 5543 Fabia,
2106 5466 2489 5543 pertulerant.
2510 5464 2647 5543 Hil.,
2666 5465 2848 5543 .Au.g.,
2876 5462 3247 5543 [ir-retulerunt.
3280 5491 3351 5503 —
3375 5460 3490 5519 5-8.

1889 5535 2057 5616 Corn.
2093 5532 2120 5592 ξ’
2164 5560 2191 5616 ς
2220 5535 2430 5616 Laudat
2474 5534 2581 5591 hoc
2573 5532 2887 5616 _j_ejunium’
2907 5532 2974 5616 ab
2993 5540 3292 5616 auctorum
3325 5548 3496 5616 pra;-

1890 5606 2094 5685 stautia
2118 5624 2130 5661 :
2158 5605 2291 5685 facit
2317 5607 2544 5674 Mosem,
2571 5602 2757 5685 Eliam
2775 5603 3100 5685 prophetam
3130 5610 3184 5684 et
3206 5602 3493 5685 Christum

1889 5676 2008 5747 ejus
2034 5684 2303 5749 auctores
2329 5695 2357 5749 ;_
2403 5685 2501 5749 tot
2544 5679 2692 5732 enim
2741 5674 2846 5749 ipsi
2878 5674 3491 5749 ‘diesdjejunaverunt.

1891 5745 2073 5805 Exod.
2105 5765 2267 5817 xxrv,
2301 5747 2404 5816 18;
2456 5748 2530 5804 ΙΙΙ
2572 5749 2701 5820 Reg.
2742 5745 2864 5816 xix,
2894 5747 2967 5815 8;
3018 5745 3212 5803 Matth.
3245 5762 3323 5813 ιν,
3364 5745 3417 5802 2.
3459 5768 3479 5792 ι

1890 5851 1960 5862 -
1990 5820 2081 5902 11.
2156 5818 2296 5876 Lud.
2355 5819 2422 5902 i_n_
2467 5819 2831 5902 margine‘,met
2883 5818 3106 5902 arctius.
3161 5848 3232 5858 —
3272 5816 3356 5872 12.
3409 5815 3492 5902 II,

1886 5898 2220 5965 praestemus.
2258 5923 2329 5934 —
2369 5890 2454 5948 14.
2510 5886 2648 5957 Hii”
2706 5886 2989 5969 Wimpf,
3034 5906 3264 5960 quaeque.
3295 5915 3366 5928 —
3404 5886 3491 5943 16.
