3940 6372
186 389 336 449 1253

178 518 459 589 Gestaret,
493 516 619 589 aula
647 515 847 589 nobilis
879 517 1078 582 intimo

177 587 447 647 Claustro
496 587 721 661 pudoris
770 587 970 645 fertilis
1022 589 1257 663 integro,

182 686 323 744 Vox
352 685 639 743 suscitavit
670 686 832 741 missa
858 700 1138 756 puerperae

185 758 467 831 Fovitque
495 758 636 831 vatis
667 757 862 828 gaudia
891 756 1127 831 parvuli,
1194 756 1261 812 10

182 827 397 886 Matres
424 827 755 903 prophetarit
800 845 1024 883 munere
1053 827 1261 903 pigno-

177 971 375 1029 Mutus
404 972 620 1029 locutus
648 970 874 1027 nomine
898 968 999 1025 ﬁlii
1030 897 1254 1026 citrum,

175 1061 522 1118 Scribendus
571 1061 662 1116 hic
691 1067 770 1116 est
800 1062 951 1116 vocis
979 1068 1041 1115 ut
1068 1067 1259 1131 augeat

174 1136 397 1190 Nostrae
457 1148 702 1199 canores,
750 1132 996 1204 duraque
1026 1132 1257 1188 vincula

175 1206 466 1261 Dissolvat
494 1204 623 1270 oris,
657 1203 1165 1275 largapropheticis
1193 1204 1256 1259 15

174 1276 497 1333 Verborum
525 1274 757 1330 habenis
785 1274 970 1329 littera
988 1275 1253 1330 nominis.

176 1370 316 1427 Vox
343 1385 580 1443 namque
609 1368 799 1435 Verbi,
832 1384 946 1422 vox
972 1368 1253 1443 sapientiae

173 1511 364 1595 yajor
404 1510 686 1595 prophetis
733 1522 793 1595 et
820 1438 1248 1595 minor_ai?§tiiis,

176 1584 294 1652 Qui
313 1584 639 1656 praeparavit
668 1584 831 1656 corda
861 1584 1109 1640 fidelium

175 1654 501 1728 Stravitque
532 1664 710 1712 rectas
735 1654 972 1727 justitize
1003 1656 1140 1710 vias.
1182 1654 1251 1711 20

175 1750 440 1803 Assertor
466 1747 609 1818 aequi
638 1763 751 1801 non
780 1763 882 1818 ope
911 1747 1058 1818 regia

171 1820 497 1891 Necgmorte
526 1818 663 1874 dura
682 1818 931 1891 linquere
972 1818 1250 1891 tramitem

174 1888 317 1947 Veri
375 1899 632 1945 coactus:
676 1887 799 1948 Non
831 1889 977 1957 licet,
1013 1890 1110 1957 ait,
1144 1887 1249 1945 tibi

172 1962 424 2018 Uxorem
472 1961 671 2017 habere
706 1962 890 2017 fratris
920 1962 1245 2017 adulteram.

174 2052 328 2109 Hinc
357 2053 439 2109 ira
462 2054 605 2124 regis
634 2069 883 2125 saevaque
914 2053 1107 2107 funera
1179 2052 1249 2108 25

171 2125 503 2181 Saltationis
534 2140 758 2179 munere
789 2124 1031 2193 vendita,

168 2196 396 2251 Mensas
440 2196 661 2267 tyranni
691 2204 745 2250 et
773 2195 1011 2267 virginis
1036 2193 1248 2267 ebrius

169 2266 373 2322 Luxus
402 2266 633 2339 replevit
661 2266 925 2339 sanguine
968 2266 1172 2323 sobrio.

170 2363 311 2419 Ilaec
334 2363 568 2420 vitricus
595 2363 689 2419 dat
717 2363 862 2420 dona
887 2364 1143 2420 vesanior

171 2434 358 2502 Quam
434 2435 481 2491 si
537 2435 737 2491 veneni
804 2437 1019 2562 pocular
1054 2436 1249 2562 tit'adga

1023 2523 1079 2562 re
1112 2550 1124 2562 .

170 2575 386 2650 Negare
440 2584 662 2651 praestat
714 2594 880 2651 quam
934 2503 1253 2651 (13:33:33

172 2718 373 2777 Odisse
414 2726 656 2792 praestat,
704 2720 829 2791 plus
858 2647 1247 2864 nomiicl‘ilomrum

1002 2807 1173 2847 amor.

1002 2807 1173 2847 amor.

172 2886 264 2945 Sit
293 2887 550 2945 Trinitati
580 2886 823 2944 maxima
852 2887 1045 2959 gloria,

173 2959 324 3041 Laus
355 2968 424 3040 et.
438 2968 679 3041 potestas
709 2967 763 3015 et
792 2961 1082 3041 sapientia,

172 3031 567 3103 Sit_fortitudo
601 3048 664 3088 ac
693 3031 1107 3103 magniﬁcentia
1181 3032 1250 3089 35

172 3101 288 3159 Uni
307 3104 421 3160 Deo
453 3119 549 3175 per
577 3104 738 3160 saecla
767 3101 1048 3175 perennia.

170 3304 257 3363 De
299 3305 397 3362 SS.
452 3216 920 3363 Ρεενὸιὲξὶῗᾷαιο
972 3305 1247 3379 apostolis.

168 3402 570 3476 Apostolorum
602 3401 782 3475 passio

1204 346 1219 353 ’
1304 389 1529 447 HYMNI
1567 390 1621 446 s.
1663 389 2019 448 AMBROSIO
2058 388 2453 448 ATTRIBUTI.

1322 519 1480 576 Diem
1505 517 1741 576 sacravit
1768 518 2004 587 saeculis,

1319 591 1467 663 Petri
1498 590 1843 663 triumphum
1865 591 2132 658 nobilem,

1317 662 1471 718 Pauli
1491 662 1750 719 coronam
1779 664 2093 735 praeferens.

1317 749 1623 825 Conjunxit
1653 754 1881 825 aqualis
1914 753 2065 809 viros

1317 822 1491 879 CruOr
1520 822 1875 896 triumphalis
1904 824 2078 893 necis,

1314 896 1489 967 Deum
1510 905 1739 967 secutos
1768 897 2060 967 praasulem

1315 966 1521 1022 Christi
1549 966 1841 1024 coronavit
1873 967 2027 1023 fides.

1312 1056 1530 1129 Primus
1555 1058 1748 1113 Petrus
1776 1059 2075 1129 apostolus,

1311 1128 1422 1201 Nec
1448 1130 1647 1201 Paulus
1677 1128 1855 1201 impar
1885 1130 2077 1201 gratia,

1313 1200 1619 1255 Electionis
1649 1217 1745 1255 vas
1768 1200 1942 1257 Sacrae

1311 1271 1457 1326 Petri
1487 1271 1796 1343 adaequavit
1831 1272 2017 1327 fidem.

1310 1361 1482 1417 Verso
1502 1363 1683 1418 crucis
1711 1362 1946 1433 vestigio

1309 1434 1499 1489 Simon
1529 1434 1793 1489 honorem
1824 1434 1960 1490 dans
1988 1435 2103 1489 Deo

1308 1505 1613 1577 Suspensus
1640 1505 1906 1574 ascendit,
1938 1505 2053 1561 dati
2306 1505 2372 1561 15

1307 1578 1425 1632 Νοη
1458 1578 1750 1633 immemor
1775 1577 2006 1633 oraculi.

1306 1664 1658 1733 Praecinctus,
1704 1671 1765 1720 ut
1811 1664 2024 1721 dictum
2070 1671 2171 1733 est,
2203 1679 2372 1720 senex

1306 1736 1377 1790 Et
1397 1736 1643 1793 elevatus
1671 1735 1739 1791 ab
1767 1737 1939 1792 altero

1305 1807 1425 1874 Quo
1448 1809 1619 1864 nollet
1648 1808 1774 1876 ivit,
1802 1808 1898 1864 sed
1930 1808 2120 1864 volens

1304 1879 1538 1934 Mortem
1567 1880 1782 1951 subegit
1811 1895 2079 1952 asperam.
2299 1878 2367 1935 20

1305 1975 1445 2033 Hinc
1475 1977 1646 2033 Roma
1673 1978 1881 2032 celsum
1912 1977 2176 2035 verticem

1303 2048 1625 2103 Devotionis
1662 2049 1884 2116 extulit,

1303 2119 1552 2175 Fundata
1581 2120 1677 2175 tali
1709 2121 1976 2191 sanguine

1302 2191 1373 2246 Et
1398 2200 1522 2247 vate
1547 2198 1699 2247 tanto
1727 2191 1949 2248 nobilis.

1301 2286 1487 2342 Tanta:
1517 2304 1612 2358 per
1640 2288 1793 2342 urbis
1822 2287 2094 2342 ambitum
2300 2284 2370 2341 25

1302 2358 1512 2429 Stipata
1539 2358 1773 2414 tendunt
1796 2358 2035 2429 agmina,

1302 2429 1487 2484 Trinis
1517 2430 1868 2485 celebrantur
1896 2429 2007 2484 viis

1303 2500 1523 2557 Festum
1554 2517 1833 2557 sacrorum
1867 2508 2196 2572 martyrum.

1302 2590 1528 2676 Prodire
1558 2594 1683 2665 quis
1708 2592 1997 2676 ‘m‘undum‘
2008 2601 2164 2676 putet

1303 2661 1640 2735 Concurrere
1669 2665 1883 2735 plebem
1907 2661 2044 2735 poli,
2301 2663 2369 2720 30

1301 2733 1493 2807 Electa
1521 2733 1764 2807 gentium
1800 2733 1964 2807 caput

1303 2804 1469 2861 Sedes
1499 2804 1745 2878 magistri
1781 2804 2049 2879 gentium.

1719 2950 1945 3009 LXXII.

1632 3062 1709 3119 De
1756 3063 1812 3119 S.
1874 3063 2045 3119 Sixto.

1303 3185 1485 3259 Magni
1514 3186 1750 3259 palmam
1778 3184 2096 3259 certaminis

1305 3257 1532 3314 Invicta
1547 3257 1682 3314 ﬁdes
1711 3258 1947 3313 contulit
1977 3275 1991 3323 ;

1305 3330 1411 3385 Pro
1440 3329 1659 3387 Christo
1691 3328 2088 3384 dimicantibus

1305 3403 1384 3457 De
1414 3403 1552 3457 coelo
1580 3401 1742 3457 datur
1770 3401 2029 3457 calculus.

3381 396 3515 457 1254

2440 517 2530 591 Sic
2560 517 2720 591 fortis
2748 518 2959 591 Xystus
2987 518 3215 590 athleta,
3472 525 3508 581 5

2440 590 2586 665 Petri
2617 606 2865 665 sequens
2872 594 3228 665 martyrium,

2440 661 2673 717 Ornavit
2691 661 2832 717 mox
2847 661 3151 721 Ecclesiam

2349 750 2385 808 δ
2442 731 2816 790 Confessionis
2837 734 3021 792 titulo.

2438 824 2604 881 Ortus
2628 825 2864 882 Athenis
2896 833 2950 881 et
2978 826 3122 883 altus

2436 895 2896 968 Philosophorum
2920 898 3140 967 studiis,
3442 899 3505 955 10

2436 966 2679 1023 Mutavit
2702 978 2877 1024 artem
2907 969 3111 1025 artium

2435 1038 2742 1111 Praeceptor
2771 1040 3129 1111 apostolicus.

2315 1126 2380 1182 10
2435 1129 2568 1203 Nam
2602 1130 2851 1185 carnifex
2876 1130 3212 1203 tyrannidis,

2436 1200 2695 1256 Fremens
2722 1209 2784 1257 ut
2813 1200 3163 1269 leo'rabiens,

2432 1271 2759 1345 Advectans
2773 1289 2958 1329 secum
2988 1283 3261 1345 martyres
3436 1276 3501 1331 15

2431 1342 2630 1398 Abdon
2659 1352 2713 1399 et
2742 1344 2958 1400 Sennen
2988 1342 3229 1417 perimit.

2430 1433 2668 1508 Qeingad
2698 1435 2938 1507 Xystum
2967 1452 3283 1508 properans,

2430 1504 2649 1574 Vincla,
2682 1504 2920 1575 catenas,
2952 1504 3226 1564 carcerem

2428 1576 2691 1645 Minatur,
2713 1578 3074 1634 interneciem

2428 1647 2669 1704 Gladioli
2700 1651 2993 1706 sententia.
3430 1649 3499 1705 20

2427 1742 2582 1798 Tunc
2612 1742 2734 1816 pius
2755 1743 2849 1816 ille
2881 1741 3133 1816 pontifex

2425 1815 2750 1870 Accersiens
2779 1815 3161 1882 Laurentium,

2424 1885 2632 1942 Levita:
2671 1886 2998 1943 ﬁdelissimo

2426 1956 2855 2015 Commendavit
2884 1957 3209 2015 Ecclesiam.

2423 2048 2661 2122 Uterque
2680 2050 2960 2107 consecuti
2987 2067 3109 2107 sum
3432 2049 3501 2105 25

2423 2120 2632 2191 Agonis
2658 2122 2741 2178 sui
2774 2122 3062 2189 bravium;

2426 2190 2590 2248 Ensis
2620 2203 2673 2250 et
2702 2194 2982 2250 craticula;

2427 2261 2700 2321 Coronam
2729 2266 2883 2321 dedit
2913 2263 3115 2337 passio.

2456 2359 2761 2433 Iungamur
2790 2378 2919 2433 ergo
2947 2363 3104 2430 socii,

2481 2432 2715 2514 ymnum
2749 2432 2996 2514 gerentes
3017 2433 3265 2514 I)_omino
3429 2432 3498 2488 30

2427 2502 2498 2573 Ut
2522 2502 2720 2558 horum
2752 2502 3179 2573 interventibus,

2424 2572 2622 2628 Nostra
2648 2583 2950 2646 purgentur
2978 2572 3290 2650 criminar.]

2427 2661 2615 2734 Gloria
2644 2663 2769 2732 tibi,
2797 2664 3054 2734 Domine,

2427 2733 2616 2791 Gloria
2643 2736 2956 2807 Unigenito,
2985 2733 3092 2794 etc.

2838 2880 3090 2938 LXXIII.

2702 2987 2781 3043 De
2809 2986 2847 3044 S
2859 3032 2871 3043 .
2906 2988 3212 3045 Laurentio.

2428 3092 2819 3167 Apostolorum
2856 3110 3147 3167 supparem

2426 3164 2786 3222 Laurentium
2811 3164 3277 3236 archidiaconem,

2429 3236 2551 3310 Pari
2573 3253 2773 3293 corona
2804 3247 3111 3310 martyrum

2429 3308 2675 3365 Romana
2703 3308 3121 3365 sacravit—fides.

2430 3400 2670 3471 Xystum
2700 3415 2930 3472 sequens
2959 3398 3053 3456 hic
3079 3408 3401 3472 martyrem,
3455 3390 3491 3451 ὅ

239 3510 543 3582 LXXIL—
566 3509 727 3582 Brev.
761 3507 875 3582 Cs.,
901 3507 1234 3582 Thomasius
1255 3507 1311 3563 in
1334 3507 1765 3582 Hymna_rio,Be-
1799 3508 1851 3568 A
1885 3578 1909 3582 _
1956 3506 2211 3582 LXXIII.
2243 3536 2315 3548 -—
2344 3507 2625 3582 Hymnus,
2673 3522 2783 3582 quo
2814 3506 3094 3582 luculente
3125 3515 3413 3582 enarratur
3433 3508 3490 3582 Si

164 3581 374 3649 belius,
424 3580 747 3649 Cassander,
800 3580 1138 3652 Ellingerus,
1167 3580 1262 3635 lib.
1294 3580 1467 3636 mJ—
1536 3580 1586 3637 2.
1621 3580 1709 3636 Cs.
1749 3623 1763 3649 ,

164 3652 306 3709 Beb.
332 3695 347 3721 ,
380 3653 583 3708 surculi.
616 3683 689 3693 —
716 3653 766 3707 3.
796 3651 1018 3720 Thom),
1046 3658 1307 3706 nostrum.
1338 3681 1411 3693 —
1437 3651 1490 3707 5.
1524 3652 1722 3706 Thom.
1756 3694 1771 3720 ,

166 3725 264 3782 Cs.
291 3767 306 3792 ,
343 3726 588 3794 wquales.
619 3753 691 3764 —
723 3724 772 3779 7.
809 3724 959 3780 Cass.
985 3766 999 3790 ,
1033 3724 1229 3790 secuti;
1264 3722 1421 3790 Beb.,
1454 3723 1545 3779 Cs.
1574 3766 1587 3789 ,
1616 3740 1771 3793 prte—

167 3797 333 3851 sules.
382 3825 452 3836 —
503 3796 588 3850 11.
641 3795 819 3850 Locus
850 3798 973 3849 Act.
1008 3811 1087 3860 IX,
1122 3795 1207 3860 15,
1267 3795 1365 3852 Vas
1401 3794 1665 3849 electionis
1701 3800 1775 3849 est

165 3867 307 3922 mihi
345 3866 458 3932 iste,
504 3872 562 3919 ut
603 3872 776 3935 portet
829 3882 1015 3920 nomen
1070 3882 1242 3919 meum
1294 3882 1473 3920 coram
1517 3866 1771 3935 gentibus,

171 3938 386 4017 effecit,
402 3944 464 3990 ut
482 3952 514 3990 a
532 3936 720 4017 poetis
739 3939 983 4017 atquein
1013 3936 1399 4017 ecclesiasticis
1419 3937 1617 4017 otﬁciis
1638 3938 1771 4017 Pau-

172 4011 265 4065 lus
309 4008 546 4063 solemni
578 4008 813 4079 quodaui
853 4008 967 4062 ritu
1005 4008 1373 4079 appellaretur
1420 4025 1509 4062 ras
1558 4008 1775 4062 electio—

174 4024 265 4065 lus
309 4024 546 4063 sciemni
578 4024 813 4133 (ﬁiouam
853 4024 967 4062 ritu
1005 4024 1373 4079 appellaretur
1420 4025 1509 4062 ras
1558 4024 1769 4062 electio-

172 4081 281 4136 nis.
343 4108 414 4118 —
474 4079 573 4151 i2.
641 4094 713 4145 e.,
747 4079 1254 4149 ﬁdei..Ell.,illius
1281 4080 1371 4134 ad.
1430 4109 1501 4119 —
1560 4080 1644 4135 16.
1689 4096 1769 4151 sq.

174 4153 336 4208 Joan.
370 4165 489 4216 xxr,
517 4150 586 4206 18
611 4168 621 4204 :
664 4151 795 4205 Cum
821 4157 994 4205 autem
1025 4150 1274 4217 senueris,
1312 4151 1557 4205 extendes
1587 4150 1775 4205 manus

178 4230 321 4289 tuas,
350 4227 398 4276 et
423 4222 565 4275 alius
598 4227 642 4275 te
666 4222 835 4290 cinget
860 4228 907 4275 et
937 4223 1085 4275 ducet
1110 4239 1212 4292 quo
1243 4228 1299 4277 tu
1325 4239 1432 4277 non
1463 4222 1560 4279 vis.
1584 4253 1654 4263 -—
1687 4223 1772 4278 19.

178 4293 357 4358 Cass.,
386 4293 515 4364 ibat.
546 4323 617 4333 —
647 4292 734 4347 20.
764 4292 939 4359 Cass.,
970 4292 1027 4346 in
1060 4294 1337 4364 margine:
1375 4295 1525 4349 Fort.
1558 4294 1771 4348 subivit.

176 4395 251 4406 —
296 4365 387 4421 21.
417 4363 589 4431 Cass.,
636 4365 803 4419 Roma
833 4366 1023 4418 celsum
1052 4363 1239 4417 vertice
1260 4381 1282 4429 ;
1329 4364 1486 4431 Beb.,
1540 4366 1626 4421 Sic
1661 4368 1775 4421 Ro-

176 4453 287 4491 ma.
338 4465 410 4475 —
460 4435 549 4490 24.
601 4434 774 4503 Cass.,
835 4441 881 4489 et
936 4441 1054 4488 vate
1107 4435 1245 4489 tanti
1297 4436 1568 4500 nominis;
1616 4436 1774 4504 Beb.,

177 4514 297 4563 vate
328 4512 471 4562 tanta
498 4506 685 4561 nobili.
717 4537 788 4546 —
816 4507 904 4562 25.
930 4505 1104 4574 Cass.,
1140 4512 1287 4561 tanta
1306 4523 1407 4577 per
1434 4507 1579 4561 orbis
1608 4508 1773 4573 amb.,

180 4579 242 4634 in
290 4594 507 4649 marg:
555 4578 869 4648 Legendum
908 4587 1055 4649 puto
1103 4578 1272 4633 urbis.
1302 4576 1402 4649 ;--
1458 4576 1545 4649 26.
1600 4578 1774 4643 Cass.,

179 4647 465 4716 mendose,
491 4647 734 4720 pendent.
755 4719 764 4720 ί
784 4679 854 4689 -
894 4647 981 4720 27.
1016 4649 1166 4705 Cass.
1195 4667 1206 4704 :
1253 4674 1271 4696 ‹
1298 4647 1613 4720 Legendum
1643 4657 1777 4720 puto

182 4722 342 4788 binis,
376 4729 437 4774 ut
468 4721 677 4775 alludat
703 4719 773 4775 ad
804 4719 942 4775 illud
972 4720 1259 4775 Prudentii
1287 4737 1299 4774 :
1323 4719 1512 4791 Aspice
1536 4719 1776 4791 peribiﬁ-

182 4792 281 4881 das
322 4791 470 4881 plebs
510 4793 738 4881 aniula
794 4793 1266 4881 ﬁnditurlplateas
1309 4793 1422 4881 ‘lua:
1477 4791 1534 4881 in
1575 4791 1776 4881 duobus

1885 3578 2174 3652 Laurentii
2208 3577 2565 3652 martyrium,
2604 3577 2815 3652 legitur
2850 3577 2995 3650 apud
3025 3577 3385 3652 Thomasium
3431 3579 3489 3635 in

1884 3650 2201 3721 Hymnario
2231 3658 2285 3706 et
2314 3650 2371 3706 in
2401 3652 2563 3707 Brev.
2589 3651 2677 3709 Cs.
2706 3652 2755 3706 1.
2783 3654 2997 3721 Suppar
3016 3651 3303 3721 apostolus
3329 3667 3489 3706 voca-

1886 3720 1976 3777 tur
2013 3723 2078 3794 L.
2123 3732 2346 3794 propter
2380 3724 2578 3779 miram
2613 3721 2786 3777 animi
2818 3720 3189 3794 constantiam
3221 3729 3275 3777 et
3303 3722 3487 3778 dirum

1884 3793 2030 3865 quod
2070 3792 2262 3865 passus
2301 3802 2383 3849 est
2429 3802 2570 3850 mart
2616 3795 2784 3861 rium,
2847 3793 3082 3864 ideoque
3136 3792 3195 3847 in
3242 3794 3489 3850 Ecclesia

1884 3864 2134 3919 omnium
2176 3874 2509 3922 martvrum.
2645 3865 2923 3922 Stephano
2956 3870 3339 3922 excento.sum
3371 3882 3489 3921 mos

1884 3864 2134 3939 omnium
2176 3874 2509 3939 martyrum,
2558 3864 2619 3939 S.
2636 3865 2923 3939 Stephano
2956 3870 3339 3939 e_xc_epto,sum
3371 3882 3491 3921 mos

1884 3936 2029 4006 cepit
2058 3935 2483 4009 honoresflnde
2513 3935 2884 4009 vigilia,'inde
2917 3936 3165 4009 ofﬁcium
3193 3951 3291 4009 per
3310 3942 3486 4009 totum

1883 4007 2169 4079 proprium
2196 4013 2213 4032 '
2236 4052 2251 4077 ,
2306 4009 2434 4065 inde
2465 4006 2671 4065 Octava
2702 4010 2865 4062 missa
2906 4006 3167 4079 peculiari
3218 4006 3479 4079 insignis.

1883 4078 2068 4150 Neque
2100 4097 2229 4135 vero
2259 4081 2433 4136 Italiae
2470 4082 2527 4135 in
2557 4080 2793 4137 colendo
2826 4078 3125 4134 Laurentio
3149 4078 3316 4133 cessit
3343 4079 3490 4134 Ger—

1886 4150 2087 4205 mania.
2139 4153 2323 4207 Multaa
2354 4153 2598 4208 ecclesias
2630 4152 2731 4207 sub
2762 4150 2882 4221 ejus
2916 4150 3228 4221 patrocinio
3273 4150 3491 4205 milita-

1884 4221 2035 4286 bant,
2060 4221 2117 4277 in
2144 4224 2399 4293 plurimis
2430 4224 2496 4279 de
2524 4240 2587 4279 eo
2610 4220 2987 4279 recitabantur
3006 4220 3491 4291 suffragia,ingens

1885 4293 2216 4366 templorum
2240 4310 2504 4366 numerus
2531 4296 2636 4366 ipsi
2668 4303 2784 4349 erat
2810 4293 3130 4366 dedicatus.
3146 4293 3248 4366 (De
3270 4293 3493 4348 Germa-

1886 4364 2178 4437 niasepten
2188 4365 2407 4421 trionali
2432 4362 2813 4437 vide-Wiggert
2823 4410 2835 4432 ,
2848 4366 3051 4437 Hister.
3064 4362 3492 4437 Wanderungen

1885 4434 2063 4507 durch
2096 4435 2209 4507 die
2265 4438 2512 4493 Kirchen
2558 4434 2880 4507 des'Regbz
2927 4434 3304 4507 Magdeburg;
3341 4436 3491 4507 Neue

1886 4506 2338 4578 Mittheilungen,
2370 4517 2500 4576 etc.,
2520 4508 2617 4563 des
2648 4504 2819 4561 Thur.
2845 4504 3490 4578 Saechsischen'Vereins

1890 4578 2046 4632 1837.
2072 4574 2243 4646 Ιν,8ῖ
2275 4574 2417 4649 119.)
2450 4574 2595 4646 Quin
2618 4578 2782 4649 etiam
2816 4583 2940 4649 post
2962 4574 3188 4649 Lutheri
3216 4581 3485 4649 tempora,

1886 4665 2013 4728 cum
2032 4644 2366 4728 sanctorum
2391 4644 2510 4728 dies
2540 4648 2664 4728 festi
2686 4644 3309 4728 jam'dnudumjacerent
3334 4644 3490 4728 obso-

1888 4719 2005 4786 leti,
2029 4718 2082 4773 S.
2110 4720 2439 4776 Laurentius
2468 4721 2526 4775 in
2557 4718 2815 4786 plurimis
2848 4718 3279 4773 Protestantium
3313 4719 3489 4774 eccle-

1891 4790 1995 4864 siis
2022 4791 2380 4864 recolebatur.
2414 4788 2577 4864 Apud
2609 4791 2888 4864 Ludecum
2918 4788 3170 4864 invenies
3206 4788 3487 4864 liturgiam

183 4858 370 4934 fervet,
400 4878 509 4917 una
546 4862 715 4932 festis.
749 4888 766 4910 ι
794 4858 890 4934 ’έ-
920 4863 1006 4919 28.
1041 4858 1214 4930 Cass.,
1247 4863 1581 4918 celebrantur
1606 4862 1774 4932 festa;
1810 4864 1857 4924 B
1892 4861 1946 4916 in
1973 4862 2111 4934 festo
2131 4862 2185 4917 S.
2215 4858 2497 4919 Laurentii
2526 4862 2827 4919 canendain
2858 4870 3028 4934 atque
3045 4859 3181 4934 adeo
3211 4858 3489 4934 inbibliis

183 4933 319 5001 Ell.,
350 4933 688 5003 inclytorum.
716 4964 787 4973 —
814 4933 901 4990 29.
935 4934 1062 4991 Vat.
1098 4934 1185 5001 82,
1220 4936 1436 4989 mundo.

256 5005 482 5060 LXXII.
513 5035 584 5046 —
614 5005 943 5060 Thomasius
973 5005 1031 5059 in
1070 5006 1395 5076 Hymnario.
1447 5036 1515 5047 —
1552 5006 1605 5063 6.
1639 5005 1782 5073 Quia

187 5076 340 5133 cruci
370 5076 569 5131 afﬁxus
597 5086 696 5131 est.
741 5106 813 5117 -—
848 5077 934 5144 13,
966 5076 1050 5131 lli.
1093 5077 1293 5132 Decius
1319 5077 1498 5133 Caesar
1525 5085 1580 5133 et
1608 5078 1781 5133 Vale-

186 5148 379 5219 rianus
407 5148 698 5219 praefectus
726 5147 1002 5219 praetorio.
1028 5178 1097 5188 -—
1126 5148 1211 5203 16.
1238 5150 1319 5204 Ita
1350 5150 1440 5203 Fr.
1475 5166 1485 5203 :
1534 5171 1552 5194 ‹
1579 5148 1780 5204 Abdon

188 5226 245 5274 et
271 5218 487 5291 Sennen
522 5220 580 5273 in
612 5218 866 5275 Corduba
894 5219 1117 5274 civitate
1150 5219 1436 5275 Persarum
1477 5220 1585 5275 sibi
1630 5237 1781 5291 pra:-

189 5290 398 5346 sentari
422 5289 696 5362 jussit”,
724 5297 847 5362 post
877 5307 1088 5345 menses
1117 5299 1354 5362 quatuor
1390 5289 1644 5346 veniens
1665 5294 1783 5347 De-

187 5362 309 5419 cius
338 5362 567 5417 Romam
599 5361 874 5417 adducens
905 5378 1091 5417 secum
1122 5361 1184 5417 Β.
1234 5362 1435 5418 Abdon
1476 5370 1529 5418 et
1560 5363 1780 5418 Sennen

192 5432 401 5489 catenis
430 5433 667 5499 vinctos,
699 5442 815 5489 etc»
835 5474 849 5489 .
878 5463 949 5474 —
979 5434 1067 5489 28.
1099 5433 1224 5489 Vat.
1255 5434 1346 5502 82,
1381 5435 1660 5490 craticula.
1715 5464 1784 5475 —

191 5504 374 5561 29-32.
406 5503 527 5559 Meo
554 5504 770 5576 judicio
800 5521 989 5561 versus
1017 5512 1099 5560 est
1128 5505 1371 5577 spurius.

255 5603 281 5627 "
312 5602 429 5653 Non
448 5616 651 5668 possum
670 5609 789 5667 quin
806 5604 958 5668 hujus
979 5605 1074 5654 loci
1088 5605 1565 5668 opportunitate_sic
1585 5602 1783 5666 abutar,

195 5672 251 5715 ut
273 5666 457 5715 notent
471 5666 811 5715 foedissimum
836 5666 1060 5717 errorem
1084 5667 1431 5729 Grueseriwie
1451 5666 1787 5715 Katliolische

196 5728 448 5793 Liturgie.
485 5738 604 5793 etc.,
639 5744 685 5790 p.
713 5730 921 5793 2821:}
960 5731 1053 5779 Die
1079 5732 1148 5778 im
1176 5728 1458 5793 Commune
1482 5732 1788 5793 Sanctorum

196 5790 480 5842 stelienden
512 5792 710 5841 Geliete
740 5790 841 5840 und
871 5790 1076 5842 Messen
1099 5790 1215 5841 sind
1235 5807 1295 5841 zu
1318 5793 1454 5841 allen
1478 5792 1653 5842 Zeiten
1685 5793 1787 5842 und

197 5855 280 5904 [ἣν
309 5854 408 5902 alle
432 5853 674 5915 Heiligen
702 5855 943 5917 passend,
973 5854 1076 5917 and
1102 5870 1158 5905 es
1189 5855 1408 5905 braucbt
1437 5862 1672 5905 nurstatt
1696 5855 1790 5905 des

195 5918 431 5971 Name-ns
450 5916 520 5967 im
543 5904 1065 5979 B‘reviergebet'oder
1089 5904 1376 5971 derﬁllesse
1396 5904 1491 5969 der
1512 5918 1677 5969 Name
1697 5904 1789 5969 des

1890 4933 2095 4987 nostris
2126 4934 2410 5007 pericopas
2439 4935 2670 5007 Martyri
2700 4943 2890 4989 nostro
2919 4931 3488 5007 aptissime,‘de_scri-

1889 5012 2027 5076 ptas.
2057 5002 2207 5076 _—'7,
2236 5006 2289 5061 8.
2316 5002 2447 5062 ‘Vat.
2478 5002 3048 5076 82,'persolverat.ﬂ—-
3204 5002 3291 5058 30.
3325 5004 3482 5074 Ipsos

1889 5073 2175 5131 carnifices
2227 5076 2518 5155 horrendis
2574 5073 2853 5155 craticulae
2880 5073 3487 5155 _inceud_iis_perustos

1891 5162 2025 5221 esse,
2060 5163 2329 5221 nusquam
2360 5149 2417 5203 in
2450 5149 2693 5221 legendis
2717 5148 2927 5221 reperi;
2950 5153 3084 5221 puto
3114 5146 3171 5200 in
3192 5143 3484 5201 historiam

1892 5218 1947 5273 S.
1983 5217 2262 5275 Laurentii
2292 5217 2575 5291 irrepsisse
2596 5238 2665 5276 ex
2688 5217 2954 5291 martyrio
2976 5217 3144 5273 trium
3167 5232 3484 5287 puerorum,

1892 5292 2032 5369 pan.
2082 5308 2161 5359 vr,
2210 5291 2308 5369 47f,
2343 5291 2463 5369 A8:
2513 5295 2586 5369 Et
2641 5291 3007 5369 effundebatur
3049 5291 3278 5369 ﬂamina
3332 5305 3491 5369 super

1893 5361 2163 5435 fornacem
2191 5363 2378 5417 cubitis
2406 5359 2764 5435 quadraginta
2792 5378 2982 5435 novent
3012 5359 3272 5435 eterupit
3300 5367 3347 5414 et
3391 5359 3489 5435 in-

1894 5434 2065 5507 cendit
2091 5451 2221 5505 quos
2250 5430 2448 5506 reperit
2465 5430 2638 5507 juxtd
2659 5432 3010 5507 fornacem_de
3034 5430 3487 5507 Chaldwis._—23.

1897 5502 2363 5575 Cs.,monstrans.
2422 5502 2494 5550 —'-
2548 5508 2636 5565 26.
2660 5502 2782 5572 Cs.,
2812 5503 3070 5577 profecto.
3139 5532 3211 5544 —
3266 5502 3357 5569 3i,
3396 5504 3487 5562 32.

1896 5604 2147 5670 Helrigen
2167 5604 2549 5670 emgeschoben
2571 5621 2628 5656 zu
2651 5606 2877 5669 werden,
2899 5621 2956 5656 so
2975 5603 3094 5653 dass
3112 5599 3491 5670 dasselbeF-or-

1896 5663 2076 5733 mula?
2098 5663 2392 5718 heute'eine
2418 5672 2575 5718 missa
2592 5670 2666 5733 de
2692 5670 2745 5720 S.
2778 5663 3079 5733 Laurentio,
3108 5678 3319 5727 morgen
3339 5663 3405 5713 de

1897 5730 2049 5808 {arma
2068 5742 2172 5804 etc.
2200 5732 2726 5808 sein.ka‘nn.n'Nemo
2752 5738 2919 5799 potuit
2943 5728 3249 5808 tal'ia'xbsbbn
3269 5728 3491 5777 εοηωτίο

1900 5792 2099 5865 billare,
2123 5794 2222 5865 nisi
2249 5797 2337 5857 qui
2363 5795 2516 5845 Brev.
2544 5792 2838 5865 Romanum
2872 5802 3016 5865 quasi
3044 5792 3137 5863 pe'r
3160 5792 3489 5859 transennam

1898 5864 1952 5905 et
1976 5870 2039 5906 ne
2064 5870 2156 5920 per
2184 5863 2513 5909 transennam
2542 5860 2753 5923 quidem
2779 5860 3082 5929 inspexerit,
