3878 6212
452 280 512 334 H
1316 271 1878 330 SUPPLEMENTUM
1914 271 2003 326 AD
2040 268 2363 325 ORIGENIS
2403 268 2818 325 EXEGETICA.
3637 273 3709 328 i2

447 397 830 454 commendata.
863 376 1077 449 Accedit
1104 393 1241 449 illud
1265 392 1405 465 quod
1429 402 1475 446 et
1508 393 1564 446 in
1592 390 1899 444 Nannianis
1931 390 2220 454 codicibus,
2239 406 2460 460 quorum
2493 367 2766 458 catoloéus
2791 389 2932 443 brevi
2951 388 3396 459 prodibit,eadem
3422 388 3710 460 aliquando

447 502 728 549 recurrunt
761 490 976 546 totidem
1000 489 1193 553 verbis,
1222 498 1271 543 et
1307 490 1581 543 universus
1610 492 2003 545 commentandi
2030 491 2216 545 modus
2251 490 2531 561 Origenem
2565 490 2756 559 ubique
2780 488 2979 543 redolet
3004 506 3066 542 ac
3085 490 3282 558 prodit.

516 585 665 639 Illud
693 599 898 654 quoque
918 583 985 637 ad
1013 580 1523 635 commendationem
1558 580 1973 651 fragmentorum
1996 585 2186 636 horum
2218 581 2429 635 silentio
2458 598 2563 634 non
2604 592 2680 635 est
2713 582 3159 650 praetereundum,
3188 582 3328 652 quod
3360 591 3548 650 praeter
3586 598 3714 633 eru-

449 679 560 732 dita
583 676 773 741 multa,
800 692 891 729 nec
924 675 1052 729 alibi
1083 674 1311 743 fortasse
1333 673 1670 738 invenienda,
1698 675 1943 744 dogmata
1969 676 2128 728 etiam
2160 674 2465 729 Christiana
2492 674 2747 727 adversus
2783 689 3114 743 aggressores
3149 690 3328 727 eorum
3373 672 3595 741 feliciter
3622 692 3715 727 as-

447 782 713 827 seruntur.
742 768 916 822 Primi
940 767 1145 838 generis
1172 767 1334 835 fuerit
1360 766 1493 820 illud
1520 767 1659 828 quod
1686 766 1815 835 legis
1844 770 1913 821 ad
1953 767 2150 821 Matth.
2183 784 2299 835 cap.
2341 781 2515 829 xxvu,
2543 784 2592 820 υ.
2630 764 2729 825 17,
2764 765 3022 819 Barabba:
3065 782 3250 819 nomen
3295 765 3462 832 fuisse
3501 762 3711 829 Jesum,

448 868 626 936 itaque
658 866 844 935 legisse
871 863 1226 919 vetustissima
1257 861 1585 929 exemplaria
1610 876 1629 913 :
1663 862 1834 929 Quem
1868 864 2033 917 vultis
2071 864 2139 917 de
2178 862 2264 917 his
2293 862 2504 917 duobus
2531 863 2799 915 dimittam
2838 860 3230 916 vobis?Jesum
3267 860 3592 920 Barabham.
3625 863 3713 915 vel

448 961 633 1017 Jesum
664 961 758 1030 qui
792 960 992 1014 dicitur
1018 957 1306 1013 Christus?
1330 956 1461 1021 Qua:
1486 973 1612 1011 sane
1643 956 1800 1010 lectio
1827 958 2032 1011 videtur
2052 958 2207 1011 modo
2235 957 2485 1026 loquendi
2518 956 2848 1025 evangelista:
2870 955 2954 1009 hic
2988 964 3244 1024 usurpato
3274 957 3558 1009 admodum
3586 973 3712 1008 con-

445 1054 838 1128 gruentissima.
868 1051 1002 1106 Item
1027 1052 1163 1105 illud
1195 1050 1343 1104 Psal.
1371 1066 1560 1115 xxxvr,
1585 1067 1634 1104 υ.
1674 1050 1769 1113 24,
1796 1052 1883 1104 ubi
1916 1051 2135 1114 dicitur,
2165 1051 2221 1103 in
2250 1050 2507 1118 agonibus
2543 1049 2830 1118 aliquando
2857 1049 2947 1117 qui
2984 1050 3125 1101 cadit
3171 1048 3390 1102 vincere
3436 1048 3557 1100 tria.
3592 1046 3711 1111 Quo

445 1149 666 1212 miriﬁce
681 1164 862 1202 eorum
889 1148 1145 1201 sententia
1171 1146 1538 1213 conﬁrmatur,
1559 1147 1650 1217 qui
1676 1147 1860 1199 docent
1887 1149 1955 1200 ad
1980 1145 2310 1214 referendam
2333 1145 2567 1214 palmam
2589 1144 2822 1198 victoria:
2838 1144 2892 1197 in
2915 1144 3170 1213 agonibus
3196 1143 3453 1197 athleticis
3478 1156 3555 1196 ter
3580 1160 3712 1209 opus

445 1238 609 1307 fuisse
641 1237 925 1307 profligare
967 1236 1352 1301 adversarium,
1383 1235 1447 1288 de
1477 1251 1580 1304 quo
1615 1235 1855 1289 nonnulli
1878 1235 2140 1288 immerito
2159 1235 2405 1288 dubitant
2436 1236 2577 1302 apud
2611 1233 2862 1289 Poterum
2894 1235 3007 1289 loco
3039 1252 3071 1289 a
3101 1236 3250 1290 nobis
3279 1237 3347 1289 ad
3371 1236 3521 1289 illum
3546 1238 3713 1289 versi-

434 1330 624 1386 culum
659 1330 906 1383 excitato.
934 1328 1073 1392 Quid
1099 1328 1222 1380 item
1254 1328 1318 1379 sit
1361 1327 1738 1399 στηλογραφία
1793 1330 1846 1382 in
1892 1328 2046 1380 titulo
2069 1327 2205 1395 psal.
2232 1343 2322 1391 xv,
2351 1336 2400 1380 et
2427 1328 2515 1395 qui
2535 1328 2650 1397 ejus
2682 1345 2807 1383 usus
2838 1329 2978 1397 apud
3003 1338 3219 1393 veteres,
3242 1345 3307 1383 ea:
3333 1329 3474 1383 hisce
3499 1329 3711 1382 scholiis

444 1433 683 1493 apparet.
713 1422 1007 1477 Sinceritas
1033 1438 1235 1491 quoque
1284 1438 1345 1475 ac
1385 1423 1679 1493 γνησιότης
1714 1423 1963 1477 versiculi
1991 1423 2055 1477 de
2088 1425 2279 1477 sudore
2299 1422 2498 1477 Christi
2537 1424 2803 1478 stabilitur
2830 1441 2847 1477 :
2878 1441 2993 1494 qua:
3019 1424 3259 1478 similiter
3288 1423 3627 1491 confirmatur
3646 1440 3713 1477 ex

440 1535 592 1589 teque
638 1529 838 1573 vetusto
878 1520 1180 1587 interprete,
1206 1528 1259 1571 ut
1301 1520 1355 1571 in
1383 1518 1636 1587 Dionysio
1666 1519 2033 1572 Alexandrino
2068 1516 2326 1573 diximus.
2362 1517 2701 1573 Variantium
2744 1535 2949 1589 quoque
2998 1519 3279 1573 lectionum
3311 1518 3443 1572 bona
3471 1534 3633 1588 seges,
3659 1527 3710 1570 et

445 1610 780 1667 Samaritani
808 1614 1006 1667 codicis
1041 1615 1334 1666 auctoritas
1358 1614 1641 1667 identidem
1680 1614 1826 1667 nobis
1863 1616 2198 1683 proponitur,
2232 1625 2290 1669 ut
2326 1623 2520 1669 caetera
2548 1615 2708 1669 missa
2734 1616 3023 1685 faciamus.

526 1708 791 1778 Dogmata
814 1710 939 1777 ﬁdei
964 1708 1311 1775 Christianae,
1340 1710 1644 1763 traditionis
1667 1711 1791 1763 item
1826 1710 2227 1775 ecclesiasticae,
2266 1721 2315 1764 et
2352 1726 2460 1765 non
2492 1712 2708 1781 scripta:
2737 1712 3059 1765 exstantium
3092 1728 3155 1765 ac
3197 1713 3468 1765 veritatem
3495 1727 3586 1777 rer
3604 1711 3707 1763 hu-

432 1799 681 1869 .jusmodi
707 1801 1001 1872 fragmenta
1036 1803 1302 1857 cumulate
1333 1804 1643 1871 confirmari
1680 1822 1742 1858 ac
1772 1804 2004 1859 stabiliri
2027 1804 2211 1876 liquet.
2234 1808 2402 1860 Deum
2431 1822 2546 1861 esse
2568 1808 2935 1877 incorporeum
2956 1816 3003 1860 et
3028 1823 3145 1877 qua:
3166 1806 3510 1875 corporaliter
3533 1808 3595 1860 de
3614 1807 3711 1859 illo

445 1890 717 1963 dicuntur,
765 1908 821 1951 ut
871 1890 1038 1951 Deum
1069 1899 1285 1952 addecet
1316 1916 1425 1953 esse
1457 1900 1821 1970 intelligenda,
1872 1901 2104 1971 nihilque
2142 1902 2266 1956 inde
2285 1901 2468 1971 juvari
2511 1901 3172 1971 Anthroponwrphitarum
3210 1902 3431 1965 deliria,
3462 1910 3599 1966 patet
3636 1917 3711 1954 ea:

447 1993 666 2048 scholiis
694 1996 748 2048 in
769 1996 909 2064 psal.
935 2010 1057 2063 xm,
1086 2014 1133 2053 v.
1165 1996 1221 2050 2,
1248 1996 1346 2050 Dei
1372 1998 1758 2066 providentiam
1780 2002 1850 2052 ad
1881 2001 2100 2054 minima
2125 2016 2341 2071 quteqne
2366 2017 2422 2055 se
2451 2001 2752 2066 extendere,
2788 2010 2995 2054 constat
3028 2016 3090 2054 ex
3110 2000 3500 2054 commentariis
3529 2000 3582 2051 in
3606 1998 3708 2051 Job

448 2102 540 2154 ιι,
569 2089 624 2143 3.
659 2090 771 2144 Vim
809 2108 870 2145 ac
896 2095 1260 2147 necessitatem
1286 2094 1491 2163 gratite,
1517 2092 1815 2149 libertatem
1841 2096 1964 2149 item
1988 2096 2224 2163 arbitrii,
2253 2097 2451 2167 passim
2490 2096 2859 2151 commendata
2884 2097 3143 2150 invenies.

3616 2238 3677 2263 α

3490 2273 3573 2279 σ--κ
3596 2267 3678 2278 -—'-

447 2238 3614 2287 π

1183 2393 2127 2529 ΩΡΙΓΕΝΟΥΣ
2232 2390 2980 2528 ΕΚΑΟΓΑΙ

1552 2638 1723 2723 ΕΙΣ
1760 2639 1991 2724 ΤΗΝ
2028 2636 2497 2723 ΓΕΝΕΣΙΝ
2534 2627 2644 2716 (¹).

849 2933 1439 3027 ORIGENIS
1506 2931 2450 3027 ADNOTATIONES
2525 2930 2645 3020 IN
2730 2919 3297 3018 GENESIM.

1655 3127 1747 3189 (Ex
1774 3126 2087 3176 Bibliotheca
2110 3120 2470 3184 Gallaudiaua.)

1085 3348 1241 3403 CAP.
1280 3348 1391 3403 VII.

2739 3340 2813 3403 (5)
2844 3339 2997 3391 ΚΕΦ.
3037 3340 3109 3390 Ζ’.

1085 3348 1241 3403 CAP.
1280 3348 1391 3403 VII.

451 3437 517 3495 ν.
644 3439 766 3523 Ego
782 3441 987 3523 adduco
1013 3440 1243 3523 pluviam
1261 3456 1417 3523 super
1447 3444 2026 3523 terramquadraginta

2762 3340 2792 3392 5
2844 3340 2997 3391 ΚΕΦ.
3037 3340 3109 3390 Ζ’.

2147 3440 2278 3523 Ξτιχ;
2310 3435 2372 3490 δ’.
2420 3432 2567 3523 Ἐγςυ
2600 3340 2813 3523 ἐπάξω)
2833 3432 3011 3523 ὑετὸν
3039 3430 3176 3500 (ἐπὶ)
3204 3430 3318 3518 τὴν
3342 3431 3459 3499 γῆν
3486 3441 3710 3517 τξσσα-

524 3508 767 3575 άίεε,ἐι
814 3511 1167 3579 quadraginta
1220 3522 1414 3564 noctes.
1474 3508 1543 3564 Et
1581 3508 1759 3565 delebo
1823 3508 2026 3566 omnem

523 3582 963 3635 exsurrectionent
1004 3580 1103 3649 (ἓ),
1136 3595 1294 3649 quam
1328 3580 1451 3649 feci,
1494 3600 1527 3635 a
1568 3582 1703 3650 facie
1745 3585 2025 3648 terrw,ab

525 3654 732 3705 homine
753 3653 986 3720 adusque
1000 3651 1319 3719 jumentum.

525 3804 766 3859 Curnam
808 3801 1013 3857 diluvio
1060 3801 1337 3855 hominum
1412 3800 1789 3859 multitudines
1822 3803 2023 3874 perdi-

451 3894 777 3949 dit?Delcre
808 3893 960 3947 Caini
1006 3909 1174 3963 genus
1208 3894 1379 3948 voluit
1418 3911 1432 3947 :
1467 3896 1750 3950 connnista
1792 3909 1916 3949 cum
1965 3910 2029 3949 eo

456 3985 636 4042 fuerat
690 3986 899 4055 piorum
974 3996 1188 4056 quoque
1240 3987 1415 4042 tribus
1455 4005 1469 4042 :
1519 3998 1806 4058 propterea
1856 4002 2031 4057 poena:

456 4078 623 4133 etiam
649 4077 991 4147 participium
1014 4077 1222 4132 habuit.
1248 4077 1466 4133 Initium
1488 4094 1616 4134 vero
1643 4080 1860 4149 aliquod
1881 4097 2031 4137 nova:

454 4171 584 4227 vita:
620 4169 831 4227 ellicere
861 4185 984 4225 cum
1018 4170 1198 4236 vellet,
1243 4169 1356 4226 Noe
1398 4172 1621 4241 ejusque
1668 4171 1871 4228 liberos
1907 4190 2029 4228 cum

455 4264 719 4319 uxoribus
757 4264 1021 4326 servavit,
1064 4263 1262 4332 quippe
1290 4264 1381 4332 qui
1427 4264 1546 4333 pius
1582 4273 1704 4318 erat
1736 4273 1790 4318 et
1819 4264 2030 4334 justus,

454 4356 833 4426 originemque
856 4369 1012 4407 suam
1041 4354 1271 4408 ducebat
1311 4370 1340 4407 a
1369 4356 1892 4424 consanguineorum
1923 4361 2032 4427 pie-

455 4457 604 4513 tate,
669 4448 796 4503 odio
839 4460 1051 4515 quoque
1102 4448 1530 4515 prosequebatur
1583 4461 1704 4500 eam
1769 4464 2030 4518 generum

455 4538 763 4601 lnisturam,
791 4552 910 4607 qua:
937 4544 1126 4589 contra
1152 4534 1298 4623 leges
1323 4545 1460 4588 erat.
1488 4535 1639 4589 Haud
1666 4552 1816 4603 vero,
1844 4550 1899 4591 ut
1922 4541 2034 4607 qui-

456 4632 579 4685 dam
614 4631 821 4693 dicunt,
852 4630 930 4682 ira
948 4629 1201 4698 quapiam
1227 4629 1309 4681 vel
1334 4628 1654 4697 pmnitentia
1688 4630 1874 4685 istliarc
1902 4630 2031 4685 elle-

454 4723 549 4778 cit.
604 4721 741 4777 Sunt
771 4722 912 4776 enim
948 4722 1031 4775 hic
1074 4719 1387 4775 all'ectiones
1426 4721 1678 4775 humana:
1710 4740 1722 4773 :
1755 4732 1809 4775 et
1850 4723 2030 4777 divina

453 4822 649 4871 natura
676 4815 742 4867 ab
772 4812 1148 4867 adiectionibus
1180 4814 1437 4866 immunis
1453 4812 1849 4868 estuPracterea
1867 4816 2026 4870 etiam

451 4906 774 4977 paenitentia
802 4908 946 4960 cadit
966 4905 1018 4959 in
1049 4919 1161 4969 eos,
1192 4907 1285 4973 qui
1317 4915 1436 4975 post
1459 4907 1791 4975 experientia
1826 4922 1943 4976 qua:
1961 4909 2030 4962 sit

453 5013 636 5053 rerum
662 5008 853 5050 natura
877 4997 1186 5051 didicerunt
1205 5015 1219 5050 ε
1238 5000 1328 5065 qui
1345 5007 1630 5067 postquam
1653 5001 2026 5068 experimento

414 5154 424 5185 ι
456 5084 769 5153 didicerint,
799 5103 856 5143 se
885 5088 1026 5143 haud
1061 5098 1209 5142 recte
1234 5088 1594 5155 consuluisse,
1636 5099 1765 5143 tunc
1811 5090 2023 5142 demum

443 5179 771 5250 .pcenitentia
803 5179 1091 5232 ducuntur.
1125 5178 1197 5231 At
1230 5176 1371 5231 Deus
1406 5177 1487 5231 sic
1518 5177 1760 5231 intuetur
1790 5194 1877 5232 res
1907 5187 2028 5246 post

408 5253 415 5261 ’
454 5273 654 5327 multas
675 5274 1047 5342 generationes
1084 5272 1295 5326 futuras
1316 5312 1330 5336 ,
1373 5282 1429 5325 ut
1461 5285 1555 5326 eas
1581 5286 1699 5339 qua:
1731 5270 1839 5338 jam
1870 5269 2027 5325 facte

446 5375 600 5419 sunt.
632 5366 741 5420 Ceu
783 5366 1085 5435 pravidens
1131 5365 1311 5433 itaque
1349 5371 1402 5417 et
1427 5378 1913 5433 prmcognoscens,
1948 5362 2026 5416 sic

524 5483 602 5550 (1)
644 5480 720 5534 Ex
750 5480 868 5534 cod.
910 5479 1113 5534 Veneto
1143 5495 1231 5534 xv.

408 5554 417 5573 ’
528 5547 605 5621 (2)
642 5552 705 5604 ll.
766 5565 816 5621 e_.
858 5551 1230 5621 substantiam
1271 5549 1353 5603 vel
1406 5556 1679 5604 naturam.
1731 5547 1823 5603 Sic
1885 5547 2027 5605 belle

448 5618 742 5679 exhibetur
771 5619 1094 5674 chraicum
1123 5618 1315 5685 ieltitm.

525 5694 603 5761 (5)
632 5692 817 5763 Capita
860 5700 913 5747 et
961 5705 1214 5747 versuum
1279 5704 1533 5747 numeros
1588 5688 1705 5758 ipse
1759 5688 2014 5746 adnotavi

2196 3502 2463 3577 ῥᾶκοντα
2494 3502 2731 3577 ἡμέρας
2751 3541 2797 3577 ,⁸
2818 3502 2913 3553 καὶ
2964 3502 3413 3577 τεσσαράκοντα
3461 3504 3710 3577 νύκτιξς.

2203 3571 2313 3633 Καὶ
2361 3571 2662 3643 ἐξαλείψω
2715 3571 2923 3643 πᾶσαν
2966 3571 3081 3643 thr:
3126 3571 3571 3643 ἐξανάστασιν.
3628 3571 3715 3641 ἦν

2201 3648 2479 3714 ἐποίησα,
2508 3641 2625 3700 ἀπὸ
2659 3642 2981 3711 προσώπου
3018 3641 3127 3710 τῆς
3168 3641 3299 3712 γῆς,
3340 3644 3459 3697 ἀπὸ
3490 3643 3714 3710 ἀνθρώ-ι

2198 3733 2313 3773 που
2341 3717 2451 3782 ἓως
2482 3714 2758 3780 κτήνους.

2202 3811 2266 3864 Τί
2298 3810 2496 3881 δήποτε
2528 3806 2605 3878 τῷ
2637 3805 3005 3876 κατακλυσμῷ
3028 3805 3096 3858 τὰ
3121 3804 3228 3857 τῶν
3252 3804 3548 3875 ἀνθρώπων
3572 3806 3714 3876 πλή-

2131 3900 2199 3973 θη
2246 3901 2550 3972 διέφθειρεν
2590 3916 2604 3965 ;
2654 3898 2962 3968 Ἐξαλείψαι
3003 3897 3096 3950 τοῦ
3128 3892 3265 3950 Κάῖν
3298 3897 3358 3949 τὸ
3405 3898 3557 3964 γένος
3584 3897 3715 3967 ἠθέ-

2131 3995 2292 4067 λησε·
2328 3991 2562 4065 ἀνεμίγη
2590 3992 2645 4045 δὲ
2672 3990 2820 4061 αὑτῷ
2846 3992 2939 4044 καὶ
2971 3991 3078 4043 τῶν
3106 3991 3344 4044 εὐσεϐῶν
3377 3993 3409 4060 ή
3437 3989 3594 4060 φυλή·
3631 3988 3718 4042 διὸ

2133 4088 2225 4141 καὶ
2256 4087 2358 4156 τῆς
2389 4085 2656 4157 τιμωρίας
2689 4084 3042 4155 μετέσχηκεν.
3088 4082 3283 4155 Ἀρχὴν
3304 4083 3359 4135 δέ
3386 4100 3505 4134 τινα
3526 4079 3713 4134 καινοῦ

2136 4178 2250 4249 βίου
2286 4177 2613 4249 ποιήσασθαι
2649 4175 2926 4246 βουληθεὶς
2948 4216 2963 4239 ,
2997 4176 3087 4228 τὸν
3119 4176 3241 4228 Νῶε
3274 4176 3366 4228 καὶ
3393 4176 3519 4237 τοὺς
3565 4175 3715 4227 ἐκείε

2133 4289 2223 4325 νου
2254 4272 2447 4335 παῖδας
2473 4271 2569 4324 σὺν
2600 4272 2720 4333 ταῖς
2743 4268 2956 4339 γυναιξὶ
2988 4269 3324 4341 διετήρησεν,
3356 4268 3553 4337 εὐσεϐῆ
3583 4267 3718 4320 ὄντα

2133 4363 2227 4415 καὶ
2267 4363 2502 4429 δίκαιον,
2560 4362 2651 4414 καὶ
2704 4364 2768 4413 ἐκ
2812 4362 2913 4431 τῆς
2958 4361 3066 4413 τῶν
3114 4361 3390 4429 συγγενῶν
3432 4360 3719 4420 εὐσεϐείας

2136 4454 2535 4525 βλαστήσαντα,
2560 4453 2651 4505 καὶ
2683 4453 2781 4523 τὴν
2813 4452 2914 4521 τῆς
2940 4454 3593 4523 παρανομίαςὲπιμιξίαν
3626 4470 3718 4522 μι-

2136 4547 2476 4619 σήσαντα.οὺ
2499 4546 2622 4617 μὴν,
2642 4545 2715 4609 ὥς
2730 4546 2872 4609 τινές
2893 4562 3072 4621 φασιν,
3096 4546 3231 4616 ὀργῇ
3256 4546 3330 4616 (lt)
3349 4563 3451 4597 τινι
3472 4546 3562 4597 καὶ
3583 4561 3717 4613 μετ-

2135 4637 2364 4709 αμελείᾳ
2401 4636 2575 4690 ταῦτα
2612 4636 2896 4706 πετωίηκε.
2933 4635 3119 4703 Ταῦτα
3150 4636 3257 4706 γάρ
3288 4652 3369 4687 τοι
3402 4635 3719 4705 ἀνθρώπινα

2066 4704 2108 4758 Β
2137 4704 2281 4800 παθη
2307 4704 2389 4799 ’νὴ
2423 4728 2479 4781 δὲ
2513 4728 2631 4781 Θεία
2666 4704 2847 4796 φύσις,
2880 4727 3141 4799 ἐλευθέρα
3174 4704 3382 4780 παθῶν.
3420 4704 3629 4788 Ἄλλως
3654 4743 3718 4777 τε

2136 4822 2169 4891 ἡ
2208 4819 2537 4890 μεταμέλεια
2569 4823 2680 4883 τοῖς
2717 4818 2852 4889 μετὰ
2882 4819 2978 4890 τὴν
3022 4821 3215 4889 πεῖραν
3251 4818 3575 4889 μανθάνουσι
3606 4818 3721 4869 τῶν

2136 4912 2477 4983 πραγμάτων
2513 4910 2611 4981 τὴν
2657 4909 2817 4978 φύσιν
2859 4909 3225 4981 κατάλληλος*
3273 4903 3392 4962 εἶτα
3431 4911 3496 4979 τῇ
3550 4909 3724 4982 πείρᾳ

2138 5001 2496 5071 μανθάνοντες
2524 5000 2598 5063 ὼς
2622 5000 2721 5052 οὐκ
2745 4996 2919 5071 ὀρθῶς
2950 4998 3352 5061 ἐϐουλεύσαντο,
3382 4998 3723 5069 μεταμέλον-

2133 5107 2241 5143 ται.
2290 5091 2347 5143 'O
2376 5090 2435 5143 δὲ
2464 5090 2596 5153 Θεὸς
2632 5089 2801 5152 οὕτως
2834 5091 2935 5160 ὁρᾷ
2975 5090 3041 5143 τὰ
3075 5089 3212 5161 μετὰ
3244 5088 3443 5153 πολλὰς
3480 5089 3721 5159 ἐσόμενα

2134 5179 2345 5249 γενεὰς,
2380 5182 2455 5244 ὡς
2484 5181 2583 5251 ἤδη
2615 5180 2973 5250 γεγενημένα.
3012 5181 3098 5243 Ὠς
3130 5179 3374 5252 προορῶν
3407 5178 3586 5231 τοίνυν
3623 5180 3719 5231 καὶ

2134 5272 2554 5342 προγινώσκων,
2589 5273 2759 5335 οὔτως
2805 5274 3016 5326 ἅπαντα
3049 5272 3391 5343 πρυτανεύει.
3421 5271 3719 5340 Τί,δήποτε

2132 5367 2312 5420 τοίνυν
2345 5366 2726 5437 μεταμέλετατ,
2755 5365 2970 5420 ἅπαντα
3004 5365 3140 5437 πρὸς
3170 5365 3268 5436 τὴν
3288 5365 3594 5437 πρόγνωσιν
3613 5363 3715 5433 τὴν

2142 5482 2360 5552 ubique,
2394 5484 2461 5538 ad
2499 5485 2797 5539 editionem
2841 5482 2964 5538 cod.
3002 5481 3353 5537 Alexandrini
3412 5479 3719 5549 Breitinge-

2136 5554 2368 5625 rianam,
2394 5554 2578 5625 Tiguri
2602 5554 2759 5607 i750.

2201 5622 2275 5695 (ι)
2312 5618 2402 5681 Sic
2433 5618 3014 5682 correximusvcrbum
3048 5618 3350 5691 nihi-li'épﬁ.
