3880 6216
186 344 245 400 I3
1481 337 1736 399 ADNOT.
1774 341 1843 397 IN
1881 339 2126 399 GENES.
3354 349 3426 407 ﬂ.

182 460 376 517 οἰκείαν
406 457 735 530 οἱκονορῶνζ
762 458 973 542 Οὑκοῖέν
1004 460 1098 514 ἐπὶ
1128 458 1262 514 Θεοῦ
1312 460 1639 532 μεταμέλεια
1670 465 1748 517 οἰ-

1863 461 2103 516 miversa
2148 460 2481 516 moderatur.
2524 460 2624 529 Qui
2669 461 2837 533 igitur
2888 463 3116 532 poenitet
3145 477 3289 528 eum,
3330 468 3426 536 qui

180 550 429 623 κονομίας
478 549 765 621 μεταϐολήυ
797 551 1210 621 Μεταμέλομαι
1242 550 1372 623 γὰρ,
1408 554 1572 624 φησὶν
1594 593 1610 616 ,
1659 551 1752 607 ὅτι

1863 553 2032 609 omnia
2058 569 2126 610 ex
2153 555 2373 624 propria
2393 557 2724 625 praeuotione
2750 555 3129 611 administrat?
3151 557 3429 614 Paeniten-

179 645 416 713 κέκρικα
448 644 555 698 τὸν
595 641 793 698 Σαοὺλ
825 645 911 709 εὶς
948 643 1246 708 βασιλέα·
1278 643 1398 697 ἀντὶ
1439 643 1553 697 τοῦ·
1592 643 1755 697 Εὐδο-

1863 647 1930 701 lia
1965 646 2130 717 igitur
2156 648 2209 702 in
2242 648 2373 713 Deo,
2406 651 2635 705 mutatio
2666 658 2750 705 est
2782 649 3160 721 providentiae.
3197 649 3428 707 Paenitet

186 742 380 806 κῑμασα
409 736 509 808 μὲν
542 735 746 791 παῦσαι
779 735 991 801 τοῦτον,
1037 735 1222 809 ἕτερον
1252 737 1309 789 δὲ
1350 737 1749 809 χειροτονῆσαι.

182 826 327 881 θῦτω
358 824 635 880 κάνταῦθα
658 843 670 855 ·
706 824 1081 897 Ἐνεθυμήθην
1100 865 1115 889 ,
1145 827 1228 878 ὅτι
1272 824 1500 895 ἐποίησα
1546 823 1755 895 ἄνθρω-

185 937 306 974 πον·
349 918 651 990 ὲδοκίμασα
697 917 934 971 διολέσαι
971 916 1078 970 τῶν
1122 915 1427 987 ἀνθρώπων
1459 916 1520 969 τὸ
1568 916 1748 985 γένος.

193 1010 342 1065 Ἀλλὰ
386 1011 768 1083 φιλάνθρωπος
813 1008 921 1074 ὢν,
958 1008 1178 1080 σπέρμα
1207 1008 1301 1061 τὸν
1343 1008 1467 1062 Νῶε
1490 1011 1556 1080 τῇ
1593 1007 1752 1079 φύσει

181 1106 495 1177 τετήρηκεν.
535 1104 750 1175 Ἐπειδὴ
782 1105 840 1157 δὲ
871 1107 965 1158 καὶ
1001 1104 1111 1158 τῶν
1139 1102 1349 1171 ἀλόγων
1387 1103 1455 1157 τὰ
1487 1105 1620 1175 γένη
1654 1105 1753 1174 τῆς

179 1196 279 1249 τῶν
317 1194 622 1268 ἀνθρώπων
662 1196 851 1248 εἵνεκα
894 1195 1331 1267 δεδημιούργηκε
1382 1195 1604 1266 χρείας·
1657 1195 1752 1249 καὶ

178 1286 340 1341 ταῦτα
361 1292 478 1352 τοῖς
513 1287 819 1360 ἀνθρώποις
851 1288 1233 1360 συνδιεφθάρη,
1270 1289 1407 1359 πλὴν
1440 1288 1547 1342 τῶν
1584 1291 1641 1342 ὲν
1680 1292 1750 1361 τῇ

177 1375 389 1447 κιϐωτῷ
412 1379 513 1431 σὺν
544 1378 621 1449 τῷ
644 1378 765 1432 Νῶε
797 1378 1285 1449 διαφυλαχθέντων.
1327 1380 1611 1433 Ἐκέλευσε
1639 1381 1751 1453 γὰρ

177 1473 206 1524 ὁ
232 1470 495 1540 δεσπότης
518 1470 651 1534 θεὸς
680 1469 781 1523 ἀνὰ
810 1470 903 1523 δύο
933 1471 1030 1541 μὲν
1063 1469 1123 1535 ἐξ
1154 1473 1383 1525 ἑκάστου
1415 1473 1602 1540 γένους
1641 1472 1750 1526 τῶν

178 1559 469 1613 δοκούντων
503 1558 825 1633 ἀκαθάρτων
868 1559 1219 1631 διασωθῆναι,
1247 1561 1349 1615 ἀνὰ
1390 1562 1529 1616 ἑπτὰ
1561 1564 1618 1616 δὲ
1641 1564 1751 1616 τῶν

180 1652 447 1724 καθαρῶν.
497 1651 713 1723 Ἐπειδὴ
757 1652 866 1725 γὰρ
911 1652 1112 1725 ήμελλε
1164 1658 1463 1728 συγχωρεῖν
1506 1660 1618 1720 τοῖς
1660 1658 1753 1710 ἀν-

179 1744 410 1816 θρώποις
446 1745 881 1817 μεταλαμϐάνειν
910 1746 1119 1819 κρεῶν,
1151 1747 1384 1818 ήμελλον
1433 1748 1491 1802 δὲ
1533 1750 1625 1804 καὶ
1658 1750 1751 1803 θυ-

1854 755 1958 805 me,
1989 739 2185 809 inquit,
2218 742 2360 809 quod
2370 740 2613 809 ,ἰριάὶωυὶ
2635 740 2774 797 Saul
2793 744 2848 794 in
2874 757 3043 811 regem
3071 742 3113 806 ’ς
3139 745 3280 812 quod
3314 753 3425 809 est,

1856 829 2039 884 Visum
2069 830 2197 884 mihi
2222 831 2364 886 hunc
2400 832 2615 900 quidem
2653 832 2938 902 abrogare,
2972 832 3134 886 alium
3163 848 3290 889 vero
3327 835 3429 890 eli-

1853 936 2001 992 gere.
2034 919 2188 976 Haud
2214 921 2376 977 aliter
2409 924 2509 977 hoc
2543 921 2662 978 loco
2695 941 2709 977 :
2738 921 2999 993 Recogita
3030 937 3119 977 me
3149 923 3427 981 hominem

1853 1012 2078 1081 fecisse;
2104 1013 2277 1069 visum
2306 1026 2391 1070 est
2421 1015 2699 1068 hominum
2726 1027 2895 1082 genus
2920 1028 2951 1069 ε
2990 1013 3169 1069 medio
3213 1015 3426 1075 tollere.

1852 1107 1921 1161 At
1946 1106 2092 1162 enim
2124 1106 2389 1176 benignus
2418 1121 2543 1162 cum
2564 1107 2657 1172 sit,
2688 1104 2968 1162 Noachum
3002 1121 3188 1162 semen
3217 1118 3430 1165 natura:

1853 1198 2217 1253 conservavit.
2249 1196 2387 1253 Cum
2428 1212 2593 1268 porro
2640 1198 2925 1254 brutorum
2954 1213 3159 1267 genera
3204 1200 3256 1254 in
3297 1216 3429 1256 usus

1852 1290 2137 1347 hominum
2182 1289 2547 1357 condidisset;
2588 1304 2652 1345 ea
2691 1305 2909 1361 quoque
2940 1306 3064 1346 cum
3113 1293 3428 1348 hominibus

1852 1382 2013 1439 simul
2043 1383 2324 1447 interiere,
2357 1383 2598 1450 exceptis
2627 1382 2692 1436 iis
2722 1397 2843 1453 qua:
2883 1384 2936 1437 in
2974 1398 3101 1439 arca
3132 1399 3256 1439 cum
3283 1383 3429 1440 Noa-

1851 1476 1955 1531 clio
1995 1483 2322 1529 conservata
2365 1481 2513 1528 sunt.
2556 1471 2730 1529 .Iussit
2756 1475 2901 1530 enim
2940 1476 3201 1532 Dominus
3245 1478 3426 1544 Deus,

1851 1566 1976 1623 bina
2004 1565 2220 1636 quidem
2251 1565 2317 1620 de
2347 1564 2492 1619 omni
2525 1580 2725 1635 genere
2746 1580 2961 1632 eorum,
2988 1583 3109 1639 quae
3145 1568 3429 1625 immunda

1851 1667 1971 1709 esse
1998 1652 2353 1719 videbantur,
2401 1654 2639 1719 servari,
2667 1667 2887 1724 septena
2924 1672 3053 1713 vero
3092 1657 3158 1713 de
3186 1658 3424 1717 mundis.

1852 1743 1987 1799 Cum
2025 1744 2169 1799 enim
2201 1743 2508 1799 indulturus
2538 1754 2684 1801 esset
2713 1748 3022 1803 hominibus
3042 1787 3060 1814 ,
3090 1758 3151 1803 ut
3172 1751 3428 1805 carnibus

181 1836 297 1901 σίας
338 1836 493 1907 αὐτῷ
535 1837 863 1909 προσφέρειν
908 1837 1009 1908 τῆς
1054 1839 1336 1903 εὐσεϐείας
1375 1840 1425 1893 οἱ
1472 1841 1749 1913 τρόφιμοι,

1863 1845 2225 1901 vescerentur,
2256 1835 2403 1907 iique
2421 1837 2513 1906 qui
2545 1838 2803 1906 pietatem
2829 1838 3071 1895 colerent
3091 1841 3345 1898 vietimas
3373 1843 3427 1897 ei

182 1928 393 1983 πλείονα
417 1928 489 1982 τὰ
513 1927 731 2000 καθαρὰ
761 1927 1103 1999 φυλαχθῆναι
1136 1930 1435 2004 προσέταξε
1454 1949 1467 1962 ·
1511 1932 1608 1997 τὰς
1652 1934 1752 2003 μὲν

180 2023 319 2089 τρεῖς
348 2018 629 2087 συζυγίας,
661 2021 741 2083 είς
770 2020 870 2091 τὴν
899 2021 1126 2092 αὖξησιν
1158 2020 1252 2075 τοῦ
1277 2022 1488 2091 γένους,
1514 2024 1577 2076 τὸ
1605 2024 1662 2077 δὲ
1694 2024 1754 2078 ἓν

181 2110 239 2162 τὺ
268 2111 518 2183 περιττὸν
545 2114 625 2176 είς
649 2108 857 2167 θυσίαν.
894 2113 1069 2177 Εὐθὺς
1109 2113 1217 2185 γὰρ
1246 2116 1276 2168 δ
1306 2115 1432 2169 Νῶε
1476 2115 1614 2186 μετὰ
1655 2115 1755 2187 τὴν

185 2200 385 2257 παῦλαν
420 2202 524 2274 τῆς
553 2203 843 2275 τιμωρίας,
877 2202 1066 2257 θυσίαν
1089 2204 1168 2275 τῷ
1194 2204 1314 2276 Θεῷ
1336 2207 1755 2281 εὐχαριστήριον

188 2297 576 2368 προσενήνοχεν
594 2336 610 2361 ,
662 2294 781 2349 ἀπὸ
830 2295 1071 2351 πάντων
1088 2338 1103 2362 ,
1142 2298 1275 2370 φησί⁵
1294 2338 1309 2363 ,
1350 2297 1587 2367 κτηνῶν
1636 2297 1756 2353 τῶν

184 2389 465 2458 καθαρῶν,
500 2390 604 2445 καὶ
632 2389 749 2445 ἀπὸ
783 2390 1023 2445 πάντων
1053 2390 1171 2444 τῶν
1200 2389 1485 2445 πετεινῶν
1515 2390 1636 2445 τῶν
1660 2409 1757 2445 κα-

184 2481 386 2551 θαρῶν.
431 2482 525 2547 Ὦς
552 2478 866 2555 εἶναιδῆλον
885 2484 968 2538 ὅτι
998 2483 1189 2537 τούτου
1234 2484 1429 2557 χάριν,
1477 2484 1582 2539 ἀνὰ
1614 2484 1758 2539 ἑπτὰ

185 2574 506 2644 προσέταξεν
537 2576 598 2641 ἐξ
628 2576 859 2630 ἑκάστου
896 2576 1086 2646 γένους
1117 2577 1229 2631 τῶν
1265 2578 1520 2650 καθαρῶν
1552 2580 1634 2644 είς
1656 2581 1757 2653 τὴν

186 2664 401 2719 ταϐωτὸν
432 2666 777 2737 εἰσαχθῆναι,
813 2669 898 2723 ἵνα
916 2708 930 2732 ,
962 2669 1025 2723 τὸ
1064 2668 1123 2722 ἒν
1149 2669 1289 2735 ζῶον
1319 2669 1379 2737 ἐξ
1404 2671 1636 2728 ἑκάστου
1660 2669 1756 2740 γέ-

183 2774 299 2822 νους
339 2761 368 2812 ὁ
405 2759 537 2812 Νῶε
570 2760 913 2834 προσφέρων,
950 2761 1024 2833 μὴ
1043 2761 1330 2835 διαφθείρη
1354 2761 1453 2826 τὰς
1475 2762 1755 2833 συζυγίας.

186 2849 277 2923 (4⁸)
300 2851 447 2922 Στίχ.
480 2859 577 2918 ις’.
612 2854 723 2909 Kal
765 2854 1006 2909 ἔκλεισε
1037 2856 1252 2924 Κύριος
1289 2858 1324 2910 ὁ
1358 2855 1503 2923 Θεὸς
1536 2856 1760 2922 ἔξωθεν

620 2923 807 2979 αὐτοῦ
833 2924 948 2993 τὴν
980 2923 1247 2980 κιϐωτόν.

248 3014 541 3088 Θειοτέρας
563 3016 708 3080 τινὸς
739 3015 1020 3087 δυνάμεως
1043 3014 1274 3091 ἔχρῃζεν
1302 3019 1336 3088 ἡ
1362 3017 1631 3087 ἀσφάλεια
1662 3019 1760 3089 τῆς

187 3103 348 3179 θύρας
374 3106 724 3179 κλειομένης.

819 3202 977 3257 ΚΕΦ.
1005 3201 1105 3256 18'.

185 3289 439 3373 Στίχεεκεθ.
456 3292 577 3373 Kal
599 3291 1004 3373 κατέστρεφεν
1026 3292 1132 3373 τᾲς
1156 3294 1364 3373 πολεις
1377 3296 1619 3373 murac,
1652 3295 1751 3350 καὶ

228 3362 445 3444 «agar
480 3362 602 3444 τὴν
625 3362 976 3444 περίχωρον,
997 3366 1099 3418 καὶ
1130 3362 1360 3431 πάντας
1388 3366 1530 3432 τοὺς
1560 3381 1753 3421 κατοι-

239 3433 496 3500 κοῦντας
519 3434 594 3487 ἐν
617 3433 748 3500 ταῖς
774 3437 1014 3488 πόλεσι.

187 3520 323 3595 Στίχ.
358 3530 472 3589 κςέ.
529 3524 641 3595 Καὶ
682 3523 1025 3595 ἀπέϐλεψεν
1063 3526 1099 3593 ἡ
1133 3526 1287 3595 γυνὴ
1331 3527 1517 3582 αὑτοῦ
1568 3531 1654 3594 εἰς
1684 3527 1757 3582 τὰ

246 3594 453 3658 ὀπίσω,
482 3595 589 3648 καὶ
617 3594 853 3664 ἐγένετο
881 3594 1083 3662 στήλη
1114 3594 1282 3662 ἁλός.

258 3685 316 3739 '0
338 3686 549 3759 Κύριος
578 3688 638 3740 οὐ
678 3686 834 3758 μόνον
858 3688 982 3751 τοὺς
1017 3688 1231 3752 ἀσεϐεῖς
1265 3690 1557 3744 ἀπόλλυσιν
1578 3733 1593 3755 ,
1619 3691 1757 3747 ἀλλὰ

188 3779 275 3832 καὶ
301 3779 401 3844 τὰς
429 3778 643 3852 τροφὰς
673 3778 852 3833 αὐτῶν
901 3779 1068 3843 οὔσας
1107 3781 1459 3852 Σοδομιτικὰς
1507 3784 1599 3836 καὶ
1632 3787 1754 3836 ἐπι-

188 3870 426 3936 ϐλαϐεῖς·
478 3874 543 3924 ὲν
590 3867 679 3934 αἷς
734 3874 850 3925 ἐστι
902 3873 998 3926 καὶ
1036 3872 1313 3943 ἄμπελος,
1372 3876 1499 3945 περὶ⁹
1549 3873 1616 3946 ἦς
1667 3878 1758 3945 γέ-

189 3979 451 4035 γραπται·
521 3965 623 4017 Ἐκ
675 3964 786 4033 γὰρ
836 3965 1111 4034 ἀμπέλου
1158 3966 1435 4035 Σοδόμων
1486 3970 1524 4036 ή
1570 3969 1757 4039 ἄμπε-

189 4057 288 4121 λος
336 4055 540 4109 αὐτῶν
591 4056 687 4109 καὶ
748 4058 787 4125 ἡ
842 4057 1133 4126 κληματίς
1190 4058 1389 4112 αὐτῶν
1436 4060 1505 4114 ἐκ
1537 4063 1759 4131 Γομόῤ-

182 4148 306 4213 ρας.
333 4148 407 4219 (5)
455 4150 614 4220 Ἅμα
659 4165 720 4201 τε
772 4150 853 4212 εἰς
898 4149 996 4221 τὴν
1047 4150 1199 4204 πόλιν
1230 4151 1517 4224 ἀπεσώθη,
1552 4153 1645 4206 καὶ
1698 4155 1762 4207 τὸ

190 4238 292 4310 πῦρ
322 4240 625 4311 ἐπεφέρετο
659 4243 775 4304 ταῖς
817 4239 1034 4304 πόλεσι,
1068 4245 1291 4312 σημεῖον
1322 4243 1420 4313 τῆς
1462 4242 1759 4316 μελλούσης

190 4338 510 4403 συντελείας.
542 4340 742 4410 Στήλη
766 4342 866 4413 οὐχ
888 4342 1073 4407 ἁπλῶς
1102 4344 1336 4411 ἐγένετο,
1363 4343 1497 4396 ἀλλὰ
1529 4341 1759 4412 μάλιστα

188 4428 373 4498 στήλη
394 4433 569 4499 ἁλὸς,
594 4434 681 4488 διὰ
711 4434 774 4488 τό
792 4453 807 4467 ·
840 4435 1035 4505 Ὑμεῖς
1053 4437 1192 4489 ἐστε
1213 4434 1278 4489 τὸ
1305 4436 1458 4501 ἅλας
1484 4434 1594 4503 τῆς
1625 4434 1757 4505 γῆς.

1780 3172 1827 3231 ο

1853 1936 2040 1982 essent
2058 1926 2319 1992 oblaturi,
2344 1926 2503 1996 plura
2527 1942 2595 1981 ex
2620 1929 2834 1984 mundis
2847 1930 3121 1985 asservari
3145 1930 3426 2001 praecepit:

1859 2011 1965 2068 tria
2016 2015 2229 2071 scilicet
2257 2018 2409 2085 paria
2431 2016 2497 2071 ad
2529 2017 2926 2073 incrementum
2959 2020 3211 2089 generis,
3257 2035 3426 2074 unum

1855 2116 2035 2161 autem
2088 2106 2283 2175 impar,
2326 2107 2394 2161 ad
2433 2108 2781 2163 sacriﬁcium.
2811 2109 3006 2164 Statim
3044 2126 3277 2180 namque
3314 2109 3430 2167 Noe

1855 2197 2016 2253 simul
2043 2208 2206 2268 atque
2236 2212 2395 2267 poena
2430 2200 2701 2266 cessavit,
2746 2200 2980 2257 hostiam
3020 2201 3133 2258 Deo
3164 2218 3262 2273 pro
3300 2218 3432 2273 gra-

1856 2289 2054 2344 tiarum
2085 2290 2301 2345 actione
2357 2290 2574 2359 obtulit,
2602 2308 2667 2347 ea:
2690 2293 2948 2361 omnibus,
2978 2295 3189 2365 inquit,
3211 2297 3428 2367 pecudi-

1858 2379 1953 2435 bus
2002 2384 2234 2448 mundis,
2262 2391 2313 2437 et
2342 2398 2408 2439 ea:
2438 2383 2676 2438 omnibus
2718 2383 3007 2440 volucribus
3039 2389 3249 2443 mundis
3277 2392 3320 2443 '.
3348 2390 3429 2445 Ex

1857 2486 1966 2543 quo
2022 2472 2372 2532 manifestum
2396 2483 2499 2544 est,
2533 2475 2678 2546 quod
2702 2476 2859 2546 hujus
2890 2477 2965 2532 rei
2995 2479 3167 2550 gratia
3205 2488 3426 2549 septena

1856 2569 2173 2640 praeceperit
2213 2586 2281 2626 ex
2313 2571 2459 2627 omni
2493 2572 2816 2627 mundorum
2842 2588 3039 2642 genere
3061 2574 3112 2629 in
3134 2589 3316 2629 arcam
3347 2575 3431 2630 in-

1859 2660 2005 2729 duci,
2026 2677 2132 2732 quo
2172 2662 2442 2733 singulare
2478 2663 2678 2718 animal
2705 2678 2773 2719 ex
2804 2666 2950 2721 omni
2976 2681 3174 2736 genere
3195 2666 3431 2723 oIferens

1859 2752 2004 2821 Noe,
2041 2756 2262 2827 paribus
2292 2758 2400 2813 illis
2427 2758 2561 2814 nihil
2591 2758 2817 2816 inferret
2838 2759 3041 2817 damni.

1981 2847 2046 2903 ν.
2077 2849 2168 2906 16.
2198 2850 2269 2905 Et
2296 2851 2487 2907 clausit
2517 2851 2779 2908 Dominus
2819 2852 2961 2910 Deus
2984 2866 3135 2910 extra
3164 2856 3315 2914 illum

2558 2940 2759 2978 arcam.

1932 3011 2199 3069 Diviniori
2231 3014 2465 3084 quadam
2492 3014 2736 3085 patentia
2758 3029 2902 3087 opus
2926 3016 3156 3073 habebat
3186 3027 3428 3074 tutamen

1863 3104 2028 3159 clausi
2051 3106 2196 3161 ostii.

2474 3197 2628 3253 CAP.
2671 3198 2811 3253 XIX.

1855 3284 1920 3341 ν.
1948 3287 2040 3343 25.
2073 3286 2142 3340 Et
2179 3287 2430 3343 subvertit
2459 3290 2693 3343 civitates
2716 3292 2835 3354 has,
2864 3305 3168 3359 omnemque
3204 3291 3429 3347 circum-

1923 3359 2150 3481 gobsitam
2176 3359 2462 3429 regionem,
2493 3369 2542 3412 et
2584 3360 2855 3414 universos
2895 3361 3189 3415 habitantes
3228 3360 3287 3415 iu
3332 3379 3425 3417 ur-

1956 3446 1971 3481 ι
2011 3445 2090 3481 us.

1856 3517 1920 3572 ν.
1968 3519 2059 3575 26.
2099 3520 2164 3573 Et
2209 3521 2435 3590 respexit
2468 3537 2605 3594 uxor
2639 3518 2762 3594 ejus!
2797 3522 2851 3575 in
2891 3525 3212 3590 posteriora,
3251 3536 3301 3579 et
3330 3525 3432 3594 fuit

2449 3592 2630 3660 cippus
2660 3592 2808 3645 salis.

1927 3702 2188 3760 Dominus
2228 3719 2333 3761 non
2376 3706 2535 3763 modo
2569 3706 2765 3776 impios
2798 3706 3015 3776 perdit,
3062 3710 3153 3763 sed
3183 3719 3238 3763 et
3280 3725 3432 3765 escas

1857 3812 2067 3863 corum,
2112 3814 2229 3866 qua:
2261 3798 2607 3854 Sodomitica:
2636 3811 2764 3853 sunt
2801 3811 2856 3853 et
2901 3801 3113 3869 noxiae;
3156 3803 3208 3856 in
3238 3802 3434 3871 quibus

1860 3890 1984 3944 vitis
2012 3906 2229 3960 quoque
2249 3900 2518 3945 censetur.
2545 3888 2619 3943 De
2641 3904 2744 3959 qua
2771 3892 3037 3960 scriptum
3065 3905 3148 3947 est
3178 3912 3190 3947 :
3220 3892 3306 3947 Ex
3332 3896 3434 3948 vite

1856 3980 1998 4033 enim
2028 3979 2376 4034 Sodomorum
2408 3980 2528 4034 vitis
2560 3980 2792 4050 ipsorum
2816 4022 2833 4046 ,
2873 3993 2920 4034 et
2944 4000 3172 4053 prapago
3200 3985 3433 4053 ipsorum

1859 4086 1924 4124 ea:
1979 4068 2271 4125 Gomorrha
2296 4072 2339 4127 '.
2382 4071 2556 4126 Simul
2584 4081 2747 4141 atque
2784 4072 2838 4126 iu
2887 4075 3163 4130 civitatem
3225 4081 3429 4145 evasit,

1860 4162 2023 4215 etiam
2075 4162 2212 4233 ignis
2267 4163 2496 4218 urbibus
2544 4162 2917 4231 inferebatur,
2975 4167 3186 4235 signum
3237 4167 3433 4224 Iuturle

1863 4255 2369 4311 consummationis.
2399 4255 2595 4328 Cippus
2614 4258 2754 4313 baud
2777 4258 3099 4329 simpliciter
3112 4259 3299 4316 eﬂecta
3326 4274 3431 4326 est,

1862 4348 1955 4400 sed
1991 4348 2168 4415 potius
2190 4351 2374 4418 cippus
2413 4351 2576 4419 salis,
2600 4362 2823 4422 propter
2854 4354 2983 4409 illud
3014 4370 3029 4408 :
3067 4351 3172 4408 Vos
3200 4356 3320 4408 estis
3351 4355 3434 4409 sal

1864 4448 2018 4492 terra:
2046 4438 2087 4491 ⁸.
2117 4440 2396 4511 Cougruat
2419 4458 2547 4499 vero
2575 4447 2734 4516 cippo
2769 4446 2899 4501 salis
2934 4446 3100 4505 illud:
3137 4444 3233 4501 Sin
3256 4456 3434 4501 autem

199 4518 509 4597 Ἑφαρμὸσῃ
541 4525 598 4578 δὲ
628 4529 691 4597 τῇ
736 4526 907 4599 στήλῃ
948 4528 1041 4580 τοῦ
1092 4528 1218 4593 ἁλὸς
1259 4528 1321 4580 τό
1345 4543 1356 4555 ·
1399 4530 1539 4583 Ἐὰν
1580 4527 1649 4581 δὲ
1689 4527 1754 4580 τὸ

1863 4535 1941 4585 sal
1961 4532 2241 4600 desipuerit
2269 4536 2290 4565 ⁵
2308 4535 2331 4586 τ
2352 4532 2465 4589 Νοη
2488 4551 2553 4590 co
2596 4514 2775 4591 testim
2805 4539 2859 4592 in
2884 4548 3122 4592 montem
3162 4539 3431 4605 ascendit,

190 4614 333 4685 ἃλας
364 4618 652 4689 μωρανθῇ
678 4636 696 4684 ;
741 4622 855 4674 Οὐκ
882 4622 1093 4693 ἁθρόως
1124 4623 1400 4676 ἀναϐαίνει
1433 4624 1511 4687 εἰς
1542 4624 1603 4677 τὸ
1633 4623 1756 4693 ὅρος

190 4710 321 4764 κατὰ
342 4711 407 4766 τά
449 4713 716 4785 εἰρημένα
748 4714 916 4784 αὐτῷ,
942 4713 1075 4769 ἀλλὰ
1101 4715 1314 4787 πρῶτον
1347 4719 1427 4779 εἰς
1455 4715 1652 4787 Σηγὼρ
1672 4717 1757 4784 γί-

189 4817 351 4867 νεται,
384 4805 627 4873 καίτοιγε
661 4806 735 4877 μὴ
764 4805 1043 4878 θαρρήσας
1069 4805 1247 4876 ἐαυτῷ
1274 4806 1399 4876 περὶ
1430 4805 1522 4858 τοῦ
1548 4805 1753 4874 ἀναϐῆ-

190 4912 270 4949 ναι
302 4899 380 4959 εἰς
410 4897 470 4950 τὺ
500 4896 649 4969 ὅρος.

814 4987 968 5041 ΚΕΦ.
998 4989 1123 5041 ΚΡ.

338 5078 414 5148 (6)
435 5078 584 5149 Στίχ.
614 5084 693 5130 ιε’.
722 5077 811 5146 Γῆ
836 5081 1232 5146 τετρακοσίων
1251 5079 1608 5148 διδράχμων.

254 5169 622 5240 Σημειωτέον,
656 5171 741 5224 ὅτι
788 5171 961 5239 τάφου
990 5172 1122 5241 τιμή
1156 5173 1268 5224 ἐστι
1313 5170 1381 5224 τὰ
1406 5169 1754 5243 τετρακόσια,

192 5259 262 5331 τῷ
287 5262 600 5333 κακωτικὴν
624 5260 765 5317 εἶναι
785 5264 884 5335 τὴν
902 5263 1133 5339 τετράδα
1160 5265 1253 5317 καὶ
1278 5264 1627 5319 έκατοντάδα.
1650 5264 1761 5318 Καὶ

195 5353 424 5427 ζητήσας
448 5356 520 5410 τὰ
546 5359 709 5422 ὃμοια
741 5360 804 5411 ἐκ
828 5357 937 5410 τῶν
968 5356 1198 5427 Γραφῶν
1230 5357 1501 5428 εὑρήσεις.

267 5605 563 5679 IIReg.xv,
606 5609 694 5665 Η.
769 5610 791 5641 ³
814 5608 951 5665 Gen.
980 5622 1096 5676 vui,
1120 5607 1213 5664 20.
1268 5610 1290 5641 ³
1314 5608 1468 5665 Deut.
1497 5624 1665 5677 χχιιι,
1696 5608 1785 5665 32.

265 5771 638 5845 (A'U'k‘cod.
671 5774 795 5845 εει,
820 5790 943 5845 pag.
978 5774 1066 5833 24.

268 5842 563 5915 (δὶϐοιιῐει-
596 5848 703 5903 huc
732 5842 1053 5917 Nyssenum.

1854 4622 2010 4693 juxta
2038 4638 2101 4678 ea
2128 4640 2248 4694 quae
2285 4627 2385 4695 ipsi
2405 4629 2553 4682 dicta
2587 4626 2803 4682 fueram
2832 4630 2965 4683 :sed
2997 4629 3146 4698 prius
3172 4630 3224 4683 in
3262 4629 3433 4699 Segor

1859 4728 1972 4780 cst.
2013 4720 2449 4789 quandoquidem
2487 4720 2585 4775 sibi
2653 4737 2757 4774 non
2824 4721 3013 4775 ﬁderet
3084 4723 3134 4775 in
3195 4734 3431 4777 montem

1859 4812 2167 4865 ascendere.

2450 4986 2605 5045 CAP.
2647 4987 2830 5042 XXIII.

1964 5076 2031 5133 ν.
2053 5078 2140 5135 15.
2160 5077 2323 5134 Terra
2336 5080 2839 5150 quadringentorum
2860 5077 3320 5135 didrachmarum.

1930 5168 2364 5236 Advertendum,
2406 5171 2551 5239 quod
2594 5171 2831 5241 sepulcri
2862 5173 3095 5241 pretium
3141 5172 3251 5227 sint
3297 5153 3437 5242 q‘ua-

1861 5264 2166 5333 driugenta,
2200 5274 2486 5334 propterea
2514 5267 2653 5334 quod
2677 5268 2742 5321 ad
2772 5282 2967 5323 noxam
2999 5270 3273 5338 pertinent
3295 5284 3436 5339 qua-

1860 5356 2037 5410 ternio
2061 5366 2116 5411 et
2146 5357 2421 5411 centuria.
2458 5355 2527 5409 Et
2561 5371 2694 5412 sane
2729 5358 2775 5413 si
2817 5359 3088 5430 requiras,
3135 5360 3335 5417 similia
3366 5375 3434 5415 ex

1863 5446 2159 5519 Scripturis
2187 5452 2457 5508 invenies.

1849 5610 2105 5684 .{MattIL
2159 5629 2225 5680 ν,
2285 5614 2374 5668 15.
2447 5616 2467 5645 ⁵
2501 5613 2636 5672 ibid.

1940 5778 2017 5851 (6)
2045 5777 2331 5855 Cod.p554,
2356 5792 2482 5849 pag.
2513 5777 2601 5836 39.
