3880 6216
501 282 576 338 23
1389 277 1943 345 SUPPLEMENTUM
1978 288 2070 342 AD
2103 290 2426 351 ORIGENIS
2468 294 2877 352 EXECETICA.
3666 297 3731 351 24

500 422 771 491 facerent,
818 425 1215 496 conscripsisse
1268 425 1412 481 illius
1440 426 1719 491 vaticinia,
1763 442 1936 497 eaque
1976 444 2055 497 po-

2170 412 2262 465 τοῦ
2292 414 2511 485 ἔχοντας
2542 415 2675 485 (26),
2707 412 3124 486 ἀναγράψασθαι
3153 413 3252 476 τὰς
3284 412 3615 485 προφητείας
3644 416 3734 468 αύ-

496 513 662 568 steris
700 515 1008 586 reliquisse,
1055 517 1110 571 in
1148 516 1347 586 quibus
1372 527 1494 572 erat
1540 528 1593 573 et
1640 518 1771 573 illud
1802 535 1814 570 :
1854 517 2068 572 Orietur

495 604 646 658 stella
683 609 873 663 “.Aut
896 608 1084 664 saltem
1138 624 1206 663 ex
1261 617 1484 679 paterna
1540 608 1852 672 traditione,
1906 619 2067 678 atque

494 694 750 751 doctrina
784 698 947 765 _~istud
981 697 1310 769 accipientes
1339 697 1502 769 Magi,
1538 698 1591 752 in
1651 698 1925 755 Bethleem
1971 712 2063 753 ve-

497 797 718 845 nerunt.

2171 506 2285 572 τοῦ,
2346 508 2438 561 xui
2496 506 2833 570 καταλιπεῖν,
2892 507 2950 558 ὲν
3003 502 3090 570 αἷς
3144 507 3239 559 xui
3289 506 3387 558 τόο
3444 506 3737 560 Ἁνατελεῖ

2170 599 2411 668 ἄστρον,
2444 601 2513 652 Ἦ
2541 600 2633 653 καὶ
2674 602 2738 652 ἐκ
2769 600 2869 669 τῆς
2898 599 3167 669 πατρικῆς
3200 597 3547 670 παραδόσεως
3585 598 3732 651 τοῦτο

2169 691 2263 744 xui
2298 692 2543 763 διαδοχῆς
2581 690 2984 761 παραλαϐόντες
3015 692 3063 744 οἱ
3096 690 3302 757 Μάγοι,
3346 689 3439 742 ἐπὶ
3471 687 3569 760 τὴν
3601 687 3732 760 Βηθ-

2169 784 2255 837 λεὲ
2263 802 2302 855 μ
2330 784 2711 855 παρεγένοντο.

1536 1096 2145 1189 ΩΡΙΓΕΝΟΥΣ
2228 1100 2716 1184 ΕΚΛΟΓΑΙ

1693 1281 1800 1334 ΕΙΣ
1827 1281 1913 1334 ΤΟ
1940 1281 2535 1335 ΔΕΥΤΕΡΟΝΟΜΙΟΝ.

619 1591 1196 1686 ORIGENIS
1262 1590 2199 1687 ADNOTATIONES
2273 1591 2398 1681 ΙΝ
2478 1576 3600 1684 DEUTEBONOMIUM.

1692 1788 1785 1850 (Ex
1814 1787 2117 1839 Bibliotheca
2143 1785 2501 1851 Gallandiana.)

1162 2064 1309 2120 CAP.
1338 2065 1375 2120 1.

705 2163 764 2217 ν.
795 2165 886 2221 51.
918 2163 984 2219 Ut
1025 2166 1068 2218 si
1098 2164 1249 2215 homo
1284 2175 1377 2214 cett
1403 2159 1631 2212 nutritor
1665 2165 1849 2227 gestet.

564 2256 777 2322 Aquila,
808 2253 877 2311 Ut
903 2258 949 2311 si
983 2264 1150 2325 portet
1194 2250 1586 2318 nutrim,ﬁlium
1629 2249 1867 2319 gestavit,
1889 2248 2059 2301 inter-

490 2356 733 2416 pretalus
762 2356 862 2401 est.
888 2347 1146 2417 Origenes
1175 2357 1304 2398 vero
1325 2342 1376 2395 in
1403 2339 1641 2395 homiliis
1679 2340 1733 2394 in
1766 2337 2055 2393 Jeremiam

491 2434 624 2489 dixit
661 2452 675 2488 :
731 2452 751 2485 ι
789 2431 1193 2503 Adtemperavit
1234 2445 1294 2487 se
1340 2430 1833 2497 condescenditque
1880 2429 2056 2492 nobis,

494 2535 737 2583 nostram
770 2525 1138 2580 inﬁrmitatem
1167 2537 1319 2579 suam
1348 2522 1557 2579 faciens
1582 2539 1598 2590 ;
1630 2519 1775 2575 velut
1798 2520 2058 2591 magister

493 2632 613 2672 cum
670 2619 857 2688 pueris
912 2617 1244 2682 balbutiens,
1291 2615 1443 2671 velut
1496 2624 1652 2685 pater
1694 2613 1894 2669 liberos
1925 2628 2055 2669 suos

494 2709 760 2772 mttriens.
812 2724 1101 2779 moresque
1135 2708 1350 2764 illorum
1404 2706 1658 2772 induens,
1707 2715 1765 2761 et
1799 2706 2059 2777 paulatim

494 2800 796 2869 perducens
825 2816 922 2857 eos
946 2802 1015 2857 ad
1035 2814 1101 2856 ea
1137 2814 1258 2871 qua:
1287 2797 1615 2867 perfectiora
1650 2805 1707 2852 et
1742 2797 2058 2853 sublimiora

1137 2982 1286 3039 CAP.
1321 2982 1410 3039 ΙΙΙ.

908 3074 975 3129 ν.
1009 3074 1095 3131 18.
1139 3075 1208 3130 Et
1230 3078 1451 3147 pracepi
1473 3079 1640 3135 vobis.

568 3163 689 3221 Haec
717 3164 855 3222 dicit
886 3166 1049 3223 tribui
1088 3166 1277 3224 Ruben
1311 3180 1367 3224 et
1402 3171 1562 3225 tribui
1598 3171 1714 3227 Gad
1746 3181 1800 3228 et
1822 3172 2061 3229 dimidia:

493 3258 656 3313 tribui
684 3257 954 3313 Manasse.

564 3348 676 3404 νγ.
711 3348 802 3413 27,
829 3348 921 3403 ‘28.
958 3349 1085 3405 Plus
1112 3350 1278 3422 Moysi
1313 3368 1423 3422 prae
1469 3354 1684 3410 Aarone
1742 3355 1949 3420 tribuit,
1982 3355 2061 3410 vi-

496 3439 641 3495 disse
679 3455 873 3510 nempe
901 3450 1102 3498 terram
1141 3443 1322 3499 oculis
1359 3447 1613 3515 propriis.
1652 3448 1721 3502 At
1760 3448 2057 3519 ingressum

493 3546 603 3586 non
629 3532 839 3600 tribuit,
863 3543 1080 3603 propter
1104 3535 1229 3591 ﬁdei
1251 3535 1520 3593 defectum
1549 3539 1651 3595 hac
1674 3555 1830 3609 paena
1860 3540 2058 3595 multa—

490 3622 584 3686 tis.
621 3638 739 3693 qua:
784 3633 1073 3696 utrumque
1105 3635 1256 3681 extra
1320 3636 1521 3683 terram
1583 3632 1961 3700 promissionis
1996 3634 2061 3687 de

493 3715 596 3773 hac
622 3716 728 3770 vita
758 3716 1037 3785 transfert,
1065 3734 1187 3775 cum
1234 3734 1299 3776 eo
1329 3721 1613 3791 pervenire
1663 3738 1769 3779 non
1792 3731 2016 3793 possent
2041 3740 2057 3790 ;

490 3825 615 3863 nam
639 3808 761 3866 ﬁnis
789 3826 883 3880 per
916 3811 1074 3868 ﬁdem
1112 3813 1287 3868 datur.
1315 3813 1467 3880 Quod
1498 3814 1713 3883 quidem
1756 3815 2057 3886 symbolum

490 3902 655 3957 etiam
687 3904 755 3957 de
795 3903 913 3974 lege
957 3904 1080 3971 fuit,
1119 3920 1239 3974 quae
1265 3906 1332 3959 ad
1368 3906 1751 3975 perfectionem
1814 3923 2060 3962 consum-

490 4008 643 4048 mare
705 4009 813 4049 non
844 4004 1076 4065 poterat,
1132 4011 1306 4064 neque
1355 3998 1770 4065 promissionem
1806 3999 1988 4069 largiri
2041 4017 2053 4052 :

490 4084 767 4152 quoniam,
815 4086 992 4154 justus
1047 4103 1113 4140 ea:
1158 4088 1262 4156 ﬁde
1291 4089 1420 4143 vivet
1452 4088 1514 4141 ¹⁸.
1542 4088 1637 4143 Est
1672 4099 1850 4145 tamen
1885 4091 2059 4146 honor

491 4177 604 4242 hic,
636 4178 851 4232 novisse
878 4178 1138 4247 judicium
1193 4180 1306 4245 Dei,
1338 4191 1392 4234 et
1417 4182 1748 4251 praenovisse
1780 4185 2055 4252 propriam

489 4278 740 4324 mortem.

2797 2058 2952 2112 ΚΕΦ.
2992 2056 3064 2112 Α’.

2291 2151 2436 2222 Στίχ.
2469 2151 2568 2221 λα’.
2604 2151 2758 2205 Ὠσεὶ
2786 2149 3227 2220 τροφοφορήσαι
3250 2149 3577 2217 ἄνθρωπος.

2223 2244 2473 2308 Ἀκύλας.
2503 2244 2656 2299 Ὡσεὶ
2680 2245 2810 2313 ἆραι
2832 2245 3049 2313 τροφὸς
3074 2244 3181 2297 τὸν
3198 2243 3331 2298 υἱὸν
3357 2242 3705 2303 ἐϐάστασεν,

2161 2340 2524 2412 ἡρμήνευσεν.
2563 2339 2841 2412 Ὠριγένης
2882 2338 2939 2391 δὲ
2976 2338 3035 2393 ὲν
3077 2339 3197 2400 ταῖς
3224 2337 3304 2399 είς
3331 2336 3422 2389 τὸν
3469 2334 3727 2405 Ἰερεμίαν

2159 2432 2396 2503 ὁμιλίαις
2448 2432 2611 2503 φησί·
2678 2450 2696 2483 t
2738 2429 3185 2502 Συμπεριηνέχοη
3249 2428 3342 2482 xui
3424 2424 3726 2495 συγκατέῆ

2160 2524 2285 2594 ὑμῖν
2324 2524 2457 2594 (27),
2490 2522 2586 2595 τὴν
2614 2523 2883 2596 ἡμετέραν
2920 2523 3200 2576 ἀσθένειαν
3227 2521 3618 2592 οἰκειούμενος·
3654 2517 3723 2579 ὡς

2159 2613 2473 2679 διδάσκαλος
2516 2615 2890 2686 συμψελλίξων
2932 2614 3197 2678 παιδίοις,
3238 2613 3313 2675 ὡς
3358 2610 3537 2683 πατὴρ
3572 2608 3723 2669 ίδίους

2164 2702 2543 2775 τιθηνούμενος
2586 2706 2801 2768 παῖδας,
2830 2705 3074 2767 καὶτοὺς
3110 2703 3343 2772 τρόπους
3379 2700 3557 2757 αὐτῶν
3601 2699 3722 2753 ὑπο-

2165 2793 2448 2862 δυόμενος,
2504 2796 2598 2849 καὶ
2644 2797 2781 2850 κατά
2842 2795 3035 2866 μικρὸν
3081 2794 3228 2862 ἄγων
3284 2793 3482 2857 αὐτοὺς
3526 2791 3617 2845 ἐπὶ
3658 2788 3724 2843 τὰ

2166 2887 2471 2959 τελειότερα
2504 2890 2595 2943 xui
2623 2889 2850 2960 ὑψηλότε
2861 2906 2945 2960 ρα.
2972 2907 2991 2940 s

2818 2984 2973 3036 κΕφ.
3005 2982 3093 3053 ιν..

2440 3096 2587 3167 Στίχ.
2622 3104 2711 3169 ιη’.
2736 3098 2842 3151 Καὶ
2875 3097 3264 3168 ἐνετειλάμην
3291 3096 3450 3167 ὑμῖν.

2229 3189 2339 3261 (28)
2366 3188 2551 3244 Ταῦτα
2582 3190 2728 3259 λέγει
2764 3192 2828 3260 τῇ
2870 3189 3005 3260 φυλῇ
3045 3189 3319 3259 Ῥουὸεὶμ,
3360 3189 3454 3242 xui
3480 3187 3543 3257 τῇ
3587 3181 3716 3253 φυλῇ

2159 3286 2283 3349 Γὰδ,
2309 3287 2402 3340 xui
2433 3285 2512 3356 τῷ
2538 3285 2724 3358 ἡμίσει
2748 3286 2858 3354 (29)
2891 3284 3061 3355 φυλῆς
3088 3284 3375 3355 Μανασσῆ.

2230 3378 2378 3449 Στίχ.
2403 3377 2505 3441 κζ’,
2542 3373 2648 3447 κη’.
2678 3377 2846 3432 Πλὲον
2868 3375 2946 3446 τῷ
2975 3377 3197 3429 Μωῦσεῖ
3223 3374 3374 3445 παρὰ
3401 3372 3478 3443 τῷ
3523 3368 3722 3441 Ἀαρὼν

2159 3466 2360 3532 δίδωσι,
2403 3467 2463 3521 τὸ
2517 3467 2811 3521 Θεάσασθαι
2856 3468 2954 3539 τὴν
3000 3469 3103 3539 γῆν
3168 3466 3228 3531 ἐξ
3278 3466 3566 3519 αὐτόπτου.
3620 3461 3720 3532 Τὴν

2158 3557 2215 3610 δὲ
2262 3557 2462 3611 εἴσοδον
2504 3557 2564 3611 ού
2596 3558 2799 3622 δίδωσι,
2832 3561 2898 3628 τῇ
2932 3557 3034 3627 τῆς
3080 3558 3314 3623 πίστεως
3379 3557 3558 3625 ἐνδείᾳ
3599 3551 3720 3606 ταύ-

2158 3667 2258 3721 την
2298 3651 2451 3722 δίκην
2503 3650 2739 3717 ἐπιθεὶς,
2787 3650 2909 3704 καθ’
2961 3650 3029 3721 ἣν
3076 3649 3415 3721 ἀμφοτέρους
3450 3646 3603 3707 ἐκτὸς
3632 3643 3722 3712 τῆς

2162 3742 2266 3812 γῆς
2312 3742 2413 3811 τῆς
2459 3741 2873 3813 ἐπηγγελμένης
2925 3740 3238 3812 μεθίστησιν
3289 3739 3397 3793 ἀπὸ
3448 3737 3541 3792 τοῦ
3591 3736 3720 3807 βίου,

2159 3832 2253 3885 xui
2308 3831 2418 3902 (50)
2462 3832 2791 3902 δυναμένους
2866 3831 3187 3901 ἀφικέσθαι,
3242 3831 3334 3884 τοῦ
3389 3831 3578 3891 τέλους
3632 3826 3718 3879 ἆτε

2158 3924 2247 3977 διά
2291 3925 2525 3988 πίστεως
2567 3925 2866 3995 διδομένου.
2897 3923 2963 3977 ’Ὀ
2994 3925 3058 3994 δὴ
3098 3925 3189 3978 xui
3230 3923 3497 3994 σύμϐολον
3528 3921 3605 3983 είς
3635 3915 3723 3969 τὸν

2158 4014 2441 4085 νόμον,’τού
2483 4015 2776 4086 δυνάμενον
2835 4015 3118 4068 τελειῶσαι
3171 4014 3291 4067 οὐδὲ
3346 4012 3446 4083 τὴν
3498 4015 3719 4077 ἐπαγγε-

2157 4106 2275 4160 λίαν
2308 4108 2769 4178 ἀΜκατασ-τῆσαι,
2800 4108 2881 4160 ὄτι
2902 4110 2935 4160 ὀ
2954 4106 3255 4172 δίκαιοςέκ
3287 4108 3545 4171 πίστεως
3561 4100 3717 4166 ζήσε-

2158 4214 2273 4251 ται.
2297 4197 2442 4270 Τιμὴ
2466 4197 2521 4251 δὲ
2552 4196 2711 4268 αὕτη,
2742 4198 2802 4250 τὸ
2831 4196 3031 4266 γνῶναι
3061 4196 3241 4267 κρίσιν
3267 4194 3425 4258 Θεοῦ,
3464 4194 3558 4247 καὶ
3590 4203 3713 4259 προ-

2162 4290 2363 4359 γνῶναι
2394 4291 2494 4362 τὴν
2524 4291 2729 4345 οίκείαν
2761 4292 3036 4362 τελευτήν.

557 4361 835 4434 Ejusdem.
878 4362 1366 4433 ProducitJesum,
1398 4365 1511 4436 jam
1552 4367 1768 4436 quidem
1807 4368 2052 4423 sanctiﬁ-

2175 4350 2186 4359 '
2235 4382 2344 4436 Τοῦ
2385 4350 2590 4436 αῦτοῦ.
2628 4383 2862 4454 Προάγει
2915 4350 3006 4436 τὸιν
3059 4380 3295 4444 Ἰησοῦν,
3331 4381 3421 4434 xui
3470 4379 3568 4451 ήδη
3626 4371 3719 4445 μὲν

484 4472 664 4516 catum
707 4476 775 4516 ex
829 4460 1046 4531 sequela
1094 4469 1149 4516 et
1205 4462 1615 4517 conversatione
1663 4476 1783 4517 cum
1843 4462 2052 4534 Moyse,

487 4551 579 4604 sed
641 4559 986 4620 recepturum
1049 4566 1176 4607 mox
1248 4550 1497 4620 spiritum
1551 4553 1900 4623 principalem
1960 4571 2055 4623 per

485 4642 729 4712 Moysen.
778 4650 837 4696 ut
868 4652 923 4696 et
962 4657 1090 4697 suos
1120 4657 1218 4713 pro
1254 4657 1313 4698 se
1345 4643 1634 4698 stabiliret.
1688 4646 2051 4711 Quemadmo-

482 4732 608 4787 dum
636 4732 798 4787 etiam
838 4735 1060 4790 Elisuus
1086 4735 1138 4789 in
1168 4734 1358 4804 spiritu
1385 4734 1514 4789 Elite
1538 4736 1893 4803 aderat,Elite
1918 4753 2053 4807 opus

481 4824 749 4881 facturus.
805 4825 861 4880 In
905 4826 1092 4881 eodem
1134 4828 1334 4881 etenim
1389 4829 1582 4898 spiritu
1618 4829 1803 4884 eadem
1837 4832 2050 4900 operari

480 4928 718 4987 oportet.
747 4919 937 4989 Accipe
970 4920 1040 4973 ad
1068 4930 1140 4983 te,
1175 4929 1233 4974 ut
1256 4922 1451 4975 dicitur
1486 4923 1537 4976 in
1566 4920 1839 4987 Numeris.
1869 4923 2051 4979 Jesum

479 5009 655 5078 ﬁlium
686 5010 877 5076 Nave;
926 5012 1187 5066 hominem
1234 5014 1325 5081 qui
1367 5014 1520 5068 habet
1578 5015 1822 5083 spiritum
1867 5018 1961 5070 Dei
1995 5020 2048 5072 in

478 5104 672 5170 seipse,
702 5112 753 5158 et
788 5105 1018 5174 importes
1045 5121 1231 5158 manus
1268 5115 1384 5158 tuas
1410 5122 1564 5173 super
1578 5124 1637 5160 eo
1668 5109 1733 5162 “.
1765 5108 1856 5162 Sic
1885 5108 2045 5162 etiam

476 5193 710 5264 apostoli
744 5194 1002 5264 Spiritum
1032 5196 1396 5251 viviﬁcantem
1422 5197 1683 5252 habentes
1718 5213 1783 5251 ex
1812 5196 2049 5252 insuma-

477 5286 620 5340 tione
645 5285 855 5341 Domini
886 5327 900 5351 ,
935 5288 1183 5357 spiritum
1218 5289 1493 5359 accipiunt
1538 5290 1894 5358 principalem
1938 5304 2047 5344 cm-

538 5404 581 5435 ³³
610 5402 770 5457 Num.
799 5404 1039 5469 xxrv,l7.

545 5536 662 5606 {26)
694 5537 806 5603 Sic,
837 5553 933 5607 pro
966 5538 1181 5608 ἔχοντες
1222 5546 1579 5598 correximus.
1618 5546 1776 5600 Eutr.
1810 5542 1983 5600 Pun.

545 5608 659 5676 (27)
687 5608 844 5679 Forte
875 5612 1025 5679 ἡμῖν.

543 5677 805 5747 (‘28)Hmc
830 5677 1191 5750 subjiciuntur
1213 5679 1329 5730 sine
1377 5678 1488 5750 alio
1540 5682 1777 5736 auctoris
1828 5687 2048 5738 nomine

474 5748 570 5815 iis,
603 5766 719 5818 qua:
761 5753 812 5805 iu
838 5748 979 5820 vulg.
1021 5751 1288 5805 habentur
1324 5748 1389 5802 ad
1427 5764 1474 5802 γ.
1528 5751 1615 5817 ll,
1667 5768 1786 5822 pag.
1818 5756 1945 5822 537,
2003 5758 2047 5809 ei

2158 4474 2488 4546 ἡγιασμένον
2535 4475 2600 4528 ὲκ
2644 4474 2742 4545 τῆς
2791 4474 3230 4545 άκολουθήσεως,
3277 4472 3372 4525 xui
3421 4469 3571 4543 παρά
3624 4483 3711 4538 μο-

2158 4567 2254 4636 νῆς
2280 4567 2392 4635 (51)
2410 4566 2721 4635 ἱΜωῢσέως,
2742 4566 2802 4619 τὸ
2828 4566 2883 4619 δὲ
2924 4566 3147 4637 ἀρχικὸν
3187 4563 3403 4635 πνεῦμα
3432 4564 3520 4617 διὰ
3561 4560 3717 4615 Μωῦ-

2160 4657 2297 4720 σέως
2338 4656 2595 4727 μέλλοντα
2626 4656 2943 4728 κομίζεσθαι
2970 4657 3106 4728 πρὸς
3130 4655 3188 4709 τὸ
3217 4658 3311 4710 xui
3341 4656 3571 4717 οἰκείους
3607 4647 3713 4704 ἀντ’

2156 4747 2321 4801 αὑτοῦ
2358 4748 2717 4818 καταστῆσαι.
2749 4748 2956 4819 Ὥσπερ
2986 4748 3080 4801 xui
3125 4747 3424 4810 Ἐλισσαῖος
3460 4749 3518 4800 ὲν
3557 4736 3712 4796 πνεύ-

2162 4852 2290 4908 ματι
2354 4836 2533 4890 Ἠλίου
2604 4836 2787 4909 παρῆν
2840 4837 2901 4890 τὸ
2960 4839 3137 4891 Ἠλίου
3184 4839 3404 4912 πράξων
3446 4840 3620 4913 ἔργον·
3660 4835 3714 4886 ἐν

2157 4927 2265 4998 γὰρ
2297 4926 2374 4998 τῷ
2402 4927 2549 4999 αύτῷ
2583 4929 2849 5000 πνεύματι
2885 4929 2954 4983 τὰ
2995 4931 3134 4983 αύτά
3162 4930 3588 5003 κατεργάζεσθαι
3618 4926 3709 4979 δεῖ.

2156 5018 2311 5072 Λάϐε
2373 5020 2522 5087 πρὸς
2563 5020 2799 5083 ἑαυτὸν,
2842 5019 2916 5084 ὥς
2972 5040 3132 5093 φησιν
3178 5024 3234 5075 ὲν
3277 5027 3386 5087 τοῖς
3427 5020 3709 5095 Ἀριθμοῖςι

2154 5111 2261 5163 τὸν
2287 5111 2519 5179 Ἰησοῦν
2542 5111 2677 5165 υἱὸν
2696 5112 2883 5179 Ναυῆ,
2909 5113 3220 5181 ἄνθρωπον
3248 5114 3315 5182 ὃς
3344 5116 3467 5183 ἕχει
3491 5110 3715 5179 πνεῦμα

2156 5201 2303 5254 Θεοῦ
2328 5202 2398 5255 ἐν
2431 5203 2609 5268 αὐτῷ,
2639 5201 2737 5258 καὶ
2779 5203 3081 5270 ἐπιθήσεις
3120 5205 3226 5271 τὰς
3262 5205 3464 5275 χεῖράς
3487 5221 3597 5259 σου

2151 5291 2329 5358 αὐτῷ.
2380 5292 2535 5347 οὕτω
2579 5294 2672 5347 xui
2728 5296 2775 5348 οί
2824 5296 3107 5350 ἀπόστολοι
3174 5297 3398 5368 Πνεῦμα
3462 5291 3710 5361 (mortem

1124 5408 1311 5461 “Gal.
1349 5426 1430 5473 Ill,
1477 5409 1564 5463 ll.
1648 5408 1689 5437 "
1734 5405 1892 5460 Num.
1943 5424 2112 5474 xxv”,
2175 5410 2260 5465 18.

2155 5547 2547 5619 ὑποδεέστεροι.

2230 5620 2339 5690 (29)
2374 5616 2465 5690 Sic
2497 5619 2861 5687 reposuimus,
2889 5633 2983 5685 pro
3009 5619 3065 5671 τὸ
3090 5618 3279 5690 ἥμιω.
3306 5616 3401 5673 Eo.
3433 5619 3659 5677 Ριτῑιοι.

2232 5689 2342 5747 (30)
2372 5689 2531 5740 Forte
2562 5690 2632 5757 μή
2676 5704 2773 5756 pro
2802 5690 2912 5741 καί.

2227 5759 2336 5828 (51)
2363 5759 2522 5813 Forte
2559 5758 2892 5829 παραμονῆς.
