3880 6216
197 253 281 308 23
1453 240 1710 301 ADNOT.
1746 239 1803 294 ιδ

1916 234 2241 294 ΞυΤΕΒΟΝ.
3404 229 3475 285 26

202 374 438 445 ἔχοντες
479 370 590 424 ἀπὸ
631 366 1139 440 τῆςέμφυσήσεως
1183 361 1277 419 τοῦ
1317 364 1548 437 Κυρίου,
1593 363 1803 435 πνεῦμα

1916 362 2038 416 litus
2068 360 2364 416 demissum
2392 369 2407 409 :
2434 370 2535 409 non
2570 353 2821 423 spiritum
2859 352 2914 406 in
2950 350 3165 421 spiritu,
3189 349 3348 405 alium
3377 367 3474 420 pro

202 459 545 531 κομίζονται
579 457 640 510 τὸ
669 456 892 527 ἀρχικὸν
921 455 978 522 ἐξ
1009 455 1236 525 οὐρανοῦ
1275 453 1767 525 καταπεμπόμενον
1787 471 1798 481 ·

199 554 269 605 οὐ
328 550 557 621 πνεῦμα
578 553 634 603 ἐν
646 549 931 618 πνεύματι,
950 548 1134 619 ἕτερον
1149 549 1230 616 ἐφ’
1270 547 1475 617 ἐτέρου·
1514 546 1625 599 ἀλλ’
1653 547 1805 616 ἐνέρ-

202 658 273 709 γε
285 658 374 694 ιαν
395 643 456 694 ἐν
468 639 548 711 τῷ
558 638 705 709 αὐτῷ
722 638 1009 709 πνεύματι,
1024 637 1272 708 καθάπερ
1285 639 1311 690 ὁ
1324 635 1532 700 Παῦλος
1543 635 1799 690 διδάσκει.

902 748 1057 800 ΚΕΦ.
1091 750 1163 799 A'.

212 846 373 913 Στίχ.
426 842 515 896 ιϐ’.
560 843 671 896 Kal
732 839 1001 913 ἐλᾴλησε
1052 840 1280 913 Klio/oc
1308 838 1476 913 _:Zpé¢
1525 836 1681 913 ρμἆς
1736 836 1803 913 ἐκ

285 906 491 983 ιὶἒσου
536 914 641 967 τοῦ
678 910 867 980 πυρὸς
913 911 1121 979 φωνὴν
1150 906 1460 979 ῥημάτων,
1511 906 1591 975 ἢν
1638 906 1805 977 ὑμεῖς

292 986 629 1051 ἠκούσατε.

295 1076 418 1144 (52)
430 1073 537 1129 Τοῦ
553 1075 737 1130 αὑτοῦ
749 1074 905 1139 εὶςτό
918 1072 1082 1127 αὐτό.
1105 1070 1293 1133 Ἀλλος
1323 1068 1482 1141 φησί’
1511 1067 1677 1139 Δῆλον
1696 1066 1803 1138 γὰρ

216 1167 304 1219 ὅτι
324 1168 445 1228 τοῖς
468 1166 565 1235 τῆς
582 1164 815 1228 διανοίας
839 1161 1132 1232 ὀφθαλμοῖς
1162 1160 1354 1231 θεωρεῖ
1381 1176 1463 1222 τις
1503 1158 1597 1210 καὶ
1618 1154 1803 1209 ἀκούει

216 1255 293 1307 τὰ
332 1256 610 1325 νοήματα.

694 1346 806 1415 (55)
845 1344 1057 1413 Φωνὴν
1077 1342 1377 1413 ῥημάτων.

306 1438 582 1493 Ἐνταῦθα
626 1438 695 1491 τά
729 1436 867 1491 κατὰ
917 1435 1077 1506 φύσιν
1117 1434 1356 1505 εἴρηκεν,
1410 1432 1491 1485 ὅτι
1542 1431 1679 1503 ἀκοὴ
1721 1431 1805 1485 δέ-

218 1552 386 1605 χεται
416 1535 517 1605 τὴν
563 1533 763 1603 φωνήν.
794 1534 955 1586 Ὅσον
983 1531 1092 1601 γὰρ
1122 1530 1229 1584 ἀπὸ
1257 1531 1354 1600 τῆς
1386 1528 1668 1601 ἀκριϐείας
1709 1526 1802 1581 τοῦ

218 1630 587 1699 γράμματος,
637 1625 773 1696 μόνη
834 1626 865 1694 ὴ
919 1623 1217 1691 Δεκάλογος
1250 1618 1317 1693 ἦν
1366 1623 1423 1675 ἐν
1468 1624 1584 1683 ταῖς
1641 1619 1803 1685 πλαξὶ

1907 460 2044 521 alio;
2076 457 2167 513 sed
2194 457 2445 511 virtutem
2476 455 2528 508 itt
2558 452 2745 508 eodem
2773 451 2989 522 spiritu,
3026 450 3472 519 quemadmodum

1908 547 2100 602 Paulus
2133 548 2308 602 docet.

2541 737 2690 793 CAP.
2732 736 2819 792 iV.

1907 852 1969 907 V.
2006 853 2092 907 1‘2.
2134 852 2198 904 Et
2226 854 2429 905 locutus
2454 863 2525 903 est
2554 850 2806 904 Dominus
2830 851 2898 901 ad
2935 866 3021 902 vos
3056 850 3120 902 de
3147 850 3314 903 medio
3338 849 3473 919 ignis

2137 939 2306 975 vocem
2332 924 2626 985 verborum,
2656 937 2812 989 quam
2848 936 2932 972 rus
2969 922 3212 972 audistis.

1977 1058 2232 1121 Eiusdem
2287 1059 2339 1109 in
2386 1058 2620 1110 eumde
2666 1056 2858 1108 locum.
2913 1053 3065 1105 Alius
3097 1054 3243 1106 dicit.
3277 1052 3472 1122 Liquet

1904 1152 2046 1206 enim
2072 1151 2214 1218 quod
2250 1151 2424 1205 oculis
2458 1152 2653 1203 mentis
2679 1149 3079 1218 contemplatur
3101 1150 3220 1216 quis
3250 1159 3299 1201 et
3325 1147 3475 1201 audit

1905 1245 2160 1314 cogitata.

2436 1332 2623 1388 Vocem
2652 1336 2939 1389 verborum.

1978 1426 2074 1481 Hic
2120 1440 2240 1496 quin
2272 1426 2542 1481 naturalia
2575 1436 2699 1481 sunt
2731 1425 2869 1480 dixit
2896 1444 2909 1479 :
2940 1427 3156 1481 auditus
3178 1428 3321 1482 enim
3350 1442 3474 1497 per-

1905 1519 2041 1587 cipit
2085 1533 2293 1573 vocem.
2351 1517 2623 1584 Quantum
2683 1519 2827 1571 enim
2882 1521 2947 1574 ad
2994 1520 3231 1590 rigorem
3279 1521 3474 1575 littera

1908 1612 2160 1678 pertinet,
2194 1611 2340 1665 solus
2367 1612 2665 1679 Decalogus
2685 1622 2799 1664 erat
2828 1612 2878 1664 in
2907 1611 3104 1666 tabulis
3136 1612 3469 1682 descriptus:

216 1716 612 1790 γεγραμμένη,
652 1716 720 1769 τὰ
748 1716 804 1769 δὲ
839 1714 997 1768 λοιπὰ
1023 1714 1114 1767 διὰ
1152 1712 1569 1787 προστάγματος
1609 1709 1743 1762 Θεοῦ
1777 1710 1803 1761 ὁ

1916 1714 2101 1757 mulera
2137 1718 2270 1757 vero
2301 1718 2367 1757 ex
2392 1703 2548 1773 jussu
2577 1703 2672 1758 Dei
2713 1702 2925 1773 Moyses
2957 1703 3193 1759 edocuit.

216 1811 364 1863 Μωῦ
372 1809 472 1879 σῆς
498 1806 698 1874 ἐδίδαξε

875 1898 1028 1950 ΚΕΦ.
1061 1898 1159 1950 ΙΔ’.

221 1992 379 2063 Στίχ.
412 1991 494 2046 ιθ’.
550 1989 689 2064 ([54]
736 1989 939 2064 Πάντα
967 1989 1039 2041 τὰ
1082 1988 1298 2064 ἑρπετὰ
1350 1986 1468 2041 τῶν
1521 1984 1806 2040 πετεινῶν

764 2059 1065 2128 ἀκάθαρτα
1086 2061 1272 2112 ἔσται.

296 2152 424 2206 Τῶν
458 2150 736 2213 πετεινῶν,
776 2146 957 2221 οἶμαι,
989 2150 1089 2202 ὅσα
1130 2148 1228 2219 μὲν
1262 2148 1529 2210 σκόλοπας
1558 2148 1668 2217 ἔχει
1710 2164 1807 2200 κα-

218 2246 450 2315 τωτέρω
481 2244 588 2296 τῶν
621 2242 860 2311 γονάτων
904 2240 1043 2313 ὑπὲρ
1088 2240 1187 2319 τᾲς
1222 2240 1433 2310 βάσεις,
1477 2238 1694 2310 καθαρά
1732 2234 1807 2291 εἷ-

220 2353 311 2389 ναι
342 2336 621 2406 βούλεται·
648 2336 748 2389 ὅσα
776 2334 833 2388 δέ
860 2334 957 2406 μὴ,
985 2332 1314 2405 ἀκάθαρτα.)
1351 2330 1807 2401 Ἀποεράσκειτοί-

218 2446 320 2481 νυν
350 2429 379 2480 ὁ
425 2428 590 2498 νόμος
619 2427 726 2480 τὸν
757 2426 955 2489 ἀετὸν,
1007 2424 1107 2477 καὶ
1151 2424 1257 2477 τὸν
1288 2424 1503 2493 τρύπα,
1554 2422 1650 2475 καὶ
1701 2423 1809 2475 τὸν

220 2520 543 2583 ἁλίαιτον,
589 2519 686 2572 καὶ
744 2518 951 2587 μέντοι
1000 2517 1096 2569 καί
1142 2514 1247 2569 τὸν
1301 2517 1479 2585 τνύπα.
1526 2515 1807 2567 Διίπταται

223 2613 338 2683 γὰρ
374 2612 508 2681 ὑψοῦ
548 2611 619 2663 τὰ
650 2611 848 2674 τοιάδε,
896 2610 990 2663 καὶ
1040 2612 1149 2672 τοῖς
1182 2608 1439 2662 ἀνωτάτω
1480 2607 1597 2659 λίαν
1642 2610 1809 2677 ἐναμ-

224 2703 521 2775 6ρύνεσθαι
554 2702 727 2771 φιλεῖ,
770 2702 865 2754 κα).
898 2703 1049 2771 μισεῖ
1077 2700 1145 2753 τὰ
1174 2700 1343 2753 κάτω·
1372 2699 1630 2753 Νεοσσοὶ
1673 2704 1807 2769 γὰρ,

228 2798 398 2868 φησι,
441 2796 632 2865 γυπὸς
676 2796 751 2848 τὰ
798 2793 1010 2863 ὑψηλὰ
1067 2794 1363 2846 πέτην-ται.
1400 2791 1696 2845 Τοιουτωσὶ
1750 2792 1807 2845 δέ

230 2906 353 2952 πως
393 2891 421 2941 ὁ
470 2887 939 2957 ἐξοφρυσσάμενον
991 2884 1101 2955 (55)
1143 2884 1304 2953 ἄγαν,
1358 2885 1453 2939 καὶ
1498 2883 1805 2957 ἐπῃρμένον

230 2980 374 3051 ἔχων
410 2981 467 3033 ἐν
496 2978 672 3049 ἐαυτῷ
705 2979 793 3031 τὸν
825 2976 969 3041 νοῦν,
1014 2979 1107 3030 καὶ
1136 2977 1229 3030 τοῦ
1267 2976 1365 3047 μὲν
1401 2977 1673 3040 ἐπιεικοῦς
1710 2977 1803 3030 καὶ

2523 1903 2674 1959 CAP.
2713 1902 2852 1958 XIV.

1910 2018 1971 2074 V.
2022 2018 2110 2075 19.
2149 2018 2340 2073 Omnia
2386 2018 2591 2086 reptilia
2643 2018 2935 2070 rolatilium
2974 2017 3243 2070 immunda
3294 2025 3469 2071 erunt.

1980 2153 2311 2220 Volatilium,
2348 2163 2496 2224 puto,
2532 2168 2870 2223 qumcttnque
2904 2152 3064 2207 tibias
3099 2155 3302 2209 habent
3328 2156 3473 2209 infra

1905 2261 2076 2317 genua
2126 2262 2285 2316 supra
2343 2247 2536 2312 pedum
2587 2245 2823 2315 plantas,
2883 2247 3082 2300 munda
3137 2261 3257 2302 esse
3310 2248 3469 2301 vult:

1907 2353 2241 2408 qumcunque
2302 2352 2431 2392 vero
2482 2352 2584 2390 non
2651 2338 2800 2400 item,
2857 2337 3153 2391 immunda.
3217 2336 3473 2393 Prohibet

1909 2438 2189 2498 propterea
2215 2428 2300 2484 lex
2327 2427 2561 2495 aquilam
2588 2438 2635 2477 et
2666 2426 2942 2490 vulturem,
2978 2436 3025 2481 et
3048 2429 3279 2498 aquilam
3308 2430 3475 2481 mari-

1907 2537 2049 2585 nam,
2078 2521 2302 2589 itemque
2326 2520 2628 2587 accipitrem
2666 2519 2729 2573 ⁸⁸.
2764 2516 2951 2572 Volaut
2984 2521 3127 2573 enim
3163 2521 3214 2573 in
3244 2519 3474 2574 sublime

1906 2612 2159 2665 animalia
2190 2611 2537 2681 huiusmodi,
2587 2611 2869 2680 solentque
2914 2610 2968 2663 in
3013 2610 3286 2665 altissimis
3332 2612 3477 2666 aeris

1909 2704 2152 2774 partibus
2173 2703 2540 2769 circumferri,
2571 2713 2626 2759 et
2654 2704 2759 2758 ima
2796 2703 2910 2757 loca
2945 2713 3287 2759 aversantur.
3332 2701 3474 2758 Pulli

1904 2797 2065 2860 enim,
2087 2796 2286 2865 inquit,
2311 2794 2538 2849 vulturis
2562 2793 2842 2848 celsissinte
2873 2794 3048 2848 volant
3078 2796 3141 2848 “.
3194 2794 3348 2851 Haud
3374 2796 3475 2849 ali-

1908 2897 1989 2942 ter
2014 2888 2414 2957 quodammodo
2446 2887 2534 2956 qui
2571 2887 2978 2955 superciliosatn
3006 2887 3170 2942 nimis
3196 2898 3251 2942 et
3289 2903 3476 2957 super-

1907 2983 2027 3035 bam
2056 2980 2219 3033 habet
2241 2980 2292 3032 in
2328 2994 2385 3034 se
2414 2988 2649 3032 mentem
2671 3019 2685 3043 ,
2715 2980 3104 3048 consuevitque
3133 2980 3371 3034 sobrium
3411 2998 3475 3035 ac

235 3072 458 3143 μετρίου
494 3073 838 3142 φρονήματος
876 3070 1146 3142 ὑπερορᾷν
1174 3068 1482 3139 ἠθισμένος.
1512 3069 1711 3139 ἥκιστα
1744 3069 1803 3123 δὲ

1916 3073 2232 3127 mediocrem
2260 3087 2479 3126 sensum
2510 3072 2808 3142 despicatui
2855 3072 3075 3137 habere,
3119 3086 3218 3126 nec
3270 3072 3476 3141 patitur

230 3160 463 3228 ἀγαπῶν
503 3161 566 3212 τὸ
598 3162 709 3222 τοῖς
746 3161 1020 3221 ταπεινοῖς
1067 3158 1495 3228 συναπαγεσθαι.
1525 3161 1801 3229 Συγκατα-

229 3254 388 3324 ψέγει
416 3253 475 3306 δέ
501 3251 708 3315 τούτοις
742 3251 851 3322 (56)
885 3251 980 3304 καὶ
1008 3251 1098 3304 τὸν
1138 3250 1348 3316 ἱκτῖνα,
1391 3251 1492 3305 καί
1528 3251 1600 3305 τὰ
1632 3253 1803 3323 ὅμοια

230 3344 417 3411 αὐτῷ·
455 3345 520 3397 δι’
550 3338 625 3415 ὧν
666 3339 724 3397 εὗ
775 3344 918 3413 μάλα
962 3343 1288 3415 σημαίνεται
1328 3344 1388 3398 τό
1431 3361 1491 3397 τε
1536 3345 1804 3417 ἁρπάζειν

232 3438 371 3503 εἰδδς
398 3439 492 3491 καὶ
521 3437 688 3491 δεινὸν
710 3440 788 3499 είς
807 3439 1139 3511 κακουργίαν
1161 3438 1463 3510 ἀνθρώπων
1485 3439 1658 3507 γένος.
1689 3440 1798 3493 Καὶ

233 3531 439 3587 τούτων
471 3530 569 3601 μὲν
601 3530 953 3601 πρωτότυπος
994 3530 1151 3595 ίκτὶν,
1180 3530 1240 3583 οὐ
1274 3529 1503 3601 θατέρου
1536 3548 1600 3599 γε
1642 3530 1746 3603 μὴν
1775 3532 1803 3584 ὁ

240 3622 611 3694 μελανώτατος
649 3622 743 3674 καὶ
795 3621 979 3691 βαθύς.
1021 3622 1292 3675 Σκοτεινο).
1322 3622 1379 3675 δέ
1424 3640 1541 3686 πως
1584 3625 1677 3676 καὶ
1708 3624 1805 3695 οὐχ

236 3716 439 3769 ἅπασιν
482 3716 730 3785 ἐναργεῖς
776 3712 885 3783 (57)
928 3715 977 3765 οἱ
1017 3714 1235 3785 δρομεῖς
1275 3715 1353 3777 είς
1401 3714 1664 3785 πονηρίαν
1714 3716 1806 3768 καὶ

237 3808 574 3877 ἀσυμφορεῖς
605 3805 866 3878 (57⁸)τοῖς
900 3804 1129 3868 πολλοῖς,
1151 3805 1205 3857 ἐν
1234 3822 1295 3873 γε
1329 3804 1393 3875 δὴ
1425 3805 1603 3874 σφίσιν
1624 3806 1805 3867 αὐτοῖς

241 3897 565 3968 παρέχοντες
622 3896 936 3967 μοχθηρίαν.
990 3895 1359 3966 Παραπέφυκέ
1414 3913 1530 3958 πως
1565 3897 1651 3949 ἀεὶ
1695 3898 1806 3958 τοῖς

237 3987 331 4059 τὴν
387 3990 659 4059 ἐπάρατον
714 3987 1027 4051 ἀλαζονείαν
1084 3987 1463 4057 ἠρῤωστηκόσι
1524 3985 1584 4039 τὸ
1646 3985 1805 4039 πλεο-

237 4082 443 4133 νεκτεῖν
479 4080 710 4132 ἐθέλειν·
747 4077 839 4141 οὓς
873 4079 932 4130 οὐ
967 4077 1185 4130 δύναται
1218 4078 1277 4130 τὸ
1316 4078 1474 4148 τυχὸν
1506 4078 1602 4132 καὶ
1648 4078 1807 4130 πολυ-

235 4171 451 4242 τρόποις
499 4168 851 4238 κακουργίαις
887 4167 995 4236 (58)
1027 4167 1434 4220 ἐκπλεονεκτεῖν
1473 4168 1801 4239 εὑρήμασινο

237 4260 606 4332 καθαρπάζειν
637 4261 691 4314 δὲ
730 4261 873 4314 οὕτω
928 4260 1023 4313 καὶ
1072 4259 1231 4312 τοῦτο
1274 4260 1581 4331 ἀπλήστως.
1625 4261 1805 4331 Ταύτῃ

236 4371 313 4406 τοι
360 4354 471 4424 (59)
525 4352 781 4407 συνάπτει
830 4353 1001 4421 λέγων
1061 4352 1253 4415 εὐθύς*
1290 4352 1396 4405 Καὶ
1463 4354 1802 4421 στρουθίον,

239 4447 329 4499 καὶ
378 4445 585 4513 λάρον.
620 4446 902 4515 Ἀπληστα
935 4446 1041 4516 γὰρ
1072 4442 1223 4517 οἶμαι
1263 4445 1442 4507 ταυτὶ,
1475 4444 1538 4496 τὸ
1587 4462 1801 4515 παρεμ-

240 4545 432 4594 πῖπτον
461 4542 547 4593 ἀεὶ
590 4539 928 4608 συλλέγοντα.
969 4534 1100 4592 Εἶτά
1134 4556 1315 4610 φησιν,
1350 4539 1431 4590 ὅτι
1460 4535 1662 4604 ἱέρακα
1703 4538 1799 4590 καὶ

238 4633 307 4686 τὰ
343 4632 512 4703 ὅμοια
560 4630 738 4697 αὐτῷ,
776 4630 876 4685 καὶ
918 4632 1341 4699 νυκτικόρακα,
1389 4627 1488 4682 καί
1548 4627 1801 4696 καταρά-

239 4742 404 4792 nm“,
435 4725 533 4779 καὶ
570 4725 707 4788 ἶϐιν,
742 4724 840 4777 καὶ
872 4724 1305 4791 προσφορίονα,
1345 4722 1443 4775 καὶ
1480 4720 1799 4785 πελεκᾶνα,

246 4818 339 4872 καὶ
371 4819 616 4872 κύκνον.
643 4816 995 4887 Καταγράψει
1027 4816 1070 4869 δ’
1094 4816 1159 4870 ἂν
1191 4815 1277 4884 ἐφ’
1298 4815 1508 4876 ἐαυτοῖς
1540 4814 1633 4866 καὶ
1658 4812 1804 4877 τάδε,

245 4908 334 4961 καὶ
365 4910 487 4971 τοὺς
516 4909 697 4979 ὠμοὺς
730 4908 824 4961 καὶ
856 4908 1059 4978 ἀγρίως
1093 4906 1310 4976 ἐτέρους
1342 4905 1804 4969 ἐπιϐουλεύοντας,

243 5000 330 5051 καὶ
375 4999 618 5068 ἀσχέτως
649 4998 1040 5067 ἐπιφυομένους
1076 4990 1155 5059 οἷς
1205 4995 1271 5048 ἂν
1313 4996 1559 5049 δύναιντο
1607 4995 1801 5065 τυχόνο

312 5119 352 5148 ³⁸
409 5118 564 5172 Dcut.
641 5134 753 5181 xw,
811 5118 898 5172 1‘2.
975 5119 1020 5149 “
1046 5117 1146 5174 Job
1176 5134 1232 5183 v,
1262 5118 1311 5172 7.
1399 5119 1440 5149 ¹⁷
1482 5118 1635 5173 Deut.
1676 5117 1904 5179 xw,13.
1990 5117 2053 5147 ¹⁷⁹
2085 5110 2215 5168 ibid.
2243 5110 2330 5165 15.

449 5259 764 5343 §eqttitntttr
790 5266 908 5326 post
941 5259 1072 5312 edit.
1116 5272 1237 5330 pag.
1277 5257 1402 5323 587,
1434 5259 1485 5311 in
1509 5259 1631 5313 cod.
1666 5255 1794 5312 554.

312 5331 420 5401 (55)
446 5328 578 5382 Cod.
609 5330 676 5382 55
692 5339 730 5379 ι.
1190 5328 1206 5330 “

315 5401 421 5467 (56)
456 5399 588 5463 Qua:
629 5399 688 5468 ()
730 5397 1082 5452 includuntur
1135 5398 1208 5451 De
1254 5397 1300 5450 la
1332 5397 1443 5468 Rue
1482 5396 1620 5449 male
1677 5396 1801 5468 sub-

1906 3164 2200 3220 humilibus
2225 3164 2621 3219 obsecundare.
2677 3162 2810 3218 Cum
2862 3162 3012 3217 hisce
3057 3163 3473 3216 abominabilem

1904 3257 2066 3310 edicit
2094 3271 2309 3326 quoque
2354 3256 2651 3313 milvum.et
2695 3256 2741 3309 si
2774 3271 2877 3324 qua
2908 3264 3027 3309 sunt
3061 3255 3109 3309 ei
3159 3254 3354 3308 similia
3408 3255 3471 3309 ".

1903 3346 2007 3401 Per
2054 3362 2174 3416 qua:
2209 3347 2414 3417 optime
2479 3346 2725 3400 innuitur
2762 3345 3043 3399 hominum
3074 3359 3245 3413 genus
3296 3346 3360 3399 ad
3389 3361 3475 3398 ra-

1906 3440 2087 3509 pinam
2122 3450 2397 3495 assuetum
2423 3478 2437 3503 ,
2476 3447 2530 3493 et
2561 3453 2687 3492 acre
2731 3436 2798 3490 ad
2838 3437 2975 3491 mala
3029 3438 3332 3493 inferenda.
3368 3438 3477 3491 llu—

1910 3546 2024 3583 rum
2076 3530 2378 3600 praecipuus
2437 3538 2594 3600 typus
2647 3530 2843 3585 milvus
2894 3530 3078 3595 fuerit,
3121 3544 3233 3598 prae
3262 3529 3474 3583 caeteris

1910 3633 2083 3677 tamen
2116 3624 2205 3691 qui
2238 3624 2476 3677 maxime
2520 3623 2674 3691 niger
2702 3633 2784 3677 est
2829 3635 2884 3683 et
2906 3622 3167 3692 prolunda
3200 3622 3350 3691 petit.
3383 3620 3475 3675 Et-

1906 3716 2049 3769 enim
2073 3716 2287 3770 obscuri
2307 3715 2861 3787 suntquodammodo,
2895 3729 2995 3769 nec
3017 3713 3268 3767 omnibus
3289 3713 3477 3767 obser-

1907 3806 2117 3860 v:tbiles
2151 3817 2370 3862 ruentes
2414 3810 2468 3861 in
2520 3807 2806 3869 malitiam,
2849 3816 2903 3859 et
2929 3804 3095 3859 latent
3147 3804 3362 3867 multos,
3421 3804 3473 3856 in

1908 3898 2100 3965 seipsis
2133 3907 2311 3951 tamen
2342 3899 2671 3969 pravitatem
2710 3896 2993 3951 exhibent.
3038 3894 3264 3964 Semper
3293 3903 3474 3947 autem

1908 3990 2305 4058 quodammodo
2350 3990 2594 4045 adbazret
2626 3988 2693 4043 iis
2726 3988 2817 4057 q'ui
2861 3987 3169 4043 detestabili
3214 3988 3476 4056 jactantia

1910 4080 2180 4144 laborant,
2211 4081 2452 4133 avaritia:
2483 4079 2777 4149 appetitus,
2806 4093 2940 4147 quos
2966 4092 3070 4131 non
3099 4086 3278 4147 potest
3318 4076 3477 4131 facile

1907 4175 2180 4228 exsatiate
2217 4172 2555 4227 multimodis
2600 4172 2824 4226 malitiae
2858 4171 3124 4236 inventis,
3173 4171 3251 4224 sic
3299 4180 3474 4225 tamen

1911 4276 1968 4318 ut
1988 4274 2041 4319 et
2060 4265 2201 4319 istud
2231 4266 2302 4320 sit
2329 4266 2447 4320 sine
2468 4265 2719 4319 satietate
2744 4264 2997 4332 diripere.
3030 4261 3321 4329 Propterea
3353 4277 3479 4316 con-

1904 4353 2081 4424 iungit
2131 4353 2317 4407 statim
2354 4353 2585 4407 dicens:
2617 4351 2683 4405 Et
2737 4351 3021 4405 struthium
3076 4360 3124 4401 et
3167 4348 3341 4403 larum
3386 4351 3473 4405 "‘.

1908 4442 2009 4498 Vix
2054 4447 2197 4498 enim
2236 4445 2353 4498 haec
2386 4444 2573 4498 satiari
2605 4453 2855 4511 possunt,
2896 4453 2950 4496 et
2990 4441 3248 4510 quidquid
3285 4457 3478 4496 occur-

1909 4538 2065 4600 rerit,
2101 4535 2388 4604 arripiunt.
2429 4533 2633 4589 Deinde
2660 4534 2821 4598 dicit,
2851 4534 3149 4599 accipitrem
3190 4544 3238 4586 et
3282 4534 3477 4586 similia

1907 4629 2007 4696 ipsi
2040 4629 2083 4660 ¹⁸
2109 4648 2122 4684 :
2153 4637 2200 4682 et
2232 4644 2446 4681 corvum
2475 4640 2787 4681 nocturnum
2808 4664 2823 4689 ,
2859 4638 2906 4680 et
2938 4636 3271 4689 cataractcn,
3293 4636 3338 4678 et
3370 4625 3478 4678 ibin

1910 4730 1957 4774 et
1993 4719 2432 4788 pltosphorianem
2454 4759 2468 4783 ,
2496 4728 2543 4772 et
2571 4717 2899 4786 pelecanum,
2927 4728 2972 4773 et
3003 4734 3218 4788 cycnum
3250 4720 3313 4771 ".
3355 4716 3480 4772 Haec

1913 4810 2070 4865 facile
2101 4812 2151 4863 in
2192 4825 2252 4863 se
2298 4808 2431 4878 ipsis
2462 4809 2769 4877 exprimant
2814 4809 3064 4861 crudeles
3107 4808 3388 4869 homines,
3424 4814 3480 4860 et

1912 4904 2003 4973 qui
2045 4902 2245 4956 acriter
2279 4902 2400 4955 aliis
2429 4901 2655 4955 insidias
2675 4910 2893 4955 struunt
2915 4939 2931 4964 ,
2968 4911 3131 4969 atque
3161 4899 3477 4954 intolerabi-

1913 4996 2038 5049 liter
2066 4994 2351 5049 imminent
2383 4992 2804 5062 quibuscunque
2842 4991 2985 5045 forte
3021 5000 3244 5059 possunt
3277 5009 3290 5043 :
3320 5000 3377 5043 ut
3420 4999 3478 5049 et

2532 5113 2572 5145 ⁸⁸
2600 5113 2729 5166 ibid.
2825 5114 2868 5145 ¹⁹
2904 5110 3033 5165 ibid.
3076 5110 3260 5165 16-18.

1981 5258 2093 5323 (57)
2131 5258 2260 5320 Ms.,
2288 5256 2492 5325 ἐναγίς,
2524 5262 2583 5325 et_
2612 5271 2730 5307 mox
2764 5253 2976 5317 αὐτούς.

1977 5328 2224 5399 (37‘)__An
2255 5322 2536 5396 legendum
2559 5322 2941 5399 ἀσυμφανεῖςῖ
2980 5324 3139 5377 Ευιτ.
3161 5322 3410 5399 ΔΙῖηιτιιοι..

1977 5394 2278 5468 (58)Forte
2312 5394 2876 5470 κακουργίαςζιιοςυε
2929 5406 3107 5447 tamen
3161 5396 3473 5464 impeditior

241 5472 411 5539 ιιιιιιίι
438 5484 488 5519 v.
522 5470 575 5531 9,
599 5467 689 5539 qui
719 5470 783 5539 de
807 5468 1046 5536 piscibus
1070 5468 1326 5538 loquitur.
1366 5467 1499 5523 Sunt
1529 5474 1707 5520 autem
1748 5467 1800 5519 in
1902 5469 2132 5539 videtur.

248 5542 358 5595 cod.
403 5539 529 5597 551,
565 5555 619 5606 p.
649 5538 777 5593 219.

310 5610 419 5681 (55)
448 5604 988 5681 -Ὲξοφρυασάμενον,
1016 5607 1096 5665 vel
1127 5607 1304 5679 potius
1332 5604 1785 5679 ὲξωερρυωμένον.

314 5678 420 5751 (56)
444 5678 542 5735 Ms.
554 5720 569 5746 ,
599 5678 766 5753 τούτ..

1978 5538 2090 5608 (59)
2116 5536 2210 5592 Sic
2244 5537 2615 5602 correximus,
2662 5549 2759 5608 pro
2799 5533 3093 5608 ταύτιτοις·
3159 5532 3280 5589 aliis
3332 5531 3473 5591 forte

1909 5603 2121 5674 τούτοις
2152 5622 2411 5677 reponere
2436 5603 2685 5676 placebit.
2720 5606 2876 5661 Eutr.
2912 5603 3151 5660 ΡΑτιιοι..
