  <div class='ocr_page' id='page_1' title='image "/cluster/home/n/w/nwhite01/storage/ocr_20150623/17/nnc1.0046978615/022.png"; bbox 0 0 3880 6216; ppageno 0'>
   <div class='ocr_carea' id='block_1_1' title="bbox 182 220 3458 287">
    <p class='ocr_par' dir='ltr' id='par_1_1' title="bbox 182 220 3458 287">
     <span class='ocr_line' id='line_1_1' title="bbox 182 220 3458 287; baseline -0.002 -3"><span class='ocrx_word' id='word_1_1' title='bbox 182 220 261 275; x_wconf 61' lang='lat'><strong>39</strong></span> <span class='ocrx_word' id='word_1_2' title='bbox 1445 225 1702 284; x_wconf 82' lang='lat' dir='ltr'><strong>ADNOT.</strong></span> <span class='ocrx_word' id='word_1_3' title='bbox 1736 224 1804 280; x_wconf 81' lang='lat' dir='ltr'><strong>IN</strong></span> <span class='ocrx_word' id='word_1_4' title='bbox 1844 225 2237 287; x_wconf 77' lang='lat' dir='ltr'><strong>DEUTERON.</strong></span> <span class='ocrx_word' id='word_1_5' title='bbox 3388 224 3458 278; x_wconf 83' lang='lat'><strong>50</strong></span> 
     </span>
    </p>
   </div>
   <div class='ocr_carea' id='block_1_2' title="bbox 178 338 1782 419">
    <p class='ocr_par' dir='ltr' id='par_1_2' title="bbox 178 338 1782 419">
     <span class='ocr_line' id='line_1_2' title="bbox 178 338 1782 419; baseline 0.006 -28"><span class='ocrx_word' id='word_1_6' title='bbox 178 338 628 413; x_wconf 77' lang='grc' dir='ltr'>τεθραυσμένον,</span> <span class='ocrx_word' id='word_1_7' title='bbox 658 342 755 397; x_wconf 69' lang='grc' dir='ltr'>καὶ</span> <span class='ocrx_word' id='word_1_8' title='bbox 783 344 905 409; x_wconf 84' lang='grc' dir='ltr'>ταῖς</span> <span class='ocrx_word' id='word_1_9' title='bbox 934 343 1037 415; x_wconf 84' lang='grc' dir='ltr'>τῆς</span> <span class='ocrx_word' id='word_1_10' title='bbox 1092 346 1292 417; x_wconf 83' lang='grc' dir='ltr'>σαρκὸς</span> <span class='ocrx_word' id='word_1_11' title='bbox 1318 347 1635 419; x_wconf 80' lang='grc' dir='ltr'><strong>ἐπιθυμίαις</strong></span> <span class='ocrx_word' id='word_1_12' title='bbox 1664 351 1782 402; x_wconf 85' lang='grc' dir='ltr'>ἐπι-</span> 
     </span>
    </p>
   </div>
   <div class='ocr_carea' id='block_1_3' title="bbox 1895 338 3456 419">
    <p class='ocr_par' dir='ltr' id='par_1_3' title="bbox 1895 346 3456 414">
     <span class='ocr_line' id='line_1_3' title="bbox 1895 346 3456 414; baseline -0.002 -12"><span class='ocrx_word' id='word_1_13' title='bbox 1895 352 2213 407; x_wconf 79' lang='lat' dir='ltr'><strong>mtilierosus</strong></span> <span class='ocrx_word' id='word_1_14' title='bbox 2254 359 2339 406; x_wconf 86' lang='lat' dir='ltr'><strong>est</strong></span> <span class='ocrx_word' id='word_1_15' title='bbox 2382 359 2436 406; x_wconf 89' lang='lat' dir='ltr'><strong>et</strong></span> <span class='ocrx_word' id='word_1_16' title='bbox 2482 348 2686 405; x_wconf 79' lang='lat' dir='ltr'><strong>fractus</strong></span> <span class='ocrx_word' id='word_1_17' title='bbox 2715 346 2938 401; x_wconf 80' lang='lat' dir='ltr'><strong>libidine</strong></span> <span class='ocrx_word' id='word_1_18' title='bbox 2962 390 2976 413; x_wconf 94' lang='lat'><strong>,</strong></span> <span class='ocrx_word' id='word_1_19' title='bbox 3009 353 3064 401; x_wconf 89' lang='lat' dir='ltr'><strong>et</strong></span> <span class='ocrx_word' id='word_1_20' title='bbox 3093 346 3456 414; x_wconf 91' lang='lat' dir='ltr'><strong>voluptatibus</strong></span> 
     </span>
    </p>
   </div>
   <div class='ocr_carea' id='block_1_4' title="bbox 179 430 1778 512">
    <p class='ocr_par' dir='ltr' id='par_1_4' title="bbox 179 430 1778 512">
     <span class='ocr_line' id='line_1_4' title="bbox 179 430 1778 512; baseline 0.008 -29"><span class='ocrx_word' id='word_1_21' title='bbox 179 430 359 485; x_wconf 72' lang='grc' dir='ltr'>δόντα</span> <span class='ocrx_word' id='word_1_22' title='bbox 374 433 468 486; x_wconf 82' lang='grc' dir='ltr'><strong>τὸν</strong></span> <span class='ocrx_word' id='word_1_23' title='bbox 481 434 629 499; x_wconf 89' lang='grc' dir='ltr'>νοῦν,</span> <span class='ocrx_word' id='word_1_24' title='bbox 648 437 1105 507; x_wconf 85' lang='grc' dir='ltr'>κατασημαίνειεν</span> <span class='ocrx_word' id='word_1_25' title='bbox 1123 439 1190 493; x_wconf 86' lang='grc' dir='ltr'><strong>ἂν</strong></span> <span class='ocrx_word' id='word_1_26' title='bbox 1203 440 1459 507; x_wconf 84' lang='grc' dir='ltr'>γυναικὸς</span> <span class='ocrx_word' id='word_1_27' title='bbox 1476 458 1579 512; x_wconf 88' lang='grc' dir='ltr'><strong>μνη</strong></span> <span class='ocrx_word' id='word_1_28' title='bbox 1587 442 1778 495; x_wconf 86' lang='grc' dir='ltr'>στεῖαι.</span> 
     </span>
    </p>
   </div>
   <div class='ocr_carea' id='block_1_5' title="bbox 178 520 1780 602">
    <p class='ocr_par' dir='ltr' id='par_1_5' title="bbox 178 520 1780 602">
     <span class='ocr_line' id='line_1_5' title="bbox 178 520 1780 602; baseline 0.009 -32"><span class='ocrx_word' id='word_1_29' title='bbox 178 520 493 591; x_wconf 83' lang='grc' dir='ltr'>Προσιόντι</span> <span class='ocrx_word' id='word_1_30' title='bbox 540 523 650 595; x_wconf 75' lang='grc'><strong>(49)</strong></span> <span class='ocrx_word' id='word_1_31' title='bbox 695 524 805 596; x_wconf 84' lang='grc' dir='ltr'>γὰρ</span> <span class='ocrx_word' id='word_1_32' title='bbox 844 529 910 597; x_wconf 78' lang='grc' dir='ltr'>τῇ</span> <span class='ocrx_word' id='word_1_33' title='bbox 958 526 1053 581; x_wconf 86' lang='grc' dir='ltr'><strong>τοῦ</strong></span> <span class='ocrx_word' id='word_1_34' title='bbox 1104 529 1543 599; x_wconf 75' lang='grc' dir='ltr'><strong>στρατοκήρυκος</strong></span> <span class='ocrx_word' id='word_1_35' title='bbox 1594 534 1743 602; x_wconf 82' lang='grc' dir='ltr'>φωνῇ</span> <span class='ocrx_word' id='word_1_36' title='bbox 1765 572 1780 596; x_wconf 93' lang='grc'><strong>,</strong></span> 
     </span>
    </p>
   </div>
   <div class='ocr_carea' id='block_1_6' title="bbox 174 610 1784 690">
    <p class='ocr_par' dir='ltr' id='par_1_6' title="bbox 174 610 1784 690">
     <span class='ocr_line' id='line_1_6' title="bbox 174 610 1784 690; baseline 0.006 -27"><span class='ocrx_word' id='word_1_37' title='bbox 174 610 288 679; x_wconf 77' lang='grc' dir='ltr'>τῆς</span> <span class='ocrx_word' id='word_1_38' title='bbox 328 613 491 684; x_wconf 77' lang='grc' dir='ltr'>ἱερᾶς</span> <span class='ocrx_word' id='word_1_39' title='bbox 525 614 618 667; x_wconf 75' lang='grc' dir='ltr'>καὶ</span> <span class='ocrx_word' id='word_1_40' title='bbox 654 617 1044 687; x_wconf 81' lang='grc' dir='ltr'><strong>μαχιμωτάτης</strong></span> <span class='ocrx_word' id='word_1_41' title='bbox 1077 618 1423 689; x_wconf 82' lang='grc' dir='ltr'>ἀποχωροῦσι</span> <span class='ocrx_word' id='word_1_42' title='bbox 1447 619 1784 690; x_wconf 83' lang='grc' dir='ltr'>πληθύος.“Ἀ</span> 
     </span>
    </p>
   </div>
   <div class='ocr_carea' id='block_1_7' title="bbox 172 699 1784 782">
    <p class='ocr_par' dir='ltr' id='par_1_7' title="bbox 172 699 1784 782">
     <span class='ocr_line' id='line_1_7' title="bbox 172 699 1784 782; baseline 0.007 -29"><span class='ocrx_word' id='word_1_43' title='bbox 172 701 237 753; x_wconf 80' lang='grc' dir='ltr'>δὲ</span> <span class='ocrx_word' id='word_1_44' title='bbox 273 699 356 774; x_wconf 81' lang='grc' dir='ltr'>ἦν</span> <span class='ocrx_word' id='word_1_45' title='bbox 386 705 541 769; x_wconf 82' lang='grc' dir='ltr'>εἰκὸς</span> <span class='ocrx_word' id='word_1_46' title='bbox 570 708 698 771; x_wconf 84' lang='grc' dir='ltr'>τοὺς</span> <span class='ocrx_word' id='word_1_47' title='bbox 729 708 969 763; x_wconf 80' lang='grc' dir='ltr'><strong>τοιούσδε</strong></span> <span class='ocrx_word' id='word_1_48' title='bbox 1004 710 1460 782; x_wconf 81' lang='grc' dir='ltr'><strong>συνειλημμένους</strong></span> <span class='ocrx_word' id='word_1_49' title='bbox 1493 712 1692 765; x_wconf 75' lang='grc' dir='ltr'>ἐννοεῖν</span> <span class='ocrx_word' id='word_1_50' title='bbox 1724 730 1784 765; x_wconf 92' lang='grc' dir='ltr'><strong>τε</strong></span> 
     </span>
    </p>
   </div>
   <div class='ocr_carea' id='block_1_8' title="bbox 175 795 1783 875">
    <p class='ocr_par' dir='ltr' id='par_1_8' title="bbox 175 795 1783 875">
     <span class='ocr_line' id='line_1_8' title="bbox 175 795 1783 875; baseline 0.007 -28"><span class='ocrx_word' id='word_1_51' title='bbox 175 796 283 849; x_wconf 71' lang='grc' dir='ltr'><strong>καὶ</strong></span> <span class='ocrx_word' id='word_1_52' title='bbox 321 795 536 865; x_wconf 84' lang='grc' dir='ltr'>λέγειν,</span> <span class='ocrx_word' id='word_1_53' title='bbox 561 799 737 854; x_wconf 85' lang='grc' dir='ltr'>ταῦτα</span> <span class='ocrx_word' id='word_1_54' title='bbox 772 800 1075 873; x_wconf 29' lang='grc' dir='ltr'>δὴιφθάσας</span> <span class='ocrx_word' id='word_1_55' title='bbox 1102 804 1130 856; x_wconf 90' lang='grc' dir='ltr'>ὁ</span> <span class='ocrx_word' id='word_1_56' title='bbox 1159 802 1332 875; x_wconf 81' lang='grc' dir='ltr'>κῆρυξ</span> <span class='ocrx_word' id='word_1_57' title='bbox 1387 805 1677 873; x_wconf 86' lang='grc' dir='ltr'>ἀναφωνεῖ.</span> <span class='ocrx_word' id='word_1_58' title='bbox 1714 806 1783 858; x_wconf 86' lang='grc' dir='ltr'><em>Ἢ</em></span> 
     </span>
    </p>
   </div>
   <div class='ocr_carea' id='block_1_9' title="bbox 171 888 1782 966">
    <p class='ocr_par' dir='ltr' id='par_1_9' title="bbox 171 888 1782 966">
     <span class='ocr_line' id='line_1_9' title="bbox 171 888 1782 966; baseline 0.008 -28"><span class='ocrx_word' id='word_1_59' title='bbox 171 888 289 939; x_wconf 73' lang='grc' dir='ltr'><strong>οὐκ</strong></span> <span class='ocrx_word' id='word_1_60' title='bbox 310 888 521 959; x_wconf 80' lang='grc' dir='ltr'>ἀληθὲς</span> <span class='ocrx_word' id='word_1_61' title='bbox 550 892 759 957; x_wconf 76' lang='grc' dir='ltr'>τούτοις</span> <span class='ocrx_word' id='word_1_62' title='bbox 787 893 896 964; x_wconf 74' lang='lat'><strong>(50)</strong></span> <span class='ocrx_word' id='word_1_63' title='bbox 926 894 995 947; x_wconf 83' lang='grc' dir='ltr'>τὰ</span> <span class='ocrx_word' id='word_1_64' title='bbox 1015 894 1237 948; x_wconf 89' lang='grc' dir='ltr'>τοιαῦτα</span> <span class='ocrx_word' id='word_1_65' title='bbox 1268 893 1505 966; x_wconf 76' lang='grc' dir='ltr'>νομίζειν</span> <span class='ocrx_word' id='word_1_66' title='bbox 1529 914 1542 961; x_wconf 92' lang='grc'><strong>;</strong></span> <span class='ocrx_word' id='word_1_67' title='bbox 1574 896 1782 951; x_wconf 75' lang='grc' dir='ltr'><strong>Εἰώθα-</strong></span> 
     </span>
    </p>
   </div>
   <div class='ocr_carea' id='block_1_10' title="bbox 174 978 1784 1058">
    <p class='ocr_par' dir='ltr' id='par_1_10' title="bbox 174 978 1784 1058">
     <span class='ocr_line' id='line_1_10' title="bbox 174 978 1784 1058; baseline 0.008 -29"><span class='ocrx_word' id='word_1_68' title='bbox 174 993 235 1030; x_wconf 84' lang='grc' dir='ltr'><strong>σι</strong></span> <span class='ocrx_word' id='word_1_69' title='bbox 272 978 572 1046; x_wconf 78' lang='grc' dir='ltr'><strong>φιλοῦντες</strong></span> <span class='ocrx_word' id='word_1_70' title='bbox 596 984 657 1035; x_wconf 85' lang='grc' dir='ltr'>ὲν</span> <span class='ocrx_word' id='word_1_71' title='bbox 689 984 947 1054; x_wconf 83' lang='grc' dir='ltr'><strong>διωγμοῖς</strong></span> <span class='ocrx_word' id='word_1_72' title='bbox 978 987 1037 1039; x_wconf 88' lang='grc' dir='ltr'><strong>τὸ</strong></span> <span class='ocrx_word' id='word_1_73' title='bbox 1070 986 1399 1057; x_wconf 82' lang='grc' dir='ltr'>ἀφερέπονον</span> <span class='ocrx_word' id='word_1_74' title='bbox 1424 988 1661 1058; x_wconf 84' lang='grc' dir='ltr'>ἀγαπᾷν,</span> <span class='ocrx_word' id='word_1_75' title='bbox 1693 991 1784 1042; x_wconf 78' lang='grc' dir='ltr'><strong>καὶ</strong></span> 
     </span>
    </p>
   </div>
   <div class='ocr_carea' id='block_1_11' title="bbox 175 1071 1783 1147">
    <p class='ocr_par' dir='ltr' id='par_1_11' title="bbox 175 1071 1783 1147">
     <span class='ocr_line' id='line_1_11' title="bbox 175 1071 1783 1147; baseline 0.007 -26"><span class='ocrx_word' id='word_1_76' title='bbox 175 1073 318 1133; x_wconf 83' lang='grc' dir='ltr'>ταῖς</span> <span class='ocrx_word' id='word_1_77' title='bbox 348 1071 496 1143; x_wconf 83' lang='grc' dir='ltr'>ὑπὲρ</span> <span class='ocrx_word' id='word_1_78' title='bbox 526 1073 627 1143; x_wconf 79' lang='grc' dir='ltr'>τῆς</span> <span class='ocrx_word' id='word_1_79' title='bbox 659 1075 740 1138; x_wconf 80' lang='grc' dir='ltr'>εἰς</span> <span class='ocrx_word' id='word_1_80' title='bbox 763 1075 894 1129; x_wconf 83' lang='grc' dir='ltr'>Θεὸν</span> <span class='ocrx_word' id='word_1_81' title='bbox 916 1076 1136 1147; x_wconf 85' lang='grc' dir='ltr'><strong>ἀγάπης</strong></span> <span class='ocrx_word' id='word_1_82' title='bbox 1168 1078 1585 1131; x_wconf 80' lang='grc' dir='ltr'>κατακολουθεῖν</span> <span class='ocrx_word' id='word_1_83' title='bbox 1621 1097 1783 1133; x_wconf 87' lang='grc' dir='ltr'>σπου-</span> 
     </span>
    </p>
   </div>
   <div class='ocr_carea' id='block_1_12' title="bbox 172 1157 1781 1238">
    <p class='ocr_par' dir='ltr' id='par_1_12' title="bbox 172 1157 1781 1238">
     <span class='ocr_line' id='line_1_12' title="bbox 172 1157 1781 1238; baseline 0.007 -28"><span class='ocrx_word' id='word_1_84' title='bbox 172 1157 335 1222; x_wconf 79' lang='grc' dir='ltr'>δαῖς,</span> <span class='ocrx_word' id='word_1_85' title='bbox 361 1161 705 1229; x_wconf 83' lang='grc' dir='ltr'>ἐννοοῦντες,</span> <span class='ocrx_word' id='word_1_86' title='bbox 734 1165 837 1229; x_wconf 83' lang='grc' dir='ltr'>ὅτι,</span> <span class='ocrx_word' id='word_1_87' title='bbox 877 1165 931 1218; x_wconf 81' lang='grc' dir='ltr'>εἴ</span> <span class='ocrx_word' id='word_1_88' title='bbox 963 1183 1014 1218; x_wconf 91' lang='grc' dir='ltr'><strong>τι</strong></span> <span class='ocrx_word' id='word_1_89' title='bbox 1071 1167 1279 1235; x_wconf 89' lang='grc' dir='ltr'>γένοιτο</span> <span class='ocrx_word' id='word_1_90' title='bbox 1338 1168 1527 1221; x_wconf 81' lang='grc' dir='ltr'>παθεῖν</span> <span class='ocrx_word' id='word_1_91' title='bbox 1581 1170 1781 1238; x_wconf 83' lang='grc' dir='ltr'>ἀγωνι-</span> 
     </span>
    </p>
   </div>
   <div class='ocr_carea' id='block_1_13' title="bbox 175 1248 1780 1332">
    <p class='ocr_par' dir='ltr' id='par_1_13' title="bbox 175 1248 1780 1332">
     <span class='ocr_line' id='line_1_13' title="bbox 175 1248 1780 1332; baseline 0.007 -31"><span class='ocrx_word' id='word_1_92' title='bbox 175 1248 489 1320; x_wconf 78' lang='grc' dir='ltr'>ζομένους,</span> <span class='ocrx_word' id='word_1_93' title='bbox 522 1252 687 1305; x_wconf 82' lang='grc' dir='ltr'>οίκων</span> <span class='ocrx_word' id='word_1_94' title='bbox 709 1272 768 1307; x_wconf 88' lang='grc' dir='ltr'><strong>τε</strong></span> <span class='ocrx_word' id='word_1_95' title='bbox 802 1256 895 1308; x_wconf 64' lang='grc' dir='ltr'><strong>καὶ⁹</strong></span> <span class='ocrx_word' id='word_1_96' title='bbox 920 1258 1186 1327; x_wconf 80' lang='grc' dir='ltr'>κτήσεων,</span> <span class='ocrx_word' id='word_1_97' title='bbox 1224 1260 1317 1312; x_wconf 74' lang='grc' dir='ltr'><strong>καὶ</strong></span> <span class='ocrx_word' id='word_1_98' title='bbox 1345 1259 1450 1312; x_wconf 87' lang='grc' dir='ltr'><strong>τῶν</strong></span> <span class='ocrx_word' id='word_1_99' title='bbox 1476 1261 1627 1332; x_wconf 68' lang='grc' dir='ltr'>παρὰ</span> <span class='ocrx_word' id='word_1_100' title='bbox 1658 1260 1780 1330; x_wconf 86' lang='grc' dir='ltr'>σφί-</span> 
     </span>
    </p>
   </div>
   <div class='ocr_carea' id='block_1_14' title="bbox 177 1345 1431 1421">
    <p class='ocr_par' dir='ltr' id='par_1_14' title="bbox 177 1345 1431 1421">
     <span class='ocr_line' id='line_1_14' title="bbox 177 1345 1431 1421; baseline 0.008 -27"><span class='ocrx_word' id='word_1_101' title='bbox 177 1358 274 1395; x_wconf 69' lang='grc' dir='ltr'><strong>σιν</strong></span> <span class='ocrx_word' id='word_1_102' title='bbox 313 1345 703 1415; x_wconf 83' lang='grc' dir='ltr'>τετιμημένων</span> <span class='ocrx_word' id='word_1_103' title='bbox 722 1346 1074 1403; x_wconf 80' lang='grc' dir='ltr'>ἐκπίπτουσιν</span> <span class='ocrx_word' id='word_1_104' title='bbox 1106 1350 1431 1421; x_wconf 84' lang='grc' dir='ltr'>ἐπιθυμιῶν.</span> 
     </span>
    </p>
   </div>
   <div class='ocr_carea' id='block_1_15' title="bbox 177 1508 1781 1587">
    <p class='ocr_par' dir='ltr' id='par_1_15' title="bbox 177 1508 1781 1587">
     <span class='ocr_line' id='line_1_15' title="bbox 177 1508 1781 1587; baseline 0.005 -23"><span class='ocrx_word' id='word_1_105' title='bbox 177 1508 310 1581; x_wconf 83' lang='grc'><strong>(51)</strong></span> <span class='ocrx_word' id='word_1_106' title='bbox 344 1510 500 1582; x_wconf 84' lang='grc' dir='ltr'>Στίχ.</span> <span class='ocrx_word' id='word_1_107' title='bbox 524 1516 594 1582; x_wconf 83' lang='grc' dir='ltr'>η’.</span> <span class='ocrx_word' id='word_1_108' title='bbox 650 1513 746 1587; x_wconf 77' lang='grc' dir='ltr'>Τίς</span> <span class='ocrx_word' id='word_1_109' title='bbox 780 1517 814 1567; x_wconf 81' lang='grc' dir='ltr'><em>ὀ</em></span> <span class='ocrx_word' id='word_1_110' title='bbox 849 1514 1237 1587; x_wconf 36' lang='grc' dir='ltr'>ᾆνθρῌωπος-ςό</span> <span class='ocrx_word' id='word_1_111' title='bbox 1270 1516 1638 1587; x_wconf 69' lang='grc' dir='ltr'>φοϐούμενος</span> <span class='ocrx_word' id='word_1_112' title='bbox 1682 1518 1781 1571; x_wconf 76' lang='grc' dir='ltr'>καὶ</span> 
     </span>
    </p>
   </div>
   <div class='ocr_carea' id='block_1_16' title="bbox 702 1582 1290 1653">
    <p class='ocr_par' dir='ltr' id='par_1_16' title="bbox 702 1582 1290 1653">
     <span class='ocr_line' id='line_1_16' title="bbox 702 1582 1290 1653; baseline 0.003 -17"><span class='ocrx_word' id='word_1_113' title='bbox 702 1582 903 1651; x_wconf 68' lang='grc' dir='ltr'>δειλός</span> <span class='ocrx_word' id='word_1_114' title='bbox 933 1584 1010 1653; x_wconf 77' lang='grc' dir='ltr'>τῇ</span> <span class='ocrx_word' id='word_1_115' title='bbox 1040 1585 1255 1653; x_wconf 81' lang='grc' dir='ltr'>καρδίᾳ</span> <span class='ocrx_word' id='word_1_116' title='bbox 1272 1582 1290 1650; x_wconf 70' lang='grc' dir='ltr'><em>ξ</em></span> 
     </span>
    </p>
   </div>
   <div class='ocr_carea' id='block_1_17' title="bbox 1882 437 3456 507">
    <p class='ocr_par' dir='ltr' id='par_1_17' title="bbox 1882 437 3456 507">
     <span class='ocr_line' id='line_1_17' title="bbox 1882 437 3456 507; baseline -0.004 -11"><span class='ocrx_word' id='word_1_117' title='bbox 1882 444 2062 497; x_wconf 85' lang='lat' dir='ltr'><strong>carnis</strong></span> <span class='ocrx_word' id='word_1_118' title='bbox 2110 442 2345 496; x_wconf 89' lang='lat' dir='ltr'><strong>intendit</strong></span> <span class='ocrx_word' id='word_1_119' title='bbox 2378 441 2653 499; x_wconf 83' lang='lat' dir='ltr'><strong>animum,</strong></span> <span class='ocrx_word' id='word_1_120' title='bbox 2699 439 2941 493; x_wconf 88' lang='lat' dir='ltr'><strong>mulieris</strong></span> <span class='ocrx_word' id='word_1_121' title='bbox 2983 439 3249 507; x_wconf 81' lang='lat' dir='ltr'><strong>sponsalia</strong></span> <span class='ocrx_word' id='word_1_122' title='bbox 3299 437 3456 492; x_wconf 80' lang='lat' dir='ltr'><strong>facile</strong></span> 
     </span>
    </p>
   </div>
   <div class='ocr_carea' id='block_1_18' title="bbox 1885 533 3454 599">
    <p class='ocr_par' dir='ltr' id='par_1_18' title="bbox 1885 533 3454 599">
     <span class='ocr_line' id='line_1_18' title="bbox 1885 533 3454 599; baseline 0 -14"><span class='ocrx_word' id='word_1_123' title='bbox 1885 534 2130 588; x_wconf 86' lang='lat' dir='ltr'><strong>iunuant.</strong></span> <span class='ocrx_word' id='word_1_124' title='bbox 2168 533 2351 588; x_wconf 83' lang='lat' dir='ltr'><strong>Moras</strong></span> <span class='ocrx_word' id='word_1_125' title='bbox 2376 534 2519 587; x_wconf 83' lang='lat' dir='ltr'><strong>enim</strong></span> <span class='ocrx_word' id='word_1_126' title='bbox 2551 534 2826 587; x_wconf 87' lang='lat' dir='ltr'><strong>trahentes</strong></span> <span class='ocrx_word' id='word_1_127' title='bbox 2857 534 2921 585; x_wconf 90' lang='lat' dir='ltr'><strong>ad</strong></span> <span class='ocrx_word' id='word_1_128' title='bbox 2952 547 3135 585; x_wconf 82' lang='lat' dir='ltr'><strong>vocem</strong></span> <span class='ocrx_word' id='word_1_129' title='bbox 3168 533 3454 599; x_wconf 59' lang='lat' dir='ltr'><strong>praeconis,</strong></span> 
     </span>
    </p>
   </div>
   <div class='ocr_carea' id='block_1_19' title="bbox 1884 619 3452 697">
    <p class='ocr_par' dir='ltr' id='par_1_19' title="bbox 1884 619 3452 697">
     <span class='ocr_line' id='line_1_19' title="bbox 1884 619 3452 697; baseline -0.004 -18"><span class='ocrx_word' id='word_1_130' title='bbox 1884 642 1915 679; x_wconf 89' lang='lat' dir='ltr'><strong>a</strong></span> <span class='ocrx_word' id='word_1_131' title='bbox 1964 640 2118 680; x_wconf 83' lang='lat' dir='ltr'><strong>sacra</strong></span> <span class='ocrx_word' id='word_1_132' title='bbox 2166 626 2669 697; x_wconf 64' lang='lat' dir='ltr'><strong>pugnacissitnamte</strong></span> <span class='ocrx_word' id='word_1_133' title='bbox 2727 622 3071 677; x_wconf 74' lang='lat' dir='ltr'><strong>multitudine</strong></span> <span class='ocrx_word' id='word_1_134' title='bbox 3122 619 3452 674; x_wconf 86' lang='lat' dir='ltr'><strong>desciscunt.</strong></span> 
     </span>
    </p>
   </div>
   <div class='ocr_carea' id='block_1_20' title="bbox 1884 712 3456 787">
    <p class='ocr_par' dir='ltr' id='par_1_20' title="bbox 1884 712 3456 787">
     <span class='ocr_line' id='line_1_20' title="bbox 1884 712 3456 787; baseline -0.005 -16"><span class='ocrx_word' id='word_1_135' title='bbox 1884 719 2015 784; x_wconf 67' lang='lat' dir='ltr'><strong>Quae</strong></span> <span class='ocrx_word' id='word_1_136' title='bbox 2047 733 2208 787; x_wconf 87' lang='lat' dir='ltr'><strong>porro</strong></span> <span class='ocrx_word' id='word_1_137' title='bbox 2240 717 2515 784; x_wconf 82' lang='lat' dir='ltr'><strong>probabile</strong></span> <span class='ocrx_word' id='word_1_138' title='bbox 2573 720 2691 771; x_wconf 86' lang='lat' dir='ltr'><strong>erat</strong></span> <span class='ocrx_word' id='word_1_139' title='bbox 2749 726 2809 768; x_wconf 92' lang='lat' dir='ltr'><strong>ut</strong></span> <span class='ocrx_word' id='word_1_140' title='bbox 2856 713 3162 781; x_wconf 71' lang='lat' dir='ltr'><strong>huiusmodi</strong></span> <span class='ocrx_word' id='word_1_141' title='bbox 3208 712 3456 766; x_wconf 85' lang='lat' dir='ltr'><strong>homines</strong></span> 
     </span>
    </p>
   </div>
   <div class='ocr_carea' id='block_1_21' title="bbox 1884 803 3452 880">
    <p class='ocr_par' dir='ltr' id='par_1_21' title="bbox 1884 803 3452 880">
     <span class='ocr_line' id='line_1_21' title="bbox 1884 803 3452 880; baseline -0.007 -17"><span class='ocrx_word' id='word_1_142' title='bbox 1884 811 2194 880; x_wconf 79' lang='lat' dir='ltr'><strong>congregati</strong></span> <span class='ocrx_word' id='word_1_143' title='bbox 2238 809 2417 863; x_wconf 87' lang='lat' dir='ltr'><strong>animo</strong></span> <span class='ocrx_word' id='word_1_144' title='bbox 2447 816 2732 861; x_wconf 78' lang='lat' dir='ltr'><strong>versarent</strong></span> <span class='ocrx_word' id='word_1_145' title='bbox 2763 816 2816 859; x_wconf 91' lang='lat' dir='ltr'><strong>et</strong></span> <span class='ocrx_word' id='word_1_146' title='bbox 2845 805 3085 858; x_wconf 85' lang='lat' dir='ltr'><strong>dicerent</strong></span> <span class='ocrx_word' id='word_1_147' title='bbox 3107 843 3123 865; x_wconf 88' lang='lat'><strong>,</strong></span> <span class='ocrx_word' id='word_1_148' title='bbox 3163 818 3224 856; x_wconf 83' lang='lat' dir='ltr'><strong>ea</strong></span> <span class='ocrx_word' id='word_1_149' title='bbox 3268 803 3319 854; x_wconf 93' lang='lat' dir='ltr'><strong>in</strong></span> <span class='ocrx_word' id='word_1_150' title='bbox 3353 818 3452 853; x_wconf 92' lang='lat' dir='ltr'><strong>an-</strong></span> 
     </span>
    </p>
   </div>
   <div class='ocr_carea' id='block_1_22' title="bbox 1886 898 3457 967">
    <p class='ocr_par' dir='ltr' id='par_1_22' title="bbox 1886 898 3457 967">
     <span class='ocr_line' id='line_1_22' title="bbox 1886 898 3457 967; baseline -0.006 -11"><span class='ocrx_word' id='word_1_151' title='bbox 1886 912 2152 956; x_wconf 67' lang='lat' dir='ltr'><strong>tecessum</strong></span> <span class='ocrx_word' id='word_1_152' title='bbox 2198 915 2373 967; x_wconf 63' lang='lat' dir='ltr'><strong>prtum</strong></span> <span class='ocrx_word' id='word_1_153' title='bbox 2408 898 2674 952; x_wconf 86' lang='lat' dir='ltr'><strong>enuntiat.</strong></span> <span class='ocrx_word' id='word_1_154' title='bbox 2720 898 2801 951; x_wconf 84' lang='lat' dir='ltr'><strong>An</strong></span> <span class='ocrx_word' id='word_1_155' title='bbox 2852 911 2954 949; x_wconf 93' lang='lat' dir='ltr'><strong>non</strong></span> <span class='ocrx_word' id='word_1_156' title='bbox 3004 910 3190 947; x_wconf 85' lang='lat' dir='ltr'><strong>verum</strong></span> <span class='ocrx_word' id='word_1_157' title='bbox 3238 904 3316 946; x_wconf 86' lang='lat' dir='ltr'><strong>est</strong></span> <span class='ocrx_word' id='word_1_158' title='bbox 3363 907 3457 947; x_wconf 86' lang='lat' dir='ltr'><strong>eos</strong></span> 
     </span>
    </p>
   </div>
   <div class='ocr_carea' id='block_1_23' title="bbox 1888 984 3455 1061">
    <p class='ocr_par' dir='ltr' id='par_1_23' title="bbox 1888 984 3455 1061">
     <span class='ocr_line' id='line_1_23' title="bbox 1888 984 3455 1061; baseline -0.005 -15"><span class='ocrx_word' id='word_1_159' title='bbox 1888 994 2010 1046; x_wconf 87' lang='lat' dir='ltr'><strong>talia</strong></span> <span class='ocrx_word' id='word_1_160' title='bbox 2052 992 2341 1061; x_wconf 76' lang='lat' dir='ltr'><strong>reputare?</strong></span> <span class='ocrx_word' id='word_1_161' title='bbox 2373 989 2787 1044; x_wconf 89' lang='lat' dir='ltr'><strong>Consuevcrunt</strong></span> <span class='ocrx_word' id='word_1_162' title='bbox 2814 987 3001 1041; x_wconf 86' lang='lat' dir='ltr'><strong>amasii</strong></span> <span class='ocrx_word' id='word_1_163' title='bbox 3035 987 3087 1039; x_wconf 92' lang='lat' dir='ltr'><strong>in</strong></span> <span class='ocrx_word' id='word_1_164' title='bbox 3125 984 3455 1053; x_wconf 84' lang='lat' dir='ltr'><strong>persecutio-</strong></span> 
     </span>
    </p>
   </div>
   <div class='ocr_carea' id='block_1_24' title="bbox 1886 1074 3453 1150">
    <p class='ocr_par' dir='ltr' id='par_1_24' title="bbox 1886 1074 3453 1150">
     <span class='ocr_line' id='line_1_24' title="bbox 1886 1074 3453 1150; baseline -0.005 -15"><span class='ocrx_word' id='word_1_165' title='bbox 1886 1084 2043 1136; x_wconf 83' lang='lat' dir='ltr'><strong>nihus</strong></span> <span class='ocrx_word' id='word_1_166' title='bbox 2072 1097 2191 1150; x_wconf 69' lang='lat' dir='ltr'><strong>quae</strong></span> <span class='ocrx_word' id='word_1_167' title='bbox 2222 1080 2445 1133; x_wconf 87' lang='lat' dir='ltr'><strong>minime</strong></span> <span class='ocrx_word' id='word_1_168' title='bbox 2467 1078 2689 1132; x_wconf 78' lang='lat' dir='ltr'><strong>molesta</strong></span> <span class='ocrx_word' id='word_1_169' title='bbox 2716 1087 2841 1131; x_wconf 88' lang='lat' dir='ltr'><strong>sunt</strong></span> <span class='ocrx_word' id='word_1_170' title='bbox 2869 1076 3114 1145; x_wconf 78' lang='lat' dir='ltr'><strong>diligere,</strong></span> <span class='ocrx_word' id='word_1_171' title='bbox 3136 1085 3190 1128; x_wconf 90' lang='lat' dir='ltr'><strong>et</strong></span> <span class='ocrx_word' id='word_1_172' title='bbox 3214 1074 3453 1128; x_wconf 83' lang='lat' dir='ltr'><strong>charita-</strong></span> 
     </span>
    </p>
   </div>
   <div class='ocr_carea' id='block_1_25' title="bbox 1887 1162 3454 1235">
    <p class='ocr_par' dir='ltr' id='par_1_25' title="bbox 1887 1162 3454 1235">
     <span class='ocr_line' id='line_1_25' title="bbox 1887 1162 3454 1235; baseline -0.005 -11"><span class='ocrx_word' id='word_1_173' title='bbox 1887 1173 1952 1225; x_wconf 90' lang='lat' dir='ltr'><strong>tis</strong></span> <span class='ocrx_word' id='word_1_174' title='bbox 1977 1172 2026 1223; x_wconf 89' lang='lat' dir='ltr'><strong>in</strong></span> <span class='ocrx_word' id='word_1_175' title='bbox 2059 1171 2222 1222; x_wconf 86' lang='lat' dir='ltr'><strong>Deum</strong></span> <span class='ocrx_word' id='word_1_176' title='bbox 2253 1169 2427 1222; x_wconf 89' lang='lat' dir='ltr'><strong>studia</strong></span> <span class='ocrx_word' id='word_1_177' title='bbox 2451 1167 2709 1221; x_wconf 84' lang='lat' dir='ltr'><strong>remotius</strong></span> <span class='ocrx_word' id='word_1_178' title='bbox 2732 1168 2891 1233; x_wconf 84' lang='lat' dir='ltr'><strong>sequi</strong></span> <span class='ocrx_word' id='word_1_179' title='bbox 2914 1182 2930 1226; x_wconf 84' lang='lat'><strong>;</strong></span> <span class='ocrx_word' id='word_1_180' title='bbox 2959 1166 3288 1235; x_wconf 84' lang='lat' dir='ltr'><strong>cogitantes,</strong></span> <span class='ocrx_word' id='word_1_181' title='bbox 3311 1162 3454 1231; x_wconf 90' lang='lat' dir='ltr'><strong>quod</strong></span> 
     </span>
    </p>
   </div>
   <div class='ocr_carea' id='block_1_26' title="bbox 1884 1252 3453 1328">
    <p class='ocr_par' dir='ltr' id='par_1_26' title="bbox 1884 1252 3453 1328">
     <span class='ocr_line' id='line_1_26' title="bbox 1884 1252 3453 1328; baseline -0.004 -14"><span class='ocrx_word' id='word_1_182' title='bbox 1884 1262 1926 1314; x_wconf 88' lang='lat' dir='ltr'><strong>si</strong></span> <span class='ocrx_word' id='word_1_183' title='bbox 1973 1261 2099 1328; x_wconf 89' lang='lat' dir='ltr'><strong>quid</strong></span> <span class='ocrx_word' id='word_1_184' title='bbox 2144 1258 2422 1327; x_wconf 78' lang='lat' dir='ltr'><strong>contingat</strong></span> <span class='ocrx_word' id='word_1_185' title='bbox 2458 1257 2509 1309; x_wconf 89' lang='lat' dir='ltr'><strong>in</strong></span> <span class='ocrx_word' id='word_1_186' title='bbox 2542 1256 2927 1310; x_wconf 82' lang='lat' dir='ltr'><strong>certaminibus</strong></span> <span class='ocrx_word' id='word_1_187' title='bbox 2963 1254 3071 1323; x_wconf 91' lang='lat' dir='ltr'><strong>pati</strong></span> <span class='ocrx_word' id='word_1_188' title='bbox 3093 1296 3117 1319; x_wconf 68' lang='grc'><strong>,</strong></span> <span class='ocrx_word' id='word_1_189' title='bbox 3144 1270 3171 1306; x_wconf 88' lang='lat' dir='ltr'><strong>a</strong></span> <span class='ocrx_word' id='word_1_190' title='bbox 3206 1252 3453 1307; x_wconf 85' lang='lat' dir='ltr'><strong>domibus</strong></span> 
     </span>
    </p>
   </div>
   <div class='ocr_carea' id='block_1_27' title="bbox 1883 1346 3457 1419">
    <p class='ocr_par' dir='ltr' id='par_1_27' title="bbox 1883 1346 3457 1419">
     <span class='ocr_line' id='line_1_27' title="bbox 1883 1346 3457 1419; baseline -0.003 -14"><span class='ocrx_word' id='word_1_191' title='bbox 1883 1363 1936 1405; x_wconf 86' lang='lat' dir='ltr'><strong>et</strong></span> <span class='ocrx_word' id='word_1_192' title='bbox 1973 1349 2442 1419; x_wconf 82' lang='lat' dir='ltr'><strong>possessionibus,</strong></span> <span class='ocrx_word' id='word_1_193' title='bbox 2483 1356 2539 1400; x_wconf 91' lang='lat' dir='ltr'><strong>et</strong></span> <span class='ocrx_word' id='word_1_194' title='bbox 2591 1361 2619 1399; x_wconf 90' lang='lat' dir='ltr'><strong>a</strong></span> <span class='ocrx_word' id='word_1_195' title='bbox 2667 1346 2954 1401; x_wconf 80' lang='lat' dir='ltr'><strong>desideriis</strong></span> <span class='ocrx_word' id='word_1_196' title='bbox 3000 1346 3287 1413; x_wconf 81' lang='lat' dir='ltr'><strong>excident,</strong></span> <span class='ocrx_word' id='word_1_197' title='bbox 3336 1359 3457 1417; x_wconf 62' lang='lat' dir='ltr'><strong>qua</strong></span> 
     </span>
    </p>
   </div>
   <div class='ocr_carea' id='block_1_28' title="bbox 1887 1434 2557 1505">
    <p class='ocr_par' dir='ltr' id='par_1_28' title="bbox 1887 1434 2557 1505">
     <span class='ocr_line' id='line_1_28' title="bbox 1887 1434 2557 1505; baseline -0.006 -16"><span class='ocrx_word' id='word_1_198' title='bbox 1887 1440 2026 1505; x_wconf 84' lang='lat' dir='ltr'><strong>apud</strong></span> <span class='ocrx_word' id='word_1_199' title='bbox 2054 1452 2111 1490; x_wconf 87' lang='lat' dir='ltr'><strong>se</strong></span> <span class='ocrx_word' id='word_1_200' title='bbox 2149 1434 2364 1504; x_wconf 84' lang='lat' dir='ltr'><strong>plurimi</strong></span> <span class='ocrx_word' id='word_1_201' title='bbox 2402 1434 2557 1487; x_wconf 84' lang='lat' dir='ltr'><strong>fiunt.</strong></span> 
     </span>
    </p>
   </div>
   <div class='ocr_carea' id='block_1_29' title="bbox 1885 1526 3455 1648">
    <p class='ocr_par' dir='ltr' id='par_1_29' title="bbox 1885 1526 3455 1648">
     <span class='ocr_line' id='line_1_29' title="bbox 1885 1526 3455 1648; baseline -0.002 -64"><span class='ocrx_word' id='word_1_202' title='bbox 1885 1529 1951 1584; x_wconf 70' lang='grc' dir='ltr'><strong>ν.</strong></span> <span class='ocrx_word' id='word_1_203' title='bbox 1979 1530 2035 1584; x_wconf 90' lang='grc'><strong>8.</strong></span> <span class='ocrx_word' id='word_1_204' title='bbox 2084 1528 2215 1594; x_wconf 83' lang='lat' dir='ltr'><strong>Quis</strong></span> <span class='ocrx_word' id='word_1_205' title='bbox 2260 1537 2335 1581; x_wconf 90' lang='lat' dir='ltr'><strong>est</strong></span> <span class='ocrx_word' id='word_1_206' title='bbox 2384 1526 2537 1580; x_wconf 81' lang='lat' dir='ltr'><strong>homo</strong></span> <span class='ocrx_word' id='word_1_207' title='bbox 2566 1567 2591 1648; x_wconf 57' lang='grc' dir='ltr'>,ι</span> <span class='ocrx_word' id='word_1_208' title='bbox 2637 1527 2752 1648; x_wconf 71' lang='lat' dir='ltr'><strong>quid</strong></span> <span class='ocrx_word' id='word_1_209' title='bbox 2776 1536 2980 1631; x_wconf 56' lang='lat' dir='ltr'><strong>vgretur</strong></span> <span class='ocrx_word' id='word_1_210' title='bbox 3027 1537 3077 1581; x_wconf 91' lang='lat' dir='ltr'><strong>et</strong></span> <span class='ocrx_word' id='word_1_211' title='bbox 3122 1526 3455 1582; x_wconf 71' lang='lat' dir='ltr'><strong>meticulosus</strong></span> 
     </span>
     <span class='ocr_line' id='line_1_30' title="bbox 2518 1614 2819 1648; baseline 0 0"><span class='ocrx_word' id='word_1_212' title='bbox 2518 1614 2570 1648; x_wconf 88' lang='lat' dir='ltr'><strong>es</strong></span> <span class='ocrx_word' id='word_1_213' title='bbox 2627 1614 2718 1648; x_wconf 81' lang='lat' dir='ltr'><strong>eor</strong></span> <span class='ocrx_word' id='word_1_214' title='bbox 2755 1614 2819 1648; x_wconf 88' lang='lat' dir='ltr'><strong>e.</strong></span> 
     </span>
    </p>
   </div>
   <div class='ocr_carea' id='block_1_30' title="bbox 2518 1614 2819 1650">
    <p class='ocr_par' dir='ltr' id='par_1_30' title="bbox 2518 1614 2819 1650">
     <span class='ocr_line' id='line_1_31' title="bbox 2518 1614 2819 1650; baseline -0.007 0"><span class='ocrx_word' id='word_1_215' title='bbox 2518 1614 2591 1650; x_wconf 75' lang='grc' dir='ltr'><strong>εει</strong></span> <span class='ocrx_word' id='word_1_216' title='bbox 2627 1614 2782 1650; x_wconf 58' lang='grc' dir='ltr'>εοεαε</span> <span class='ocrx_word' id='word_1_217' title='bbox 2808 1614 2819 1648; x_wconf 77' lang='grc' dir='ltr'>Ξ</span> 
     </span>
    </p>
   </div>
   <div class='ocr_carea' id='block_1_31' title="bbox 266 1666 1782 1762">
    <p class='ocr_par' dir='ltr' id='par_1_31' title="bbox 266 1666 1782 1746">
     <span class='ocr_line' id='line_1_32' title="bbox 266 1666 1782 1746; baseline 0.007 -27"><span class='ocrx_word' id='word_1_218' title='bbox 266 1666 394 1720; x_wconf 88' lang='grc' dir='ltr'><strong>Τοῦ</strong></span> <span class='ocrx_word' id='word_1_219' title='bbox 422 1668 631 1723; x_wconf 81' lang='grc' dir='ltr'>αὐτοῦ.</span> <span class='ocrx_word' id='word_1_220' title='bbox 676 1671 737 1724; x_wconf 80' lang='lat'><strong>&#39;0</strong></span> <span class='ocrx_word' id='word_1_221' title='bbox 758 1675 869 1735; x_wconf 88' lang='grc' dir='ltr'>τοῖς</span> <span class='ocrx_word' id='word_1_222' title='bbox 898 1674 1108 1743; x_wconf 81' lang='grc' dir='ltr'>γηῖνοις</span> <span class='ocrx_word' id='word_1_223' title='bbox 1153 1675 1467 1746; x_wconf 81' lang='grc' dir='ltr'>ἐγκείμενος</span> <span class='ocrx_word' id='word_1_224' title='bbox 1489 1716 1503 1738; x_wconf 92' lang='grc'><strong>,</strong></span> <span class='ocrx_word' id='word_1_225' title='bbox 1557 1677 1650 1730; x_wconf 77' lang='grc' dir='ltr'>καὶ</span> <span class='ocrx_word' id='word_1_226' title='bbox 1705 1681 1782 1731; x_wconf 80' lang='grc' dir='ltr'><strong>οἰ-</strong></span> 
     </span>
    </p>
   </div>
   <div class='ocr_carea' id='block_1_32' title="bbox 1895 1666 3455 1762">
    <p class='ocr_par' dir='ltr' id='par_1_32' title="bbox 1960 1688 3455 1762">
     <span class='ocr_line' id='line_1_33' title="bbox 1960 1688 3455 1762; baseline -0.001 -17"><span class='ocrx_word' id='word_1_227' title='bbox 1960 1691 2235 1762; x_wconf 76' lang='lat' dir='ltr'><strong>Ejusdem.</strong></span> <span class='ocrx_word' id='word_1_228' title='bbox 2277 1690 2377 1757; x_wconf 86' lang='lat' dir='ltr'><strong>Qui</strong></span> <span class='ocrx_word' id='word_1_229' title='bbox 2427 1690 2658 1744; x_wconf 89' lang='lat' dir='ltr'><strong>terrenis</strong></span> <span class='ocrx_word' id='word_1_230' title='bbox 2695 1688 2853 1743; x_wconf 89' lang='lat' dir='ltr'><strong>rebus</strong></span> <span class='ocrx_word' id='word_1_231' title='bbox 2889 1688 3149 1751; x_wconf 69' lang='lat' dir='ltr'><strong>inhmret,</strong></span> <span class='ocrx_word' id='word_1_232' title='bbox 3188 1697 3242 1741; x_wconf 88' lang='lat' dir='ltr'><strong>et</strong></span> <span class='ocrx_word' id='word_1_233' title='bbox 3268 1688 3455 1744; x_wconf 85' lang='lat' dir='ltr'><strong>domos</strong></span> 
     </span>
    </p>
   </div>
   <div class='ocr_carea' id='block_1_33' title="bbox 183 1756 1780 1839">
    <p class='ocr_par' dir='ltr' id='par_1_33' title="bbox 183 1756 1780 1839">
     <span class='ocr_line' id='line_1_34' title="bbox 183 1756 1780 1839; baseline 0.009 -33"><span class='ocrx_word' id='word_1_234' title='bbox 183 1756 325 1819; x_wconf 76' lang='grc' dir='ltr'>χίας</span> <span class='ocrx_word' id='word_1_235' title='bbox 376 1759 709 1829; x_wconf 82' lang='grc' dir='ltr'>οἰκοδομῶν,</span> <span class='ocrx_word' id='word_1_236' title='bbox 741 1763 835 1815; x_wconf 76' lang='grc' dir='ltr'>καὶ</span> <span class='ocrx_word' id='word_1_237' title='bbox 865 1762 1108 1830; x_wconf 82' lang='grc' dir='ltr'>φυτεύων</span> <span class='ocrx_word' id='word_1_238' title='bbox 1141 1764 1488 1835; x_wconf 86' lang='grc' dir='ltr'>ἀμπελῶνας,</span> <span class='ocrx_word' id='word_1_239' title='bbox 1518 1770 1635 1831; x_wconf 86' lang='grc' dir='ltr'>ταῖς</span> <span class='ocrx_word' id='word_1_240' title='bbox 1681 1769 1780 1839; x_wconf 79' lang='grc' dir='ltr'>τῆς</span> 
     </span>
    </p>
   </div>
   <div class='ocr_carea' id='block_1_34' title="bbox 181 1846 1781 1926">
    <p class='ocr_par' dir='ltr' id='par_1_34' title="bbox 181 1846 1781 1926">
     <span class='ocr_line' id='line_1_35' title="bbox 181 1846 1781 1926; baseline 0.009 -27"><span class='ocrx_word' id='word_1_241' title='bbox 181 1846 562 1919; x_wconf 75' lang='grc' dir='ltr'>φιλοσαρκίας</span> <span class='ocrx_word' id='word_1_242' title='bbox 590 1851 807 1922; x_wconf 81' lang='grc' dir='ltr'>ἡδοναῖς</span> <span class='ocrx_word' id='word_1_243' title='bbox 839 1854 1147 1926; x_wconf 80' lang='grc' dir='ltr'>ἡττώμενος</span> <span class='ocrx_word' id='word_1_244' title='bbox 1168 1898 1182 1922; x_wconf 87' lang='grc'><strong>,</strong></span> <span class='ocrx_word' id='word_1_245' title='bbox 1215 1857 1367 1911; x_wconf 77' lang='grc' dir='ltr'>ἔσται</span> <span class='ocrx_word' id='word_1_246' title='bbox 1417 1876 1520 1912; x_wconf 89' lang='grc' dir='ltr'><strong>που</strong></span> <span class='ocrx_word' id='word_1_247' title='bbox 1568 1860 1781 1924; x_wconf 81' lang='grc' dir='ltr'>πάντως</span> 
     </span>
    </p>
   </div>
   <div class='ocr_carea' id='block_1_35' title="bbox 180 1937 1001 2009">
    <p class='ocr_par' dir='ltr' id='par_1_35' title="bbox 180 1937 1001 2009">
     <span class='ocr_line' id='line_1_36' title="bbox 180 1937 1001 2009; baseline 0.011 -19"><span class='ocrx_word' id='word_1_248' title='bbox 180 1937 373 2002; x_wconf 83' lang='grc' dir='ltr'>δειλός</span> <span class='ocrx_word' id='word_1_249' title='bbox 396 1940 507 2007; x_wconf 78' lang='lat'><strong>(5‘2)</strong></span> <span class='ocrx_word' id='word_1_250' title='bbox 539 1959 599 1994; x_wconf 92' lang='grc' dir='ltr'><strong>τε</strong></span> <span class='ocrx_word' id='word_1_251' title='bbox 632 1944 727 1996; x_wconf 72' lang='grc' dir='ltr'>καὶ</span> <span class='ocrx_word' id='word_1_252' title='bbox 760 1945 1001 2009; x_wconf 81' lang='grc' dir='ltr'>ἄναλκις.</span> 
     </span>
    </p>
   </div>
   <div class='ocr_carea' id='block_1_36' title="bbox 184 2027 1781 2113">
    <p class='ocr_par' dir='ltr' id='par_1_36' title="bbox 184 2027 1781 2113">
     <span class='ocr_line' id='line_1_37' title="bbox 184 2027 1781 2113; baseline 0.009 -34"><span class='ocrx_word' id='word_1_253' title='bbox 184 2027 350 2099; x_wconf 84' lang='grc' dir='ltr'>Στίχ.</span> <span class='ocrx_word' id='word_1_254' title='bbox 385 2036 436 2083; x_wconf 83' lang='grc' dir='ltr'><strong>ι’.</strong></span> <span class='ocrx_word' id='word_1_255' title='bbox 488 2032 621 2086; x_wconf 79' lang='grc' dir='ltr'><strong>Ἐὰν</strong></span> <span class='ocrx_word' id='word_1_256' title='bbox 643 2031 712 2084; x_wconf 84' lang='grc' dir='ltr'>δὲ</span> <span class='ocrx_word' id='word_1_257' title='bbox 748 2034 1088 2113; x_wconf 65' lang='grc' dir='ltr'>προσέλθῃς</span> <span class='ocrx_word' id='word_1_258' title='bbox 1119 2036 1266 2113; x_wconf 60' lang='grc' dir='ltr'>πρὸς</span> <span class='ocrx_word' id='word_1_259' title='bbox 1314 2039 1495 2091; x_wconf 75' lang='grc' dir='ltr'>πόλιν</span> <span class='ocrx_word' id='word_1_260' title='bbox 1535 2039 1781 2093; x_wconf 77' lang='grc' dir='ltr'>ἐκπολε-</span> 
     </span>
    </p>
   </div>
   <div class='ocr_carea' id='block_1_37' title="bbox 775 2106 1206 2173">
    <p class='ocr_par' dir='ltr' id='par_1_37' title="bbox 775 2106 1206 2173">
     <span class='ocr_line' id='line_1_38' title="bbox 775 2106 1206 2173; baseline 0 -14"><span class='ocrx_word' id='word_1_261' title='bbox 775 2106 972 2173; x_wconf 83' lang='grc' dir='ltr'>μῆσαι</span> <span class='ocrx_word' id='word_1_262' title='bbox 995 2106 1206 2172; x_wconf 80' lang='grc' dir='ltr'>αὐτήν.</span> 
     </span>
    </p>
   </div>
   <div class='ocr_carea' id='block_1_38' title="bbox 270 2189 1783 2267">
    <p class='ocr_par' dir='ltr' id='par_1_38' title="bbox 270 2189 1783 2267">
     <span class='ocr_line' id='line_1_39' title="bbox 270 2189 1783 2267; baseline 0.008 -24"><span class='ocrx_word' id='word_1_263' title='bbox 270 2189 507 2261; x_wconf 84' lang='grc' dir='ltr'>Ὅμοιον</span> <span class='ocrx_word' id='word_1_264' title='bbox 536 2192 632 2247; x_wconf 89' lang='grc' dir='ltr'><strong>τοῦ</strong></span> <span class='ocrx_word' id='word_1_265' title='bbox 651 2209 667 2226; x_wconf 87' lang='grc'><strong>·</strong></span> <span class='ocrx_word' id='word_1_266' title='bbox 699 2197 805 2261; x_wconf 85' lang='grc' dir='ltr'>Είς</span> <span class='ocrx_word' id='word_1_267' title='bbox 832 2195 913 2264; x_wconf 75' lang='grc' dir='ltr'>ἣν</span> <span class='ocrx_word' id='word_1_268' title='bbox 929 2196 999 2250; x_wconf 78' lang='grc' dir='ltr'>δὲ</span> <span class='ocrx_word' id='word_1_269' title='bbox 1017 2199 1201 2252; x_wconf 79' lang='grc' dir='ltr'>πόλιν</span> <span class='ocrx_word' id='word_1_270' title='bbox 1224 2198 1556 2267; x_wconf 77' lang='grc' dir='ltr'>εἰσέλθητε,</span> <span class='ocrx_word' id='word_1_271' title='bbox 1587 2200 1783 2266; x_wconf 80' lang='grc' dir='ltr'>ἐξετά-</span> 
     </span>
    </p>
   </div>
   <div class='ocr_carea' id='block_1_39' title="bbox 186 2279 1779 2362">
    <p class='ocr_par' dir='ltr' id='par_1_39' title="bbox 186 2279 1779 2362">
     <span class='ocr_line' id='line_1_40' title="bbox 186 2279 1779 2362; baseline 0.004 -21"><span class='ocrx_word' id='word_1_272' title='bbox 186 2279 322 2341; x_wconf 74' lang='grc' dir='ltr'>ζετε</span> <span class='ocrx_word' id='word_1_273' title='bbox 350 2283 487 2354; x_wconf 73' lang='lat'><strong>(53),</strong></span> <span class='ocrx_word' id='word_1_274' title='bbox 528 2288 620 2354; x_wconf 85' lang='grc' dir='ltr'><strong>τίς</strong></span> <span class='ocrx_word' id='word_1_275' title='bbox 646 2287 716 2353; x_wconf 78' lang='grc' dir='ltr'><strong>ἐξ</strong></span> <span class='ocrx_word' id='word_1_276' title='bbox 755 2287 955 2343; x_wconf 84' lang='grc' dir='ltr'>αὐτῶν</span> <span class='ocrx_word' id='word_1_277' title='bbox 994 2288 1163 2355; x_wconf 81' lang='grc' dir='ltr'>ἄξιός</span> <span class='ocrx_word' id='word_1_278' title='bbox 1195 2290 1385 2346; x_wconf 78' lang='grc' dir='ltr'>ἐστιν.</span> <span class='ocrx_word' id='word_1_279' title='bbox 1431 2290 1504 2345; x_wconf 84' lang='grc' dir='ltr'>Τὸ</span> <span class='ocrx_word' id='word_1_280' title='bbox 1554 2293 1630 2358; x_wconf 83' lang='grc' dir='ltr'>δὲ,</span> <span class='ocrx_word' id='word_1_281' title='bbox 1653 2295 1779 2362; x_wconf 81' lang='grc' dir='ltr'>μετ’</span> 
     </span>
    </p>
   </div>
   <div class='ocr_carea' id='block_1_40' title="bbox 190 2373 1783 2451">
    <p class='ocr_par' dir='ltr' id='par_1_40' title="bbox 190 2373 1783 2451">
     <span class='ocr_line' id='line_1_41' title="bbox 190 2373 1783 2451; baseline 0.008 -26"><span class='ocrx_word' id='word_1_282' title='bbox 190 2373 475 2442; x_wconf 78' lang='grc' dir='ltr'>ειρήνης,</span> <span class='ocrx_word' id='word_1_283' title='bbox 511 2376 694 2448; x_wconf 80' lang='grc' dir='ltr'>ὅμοιον</span> <span class='ocrx_word' id='word_1_284' title='bbox 718 2376 797 2449; x_wconf 84' lang='grc' dir='ltr'>τῷ</span> <span class='ocrx_word' id='word_1_285' title='bbox 828 2379 1170 2451; x_wconf 83' lang='grc' dir='ltr'>ἅποστολικῷ</span> <span class='ocrx_word' id='word_1_286' title='bbox 1192 2398 1206 2412; x_wconf 89' lang='grc'><strong>·</strong></span> <span class='ocrx_word' id='word_1_287' title='bbox 1244 2381 1326 2435; x_wconf 84' lang='grc' dir='ltr'>ὅτι</span> <span class='ocrx_word' id='word_1_288' title='bbox 1380 2382 1613 2437; x_wconf 74' lang='grc' dir='ltr'>Δοῦλον</span> <span class='ocrx_word' id='word_1_289' title='bbox 1670 2387 1783 2439; x_wconf 84' lang='grc' dir='ltr'><strong>Κυ-</strong></span> 
     </span>
    </p>
   </div>
   <div class='ocr_carea' id='block_1_41' title="bbox 179 2464 898 2538">
    <p class='ocr_par' dir='ltr' id='par_1_41' title="bbox 179 2464 898 2538">
     <span class='ocr_line' id='line_1_42' title="bbox 179 2464 898 2538; baseline 0.007 -20"><span class='ocrx_word' id='word_1_290' title='bbox 179 2464 329 2533; x_wconf 78' lang='grc' dir='ltr'>ρίου</span> <span class='ocrx_word' id='word_1_291' title='bbox 357 2468 432 2519; x_wconf 88' lang='grc' dir='ltr'>οὐ</span> <span class='ocrx_word' id='word_1_292' title='bbox 461 2466 557 2520; x_wconf 79' lang='grc' dir='ltr'><strong>δεῖ</strong></span> <span class='ocrx_word' id='word_1_293' title='bbox 578 2466 898 2538; x_wconf 74' lang='grc' dir='ltr'>μάχεσθαι.</span> 
     </span>
    </p>
   </div>
   <div class='ocr_carea' id='block_1_42' title="bbox 187 2555 1785 2633">
    <p class='ocr_par' dir='ltr' id='par_1_42' title="bbox 187 2555 1785 2633">
     <span class='ocr_line' id='line_1_43' title="bbox 187 2555 1785 2633; baseline 0.006 -24"><span class='ocrx_word' id='word_1_294' title='bbox 187 2555 351 2627; x_wconf 86' lang='grc' dir='ltr'>Στίχ.</span> <span class='ocrx_word' id='word_1_295' title='bbox 382 2565 473 2627; x_wconf 87' lang='grc' dir='ltr'>ιγ’.</span> <span class='ocrx_word' id='word_1_296' title='bbox 508 2560 621 2613; x_wconf 76' lang='grc' dir='ltr'><strong>Καὶ</strong></span> <span class='ocrx_word' id='word_1_297' title='bbox 661 2560 947 2633; x_wconf 69' lang='grc' dir='ltr'>πατάξας</span> <span class='ocrx_word' id='word_1_298' title='bbox 974 2560 1099 2616; x_wconf 71' lang='grc' dir='ltr'>πᾶν</span> <span class='ocrx_word' id='word_1_299' title='bbox 1136 2562 1462 2630; x_wconf 80' lang='grc' dir='ltr'>ἀρσενικὸν</span> <span class='ocrx_word' id='word_1_300' title='bbox 1490 2562 1679 2633; x_wconf 84' lang='grc' dir='ltr'>αὐτῆς</span> <span class='ocrx_word' id='word_1_301' title='bbox 1712 2564 1785 2618; x_wconf 78' lang='grc' dir='ltr'>ἐν</span> 
     </span>
    </p>
   </div>
   <div class='ocr_carea' id='block_1_43' title="bbox 730 2632 1233 2702">
    <p class='ocr_par' dir='ltr' id='par_1_43' title="bbox 730 2632 1233 2702">
     <span class='ocr_line' id='line_1_44' title="bbox 730 2632 1233 2702; baseline 0.006 -3"><span class='ocrx_word' id='word_1_302' title='bbox 730 2632 893 2699; x_wconf 72' lang='grc' dir='ltr'>φόνῳ</span> <span class='ocrx_word' id='word_1_303' title='bbox 914 2633 1233 2702; x_wconf 61' lang='grc' dir='ltr'>μαχαίρας.</span> 
     </span>
    </p>
   </div>
   <div class='ocr_carea' id='block_1_44' title="bbox 274 2719 1785 2798">
    <p class='ocr_par' dir='ltr' id='par_1_44' title="bbox 274 2719 1785 2798">
     <span class='ocr_line' id='line_1_45' title="bbox 274 2719 1785 2798; baseline 0.005 -25"><span class='ocrx_word' id='word_1_304' title='bbox 274 2719 395 2774; x_wconf 85' lang='grc' dir='ltr'><strong>Τοῦ</strong></span> <span class='ocrx_word' id='word_1_305' title='bbox 427 2720 634 2775; x_wconf 83' lang='grc' dir='ltr'>αὐτοῦ.</span> <span class='ocrx_word' id='word_1_306' title='bbox 670 2722 930 2793; x_wconf 82' lang='grc' dir='ltr'>Μάχαιρα</span> <span class='ocrx_word' id='word_1_307' title='bbox 958 2722 1014 2776; x_wconf 88' lang='grc' dir='ltr'><strong>δέ</strong></span> <span class='ocrx_word' id='word_1_308' title='bbox 1042 2724 1137 2778; x_wconf 86' lang='grc' dir='ltr'><strong>τοῦ</strong></span> <span class='ocrx_word' id='word_1_309' title='bbox 1162 2726 1473 2798; x_wconf 67' lang='grc' dir='ltr'>πνεύματος</span> <span class='ocrx_word' id='word_1_310' title='bbox 1508 2727 1592 2798; x_wconf 84' lang='grc' dir='ltr'><strong>εῖη</strong></span> <span class='ocrx_word' id='word_1_311' title='bbox 1646 2726 1711 2780; x_wconf 82' lang='grc' dir='ltr'>ἂν</span> <span class='ocrx_word' id='word_1_312' title='bbox 1754 2726 1785 2779; x_wconf 82' lang='grc' dir='ltr'>ὁ</span> 
     </span>
    </p>
   </div>
   <div class='ocr_carea' id='block_1_45' title="bbox 187 2809 1784 2889">
    <p class='ocr_par' dir='ltr' id='par_1_45' title="bbox 187 2809 1784 2889">
     <span class='ocr_line' id='line_1_46' title="bbox 187 2809 1784 2889; baseline 0.004 -25"><span class='ocrx_word' id='word_1_313' title='bbox 187 2809 363 2879; x_wconf 84' lang='grc' dir='ltr'>λόγος</span> <span class='ocrx_word' id='word_1_314' title='bbox 387 2813 484 2865; x_wconf 86' lang='grc' dir='ltr'><strong>τοῦ</strong></span> <span class='ocrx_word' id='word_1_315' title='bbox 508 2812 663 2866; x_wconf 89' lang='grc' dir='ltr'>Θεοῦ.</span> <span class='ocrx_word' id='word_1_316' title='bbox 694 2814 804 2866; x_wconf 78' lang='grc' dir='ltr'><strong>Καὶ</strong></span> <span class='ocrx_word' id='word_1_317' title='bbox 822 2815 921 2885; x_wconf 82' lang='grc' dir='ltr'>τὴν</span> <span class='ocrx_word' id='word_1_318' title='bbox 961 2815 1235 2888; x_wconf 83' lang='grc' dir='ltr'>μάχαιραν</span> <span class='ocrx_word' id='word_1_319' title='bbox 1266 2818 1323 2871; x_wconf 76' lang='grc' dir='ltr'><strong>δέ</strong></span> <span class='ocrx_word' id='word_1_320' title='bbox 1351 2818 1443 2873; x_wconf 88' lang='grc' dir='ltr'><strong>τοῦ</strong></span> <span class='ocrx_word' id='word_1_321' title='bbox 1477 2818 1784 2889; x_wconf 84' lang='grc' dir='ltr'>πνεύματος</span> 
     </span>
    </p>
   </div>
   <div class='ocr_carea' id='block_1_46' title="bbox 192 2902 1786 2983">
    <p class='ocr_par' dir='ltr' id='par_1_46' title="bbox 192 2902 1786 2983">
     <span class='ocr_line' id='line_1_47' title="bbox 192 2902 1786 2983; baseline 0.007 -28"><span class='ocrx_word' id='word_1_322' title='bbox 192 2902 339 2974; x_wconf 67' lang='grc'><strong>(54),</strong></span> <span class='ocrx_word' id='word_1_323' title='bbox 375 2904 405 2956; x_wconf 83' lang='grc' dir='ltr'><strong>ὃ</strong></span> <span class='ocrx_word' id='word_1_324' title='bbox 430 2906 545 2958; x_wconf 80' lang='grc' dir='ltr'>ἐστι</span> <span class='ocrx_word' id='word_1_325' title='bbox 572 2905 721 2978; x_wconf 75' lang='grc' dir='ltr'>ῥῆμα</span> <span class='ocrx_word' id='word_1_326' title='bbox 756 2908 914 2976; x_wconf 87' lang='grc' dir='ltr'>Θεοῦ,</span> <span class='ocrx_word' id='word_1_327' title='bbox 953 2903 1104 2978; x_wconf 84' lang='grc' dir='ltr'>ᾧτινι</span> <span class='ocrx_word' id='word_1_328' title='bbox 1133 2913 1182 2963; x_wconf 80' lang='grc' dir='ltr'>οἱ</span> <span class='ocrx_word' id='word_1_329' title='bbox 1230 2910 1508 2965; x_wconf 88' lang='grc' dir='ltr'>θεσπέσιοι</span> <span class='ocrx_word' id='word_1_330' title='bbox 1546 2911 1786 2983; x_wconf 77' lang='grc' dir='ltr'>μαθηταὶ</span> 
     </span>
    </p>
   </div>
   <div class='ocr_carea' id='block_1_47' title="bbox 189 2996 1783 3076">
    <p class='ocr_par' dir='ltr' id='par_1_47' title="bbox 189 2996 1783 3076">
     <span class='ocr_line' id='line_1_48' title="bbox 189 2996 1783 3076; baseline 0.007 -28"><span class='ocrx_word' id='word_1_331' title='bbox 189 2996 523 3051; x_wconf 79' lang='grc' dir='ltr'>ἀπέκτεινον</span> <span class='ocrx_word' id='word_1_332' title='bbox 560 2998 707 3053; x_wconf 76' lang='grc' dir='ltr'>ἅπαν</span> <span class='ocrx_word' id='word_1_333' title='bbox 751 3002 1035 3072; x_wconf 84' lang='grc' dir='ltr'>ἀρσενικὸν</span> <span class='ocrx_word' id='word_1_334' title='bbox 1074 3003 1171 3074; x_wconf 79' lang='grc' dir='ltr'>τῆς</span> <span class='ocrx_word' id='word_1_335' title='bbox 1219 3004 1599 3076; x_wconf 80' lang='grc' dir='ltr'>ἀντικειμένης</span> <span class='ocrx_word' id='word_1_336' title='bbox 1625 3006 1783 3060; x_wconf 87' lang='grc' dir='ltr'>δυνά-</span> 
     </span>
    </p>
   </div>
   <div class='ocr_carea' id='block_1_48' title="bbox 197 3089 1783 3167">
    <p class='ocr_par' dir='ltr' id='par_1_48' title="bbox 197 3089 1783 3167">
     <span class='ocr_line' id='line_1_49' title="bbox 197 3089 1783 3167; baseline 0.008 -28"><span class='ocrx_word' id='word_1_337' title='bbox 197 3105 373 3157; x_wconf 83' lang='grc' dir='ltr'>μεως,</span> <span class='ocrx_word' id='word_1_338' title='bbox 404 3089 482 3153; x_wconf 88' lang='grc' dir='ltr'><strong>ὡς</strong></span> <span class='ocrx_word' id='word_1_339' title='bbox 506 3089 725 3161; x_wconf 86' lang='grc' dir='ltr'>Σίμωνα</span> <span class='ocrx_word' id='word_1_340' title='bbox 757 3094 850 3146; x_wconf 77' lang='grc' dir='ltr'><strong>καὶ</strong></span> <span class='ocrx_word' id='word_1_341' title='bbox 888 3094 1122 3165; x_wconf 86' lang='grc' dir='ltr'>Ἐλύμαν</span> <span class='ocrx_word' id='word_1_342' title='bbox 1159 3096 1282 3159; x_wconf 80' lang='grc' dir='ltr'>τοὺς</span> <span class='ocrx_word' id='word_1_343' title='bbox 1318 3097 1546 3167; x_wconf 85' lang='grc' dir='ltr'>μάγους,</span> <span class='ocrx_word' id='word_1_344' title='bbox 1582 3098 1675 3150; x_wconf 77' lang='grc' dir='ltr'><strong>καὶ</strong></span> <span class='ocrx_word' id='word_1_345' title='bbox 1714 3097 1783 3151; x_wconf 86' lang='grc' dir='ltr'><strong>τά</strong></span> 
     </span>
    </p>
   </div>
   <div class='ocr_carea' id='block_1_49' title="bbox 195 3178 1785 3259">
    <p class='ocr_par' dir='ltr' id='par_1_49' title="bbox 195 3178 1785 3259">
     <span class='ocr_line' id='line_1_50' title="bbox 195 3178 1785 3259; baseline 0.008 -28"><span class='ocrx_word' id='word_1_346' title='bbox 195 3178 402 3251; x_wconf 77' lang='grc' dir='ltr'>ισχυρὰ</span> <span class='ocrx_word' id='word_1_347' title='bbox 428 3181 487 3233; x_wconf 81' lang='grc' dir='ltr'>δὲ</span> <span class='ocrx_word' id='word_1_348' title='bbox 518 3182 697 3236; x_wconf 77' lang='grc' dir='ltr'>αὐτῶν</span> <span class='ocrx_word' id='word_1_349' title='bbox 733 3185 989 3239; x_wconf 83' lang='grc' dir='ltr'>κατέλυον</span> <span class='ocrx_word' id='word_1_350' title='bbox 1032 3186 1278 3257; x_wconf 86' lang='grc' dir='ltr'>δόγματα</span> <span class='ocrx_word' id='word_1_351' title='bbox 1301 3205 1314 3217; x_wconf 91' lang='grc'><strong>·</strong></span> <span class='ocrx_word' id='word_1_352' title='bbox 1376 3188 1785 3259; x_wconf 86' lang='grc' dir='ltr'>περιεποιοῦντο</span> 
     </span>
    </p>
   </div>
   <div class='ocr_carea' id='block_1_50' title="bbox 194 3269 1786 3350">
    <p class='ocr_par' dir='ltr' id='par_1_50' title="bbox 194 3269 1786 3350">
     <span class='ocr_line' id='line_1_51' title="bbox 194 3269 1786 3350; baseline 0.008 -26"><span class='ocrx_word' id='word_1_353' title='bbox 194 3269 254 3324; x_wconf 72' lang='grc' dir='ltr'>δὲ</span> <span class='ocrx_word' id='word_1_354' title='bbox 286 3272 394 3335; x_wconf 78' lang='grc' dir='ltr'>τὰς</span> <span class='ocrx_word' id='word_1_355' title='bbox 424 3277 708 3341; x_wconf 54' lang='grc' dir='ltr'><strong>⁴γυναῖκας,</strong></span> <span class='ocrx_word' id='word_1_356' title='bbox 746 3277 838 3331; x_wconf 79' lang='grc' dir='ltr'><strong>καὶ</strong></span> <span class='ocrx_word' id='word_1_357' title='bbox 863 3278 1168 3348; x_wconf 84' lang='grc' dir='ltr'>δυναμένας</span> <span class='ocrx_word' id='word_1_358' title='bbox 1202 3281 1378 3333; x_wconf 88' lang='grc' dir='ltr'>εἰπεῖν</span> <span class='ocrx_word' id='word_1_359' title='bbox 1429 3280 1604 3350; x_wconf 79' lang='grc' dir='ltr'>ψυχάς</span> <span class='ocrx_word' id='word_1_360' title='bbox 1626 3298 1639 3311; x_wconf 88' lang='grc'><strong>·</strong></span> <span class='ocrx_word' id='word_1_361' title='bbox 1682 3281 1786 3336; x_wconf 76' lang='grc' dir='ltr'><strong>Διὰ</strong></span> 
     </span>
    </p>
   </div>
   <div class='ocr_carea' id='block_1_51' title="bbox 195 3363 1783 3442">
    <p class='ocr_par' dir='ltr' id='par_1_51' title="bbox 195 3363 1783 3442">
     <span class='ocr_line' id='line_1_52' title="bbox 195 3363 1783 3442; baseline 0.008 -26"><span class='ocrx_word' id='word_1_362' title='bbox 195 3363 312 3418; x_wconf 80' lang='grc' dir='ltr'>τὸν</span> <span class='ocrx_word' id='word_1_363' title='bbox 338 3367 532 3433; x_wconf 71' lang='grc' dir='ltr'>φόϐον</span> <span class='ocrx_word' id='word_1_364' title='bbox 557 3383 694 3432; x_wconf 87' lang='grc' dir='ltr'>σου,</span> <span class='ocrx_word' id='word_1_365' title='bbox 726 3371 921 3438; x_wconf 79' lang='grc' dir='ltr'>Κύριε,</span> <span class='ocrx_word' id='word_1_366' title='bbox 952 3371 1025 3425; x_wconf 79' lang='grc' dir='ltr'><strong>ἐν</strong></span> <span class='ocrx_word' id='word_1_367' title='bbox 1075 3373 1287 3442; x_wconf 74' lang='grc' dir='ltr'>γαστρὶ</span> <span class='ocrx_word' id='word_1_368' title='bbox 1324 3372 1626 3442; x_wconf 75' lang='grc' dir='ltr'>ἐλάϐομεν</span> <span class='ocrx_word' id='word_1_369' title='bbox 1668 3374 1783 3441; x_wconf 80' lang='grc' dir='ltr'>ἕως</span> 
     </span>
    </p>
   </div>
   <div class='ocr_carea' id='block_1_52' title="bbox 194 3453 1786 3534">
    <p class='ocr_par' dir='ltr' id='par_1_52' title="bbox 194 3453 1786 3534">
     <span class='ocr_line' id='line_1_53' title="bbox 194 3453 1786 3534; baseline 0.009 -27"><span class='ocrx_word' id='word_1_370' title='bbox 194 3454 297 3508; x_wconf 70' lang='grc' dir='ltr'>ἐπὶ</span> <span class='ocrx_word' id='word_1_371' title='bbox 332 3453 439 3523; x_wconf 85' lang='grc' dir='ltr'>τῆς</span> <span class='ocrx_word' id='word_1_372' title='bbox 466 3456 617 3526; x_wconf 80' lang='grc' dir='ltr'>γῆς·</span> <span class='ocrx_word' id='word_1_373' title='bbox 658 3461 846 3516; x_wconf 79' lang='grc' dir='ltr'>καὶτὰ</span> <span class='ocrx_word' id='word_1_374' title='bbox 888 3464 1060 3534; x_wconf 88' lang='grc' dir='ltr'>νήπια</span> <span class='ocrx_word' id='word_1_375' title='bbox 1107 3464 1165 3518; x_wconf 83' lang='grc' dir='ltr'>δὲ</span> <span class='ocrx_word' id='word_1_376' title='bbox 1208 3464 1488 3530; x_wconf 84' lang='grc' dir='ltr'>ὡσαύτως,</span> <span class='ocrx_word' id='word_1_377' title='bbox 1556 3463 1639 3530; x_wconf 74' lang='grc' dir='ltr'>οἷς</span> <span class='ocrx_word' id='word_1_378' title='bbox 1691 3469 1786 3522; x_wconf 76' lang='grc' dir='ltr'><strong>καὶ</strong></span> 
     </span>
    </p>
   </div>
   <div class='ocr_carea' id='block_1_53' title="bbox 197 3546 1786 3631">
    <p class='ocr_par' dir='ltr' id='par_1_53' title="bbox 197 3546 1786 3631">
     <span class='ocr_line' id='line_1_54' title="bbox 197 3546 1786 3631; baseline 0.01 -31"><span class='ocrx_word' id='word_1_379' title='bbox 197 3546 419 3613; x_wconf 82' lang='grc' dir='ltr'>Παῦλος</span> <span class='ocrx_word' id='word_1_380' title='bbox 451 3551 682 3620; x_wconf 59' lang='grc' dir='ltr'>γράφεις</span> <span class='ocrx_word' id='word_1_381' title='bbox 760 3556 986 3619; x_wconf 81' lang='grc' dir='ltr'>Τεκνία,</span> <span class='ocrx_word' id='word_1_382' title='bbox 1021 3557 1109 3627; x_wconf 79' lang='grc' dir='ltr'>μὴ</span> <span class='ocrx_word' id='word_1_383' title='bbox 1148 3558 1278 3625; x_wconf 85' lang='grc' dir='ltr'>ταῖς</span> <span class='ocrx_word' id='word_1_384' title='bbox 1321 3559 1536 3628; x_wconf 73' lang='grc' dir='ltr'>φρεσὶν</span> <span class='ocrx_word' id='word_1_385' title='bbox 1580 3560 1786 3631; x_wconf 57' lang='grc' dir='ltr'>νήπιοι</span> 
     </span>
    </p>
   </div>
   <div class='ocr_carea' id='block_1_54' title="bbox 196 3635 1782 3721">
    <p class='ocr_par' dir='ltr' id='par_1_54' title="bbox 196 3635 1782 3721">
     <span class='ocr_line' id='line_1_55' title="bbox 196 3635 1782 3721; baseline 0.009 -29"><span class='ocrx_word' id='word_1_386' title='bbox 196 3635 467 3707; x_wconf 69' lang='grc' dir='ltr'>τίνεὸνθε,</span> <span class='ocrx_word' id='word_1_387' title='bbox 498 3642 659 3697; x_wconf 72' lang='grc' dir='ltr'><em>ἀλλὰ</em></span> <span class='ocrx_word' id='word_1_388' title='bbox 685 3644 761 3713; x_wconf 79' lang='grc' dir='ltr'>τῇ</span> <span class='ocrx_word' id='word_1_389' title='bbox 790 3647 971 3715; x_wconf 81' lang='grc' dir='ltr'>κακίᾳ</span> <span class='ocrx_word' id='word_1_390' title='bbox 994 3647 1322 3717; x_wconf 60' lang='lat' dir='ltr'><strong>manifsta.</strong></span> <span class='ocrx_word' id='word_1_391' title='bbox 1362 3652 1471 3705; x_wconf 82' lang='lat' dir='ltr'><strong>Kal.</strong></span> <span class='ocrx_word' id='word_1_392' title='bbox 1493 3652 1683 3721; x_wconf 82' lang='grc' dir='ltr'>κτήνη</span> <span class='ocrx_word' id='word_1_393' title='bbox 1704 3654 1782 3719; x_wconf 86' lang='grc' dir='ltr'>δὲ,</span> 
     </span>
    </p>
   </div>
   <div class='ocr_carea' id='block_1_55' title="bbox 201 3732 1785 3815">
    <p class='ocr_par' dir='ltr' id='par_1_55' title="bbox 201 3732 1785 3815">
     <span class='ocr_line' id='line_1_56' title="bbox 201 3732 1785 3815; baseline 0.009 -31"><span class='ocrx_word' id='word_1_394' title='bbox 201 3732 369 3803; x_wconf 75' lang='grc' dir='ltr'>φησὶ,</span> <span class='ocrx_word' id='word_1_395' title='bbox 396 3736 843 3803; x_wconf 72' lang='grc' dir='ltr'>περιποιήσατε.</span> <span class='ocrx_word' id='word_1_396' title='bbox 869 3740 1104 3806; x_wconf 77' lang='grc' dir='ltr'>Δίκαιος</span> <span class='ocrx_word' id='word_1_397' title='bbox 1142 3741 1251 3813; x_wconf 83' lang='grc' dir='ltr'>γὰρ</span> <span class='ocrx_word' id='word_1_398' title='bbox 1274 3743 1543 3811; x_wconf 80' lang='grc' dir='ltr'>οἱκτείρει</span> <span class='ocrx_word' id='word_1_399' title='bbox 1582 3747 1785 3815; x_wconf 64' lang='grc' dir='ltr'>ψυχὰς</span> 
     </span>
    </p>
   </div>
   <div class='ocr_carea' id='block_1_56' title="bbox 198 3824 1785 3907">
    <p class='ocr_par' dir='ltr' id='par_1_56' title="bbox 198 3824 1785 3907">
     <span class='ocr_line' id='line_1_57' title="bbox 198 3824 1785 3907; baseline 0.008 -30"><span class='ocrx_word' id='word_1_400' title='bbox 198 3824 448 3891; x_wconf 70' lang='grc' dir='ltr'>κτηνῶν</span> <span class='ocrx_word' id='word_1_401' title='bbox 465 3828 680 3881; x_wconf 83' lang='grc' dir='ltr'>αὑτοῦ·</span> <span class='ocrx_word' id='word_1_402' title='bbox 710 3832 837 3894; x_wconf 75' lang='grc' dir='ltr'>τοὺς</span> <span class='ocrx_word' id='word_1_403' title='bbox 878 3831 1246 3904; x_wconf 86' lang='grc' dir='ltr'>ἀλογωτέρους</span> <span class='ocrx_word' id='word_1_404' title='bbox 1307 3834 1394 3889; x_wconf 82' lang='grc' dir='ltr'>διὰ</span> <span class='ocrx_word' id='word_1_405' title='bbox 1424 3835 1531 3888; x_wconf 90' lang='grc' dir='ltr'><strong>τῶν</strong></span> <span class='ocrx_word' id='word_1_406' title='bbox 1574 3836 1785 3907; x_wconf 83' lang='grc' dir='ltr'>κτηνῶν</span> 
     </span>
    </p>
   </div>
   <div class='ocr_carea' id='block_1_57' title="bbox 200 3918 1785 4002">
    <p class='ocr_par' dir='ltr' id='par_1_57' title="bbox 200 3918 1785 4002">
     <span class='ocr_line' id='line_1_58' title="bbox 200 3918 1785 4002; baseline 0.008 -32"><span class='ocrx_word' id='word_1_407' title='bbox 200 3918 596 3989; x_wconf 74' lang='grc' dir='ltr'>αἰνιττόμενος.</span> <span class='ocrx_word' id='word_1_408' title='bbox 632 3924 841 3993; x_wconf 84' lang='grc' dir='ltr'>Κτῆνος</span> <span class='ocrx_word' id='word_1_409' title='bbox 864 3921 930 3997; x_wconf 81' lang='grc' dir='ltr'>ἦν</span> <span class='ocrx_word' id='word_1_410' title='bbox 960 3927 1055 3980; x_wconf 79' lang='grc' dir='ltr'><strong>καὶ</strong></span> <span class='ocrx_word' id='word_1_411' title='bbox 1094 3929 1123 3979; x_wconf 89' lang='grc' dir='ltr'>ὁ</span> <span class='ocrx_word' id='word_1_412' title='bbox 1166 3929 1483 4000; x_wconf 85' lang='grc' dir='ltr'>Κορνήλιος,</span> <span class='ocrx_word' id='word_1_413' title='bbox 1516 3929 1657 3984; x_wconf 85' lang='grc' dir='ltr'><strong>κατά</strong></span> <span class='ocrx_word' id='word_1_414' title='bbox 1687 3930 1785 4002; x_wconf 84' lang='grc' dir='ltr'><strong>τὴν</strong></span> 
     </span>
    </p>
   </div>
   <div class='ocr_carea' id='block_1_58' title="bbox 199 4005 1785 4091">
    <p class='ocr_par' dir='ltr' id='par_1_58' title="bbox 199 4005 1785 4091">
     <span class='ocr_line' id='line_1_59' title="bbox 199 4005 1785 4091; baseline 0.01 -32"><span class='ocrx_word' id='word_1_415' title='bbox 199 4005 475 4064; x_wconf 74' lang='grc' dir='ltr'>ὀπτασίαν</span> <span class='ocrx_word' id='word_1_416' title='bbox 530 4012 630 4083; x_wconf 83' lang='grc' dir='ltr'><strong>τὴν</strong></span> <span class='ocrx_word' id='word_1_417' title='bbox 677 4015 808 4086; x_wconf 78' lang='grc' dir='ltr'>περὶ</span> <span class='ocrx_word' id='word_1_418' title='bbox 851 4016 961 4070; x_wconf 90' lang='grc' dir='ltr'><strong>τῶν</strong></span> <span class='ocrx_word' id='word_1_419' title='bbox 1006 4019 1350 4088; x_wconf 74' lang='grc' dir='ltr'>τετραπόδων</span> <span class='ocrx_word' id='word_1_420' title='bbox 1411 4024 1668 4089; x_wconf 88' lang='grc' dir='ltr'>φανεῖσαν</span> <span class='ocrx_word' id='word_1_421' title='bbox 1709 4020 1785 4091; x_wconf 81' lang='grc' dir='ltr'><strong>τῷ</strong></span> 
     </span>
    </p>
   </div>
   <div class='ocr_carea' id='block_1_59' title="bbox 205 4097 427 4172">
    <p class='ocr_par' dir='ltr' id='par_1_59' title="bbox 205 4097 427 4172">
     <span class='ocr_line' id='line_1_60' title="bbox 205 4097 427 4172; baseline 0.014 -21"><span class='ocrx_word' id='word_1_422' title='bbox 205 4097 427 4172; x_wconf 85' lang='grc' dir='ltr'>Πέτρῳ.</span> 
     </span>
    </p>
   </div>
   <div class='ocr_carea' id='block_1_60' title="bbox 831 4199 1157 4253">
    <p class='ocr_par' dir='ltr' id='par_1_60' title="bbox 831 4199 1157 4253">
     <span class='ocr_line' id='line_1_61' title="bbox 831 4199 1157 4253; baseline 0.006 -2"><span class='ocrx_word' id='word_1_423' title='bbox 831 4199 987 4253; x_wconf 82' lang='grc' dir='ltr'><strong>ΚΕΦ.</strong></span> <span class='ocrx_word' id='word_1_424' title='bbox 1029 4201 1157 4253; x_wconf 83' lang='grc' dir='ltr'><strong>ΚΒ’.</strong></span> 
     </span>
    </p>
   </div>
   <div class='ocr_carea' id='block_1_61' title="bbox 273 4280 1704 4415">
    <p class='ocr_par' dir='ltr' id='par_1_61' title="bbox 273 4280 1704 4415">
     <span class='ocr_line' id='line_1_62' title="bbox 273 4280 1704 4415; baseline 0.012 -79"><span class='ocrx_word' id='word_1_425' title='bbox 273 4280 393 4353; x_wconf 80' lang='lat'><strong>(55)</strong></span> <span class='ocrx_word' id='word_1_426' title='bbox 426 4284 572 4355; x_wconf 85' lang='grc' dir='ltr'>Στίχ.</span> <span class='ocrx_word' id='word_1_427' title='bbox 607 4293 682 4351; x_wconf 84' lang='grc' dir='ltr'>ς’.</span> <span class='ocrx_word' id='word_1_428' title='bbox 718 4290 800 4343; x_wconf 88' lang='grc' dir='ltr'><strong>Οὐ</strong></span> <span class='ocrx_word' id='word_1_429' title='bbox 820 4289 1135 4415; x_wconf 46' lang='grc' dir='ltr'><strong>λγὲεὲγνέᾐν</strong></span> <span class='ocrx_word' id='word_1_430' title='bbox 1162 4295 1387 4364; x_wconf 80' lang='grc' dir='ltr'>μητέρα</span> <span class='ocrx_word' id='word_1_431' title='bbox 1405 4297 1554 4366; x_wconf 80' lang='grc' dir='ltr'>μετὰ</span> <span class='ocrx_word' id='word_1_432' title='bbox 1582 4298 1704 4353; x_wconf 83' lang='grc' dir='ltr'><strong>τῶν</strong></span> 
     </span>
    </p>
   </div>
   <div class='ocr_carea' id='block_1_62' title="bbox 288 4445 1781 4531">
    <p class='ocr_par' dir='ltr' id='par_1_62' title="bbox 288 4445 1781 4531">
     <span class='ocr_line' id='line_1_63' title="bbox 288 4445 1781 4531; baseline 0.009 -31"><span class='ocrx_word' id='word_1_433' title='bbox 288 4445 510 4519; x_wconf 82' lang='grc' dir='ltr'>Ἐπειδὴ</span> <span class='ocrx_word' id='word_1_434' title='bbox 551 4447 627 4520; x_wconf 83' lang='grc' dir='ltr'>μὴ</span> <span class='ocrx_word' id='word_1_435' title='bbox 668 4449 888 4504; x_wconf 87' lang='grc' dir='ltr'>δύναται</span> <span class='ocrx_word' id='word_1_436' title='bbox 930 4454 1095 4507; x_wconf 85' lang='grc' dir='ltr'>ἐαυτά</span> <span class='ocrx_word' id='word_1_437' title='bbox 1146 4455 1388 4527; x_wconf 88' lang='grc' dir='ltr'>τρέφειν,</span> <span class='ocrx_word' id='word_1_438' title='bbox 1414 4457 1515 4530; x_wconf 78' lang='grc' dir='ltr'>τῆς</span> <span class='ocrx_word' id='word_1_439' title='bbox 1575 4460 1781 4531; x_wconf 84' lang='grc' dir='ltr'>μητρὸς</span> 
     </span>
    </p>
   </div>
   <div class='ocr_carea' id='block_1_63' title="bbox 201 4538 529 4611">
    <p class='ocr_par' dir='ltr' id='par_1_63' title="bbox 201 4538 529 4611">
     <span class='ocr_line' id='line_1_64' title="bbox 201 4538 529 4611; baseline 0 -16"><span class='ocrx_word' id='word_1_440' title='bbox 201 4538 529 4611; x_wconf 79' lang='grc' dir='ltr'>ληφθείσης.</span> 
     </span>
    </p>
   </div>
   <div class='ocr_carea' id='block_1_64' title="bbox 835 4636 1159 4690">
    <p class='ocr_par' dir='ltr' id='par_1_64' title="bbox 835 4636 1159 4690">
     <span class='ocr_line' id='line_1_65' title="bbox 835 4636 1159 4690; baseline 0.006 -2"><span class='ocrx_word' id='word_1_441' title='bbox 835 4636 990 4689; x_wconf 79' lang='grc' dir='ltr'><strong>ΚΕΦ.</strong></span> <span class='ocrx_word' id='word_1_442' title='bbox 1031 4637 1159 4690; x_wconf 75' lang='grc' dir='ltr'><strong>ΚΡ.</strong></span> 
     </span>
    </p>
   </div>
   <div class='ocr_carea' id='block_1_65' title="bbox 311 4720 1667 4798">
    <p class='ocr_par' dir='ltr' id='par_1_65' title="bbox 311 4720 1667 4798">
     <span class='ocr_line' id='line_1_66' title="bbox 311 4720 1667 4798; baseline 0.007 -23"><span class='ocrx_word' id='word_1_443' title='bbox 311 4720 425 4793; x_wconf 84' lang='grc'><strong>(56)</strong></span> <span class='ocrx_word' id='word_1_444' title='bbox 455 4723 603 4795; x_wconf 83' lang='grc' dir='ltr'>Στίχ.</span> <span class='ocrx_word' id='word_1_445' title='bbox 639 4731 707 4793; x_wconf 81' lang='grc' dir='ltr'>γ’.</span> <span class='ocrx_word' id='word_1_446' title='bbox 739 4727 860 4780; x_wconf 81' lang='grc' dir='ltr'><strong>Οὐκ</strong></span> <span class='ocrx_word' id='word_1_447' title='bbox 892 4724 1302 4782; x_wconf 74' lang='grc' dir='ltr'>εἰσελεύσεται</span> <span class='ocrx_word' id='word_1_448' title='bbox 1339 4729 1667 4798; x_wconf 80' lang='grc' dir='ltr'>Ἀμανίτης.</span> 
     </span>
    </p>
   </div>
   <div class='ocr_carea' id='block_1_66' title="bbox 272 4811 1782 4893">
    <p class='ocr_par' dir='ltr' id='par_1_66' title="bbox 272 4811 1782 4893">
     <span class='ocr_line' id='line_1_67' title="bbox 272 4811 1782 4893; baseline 0.009 -28"><span class='ocrx_word' id='word_1_449' title='bbox 272 4811 345 4865; x_wconf 85' lang='grc' dir='ltr'><strong>Τί</strong></span> <span class='ocrx_word' id='word_1_450' title='bbox 408 4813 607 4885; x_wconf 78' lang='grc' dir='ltr'>δήποτε</span> <span class='ocrx_word' id='word_1_451' title='bbox 675 4816 772 4887; x_wconf 79' lang='grc' dir='ltr'><strong>τὴν</strong></span> <span class='ocrx_word' id='word_1_452' title='bbox 816 4817 951 4888; x_wconf 82' lang='grc' dir='ltr'>πρὸς</span> <span class='ocrx_word' id='word_1_453' title='bbox 1005 4820 1297 4884; x_wconf 79' lang='grc' dir='ltr'>Μωαὸίτας</span> <span class='ocrx_word' id='word_1_454' title='bbox 1353 4822 1444 4875; x_wconf 74' lang='grc' dir='ltr'>καὶ</span> <span class='ocrx_word' id='word_1_455' title='bbox 1491 4824 1782 4893; x_wconf 83' lang='grc' dir='ltr'>Ἀμανίτας</span> 
     </span>
    </p>
   </div>
   <div class='ocr_carea' id='block_1_67' title="bbox 204 4903 1779 4985">
    <p class='ocr_par' dir='ltr' id='par_1_67' title="bbox 204 4903 1779 4985">
     <span class='ocr_line' id='line_1_68' title="bbox 204 4903 1779 4985; baseline 0.006 -25"><span class='ocrx_word' id='word_1_456' title='bbox 204 4903 491 4975; x_wconf 72' lang='grc' dir='ltr'>δπιμιξξαν</span> <span class='ocrx_word' id='word_1_457' title='bbox 520 4906 714 4960; x_wconf 87' lang='grc' dir='ltr'>κωλύει</span> <span class='ocrx_word' id='word_1_458' title='bbox 747 4909 809 4961; x_wconf 82' lang='grc' dir='ltr'><strong>ού</strong></span> <span class='ocrx_word' id='word_1_459' title='bbox 856 4910 996 4963; x_wconf 82' lang='grc' dir='ltr'>κατὰ</span> <span class='ocrx_word' id='word_1_460' title='bbox 1030 4912 1191 4982; x_wconf 82' lang='grc' dir='ltr'>ῥητόν</span> <span class='ocrx_word' id='word_1_461' title='bbox 1242 4930 1363 4966; x_wconf 90' lang='grc' dir='ltr'>τινα</span> <span class='ocrx_word' id='word_1_462' title='bbox 1415 4915 1623 4985; x_wconf 81' lang='grc' dir='ltr'>χρόνον,</span> <span class='ocrx_word' id='word_1_463' title='bbox 1664 4916 1779 4969; x_wconf 82' lang='grc' dir='ltr'>ἀλλ’</span> 
     </span>
    </p>
   </div>
   <div class='ocr_carea' id='block_1_68' title="bbox 201 4996 1778 5076">
    <p class='ocr_par' dir='ltr' id='par_1_68' title="bbox 201 4996 1778 5076">
     <span class='ocr_line' id='line_1_69' title="bbox 201 4996 1778 5076; baseline 0.006 -25"><span class='ocrx_word' id='word_1_464' title='bbox 201 4998 286 5060; x_wconf 79' lang='grc' dir='ltr'><strong>είς</strong></span> <span class='ocrx_word' id='word_1_465' title='bbox 316 4996 407 5050; x_wconf 76' lang='grc' dir='ltr'><strong>τὸν</strong></span> <span class='ocrx_word' id='word_1_466' title='bbox 434 4997 638 5064; x_wconf 78' lang='grc' dir='ltr'>αἰῶνα;</span> <span class='ocrx_word' id='word_1_467' title='bbox 670 5000 893 5071; x_wconf 88' lang='grc' dir='ltr'>Πρῶτον</span> <span class='ocrx_word' id='word_1_468' title='bbox 924 5002 1011 5054; x_wconf 85' lang='grc' dir='ltr'>διὰ</span> <span class='ocrx_word' id='word_1_469' title='bbox 1063 5004 1161 5075; x_wconf 77' lang='grc' dir='ltr'>τὴν</span> <span class='ocrx_word' id='word_1_470' title='bbox 1226 5006 1541 5076; x_wconf 84' lang='grc' dir='ltr'>παράνομον</span> <span class='ocrx_word' id='word_1_471' title='bbox 1597 5006 1778 5060; x_wconf 83' lang='grc' dir='ltr'>αὐτῶν</span> 
     </span>
    </p>
   </div>
   <div class='ocr_carea' id='block_1_69' title="bbox 204 5088 1775 5168">
    <p class='ocr_par' dir='ltr' id='par_1_69' title="bbox 204 5088 1775 5168">
     <span class='ocr_line' id='line_1_70' title="bbox 204 5088 1775 5168; baseline 0.009 -29"><span class='ocrx_word' id='word_1_472' title='bbox 204 5088 393 5158; x_wconf 58' lang='grc' dir='ltr'>ῥίζαν</span> <span class='ocrx_word' id='word_1_473' title='bbox 451 5091 516 5142; x_wconf 87' lang='grc' dir='ltr'><strong>ἐκ</strong></span> <span class='ocrx_word' id='word_1_474' title='bbox 577 5093 891 5162; x_wconf 85' lang='grc' dir='ltr'>παρανόμου</span> <span class='ocrx_word' id='word_1_475' title='bbox 948 5096 1055 5167; x_wconf 79' lang='grc' dir='ltr'>γὰρ</span> <span class='ocrx_word' id='word_1_476' title='bbox 1108 5097 1428 5168; x_wconf 81' lang='grc' dir='ltr'>γεγένηνται</span> <span class='ocrx_word' id='word_1_477' title='bbox 1460 5100 1775 5164; x_wconf 87' lang='grc' dir='ltr'>συνουσίας·</span> 
     </span>
    </p>
   </div>
   <div class='ocr_carea' id='block_1_70' title="bbox 202 5179 1781 5263">
    <p class='ocr_par' dir='ltr' id='par_1_70' title="bbox 202 5179 1781 5263">
     <span class='ocr_line' id='line_1_71' title="bbox 202 5179 1781 5263; baseline 0.008 -31"><span class='ocrx_word' id='word_1_478' title='bbox 202 5179 399 5234; x_wconf 74' lang='grc' dir='ltr'>ἔπειτα</span> <span class='ocrx_word' id='word_1_479' title='bbox 432 5180 522 5234; x_wconf 78' lang='grc' dir='ltr'>διὰ</span> <span class='ocrx_word' id='word_1_480' title='bbox 568 5183 665 5255; x_wconf 83' lang='grc' dir='ltr'><strong>τὴν</strong></span> <span class='ocrx_word' id='word_1_481' title='bbox 719 5185 992 5251; x_wconf 78' lang='grc' dir='ltr'>ἀσέϐειαν,</span> <span class='ocrx_word' id='word_1_482' title='bbox 1028 5183 1096 5258; x_wconf 85' lang='grc' dir='ltr'>ἦς</span> <span class='ocrx_word' id='word_1_483' title='bbox 1142 5189 1236 5242; x_wconf 82' lang='grc' dir='ltr'><strong>καὶ</strong></span> <span class='ocrx_word' id='word_1_484' title='bbox 1284 5190 1409 5254; x_wconf 82' lang='grc' dir='ltr'>τοὺς</span> <span class='ocrx_word' id='word_1_485' title='bbox 1445 5189 1781 5263; x_wconf 85' lang='grc' dir='ltr'>Ἰσραηλίτας</span> 
     </span>
    </p>
   </div>
   <div class='ocr_carea' id='block_1_71' title="bbox 278 5292 1358 5369">
    <p class='ocr_par' dir='ltr' id='par_1_71' title="bbox 278 5292 1358 5369">
     <span class='ocr_line' id='line_1_72' title="bbox 278 5292 1358 5369; baseline 0.014 -25"><span class='ocrx_word' id='word_1_486' title='bbox 278 5293 327 5325; x_wconf 71' lang='grc'><strong><em>’³</em></strong></span> <span class='ocrx_word' id='word_1_487' title='bbox 360 5292 548 5369; x_wconf 59' lang='grc' dir='ltr'>ῌξιιιιι.</span> <span class='ocrx_word' id='word_1_488' title='bbox 588 5313 641 5360; x_wconf 72' lang='grc' dir='ltr'><strong>ι,</strong></span> <span class='ocrx_word' id='word_1_489' title='bbox 672 5298 762 5351; x_wconf 92' lang='grc'><strong>11.</strong></span> <span class='ocrx_word' id='word_1_490' title='bbox 843 5302 891 5335; x_wconf 73' lang='grc'><strong>⁸⁸</strong></span> <span class='ocrx_word' id='word_1_491' title='bbox 931 5300 970 5354; x_wconf 94' lang='lat' dir='ltr'><strong>Il</strong></span> <span class='ocrx_word' id='word_1_492' title='bbox 1000 5302 1141 5358; x_wconf 90' lang='lat' dir='ltr'><strong>Tim.</strong></span> <span class='ocrx_word' id='word_1_493' title='bbox 1174 5319 1234 5369; x_wconf 87' lang='lat' dir='ltr'><strong>Il,</strong></span> <span class='ocrx_word' id='word_1_494' title='bbox 1268 5303 1358 5359; x_wconf 72' lang='grc'><strong>24.</strong></span> 
     </span>
    </p>
   </div>
   <div class='ocr_carea' id='block_1_72' title="bbox 235 5364 455 5427">
    <p class='ocr_par' dir='ltr' id='par_1_72' title="bbox 235 5364 455 5427">
     <span class='ocr_line' id='line_1_73' title="bbox 235 5364 455 5427; baseline -0.005 -10"><span class='ocrx_word' id='word_1_495' title='bbox 235 5377 338 5427; x_wconf 79' lang='lat' dir='ltr'><strong>xit,</strong></span> <span class='ocrx_word' id='word_1_496' title='bbox 367 5364 455 5416; x_wconf 82' lang='grc'><strong>10.</strong></span> 
     </span>
    </p>
   </div>
   <div class='ocr_carea' id='block_1_73' title="bbox 306 5479 947 5551">
    <p class='ocr_par' dir='ltr' id='par_1_73' title="bbox 306 5479 947 5551">
     <span class='ocr_line' id='line_1_74' title="bbox 306 5479 947 5551; baseline 0.009 -21"><span class='ocrx_word' id='word_1_497' title='bbox 306 5479 395 5551; x_wconf 49' lang='grc'><strong>19)</strong></span> <span class='ocrx_word' id='word_1_498' title='bbox 426 5479 591 5551; x_wconf 63' lang='lat' dir='ltr'><strong>Eone</strong></span> <span class='ocrx_word' id='word_1_499' title='bbox 614 5482 947 5551; x_wconf 86' lang='grc' dir='ltr'>προσιόντες.</span> 
     </span>
    </p>
   </div>
   <div class='ocr_carea' id='block_1_74' title="bbox 304 5549 857 5614">
    <p class='ocr_par' dir='ltr' id='par_1_74' title="bbox 304 5549 857 5614">
     <span class='ocr_line' id='line_1_75' title="bbox 304 5549 857 5614; baseline 0.007 -11"><span class='ocrx_word' id='word_1_500' title='bbox 304 5549 395 5614; x_wconf 85' lang='grc'><strong>50)</strong></span> <span class='ocrx_word' id='word_1_501' title='bbox 428 5549 592 5605; x_wconf 83' lang='lat' dir='ltr'><strong>Forte</strong></span> <span class='ocrx_word' id='word_1_502' title='bbox 618 5549 857 5614; x_wconf 83' lang='grc' dir='ltr'>τούτους.</span> 
     </span>
    </p>
   </div>
   <div class='ocr_carea' id='block_1_75' title="bbox 274 5620 1496 5701">
    <p class='ocr_par' dir='ltr' id='par_1_75' title="bbox 274 5620 1496 5701">
     <span class='ocr_line' id='line_1_76' title="bbox 274 5620 1496 5701; baseline 0.002 -24"><span class='ocrx_word' id='word_1_503' title='bbox 274 5620 390 5701; x_wconf 46' lang='grc' dir='ltr'><strong>(ξι)</strong></span> <span class='ocrx_word' id='word_1_504' title='bbox 422 5620 742 5701; x_wconf 47' lang='grc' dir='ltr'>(υἱόςιηηυι</span> <span class='ocrx_word' id='word_1_505' title='bbox 777 5632 833 5676; x_wconf 89' lang='lat' dir='ltr'><strong>et</strong></span> <span class='ocrx_word' id='word_1_506' title='bbox 855 5623 1058 5696; x_wconf 89' lang='lat' dir='ltr'><strong>reliqua</strong></span> <span class='ocrx_word' id='word_1_507' title='bbox 1092 5622 1251 5695; x_wconf 85' lang='lat' dir='ltr'><strong>hujus</strong></span> <span class='ocrx_word' id='word_1_508' title='bbox 1281 5623 1496 5697; x_wconf 84' lang='lat' dir='ltr'><strong>capitis.</strong></span> 
     </span>
    </p>
   </div>
   <div class='ocr_carea' id='block_1_76' title="bbox 278 5688 799 5762">
    <p class='ocr_par' dir='ltr' id='par_1_76' title="bbox 278 5688 799 5762">
     <span class='ocr_line' id='line_1_77' title="bbox 278 5688 799 5762; baseline 0.008 -19"><span class='ocrx_word' id='word_1_509' title='bbox 278 5688 391 5762; x_wconf 76' lang='lat'><strong>(52)</strong></span> <span class='ocrx_word' id='word_1_510' title='bbox 420 5688 520 5747; x_wconf 80' lang='lat' dir='ltr'><strong>Ms.</strong></span> <span class='ocrx_word' id='word_1_511' title='bbox 545 5688 701 5757; x_wconf 87' lang='grc' dir='ltr'>δῆλός</span> <span class='ocrx_word' id='word_1_512' title='bbox 720 5707 799 5747; x_wconf 85' lang='grc' dir='ltr'><strong>τε.</strong></span> 
     </span>
    </p>
   </div>
   <div class='ocr_carea' id='block_1_77' title="bbox 1802 4379 1856 4438">
    <p class='ocr_par' dir='ltr' id='par_1_77' title="bbox 1802 4379 1856 4438">
     <span class='ocr_line' id='line_1_78' title="bbox 1802 4379 1856 4438; baseline 0 -2"><span class='ocrx_word' id='word_1_513' title='bbox 1802 4379 1856 4438; x_wconf 85' lang='grc' dir='ltr'><strong>ι)</strong></span> 
     </span>
    </p>
   </div>
   <div class='ocr_carea' id='block_1_78' title="bbox 1455 5303 1950 5373">
    <p class='ocr_par' dir='ltr' id='par_1_78' title="bbox 1455 5303 1950 5373">
     <span class='ocr_line' id='line_1_79' title="bbox 1455 5303 1950 5373; baseline -0.004 -14"><span class='ocrx_word' id='word_1_514' title='bbox 1455 5305 1499 5336; x_wconf 79' lang='grc'>³⁵</span> <span class='ocrx_word' id='word_1_515' title='bbox 1533 5304 1632 5361; x_wconf 88' lang='lat' dir='ltr'><strong>Isa.</strong></span> <span class='ocrx_word' id='word_1_516' title='bbox 1668 5319 1819 5373; x_wconf 73' lang='lat' dir='ltr'><strong>xxvr,</strong></span> <span class='ocrx_word' id='word_1_517' title='bbox 1859 5303 1950 5361; x_wconf 89' lang='grc'><strong>18.</strong></span> 
     </span>
    </p>
   </div>
   <div class='ocr_carea' id='block_1_79' title="bbox 1882 1783 3456 1853">
    <p class='ocr_par' dir='ltr' id='par_1_79' title="bbox 1882 1783 3456 1853">
     <span class='ocr_line' id='line_1_80' title="bbox 1882 1783 3456 1853; baseline -0.003 -13"><span class='ocrx_word' id='word_1_518' title='bbox 1882 1785 2137 1849; x_wconf 59' lang='lat' dir='ltr'><strong>aedificat,</strong></span> <span class='ocrx_word' id='word_1_519' title='bbox 2164 1796 2218 1838; x_wconf 93' lang='lat' dir='ltr'><strong>et</strong></span> <span class='ocrx_word' id='word_1_520' title='bbox 2245 1784 2454 1853; x_wconf 88' lang='lat' dir='ltr'><strong>plantat</strong></span> <span class='ocrx_word' id='word_1_521' title='bbox 2485 1784 2693 1848; x_wconf 90' lang='lat' dir='ltr'><strong>vineas,</strong></span> <span class='ocrx_word' id='word_1_522' title='bbox 2730 1784 2906 1837; x_wconf 91' lang='lat' dir='ltr'><strong>victus</strong></span> <span class='ocrx_word' id='word_1_523' title='bbox 2941 1783 3303 1851; x_wconf 81' lang='lat' dir='ltr'><strong>voluptatibus</strong></span> <span class='ocrx_word' id='word_1_524' title='bbox 3334 1797 3456 1838; x_wconf 88' lang='lat' dir='ltr'><strong>car-</strong></span> 
     </span>
    </p>
   </div>
   <div class='ocr_carea' id='block_1_80' title="bbox 1882 1874 3246 1948">
    <p class='ocr_par' dir='ltr' id='par_1_80' title="bbox 1882 1874 3246 1948">
     <span class='ocr_line' id='line_1_81' title="bbox 1882 1874 3246 1948; baseline -0.003 -16"><span class='ocrx_word' id='word_1_525' title='bbox 1882 1877 2113 1941; x_wconf 88' lang='lat' dir='ltr'><strong>nalibus,</strong></span> <span class='ocrx_word' id='word_1_526' title='bbox 2142 1877 2250 1931; x_wconf 90' lang='lat' dir='ltr'><strong>erit</strong></span> <span class='ocrx_word' id='word_1_527' title='bbox 2280 1891 2503 1948; x_wconf 89' lang='lat' dir='ltr'><strong>prorsus</strong></span> <span class='ocrx_word' id='word_1_528' title='bbox 2532 1875 2887 1931; x_wconf 89' lang='lat' dir='ltr'><strong>meticulosus</strong></span> <span class='ocrx_word' id='word_1_529' title='bbox 2915 1886 2969 1931; x_wconf 93' lang='lat' dir='ltr'><strong>et</strong></span> <span class='ocrx_word' id='word_1_530' title='bbox 2995 1874 3246 1930; x_wconf 86' lang='lat' dir='ltr'><strong>imbellis.</strong></span> 
     </span>
    </p>
   </div>
   <div class='ocr_carea' id='block_1_81' title="bbox 1920 2047 3421 2108">
    <p class='ocr_par' dir='ltr' id='par_1_81' title="bbox 1920 2047 3421 2108">
     <span class='ocr_line' id='line_1_82' title="bbox 1920 2047 3421 2108; baseline -0.003 0"><span class='ocrx_word' id='word_1_531' title='bbox 1920 2053 1989 2108; x_wconf 69' lang='grc' dir='ltr'><strong>ν.</strong></span> <span class='ocrx_word' id='word_1_532' title='bbox 2015 2051 2101 2106; x_wconf 89' lang='grc'><strong>10.</strong></span> <span class='ocrx_word' id='word_1_533' title='bbox 2138 2051 2235 2108; x_wconf 88' lang='lat' dir='ltr'><strong>Sin</strong></span> <span class='ocrx_word' id='word_1_534' title='bbox 2273 2068 2392 2107; x_wconf 82' lang='lat' dir='ltr'><strong>vero</strong></span> <span class='ocrx_word' id='word_1_535' title='bbox 2418 2050 2699 2106; x_wconf 71' lang='lat' dir='ltr'><strong>accesseris</strong></span> <span class='ocrx_word' id='word_1_536' title='bbox 2724 2050 2795 2104; x_wconf 89' lang='lat' dir='ltr'><strong>ad</strong></span> <span class='ocrx_word' id='word_1_537' title='bbox 2828 2048 3189 2104; x_wconf 76' lang='lat' dir='ltr'><strong>debellandum</strong></span> <span class='ocrx_word' id='word_1_538' title='bbox 3218 2047 3421 2104; x_wconf 82' lang='lat' dir='ltr'><strong>urbem.</strong></span> 
     </span>
    </p>
   </div>
   <div class='ocr_carea' id='block_1_82' title="bbox 1954 2200 3455 2274">
    <p class='ocr_par' dir='ltr' id='par_1_82' title="bbox 1954 2200 3455 2274">
     <span class='ocr_line' id='line_1_83' title="bbox 1954 2200 3455 2274; baseline -0.007 -9"><span class='ocrx_word' id='word_1_539' title='bbox 1954 2208 2146 2265; x_wconf 83' lang='lat' dir='ltr'><strong>Simile</strong></span> <span class='ocrx_word' id='word_1_540' title='bbox 2177 2218 2260 2263; x_wconf 82' lang='lat' dir='ltr'><strong>est</strong></span> <span class='ocrx_word' id='word_1_541' title='bbox 2297 2207 2374 2262; x_wconf 87' lang='lat' dir='ltr'><strong>illi</strong></span> <span class='ocrx_word' id='word_1_542' title='bbox 2406 2224 2420 2261; x_wconf 91' lang='lat'><strong>:</strong></span> <span class='ocrx_word' id='word_1_543' title='bbox 2456 2204 2523 2259; x_wconf 83' lang='lat' dir='ltr'><strong>lu</strong></span> <span class='ocrx_word' id='word_1_544' title='bbox 2568 2218 2929 2274; x_wconf 84' lang='lat' dir='ltr'><strong>quamcunque</strong></span> <span class='ocrx_word' id='word_1_545' title='bbox 2976 2211 3150 2255; x_wconf 88' lang='lat' dir='ltr'><strong>autem</strong></span> <span class='ocrx_word' id='word_1_546' title='bbox 3190 2200 3455 2255; x_wconf 75' lang='lat' dir='ltr'><strong>civitatem</strong></span> 
     </span>
    </p>
   </div>
   <div class='ocr_carea' id='block_1_83' title="bbox 1880 2291 3460 2370">
    <p class='ocr_par' dir='ltr' id='par_1_83' title="bbox 1880 2291 3460 2370">
     <span class='ocr_line' id='line_1_84' title="bbox 1880 2291 3460 2370; baseline -0.006 -15"><span class='ocrx_word' id='word_1_547' title='bbox 1880 2303 2192 2357; x_wconf 83' lang='lat' dir='ltr'><strong>introieritis</strong></span> <span class='ocrx_word' id='word_1_548' title='bbox 2214 2340 2231 2364; x_wconf 94' lang='lat'><strong>,</strong></span> <span class='ocrx_word' id='word_1_549' title='bbox 2260 2301 2519 2370; x_wconf 76' lang='lat' dir='ltr'><strong>exquirite</strong></span> <span class='ocrx_word' id='word_1_550' title='bbox 2546 2298 2665 2368; x_wconf 87' lang='lat' dir='ltr'><strong>quis</strong></span> <span class='ocrx_word' id='word_1_551' title='bbox 2702 2312 2766 2349; x_wconf 74' lang='lat' dir='ltr'><strong>ex</strong></span> <span class='ocrx_word' id='word_1_552' title='bbox 2802 2297 2933 2364; x_wconf 64' lang='lat' dir='ltr'><strong>ipsis</strong></span> <span class='ocrx_word' id='word_1_553' title='bbox 2960 2294 3152 2363; x_wconf 82' lang='lat' dir='ltr'><strong>dignus</strong></span> <span class='ocrx_word' id='word_1_554' title='bbox 3182 2294 3248 2346; x_wconf 88' lang='lat' dir='ltr'><strong>sit</strong></span> <span class='ocrx_word' id='word_1_555' title='bbox 3276 2294 3341 2346; x_wconf 81' lang='lat'><strong>”.</strong></span> <span class='ocrx_word' id='word_1_556' title='bbox 3385 2291 3460 2345; x_wconf 85' lang='lat' dir='ltr'><strong>ll-</strong></span> 
     </span>
    </p>
   </div>
   <div class='ocr_carea' id='block_1_84' title="bbox 1884 2383 3455 2459">
    <p class='ocr_par' dir='ltr' id='par_1_84' title="bbox 1884 2383 3455 2459">
     <span class='ocr_line' id='line_1_85' title="bbox 1884 2383 3455 2459; baseline -0.007 -12"><span class='ocrx_word' id='word_1_557' title='bbox 1884 2394 1976 2449; x_wconf 87' lang='lat' dir='ltr'><strong>lud</strong></span> <span class='ocrx_word' id='word_1_558' title='bbox 1999 2409 2148 2457; x_wconf 88' lang='lat' dir='ltr'><strong>vero,</strong></span> <span class='ocrx_word' id='word_1_559' title='bbox 2176 2408 2293 2445; x_wconf 77' lang='lat' dir='ltr'><strong>cum</strong></span> <span class='ocrx_word' id='word_1_560' title='bbox 2315 2406 2471 2459; x_wconf 79' lang='lat' dir='ltr'><strong>pace,</strong></span> <span class='ocrx_word' id='word_1_561' title='bbox 2507 2390 2683 2444; x_wconf 85' lang='lat' dir='ltr'><strong>simile</strong></span> <span class='ocrx_word' id='word_1_562' title='bbox 2703 2398 2786 2442; x_wconf 87' lang='lat' dir='ltr'><strong>est</strong></span> <span class='ocrx_word' id='word_1_563' title='bbox 2808 2385 3115 2454; x_wconf 82' lang='lat' dir='ltr'><strong>apostolicae</strong></span> <span class='ocrx_word' id='word_1_564' title='bbox 3135 2383 3417 2439; x_wconf 65' lang='lat' dir='ltr'><strong>sententia</strong></span> <span class='ocrx_word' id='word_1_565' title='bbox 3436 2397 3455 2436; x_wconf 89' lang='lat'><strong><em>:</em></strong></span> 
     </span>
    </p>
   </div>
   <div class='ocr_carea' id='block_1_85' title="bbox 1886 2474 3248 2549">
    <p class='ocr_par' dir='ltr' id='par_1_85' title="bbox 1886 2474 3248 2549">
     <span class='ocr_line' id='line_1_86' title="bbox 1886 2474 3248 2549; baseline -0.009 -8"><span class='ocrx_word' id='word_1_566' title='bbox 1886 2487 2107 2541; x_wconf 81' lang='lat' dir='ltr'><strong>Servum</strong></span> <span class='ocrx_word' id='word_1_567' title='bbox 2138 2485 2343 2539; x_wconf 80' lang='lat' dir='ltr'><strong>Domini</strong></span> <span class='ocrx_word' id='word_1_568' title='bbox 2379 2498 2482 2536; x_wconf 86' lang='lat' dir='ltr'><strong>non</strong></span> <span class='ocrx_word' id='word_1_569' title='bbox 2510 2491 2711 2549; x_wconf 78' lang='lat' dir='ltr'><strong>Oportet</strong></span> <span class='ocrx_word' id='word_1_570' title='bbox 2736 2493 3020 2548; x_wconf 76' lang='lat' dir='ltr'><strong>pugnacem</strong></span> <span class='ocrx_word' id='word_1_571' title='bbox 3050 2492 3158 2529; x_wconf 87' lang='lat' dir='ltr'><strong>esse</strong></span> <span class='ocrx_word' id='word_1_572' title='bbox 3181 2474 3248 2530; x_wconf 76' lang='grc'><strong>³⁸.</strong></span> 
     </span>
    </p>
   </div>
   <div class='ocr_carea' id='block_1_86' title="bbox 1883 2542 3458 2642">
    <p class='ocr_par' dir='ltr' id='par_1_86' title="bbox 1883 2542 3458 2642">
     <span class='ocr_line' id='line_1_87' title="bbox 1883 2542 3458 2642; baseline -0.006 -12"><span class='ocrx_word' id='word_1_573' title='bbox 1883 2575 1948 2631; x_wconf 76' lang='grc' dir='ltr'><strong>ν.</strong></span> <span class='ocrx_word' id='word_1_574' title='bbox 1983 2578 2071 2633; x_wconf 75' lang='grc'><strong>15.</strong></span> <span class='ocrx_word' id='word_1_575' title='bbox 2124 2574 2192 2628; x_wconf 83' lang='lat' dir='ltr'><strong>Et</strong></span> <span class='ocrx_word' id='word_1_576' title='bbox 2217 2575 2476 2642; x_wconf 86' lang='lat' dir='ltr'><strong>percuties</strong></span> <span class='ocrx_word' id='word_1_577' title='bbox 2518 2542 2668 2623; x_wconf 76' lang='lat' dir='ltr'><strong>omne</strong></span> <span class='ocrx_word' id='word_1_578' title='bbox 2703 2542 3056 2642; x_wconf 59' lang='lat' dir='ltr'><strong>masculinum</strong></span> <span class='ocrx_word' id='word_1_579' title='bbox 3082 2567 3196 2636; x_wconf 83' lang='lat' dir='ltr'><strong>ejus</strong></span> <span class='ocrx_word' id='word_1_580' title='bbox 3227 2542 3283 2618; x_wconf 69' lang='lat' dir='ltr'><strong>in</strong></span> <span class='ocrx_word' id='word_1_581' title='bbox 3315 2565 3458 2620; x_wconf 81' lang='lat' dir='ltr'><strong>occi-</strong></span> 
     </span>
    </p>
   </div>
   <div class='ocr_carea' id='block_1_87' title="bbox 2500 2639 2868 2707">
    <p class='ocr_par' dir='ltr' id='par_1_87' title="bbox 2500 2639 2868 2707">
     <span class='ocr_line' id='line_1_88' title="bbox 2500 2639 2868 2707; baseline -0.011 -14"><span class='ocrx_word' id='word_1_582' title='bbox 2500 2657 2645 2693; x_wconf 80' lang='lat' dir='ltr'><strong>sione</strong></span> <span class='ocrx_word' id='word_1_583' title='bbox 2679 2639 2868 2707; x_wconf 78' lang='lat' dir='ltr'><strong>gladii.</strong></span> 
     </span>
    </p>
   </div>
   <div class='ocr_carea' id='block_1_88' title="bbox 1954 2722 3455 2812">
    <p class='ocr_par' dir='ltr' id='par_1_88' title="bbox 1954 2722 3455 2812">
     <span class='ocr_line' id='line_1_89' title="bbox 1954 2722 3455 2812; baseline -0.005 -25"><span class='ocrx_word' id='word_1_584' title='bbox 1954 2730 2232 2812; x_wconf 63' lang='lat' dir='ltr'><strong>Ejusdem.</strong></span> <span class='ocrx_word' id='word_1_585' title='bbox 2277 2729 2502 2784; x_wconf 86' lang='lat' dir='ltr'><strong>Gladius</strong></span> <span class='ocrx_word' id='word_1_586' title='bbox 2536 2728 2764 2795; x_wconf 80' lang='lat' dir='ltr'><strong>spiritus</strong></span> <span class='ocrx_word' id='word_1_587' title='bbox 2787 2742 2908 2781; x_wconf 86' lang='lat' dir='ltr'><strong>esse</strong></span> <span class='ocrx_word' id='word_1_588' title='bbox 2937 2725 3104 2795; x_wconf 78' lang='lat' dir='ltr'><strong>possit</strong></span> <span class='ocrx_word' id='word_1_589' title='bbox 3129 2738 3310 2779; x_wconf 87' lang='lat' dir='ltr'><strong>sermo</strong></span> <span class='ocrx_word' id='word_1_590' title='bbox 3333 2722 3455 2780; x_wconf 65' lang='lat' dir='ltr'><strong>Dei.</strong></span> 
     </span>
    </p>
   </div>
   <div class='ocr_carea' id='block_1_89' title="bbox 1882 2815 3455 2889">
    <p class='ocr_par' dir='ltr' id='par_1_89' title="bbox 1882 2815 3455 2889">
     <span class='ocr_line' id='line_1_90' title="bbox 1882 2815 3455 2889; baseline -0.006 -11"><span class='ocrx_word' id='word_1_591' title='bbox 1882 2822 2131 2879; x_wconf 86' lang='lat' dir='ltr'><strong>Gladium</strong></span> <span class='ocrx_word' id='word_1_592' title='bbox 2164 2838 2294 2876; x_wconf 91' lang='lat' dir='ltr'><strong>vero</strong></span> <span class='ocrx_word' id='word_1_593' title='bbox 2336 2821 2599 2889; x_wconf 89' lang='lat' dir='ltr'><strong>spiritus,</strong></span> <span class='ocrx_word' id='word_1_594' title='bbox 2636 2820 2687 2872; x_wconf 92' lang='lat' dir='ltr'><strong>id</strong></span> <span class='ocrx_word' id='word_1_595' title='bbox 2733 2827 2851 2880; x_wconf 90' lang='lat' dir='ltr'><strong>est,</strong></span> <span class='ocrx_word' id='word_1_596' title='bbox 2886 2815 3112 2871; x_wconf 88' lang='lat' dir='ltr'><strong>verbum</strong></span> <span class='ocrx_word' id='word_1_597' title='bbox 3154 2815 3248 2869; x_wconf 90' lang='lat' dir='ltr'><strong>Dei</strong></span> <span class='ocrx_word' id='word_1_598' title='bbox 3292 2815 3455 2870; x_wconf 84' lang='lat' dir='ltr'><strong>etiam</strong></span> 
     </span>
    </p>
   </div>
   <div class='ocr_carea' id='block_1_90' title="bbox 1882 2907 3456 2985">
    <p class='ocr_par' dir='ltr' id='par_1_90' title="bbox 1882 2907 3456 2985">
     <span class='ocr_line' id='line_1_91' title="bbox 1882 2907 3456 2985; baseline -0.005 -16"><span class='ocrx_word' id='word_1_599' title='bbox 1882 2918 2054 2970; x_wconf 78' lang='lat' dir='ltr'><strong>dicere</strong></span> <span class='ocrx_word' id='word_1_600' title='bbox 2092 2931 2366 2985; x_wconf 84' lang='lat' dir='ltr'><strong>possumus</strong></span> <span class='ocrx_word' id='word_1_601' title='bbox 2414 2928 2433 2966; x_wconf 93' lang='lat'><em>:</em></span> <span class='ocrx_word' id='word_1_602' title='bbox 2478 2926 2585 2981; x_wconf 90' lang='lat' dir='ltr'><strong>quo</strong></span> <span class='ocrx_word' id='word_1_603' title='bbox 2627 2909 2792 2965; x_wconf 86' lang='lat' dir='ltr'><strong>divini</strong></span> <span class='ocrx_word' id='word_1_604' title='bbox 2845 2908 3091 2978; x_wconf 87' lang='lat' dir='ltr'><strong>discipuli</strong></span> <span class='ocrx_word' id='word_1_605' title='bbox 3135 2907 3456 2962; x_wconf 86' lang='lat' dir='ltr'><strong>occidebant</strong></span> 
     </span>
    </p>
   </div>
   <div class='ocr_carea' id='block_1_91' title="bbox 1811 3000 3454 3096">
    <p class='ocr_par' dir='ltr' id='par_1_91' title="bbox 1811 3000 3454 3096">
     <span class='ocr_line' id='line_1_92' title="bbox 1811 3000 3454 3096; baseline -0.005 -33"><span class='ocrx_word' id='word_1_606' title='bbox 1811 3008 1863 3096; x_wconf 59' lang='grc' dir='ltr'>ο</span> <span class='ocrx_word' id='word_1_607' title='bbox 1886 3022 2046 3062; x_wconf 87' lang='lat' dir='ltr'><strong>omne</strong></span> <span class='ocrx_word' id='word_1_608' title='bbox 2070 3007 2428 3061; x_wconf 83' lang='lat' dir='ltr'><strong>masculinum</strong></span> <span class='ocrx_word' id='word_1_609' title='bbox 2454 3003 2742 3061; x_wconf 80' lang='lat' dir='ltr'><strong>contraria:</strong></span> <span class='ocrx_word' id='word_1_610' title='bbox 2769 3002 3072 3072; x_wconf 83' lang='lat' dir='ltr'><strong>potestatis,</strong></span> <span class='ocrx_word' id='word_1_611' title='bbox 3101 3013 3159 3053; x_wconf 91' lang='lat' dir='ltr'><strong>ut</strong></span> <span class='ocrx_word' id='word_1_612' title='bbox 3181 3000 3454 3055; x_wconf 84' lang='lat' dir='ltr'><strong>Simonem</strong></span> 
     </span>
    </p>
   </div>
   <div class='ocr_carea' id='block_1_92' title="bbox 1886 3095 3456 3169">
    <p class='ocr_par' dir='ltr' id='par_1_92' title="bbox 1886 3095 3456 3169">
     <span class='ocr_line' id='line_1_93' title="bbox 1886 3095 3456 3169; baseline -0.004 -15"><span class='ocrx_word' id='word_1_613' title='bbox 1886 3108 1942 3154; x_wconf 89' lang='lat' dir='ltr'><strong>et</strong></span> <span class='ocrx_word' id='word_1_614' title='bbox 1983 3099 2224 3169; x_wconf 87' lang='lat' dir='ltr'><strong>Elymam</strong></span> <span class='ocrx_word' id='word_1_615' title='bbox 2276 3114 2492 3169; x_wconf 80' lang='lat' dir='ltr'><strong>magos,</strong></span> <span class='ocrx_word' id='word_1_616' title='bbox 2540 3106 2596 3152; x_wconf 91' lang='lat' dir='ltr'><strong>et</strong></span> <span class='ocrx_word' id='word_1_617' title='bbox 2642 3096 2805 3150; x_wconf 81' lang='lat' dir='ltr'><strong>fortia</strong></span> <span class='ocrx_word' id='word_1_618' title='bbox 2852 3110 3041 3150; x_wconf 90' lang='lat' dir='ltr'><strong>eorum</strong></span> <span class='ocrx_word' id='word_1_619' title='bbox 3086 3095 3456 3150; x_wconf 88' lang='lat' dir='ltr'><strong>dissolvebant</strong></span> 
     </span>
    </p>
   </div>
   <div class='ocr_carea' id='block_1_93' title="bbox 1889 3188 3459 3259">
    <p class='ocr_par' dir='ltr' id='par_1_93' title="bbox 1889 3188 3459 3259">
     <span class='ocr_line' id='line_1_94' title="bbox 1889 3188 3459 3259; baseline -0.001 -15"><span class='ocrx_word' id='word_1_620' title='bbox 1889 3192 2139 3259; x_wconf 76' lang='lat' dir='ltr'><strong>dogmata</strong></span> <span class='ocrx_word' id='word_1_621' title='bbox 2180 3207 2194 3242; x_wconf 89' lang='lat'><strong>:</strong></span> <span class='ocrx_word' id='word_1_622' title='bbox 2228 3191 2545 3259; x_wconf 87' lang='lat' dir='ltr'><strong>superstites</strong></span> <span class='ocrx_word' id='word_1_623' title='bbox 2582 3205 2711 3245; x_wconf 88' lang='lat' dir='ltr'><strong>vero</strong></span> <span class='ocrx_word' id='word_1_624' title='bbox 2748 3189 3000 3245; x_wconf 83' lang='lat' dir='ltr'><strong>sinebant</strong></span> <span class='ocrx_word' id='word_1_625' title='bbox 3033 3188 3309 3253; x_wconf 90' lang='lat' dir='ltr'><strong>mulieres,</strong></span> <span class='ocrx_word' id='word_1_626' title='bbox 3340 3188 3459 3242; x_wconf 87' lang='lat' dir='ltr'><strong>ani-</strong></span> 
     </span>
    </p>
   </div>
   <div class='ocr_carea' id='block_1_94' title="bbox 1887 3277 3541 3349">
    <p class='ocr_par' dir='ltr' id='par_1_94' title="bbox 1887 3277 3541 3349">
     <span class='ocr_line' id='line_1_95' title="bbox 1887 3277 3541 3349; baseline -0.002 -15"><span class='ocrx_word' id='word_1_627' title='bbox 1887 3295 2003 3334; x_wconf 90' lang='lat' dir='ltr'><strong>mas</strong></span> <span class='ocrx_word' id='word_1_628' title='bbox 2046 3294 2240 3349; x_wconf 89' lang='lat' dir='ltr'><strong>nempe</strong></span> <span class='ocrx_word' id='word_1_629' title='bbox 2279 3294 2399 3349; x_wconf 65' lang='lat' dir='ltr'><strong>quae</strong></span> <span class='ocrx_word' id='word_1_630' title='bbox 2438 3279 2618 3335; x_wconf 90' lang='lat' dir='ltr'><strong>dicere</strong></span> <span class='ocrx_word' id='word_1_631' title='bbox 2644 3289 2937 3348; x_wconf 87' lang='lat' dir='ltr'><strong>poterant:</strong></span> <span class='ocrx_word' id='word_1_632' title='bbox 2982 3277 3267 3348; x_wconf 84' lang='lat' dir='ltr'><strong>Propterea</strong></span> <span class='ocrx_word' id='word_1_633' title='bbox 3295 3278 3456 3331; x_wconf 88' lang='lat' dir='ltr'><strong>timo-</strong></span> <span class='ocrx_word' id='word_1_634' title='bbox 3540 3288 3541 3291; x_wconf 78' lang='lat'>‘</span> 
     </span>
    </p>
   </div>
   <div class='ocr_carea' id='block_1_95' title="bbox 1888 3370 3462 3439">
    <p class='ocr_par' dir='ltr' id='par_1_95' title="bbox 1888 3370 3462 3439">
     <span class='ocr_line' id='line_1_96' title="bbox 1888 3370 3462 3439; baseline -0.004 -12"><span class='ocrx_word' id='word_1_635' title='bbox 1888 3390 1997 3427; x_wconf 89' lang='lat' dir='ltr'><strong>rem</strong></span> <span class='ocrx_word' id='word_1_636' title='bbox 2026 3383 2196 3435; x_wconf 89' lang='lat' dir='ltr'><strong>tuum,</strong></span> <span class='ocrx_word' id='word_1_637' title='bbox 2226 3370 2469 3435; x_wconf 86' lang='lat' dir='ltr'><strong>Domine,</strong></span> <span class='ocrx_word' id='word_1_638' title='bbox 2512 3372 2564 3423; x_wconf 86' lang='lat' dir='ltr'><strong>in</strong></span> <span class='ocrx_word' id='word_1_639' title='bbox 2598 3380 2745 3424; x_wconf 86' lang='lat' dir='ltr'><strong>utero</strong></span> <span class='ocrx_word' id='word_1_640' title='bbox 2783 3371 3133 3439; x_wconf 87' lang='lat' dir='ltr'><strong>concepimus,</strong></span> <span class='ocrx_word' id='word_1_641' title='bbox 3172 3385 3335 3438; x_wconf 85' lang='lat' dir='ltr'><strong>usque</strong></span> <span class='ocrx_word' id='word_1_642' title='bbox 3366 3383 3462 3422; x_wconf 85' lang='lat' dir='ltr'><strong>stt-</strong></span> 
     </span>
    </p>
   </div>
   <div class='ocr_carea' id='block_1_96' title="bbox 1884 3458 3458 3534">
    <p class='ocr_par' dir='ltr' id='par_1_96' title="bbox 1884 3458 3458 3534">
     <span class='ocr_line' id='line_1_97' title="bbox 1884 3458 3458 3534; baseline -0.001 -17"><span class='ocrx_word' id='word_1_643' title='bbox 1884 3480 1976 3534; x_wconf 88' lang='lat' dir='ltr'><strong>per</strong></span> <span class='ocrx_word' id='word_1_644' title='bbox 2040 3473 2179 3516; x_wconf 81' lang='lat' dir='ltr'><strong>terra</strong></span> <span class='ocrx_word' id='word_1_645' title='bbox 2206 3464 2250 3495; x_wconf 85' lang='grc'>²⁸</span> <span class='ocrx_word' id='word_1_646' title='bbox 2286 3479 2300 3515; x_wconf 90' lang='lat'>:</span> <span class='ocrx_word' id='word_1_647' title='bbox 2338 3460 2633 3516; x_wconf 81' lang='lat' dir='ltr'><strong>infantulos</strong></span> <span class='ocrx_word' id='word_1_648' title='bbox 2681 3461 2809 3516; x_wconf 90' lang='lat' dir='ltr'><strong>item</strong></span> <span class='ocrx_word' id='word_1_649' title='bbox 2836 3501 2851 3527; x_wconf 88' lang='lat'><strong>,</strong></span> <span class='ocrx_word' id='word_1_650' title='bbox 2905 3460 3104 3531; x_wconf 82' lang='lat' dir='ltr'><strong>quibus</strong></span> <span class='ocrx_word' id='word_1_651' title='bbox 3156 3470 3212 3516; x_wconf 88' lang='lat' dir='ltr'><strong>et</strong></span> <span class='ocrx_word' id='word_1_652' title='bbox 3253 3458 3458 3515; x_wconf 88' lang='lat' dir='ltr'><strong>Paulus</strong></span> 
     </span>
    </p>
   </div>
   <div class='ocr_carea' id='block_1_97' title="bbox 1889 3549 3459 3622">
    <p class='ocr_par' dir='ltr' id='par_1_97' title="bbox 1889 3549 3459 3622">
     <span class='ocr_line' id='line_1_98' title="bbox 1889 3549 3459 3622; baseline -0.001 -15"><span class='ocrx_word' id='word_1_653' title='bbox 1889 3555 2123 3609; x_wconf 89' lang='lat' dir='ltr'><strong>scribit:</strong></span> <span class='ocrx_word' id='word_1_654' title='bbox 2157 3551 2377 3615; x_wconf 81' lang='lat' dir='ltr'><strong>Filioli,</strong></span> <span class='ocrx_word' id='word_1_655' title='bbox 2416 3568 2522 3606; x_wconf 88' lang='lat' dir='ltr'><strong>non</strong></span> <span class='ocrx_word' id='word_1_656' title='bbox 2565 3563 2732 3606; x_wconf 85' lang='lat' dir='ltr'><strong>mente</strong></span> <span class='ocrx_word' id='word_1_657' title='bbox 2774 3552 2919 3622; x_wconf 86' lang='lat' dir='ltr'><strong>pueri</strong></span> <span class='ocrx_word' id='word_1_658' title='bbox 2963 3561 3155 3618; x_wconf 87' lang='lat' dir='ltr'><strong>estote,</strong></span> <span class='ocrx_word' id='word_1_659' title='bbox 3186 3552 3277 3605; x_wconf 84' lang='lat' dir='ltr'><strong>sed</strong></span> <span class='ocrx_word' id='word_1_660' title='bbox 3314 3549 3459 3605; x_wconf 87' lang='lat' dir='ltr'><strong>malo</strong></span> 
     </span>
    </p>
   </div>
   <div class='ocr_carea' id='block_1_98' title="bbox 1885 3641 3459 3716">
    <p class='ocr_par' dir='ltr' id='par_1_98' title="bbox 1885 3641 3459 3716">
     <span class='ocr_line' id='line_1_99' title="bbox 1885 3641 3459 3716; baseline -0.002 -18"><span class='ocrx_word' id='word_1_661' title='bbox 1885 3645 2177 3716; x_wconf 85' lang='lat' dir='ltr'><strong>puerascite</strong></span> <span class='ocrx_word' id='word_1_662' title='bbox 2199 3644 2266 3700; x_wconf 80' lang='grc'><strong>³⁸.</strong></span> <span class='ocrx_word' id='word_1_663' title='bbox 2313 3644 2442 3699; x_wconf 91' lang='lat' dir='ltr'><strong>Item</strong></span> <span class='ocrx_word' id='word_1_664' title='bbox 2482 3644 2615 3698; x_wconf 92' lang='lat' dir='ltr'><strong>dicit</strong></span> <span class='ocrx_word' id='word_1_665' title='bbox 2655 3641 2938 3699; x_wconf 77' lang='lat' dir='ltr'><strong>:Jumenta</strong></span> <span class='ocrx_word' id='word_1_666' title='bbox 2967 3643 3236 3697; x_wconf 83' lang='lat' dir='ltr'><strong>servabitis</strong></span> <span class='ocrx_word' id='word_1_667' title='bbox 3266 3643 3310 3672; x_wconf 75' lang='grc'><strong>’⁷</strong></span> <span class='ocrx_word' id='word_1_668' title='bbox 3333 3656 3348 3705; x_wconf 90' lang='grc'>;</span> <span class='ocrx_word' id='word_1_669' title='bbox 3374 3650 3459 3697; x_wconf 88' lang='lat' dir='ltr'><strong>et-</strong></span> 
     </span>
    </p>
   </div>
   <div class='ocr_carea' id='block_1_99' title="bbox 1886 3735 3456 3805">
    <p class='ocr_par' dir='ltr' id='par_1_99' title="bbox 1886 3735 3456 3805">
     <span class='ocr_line' id='line_1_100' title="bbox 1886 3735 3456 3805; baseline -0.003 -13"><span class='ocrx_word' id='word_1_670' title='bbox 1886 3741 2029 3793; x_wconf 87' lang='lat' dir='ltr'><strong>enim</strong></span> <span class='ocrx_word' id='word_1_671' title='bbox 2071 3738 2281 3805; x_wconf 85' lang='lat' dir='ltr'><strong>justum</strong></span> <span class='ocrx_word' id='word_1_672' title='bbox 2330 3739 2537 3790; x_wconf 87' lang='lat' dir='ltr'><strong>miseret</strong></span> <span class='ocrx_word' id='word_1_673' title='bbox 2576 3736 2880 3789; x_wconf 84' lang='lat' dir='ltr'><strong>animarum</strong></span> <span class='ocrx_word' id='word_1_674' title='bbox 2921 3735 3282 3804; x_wconf 86' lang='lat' dir='ltr'><strong>jumentorum</strong></span> <span class='ocrx_word' id='word_1_675' title='bbox 3329 3748 3456 3788; x_wconf 82' lang='lat' dir='ltr'><strong>suo-</strong></span> 
     </span>
    </p>
   </div>
   <div class='ocr_carea' id='block_1_100' title="bbox 1886 3825 3456 3901">
    <p class='ocr_par' dir='ltr' id='par_1_100' title="bbox 1886 3825 3456 3901">
     <span class='ocr_line' id='line_1_101' title="bbox 1886 3825 3456 3901; baseline -0.003 -15"><span class='ocrx_word' id='word_1_676' title='bbox 1886 3849 2002 3886; x_wconf 81' lang='lat' dir='ltr'><strong>rum</strong></span> <span class='ocrx_word' id='word_1_677' title='bbox 2031 3831 2076 3863; x_wconf 81' lang='grc'><strong>¹⁸</strong></span> <span class='ocrx_word' id='word_1_678' title='bbox 2117 3851 2129 3885; x_wconf 89' lang='grc'>;</span> <span class='ocrx_word' id='word_1_679' title='bbox 2155 3843 2249 3885; x_wconf 86' lang='lat' dir='ltr'><strong>eos</strong></span> <span class='ocrx_word' id='word_1_680' title='bbox 2278 3831 2368 3901; x_wconf 91' lang='lat' dir='ltr'><strong>qui</strong></span> <span class='ocrx_word' id='word_1_681' title='bbox 2408 3831 2586 3883; x_wconf 90' lang='lat' dir='ltr'><strong>minus</strong></span> <span class='ocrx_word' id='word_1_682' title='bbox 2620 3829 2833 3884; x_wconf 90' lang='lat' dir='ltr'><strong>ratione</strong></span> <span class='ocrx_word' id='word_1_683' title='bbox 2861 3828 3063 3898; x_wconf 86' lang='lat' dir='ltr'><strong>pollent</strong></span> <span class='ocrx_word' id='word_1_684' title='bbox 3090 3842 3188 3898; x_wconf 86' lang='lat' dir='ltr'><strong>per</strong></span> <span class='ocrx_word' id='word_1_685' title='bbox 3210 3825 3456 3895; x_wconf 83' lang='lat' dir='ltr'><strong>jumenta</strong></span> 
     </span>
    </p>
   </div>
   <div class='ocr_carea' id='block_1_101' title="bbox 1888 3916 3458 3987">
    <p class='ocr_par' dir='ltr' id='par_1_101' title="bbox 1888 3916 3458 3987">
     <span class='ocr_line' id='line_1_102' title="bbox 1888 3916 3458 3987; baseline -0.003 -9"><span class='ocrx_word' id='word_1_686' title='bbox 1888 3925 2138 3979; x_wconf 89' lang='lat' dir='ltr'><strong>innuens.</strong></span> <span class='ocrx_word' id='word_1_687' title='bbox 2176 3920 2486 3977; x_wconf 71' lang='lat' dir='ltr'><strong>Iumentum</strong></span> <span class='ocrx_word' id='word_1_688' title='bbox 2517 3931 2640 3974; x_wconf 89' lang='lat' dir='ltr'><strong>erat</strong></span> <span class='ocrx_word' id='word_1_689' title='bbox 2669 3929 2724 3973; x_wconf 92' lang='lat' dir='ltr'><strong>et</strong></span> <span class='ocrx_word' id='word_1_690' title='bbox 2760 3918 3080 3981; x_wconf 88' lang='lat' dir='ltr'><strong>Cornelius,</strong></span> <span class='ocrx_word' id='word_1_691' title='bbox 3112 3918 3262 3987; x_wconf 81' lang='lat' dir='ltr'><strong>juxta</strong></span> <span class='ocrx_word' id='word_1_692' title='bbox 3292 3916 3458 3973; x_wconf 85' lang='lat' dir='ltr'><strong>visio-</strong></span> 
     </span>
    </p>
   </div>
   <div class='ocr_carea' id='block_1_102' title="bbox 1886 4007 3126 4083">
    <p class='ocr_par' dir='ltr' id='par_1_102' title="bbox 1886 4007 3126 4083">
     <span class='ocr_line' id='line_1_103' title="bbox 1886 4007 3126 4083; baseline -0.003 -15"><span class='ocrx_word' id='word_1_693' title='bbox 1886 4030 2007 4068; x_wconf 90' lang='lat' dir='ltr'><strong>nem</strong></span> <span class='ocrx_word' id='word_1_694' title='bbox 2046 4013 2451 4083; x_wconf 87' lang='lat' dir='ltr'><strong>quadrupedum</strong></span> <span class='ocrx_word' id='word_1_695' title='bbox 2472 4050 2486 4075; x_wconf 97' lang='lat'><strong>,</strong></span> <span class='ocrx_word' id='word_1_696' title='bbox 2518 4025 2638 4080; x_wconf 77' lang='lat' dir='ltr'><strong>qua:</strong></span> <span class='ocrx_word' id='word_1_697' title='bbox 2664 4009 2913 4079; x_wconf 89' lang='lat' dir='ltr'><strong>apparuit</strong></span> <span class='ocrx_word' id='word_1_698' title='bbox 2943 4007 3126 4064; x_wconf 85' lang='lat' dir='ltr'><strong>Petro.</strong></span> 
     </span>
    </p>
   </div>
   <div class='ocr_carea' id='block_1_103' title="bbox 2414 4190 2851 4247">
    <p class='ocr_par' dir='ltr' id='par_1_103' title="bbox 2414 4190 2851 4247">
     <span class='ocr_line' id='line_1_104' title="bbox 2414 4190 2851 4247; baseline 0 -1"><span class='ocrx_word' id='word_1_699' title='bbox 2414 4192 2417 4195; x_wconf 81' lang='grc'><em>’</em></span> <span class='ocrx_word' id='word_1_700' title='bbox 2497 4190 2649 4246; x_wconf 77' lang='lat' dir='ltr'><strong>CAP.</strong></span> <span class='ocrx_word' id='word_1_701' title='bbox 2683 4190 2851 4247; x_wconf 76' lang='lat' dir='ltr'><strong>XXII.</strong></span> 
     </span>
    </p>
   </div>
   <div class='ocr_carea' id='block_1_104' title="bbox 2115 4303 3227 4376">
    <p class='ocr_par' dir='ltr' id='par_1_104' title="bbox 2115 4303 3227 4376">
     <span class='ocr_line' id='line_1_105' title="bbox 2115 4303 3227 4376; baseline -0.005 -14"><span class='ocrx_word' id='word_1_702' title='bbox 2115 4308 2180 4364; x_wconf 82' lang='lat' dir='ltr'><strong>V.</strong></span> <span class='ocrx_word' id='word_1_703' title='bbox 2210 4307 2263 4362; x_wconf 86' lang='lat'><strong>6.</strong></span> <span class='ocrx_word' id='word_1_704' title='bbox 2306 4306 2430 4362; x_wconf 85' lang='lat' dir='ltr'><strong>Non</strong></span> <span class='ocrx_word' id='word_1_705' title='bbox 2459 4310 2631 4376; x_wconf 88' lang='lat' dir='ltr'><strong>capies</strong></span> <span class='ocrx_word' id='word_1_706' title='bbox 2668 4321 2892 4361; x_wconf 89' lang='lat' dir='ltr'><strong>matrem</strong></span> <span class='ocrx_word' id='word_1_707' title='bbox 2929 4321 3048 4360; x_wconf 87' lang='lat' dir='ltr'><strong>cum</strong></span> <span class='ocrx_word' id='word_1_708' title='bbox 3079 4303 3227 4374; x_wconf 71' lang='lat' dir='ltr'><strong>ﬁliis.</strong></span> 
     </span>
    </p>
   </div>
   <div class='ocr_carea' id='block_1_105' title="bbox 1959 4443 3460 4517">
    <p class='ocr_par' dir='ltr' id='par_1_105' title="bbox 1959 4443 3460 4517">
     <span class='ocr_line' id='line_1_106' title="bbox 1959 4443 3460 4517; baseline -0.001 -19"><span class='ocrx_word' id='word_1_709' title='bbox 1959 4445 2143 4517; x_wconf 83' lang='lat' dir='ltr'><strong>Neque</strong></span> <span class='ocrx_word' id='word_1_710' title='bbox 2171 4446 2315 4501; x_wconf 90' lang='lat' dir='ltr'><strong>enim</strong></span> <span class='ocrx_word' id='word_1_711' title='bbox 2337 4484 2353 4512; x_wconf 96' lang='lat'><strong>,</strong></span> <span class='ocrx_word' id='word_1_712' title='bbox 2395 4452 2550 4512; x_wconf 87' lang='lat' dir='ltr'><strong>capta</strong></span> <span class='ocrx_word' id='word_1_713' title='bbox 2581 4451 2755 4499; x_wconf 88' lang='lat' dir='ltr'><strong>matre</strong></span> <span class='ocrx_word' id='word_1_714' title='bbox 2778 4482 2795 4511; x_wconf 92' lang='lat'><strong>,</strong></span> <span class='ocrx_word' id='word_1_715' title='bbox 2836 4443 3044 4513; x_wconf 87' lang='lat' dir='ltr'><strong>seipsos</strong></span> <span class='ocrx_word' id='word_1_716' title='bbox 3089 4448 3318 4512; x_wconf 87' lang='lat' dir='ltr'><strong>possunt</strong></span> <span class='ocrx_word' id='word_1_717' title='bbox 3357 4455 3460 4497; x_wconf 80' lang='lat' dir='ltr'><strong>utt-</strong></span> 
     </span>
    </p>
   </div>
   <div class='ocr_carea' id='block_1_106' title="bbox 1888 4537 2037 4591">
    <p class='ocr_par' dir='ltr' id='par_1_106' title="bbox 1888 4537 2037 4591">
     <span class='ocr_line' id='line_1_107' title="bbox 1888 4537 2037 4591; baseline -0.013 0"><span class='ocrx_word' id='word_1_718' title='bbox 1888 4537 1951 4591; x_wconf 89' lang='lat' dir='ltr'><strong>tri</strong></span> <span class='ocrx_word' id='word_1_719' title='bbox 1961 4553 2037 4591; x_wconf 91' lang='lat' dir='ltr'><strong>re.</strong></span> 
     </span>
    </p>
   </div>
   <div class='ocr_carea' id='block_1_107' title="bbox 2481 4623 2853 4683">
    <p class='ocr_par' dir='ltr' id='par_1_107' title="bbox 2481 4623 2853 4683">
     <span class='ocr_line' id='line_1_108' title="bbox 2481 4623 2853 4683; baseline -0.013 0"><span class='ocrx_word' id='word_1_720' title='bbox 2481 4625 2636 4683; x_wconf 85' lang='lat' dir='ltr'><strong>CAP.</strong></span> <span class='ocrx_word' id='word_1_721' title='bbox 2663 4623 2853 4681; x_wconf 79' lang='lat' dir='ltr'><strong>XXIII.</strong></span> 
     </span>
    </p>
   </div>
   <div class='ocr_carea' id='block_1_108' title="bbox 2188 4716 3159 4788">
    <p class='ocr_par' dir='ltr' id='par_1_108' title="bbox 2188 4716 3159 4788">
     <span class='ocr_line' id='line_1_109' title="bbox 2188 4716 3159 4788; baseline -0.008 -11"><span class='ocrx_word' id='word_1_722' title='bbox 2188 4722 2254 4777; x_wconf 66' lang='grc' dir='ltr'><strong>ν.</strong></span> <span class='ocrx_word' id='word_1_723' title='bbox 2283 4722 2336 4777; x_wconf 78' lang='grc'><strong>5.</strong></span> <span class='ocrx_word' id='word_1_724' title='bbox 2374 4718 2497 4774; x_wconf 84' lang='grc' dir='ltr'><strong>Νοη</strong></span> <span class='ocrx_word' id='word_1_725' title='bbox 2526 4719 2851 4788; x_wconf 83' lang='lat' dir='ltr'><strong>ingredietur</strong></span> <span class='ocrx_word' id='word_1_726' title='bbox 2873 4716 3159 4771; x_wconf 85' lang='lat' dir='ltr'><strong>Amanites.</strong></span> 
     </span>
    </p>
   </div>
   <div class='ocr_carea' id='block_1_109' title="bbox 1949 4805 3458 4869">
    <p class='ocr_par' dir='ltr' id='par_1_109' title="bbox 1949 4805 3458 4869">
     <span class='ocr_line' id='line_1_110' title="bbox 1949 4805 3458 4869; baseline -0.004 -1"><span class='ocrx_word' id='word_1_727' title='bbox 1949 4814 2059 4869; x_wconf 87' lang='lat' dir='ltr'><strong>Cur</strong></span> <span class='ocrx_word' id='word_1_728' title='bbox 2105 4812 2554 4869; x_wconf 84' lang='lat' dir='ltr'><strong>consuetudinem</strong></span> <span class='ocrx_word' id='word_1_729' title='bbox 2604 4825 2726 4866; x_wconf 89' lang='lat' dir='ltr'><strong>cum</strong></span> <span class='ocrx_word' id='word_1_730' title='bbox 2780 4809 3031 4865; x_wconf 80' lang='lat' dir='ltr'><strong>Moabitis</strong></span> <span class='ocrx_word' id='word_1_731' title='bbox 3086 4816 3141 4862; x_wconf 87' lang='lat' dir='ltr'><strong>et</strong></span> <span class='ocrx_word' id='word_1_732' title='bbox 3189 4805 3458 4862; x_wconf 83' lang='lat' dir='ltr'><strong>Amanitis</strong></span> 
     </span>
    </p>
   </div>
   <div class='ocr_carea' id='block_1_110' title="bbox 1890 4898 3454 4972">
    <p class='ocr_par' dir='ltr' id='par_1_110' title="bbox 1890 4898 3454 4972">
     <span class='ocr_line' id='line_1_111' title="bbox 1890 4898 3454 4972; baseline -0.007 -11"><span class='ocrx_word' id='word_1_733' title='bbox 1890 4907 2199 4969; x_wconf 86' lang='lat' dir='ltr'><strong>interdicit,</strong></span> <span class='ocrx_word' id='word_1_734' title='bbox 2243 4920 2349 4958; x_wconf 90' lang='lat' dir='ltr'><strong>non</strong></span> <span class='ocrx_word' id='word_1_735' title='bbox 2388 4904 2455 4958; x_wconf 89' lang='lat' dir='ltr'><strong>ad</strong></span> <span class='ocrx_word' id='word_1_736' title='bbox 2499 4913 2701 4958; x_wconf 88' lang='lat' dir='ltr'><strong>statum</strong></span> <span class='ocrx_word' id='word_1_737' title='bbox 2734 4901 2947 4972; x_wconf 91' lang='lat' dir='ltr'><strong>aliquod</strong></span> <span class='ocrx_word' id='word_1_738' title='bbox 2991 4910 3232 4969; x_wconf 90' lang='lat' dir='ltr'><strong>tempus,</strong></span> <span class='ocrx_word' id='word_1_739' title='bbox 3276 4899 3369 4951; x_wconf 90' lang='lat' dir='ltr'><strong>sed</strong></span> <span class='ocrx_word' id='word_1_740' title='bbox 3402 4898 3454 4951; x_wconf 90' lang='lat' dir='ltr'><strong>in</strong></span> 
     </span>
    </p>
   </div>
   <div class='ocr_carea' id='block_1_111' title="bbox 1889 4991 3456 5063">
    <p class='ocr_par' dir='ltr' id='par_1_111' title="bbox 1889 4991 3456 5063">
     <span class='ocr_line' id='line_1_112' title="bbox 1889 4991 3456 5063; baseline -0.005 -12"><span class='ocrx_word' id='word_1_741' title='bbox 1889 4996 2144 5051; x_wconf 76' lang='lat' dir='ltr'><strong>szeculum</strong></span> <span class='ocrx_word' id='word_1_742' title='bbox 2168 4995 2191 5048; x_wconf 82' lang='lat' dir='ltr'><strong>‘l</strong></span> <span class='ocrx_word' id='word_1_743' title='bbox 2218 4994 2401 5049; x_wconf 88' lang='lat' dir='ltr'><strong>Primo</strong></span> <span class='ocrx_word' id='word_1_744' title='bbox 2438 5002 2661 5063; x_wconf 88' lang='lat' dir='ltr'><strong>propter</strong></span> <span class='ocrx_word' id='word_1_745' title='bbox 2691 4992 3027 5063; x_wconf 79' lang='lat' dir='ltr'><strong>illegitimam</strong></span> <span class='ocrx_word' id='word_1_746' title='bbox 3068 5006 3254 5046; x_wconf 89' lang='lat' dir='ltr'><strong>eorum</strong></span> <span class='ocrx_word' id='word_1_747' title='bbox 3285 4991 3456 5059; x_wconf 74' lang='lat' dir='ltr'><strong>origi-</strong></span> 
     </span>
    </p>
   </div>
   <div class='ocr_carea' id='block_1_112' title="bbox 1888 5082 3460 5156">
    <p class='ocr_par' dir='ltr' id='par_1_112' title="bbox 1888 5082 3460 5156">
     <span class='ocr_line' id='line_1_113' title="bbox 1888 5082 3460 5156; baseline -0.004 -12"><span class='ocrx_word' id='word_1_748' title='bbox 1888 5104 2009 5144; x_wconf 89' lang='lat' dir='ltr'><strong>nem</strong></span> <span class='ocrx_word' id='word_1_749' title='bbox 2035 5105 2049 5141; x_wconf 89' lang='lat'><strong>:</strong></span> <span class='ocrx_word' id='word_1_750' title='bbox 2076 5103 2140 5142; x_wconf 83' lang='lat' dir='ltr'><strong>ex</strong></span> <span class='ocrx_word' id='word_1_751' title='bbox 2169 5086 2448 5156; x_wconf 80' lang='lat' dir='ltr'><strong>illegitimo</strong></span> <span class='ocrx_word' id='word_1_752' title='bbox 2469 5087 2611 5141; x_wconf 90' lang='lat' dir='ltr'><strong>enim</strong></span> <span class='ocrx_word' id='word_1_753' title='bbox 2639 5086 2743 5140; x_wconf 88' lang='lat' dir='ltr'><strong>orti</strong></span> <span class='ocrx_word' id='word_1_754' title='bbox 2771 5097 2898 5138; x_wconf 90' lang='lat' dir='ltr'><strong>sunt</strong></span> <span class='ocrx_word' id='word_1_755' title='bbox 2918 5098 3229 5153; x_wconf 73' lang='lat' dir='ltr'><strong>congressu.</strong></span> <span class='ocrx_word' id='word_1_756' title='bbox 3255 5082 3460 5137; x_wconf 87' lang='lat' dir='ltr'><strong>Deinde</strong></span> 
     </span>
    </p>
   </div>
   <div class='ocr_carea' id='block_1_113' title="bbox 1887 5173 3457 5255">
    <p class='ocr_par' dir='ltr' id='par_1_113' title="bbox 1887 5173 3457 5255">
     <span class='ocr_line' id='line_1_114' title="bbox 1887 5173 3457 5255; baseline -0.008 -17"><span class='ocrx_word' id='word_1_757' title='bbox 1887 5187 2107 5255; x_wconf 84' lang='lat' dir='ltr'><strong>propter</strong></span> <span class='ocrx_word' id='word_1_758' title='bbox 2153 5177 2517 5246; x_wconf 89' lang='lat' dir='ltr'><strong>impietatem,</strong></span> <span class='ocrx_word' id='word_1_759' title='bbox 2553 5176 2706 5247; x_wconf 86' lang='lat' dir='ltr'><strong>cujus</strong></span> <span class='ocrx_word' id='word_1_760' title='bbox 2731 5176 2893 5230; x_wconf 88' lang='lat' dir='ltr'><strong>etiam</strong></span> <span class='ocrx_word' id='word_1_761' title='bbox 2921 5174 3133 5230; x_wconf 82' lang='lat' dir='ltr'><strong>Iudaeos</strong></span> <span class='ocrx_word' id='word_1_762' title='bbox 3163 5173 3457 5243; x_wconf 83' lang='lat' dir='ltr'><strong>participes</strong></span> 
     </span>
    </p>
   </div>
   <div class='ocr_carea' id='block_1_114' title="bbox 2063 5290 3451 5362">
    <p class='ocr_par' dir='ltr' id='par_1_114' title="bbox 2063 5290 3451 5362">
     <span class='ocr_line' id='line_1_115' title="bbox 2063 5290 3451 5362; baseline -0.005 -11"><span class='ocrx_word' id='word_1_763' title='bbox 2063 5297 2110 5328; x_wconf 81' lang='lat'><strong>&quot;</strong></span> <span class='ocrx_word' id='word_1_764' title='bbox 2137 5297 2154 5351; x_wconf 97' lang='lat' dir='ltr'><strong>l</strong></span> <span class='ocrx_word' id='word_1_765' title='bbox 2184 5296 2311 5353; x_wconf 89' lang='lat' dir='ltr'><strong>Cor.</strong></span> <span class='ocrx_word' id='word_1_766' title='bbox 2336 5310 2451 5362; x_wconf 77' lang='lat' dir='ltr'><strong>xw,</strong></span> <span class='ocrx_word' id='word_1_767' title='bbox 2480 5294 2570 5349; x_wconf 73' lang='lat'><strong>20.</strong></span> <span class='ocrx_word' id='word_1_768' title='bbox 2663 5296 2706 5327; x_wconf 79' lang='grc'><strong>³⁷</strong></span> <span class='ocrx_word' id='word_1_769' title='bbox 2729 5293 2892 5351; x_wconf 72' lang='lat' dir='ltr'><strong>Iosue</strong></span> <span class='ocrx_word' id='word_1_770' title='bbox 2913 5309 3030 5360; x_wconf 86' lang='lat' dir='ltr'><strong>vm,</strong></span> <span class='ocrx_word' id='word_1_771' title='bbox 3058 5297 3113 5348; x_wconf 73' lang='grc'><strong>2.</strong></span> <span class='ocrx_word' id='word_1_772' title='bbox 3214 5291 3261 5323; x_wconf 78' lang='grc'>³⁸</span> <span class='ocrx_word' id='word_1_773' title='bbox 3291 5290 3451 5345; x_wconf 83' lang='lat' dir='ltr'><strong>I’rov-</strong></span> 
     </span>
    </p>
   </div>
   <div class='ocr_carea' id='block_1_115' title="bbox 1962 5469 3449 5617">
    <p class='ocr_par' dir='ltr' id='par_1_115' title="bbox 1962 5469 3449 5617">
     <span class='ocr_line' id='line_1_116' title="bbox 1962 5469 3449 5617; baseline -0.003 -82"><span class='ocrx_word' id='word_1_774' title='bbox 1962 5482 2077 5617; x_wconf 54' lang='grc' dir='ltr'><strong>(ἔξω</strong></span> <span class='ocrx_word' id='word_1_775' title='bbox 2107 5478 2382 5549; x_wconf 86' lang='lat' dir='ltr'><strong>Scriptum</strong></span> <span class='ocrx_word' id='word_1_776' title='bbox 2411 5486 2529 5534; x_wconf 88' lang='lat' dir='ltr'><strong>erat</strong></span> <span class='ocrx_word' id='word_1_777' title='bbox 2552 5476 2884 5549; x_wconf 77' lang='grc' dir='ltr'>ἐξετάζεται,</span> <span class='ocrx_word' id='word_1_778' title='bbox 2915 5476 3165 5535; x_wconf 85' lang='lat' dir='ltr'><strong>absurde.</strong></span> <span class='ocrx_word' id='word_1_779' title='bbox 3194 5473 3296 5531; x_wconf 78' lang='lat' dir='ltr'><strong>En.</strong></span> <span class='ocrx_word' id='word_1_780' title='bbox 3317 5469 3449 5531; x_wconf 70' lang='lat' dir='ltr'><strong>Pu.</strong></span> 
     </span>
     <span class='ocr_line' id='line_1_117' title="bbox 1988 5551 2543 5617; baseline -0.007 -12"><span class='ocrx_word' id='word_1_781' title='bbox 1988 5551 2073 5617; x_wconf 70' lang='grc'><strong>56)</strong></span> <span class='ocrx_word' id='word_1_782' title='bbox 2108 5551 2265 5605; x_wconf 82' lang='lat' dir='ltr'><strong>Deest</strong></span> <span class='ocrx_word' id='word_1_783' title='bbox 2302 5560 2543 5604; x_wconf 81' lang='lat' dir='ltr'><strong>verbum.</strong></span> 
     </span>
    </p>
   </div>
   <div class='ocr_carea' id='block_1_116' title="bbox 1988 5551 2543 5637">
    <p class='ocr_par' dir='ltr' id='par_1_116' title="bbox 1988 5551 2543 5637">
     <span class='ocr_line' id='line_1_118' title="bbox 1988 5551 2543 5637; baseline -0.013 -30"><span class='ocrx_word' id='word_1_784' title='bbox 2107 5551 2265 5637; x_wconf 71' lang='lat' dir='ltr'><strong>peest</strong></span> <span class='ocrx_word' id='word_1_785' title='bbox 2302 5560 2543 5637; x_wconf 46' lang='lat' dir='ltr'><strong>verbum;</strong></span> 
     </span>
    </p>
   </div>
   <div class='ocr_carea' id='block_1_117' title="bbox 1961 5617 2698 5765">
    <p class='ocr_par' dir='ltr' id='par_1_117' title="bbox 1961 5617 2698 5765">
     <span class='ocr_line' id='line_1_119' title="bbox 1964 5617 2587 5708; baseline -0.006 -32"><span class='ocrx_word' id='word_1_786' title='bbox 2104 5621 2263 5684; x_wconf 84' lang='lat' dir='ltr'><strong>Ioid.,</strong></span> <span class='ocrx_word' id='word_1_787' title='bbox 2297 5635 2420 5707; x_wconf 70' lang='lat' dir='ltr'><strong>pag.</strong></span> <span class='ocrx_word' id='word_1_788' title='bbox 2463 5617 2587 5673; x_wconf 67' lang='grc'><strong>226.</strong></span> 
     </span>
     <span class='ocr_line' id='line_1_120' title="bbox 1961 5688 2698 5765; baseline -0.004 -19"><span class='ocrx_word' id='word_1_789' title='bbox 1961 5692 2074 5765; x_wconf 71' lang='lat'><strong>(50)</strong></span> <span class='ocrx_word' id='word_1_790' title='bbox 2105 5691 2236 5751; x_wconf 86' lang='lat' dir='ltr'><strong>Cod.</strong></span> <span class='ocrx_word' id='word_1_791' title='bbox 2265 5691 2388 5759; x_wconf 79' lang='lat' dir='ltr'><strong>5ol,</strong></span> <span class='ocrx_word' id='word_1_792' title='bbox 2424 5704 2545 5761; x_wconf 73' lang='lat' dir='ltr'><strong>pag.</strong></span> <span class='ocrx_word' id='word_1_793' title='bbox 2575 5688 2698 5745; x_wconf 77' lang='grc'><strong>518.</strong></span> 
     </span>
    </p>
   </div>
  </div>
