3880 6216
415 246 475 299 si
1268 244 1825 305 SUPPLEMENTUM
1862 247 1954 302 AD
1989 246 2315 306 ORlGENlS
2345 249 2757 307 EXEGETICA.
3598 236 3674 304 δὲ

420 365 599 419 facere
624 366 800 419 conati
828 375 991 433 sunt,
1032 369 1276 423 ornando
1302 368 1586 433 mulieres,
1614 375 1669 420 et
1697 382 1791 435 per
1819 382 1911 420 eas
1939 367 1978 420 ir

2097 369 2420 439 μεταλαχείν
2448 368 2865 440 παρεσκεύασαν
2893 366 3226 440 ῶραῒσαντες
3256 364 3352 429 τὰς
3381 368 3670 435 γυναῖκας,

418 451 685 505 idolorum
705 453 905 506 cultum
938 454 1257 509 allicientes.
1283 457 1351 509 At
1384 456 1672 509 ldumzeum
1693 455 1909 524 quidem
1936 465 1993 511 et

419 540 729 612 Egyptium
749 555 865 610 post
887 546 1098 597 tertiam
1117 544 1269 612 jubet
1301 548 1708 615 generationem
1736 545 1946 600 admitti
1973 566 1985 600 :

418 630 569 684 illum
600 633 795 702 quippe
823 632 1069 700 fratrem,
1093 636 1237 690 hunc
1268 652 1399 691 vero
1437 637 1634 707 quippe
1689 646 1995 707 opportune

419 723 689 789 quondam
718 726 1143 781 heucfactorem.
1161 727 1327 782 Fame
1344 729 1488 782 enim
1510 729 1813 799 ingruente,
1833 728 1992 801 Egy-

417 824 566 881 ptutn
587 827 831 883 petentes
855 822 1223 888 progenitores
1242 835 1429 875 eorum
1452 822 1673 874 enutriti
1700 832 1844 877 sunt.
1883 823 1957 878 Do

416 914 504 959 cet
547 908 709 975 igitur
755 909 835 962 lex
878 924 1007 973 nos,
1056 922 1112 964 ut
1158 927 1225 965 ne
1254 912 1453 967 veteris
1484 911 1702 982 quidem
1740 913 1986 968 beneficii

413 997 815 1053 obliviscamur.

413 1088 479 1144 Υ.
510 1087 595 1144 Η.
629 1088 766 1153 Quid
794 1102 895 1155 est,
926 1092 1063 1157 Quia
1100 1091 1350 1145 Dominus
1378 1092 1515 1147 Deus
1547 1104 1667 1148 tuus
1700 1095 1987 1147 inambulat

970 1165 1023 1216 in
1056 1165 1243 1216 castris
1274 1165 1423 1216 tuis?

484 1270 652 1329 Norat
706 1290 1077 1345 strpenumero
1107 1278 1286 1349 gravis
1312 1280 1493 1334 odoris
1518 1295 1695 1333 aerem
1722 1279 1983 1346 repletum

411 1376 617 1433 pestem
654 1367 991 1435 produxisse.
1030 1369 1248 1425 Mandat
1277 1386 1411 1441 ergo
1439 1372 1545 1427 illis
1574 1373 1626 1427 in
1664 1373 1861 1427 castris
1893 1375 1984 1429 de-

410 1460 683 1529 gentibus,
718 1476 877 1530 quem
911 1473 1260 1517 secreverant
1292 1463 1548 1519 defodere
1577 1465 1781 1519 fimum.
1819 1463 1888 1519 Ut
1919 1481 1985 1520 ne

411 1566 547 1603 vero
587 1552 960 1609 inobcdientes
997 1570 1193 1608 noxam
1224 1556 1532 1626 quampiam
1578 1557 1981 1620 contraherent,

408 1646 719 1698 necessario
752 1645 999 1714 adjuttxit
1031 1668 1040 1699 :
1076 1645 1214 1711 Quia
1244 1645 1496 1698 Dominus
1524 1646 1662 1699 Deus
1691 1646 1983 1699 iuambulat

406 1735 463 1788 in
493 1736 680 1788 castris
714 1738 839 1789 tuis.
870 1734 1175 1791 Etcausam
1208 1738 1395 1793 docet:
1439 1736 1505 1791 Ut
1539 1738 1723 1802 eripiat
1757 1747 1805 1791 te
1829 1778 1842 1801 ,
1872 1747 1982 1790 tra-

409 1829 603 1896 datque
625 1828 890 1882 inimicum
923 1840 1069 1882 tuum
1095 1842 1213 1884 ante
1244 1830 1433 1898 facient
1462 1840 1606 1884 tuam
1636 1831 1702 1884 ’³.
1728 1818 1982 1900 Promer-

410 1934 472 1973 ea
502 1920 776 1986 admonet,
821 1932 880 1974 ut
925 1921 994 1974 uil
1044 1932 1240 1975 contra
1273 1923 1441 1991 legem
1471 1932 1657 1991 agant.
1700 1922 1983 1975 Subinfcrt

408 2011 555 2065 enim
591 2028 604 2065 :
639 2011 704 2064 Et
740 2022 891 2066 erunt
927 2024 1101 2069 castra
1127 2022 1220 2067 tua
1243 2023 1460 2079 sancta,
1493 2030 1585 2069 nec
1611 2014 1902 2069 invenietur
1927 2016 1983 2068 in

411 2114 461 2156 te
488 2104 832 2173 turpitudinis
864 2122 965 2160 res.

406 2279 472 2336 ν.
501 2282 588 2337 12.
634 2282 703 2336 Et
732 2282 878 2338 locus
906 2294 1012 2338 esto
1041 2284 1156 2405 tisi.
1194 2285 1291 2365 ait.
1322 2293 1470 2337 extra
1510 2291 1710 2348 castra,
1748 2292 1797 2337 et
1830 2299 1980 2353 egre-

1136 2372 1236 2405 ϐΓΜ
1267 2371 1346 2405 80.

1136 2372 1236 2407 ef”
1267 2371 1346 2407 80.

404 2441 473 2496 ν.
506 2444 592 2515 15.
641 2444 705 2497 Et
736 2445 915 2500 clavus
942 2449 1039 2500 erit
1068 2448 1162 2498 tibi
1202 2448 1253 2498 in
1292 2463 1425 2499 zona
1462 2455 1572 2500 tua.
1610 2445 1827 2515 Eritqne
1862 2461 1978 2496 cum

473 2513 670 2568 sederis
703 2517 851 2582 foris.
897 2528 942 2569 et
976 2517 1146 2584 fodies
1177 2520 1228 2568 in
1256 2533 1335 2582 eo,
1376 2527 1424 2571 et
1478 2513 1747 2569 reducens
1780 2517 1978 2585 operies

475 2587 856 2652 turpitudinem
897 2597 1039 2639 luant
1087 2588 1271 2652 ipsius.

404 2738 471 2793 Ὗ.
508 2739 589 2793 14.
632 2739 773 2802 Quia
800 2738 1049 2794 Dominus
1080 2740 1216 2794 Deus
1242 2751 1362 2793 tuus
1393 2739 1685 2793 inambulat
1710 2740 1761 2790 in
1790 2740 1976 2792 castris

474 2813 671 2877 eripere
704 2820 784 2865 te.
821 2822 865 2861 et
905 2814 1114 2863 tradere
1152 2813 1244 2864 tibi
1277 2812 1546 2863 inimicum
1578 2820 1723 2861 tuum
1763 2811 1816 2862 in
1860 2826 1976 2862 ma-

475 2898 573 2933 nus
597 2891 737 2933 tuas.
779 2879 844 2933 Et
880 2890 1031 2933 erunt
1056 2897 1227 2933 castra
1269 2890 1361 2935 tua
1389 2892 1592 2945 sancta,
1629 2888 1805 2933 etnon
1834 2882 1976 2933 vide-

475 2951 616 3002 bitur
650 2952 705 3003 in
744 2962 790 3004 te
827 2952 1100 3019 turpitudo
1136 2953 1231 3005 rei.

476 3104 691 3159 Evitare
730 3105 979 3173 equidem
1010 3104 1167 3158 decet
1208 3120 1425 3160 omnem
1464 3105 1825 3160 immunditiei
1855 3121 1978 3175 Spe-

402 3197 542 3250 ciem
586 3210 715 3263 eos,
753 3196 841 3265 qui
883 3195 1108 3264 cupiunt
1146 3195 1406 3249 adversus
1444 3209 1631 3251 omnes
1667 3196 1977 3265 Spirituales

403 3289 585 3344 hostes
615 3289 902 3343 victoriam
939 3288 1162 3344 referre.
1195 3288 1329 3355 Quia
1358 3298 1537 3342 tamen
1570 3303 1711 3357 sazpe
1737 3289 1980 3344 cadimus

402 3395 613 3445 omnes,
644 3381 987 3450 obnoxiaque
1030 3390 1112 3434 est
1145 3380 1375 3441 humana
1412 3388 1603 3433 natura
1638 3380 1878 3435 facilitati
1925 3382 1976 3435 iu

402 3472 644 3527 defectus
674 3472 928 3535 labendi,
970 3481 1024 3525 et
1072 3487 1232 3527 nemo
1271 3473 1466 3525 delicta
1496 3471 1748 3541 intelliget
1778 3472 1844 3537 ³ο,
1893 3487 1980 3527 se-

400 3565 636 3619 cundum
671 3564 958 3619 Psalleutis
989 3579 1208 3626 vocem,
1241 3564 1565 3631 Contingat,
1603 3563 1709 3628 ait,
1748 3563 1829 3617 vel
1856 3564 1978 3618 uni-

400 3670 521 3711 cam
563 3655 868 3709 innatarum
902 3656 956 3709 in
998 3656 1150 3708 vobis
1181 3656 1552 3723 impuritatum
1590 3652 1797 3725 ell'ringi
1843 3670 1980 3724 quo—

402 3748 712 3812 dammodo,
743 3762 805 3802 ac
831 3747 1029 3811 evinci,
1059 3746 1432 3801 laborantibus
1457 3746 1633 3815 aliqua
1661 3761 1721 3800 re
1752 3756 1976 3801 externa

403 3840 469 3894 ad
515 3840 685 3909 legem
724 3841 1028 3909 pertinente
1058 3848 1113 3893 et
1141 3842 1207 3892 ad
1241 3840 1403 3893 vitam
1426 3879 1440 3904 ,
1482 3854 1603 3908 quae
1637 3849 1854 3893 sanctos
1887 3840 1979 3892 de-

402 3935 545 3981 ceat.
589 3927 862 3981 luhabitat
897 3944 1129 3997 namque
1162 3929 1215 3982 in
1264 3929 1521 3983 membris
1550 3930 1732 3984 carnis
1774 3929 1975 3999 peccati

403 4019 511 4073 lex.
564 4018 745 4074 Primo
778 4020 939 4091 igitur
986 4036 1089 4075 non
1136 4021 1421 4076 manifeste
1450 4037 1515 4076 ae
1553 4021 1770 4090 palam,
1803 4034 1978 4090 neque

402 4114 456 4167 in
507 4112 653 4181 vulgi
694 4123 987 4183 conspectu
1035 4112 1215 4182 lapsus
1258 4114 1593 4168 inﬁrmitatis
1644 4114 1778 4168 fiant
1818 4131 1832 4167 :
1883 4113 1977 4168 sed

401 4205 801 4272 quodammodo
831 4203 964 4259 foris
1011 4204 1274 4269 latentes,
1326 4215 1381 4261 et
1424 4206 1789 4261 remotissime
1825 4220 1855 4260 a
1887 4220 1979 4259 ca-

400 4306 549 4349 stris.
588 4295 786 4349 Deinde
810 4296 1279 4351 emcndationibus
1304 4295 1664 4359 occultantur,
1704 4296 1780 4349 ait
1820 4313 1832 4349 :
1878 4294 1977 4349 Sa-

398 4388 599 4454 pientes
616 4386 848 4455 obtegent
868 4403 992 4440 suas
1011 4388 1242 4454 ipsorum
1262 4386 1638 4456 turpitudines,
1660 4386 1809 4453 juxta
1831 4386 1971 4452 quod
2007 4375 2050 4429 υ

399 4480 662 4547 scriptum
699 4489 804 4534 est.
851 4480 1129 4536 Cessando
1168 4480 1316 4536 enim
1354 4480 1422 4533 ab
1463 4479 1806 4534 inconcinnis
1842 4478 1974 4531 acti-

400 4572 542 4634 bus,
590 4581 645 4627 et
690 4572 741 4626 in
793 4574 1015 4628 meliora
1056 4573 1419 4644 propensione
1458 4571 1807 4627 reformando
1834 4574 1978 4640 quo-

401 4664 692 4719 dammodo
722 4675 954 4721 tuentem
980 4667 1082 4732 sic,
1110 4676 1168 4720 ut
1191 4676 1493 4721 statuamus
1524 4666 1828 4736 eligendum
1853 4677 1975 4719 esse

398 4754 542 4824 quod
574 4755 832 4823 prodesse
867 4768 1067 4825 queat,
1111 4772 1270 4812 casus
1302 4768 1518 4814 nostros
1553 4772 1584 4812 e
1623 4756 1802 4812 medio
1833 4753 1975 4809 tolli-

400 4860 524 4900 mus
558 4866 569 4901 :
601 4862 666 4900 ac
702 4847 1013 4901 indecorum
1056 4858 1335 4916 peccatum
1362 4891 1378 4916 ,
1427 4858 1615 4918 postea
1661 4844 1974 4918 fragrantiis

395 4934 705 4998 vincentes,
739 4937 1073 5004 ingredimur
1105 4937 1301 4991 iterum
1339 4939 1390 4992 itt
1423 4948 1735 4992 sanctorum
1770 4942 1968 5000 castra,

397 5024 452 5081 id
486 5036 567 5080 est
595 5027 645 5080 in
672 5027 899 5082 ecclesia
932 5029 1431 5097 primogenitorum.
1468 5028 1522 5084 In
1546 5028 1762 5083 Christo
1788 5037 1970 5080 autem

397 5117 539 5172 istuc
567 5117 852 5184 perficitur
874 5158 889 5183 ,
922 5119 965 5173 si
1002 5119 1336 5189 accipiamus
1360 5134 1574 5174 crucem
1606 5120 1773 5182 illius,
1809 5126 1967 5171 uten-

401 5213 485 5260 tes
517 5207 631 5261 acri
673 5208 1003 5275 cogitatione
1051 5216 1106 5263 et
1148 5208 1214 5263 ad
1245 5209 1606 5264 resistendum
1638 5220 1881 5263 strenua.
1913 5206 1969 5260 Id

406 5298 544 5353 enim
592 5299 811 5368 oblique
857 5301 1129 5366 innuitur,
1158 5316 1222 5357 eo
1248 5302 1391 5372 quod
1420 5301 1710 5357 habeamus
1746 5303 1797 5356 in
1834 5317 1968 5356 zona

405 5390 612 5444 clavum
639 5433 654 5457 ,
706 5393 756 5446 id
803 5403 886 5449 est
924 5394 1153 5464 lignum.
1204 5394 1375 5465 Igitur
1418 5394 1772 5466 spiritualiter
1815 5395 1972 5450 intel-

428 5506 473 5541 "
498 5506 652 5560 Deut.
687 5524 841 5571 xxtu,
868 5510 957 5565 Η.
1031 5511 1074 5544 ³⁰
1108 5511 1250 5569 Psal.
1280 5528 1434 5577 xvut,
1463 5513 1549 5568 15.

471 5642 581 5718 (ξ’ῖ)
628 5648 886 5718 Ὀρύξεις.

473 5716 583 5786 αλδ)
614 5716 774 5774 Forte
806 5723 860 5775 ἐν
900 5722 1063 5792 αὐτῷ.

2094 462 2187 515 καὶ
2211 461 2297 514 διά
2317 461 2522 517 τούτων
2551 462 2748 524 αὐτοὺς
2780 462 2861 524 εἰς
2886 459 2986 531 τὴν
3012 457 3120 512 τῶν
3156 457 3387 513 εἰδώλων
3413 459 3677 530 λατρείαν

2089 553 2475 624 ἀγρεύσαντες.
2532 553 2634 607 Τὸν
2675 552 2854 624 μέντοι
2892 551 3186 621 Ἰδουμαῖον
3230 551 3323 605 καὶ
3359 551 3450 606 τὸν
3503 552 3672 619 Αἰγύ-

2090 665 2244 700 πτιον
2275 647 2410 719 μετὰ
2431 646 2618 718 τρίτην
2639 646 2845 699 κελεύει
2874 644 3191 716 προσίεσθαι
3212 645 3424 715 γενεὰν,
3448 644 3539 698 τὸν
3567 645 3672 715 μὲν

2090 743 2165 808 ὡς
2199 743 2442 813 ἀδελφὸν,
2473 742 2563 794 τὸν
2584 742 2640 795 δὲ
2662 741 2737 804 ὡς
2770 741 3063 813 εὐεργέτην
3093 744 3149 794 ἐν
3176 740 3352 811 καιρῷ
3371 756 3563 810 γεγενη
3574 740 3671 811 μέο

2088 852 2198 890 νον.
2217 834 2389 905 Λιμοῦ
2412 833 2509 905 γὰρ
2529 833 2945 905 προσπεσόντος,
2964 835 3042 896 εἰς
3055 833 3323 901 Αἴγυπτον
3338 830 3672 894 εἰσελθόντες

2093 928 2141 978 οἱ
2185 928 2419 998 πατέρες
2465 924 2644 980 αὐτῶν
2698 926 3082 998 διετράφησαν.
3140 925 3387 979 Διδάσκει
3429 923 3609 977 τοίνυν
3639 924 3673 974 ὁ

2094 1016 2255 1087 νόμος
2299 1018 2467 1089 ἡμᾶς,
2515 1018 2649 1089 μηδὲ
2687 1018 2923 1081 παλαιᾶς
2962 1016 3276 1088 εὐεργεσίας
3308 1017 3667 1087 ἀμνημονεῖν.

2093 1110 2240 1179 Στίχ.
2285 1109 2364 1163 ιδ’.
2394 1110 2458 1163 Τί
2486 1112 2652 1171 ἐστιν,
2680 1110 2797 1162 Ὅτι
2836 1111 3051 1177 Κύριος
3084 1112 3115 1163 ὀ
3141 1110 3283 1179 Oed;-
3317 1124 3431 1162 σου
3486 1106 3668 1176 ἐμπε-

2362 1180 2603 1247 ριπατεῖ
2635 1180 2704 1233 ἐν
2738 1179 2811 1247 τῇ
2844 1178 3189 1249 παρεμϐολῇ
3219 1195 3366 1242 σου;

2160 1266 2280 1323 Οἵδε
2314 1269 2571 1333 πολλάκις
2593 1268 2887 1339 δυσοσμίας
2910 1269 2939 1319 ό
2963 1268 3073 1339 ἀὴρ
3106 1266 3519 1337 ἐμπιπλάμενος
3555 1262 3670 1319 λοι-

2092 1362 2190 1433 μὸν
2224 1364 2489 1434 ἐμποιεῖν.
2556 1361 2839 1415 Ἐκέλευσε
2899 1360 3077 1414 τοίνυν
3131 1360 3316 1422 αὐτοῖς
3369 1374 3675 1429 στρατοπε-

2087 1456 2399 1528 δευομένοις
2417 1456 2518 1529 τὴν
2547 1455 2940 1526 ἐκκρινομένην
2987 1451 3395 1523 καταχωννύναι
3438 1452 3673 1523 κόπρον.

2092 1548 2208 1601 Ἵνα
2231 1548 2288 1601 δὲ
2320 1547 2395 1619 μὴ
2417 1547 2812 1620 ἀπειθήσαντες
2845 1545 3047 1617 βλάϐην
3083 1544 3442 1610 εἰσδέξωνται,
3497 1544 3675 1610 ἀναγ-

2019 1672 2065 1726 Β¹
2091 1641 2261 1704 καίως
2286 1641 2565 1711 ἐπήγαγεν
2585 1656 2597 1669 ·
2631 1640 2751 1692 Ὅτι
2779 1639 2995 1706 Κύριος
3021 1641 3054 1691 ό
3094 1635 3238 1701 Θεὸς
3286 1634 3675 1705 ἐμπεριπατεῖ

2084 1735 2155 1788 ὲν
2187 1733 2263 1802 τῇ
2286 1732 2632 1804 παρεμϐολῇ
2666 1746 2804 1787 σου.
2863 1732 2974 1785 Καὶ
3018 1730 3117 1801 τὴν
3160 1728 3338 1783 αἰτίαν
3385 1727 3625 1782 διδάσκει
3649 1745 3662 1757 ³

2097 1825 2436 1889 Ἐξελέσθαι
2465 1840 2560 1888 σε,
2596 1824 2693 1877 καὶ
2728 1823 3099 1892 παραδοῦναι
3146 1823 3253 1877 τὸν
3292 1822 3509 1891 ἐχθρόν
3546 1838 3666 1876 σου

2084 1915 2197 1983 πρὸ
2237 1914 2559 1983 προσώπου
2589 1928 2724 1968 σου.
2763 1912 2862 1967 Διά
2893 1913 2949 1967 δὲ
2980 1912 3167 1966 τούτου
3211 1910 3457 1965 παιδεύει
3496 1911 3668 1982 μηδὲν

2083 2005 2341 2076 πράττειν
2373 2005 2707 2076 παράνομον.
2731 2004 2901 2058 Τοῦτο
2929 2003 3037 2077 γὰρ
3058 2004 3286 2072 ἐπάγει·
3332 2002 3441 2055 Καὶ
3490 2002 3667 2056 ἔσται

2082 2100 2121 2167 ἡ
2148 2098 2487 2168 παρεμϐολή
2531 2113 2646 2152 σου
2680 2098 2838 2168 ἁγία.
2877 2098 2976 2151 καί
3003 2100 3116 2167 οὐχ
3162 2094 3545 2165 εὑρεθήσεται
3594 2096 3667 2149 ἐν

2082 2189 2183 2243 σοὶ
2220 2190 2657 2259 ἀσχημοσύνης
2703 2188 2962 2259 πρᾶγμα.

2083 2276 2230 2347 Στίχ.
2258 2276 2344 2330 ιϐ’.
2376 2276 2483 2330 Καὶ
2519 2280 2551 2330 ό
2596 2279 2780 2343 τόπος
2824 2278 2981 2330 ἔστω
3014 2292 3133 2339 σοι,
3170 2276 3365 2347 φησὶν,
3403 2275 3520 2343 ἔξω
3549 2275 3665 2345 τῆς

2365 2347 2767 2415 παρεμϐολῆς,
2795 2348 2892 2401 καὶ
2914 2347 3209 2416 ἐξελεύση
3230 2347 3372 2401 ἐκεῖ.

2080 2438 2230 2508 Στίχ.
2266 2444 2354 2507 ιγ’.
2386 2439 2493 2492 Καὶ
2529 2438 2854 2508 πάσσαλος
2883 2439 3055 2492 ἔσται
3083 2456 3179 2493 σοι
3211 2439 3309 2491 ἐπὶ
3342 2436 3453 2505 τῆς
3476 2436 3673 2505 ζώνης

2150 2507 2285 2578 σου.
2316 2509 2426 2562 Καὶ
2459 2509 2627 2563 ἕσται
2658 2507 2807 2578 ὅταν
2847 2508 3161 2578 καθιζάνῃς
3183 2508 3319 2573 ἔξω,
3366 2509 3467 2561 καὶ
3521 2509 3663 2575 ὀρύ-

2149 2577 2262 2649 ξῃς
2293 2579 2403 2649 (57)
2448 2579 2518 2632 ἐν
2546 2577 2725 2645 αὐτῷ,
2774 2579 2874 2633 καὶ
2918 2578 3312 2649 ἐπαναγαγὼν
3363 2580 3673 2648 reality/recc

2149 2638 2266 2717 ἐῆτλ
2299 2638 2745 2719 ὶίσῇιημοσύνην
2787 2665 2904 2705 σου
2937 2638 3155 2705 ἑαυτοῦ
3185 2638 3316 2719 (58).

2078 2741 2225 2823 Στίχε
2254 2743 2334 2795 ιδ’.
2362 2743 2489 2823 Ὅτι
2522 2744 2804 2823 Κύριος
2838 2745 2981 2823 ρεός
3013 2758 3129 2797 σου
3169 2742 3555 2823 ἐμπεριπαςεζ

2147 2812 2223 2880 τῇ
2253 2812 2601 2901 παρεμϐολῇ
2629 2813 2944 2901 ἐξελέσθαι
2972 2829 3079 2901 σε,
3136 2814 3231 2894 καὶ
3262 2812 3669 2901 ’παραδοῦςαξ

2147 2900 2247 2936 σοι
2285 2884 2390 2936 τὸν
2412 2884 2629 2951 ἐχθρόν
2667 2901 2781 2937 σου
2827 2887 2915 2951 εἰς
2963 2883 3071 2949 τὰς
3110 2882 3313 2952 χεῖράς
3346 2900 3483 2937 σου.
3546 2882 3663 2938 Καὶ

2150 2952 2322 3007 ἔσται
2343 2956 2381 3021 ἡ
2413 2953 2756 3023 παρεμϐολή
2790 2969 2906 3008 σου
2935 2955 3091 3023 ἁγία,
3129 2954 3227 3007 καὶ
3251 2956 3362 3008 οὐκ
3394 2953 3660 3022 ὀφθήσε-

2005 3026 2051 3082 C.
2156 3040 2250 3076 ται
2276 3025 2345 3076 ἐν
2368 3024 2466 3077 σοὶ
2502 3026 2903 3095 ἀσχημοσύνη
2935 3024 3296 3093 πράγματος.

2149 3112 2536 3185 Παραιτεῖσθαι
2569 3114 2667 3184 μὲν
2695 3113 2804 3183 γὰρ
2833 3115 2941 3166 πᾶν
2977 3110 3115 3176 εἶδος
3152 3110 3490 3183 ἀκαθαρσίας
3524 3109 3673 3180 πρέ-

2078 3220 2168 3255 πει
2208 3201 2331 3266 τοὺς
2378 3202 2824 3273 κατανδρίζεσθαι
2860 3202 2967 3255 τῶν
3010 3199 3216 3271 νοητῶν
3260 3197 3668 3269 ἐπιθυμοῦντας

2077 3291 2306 3363 ἐχθρῶν.
2356 3292 2571 3363 Ἐπειδὴ
2620 3293 2676 3345 δὲ
2728 3292 2898 3346 πολλὰ
2950 3292 3215 3363 πταίομεν
3264 3291 3521 3354 ἅπαντες,
3562 3291 3667 3344 καὶ

2077 3385 2225 3435 νοσεῖ
2264 3382 2424 3453 μὲνή
2480 3382 2767 3454 ἀνθρώπου
2832 3383 2993 3453 φύσις
3045 3383 3106 3437 τὸ
3161 3381 3435 3435 εὐόλισθον
3472 3383 3550 3444 εἰς
3594 3381 3668 3435 τὸ

2078 3470 2421 3542 πλημμελές
2456 3473 2715 3541 συνήσει
2749 3474 2805 3526 δέ
2834 3473 3007 3535 οὐδεὶς
3038 3472 3495 3542 παραπτώματα,
3516 3470 3666 3524 κατά

2076 3564 2176 3636 τὴν
2204 3564 2297 3617 τοῦ
2338 3565 2646 3630 Ψάλλοντος
2680 3567 2892 3637 φωνήν·
2930 3564 3162 3628 Γένοιτο,
3188 3564 3340 3637 φησὶ,
3392 3565 3490 3635 μιᾷ
3548 3562 3667 3615 τῶν

2076 3656 2334 3727 ἐμφύτων
2377 3659 2471 3711 καὶ
2533 3659 2590 3709 ἐν
2644 3658 2771 3728 ὑμῖν
2820 3656 3170 3728 ἀκαθαρσιῶν
3226 3653 3663 3726 περιθραύεσθαι.

2081 3746 2380 3817 μονονουχὶ,
2411 3749 2504 3799 καὶ
2543 3746 2859 3801 ἁλίσκεσθαι
2897 3764 2947 3799 τι
2979 3748 3339 3817 νενοσηκότας
3390 3745 3497 3800 τῶν
3552 3744 3668 3811 ἔξω

2077 3838 2242 3909 νόμου
2273 3839 2367 3892 καὶ
2393 3838 2535 3909 ζωῆς
2560 3839 2951 3911 άγιοπρεποῦς.
3001 3840 3231 3891 Ἐνοικεί
3260 3839 3367 3909 γὰρ
3412 3840 3526 3900 τοῖς
3559 3838 3665 3908 μέ-

2078 3927 2194 3980 λεσι
2222 3928 2324 3997 τῆς
2357 3929 2558 3997 σαρκὸς
2579 3929 2678 3999 τῆς
2709 3928 2980 4000 ἁμαρτίας
3003 3928 3030 3977 ὁ
3066 3928 3246 3998 νόμος.
3286 3926 3506 3999 Πρῶτον
3558 3928 3674 3998 μὲν

2082 4020 2157 4091 μὴ
2187 4020 2435 4091 ἐναργῶς
2468 4021 2562 4073 καὶ
2584 4020 2902 4091 ἁκρύπτως,
2938 4022 3073 4092 μήτε
3104 4022 3210 4091 μὴν
3251 4023 3308 4073 ἐν
3359 4020 3480 4091 ὄψει
3521 4020 3664 4074 πολ-

2077 4110 2205 4176 λῶν,
2233 4112 2299 4164 τὰ
2335 4113 2398 4164 ἐκ
2430 4112 2526 4183 τῆς
2578 4112 2890 4183 ἀρρωστίας
2940 4112 3261 4184 πραττέσθω
3309 4112 3660 4183 πταίσματα·

2078 4203 2192 4257 ἀλλ’
2215 4196 2325 4256 οἷον
2367 4202 2471 4267 ἔξω
2500 4203 2785 4274 λεληθότες
2805 4243 2819 4267 ,
2857 4205 2949 4258 καὶ
2978 4205 3052 4268 ὡς
3080 4205 3352 4259 ἀπωτάτω
3380 4206 3479 4276 τῆς
3511 4221 3659 4276 παρ-

2081 4294 2351 4366 εμϐολῆς·
2388 4292 2507 4349 εἶτα
2555 4297 2674 4357 ταῖς
2704 4295 3108 4366 ἐπανορθώσεσι
3131 4296 3657 4361 κατακαλυπτέσθω,

2081 4388 2236 4458 φησί·
2265 4388 2448 4457 Σοφοὶ
2482 4388 2591 4460 γὰρ
2623 4390 2973 4457 καλύψουσι
3017 4388 3125 4455 τὰς
3167 4388 3397 4443 ἑαυτῶν
3444 4388 3662 4457 αἰσχύ-

2079 4498 2212 4548 νας,
2235 4481 2375 4535 κατὰ
2401 4481 2463 4534 τὸ
2494 4481 2892 4553 γεγραμμένον.
2926 4481 3340 4552 Καταλήγοντες
3383 4480 3491 4551 γὰρ
3548 4481 3661 4536 τῶν

2081 4572 2583 4644 πλημμελημάτων,
2617 4573 2711 4626 καὶ
2739 4575 2857 4636 ταῖς
2883 4575 2960 4636 εἰς
2991 4572 3060 4625 τὰ
3085 4573 3293 4644 ἀμείνω
3310 4575 3503 4644 ῥοπαῖς
3526 4575 3665 4628 ἀνα-

2082 4662 2470 4733 στοιχειοῦντες
2493 4662 2695 4734 τρόπον
2719 4663 2842 4716 τινὰ
2886 4663 2978 4717 τὸν
3006 4662 3152 4729 νοῦν,
3184 4665 3264 4726 εἰς
3287 4662 3348 4715 τὸ
3373 4663 3483 4716 δεῖν
3542 4664 3662 4717 ἐλέ-

2083 4756 2204 4811 σθαι
2253 4756 2315 4810 τὸ
2346 4754 2608 4825 ὠφελοῦν,
2669 4756 2733 4808 ἐκ
2789 4756 2953 4826 μέσου
3007 4754 3309 4826 ποιούμεθα
3358 4755 3426 4809 τὰ
3482 4772 3657 4827 προσ-

2080 4849 2426 4919 πταίσματαο
2476 4849 2568 4901 καὶ
2616 4848 2713 4920 τὴν
2761 4849 3001 4919 ἄκοσμον
3049 4848 3323 4921 ἁμαρτίαν
3376 4850 3499 4912 ταῖς
3544 4848 3661 4901 τῶν

2079 4939 2276 5010 ἐφεξῆς
2324 4939 2575 5003 εὐωδίαις
2637 4941 2960 5011 νικήσαντες
2996 4980 3010 5004 ,
3075 4940 3495 5012 εἰσελευσόμεθα
3550 4942 3658 4995 πά-

2077 5030 2161 5085 λιν
2182 5033 2262 5095 εἰς
2290 5032 2399 5084 τῶν
2453 5032 2622 5101 ἁγίων
2670 5033 3042 5105 παρεμϐολήν,
3098 5033 3374 5087 τουτέστιν
3426 5036 3508 5097 εἰς
3555 5034 3661 5099 τὴν

2077 5122 2186 5176 τῶν
2219 5124 2574 5195 πρωτοτόκων
2601 5125 2913 5197 ἐκκλησίαν.
2980 5129 3067 5180 Ἐν
3096 5127 3327 5199 ,Χριστῷ
3380 5127 3437 5180 δὲ
3496 5126 3658 5180 τοῦτο

2076 5211 2398 5284 πληροῦται,
2434 5215 2481 5266 εἰ
2502 5213 2758 5285 λάϐοιμεν
2809 5215 2902 5269 τὸν
2953 5216 3116 5269 αὐτοῦ
3171 5216 3433 5288 σταυρὸν,
3468 5216 3663 5288 γοργῷ

2079 5302 2189 5375 (59)
2223 5306 2317 5359 καὶ
2339 5304 2687 5377 εὐζωνοτάτῳ
2715 5309 3017 5379 φρονήματι
3054 5307 3401 5379 κεχρημένοι.
3437 5307 3510 5359 Τὸ
3543 5307 3655 5380 γὰρ

2077 5394 2223 5465 ἔχειν
2254 5398 2404 5467 ἡμᾶς
2450 5398 2541 5451 ἐπὶ
2570 5397 2660 5452 τοῦ
2691 5398 2967 5470 ζωστῆρος
3025 5397 3321 5468 πάσσαλον,
3363 5399 3531 5470 ήγουν
3593 5397 3661 5452 τὸ

2157 5651 2266 5724 (59)
2294 5653 2447 5722 Cod.,
2475 5670 2631 5728 γοργ.
