3880 6216
138 176 270 198 σι’-ι

195 194 274 231 "0
1444 206 1694 265 ADNOT.
1739 206 1804 263 IN
1846 207 2241 269 DEUTERON.
3410 216 3481 273 34

197 324 399 390 ξύλον,
450 325 612 380 τοῦτο
658 326 902 397 πλαγίως
953 327 1342 381 ὑπαινίττεται.
1403 328 1792 400 Πνευματικῶς

1905 329 2216 386 lectualium
2254 349 2437 388 rerum
2469 334 2760 406 imaginem
2789 334 3085 392 eﬂiciamus
3111 352 3172 392 ea
3203 353 3323 408 quae
3354 353 3480 394 cor-

197 414 299 470 οὗν
329 418 441 470 τῶν
472 419 679 490 νοητῶν
723 420 1069 473 ὑποτύπωσιν
1136 420 1446 492 ποιούμενοι
1496 421 1565 474 τὰ
1614 439 1800 492 σωμα-

196 510 335 562 τικά
359 527 373 540 ·
403 510 468 562 οὐ
515 511 623 581 γάρ
653 513 817 581 ἐσμεν
860 514 917 565 ἐν
977 511 1357 583 ἀκαθαρσίαις,
1388 515 1446 567 ἐν
1504 513 1801 584 ὀφθαλμοῖς

197 602 523 673 ἐπαμύνειν
577 603 672 656 τοῦ
737 606 1099 675 πεποιηκότος
1155 605 1290 658 Θεοῦ
1343 607 1425 670 εἰς
1488 606 1799 678 ἐφεδρῶνας

200 691 401 755 ἰόντες,
437 696 531 746 Δεῖ
553 688 646 745 οῦν
673 696 704 764 ἡ
715 695 821 763 μᾶς
851 694 1248 765 καταχωννύειν
1272 696 1637 767 ἀκαθαρσίας,
1679 698 1799 749 ’Ὁτι

197 785 427 851 Κύριος
446 788 756 852 περιπατεῖ
776 788 847 841 ὲν
884 786 957 855 τῇ
983 786 1348 858 παρεμϐολῇ.
1398 788 1647 842 Ἐνοικεῐ
1689 789 1796 861 γὰρ

193 875 353 944 ἡμῖν
373 878 473 929 καὶ
501 877 891 946 ἐμπεριπιιτεῐ
907 881 1179 948 Χριστός.

858 971 1016 1026 ΚΕΦ.
1045 972 1169 1025 KA'.

198 1058 320 1131 (60)
340 1061 493 1130 Στίχ.
522 1067 593 1125 ς’.
635 1064 756 1115 Οὐκ
808 1062 1195 1131 ὲνεχυρὰσεις
1222 1065 1441 1132 μύλων.
1482 1064 1626 1118 οὐδὲ
1674 1065 1799 1119 ἐπι-

380 1132 630 1199 μύλιον,
671 1134 762 1186 ὅτι
802 1133 1014 1203 ψυχὴν
1042 1135 1230 1199 οὕτως
1261 1134 1617 1204 ἐνεχιψάζει.

276 1264 382 1328 Εἰς
410 1264 477 1317 τὸ
498 1264 646 1318 αὐτὸ
668 1265 886 1333 ἄλλως.
918 1267 1030 1320 Οὐκ
1048 1266 1163 1320 ἔστι
1184 1268 1350 1338 μύλος
1367 1268 1487 1321 οὐδὲ
1502 1270 1796 1341 ἐπιμύλιον

201 1355 357 1426 ψυχῇ
386 1356 547 1427 (60‘),
580 1359 713 1412 ἀλλὰ
757 1359 894 1430 πρὸς
936 1361 1196 1432 ἐργασίαν
1224 1361 1464 1414 σύντελεί
1496 1365 1681 1434 ἄρτου,
1728 1364 1797 1417 δι’

195 1440 264 1501 ὦ
291 1448 527 1517 μάλιστα
552 1448 716 1512 ζῶσιν
744 1451 792 1501 οἱ
819 1448 1110 1521 ἄνθρωποι.
1137 1450 1479 1520 Σημειωτέον
1496 1451 1681 1504 αὑτὸν*
1708 1450 1799 1504 διὰ

194 1537 267 1589 τὸ
296 1532 457 1608 αἷμα.
492 1541 602 1592 Καὶ
627 1539 734 1611 γὰρ
770 1541 897 1612 περ)⁸
926 1541 1087 1595 αὐτοῦ
1112 1540 1307 1613 ἐλέχθη
1332 1558 1348 1573 ο
1389 1543 1518 1595 ’Ὁτι
1552 1543 1658 1598 τοῦ
1683 1543 1798 1597 σώ-

192 1646 395 1698 ματος
441 1631 507 1683 τὸ
547 1626 689 1700 αἷμα
720 1632 891 1701 ψυχή
938 1634 1128 1688 ἐστιν.
1178 1634 1651 1707 Καταχρηστικῶς
1702 1632 1795 1692 οῦν

197 1720 379 1773 ταῦτα
412 1723 647 1793 νοητέον.
667 1722 801 1775 Οὔτε
831 1724 937 1796 γὰρ
971 1726 1031 1778 τὸ
1049 1721 1209 1797 αἷμα,
1233 1725 1356 1779 οὔτε
1377 1729 1405 1779 ὁ
1432 1726 1597 1798 μύλος
1620 1728 1788 1800 ψυχὴ,

198 1812 343 1866 ἀλλὰ
376 1814 513 1885 πρὸς
543 1815 604 1868 τὸ
632 1813 731 1887 ζῇν
764 1816 1199 1889 συμϐαλλόμενα.

841 1930 1000 1984 ΚΕΦ.
1045 1931 1170 1984 KZ’.

304 2039 419 2109 (6|)
440 2040 589 2109 Στίχ.
618 2048 699 2093 ιε’.
730 2042 839 2096 Καὶ
873 2041 1047 2108 θήσει
1079 2043 1226 2097 αὐτό
1254 2044 1325 2097 ἐν
1355 2046 1699 2115 ἀποκρύφῳ.

290 2132 511 2204 Ἐπειδὴ
540 2135 685 2198 εἰκὸς
717 2131 810 2206 ἧν,
834 2135 985 2199 τινὰς
1016 2136 1165 2206 φόϐῳ
1196 2137 1295 2207 τῆς
1323 2140 1591 2210 τιμωρίας
1624 2157 1792 2192 σπου-

201 2222 392 2287 δάζειν
423 2225 729 2292 λανθάνειν,
773 2227 869 2280 καὶ
913 2229 970 2279 ἐν
1000 2228 1339 2299 παραϐύστῳ
1372 2230 1467 2283 καὶ
1500 2230 1791 2284 λανθανόν-

202 2332 314 2378 τως
340 2316 439 2386 τὴν
468 2317 725 2371 ἀσέϐειαν
769 2319 1125 2391 ἐπιτηδεύεινο
1179 2322 1317 2393 πρὸς
1362 2320 1584 2392 μείζονα
1628 2322 1791 2391 φόϐον

204 2408 303 2460 καὶ
329 2409 562 2480 ἀπειλὴν
591 2410 701 2463 τῶν
742 2410 915 2464 ταῦτα
951 2412 1269 2477 ποιούντων,
1300 2416 1395 2466 καὶ
1448 2415 1610 2486 ἀραῖς
1655 2416 1791 2469 ὑπο-

203 2497 395 2552 ϐάλλει
425 2503 547 2564 τοὺς
574 2503 892 2575 ἀμάρτυρον
918 2505 1018 2576 τὴν
1047 2506 1322 2576 ἁμαρτίαν
1367 2506 1789 2578 ἐργαζομένους.

203 2591 457 2646 Τοιοῦτοξ
495 2596 633 2647 εἰσιν
669 2597 718 2647 οἱ
757 2594 1038 2649 εὐλάϐειαν
1062 2597 1393 2651 ἐπίπλαστον
1433 2599 1793 2669 ὑποκρινόμε-

197 2701 310 2747 νοι,
340 2684 490 2737 ἔνδον
508 2685 566 2738 δὲ
597 2687 663 2739 τὰ
697 2687 843 2759 πάθη
878 2688 1317 2759 κατορύττοντες,
1341 2688 1436 2743 καὶ
1469 2690 1527 2742 ἐν
1578 2689 1656 2760 τῷ
1692 2689 1793 2760 τῆς

199 2776 449 2840 διανοίας
473 2780 736 2848 κινήματι
759 2779 892 2851 πρὸς
915 2784 1024 2835 πᾶν
1041 2777 1177 2844 εἶδος
1212 2780 1440 2844 ἀτοπίας
1470 2778 1795 2849 ἐκϐακχευό-

206 2883 388 2936 μενοι.
424 2863 580 2921 Οὗτοί
601 2871 740 2922 είσιν
772 2872 820 2924 oi
838 2874 895 2925 ἐν
910 2871 1211 2943 ἀποκρύφῳ
1234 2869 1473 2932 τιθέντες
1490 2869 1558 2923 τὰ
1574 2870 1788 2922 εἴδωλα.

205 2956 325 3026 (62)
361 2958 507 3028 Στίχ.
554 2957 639 3022 ιζ’.
702 2960 1156 3028 Ἐπικατάρατος
1207 2963 1240 3013 ό
1286 2950 1617 3028 μετατιθεὶς
1664 2959 1793 3027 ὅρια

792 3033 899 3085 τοῦ
938 3033 1226 3099 πλησίον.

283 3119 451 3191 Ὅρια
472 3120 566 3173 τοῦ
596 3120 823 3192 πλησίον
852 3121 1171 3193 μετατίθησι
1208 3120 1303 3174 καὶ
1329 3121 1358 3172 ὁ
1397 3120 1507 3174 ἀπὸ
1537 3121 1637 3190 τῆς
1665 3121 1793 3193 ἀλη-

203 3209 335 3273 θοῦς
360 3210 711 3279 θεογνωσίας,
739 3214 833 3266 καὶ
861 3214 960 3283 τῆς
995 3212 1177 3266 ἐνθέου
1231 3211 1502 3274 πολιτείας
1537 3229 1791 3283 παρασα-

203 3300 381 3355 λεύων
406 3303 497 3355 τὸν
526 3304 676 3367 ἐντὸς
708 3306 1111 3375 εὑρισκόμενον.
1146 3305 1256 3356 Καὶ
1288 3303 1436 3373 δηλοῖ
1476 3303 1544 3355 τὰ
1593 3304 1792 3373 ἐπαγό-

207 3409 349 3463 μενα
376 3392 511 3463 (63).

206 3497 320 3570 (64)
354 3499 504 3569 Στίχ.
552 3504 640 3569 ιη’.
680 3497 1139 3622 Ἐπιωέέιέιὲτρς
1176 3503 1210 3555 ὁ
1246 3501 1498 3556 πλανῶν
1555 3501 1791 3572 τυφλόν

1048 3588 1113 3622 ω.

1048 3588 1113 3633 ῳ.

283 3659 398 3712 Τοῦ
415 3660 620 3714 αὑτοῦ.
644 3659 887 3714 Τοιοῦτοί
913 3662 1017 3713 εἰσι
1035 3662 1128 3714 καὶ
1148 3663 1195 3715 οἱ
1220 3663 1329 3716 ἀπὸ
1344 3664 1791 3735 εἰδωλολατρείας

205 3753 303 3805 καί
330 3754 460 3815 τοὺς
487 3756 551 3806 ἐκ
585 3757 883 3825 περιτομῆς
906 3756 1001 3809 ἐπὶ
1058 3756 1306 3828 μυσαρὰς
1342 3756 1583 3827 αἱρέσεις
1627 3757 1789 3825 ἐφελ-

205 3844 453 3914 κόμενοι.
485 3845 730 3915 Τυφλοὺς
750 3847 857 3918 γὰρ
884 3847 1044 3911 ὂντας
1067 3849 1264 3910 αὐτοὺς
1292 3849 1384 3900 καὶ
1409 3849 1575 3918 μήπω
1598 3848 1657 3900 τὸ
1675 3848 1790 3915 φῶς

204 3935 310 4005 τῆς
327 3934 585 4004 ἀληθείας
610 3938 907 4007 ἐσχηκότας
934 3938 1027 3991 καὶ
1050 3938 1376 4008 θεογνωσίας
1398 3979 1412 3999 ,
1450 3938 1700 3991 ἀπατῶσι
1730 3938 1788 3991 δὲ

208 4027 305 4078 καὶ
332 4025 629 4091 πλανῶσιν,
665 4028 856 4100 ἑτέραν
893 4030 1015 4084 ἀντὶ
1040 4031 1136 4101 τῆς
1196 4029 1559 4100 ἁποστολικῆς
1610 4046 1789 4100 παρα-

208 4115 522 4181 δεικνύντες
542 4118 679 4170 ὁδόν.

208 4206 326 4277 (65)
351 4208 498 4277 Στίχ.
525 4208 609 4261 ιθ’.
650 4207 1103 4283 Ἐπικατάρατος
1146 4208 1214 4275 ὃς
1264 4209 1343 4283 ᾂν
1368 4211 1623 4281 ἐκκλίνῃ
1661 4216 1787 4283 κρί-

354 4294 461 4331 σιν
492 4280 878 4346 προσηλύτου
906 4279 1002 4332 καί
1035 4278 1299 4347 ὀρφανοῦ
1325 4282 1424 4335 καί
1457 4278 1667 4352 ximat.

1902 424 2109 492 poralia
2140 437 2283 479 sunt.
2330 426 2445 481 Non
2478 427 2621 482 enim
2656 444 2841 483 smnus
2871 432 2922 483 in
2954 429 3333 495 immunditiis,
3374 435 3478 486 sub

1899 514 2072 569 oculis
2115 516 2208 571 Dei
2253 518 2488 573 valentis
2528 520 2718 588 juvare
2760 523 2849 588 qui
2906 521 3118 586 fecerit,
3162 522 3287 575 dum
3336 523 3478 578 imus

1899 605 1966 657 ad
2011 610 2414 662 exonerandam
2459 609 2661 663 alvum.
2710 610 2935 681 Oportet
2969 628 3100 681 ergo
3144 623 3204 667 ut
3240 629 3337 669 nos
3383 616 3480 669 de-

1900 694 2171 751 fodiamus
2204 699 2572 756 immunditias
2597 743 2611 767 ,
2667 703 2805 767 Quia
2842 703 3101 758 Dominus
3136 705 3369 759 antbulat
3418 707 3477 760 in

1898 790 2105 843 castris.
2152 787 2371 846 Habilat
2415 794 2561 859 enim
2601 795 2655 847 in
2687 796 2861 863 nobis,
2902 809 2949 851 et
2991 796 3284 851 inambulat
3316 796 3477 851 Chri-

1899 890 2011 936 stus
2042 880 2109 935 ³¹.

2486 977 2644 1033 CAP.
2692 979 2883 1035 XXIV.

1901 1073 1962 1127 V.
1984 1074 2037 1129 6.
2059 1074 2183 1128 Non
2207 1072 2427 1140 accipies
2450 1072 2504 1124 in
2528 1074 2712 1139 pignus
2740 1072 2953 1133 molam,
2980 1089 3139 1141 neque
3160 1073 3299 1140 quod
3323 1077 3476 1127 mola:

1968 1147 2357 1215 superponitur.
2379 1144 2628 1211 quoniam
2669 1144 2898 1194 animam
2915 1144 3056 1195 sicin
3078 1144 3265 1212 pignus
3289 1146 3472 1197 tradit.

1968 1233 2037 1290 In
2084 1238 2323 1291 eumdem
2374 1235 2549 1287 locum
2580 1234 2756 1287 aliter.
2787 1233 2902 1287 Non
2954 1234 3117 1288 habet
3159 1234 3355 1288 molam
3382 1246 3476 1291 aut

1898 1325 2043 1394 quod
2092 1326 2248 1379 mola:
2292 1322 2696 1392 superponitur,
2730 1323 2912 1376 anima
2951 1340 2966 1378 :
3009 1326 3103 1377 sed
3150 1322 3364 1379 confert
3408 1326 3475 1379 ad

1900 1416 2205 1470 faciendum
2257 1429 2496 1485 panem,
2539 1427 2648 1482 quo
2697 1414 2931 1466 maxime
2978 1413 3160 1466 vivant
3203 1415 3471 1470 homines.

1899 1507 2204 1561 Notandum
2255 1508 2355 1561 hoc
2406 1506 2579 1574 ipsum
2612 1514 2837 1573 propter
2870 1505 3211 1573 sanguinem.
3244 1504 3377 1560 Nam
3416 1518 3475 1561 et

1900 1600 1963 1653 de
2008 1599 2125 1666 ipso
2160 1598 2364 1652 dictum
2403 1606 2488 1651 est
2519 1617 2532 1652 :
2569 1596 2711 1663 Quia
2754 1598 2987 1664 corporis
3029 1598 3246 1666 sanguis
3287 1600 3468 1651 anima

1826 1686 1868 1741 Β
1896 1708 1968 1746 est
2000 1692 2066 1747 ³².
2100 1691 2204 1746 Pcr
2234 1691 2580 1746 catachresin
2624 1692 2739 1746 bazc
2777 1699 2905 1745 sunt
2954 1689 3326 1760 intelligenda.
3357 1690 3467 1745 Nec

1893 1787 2035 1839 enim
2069 1785 2149 1837 vel
2178 1784 2417 1853 sanguis,
2449 1783 2532 1838 vel
2564 1782 2703 1836 mola
2739 1781 2919 1836 anima
2949 1793 3053 1844 est,
3083 1782 3174 1836 sed
3200 1783 3266 1834 ad
3297 1784 3463 1837 vitam

1892 1879 2197 1934 sottfcrunt.

2467 1945 2618 2001 CAP.
2669 1944 2885 2000 XXVII.

2192 2037 2256 2092 V.
2284 2039 2370 2092 I5.
2409 2038 2471 2091 Et
2501 2050 2652 2107 ponet
2689 2038 2823 2092 illud
2858 2039 2910 2091 in
2939 2036 3161 2091 occulto.

1964 2130 2231 2198 Quoniam
2281 2130 2576 2185 verisimile
2610 2138 2726 2183 erat
2752 2168 2767 2193 ,
2801 2128 3085 2182 nonnullos
3120 2139 3265 2181 metu
3298 2140 3471 2197 panue

1894 2226 2115 2278 studere
2139 2222 2327 2286 latere,
2364 2222 2868 2290 exercitaturosque
2900 2220 3019 2275 fore
3048 2218 3380 2288 impietatem
3414 2220 3468 2273 in

1894 2316 2220 2371 abscondito
2260 2323 2315 2369 et
2341 2313 2717 2379 clandestine;
2747 2313 2815 2366 ad
2856 2311 3114 2378 majorem
3168 2320 3372 2364 metmn
3406 2327 3470 2365 ac

1895 2407 2073 2462 minas
2104 2405 2157 2459 in
2199 2419 2295 2459 eos
2328 2404 2419 2474 qui
2454 2404 2569 2458 haec
2612 2401 2901 2470 facerent,
2940 2403 3107 2456 etiam
3159 2401 3471 2457 maledictis

1895 2497 2158 2551 obnoxios
2194 2494 2325 2550 facit
2360 2494 2404 2550 si
2435 2495 2553 2549 sine
2588 2494 2818 2547 testibus
2849 2501 3127 2561 peccatum
3164 2501 3465 2561 patrarent.

1897 2590 2057 2646 Tales
2085 2600 2213 2645 sunt
2243 2588 2333 2658 qui
2366 2587 2672 2642 simulatam
2706 2587 2964 2655 pietatem
3001 2602 3110 2655 prae
3139 2600 3198 2640 se
3243 2583 3466 2648 ferunt,

1896 2682 2124 2737 interius
2156 2696 2282 2736 vero
2306 2680 2554 2734 morbum
2580 2676 2851 2731 defossum
2888 2675 3108 2740 habent,
3135 2686 3189 2729 et
3222 2674 3273 2728 in
3300 2674 3468 2728 animi

1896 2780 2044 2826 motu
2074 2771 2142 2825 ad
2186 2785 2349 2825 omne
2376 2784 2546 2840 genus
2580 2768 2937 2837 turpitudinis
2954 2767 3375 2822 debacchantur.
3404 2763 3469 2819 Hi

1895 2874 2021 2918 sunt
2046 2863 2137 2933 qui
2171 2863 2223 2917 in
2254 2862 2472 2916 oceulto
2505 2861 2647 2915 idola
2682 2869 2906 2930 ponunt.

2002 2958 2069 3013 V.
2108 2958 2189 3013 l7.
2221 2955 2537 3012 Maledicta:
2559 2958 2651 3027 qui
2675 2955 2930 3025 transfert
2956 2954 3089 3024 ﬁnes
3111 2953 3358 3023 proximi.

1964 3098 2127 3153 Fines
2168 3097 2402 3168 proximi
2443 3094 2705 3151 transfert
2731 3104 2787 3150 et
2828 3096 2873 3150 is
2901 3134 2917 3159 ,
2961 3095 3052 3165 qui
3089 3108 3120 3148 a
3153 3093 3334 3148 veraci
3373 3092 3464 3146 Dei

1893 3190 2199 3261 cognitione
2229 3229 2244 3253 ,
2270 3200 2325 3243 et
2371 3189 2552 3242 divino
2598 3186 2857 3257 regimine
2886 3188 3168 3241 submovet
3196 3200 3342 3250 cum,
3373 3183 3465 3252 qui

1895 3286 2036 3337 intra
2068 3283 2168 3336 hos
2220 3281 2359 3336 fines
2409 3281 2700 3351 reperitur.
2735 3278 2900 3349 quue
2929 3278 3215 3349 sequentia
3243 3277 3463 3347 planum

1892 3375 2119 3429 faciunt.

1949 3513 2015 3569 γ.
2051 3512 2137 3569 18.
2172 3511 2486 3567 Maledictus
2511 3511 2600 3582 qui
2629 3525 2809 3565 errare
2834 3510 2963 3580 facit
2992 3524 3188 3563 ciccum
3212 3508 3266 3561 in
3300 3508 3405 3562 uia.

1964 3671 2244 3743 Ejusdem.
2278 3671 2438 3726 Tales
2471 3681 2598 3726 sunt
2625 3679 2679 3724 et
2709 3669 2766 3735 ii,
2800 3667 2891 3738 qui
2922 3666 3167 3720 homines
3198 3667 3266 3720 ab
3296 3665 3468 3719 idolo-

1894 3764 2084 3819 latrico
2113 3764 2261 3819 cultu
2289 3772 2343 3817 et
2380 3762 2796 3817 circumcisione
2821 3758 2888 3813 ad
2918 3759 3313 3813 abominandas
3353 3757 3465 3810 ha:-

1894 3872 2040 3911 reses
2070 3856 2412 3926 pertrahunt.
2447 3854 2580 3909 Cum
2608 3853 2754 3907 enim
2794 3853 2918 3907 ριξρὶ
2952 3852 3063 3905 sint
3086 3890 3102 3916 ,
3133 3862 3189 3905 et
3232 3852 3461 3904 necdum

1893 3948 2069 4001 lumen
2101 3947 2344 4001 veritatis
2398 3944 2635 3999 habeant
2677 3959 2738 3998 ac
2768 3942 3097 4011 cognitionis
3146 3940 3277 4003 Dei,
3318 3941 3464 3993 deci-

1891 4037 2043 4106 piunt
2077 4050 2170 4089 eos
2193 4044 2248 4089 et
2280 4035 2540 4088 aberrare
2568 4032 2775 4087 faciunt
2797 4071 2813 4097 ,
2847 4031 3010 4086 aliam
3055 4030 3124 4085 ab
3167 4030 3460 4098 apostolica

1891 4130 2327 4183 demonstrantes
2354 4126 2516 4179 viam.

1962 4218 2029 4274 ν.
2056 4218 2145 4274 I9.
2177 4217 2493 4272 Maledictus
2531 4216 2827 4284 quicunque
2860 4213 3090 4268 declinat
3123 4211 3391 4281 judicium

2228 4288 2500 4356 proselyti,
2522 4297 2571 4338 et
2604 4286 2824 4353 orphani
2850 4295 2897 4337 et
2922 4285 3113 4337 viduae.

291 4369 431 4422 Ὑπὸ
459 4371 556 4441 τὴν
586 4372 754 4441 αὐτὴν
783 4372 924 4443 ἀρὰν
957 4372 1135 4443 τίθησι
1166 4375 1292 4436 τοὺς
1314 4374 1573 4440 ὡσαύτως
1606 4378 1788 4431 ἐκκλί-

1965 4379 2150 4435 Eidem
2178 4376 2541 4432 maledictioni
2588 4376 2808 4444 subjicit
2839 4374 2928 4443 qui
2959 4373 3150 4427 eodem
3177 4372 3336 4425 modo
3361 4371 3458 4424 de-

208 4477 402 4524 νοντας
433 4462 613 4532 κρίσιν
640 4462 977 4532 προσηλύτω
1028 4465 1123 4517 καὶ
1178 4465 1415 4536 ὀρφανοῦ
1460 4469 1553 4521 καὶ
1586 4471 1782 4542 χήρας,

209 4551 386 4614 ἄλλως
414 4570 531 4614 πως
560 4552 719 4605 πάλιν
748 4552 808 4604 τὸ
835 4553 967 4605 αὐτὸ
989 4553 1176 4607 είπών.
1230 4556 1291 4608 Εί
1348 4555 1455 4628 γὰρ
1514 4558 1575 4611 τὸ
1623 4561 1786 4631 ῥητὸν

209 4645 324 4715 εχει
353 4644 413 4696 τὸ
452 4644 735 4713 ὀφέλειμον
768 4644 899 4715 (66),
939 4644 1073 4697 ἀλλὰ
1093 4646 1184 4699 καὶ
1216 4648 1247 4717 ἡ
1277 4647 1475 4720 θεωρία
1503 4650 1562 4703 τὸ
1588 4651 1786 4722 ὑψηλό-

208 4754 388 4806 τερον.
409 4735 746 4807 Προσήλυτοι
775 4737 881 4809 γάρ
911 4739 1048 4790 εἰσιν
1073 4740 1121 4791 οἱ
1150 4738 1208 4805 ἐξ
1234 4739 1401 4794 ἐθνῶν
1430 4744 1689 4808 εἰσιόντες
1720 4747 1784 4815 τῇ

208 4828 344 4898 ἁγίᾳ
368 4827 464 4880 τοῦ
490 4827 627 4880 Θεοῦ
664 4828 981 4899 Ἐκκλησία.
1015 4831 1077 4883 Oi
1107 4830 1163 4883 δὲ
1201 4832 1429 4902 ὀρφανοὶ
1472 4835 1678 4906 κυρίως
1707 4838 1787 4888 εί-

212 4922 295 4973 σὶν
323 4922 373 4973 οἱ
410 4920 816 4991 ἀποταξάμενοι
848 4921 945 4991 μὲν
974 4921 1052 4992 τῷ
1081 4923 1287 4977 ἑαυτῶν
1312 4925 1480 4997 πατρὶ
1508 4925 1586 4996 τῷ
1616 4928 1791 4980 Σατα-

210 5014 296 5083 νᾷ,
323 5012 548 5083 μηδέπω
580 5012 638 5064 δὲ
657 5012 747 5065 τὸν
787 5012 994 5084 Ἰησοῦν
1027 5012 1396 5085 ἐνδυσάμενοι,
1421 5016 1536 5070 ἀλλ’
1560 5016 1639 5071 ἔτι
1692 5020 1789 5072 καὶ

212 5104 635 5175 κατηχουμένοις
648 5104 951 5177 ἐνάριθμοι.
995 5105 1223 5175 Ὁμοίως
1251 5106 1306 5159 δὲ
1341 5109 1433 5161 καὶ
1459 5103 1603 5163 οὗτοι
1632 5110 1802 5181 χῆραί

211 5198 369 5260 εἰσιν,
407 5197 839 5270 ὰποστραφείσαι
875 5197 971 5267 μὲν
1014 5197 1104 5251 τὸν
1136 5199 1637 5272 ἐγκατασπείροντα
1692 5203 1790 5256 αὐ-

282 5310 327 5343 ⁸¹
363 5308 405 5363 II
431 5310 558 5366 (lor.
585 5328 659 5376 εἰ,
695 5312 779 5366 16.
870 5312 917 5344 ³¹
940 5311 1069 5367 Lev.
1092 5329 1221 5379 xvn,
1249 5313 1335 5367 II.

281 5403 395 5476 (60)
422 5404 555 5476 God.
589 5406 714 5469 5'54,
739 5422 863 5476 pag.
894 5407 1021 5461 228.

283 5472 423 5544 (60")
454 5472 937 5549 Fortejegenduin
957 5477 1124 5549 ψυχή,
1161 5479 1589 5548 vertendumque
1616 5495 1631 5533 :
1658 5472 1787 5530 Non

212 5554 355 5599 est...
394 5547 596 5600 anima.
627 5546 786 5604 Eni'r.
812 5546 1054 5604 ΙἈτιιοι..

285 5616 395 5684 (an
420 5615 553 5684 I’ag.
588 5616 716 5672 25:.

283 5683 394 5756 (se)
424 5683 564 5742 lb'fd.

1893 4473 2098 4528 clinant
2129 4472 2392 4542 judicium
2438 4468 2694 4540 proselyti
2720 4508 2735 4533 ,
2778 4478 2833 4522 et
2875 4465 3104 4535 orphani
3154 4474 3208 4517 et
3240 4464 3464 4519 viduae:

1893 4563 1999 4619 alio
2043 4572 2201 4633 pacto
2241 4560 2639 4633 quodammodo
2687 4560 2825 4613 idem
2881 4558 3089 4612 dicens.
3153 4554 3268 4609 Etsi
3317 4555 3465 4609 enim

1898 4657 2076 4725 ipsum
2118 4653 2343 4707 verbum
2386 4667 2536 4706 suam
2566 4650 2857 4704 utilitatem
2892 4648 3094 4711 habet,
3146 4655 3202 4701 at
3254 4645 3464 4700 theoria

1887 4749 2051 4803 etiam
2121 4744 2408 4799 sublimius
2455 4743 2654 4812 aliquid
2707 4740 2941 4795 obtinet.
2987 4739 3258 4811 Proselyti
3319 4739 3464 4794 enim

1892 4846 2038 4900 sunt,
2070 4836 2162 4904 qui
2196 4850 2261 4889 ex
2290 4833 2538 4905 gentibus
2560 4842 2803 4886 sanctam
2836 4831 2929 4885 Dei
2964 4830 3345 4900 ingrediuntur
3370 4828 3468 4883 Ec-

1888 4928 2128 4982 clesiam.
2164 4923 2405 4994 Orphani
2436 4923 2649 4993 proprie
2686 4933 2815 4977 sunt
2848 4922 2906 4986 ii,
2932 4922 3021 4992 qui
3055 4922 3305 4975 nuntium
3338 4922 3464 4973 mit-

1889 5028 2065 5074 tentes
2095 5016 2236 5087 patri
2274 5030 2373 5071 suo
2404 5013 2617 5070 Satanze
2642 5054 2657 5080 ,
2690 5015 2925 5069 necdum
2962 5024 3140 5067 tamen
3172 5001 3354 5066 Jésum
3384 5011 3468 5064 in-

1890 5110 2161 5174 duentes,
2207 5108 2386 5162 adhuc
2426 5106 2566 5161 inter
2609 5107 3033 5167 catechumenos
3086 5113 3462 5158 numerantur.

1898 5199 2164 5256 Similiter
2199 5214 2416 5268 quoquc
2451 5200 2504 5254 bi
2540 5200 2715 5254 viduae
2742 5208 2888 5265 sunt,
2916 5213 3034 5268 qua:
3063 5208 3327 5252 aversata:
3347 5199 3469 5268 qui-

1982 5404 2073 5464 65)
2105 5404 2307 5461 Confer
2330 5406 2670 5464 Theodorctu
2682 5424 2756 5463 m.

1982 5473 2070 5530 διδ
2099 5473 2235 5530 Ibid.

1985 5543 2075 5599 65)
2111 5544 2246 5599 Ibid.

1987 5548 2053 5598 I55
2111 5548 2246 5599 Ibid.

1987 5548 2077 5687 66$
2107 5613 2269 5674 Forte
2295 5613 2611 5689 ιῖκρέλιμον.⁴
