3880 6216
467 303 538 358 59
1353 289 1913 350 SUPPLEMENTUM
1950 287 2040 342 AD
2080 284 2403 343 ORIGENIS
2442 284 2859 343 EXEGETICA.
3688 281 3749 334 ιο

1092 411 1243 469 CAP.
1274 411 1415 467 ΧΧΙ.

541 504 652 561 γν.
688 503 781 569 20,
806 504 896 558 2|.
924 501 1160 558 Curnam
1192 512 1570 573 prun-cperunt
1602 502 1695 556 lilii
1746 499 1909 556 Israel
1945 514 2038 553 su-

469 596 785 669 perstitibus
816 610 881 649 ex
906 594 1214 663 Benjamin,
1248 595 1486 663 virgines
1520 595 1572 649 in
1609 592 1791 648 Selom
1814 593 2045 647 choreas

469 690 733 742 ducentes
798 701 1012 756 rapere.
1065 695 1120 740 et
1192 685 1243 739 in
1321 700 1520 740 uxores
1569 685 1807 740 dueere?
1850 684 2047 739 Tribus

468 790 654 831 eorum
676 775 933 831 mulieres
960 774 1229 830 universae
1254 773 1513 843 iugulata:
1531 774 1767 839 fuerant,
1794 775 1892 844 ipsi
1917 790 2048 828 vero

465 869 829 940 iuraverant,
882 883 989 922 non
1029 867 1401 937 desponsuros
1453 867 1584 936 ipsis
1614 866 1751 921 ﬁlias
1781 882 1925 922 suas.
1982 866 2049 921 Ut

471 977 539 1016 ne
590 961 757 1030 igitur
804 960 1127 1015 necessitate
1179 958 1352 1013 coacti
1415 958 1845 1025 alienigenarum
1905 956 2047 1009 ﬁlias

469 1054 767 1114 ducerent,
811 1052 861 1105 in
907 1052 1071 1104 rebus
1114 1050 1277 1105 inviis
1319 1049 1460 1103 viam
1494 1048 1838 1114 invenerunt,
1874 1058 1926 1101 et
1956 1063 2044 1100 ra-

374 1174 377 1179 ι
466 1152 620 1212 ptum
656 1144 1051 1213 exc03itarunt.

2789 407 2945 459 ΚΕΦ.
2965 407 3097 458 KA'.

2222 499 2371 569 Στίχ.
2406 505 2476 563 κ’,
2510 506 2616 552 καθ.
2641 499 2705 551 Τί
2734 498 2933 569 δήποτε
2964 498 3299 569 προσέταξαν
3333 497 3382 549 οἱ
3404 496 3511 549 υἱοὶ
3525 494 3751 567 Ἰσραὴλ

2150 592 2263 653 τοῖς
2296 589 2582 652 διακοτοίς*
2632 591 2697 642 ὲκ
2734 588 2827 641 τοῦ
2868 588 3129 660 Βενιαμὶν
3178 590 3241 642 ὲκ
3296 588 3405 640 τῶν
3449 589 3506 640 ὲν
3540 584 3749 656 Σηλὼμ

2153 680 2491 752 χορευουσῶν
2533 681 2816 753 παρθένων
2877 682 3121 753 ἁρπάσαι
3193 698 3253 733 τε
3287 680 3381 733 καὶ
3421 679 3635 750 γῆμαις
3675 680 3747 730 Δί

2152 775 2253 845 τῆς
2288 774 2458 845 φυλῆς
2486 774 2665 827 αὐτῶν
2723 778 2979 843 γυναῖκες
3026 774 3232 829 ἅπασαι
3290 771 3744 843 κατεσφάγησανο

2155 868 2309 921 αὐτοὶ
2342 868 2397 922 δὲ
2430 870 2814 941 ὀμωμόκεσαν,
2862 870 2937 940 μὴ
2985 867 3359 938 κατεγγυῆσαι
3404 866 3586 928 αὐτοῖς
3638 862 3748 925 τὰς

2154 958 2361 1011 ἑαυτῶν
2407 959 2732 1031 θυγατέρας.
2773 959 2891 1011 Ἵνα
2930 958 3109 1011 τοίνυν
3160 957 3233 1029 μὴ
3274 956 3582 1027 βιασθέντες
3631 952 3745 1006 ὑπὸ

2150 1048 2250 1117 τῆς
2278 1050 2521 1119 ἀνάγκης
2547 1049 2877 1118 ἀλλοφύλους
2908 1052 3172 1118 γυναῖκας
3205 1050 3540 1117 ἀγάγωνται,
3568 1047 3744 1116 πόρον

2151 1136 2312 1212 εὗρον
2340 1142 2396 1194 ὲν
2430 1141 2679 1212 ἀπόροις,
2712 1140 2807 1193 καὶ
2824 1140 2923 1211 τὴν
2953 1139 3209 1212 ἁρπαγὴν
3233 1138 3554 1209 ἐπενόησαν.

1548 1444 2162 1533 ΩΡΙΓΕΝΟΥΣ
2240 1444 2723 1532 ΕΚΛΟΓΑΙ

1432 1631 1541 1683 ΕΙΣ
1583 1629 1724 1682 ΤΗΝ
1766 1630 2048 1683 ΠΡΩΤΗΝ
2078 1630 2214 1683 ΤΩΝ
2253 1631 2617 1685 ΒΑΣΙΛΕΙΩΝ
2651 1629 2785 1704 (77).

600 1936 1174 2036 ORIGENIS
1244 1896 2183 2025 ADNOTATIONES
2259 1937 2384 2024 IN
2465 1939 2929 2032 LIBRUM
3010 1944 3045 2033 1
3131 1947 3576 2041 REGUM.

1698 2123 1789 2186 (Ex
1816 2123 2119 2173 Bibliotheca
2145 2124 2503 2191 Gallandlana.)

1112 2433 1264 2489 CAP.
1296 2432 1382 2486 Ill.

542 2523 606 2593 τν.
640 2524 801 2583 6..Et
844 2526 979 2580 dixit
1007 2542 1024 2579 :
1053 2525 1385 2647 Nondt-ocavi
1426 2536 1495 2591 te,
1522 2525 1646 2593 ﬁli;
1692 2535 1963 2589 revertere,
1991 2537 2037 2578 et

1203 2612 1355 2647 ornu.

1203 2612 1355 2647 ονηιι.

470 2687 538 2744 γ.
577 2689 632 2745 7.
662 2687 725 2741 Et
778 2685 994 2741 Samuel
1049 2696 1325 2753 antequam
1376 2695 1607 2739 nosceret
1649 2685 1833 2753 Deum,
1866 2699 1912 2742 et
1944 2705 2040 2740 an-

536 2769 745 2823 tequam
790 2758 1106 2828 revelaretur
1139 2758 1185 2809 ei
1224 2755 1435 2828 uerbum
1473 2754 1685 2810 Domini
1714 2773 1731 2809 :
1758 2769 1809 2811 et
1843 2759 2037 2828 adjecrt

543 2828 799 2881 Dominus
824 2843 1004 2880 vocare
1034 2825 1272 2882 Samuel.

536 2919 661 2974 Haec
699 2928 754 2973 et
782 2920 984 2987 cogitat
1024 2930 1077 2973 et
1113 2918 1353 2988 praecipit
1402 2917 1539 2987 llcli,
1573 2929 1631 2974 ut
1675 2936 1843 2991 puero
1883 2932 2037 2992 post-

469 3027 532 3064 ea
592 3011 930 3077 crederetur,
977 3011 1122 3081 quod
1165 3026 1285 3081 qua:
1316 3026 1346 3064 a
1384 3011 1492 3066 Deo
1543 3012 1827 3083 audierat,
1893 3026 2039 3070 retu-

464 3104 611 3159 ierit.

535 3196 672 3263 Quia
708 3196 851 3253 Deus
883 3197 1035 3253 llelio
1088 3201 1227 3252 mala
1260 3199 1621 3265 praadicturus
1655 3210 1774 3255 erat
1801 3216 1896 3269 per
1932 3200 2037 3255 Sa-

460 3288 629 3354 muel,
670 3298 730 3343 ut
770 3305 877 3343 non
923 3299 1207 3358 putaretur
1241 3302 1580 3346 commentus
1612 3291 1776 3346 fuisse
1818 3290 2035 3345 Samuel

457 3380 871 3445 revelationem,
902 3397 1015 3435 rem
1049 3381 1126 3436 sic
1154 3382 1371 3437 ordinat
1400 3384 1540 3438 Dens
1565 3424 1581 3449 ,
1612 3394 1671 3438 ut
1720 3384 1810 3440 ille
1844 3396 2038 3454 putans

459 3472 603 3540 quod
635 3473 701 3527 ab
735 3471 849 3527 Heli
884 3481 1193 3541 vocaretur,
1235 3474 1301 3528 ad
1326 3472 1474 3526 illum
1503 3484 1756 3544 pergeret
1785 3492 1797 3527 :
1831 3484 1889 3529 ut
1911 3490 2035 3529 cum

461 3566 580 3620 lleli
614 3565 1011 3630 intellexisset,
1048 3565 1214 3621 Deum
1244 3579 1366 3619 esse
1398 3567 1492 3635 qui
1524 3568 1753 3621 vocabat
1777 3565 1992 3621 Samuel
2019 3585 2035 3635 ;

464 3658 581 3725 ipse
614 3672 743 3712 vero
775 3666 959 3726 postea
1007 3671 1129 3726 quae
1172 3671 1200 3709 a
1247 3656 1355 3711 Deo
1401 3656 1737 3723 audivisset,
1770 3658 2033 3726 referret;

466 3749 647 3803 nullus
688 3757 834 3804 esset
876 3749 1189 3817 suspicandi
1235 3749 1385 3802 locus
1411 3789 1428 3816 ,
1458 3753 1602 3818 quod
1652 3750 2034 3806 revelationem
2067 3778 2109 3835 ς

460 3852 610 3896 esset
640 3852 1012 3907 commentus;
1063 3842 1157 3896 sed
1207 3842 1343 3895 ﬁdes
1384 3842 1432 3894 ei
1481 3841 1854 3909 adhiberetur,
1894 3842 2036 3911 quod

467 3951 655 3993 revera
683 3935 775 3990 Dei
806 3935 1193 3989 revelationem
1219 3934 1524 3989 nuntiabat.

535 4024 598 4078 γ.
627 4026 711 4079 Η.
746 4024 813 4078 Et
849 4026 923 4079 ait
954 4024 1211 4079 Dominus
1245 4028 1312 4078 ad
1342 4023 1592 4079 Samuel:
1621 4023 1754 4079 Ecce
1778 4042 1871 4095 ego
1899 4023 2038 4093 facio

944 4096 1097 4149 verba
1134 4111 1247 4149 mea
1271 4097 1325 4148 in
1363 4095 1555 4149 Israel.

543 4188 616 4242 Ea
680 4203 874 4257 nempe
911 4203 1031 4257 qua:
1089 4202 1185 4257 per
1230 4187 1547 4256 prophetam
1604 4189 1837 4258 primum
1882 4189 2035 4242 disit.

465 4282 723 4351 Adjunxit
747 4282 910 4349 igitur
941 4299 954 4335 :
988 4281 1166 4335 omnia
1200 4296 1525 4351 quwcunquc
1576 4280 1785 4349 {ueram
1827 4280 2038 4334 locutus

463 4374 523 4427 in
561 4377 773 4427 domum
793 4374 904 4442 ejus
924 4413 939 4438 ,
977 4382 1083 4427 etc.

466 4465 529 4520 ν.
567 4468 654 4523 14.
693 4465 880 4520 Juravi
933 4466 1112 4521 domui
1157 4466 1313 4529 Heli,
1358 4466 1404 4519 si
1454 4465 1749 4534 placabitur
1782 4465 2038 4534 iniquitas

536 4539 723 4658 domitis
759 4535 881 4591 Heli
913 4537 967 4591 in
996 4537 1354 4608 thymiamatis
1379 4548 1426 4591 et
1459 4537 1514 4590 in
1553 4535 1763 4603 hostiis,
1804 4552 1964 4605 usque
1987 4538 2040 4589 in

537 4625 673 4660 διεθειι
703 4624 809 4660 um.

545 4697 767 4752 Videtur
805 4698 1205 4768 quodammodo
1238 4700 1318 4754 sic
1352 4699 1802 4767 impedimentum
1840 4711 2040 4767 ponere

466 4791 823 4860 pmnitentize,
859 4806 980 4845 eum
1006 4791 1111 4845 illis
1142 4806 1250 4845 non
1280 4791 1481 4847 tribuat
1522 4806 1671 4859 spem
1709 4791 1898 4844 venian
1932 4789 2041 4844 Sed

470 4881 689 4935 attende
722 4880 1013 4950 diligenter
1042 4881 1208 4935 dicto.
1256 4882 1387 4948 Ait,
1415 4882 1557 4951 quod
1596 4884 1649 4936 in
1692 4881 1881 4934 hostiis
1930 4895 2037 4934 non

466 4972 758 5043 indulgebo
791 4973 896 5027 illis
926 4991 939 5027 :
967 4972 1020 5027 id
1061 4983 1161 5038 est,
1199 4974 1305 5029 nisi
1347 4989 1442 5043 per
1476 4990 1640 5043 opera
1689 4984 1743 5029 et
1774 4974 2042 5043 pmniten-

2804 2442 2960 2495 ΚΕΦ.
2999 2442 3069 2496 Γ’.

2144 2529 2289 2599 Στίχ.
2325 2536 2398 2594 τ’.
2434 2530 2543 2585 Καὶ
2574 2529 2762 2587 εἶπεν·
2794 2536 2875 2587 Οὐ
2912 2536 3178 2601 κέκληκα
3207 2552 3300 2601 σε,
3325 2537 3554 2594 τέκνον·
3580 2540 3737 2596 ἀνά-

2589 2622 2830 2673 στρεφε,
2867 2604 2964 2658 καὶ
3001 2604 3271 2660 κάθευδε.

2142 2693 2311 2776 Στίχ.“
2335 2693 2412 2776 ξ’..
2454 2694 2562 2776 (ἰαὶ
2612 2695 2895 2776 Σαμουῄλ
2922 2696 3066 2776 apiir
3091 2697 3131 2776 ii
3156 2698 3580 2776 Tir-(Braaeedr,
3625 2702 3735 2776 καλ

2213 2763 2355 2830 πρὶν
2450 2763 2947 2839 ἀποκαλυφθῆναι
2978 2763 3139 2833 αὺτῷ
3162 2763 3329 2839 ῥῆμα
3357 2763 3599 2839 Κυρίου’
3626 2774 3735 2828 καὶ

2212 2834 2533 2901 προσέθετο
2547 2834 2759 2902 Κύριος
2788 2837 3042 2891 καλέσαι
3066 2834 3368 2908 Σαμουὴλ.

2214 2925 2326 2991 (78)
2358 2926 2541 2979 Ταῦτα
2571 2928 2664 2980 καὶ
2712 2931 2823 2982 νοεῖ
2854 2929 2946 2982 καὶ
2990 2930 3302 2985 ὑποτίθεται
3334 2935 3363 2986 6
3397 2934 3536 2999 Ἠλὶ,
3569 2936 3657 2989 ἴνα
3697 2936 3732 2989 6

2143 3017 2271 3078 παῖς
2290 3014 2513 3087 ὕστερον
2545 3016 2826 3089 πιστευθῇ,
2854 3019 2935 3072 ὃτι
2968 3018 3003 3073 ἀ
3026 3019 3178 3091 παρά
3204 3020 3296 3074 τοῦ
3329 3021 3461 3076 Θεοῦ
3492 3024 3733 3094 ἤκουσεν

2142 3106 2494 3177 ἀπήγγειλεν.

2227 3198 2444 3270 Ἐπειδὴ
2491 3197 2713 3268 ἔμελλεν
2754 3199 2782 3251 6
2824 3199 2955 3265 Θεὸς
2984 3200 3061 3273 τῷ
3110 3202 3227 3255 Ἠλὶ
3259 3201 3405 3257 κακά
3438 3203 3732 3275 προλέγειν

2140 3289 2228 3344 διὰ
2260 3291 2353 3344 τοῦ
2403 3293 2678 3363 Σαμουὴλ,
2708 3294 2794 3346 ἵνα
2833 3295 2906 3365 μὴ
2958 3297 3184 3367 νομισθῇ
3221 3298 3531 3355 πλάσασθαι
3563 3304 3591 3355 6
3621 3302 3733 3354 Σα-

2145 3376 2314 3449 μουὴλ
2341 3379 2439 3450 τὴν
2455 3381 2816 3451 ἀποκάλυψιν,
2851 3386 3125 3456 οἰκονομεῖ
3144 3388 3172 3439 6
3204 3387 3336 3452 Θεὸς
3365 3391 3568 3443 ἐκεῖνον
3602 3394 3730 3463 οἰη-

2142 3469 2301 3523 θέντα
2348 3472 2452 3525 ὑπὸ
2482 3473 2576 3525 τοῦ
2616 3475 2736 3528 Ἠλὶ
2771 3475 3074 3540 καλεῖσθαι,
3111 3479 3247 3551 πρὸς
3279 3481 3440 3535 αὐτὸν
3479 3484 3729 3551 ἀπιέναι,

2142 3563 2247 3627 ἵνα,
2277 3567 2403 3619 ὅταν
2432 3568 2461 3619 6
2495 3566 2591 3637 μὲν
2633 3568 2752 3621 Ἦλὶ
2774 3572 2962 3642 νοήσῃ,
2989 3571 3069 3624 ὅτι
3102 3573 3131 3624 6
3158 3572 3289 3636 Θεός
3316 3576 3462 3628 ἐστιν
3491 3577 3519 3628 6
3541 3576 3730 3631 καλῶν

2140 3654 2231 3708 τὸν
2265 3655 2533 3727 Σαμουὴλ,
2569 3657 2774 3720 ἐκεῖνος
2809 3659 2866 3711 δὲ
2897 3660 3033 3729 μετά
3063 3660 3233 3714 ταῦτα
3255 3660 3324 3714 τὰ
3355 3662 3460 3715 ὑπὸ
3475 3662 3569 3715 τοῦ
3587 3663 3728 3717 Θεοῦ

2140 3745 2441 3818 διαγγείλῃ,
2483 3746 2557 3818 μὴ
2584 3747 2894 3819 ὑποπτευθῇ
2925 3747 3000 3811 ὡς
3028 3748 3371 3821 πλασάμενος
3389 3752 3487 3822 τὴν
3515 3754 3729 3805 ἀποκά-

2142 3836 2320 3908 λυψιν,
2346 3839 2480 3892 ἀλλά
2533 3840 2818 3911 πιστευθῇ,
2853 3841 2935 3893 ὅτι
2965 3840 3179 3913 ἀληθῶς
3211 3841 3344 3895 Θεοῦ
3379 3844 3727 3913 ἀποκάλυψιν

2141 3933 2479 4004 ἀνήγγειλεν.

2141 4024 2287 4094 Στίχ.
2322 4030 2407 4096 ια’.
2445 4020 2763 4096 Καὶᾼεῖπεν
2795 4027 3008 4096 Κύριος
3039 4025 3188 4094 πρὸς
3230 4026 3531 4096 Σαμουὴλ·
3573 4027 3726 4081 Ἰδοὺ

2315 4094 2429 4165 ἐγὼ
2451 4092 2636 4147 ποιῶν
2668 4096 2738 4148 τὰ
2767 4094 3006 4164 ῥήματά
3030 4092 3148 4166 μου
3179 4097 3249 4150 ἐν
3282 4092 3537 4165 Ἰσραήλ.

2210 4189 2397 4259 Δῆλον,
2434 4189 2516 4241 ὅτι
2552 4187 2587 4242 ἃ
2623 4187 2711 4241 διὰ
2758 4188 2853 4241 τοῦ
2905 4191 3185 4259 προφήτου
3222 4189 3315 4243 τοῦ
3357 4188 3726 4260 προλαϐόντος

2140 4277 2310 4334 εἶπεν.
2350 4282 2626 4351 Ἐπήγαγε
2670 4279 2821 4349 γοῦν·
2872 4281 3069 4335 πάντα
3127 4282 3245 4336 ὅσα
3294 4282 3576 4350 ἐλάλησα
3621 4282 3724 4334 ἐπὶ

2140 4375 2247 4427 τὸν
2280 4370 2448 4427 οἷκον
2482 4372 2691 4437 αὐτοῦ,
2726 4374 2820 4426 καὶ
2845 4374 2912 4425 τὰ
2941 4374 3085 4444 ἑξῆς.

2141 4465 2289 4533 Στίχ.
2334 4464 2414 4517 ιδ’.
2452 4466 2678 4533 Ὤμοσα
2710 4463 2789 4529 τῷ
2814 4465 2957 4529 οἴκῳ
2997 4465 3141 4523 Ἠλὶ.
3175 4468 3226 4519 εὶ
3254 4466 3727 4532 ἐξιλασθήσεται

2210 4535 2409 4589 ἀδικία
2430 4536 2606 4605 Ῠοῖκου
2642 4536 2760 4589 Ἠλὶ
2793 4535 2863 4588 ἐν
2894 4535 3239 4605 θυμιάμασι,
3261 4538 3357 4591 καὶ
3391 4539 3461 4590 ἐν
3484 4541 3727 4603 θυσίαις

2209 4605 2320 4671 ἕως
2350 4604 2585 4671 αἰῶνος.

2210 4698 2369 4749 Δοκεῖ
2400 4714 2515 4759 πως
2546 4690 2647 4750 ὦδε
2678 4696 2987 4766 ἐμποδίζειν
3028 4700 3091 4767 τῇ
3142 4699 3416 4770 μετανοίᾳ,
3451 4699 3523 4770 μὴ
3546 4698 3724 4763 διδοὺς

2141 4789 2324 4851 αὐτοῖς
2357 4787 2546 4840 ἐλπίδα
2575 4790 2992 4860 συγχωρήσεως.
3040 4789 3197 4841 Ἀλλὰ
3225 4791 3456 4859 πρόσχες
3476 4792 3724 4862 ἀκριϐῶς
3780 4798 3795 4817 ⁸

2141 4878 2218 4948 τῷ
2244 4876 2411 4948 ῥητῷ.
2450 4877 2638 4947 Φησὶν,
2668 4878 2749 4929 ὅτι
2777 4877 2847 4929 ἐν
2878 4879 3116 4944 θυσίαις
3139 4880 3200 4931 οὐ
3231 4879 3497 4950 συγχωρῶ
3514 4882 3722 4943 αὐτοῖς’

2140 4969 2415 5022 τουτέστιν
2435 4968 2529 5021 ἐὰν
2550 4968 2627 5039 μὴ
2655 4968 2722 5020 δι’
2748 4968 2924 5040 ἔργων
2956 4970 3048 5024 καὶ
3079 4972 3365 5041 μετανοίας
3381 4972 3609 5036 τελείας.
3644 4974 3722 5025 Οὐ

471 5066 601 5138 ιὶίψι
634 5068 953 5135 perlectam.
981 5062 1097 5119 Non
1127 5066 1268 5118 enim
1299 5065 1526 5134 simplex
1548 5075 1633 5119 est
1669 5077 1949 5133 peceatum
1982 5072 2038 5116 ut

2162 5062 2251 5132 (ap
2300 5060 2452 5130 ψιλόν
2504 5062 2619 5112 ἐστι
2683 5060 2744 5113 τὸ
2800 5062 3125 5132 ἁμάρτημα,
3188 5062 3723 5134 ῖνα,προσαγάγωσι

466 5155 700 5211 ollerant
728 5156 967 5225 jutnenta
994 5158 1045 5211 in
1085 5158 1387 5221 victimam,
1417 5173 1538 5225 qua:
1570 5167 1786 5226 prapter
1814 5165 2036 5224 peccata

2162 5120 2437 5223 λρέμματα
2462 5155 2540 5215 είς
2570 5153 2780 5215 θυσίαν,
2818 5120 2973 5206 ἀτινα
3010 5120 3122 5208 sint.
3154 5154 3263 5207 τῶν
3290 5120 3353 5207 ¹ἐν
3372 5120 3575 5226 ’ἀγνοίᾳ
3593 5120 3604 5132 '
3623 5156 3722 5209 καὶ

471 5248 791 5318 ignorantia:
822 5258 877 5303 et
904 5249 1166 5318 simplicia
1194 5248 1376 5303 oli‘erri
1400 5248 1593 5303 solent.
1625 5246 1721 5301 llic
1748 5262 1877 5300 vero
1904 5246 2040 5301 Deus

468 5339 665 5406 estqui
694 5339 1018 5393 contumelia
1058 5338 1286 5393 allectus
1318 5348 1421 5394 est.

579 5431 643 5485 ν.
668 5431 760 5486 15.
786 5431 855 5485 Et
887 5430 1105 5486 Samuel
1133 5432 1304 5554 tiyltulit
1333 5433 1647 5485 auunntiare
1690 5432 1938 5486 visionem

1229 5520 1254 5554 e
1280 5519 1350 5554 ιυ.

1229 5519 1350 5556 ειιυ.

542 5591 814 5653 visionem
843 5595 1077 5666 appellat
1118 5609 1421 5651 sermonem
1448 5634 1461 5650 .
1498 5610 1656 5663 quem
1690 5594 1894 5649 audivit
1931 5592 2032 5648 Sa-

545 5738 658 5809 (77)
690 5739 767 5794 Ex
809 5745 929 5796 cod.
967 5732 1164 5796 Veneto
1199 5753 1312 5806 ιιι,
1343 5752 1467 5808 pag.
1495 5736 1561 5793 l9
1590 5750 1644 5792 et
1682 5752 1833 5808 δείιίι·

2141 5244 2311 5314 ψιλῶν
2355 5245 2841 5317 πλημμελημάτων
2884 5247 3213 5317 προσάγεται
3253 5248 3381 5318 περὶ
3422 5248 3719 5319 ἁμαρτίας.

2156 5336 2418 5390 Ἐνταῦθα
2451 5337 2507 5389 δὲ
2535 5339 2563 5389 6
2593 5338 2723 5400 Θεός
2755 5340 2901 5390 ἐστιν
2929 5340 2957 5389 ὁ
2991 5337 3284 5408 ὑϐρισθείς.

2145 5430 2289 5499 Στίχ.
2336 5436 2414 5483 ιε’.
2451 5430 2560 5482 Καὶ
2595 5428 2877 5551 Σαὲουὴλ
2908 5428 3169 5553 ὲεξοῗιίλθῖι
3204 5428 3557 5498 ἀπαγγεῖλαι
3606 5428 3725 5494 tip-

2715 5516 2889 5553 οασιν
2910 5517 2989 5553 τω
3149 5538 3162 5550 .

2707 5504 2889 5567 φασιν
2910 5504 2989 5564 τῷ
3022 5504 3162 5553 "Hdt.
3816 5504 3829 5527 τ

2212 5596 2440 5664 Ὄρασιν
2470 5591 2625 5646 καλεῖ
2655 5591 2745 5643 τὸν
2774 5591 2951 5659 λόγον,
2982 5590 3039 5643 ὃν
3064 5590 3264 5661 ἤκουσε
3297 5587 3567 5661 Σαμουὴλ.
3599 5587 3723 5641 Ὅτι

2226 5731 2337 5805 (78)
2375 5730 2575 5789 Confer
2603 5740 2657 5786 et
2690 5728 3087 5785 Theodoretum
3132 5728 3238 5783 hic.
