3880 6216
196 336 262 390 -ῑΙ
1410 330 1661 388 ADNO'I‘.
1702 329 1768 384 IN

1900 331 1937 383 ι.
1965 327 1984 382 1
2010 328 2271 385 REGUM.
3387 334 3457 388 42

198 459 252 511 οἱ
303 458 457 526 λόγοι
500 457 577 521 ώς
610 456 917 528 ἀκουόμενά
971 459 1079 512 εἱσι
1119 458 1417 529 πράγματα
1475 457 1564 511 διὰ
1599 456 1660 509 τὸ
1702 456 1782 525 γί-

1900 453 2054 508 muel.
2090 453 2234 509 Sane
2265 452 2390 523 quia
2440 444 2727 508 sermones
2755 462 2883 509 sunt
2922 454 3072 510 velut
3121 468 3208 511 res
3235 456 3456 521 auditae,

199 549 419 602 νεσθαι.

1893 549 2019 600 dum
2046 546 2335 600 habemur.

200 642 359 711 Στίχ.
392 639 479 705 ιζ’.
515 640 610 707 Μὴ
638 633 713 699 δὴ
730 641 969 709 κρύψῃς
983 641 1082 695 ἀπ’
1098 642 1263 710 ἐμοῦ.
1287 641 1429 695 Τάδε
1446 640 1671 709 ποήσω
1691 656 1782 695 σοι

1900 639 1957 694 ν.
1989 640 2074 694 Π.
2118 638 2203 694 Ne
2242 637 2481 711 equidem
2507 636 2835 711 'celavertsga
2864 654 2967 694 me.
3003 637 3132 693 Hcec
3164 637 3330 708 faciat
3365 640 3460 693 tibi

558 715 592 765 ὁ
620 712 787 776 Θεὸς,
814 712 913 763 καὶ
940 711 1081 764 τάδε
1117 714 1427 779 προσθείη.

287 802 456 873 Ὁρᾷς
482 802 577 855 τοῦ
596 802 733 855 Θεοῦ
760 802 860 873 τὴν
888 803 1227 874 οἱκονομίανς
1259 805 1318 857 '0
1340 804 1615 877 Σαμουὴλ,
1646 805 1791 858 ἐπει-

196 892 271 963 δὴ
297 893 512 963 χαλεπά
540 894 829 965 προλέγειν
874 896 1058 959 αὐτοῖς
1088 895 1334 967 ἔμελλεν,
1380 897 1582 951 ἔδεισεν
1612 899 1791 968 ἀπαγ-

198 985 384 1051 γεῖλαι
410 984 480 1037 τά
512 985 744 1056 ῥηθέντα
770 987 907 1057 πρὸς
936 987 1117 1041 αὐτόν.
1148 988 1205 1042 Ὀ
1239 988 1296 1041 δὲ
1339 988 1459 1042 Ἠλὶ
1483 990 1665 1060 ὅρκοις
1692 990 1791 1043 αὐ-

196 1076 299 1130 τὸν
357 1076 530 1145 φοϐεῖ·
563 1076 657 1141 οὓς
703 1077 982 1149 φοϐηθεὶς,
1028 1078 1329 1150 ἀπήγγειλε
1373 1079 1469 1133 τοῦ
1525 1080 1659 1134 Θεοῦ
1688 1082 1789 1153 τὴν

200 1167 551 1236 ἀποκάλυψιν
577 1168 657 1239 τῷ
698 1170 837 1223 Ἥλί.
872 1171 931 1223 Ὀ
969 1171 1026 1224 δὲ
1071 1172 1330 1235 ἀκούσας,
1372 1172 1492 1225 δέον
1520 1173 1788 1228 νουθετεῖν

198 1254 274 1308 τὰ
320 1256 485 1311 τέκνα
517 1258 611 1311 καὶ
648 1260 1026 1331 τιμωρεῖσθαι,
1060 1260 1145 1316 ἵνα
1176 1263 1210 1331 ή
1258 1261 1345 1315 διά
1370 1262 1470 1332 τῆς
1514 1264 1787 1328 κολάσεως

199 1348 388 1401 αὐτῶν
436 1350 740 1422 ἐπιστροφὴ
779 1352 873 1405 τὸν
918 1352 1050 1407 Θεὸν
1082 1352 1453 1424 ὲξιλεώσηται,
1500 1355 1621 1409 οὐδὲ
1659 1358 1787 1410 ἐπέ-

202 1437 433 1510 πληξεν.

856 1533 1013 1588 ΚΕΦ.
1054 1538 1129 1589 Δ’.

204 1620 438 1698 Στίχ.γσ,
454 1621 686 1698 βηιφτᾲ
711 1620 768 1675 τί
780 1623 1083 1698 ’ἔπταισεν
1096 1624 1254 1695 ἡμᾶς
1272 1628 1489 1696 Κύριος
1516 1627 1785 1698 σήμερον

280 1692 542 1746 ἐνώπιον
557 1694 920 1762 ἀλλοφύλων
941 1711 961 1759 ;
986 1692 1269 1766 Λάϐὧμεν
1293 1692 1408 1766 τῆν
1440 1692 1710 1756 κιϐωτόὖ.

2312 710 2473 774 Deus,
2495 720 2545 761 et
2580 708 2690 762 haec
2729 709 2915 762 addat.

1964 799 2159 856 Viden‘
2194 800 2290 856 Dei
2337 800 2842 869 dispensationem?
2869 800 3086 856 Samuel
3121 800 3249 870 quia
3283 802 3457 856 tristia

1888 896 2247 965 prtetlicturus
2280 902 2405 951 erat
2444 894 2550 949 illis
2576 936 2590 959 ,
2623 894 2833 949 veritus
2861 906 2948 950 est
2980 895 3310 949 annuntiare
3334 909 3458 963 qum

1888 987 1994 1043 sibi
2030 986 2172 1041 dicta
2214 985 2451 1042 fuerant.
2478 987 2550 1040 At
2571 984 2685 1039 Heli
2722 984 3155 1055 adjurationibus
3186 1000 3309 1039 eum
3335 1002 3432 1055 per

1891 1087 2059 1134 terret
2092 1096 2105 1133 :
2139 1093 2275 1147 quas
2330 1077 2596 1132 reveritus
2623 1117 2641 1144 ,
2685 1078 3018 1133 renuntiavit
3071 1076 3185 1131 Heli
3246 1077 3338 1131 Dei
3374 1093 3465 1132 ηε

1889 1170 2235 1225 relationem.
2268 1167 2320 1223 ls
2348 1170 2435 1223 ulti
2464 1169 2700 1224 audisset
2724 1207 2740 1233 ,
2763 1184 2888 1224 cum
2919 1178 3194 1237 Oporteret
3219 1183 3460 1224 commo-

1888 1278 2019 1318 nere
2042 1274 2095 1317 et
2118 1262 2389 1331 castigare
2428 1259 2649 1325 liberos,
2681 1268 2741 1313 ut
2775 1260 3062 1315 conversio
3092 1274 3278 1314 eorum
3309 1273 3338 1312 a
3368 1274 3460 1313 ca-

1886 1352 2179 1422 stigatione
2196 1361 2314 1407 orta
2349 1350 2515 1407 Deum
2537 1352 2831 1421 propitium
2854 1349 3129 1416 redderet,
3150 1350 3461 1406 nullatenus

1884 1442 2135 1512 perculit.

2530 1532 2681 1588 CAP.
2723 1529 2811 1587 IV.

1888 1620 1999 1677 νγ.
2030 1622 2086 1689 ’5,
2114 1621 2169 1677 2.
2200 1621 2400 1693 thuid
2422 1622 2759 1691 labefactavit
2787 1638 2879 1676 nos
2902 1621 3161 1676 Dominus
3190 1620 3343 1676 hodie
3364 1638 3458 1677 co-

2122 1710 2236 1746 ram
2274 1694 2581 1762 alienigenis
2603 1696 2629 1748 ?
2656 1695 2917 1759 Accipiam
2928 1710 2985 1746 us
3008 1709 3208 1747 arcam.

279 1784 497 1856 Ἐπειδὴ
532 1785 750 1857 ἔμελλεν
777 1789 811 1857 ἡ
843 1787 960 1840 θεία
992 1788 1184 1861 Γραφὴ
1221 1790 1319 1862 τὴν
1356 1790 1629 1845 ἀπώλειαν
1672 1790 1782 1844 τῶν

1954 1783 2218 1850 Quoniam
2246 1786 2570 1856 praedictum
2604 1794 2723 1839 erat
2757 1785 2938 1840 divina
2969 1784 3258 1857 Scriptura
3284 1786 3455 1841 inter-

201 1875 338 1928 υἱῶν
392 1876 511 1930 Ἠλὶ
559 1876 865 1948 προλέγειν,
902 1878 985 1931 ὅτι
1031 1895 1092 1930 τε
1140 1880 1174 1951 ἠ
1230 1880 1458 1945 κιϐωτὸς
1508 1881 1603 1934 τοῦ
1647 1880 1781 1934 Θεοῦ

202 1965 539 2038 ληφθήσεται
573 1969 679 2023 ὑπὸ
708 1969 817 2022 τῶν
852 1970 1164 2042 ἀλλοφύλων
1189 1988 1203 2002 ⁸
1239 1972 1587 2043 προλαϐοῦσα
1624 1972 1784 2045 Θερα-

203 2060 362 2113 πεύει
392 2060 491 2131 τὴν
524 2062 712 2133 ἀκοὴν,
746 2064 954 2134 μήποτὲ
984 2082 1067 2128 τις
1094 2064 1249 2135 οἰηθῇ
1287 2065 1518 2137 σκληρὸν
1535 2061 1672 2119 εἶναι
1692 2066 1783 2119 τὸν

203 2149 355 2203 Θεὸν.
380 2150 482 2204 Διά
502 2151 681 2217 τοῦτο,
708 2153 786 2216 ὡς
827 2153 984 2226 ἔφην,
1020 2156 1222 2229 ἱστορεῖ
1253 2156 1328 2220 ώς
1359 2158 1459 2209 οὐκ
1494 2155 1783 2228 ἠλαττώθη

202 2242 314 2296 τῶν
347 2243 478 2296 υἱῶν
524 2244 741 2316 Ἰσραὴλ
771 2246 804 2316 ὴ
839 2247 1007 2299 κακία
1038 2249 1134 2301 καὶ
1175 2250 1208 2319 ή
1250 2248 1494 2319 ἁμαρτία
1544 2247 1632 2302 διὰ
1681 2249 1784 2319 τῆς

202 2332 435 2404 ἀπειλῆς
457 2333 662 2405 καὶτῆς
690 2335 810 2389 κατ’
832 2336 1009 2390 αὐτῶν
1030 2339 1408 2410 προρρήσεως,
1436 2338 1551 2392 ἀλλ’
1572 2339 1783 2412 ηὐξήθη

206 2422 428 2492 μᾶλλον.

204 2514 354 2589 Στίχ.
388 2514 454 2584 β’.
472 2516 792 2589 κἘιὶινεν,
821 2519 1002 2589 φησὶν,
1028 2522 1062 2574 ό
1085 2520 1365 2589 adlegat,“
1389 2518 1509 2573 ἀντὶ
1536 2518 1653 2585 τοῦ,
1671 2520 1785 2575 Οὐκ

266 2582 413 2661 ἦσαν
471 2588 757 2661 ἰσόρροποι-
796 2582 921 2659 περὶ
1127 2582 1336 2661 μάχην.
1400 2590 1560 2661 Ἀλλὰ
1609 2582 1668 2643 τὸ
1726 2592 1783 2643 ἒν

279 2656 472 2725 μέρος,
510 2656 603 2720 εἰς
628 2657 807 2729 φυγὴν
837 2656 1067 2731 τραπὲν,
1103 2656 1346 2733 ὲϐαρῆθη
1378 2660 1455 2723 ὡς
1508 2660 1602 2713 ἐπὶ
1644 2661 1782 2715 πλά-

276 2740 521 2794 στιγγος.

274 2816 392 2888 (79)
414 2818 773 2888 Σημειωτέον,
794 2822 876 2874 δτι
891 2820 1019 2875 ἄνευ
1044 2821 1223 2885 αἰτίας
1248 2821 1503 2878 οὐδέποτε
1526 2824 1724 2895 ήττᾶτο
1754 2825 1785 2878 6

221 2909 459 2981 Ἰσραήλ’
489 2912 570 2964 διὸ
601 2914 695 2965 καὶ
726 2914 1019 2987 ἀνεζήτουν
1043 2916 1145 2986 τὴν
1167 2916 1365 2968 αἰτίαν.

210 3001 363 3072 Στίχ.
399 3008 471 3073 η’.
513 3006 578 3082 Οζ
622 3004 996 3082 πατάξαντες
1029 3005 1475 3082 τὴν-Αζγῦπτον
1505 3007 1577 3062 ἐν
1612 3008 1781 3078 πάσῃ

496 3075 720 3143 πληγῇ,
746 3078 860 3145 (80)
887 3078 989 3129 καὶ
1015 3077 1086 3129 ἐν
1109 3075 1181 3144 τῇ
1210 3077 1427 3145 ἐρήμῳ.

1884 1872 2018 1927 itttm
2060 1872 2291 1928 ﬁliorum
2332 1873 2467 1941 Heli,
2500 1889 2797 1943 areamque
2847 1874 2938 1929 Dei
2975 1876 3295 1945 capiendam
3336 1892 3460 1932 es»e

1882 1964 1951 2020 ab
1999 1963 2361 2035 alienigenis:
2414 1974 2760 2035 praeoccupat
2812 1966 3051 2021 mulcere
3089 1966 3354 2035 auditum,
3388 1984 3457 2023 ne

1882 2054 2003 2123 quis
2035 2054 2175 2111 forte
2198 2065 2474 2125 reputaret
2503 2056 2699 2111 durum
2742 2072 2865 2112 esse
2901 2059 3088 2112 Deum.
3136 2059 3452 2126 Propterea,

1880 2155 1942 2199 ut
1967 2146 2210 2217 inquam,
2238 2158 2423 2203 narrat
2447 2150 2590 2217 quod
2626 2163 2734 2203 non
2773 2148 2936 2203 fuerit
2966 2150 3310 2205 imminutum
3334 2167 3454 2207 sce-

1882 2239 1967 2294 lus
1993 2250 2049 2293 et
2072 2252 2349 2308 peccatum
2380 2240 2611 2295 ﬁliorum
2646 2240 2814 2295 lsrael
2863 2241 2975 2313 (82)
3012 2252 3235 2311 propter
3281 2246 3456 2299 minas

1881 2340 1936 2383 et
1961 2331 2361 2400 praedictionem
2392 2332 2654 2387 adversus
2692 2332 2983 2402 illos,quin
3022 2334 3201 2403 potius
3233 2346 3449 2390 auctum

1882 2420 2065 2476 fuerit.

1882 2513 1949 2569 ν.
1980 2514 2038 2570 ‘2.
2095 2513 2405 2577 Declinavit,
2469 2514 2664 2586 inquit,
2717 2516 2927 2588 bellum.
2964 2515 3091 2580 Pro,
3140 2532 3248 2571 non
3279 2533 3454 2588 aequo

1957 2594 2132 2638 marte
2158 2596 2709 2659 pttgnarepoterant.
2738 2586 2843 2659 sed
2884 2603 2989 2659 una
3026 2602 3150 2657 pars
3183 2589 3235 2641 itt
3268 2586 3449 2659 fugant

1954 2669 2134 2720 versa,
2167 2656 2597 2724 praeponderavit
2627 2657 2774 2711 velut
2802 2658 2854 2713 in
2884 2656 3057 2713 lance.

1953 2828 2280 2897 Notandum,
2333 2846 2452 2887 stne
2501 2846 2664 2887 causa
2715 2847 2990 2903 nunquam
3036 2832 3240 2889 victum
3282 2833 3452 2889 Fuisse

1882 2918 2046 2973 lsrael
2072 2935 2085 2970 :
2118 2931 2407 2990 propterea
2437 2924 2604 2977 etiam
2632 2938 2849 2978 causam
2901 2924 3274 2994 requirebant.

1881 3012 1947 3068 ν.
1972 3012 2029 3068 8.
2070 3013 2174 3078 Qui
2200 3025 2563 3095 percusserunt
2591 3013 2885 3136 fgyrltlum
2923 3016 2980 3068 in
3011 3014 3153 3068 omni
3188 3015 3369 3085 ulaga,
3395 3024 3447 3069 et

2514 3101 2569 3136 tn
2635 3101 2745 3136 eser
2769 3100 2818 3136 ο.

2514 3101 2569 3137 tn
2598 3100 2818 3137 (18881⁸10.

292 3162 384 3217 Ἐν
429 3165 536 3235 γὰρ
583 3170 649 3237 τῇ
684 3168 875 3239 ἐρήμῳ
905 3168 1101 3232 αὐτοὺς
1147 3169 1275 3232 τοὺς
1320 3170 1468 3235 υἱοὺς
1510 3168 1724 3242 Ἰσραὴλ
1754 3170 1782 3223 6

1957 3173 2012 3227 In
2059 3173 2276 3230 deserto
2323 3174 2469 3229 enim
2520 3175 2779 3245 ipsosutet
2812 3175 2951 3230 ﬁlios
2979 3174 3145 3230 lsrael
3177 3177 3318 3232 Deus
3355 3192 3455 3231 τοις

210 3254 347 3320 Θεὸς
389 3255 666 3329 διαφόροις
693 3259 929 3329 ἐδάμασε
956 3259 1213 3331 πληγαῖς,
1247 3260 1434 3333 ὥσπερ
1462 3263 1586 3326 τοὺς
1619 3264 1784 3330 Αἰγυ-

208 3349 403 3413 πτίους
426 3352 483 3402 ὲν
512 3355 578 3422 τῇ
608 3352 890 3423 Αἰγύπτῳ.

208 3442 361 3512 Στίχ.
395 3449 484 3511 ιγ’.
506 3440 633 3497 Ὀτι
650 3441 730 3515 ἦν
749 3446 787 3514 ἡ
816 3445 1029 3525 καρδία
1048 3446 1233 3525 αὑτοῦ
1256 3445 1619 3516 ἐξεστηκυῖα
1649 3447 1783 3516 περὶ

788 3517 900 3584 τῆς
930 3517 1198 3573 κιϐωτοῦ.

281 3603 528 3675 Εὐσεϐὴς
567 3606 596 3658 6
638 3604 758 3659 Ἦλὶ
808 3605 930 3659 καθ’
979 3607 1189 3660 ἑαυτόν.
1232 3608 1307 3660 Οὐ
1351 3607 1459 3679 γὰρ
1503 3610 1631 3681 περὶ
1685 3610 1784 3681 τῆς

212 3699 487 3769 σωτηρίας
524 3700 633 3751 τῶν
672 3699 878 3752 τέκνων
920 3700 1127 3769 ἠγωνία
1162 3702 1585 3773 προηγουμένως
1610 3742 1625 3767 ,
1669 3702 1782 3755 ἀλλ’

210 3791 355 3860 ὑπὲρ
385 3792 482 3862 τῆς
510 3790 765 3855 κιϐωτοῦ,
804 3792 1009 3863 μήποτε
1029 3792 1238 3861 γένοιτο
1279 3793 1385 3845 ὑπὸ
1411 3796 1521 3857 τοῖς
1554 3793 1783 3864 ἀλλοφύ-

210 3880 343 3945 λοις·
368 3882 397 3933 δ
424 3883 487 3953 δὴ
511 3884 603 3935 καὶ
630 3883 850 3953 συνέϐη.

210 3975 361 4056 Στίγι.
401 3982 490 4056 ιη’.
515 3975 628 4056 It'al
667 3975 915 4056 arerem
941 3973 1328 4056 ᾡςρμνῄςθη
1374 3972 1487 4056 τῆς
1533 3976 1780 4056 κιϐωτοῦ

246 4044 354 4099 τοῦ
396 4044 563 4109 Θεοῦ,
586 4047 682 4099 καὶ
703 4044 924 4099 ἔπεσεν
944 4044 1061 4100 ἀπὸ
1078 4044 1186 4097 τοῦ
1197 4044 1410 4113 δίφρου
1439 4046 1745 4110 ὀπισθίως.

278 4137 404 4190 Τῶν
448 4136 577 4191 υἱῶν
602 4139 701 4208 τὴν
732 4139 945 4207 σφαγὴν
987 4136 1261 4204 ἐγνωκὼς,
1297 4136 1397 4188 οὐκ
1444 4137 1681 4205 ἀγεννῶς
1721 4137 1783 4209 ῆ-

1854 3265 1983 3322 -riis
2036 3268 2277 3323 edomuit
2312 3268 2502 3339 plagis,
2556 3269 3008 3339 quemadmodum
3069 3268 3353 3342 Egyptios
3395 3271 3451 3326 in

1883 3359 2141 3428 Egypto.

1958 3449 2136 3508 v.15.
2178 3450 2317 3518 Quia
2363 3460 2475 3505 erat
2513 3466 2605 3505 cor
2642 3450 2756 3520 ejus
2809 3461 2958 3505 extra
3005 3467 3060 3505 se
3108 3451 3451 3506 constitutum

2450 3531 2661 3589 propter
2686 3537 2885 3574 arcam.

1956 3612 2084 3666 Pius
2107 3612 2223 3667 lleli
2262 3612 2314 3666 in
2342 3613 2539 3678 seipso.
2582 3610 2699 3665 Non
2751 3610 2896 3666 enim
2950 3626 3047 3681 pro
3101 3610 3275 3666 salute
3309 3610 3450 3665 illio-

1884 3720 2003 3758 rutn
2038 3706 2335 3772 angebatur
2385 3703 2664 3772 primario,
2711 3703 2805 3757 sed
2857 3717 2955 3771 pro
3004 3718 3155 3766 arca,
3210 3718 3278 3758 ne
3312 3703 3453 3757 forte

1883 3795 1938 3851 in
1970 3806 2293 3865 potestatem
2328 3795 2756 3865 alienigenarum
2796 3796 3046 3849 veniret:
3087 3795 3230 3864 quod
3264 3794 3454 3865 utique

1882 3888 2129 3955 contigit.

1883 3976 1950 4033 γ.
1989 3977 2075 4031 18.
2114 3976 2179 4031 Et
2210 3975 2401 4030 accidit
2427 3987 2481 4028 ut
2503 3976 2645 4043 facta
2671 3986 2747 4030 est
2796 3976 2990 4030 mentio
3042 3992 3183 4032 arca:
3227 3975 3356 4043 Dei,
3402 3989 3451 4031 et

2283 4048 2467 4100 cecidit
2496 4048 2559 4100 de
2588 4046 2719 4100 sella
2742 4057 3046 4101 retrorsum.

1952 4138 2085 4195 Cum
2135 4139 2374 4194 audisset
2423 4139 2658 4193 ﬁliorum
2711 4140 2935 4204 easdem,
2988 4152 3093 4192 nou
3144 4136 3455 4208 ignobiliter

208 4246 373 4297 νεγκε
430 4228 610 4300 πατὴρ
648 4230 741 4283 καὶ
778 4228 1087 4299 πρεσϐύτης
1119 4227 1214 4280 ὢν.
1252 4226 1363 4299 Τὴν
1408 4228 1587 4298 μέντοι
1615 4228 1782 4281 κιϐω-

1900 4232 2037 4296 ιυιῑι,
2074 4234 2322 4303 quamvis
2352 4242 2407 4287 et
2444 4242 2618 4302 pater,
2649 4242 2704 4286 et
2741 4246 2930 4287 senex.
2956 4236 3027 4286 At
3052 4232 3139 4286 ubi
3184 4232 3451 4286 intellexit

207 4322 301 4374 τὸν
347 4321 669 4392 δοριάλωτον
718 4320 1044 4391 γεγενῆσθαι
1092 4318 1297 4390 μαθὼν,
1334 4318 1625 4381 κατέπεσε,
1686 4320 1782 4373 καὶ

1900 4339 2071 4380 trcam
2108 4324 2248 4379 bello
2275 4334 2485 4392 captam
2519 4323 2707 4388 fuisse,
2739 4324 2969 4391 corruit,
2992 4331 3045 4377 et
3083 4323 3253 4378 nimio
3281 4323 3451 4378 animi

207 4418 273 4485 τῇ
302 4414 404 4484 τῆς
425 4413 661 4484 ἀθυμίας
699 4412 969 4485 ὑπερϐολῇ
992 4412 1088 4465 τοῦ
1122 4412 1236 4483 βίου
1269 4413 1332 4465 τὸ
1361 4412 1514 4476 τέλος
1542 4412 1778 4479 ἐδέξατο.

867 4505 1024 4557 ΚΕΦ.
1053 4505 1129 4556 Ε’.

1900 4431 2110 4487 angore,
2141 4418 2265 4469 vitae
2294 4414 2455 4469 linem
2480 4415 2711 4482 accepit.

2533 4506 2685 4561 CAP.
2726 4506 2767 4560 V

205 4596 513 4667 Στίχ.γ’,δ’.
535 4594 646 4650 Kal
661 4595 955 4664 ὤρθρισαν
978 4600 1031 4667 oi
1068 4594 1337 4660 Ἀζώτιοι,
1360 4596 1460 4650 καὶ
1490 4596 1781 4664 εὶσῆλθον

1900 4600 1999 4657 νν.
2031 4602 2088 4663 5,
2120 4599 2175 4654 4.
2218 4598 2288 4652 Et
2330 4609 2671 4653 surrexerunt
2704 4615 2859 4652 mane
2898 4598 3072 4652 Azotii
3092 4638 3108 4663 ,
3139 4608 3189 4652 et
3233 4602 3453 4667 ingressi

278 4666 367 4733 εἷς
387 4667 795 4741 οἷῃονᾼΔᾳγώνξ
826 4667 923 4720 καὶ
952 4666 1134 4741 εἶδον,
1161 4667 1421 4741 καὶ-ἰδοὺ
1446 4668 1649 4741 Δαγὼν
1673 4683 1778 4741 πεῖ

1952 4679 2077 4723 sunt
2109 4673 2320 4741 domum
2358 4670 2578 4737 Dagon:
2620 4678 2669 4721 et
2714 4672 2981 4727 viderunt,
3022 4679 3071 4741 et
3100 4685 3214 4724 ecce
3263 4666 3450 4741 Dagou

277 4738 522 4802 πτωκὼς
551 4737 649 4790 ἐπὶ
679 4737 1000 4804 πρόσωπον
1042 4736 1223 4791 αὑτοῦ
1255 4735 1510 4791 ἐνώπιον
1534 4735 1782 4792 κιϐωτοῦ

277 4808 384 4859 τοῦ
406 4806 570 4859 Θεοῦ.

1954 4743 2129 4808 lapsus
2163 4745 2217 4793 in
2246 4735 2614 4804 faciem'suam
2642 4755 2821 4791 coram
2859 4756 2986 4793 arca
3014 4738 3133 4793 Dei.

272 4825 384 4861 του
406 4825 570 4861 σεου.

278 4901 400 4953 Ἵνα
421 4901 621 4967 γνῶσιν
647 4900 696 4952 οἱ
724 4898 1027 4969 ἀλλόφυλοι,
1061 4899 1141 4952 ὃτι
1165 4897 1287 4951 οὔτε
1328 4900 1357 4951 6
1393 4896 1526 4961 Θεὸς
1571 4896 1776 4969 ἡττήθη

1958 4893 2029 4949 Ut
2053 4894 2261 4948 scirent
2289 4894 2631 4962 alienigena),
2662 4894 2802 4962 quod
2834 4908 2934 4949 nec
2960 4894 3102 4949 Deus
3138 4896 3309 4949 victus
3332 4895 3449 4952 fue-

202 4992 292 5046 διά
313 4993 425 5045 τῶν
461 4991 826 5063 Ἰσραηλιτῶν,
851 4991 971 5043 οὔτε
995 4990 1155 5043 αὐτὸν
1180 4992 1496 5061 νενικήκασι
1521 4992 1586 5060 τῇ
1605 4988 1781 5060 οἰκείᾳ

1900 4994 1970 5038 rat
2001 4993 2223 5054 propter
2269 4982 2567 5049 lsraelitas,
2601 5000 2702 5040 nec
2745 4985 2917 5054 ipsum
2960 4984 3203 5039 vicerant
3234 4988 3449 5055 ρτοιπίιι

202 5086 435 5157 δυνάμει
463 5102 477 5114 ·
512 5084 648 5137 ἀλλὰ
672 5084 781 5136 τῶν
823 5083 1091 5136 Ἰουδαίων
1123 5083 1177 5134 αἱ
1205 5082 1473 5153 ἁμαρτίαι
1516 5081 1608 5133 καὶ
1653 5080 1781 5133 ἀσέ-

1900 5076 2083 5130 rirtute
2111 5090 2125 5126 :
2158 5077 2252 5130 sed
2294 5074 2600 5131 Judaeorum
2633 5088 2852 5145 peccata
2898 5084 2952 5131 et
2992 5078 3299 5147 itnpietates
3340 5080 3453 5132 cla-

204 5179 346 5230 ϐειαι
379 5177 480 5246 τὴν
509 5173 679 5250 ἧτταν
714 5177 1068 5246 πεποιήκασι.
1118 5174 1384 5226 Πέπτωκε
1428 5171 1486 5224 δὲ
1532 5170 1638 5241 πρὸ
1679 5170 1779 5240 τῆς

1900 5169 2003 5223 lem
2038 5167 2351 5223 effecerant.
2376 5168 2585 5224 Cecidit
2604 5184 2733 5230 vero
2762 5178 2888 5223 ante
2908 5184 3090 5222 arcam
3120 5168 3323 5240 Dagon,
3344 5186 3449 5224 non

202 5270 438 5323 κιϐωτοῦ
489 5272 519 5321 ὁ
564 5267 774 5337 Δαγὼν,
817 5269 914 5338 οὐχ
956 5268 1043 5320 ἵνα
1075 5266 1450 5337 προσκυνήσῃ·
1484 5264 1544 5316 οὐ
1573 5265 1682 5336 γὰρ
1706 5259 1776 5335 ἦν

1900 5269 1938 5313 ιι
1972 5260 2264 5325 adoraret;
2295 5276 2470 5330 neque
2505 5262 2651 5316 enim
2681 5260 2875 5331 dignus
2900 5271 3044 5315 erat:
3085 5262 3179 5316 sed
3223 5271 3281 5316 ut
3319 5278 3453 5317 con-

203 5361 371 5424 ἀξιοςο
392 5359 507 5412 ἀλλ’
535 5360 622 5413 ἵνα
655 5360 913 5431 συντριϐῇ
932 5376 945 5389 ⁸
981 5358 1009 5410 ὃ
1039 5358 1104 5429 δὴ
1134 5358 1226 5409 καὶ
1247 5356 1494 5425 γέγονεν.

1900 5362 2155 5406 .ereretur
2179 5370 2192 5407 :
2226 5352 2371 5421 quod
2400 5352 2566 5408 etiam
2590 5353 2806 5407 accidit.

248 5455 313 5508 Οἱ
323 5454 404 5524 (31
417 5454 437 5524 )
448 5452 1039 5517 ’Δζώτιοι,πεπτωκότα
1048 5450 1140 5502 τὸν
1156 5448 1341 5518 Δαγὼν
1359 5445 1779 5519 ἀνορθώσαντες,

1959 5443 2139 5499 Azotii
2171 5443 2376 5514 lapsum
2428 5444 2699 5514 Dagonem
2739 5444 3035 5515 erigentes,
3085 5444 3345 5500 damnant
3384 5460 3452 5499 ex

273 5609 388 5677 (79)
429 5606 556 5661 ηενρ
592 5620 785 5677 rursus
810 5612 1081 5677 pertinent
1116 5603 1183 5657 ad
1222 5603 1369 5677 v._3.
1446 5673 1458 5677 Α
1622 5672 1633 5677 _
1703 5671 1714 5677 _
1950 5602 2064 5677 (δῖ)
2093 5602 2186 5677 Sjc
2228 5603 2491 5677 sequitur,
2531 5619 2636 5660 non
2672 5611 2880 5661 mutato
2935 5614 3174 5661 auctorts
3209 5616 3450 5661 nomine.

278 5671 391 5746 (80)
422 5680 504 5732 Ah
533 5681 635 5733 hoc
662 5675 776 5739 καί,
812 5671 964 5744 ἰμιυιὶ
1007 5684 1183 5746 exsmt
1240 5673 1402 5728 etiam
1446 5673 1500 5725 in
1537 5672 1654 5746 coc|_.
1686 5671 1767 5746 Α·
1957 5675 2071 5746 (82)
2104 5674 2261 5729 Forte
2291 5671 2433 5728 Ileli.

201 5741 451 5807 lex'aniir.
479 5750 677 5819 pendet
699 5741 1092 5814 interpretatio.
1123 5745 1286 5800 Abt-3t
1319 5746 1371 5797 itt
1408 5753 1555 5798 textu
1603 5741 1765 5796 llebr.

523 5842 798 5901 Parnm“
829 5841 951 5901 Gtt.
978 5840 1166 5902 XVII.
3140 5830 3181 5891 2
