3880 6216
407 315 476 368 45
1285 319 1848 377 SUPPLEMENTUM
1884 320 1976 375 All
2011 318 2343 378 ORIGENIS
2382 319 2795 377 EXEGETICA.
3581 321 3658 375 44

408 430 815 499 comparatione
855 431 993 487 filios
1025 432 1215 489 Israel.
1255 434 1335 489 Illi
1364 452 1596 506 namque
1622 453 1747 492 cum
1780 438 1967 491 iterum

2080 436 2403 507 κατέκριναν
2426 436 2491 490 ἐκ
2516 436 2870 507 παραθέσεως
2885 433 3009 497 τοὺς
3036 433 3183 496 υἱοὺς
3221 433 3531 505 Ἰσραήλ.οἰ
3554 435 3663 506 μὲν

411 522 594 593 Dagon
630 524 951 589 corruisset,
994 538 1261 597 caputque
1287 528 1433 583 illius
1473 538 1529 583 et
1556 531 1751 598 pedum
1786 544 1979 583 manu-

380 684 385 695 ‘
411 630 610 684 umque
633 616 1017 671 extremitates
1044 620 1241 674 excisas
1268 628 1475 685 essent,
1503 629 1559 674 et
1600 621 1654 674 in
1682 620 1868 674 limine
1892 620 1981 689 ja-

408 718 637 771 cerent;
671 722 843 777 usque
878 708 1014 763 adeo
1053 724 1160 765 non
1194 718 1570 780 temperarunt
1601 725 1632 765 a
1653 710 1846 766 notitia
1871 711 1984 766 cla-

407 800 511 865 dis,
552 814 713 868 quam
766 795 901 854 deus
931 800 1170 869 ipsorum
1207 802 1472 858 contritus
1495 802 1701 868 retulit,
1730 811 1795 857 ut
1817 815 1884 856 ex
1915 815 1984 857 eo

408 899 653 961 tempore
679 906 784 946 non
830 891 1064 959 amplius
1095 892 1272 948 limini
1314 894 1645 959 insisterent,
1683 894 1730 949 si
1764 895 1982 964 quando

403 999 527 1037 cum
572 984 847 1041 adoraturi
898 986 1364 1056 ingrediebantur,
1393 994 1677 1056 propterea
1728 988 1876 1057 quod
1907 988 1981 1043 ibi

405 1076 547 1131 illius
562 1079 799 1133 membra
811 1078 1198 1148 jacuerunt,de
1208 1080 1405 1150 quibus
1420 1080 1979 1135 commemoravimus.

403 1172 473 1225 At
516 1170 677 1227 lsrael
719 1171 981 1227 invictum
1030 1171 1237 1227 habens
1289 1174 1479 1239 Deum,
1509 1172 1590 1229 sic
1632 1174 1797 1244 impie
1847 1175 1977 1243 egit.

1036 1305 1190 1361 CAP.
1221 1306 1337 1360 XV.

404 1395 470 1453 ν.
528 1398 616 1453 10.
677 1399 741 1453 Et
792 1398 895 1467 fuit
958 1402 1175 1520 verbalia:
1242 1399 1454 1454 Domini
1508 1402 1579 1455 ad
1638 1400 1978 1471 Samuelem,

1131 1484 1313 1520 108118:

1131 1486 1270 1523 ιεεηε
1293 1484 1313 1523 .'

496 1559 561 1614 V.
592 1560 679 1613 Η.
713 1550 1091 1623 Ρωηὶιιιὶιηιε,
1124 1562 1263 1628 quod
1294 1559 1424 1613 anxi
1458 1557 1591 1613 Saul
1615 1559 1671 1613 in
1694 1576 1887 1631 regem.

474 1716 936 1786 Quemadmodum
967 1716 1245 1771 hmumum
1275 1730 1490 1781 manus,
1522 1726 1579 1771 et
1602 1731 1719 1787 pes,
1760 1728 1817 1774 et
1848 1734 1973 1775 ocu-

403 1810 506 1872 Ius,
538 1817 591 1861 et
620 1808 787 1872 auris,
821 1816 876 1862 et
899 1806 945 1862 si
987 1812 1114 1871 quid
1168 1806 1473 1877 hujusmodi
1522 1808 1851 1875 nominatur,
1902 1811 1979 1866 si-
2010 1790 2050 1845 Β

402 1897 713 1966 gnificativa
752 1906 879 1951 sunt
931 1899 1301 1951 membrorum
1366 1900 1536 1953 nostri
1585 1901 1871 1969 corporis;
1920 1901 1976 1956 in

404 1992 515 2046 Deo
542 2002 743 2055 autem,
772 2005 965 2045 manus
996 1990 1511 2047 iunuitcreatricem
1538 1993 1817 2059 virtutem,
1847 2008 1977 2050 ocu-

401 2084 485 2139 lus
510 2084 617 2137 vim
646 2086 827 2139 omnia
862 2084 1212 2153 inspiciendi;
1254 2085 1402 2140 auris
1428 2085 1729 2154 potentiam
1755 2086 1975 2141 univer-

400 2193 458 2232 sa
489 2177 768 2243 audiendi,
824 2192 919 2249 pes
970 2194 1100 2233 vero
1144 2179 1292 2233 illius
1332 2178 1703 2247 praesentiam,
1753 2180 1973 2249 quando

398 2270 529 2341 quid
564 2281 871 2340 operatur:
907 2271 986 2325 sic
1038 2271 1119 2326 ira
1170 2271 1261 2327 Dei
1304 2272 1509 2327 dicitur
1551 2271 1811 2338 eruditio,
1863 2286 1971 2341 qua

398 2363 616 2431 quidam
650 2364 1013 2432 castigantur,
1042 2379 1150 2419 non
1184 2363 1279 2418 Dei
1305 2365 1506 2432 passio.
1532 2361 1861 2416 Pmnitentia
1892 2372 1974 2418 est

400 2454 682 2509 translatio
711 2455 906 2509 divinae
933 2455 1352 2523 dispensationis
1373 2455 1441 2509 de
1467 2470 1523 2509 re
1546 2456 1611 2509 ad
1644 2471 1755 2509 rem
1786 2454 1970 2509 aliam.

396 2546 551 2613 Quod
580 2546 724 2600 enim
760 2561 860 2601 nos
892 2546 1206 2615 paenitendo
1232 2545 1481 2611 facimus,
1514 2546 1567 2600 id
1597 2556 1681 2602 est
1704 2548 1971 2605 evitamus

397 2653 460 2693 ea
493 2653 723 2707 quorum
745 2653 846 2692 nos
867 2639 1116 2708 paenitet,
1138 2638 1240 2692 alia
1264 2652 1395 2691 vero
1421 2638 1642 2693 meliora
1664 2650 1967 2706 sectamur;

398 2732 449 2786 id
477 2729 573 2785 Dei
603 2728 918 2799 pmnilentia
948 2738 1191 2782 vocatur.
1255 2727 1455 2799 thuid
1486 2729 1670 2784 istuc?
1698 2730 1967 2797 Quoniam

397 2823 808 2877 accommodate
847 2828 1105 2889 quantum
1138 2819 1253 2873 fieri
1283 2829 1497 2889 poterat
1531 2821 1597 2875 ad
1642 2837 1730 2876 res
1776 2837 1969 2892 corpo-

408 2929 532 2969 reas
579 2913 866 2982 oportebat
930 2922 990 2965 ut
1032 2912 1406 2968 hebetioribus
1434 2912 1711 2983 propheta:
1756 2914 1823 2970 de
1858 2914 1967 2970 Deo

396 3007 775 3077 loquerentur,
818 3012 876 3059 ut
925 3020 1009 3059 res
1054 3004 1198 3059 illius
1239 3005 1357 3074 capi
1388 3015 1630 3074 possent.
1677 3006 1779 3073 Qui
1819 3008 1965 3063 enim

2086 527 2215 598 γὰρ,
2248 527 2498 598 δεύτερον
2516 527 2610 579 τοῦ
2634 526 2822 595 Δαγὼν
2850 527 3217 589 πεπτωκότος,
3249 528 3341 579 καὶ
3369 526 3466 595 τῆς
3485 544 3660 595 κεφα-

2084 616 2201 687 λῆς,
2230 618 2325 670 καὶ
2355 616 2463 670 τῶν
2495 616 2674 671 ποδῶν
2700 617 2795 669 καὶ
2822 616 3021 689 χειρῶν
3060 616 3170 670 τῶν
3200 616 3385 688 ἀκρων
3416 617 3661 689 ἀποτμη-

2085 707 2307 773 θέντων,
2363 709 2459 761 καὶ
2514 710 2571 762 ἐν
2608 708 2688 779 τῷ
2738 707 2877 779 οὐδῷ
2911 708 3200 779 κειμένων,
3239 706 3491 761 τοσοῦτον
3518 707 3660 762 ἀπέ-

2086 818 2275 871 σχοντο
2304 800 2400 854 τοῦ
2424 801 2547 873 (μὴ)
2581 799 2784 869 γνῶναι
2810 798 2909 871 τὴν
2932 794 3120 871 ἦτταν,
3162 799 3231 870 ἢν
3261 801 3291 852 6
3328 798 3449 864 θεὸς
3475 799 3661 854 αὐτῶν

2084 892 2290 964 ἡττήθη
2337 890 2662 963 συντριϐεὶς,
2710 888 2840 943 ὥστ’
2865 889 2925 956 ἐξ
2969 890 3177 943 ἐκείνου
3226 888 3451 961 μηδέπω
3494 888 3656 942 οὐδοῦ

2082 983 2402 1047 ἐπιϐαίνειν,
2433 983 2597 1055 ἡνίκα
2622 983 2689 1036 ἂν
2715 982 2914 1036 εἰσίασι
2950 985 3270 1054 προσκυνεῖν
3291 980 3438 1052 αὐτῷ
3459 1018 3475 1045 ,
3502 981 3585 1050 ἐφ’
3612 972 3661 1048 ᾧ

2083 1076 2292 1129 ἔκειντο
2306 1074 2467 1129 αὐτοῦ
2495 1076 2564 1128 τά
2596 1074 2758 1147 μέρη,
2780 1068 2856 1130 ὧν
2875 1073 3379 1146 ἐμνημονεύσαμεν.
3416 1073 3474 1125 '0
3504 1072 3563 1126 δέ
3592 1090 3659 1143 γε

2097 1168 2329 1240 Ἰσραὴλ,
2353 1169 2619 1239 ἀήττητον
2642 1166 2780 1237 ἔχων
2800 1167 2890 1222 τὸν
2915 1168 3069 1234 Θεὸν,
3098 1166 3269 1231 οὕτως
3291 1165 3496 1237 ἡσέϐει.

2712 1302 2867 1356 ΚΕΦ.
2908 1303 3009 1355 IE'.

2083 1395 2230 1465 Στίχ.
2260 1402 2309 1448 ι’.
2328 1394 2437 1448 Καὶ
2467 1393 2721 1464 ἐγενήθη
2736 1393 2902 1534 pigra
2929 1394 3152 1463 Κυρίου
3180 1395 3327 1463 πρὸς
3345 1394 3656 1466 Σαμουὴλ,

2878 1482 2989 1518 ων.

2878 1482 2989 1518 ων.

2082 1557 2232 1627 Στίχ.
2271 1564 2355 1611 ια’.
2380 1555 2891 1627 Μεταμεμέλημαι,
2916 1554 3007 1627 ὅτι
3042 1556 3260 1626 ἕχρισα
3299 1557 3404 1611 τὸν
3452 1558 3656 1613 Σαοὺλ

2649 1629 2736 1693 εἰς
2761 1626 3047 1690 βασιλέα.

2154 1718 2287 1790 (82‘)
2311 1720 2519 1792 Ὥσπερ
2534 1717 2834 1789 ἀνθρώπων
2853 1719 2951 1790 μὲν
2966 1718 3086 1790 χεὶρ
3102 1721 3193 1773 καὶ
3206 1718 3341 1784 ποῦς
3357 1721 3450 1774 καὶ
3463 1719 3657 1790 ὀφθαλ-

2081 1811 2181 1881 μὸς
2201 1812 2293 1865 καὶ
2309 1807 2421 1875 οὖς,
2440 1811 2533 1865 καὶ
2549 1810 2603 1863 εῐ
2619 1828 2671 1864 τι
2704 1810 2943 1865 τοιοῦτον
2971 1812 3315 1883 ὀνομάζεται,
3341 1815 3655 1884 σημαντικά

2077 1902 2184 1955 τῶν
2209 1902 2383 1973 μελῶν
2420 1902 2514 1956 τοῦ
2548 1902 2814 1974 ἡμετέρου
2838 1901 3087 1974 σώματός
3111 1905 3257 1958 ἐστιν
3276 1922 3290 1934 ·
3315 1905 3408 1958 ἐπὶ
3429 1904 3486 1958 δὲ
3513 1905 3654 1959 Θεοῦ

2077 1993 2198 2063 χεὶρ
2220 1992 2317 2062 μὲν
2346 1991 2407 2044 τὸ
2431 1991 2841 2063 δημιουργικὸν,
2856 1992 3133 2065 ὀφθαλμὸς
3154 1994 3210 2047 δὲ
3233 1994 3295 2047 τὸ
3326 1995 3649 2050 ἐποπτικόν·

2077 2082 2171 2135 καὶ
2194 2078 2286 2145 οὖς
2316 2082 2413 2152 μὲν
2430 2081 2491 2134 τὸ
2518 2081 2860 2143 ἀκουστικὸν,
2880 2081 3015 2145 ποῦς
3036 2081 3094 2134 δὲ
3120 2082 3180 2135 τὸ
3195 2081 3297 2152 τῆς
3322 2083 3652 2154 παρουσίας,

2074 2174 2150 2228 ὅτ’
2176 2172 2241 2226 ἂν
2266 2174 2460 2244 ἐνεργῇ
2504 2190 2557 2226 τι
2592 2189 2606 2202 ·
2648 2171 2792 2225 οὓτω
2825 2174 2918 2227 καὶ
2940 2172 3109 2245 θυμὸς
3143 2174 3241 2245 μὲν
3267 2174 3399 2227 Θεοῦ
3434 2174 3653 2243 λέγεται

2077 2264 2313 2329 παιδεία,
2338 2263 2532 2335 ἡκατά
2552 2262 2662 2317 τῶν
2692 2264 2981 2329 παιόντων,
3004 2265 3065 2317 οὐ
3090 2264 3261 2329 πάθος
3282 2264 3416 2319 Θεοῦ
3436 2282 3450 2295 ·
3483 2282 3652 2336 μετα-

2075 2358 2264 2430 μέλεια
2299 2358 2356 2411 δὲ
2388 2359 2422 2429 ἡ
2452 2356 2559 2411 ἀπὸ
2605 2357 2927 2428 πράγματος
2974 2359 3056 2422 εἰς
3092 2360 3323 2430 πρᾶγμα
3359 2358 3651 2430 μετάθεσις

2072 2450 2172 2521 τῆς
2215 2448 2309 2503 τοῦ
2335 2450 2470 2502 Θεοῦ
2502 2449 2834 2521 οἰκονομίας.
2879 2451 2944 2503 Ὃ
2978 2448 3086 2521 γὰρ
3113 2451 3274 2521 ἡμεῖς
3307 2450 3651 2521 μεταμελού-

2075 2560 2225 2614 μενοι
2272 2540 2554 2612 ποιοῦμεν,
2582 2540 2861 2594 τουτέστιν
2886 2542 3067 2594 ἐκεῖνα
3101 2541 3198 2610 μὲν
3242 2540 3514 2612 φεύγομεν
3558 2541 3651 2610 ἐφ’

2070 2630 2151 2699 οἷς
2182 2633 2653 2705 μετεμελήθημεν,
2685 2632 2848 2704 ἕτερα
2873 2632 2931 2686 δέ
2958 2631 3224 2703 διώκομεν
3265 2630 3336 2684 τά
3364 2631 3597 2703 κρείττω
3629 2647 3646 2662 ο

2068 2726 2227 2780 τοῦτο
2256 2726 2587 2797 μεταμέλεια
2619 2725 2751 2779 Θεοῦ
2783 2725 3019 2793 λέγεται.
3046 2725 3145 2778 Διά
3163 2724 3216 2777 τί
3234 2740 3249 2789 ;
3298 2723 3512 2795 Ἐπειδὴ
3548 2742 3651 2777 σω-

2072 2816 2445 2890 ματικώτερον
2482 2819 2593 2880 τοῖς
2624 2816 2945 2888 βαρυτάτοις
2978 2816 3076 2887 τὴν
3123 2814 3359 2868 διάνοιαν
3382 2813 3487 2867 ἔδει
3516 2814 3651 2884 περὶ

2067 2910 2164 2964 τοῦ
2196 2910 2331 2963 Θεοῦ
2355 2911 2479 2973 τοὺς
2508 2910 2794 2981 προφήτας
2826 2908 3054 2979 ὁμιλεῖν,
3075 2908 3162 2960 ἵνα
3196 2905 3439 2978 χωρηθῇ·
3468 2906 3650 2977 οἰγάρ

2068 3002 2355 3074 ἀγάλματα
2367 3002 2510 3073 ἂπερ
2521 3000 2748 3070 ἐγλυφον
2765 3000 2858 3053 καὶ
2872 2998 3133 3069 ἐχιῦνευον
3148 2996 3301 3061 θεοὺς
3312 3014 3371 3050 νο
3377 2996 3649 3068 μὶξοντες,

395 3109 607 3154 statuas
642 3113 780 3167 quas
821 3096 1139 3166 sculpebant
1173 3094 1257 3150 vel
1285 3094 1609 3164 fundebant,
1655 3098 1783 3154 deos
1811 3099 1963 3155 arbi-

2075 3094 2167 3167 ἡδη
2184 3094 2242 3149 δὲ
2265 3096 2358 3149 καὶ
2378 3094 2567 3163 ἄλογα,
2596 3093 2715 3155 πῶς
2745 3090 2811 3145 ἂν
2840 3091 3121 3163 ἐχώρησαν
3144 3089 3231 3143 διά
3259 3089 3648 3160 πνευματικῶν

403 3190 710 3255 trahantur,
752 3201 840 3241 res
870 3184 1160 3254 cocteroqui
1199 3186 1409 3242 ratione
1454 3186 1759 3253 destitutas,
1812 3188 1967 3258 quei-

395 3296 518 3333 nam
559 3279 829 3348 cepissent
851 3292 947 3347 per
987 3276 1296 3348 spirituales
1320 3277 1678 3348 cogitationes
1706 3287 1761 3333 et
1780 3280 1966 3347 verba,

391 3389 455 3429 ea
506 3388 625 3444 quae
660 3373 726 3428 de
764 3372 873 3427 Deo
903 3370 1261 3427 dicerentur?

1028 3484 1093 3539 Et
1115 3486 1304 3540 iterum
1330 3500 1349 3539 :

460 3574 517 3631 Si
553 3576 809 3631 universa
836 3576 1087 3645 praevidit
1117 3577 1277 3645 Deus,
1309 3591 1409 3633 nec
1453 3576 1520 3633 de
1554 3577 1624 3634 iis
1664 3593 1782 3649 quae
1813 3581 1967 3636 novit

392 3668 669 3731 irascitur,
713 3677 807 3723 aut
848 3668 1172 3738 paenitentia
1228 3668 1489 3736 ducitur;
1547 3686 1659 3726 non
1700 3681 1788 3727 est
1835 3688 1966 3742 ergo

390 3760 571 3830 passio
598 3774 719 3829 qua:
749 3759 802 3814 in
839 3759 1007 3815 Deum
1029 3760 1205 3825 cadat,
1237 3760 1316 3815 ira
1342 3760 1428 3816 vel
1456 3763 1779 3831 pmnitentia
1810 3781 1826 3819 :
1869 3765 1966 3820 sed

392 3852 487 3905 ira:
521 3866 658 3921 opus
689 3860 775 3907 est
808 3851 1062 3920 punitio;
1111 3853 1253 3920 quod
1298 3861 1354 3907 et
1381 3852 1448 3907 ad
1477 3853 1855 3922 paenitentiam
1888 3855 1965 3911 si—

388 3940 591 3996 militer
627 3939 1064 3995 transferendum
1098 3958 1111 3995 :
1148 3955 1267 4009 qua:
1308 3950 1391 3995 est
1438 3942 1721 3999 derelictio
1770 3943 1966 4014 prioris

387 4027 592 4096 operis,
620 4035 677 4081 et
718 4027 1005 4081 translatio
1040 4029 1095 4081 iu
1130 4028 1290 4082 aliam
1321 4030 1808 4100 dispensationem.
1871 4032 1964 4089 Sic

385 4126 443 4172 et
476 4116 543 4172 de
578 4118 756 4187 gladio
798 4118 997 4174 dicitur
1027 4136 1041 4173 :
1085 4118 1272 4175 Gladie
1310 4133 1484 4187 acute,
1533 4132 1709 4177 macta
1733 4124 1797 4175 '7.
1826 4122 1961 4179 Item

386 4225 581 4266 manus
606 4210 785 4266 ferrea
820 4214 1133 4268 nominatus
1158 4223 1242 4268 est
1272 4213 1527 4269 Salomon
1555 4233 1569 4270 :
1601 4213 1671 4269 Ut
1699 4217 1888 4285 eripiat
1912 4227 1963 4271 te

387 4306 453 4359 de
484 4321 643 4359 manu
674 4306 850 4374 ferrea
897 4317 945 4362 et
976 4307 1152 4377 gladio
1180 4308 1249 4366 ³⁸.
1298 4308 1367 4364 Ut
1399 4309 1567 4366 David
1624 4312 1835 4381 inquit:
1891 4312 1961 4366 In

384 4412 573 4451 manus
601 4398 769 4466 gladii
799 4401 866 4455 ³⁸.
900 4398 1103 4456 Eodem
1133 4403 1293 4457 modo
1324 4402 1540 4459 animus
1574 4404 1663 4458 Dei
1690 4406 1850 4460 irasci
1879 4406 1961 4461 di-

2070 3185 2360 3257 νοημάτων
2393 3202 2453 3237 τε
2474 3184 2568 3237 καὶ
2597 3182 2856 3256 ῥημάτων
2888 3181 2957 3237 τά
2984 3182 3114 3253 περὶ
3158 3178 3293 3234 Θεοῦ
3336 3179 3646 3251 λεγόμενα;

2666 3481 2777 3537 Καὶ
2809 3480 3015 3535 πάλινο

2136 3576 2199 3628 Εἰ
2229 3575 2405 3629 πάντα
2437 3572 2684 3646 προεῖδεν
2716 3574 2746 3625 6
2777 3572 2931 3635 Θεὸς,
2958 3572 3058 3625 οὐκ
3093 3570 3185 3642 ἀφ’
3216 3565 3293 3625 ὧν
3318 3566 3377 3623 δὲ
3406 3563 3513 3622 οἶδε
3546 3568 3645 3622 θυ-

2070 3666 2264 3738 μοῦται
2295 3666 2328 3737 ἢ
2363 3665 2767 3737 μεταμελεῖται·
2803 3664 2862 3717 ού
2892 3664 3062 3727 πάθος
3105 3662 3213 3735 ἀρα
3234 3661 3367 3715 Θεοῦ
3390 3660 3580 3732 θυμὸς,
3608 3659 3646 3729 ἢ

2069 3757 2420 3830 μεταμέλεια·
2449 3756 2587 3810 ἀλλὰ
2612 3754 2705 3809 τοῦ
2740 3754 2914 3827 θυμοῦ
2938 3754 3097 3826 ἔργον
3126 3756 3159 3826 ἡ
3187 3754 3426 3818 κόλασις·
3456 3754 3550 3807 καὶ
3580 3753 3648 3806 τὸ

2064 3852 2162 3920 τῆς
2208 3846 2569 3919 μεταμελείας
2609 3846 2840 3917 ὁμοίως·
2886 3846 3189 3908 ἀπόστασις
3230 3844 3325 3898 τοῦ
3374 3846 3645 3916 προτέρου

2065 3940 2410 4011 πράγματος,
2444 3938 2733 4009 μετάθεσις
2758 3938 2815 3991 δὲ
2839 3938 2920 4002 εἰς
2953 3936 3053 4008 τὴν
3075 3937 3269 4009 ἑτέραν
3304 3936 3641 4007 οἰκονομίαν.

2064 4031 2220 4084 Οὕτω
2245 4031 2340 4085 καὶ
2363 4030 2491 4100 περὶ
2518 4027 2790 4100 ῥομφαίας
2819 4028 3053 4096 λέγεται·
3084 4027 3373 4097 Ῥομςραία
3397 4027 3647 4091 ὀξύνου-

2064 4136 2166 4185 σα,
2192 4121 2406 4192 σφάζε.
2430 4119 2586 4175 Οῦτω
2601 4121 2693 4173 καὶ
2716 4120 2837 4190 χεὶρ
2852 4118 3164 4190 ὠνόμασται
3186 4119 3405 4190 σιδήρου
3430 4120 3459 4171 6
3481 4119 3646 4171 Σολο-

2067 4216 2224 4287 μῶν’·
2257 4217 2379 4270 Ἵνα
2401 4214 2662 4284 ρύσηταί
2684 4228 2759 4268 σε
2781 4213 2849 4267 ἐκ
2872 4213 3071 4282 χειρὸς
3098 4210 3349 4280 σιδήρου
3369 4210 3473 4267 καί
3495 4212 3650 4280 ῥομ-

2062 4310 2278 4379 φαίαςο
2307 4308 2383 4373 ὡς
2429 4310 2457 4362 6
2500 4307 2662 4362 Δαυῖδ
2698 4321 2860 4376 φησιν
2884 4322 2898 4335 ο
2943 4306 3047 4371 Εἰς
3088 4304 3290 4372 χεῖρας
3315 4304 3643 4373 ῥομφαίας.

2063 4399 2220 4455 Οὕτω
2248 4402 2343 4454 καὶ
2363 4401 2391 4452 6
2417 4399 2587 4470 θυμὸς
2611 4397 2705 4451 τοῦ
2732 4396 2868 4451 Θεοῦ
2894 4395 3211 4468 ὀργίζεσθαι
3250 4395 3501 4465 λέγεται,
3546 4398 3648 4449 καὶ

386 4491 545 4555 citur,
584 4500 639 4545 et
671 4491 866 4547 faciem
905 4492 1109 4548 habere
1152 4504 1395 4562 peccata,
1432 4496 1729 4551 secundum
1767 4497 1957 4564 David,

2075 4491 2353 4561 πρόσωπον
2384 4490 2528 4562 ἐχειν
2551 4488 2826 4561 ἁμαρτίας
2852 4486 2993 4541 κατά
3010 4487 3100 4540 τὸν
3126 4488 3308 4552 Δαυῖδ,
3344 4490 3440 4542 καὶ
3467 4487 3643 4559 πρόσ-

384 4578 659 4635 etfaciem
689 4581 770 4635 ira
809 4581 924 4647 Dei,
950 4582 1094 4637 sicut
1145 4583 1196 4637 in
1230 4583 1440 4652 psalmo
1485 4584 1763 4639 tricesimo
1791 4586 1959 4655 septi-

385 4686 475 4726 mo
504 4688 520 4725 :
563 4685 618 4727 et
642 4674 893 4729 manibus
924 4676 1182 4745 plaudere
1226 4675 1472 4731 ﬂumina.
1504 4676 1615 4731 Nec
1652 4686 1831 4733 tamen
1861 4678 1959 4732 ﬂu-

384 4762 529 4815 mina
562 4777 755 4817 manus
781 4764 1003 4832 habent,
1039 4766 1123 4821 vel
1150 4766 1341 4821 faciem
1371 4777 1615 4835 peccata.
1642 4767 1813 4824 Nemo
1853 4770 1956 4839 igi-

386 4862 473 4908 tur
517 4867 586 4907 ex
642 4853 710 4909 iis
756 4869 875 4923 qua:
918 4858 1283 4926 corporaliter
1325 4860 1394 4915 de
1430 4861 1538 4915 Deo
1581 4860 1839 4915 dicuntur
1891 4862 1958 4918 ad

382 4954 597 5015 captum
633 4954 899 5013 veterum,
932 4946 1026 5003 Dei
1048 4963 1245 5017 corpus
1270 4951 1493 5021 cogitet,
1519 4962 1611 5007 aut
1651 4953 1802 5008 illum
1827 4968 1955 5024 pas-

381 5036 627 5091 sionibus
652 5046 883 5091 scatere.

450 5124 783 5183 Mutabilitas
808 5129 1095 5185 sententiae
1126 5131 1378 5187 humanae
1400 5148 1506 5187 non
1538 5142 1621 5189 est
1653 5134 1956 5189 attribuen-

378 5216 444 5269 da
480 5216 609 5273 Deo.
634 5216 742 5272 Nos
770 5220 915 5274 enim
942 5222 993 5274 in
1033 5222 1188 5276 nobis
1227 5222 1361 5291 ipsis
1405 5226 1731 5279 mutationes
1758 5225 1954 5283 divina:

378 5308 819 5376 dispensationis,
852 5327 971 5382 qua:
1008 5314 1165 5368 nobis
1209 5314 1331 5381 jure
1362 5316 1704 5386 contingant,
1752 5330 1951 5386 opera-

378 5414 521 5465 mur,
574 5400 701 5456 dum
740 5402 989 5471 indignos
1018 5419 1118 5460 nos
1162 5406 1472 5474 praebemus
1520 5417 1742 5478 propter
1785 5425 1948 5480 Opera

379 5494 606 5559 honore,
639 5508 798 5563 quem
834 5494 1061 5566 largitur
1092 5496 1256 5553 Deus.
1282 5498 1419 5554 Cum
1453 5499 1623 5569 igitur
1660 5501 1949 5571 repudias-

429 5627 491 5657 ·³⁷
522 5627 718 5682 Ezech.
750 5643 867 5694 ut,
900 5628 952 5685 9.
1029 5628 1073 5660 ³⁸
1114 5632 1256 5689 Psal.
1284 5651 1341 5702 ιι,
1364 5635 1417 5691 9.
1513 5632 1558 5665 ³’
1582 5632 1787 5689 Psalm.
1816 5630 2041 5700 LXII.“-

452 5787 585 5858 (82‘)
614 5787 834 5845 Confer.
879 5799 1010 5847 tom.
1044 5789 1157 5860 XII,
1190 5790 1293 5847 col.
1334 5790 1458 5847 991.

2063 4599 2211 4638 ωπον
2241 4586 2270 4637 6
2300 4583 2392 4637 τοῦ
2438 4582 2571 4635 Θεοῦ
2615 4580 2804 4652 θυμὸς,
2832 4582 2978 4643 ὡςὲν
3000 4578 3079 4650 τῷ
3101 4579 3407 4650 τριακοστῷ
3427 4580 3646 4651 ἑϐδόμῳ

2062 4672 2279 4744 ψαλμῷ·
2310 4674 2403 4726 καὶ
2422 4673 2608 4744 χερσὶν
2630 4673 2679 4725 οἰ
2706 4671 2941 4741 ποταμοὶ
2966 4674 3197 4742 κροτεῖν.
3227 4670 3363 4724 Ούτε
3390 4671 3446 4724 δὲ
3472 4688 3645 4725 ποτα-

2067 4767 2186 4837 μοῖς
2223 4765 2402 4837 χεῖρές
2444 4767 2615 4829 εἰσιν,
2661 4762 2790 4817 οὔτε
2836 4761 3126 4834 πρόσωπον
3183 4762 3495 4834 ἁμαρτίαις.
3545 4764 3643 4834 Μὴ

2062 4858 2241 4911 τοίνυν
2288 4874 2375 4921 τις
2418 4855 2488 4910 τά
2537 4856 2867 4929 σωματικῶς
2903 4859 3034 4929 περὶ
3066 4855 3202 4910 Θεοῦ
3236 4853 3525 4924 λεγόμενα,
3562 4854 3645 4917 ὡς

2057 4948 2296 5021 ἐχώρουν
2329 4950 2380 5003 οἱ
2419 4948 2657 5014 παλαιοὶ,
2703 4949 2863 5021 σῶμα
2898 4950 2991 5006 τὸν
3033 4949 3165 5003 Θεὸν
3208 4944 3554 5018 νομίζωμεν,
3601 4947 3639 5018 ἢ

2056 5040 2245 5094 παθῶν
2268 5038 2430 5096 αὐτὸν
2462 5040 2871 5113 πεπληρῶσθαι.

2131 5134 2205 5187 Οὐ
2235 5134 2296 5187 τὸ
2339 5132 2800 5204 εὐπερίστρεπτον
2840 5132 2941 5202 τῆς
2982 5130 3267 5203 ἀνθρώπου
3304 5130 3531 5200 γνώμης
3560 5128 3644 5199 τῷ

2058 5221 2178 5292 Θεῷ
2206 5222 2568 5293 προσαπτέον.
2606 5222 2794 5293 Ἡμεῖς
2819 5222 2927 5294 γὰρ
2952 5222 3038 5291 ἐφ’
3066 5222 3272 5276 ἑαυτῶν
3305 5224 3406 5285 τὰς
3428 5221 3644 5293 τροπὰς

2056 5315 2156 5385 τῆς
2191 5312 2341 5376 θείας
2373 5313 2702 5384 οἰκονομίας,
2742 5314 2841 5377 τάς
2867 5314 2950 5383 ἐφ’
2976 5316 3107 5385 ἡμῖν
3138 5313 3361 5378 δικαίως
3405 5314 3617 5384 συμϐαι

2057 5405 2145 5458 νού
2153 5422 2250 5469 σας
2264 5403 2706 5477 ἀπεργαζόμεθα,
2723 5405 2967 5471 ἀναξίους
2988 5406 3212 5469 ἑαυτοὺς
3230 5404 3538 5469 δεικνύντες
3552 5404 3646 5460 διὰ

2056 5496 2166 5553 τῶν
2198 5496 2448 5570 πράξεων
2468 5496 2568 5568 τῆς
2614 5495 2766 5569 παρά
2789 5495 2882 5549 τοῦ
2927 5496 3062 5550 Θεοῦ
3093 5495 3428 5569 δωρηθείσης
3445 5498 3641 5567 τιμῆς.
