  <div class='ocr_page' id='page_1' title='image "/cluster/home/n/w/nwhite01/storage/ocr_20150623/17/nnc1.0046978615/030.png"; bbox 0 0 3880 6216; ppageno 0'>
   <div class='ocr_carea' id='block_1_1' title="bbox 262 341 1851 409">
    <p class='ocr_par' dir='ltr' id='par_1_1' title="bbox 262 345 1814 409">
     <span class='ocr_line' id='line_1_1' title="bbox 262 345 1814 409; baseline -0.005 -2"><span class='ocrx_word' id='word_1_1' title='bbox 262 352 338 409; x_wconf 67' lang='grc' dir='ltr'><strong>ιε</strong></span> <span class='ocrx_word' id='word_1_2' title='bbox 1456 345 1708 403; x_wconf 81' lang='lat' dir='ltr'><strong>ADNOT.</strong></span> <span class='ocrx_word' id='word_1_3' title='bbox 1748 345 1814 400; x_wconf 81' lang='grc' dir='ltr'><strong>ΙΝ</strong></span> 
     </span>
    </p>
   </div>
   <div class='ocr_carea' id='block_1_2' title="bbox 1972 341 3517 409">
    <p class='ocr_par' dir='ltr' id='par_1_2' title="bbox 1972 341 3517 402">
     <span class='ocr_line' id='line_1_2' title="bbox 1972 341 3517 402; baseline -0.001 -2"><span class='ocrx_word' id='word_1_4' title='bbox 1972 388 1981 402; x_wconf 93' lang='grc'><strong>.</strong></span> <span class='ocrx_word' id='word_1_5' title='bbox 2005 343 2026 399; x_wconf 84' lang='lat' dir='ltr'><strong>l</strong></span> <span class='ocrx_word' id='word_1_6' title='bbox 2063 342 2324 399; x_wconf 76' lang='lat' dir='ltr'><strong>REGUM.</strong></span> <span class='ocrx_word' id='word_1_7' title='bbox 3447 341 3517 399; x_wconf 65' lang='grc' dir='ltr'><strong>ιϐ</strong></span> 
     </span>
    </p>
   </div>
   <div class='ocr_carea' id='block_1_3' title="bbox 263 460 1851 541">
    <p class='ocr_par' dir='ltr' id='par_1_3' title="bbox 263 463 1849 541">
     <span class='ocr_line' id='line_1_3' title="bbox 263 463 1849 541; baseline -0.005 -16"><span class='ocrx_word' id='word_1_8' title='bbox 263 471 588 541; x_wconf 78' lang='grc' dir='ltr'>Καταγνοὺς</span> <span class='ocrx_word' id='word_1_9' title='bbox 614 467 710 527; x_wconf 83' lang='grc' dir='ltr'><strong>οῦν</strong></span> <span class='ocrx_word' id='word_1_10' title='bbox 740 471 837 527; x_wconf 90' lang='grc' dir='ltr'><strong>τοῦ</strong></span> <span class='ocrx_word' id='word_1_11' title='bbox 865 471 1056 535; x_wconf 77' lang='grc' dir='ltr'>Σαοὺλ,</span> <span class='ocrx_word' id='word_1_12' title='bbox 1097 471 1192 524; x_wconf 73' lang='grc' dir='ltr'>καὶ</span> <span class='ocrx_word' id='word_1_13' title='bbox 1224 468 1543 539; x_wconf 84' lang='grc' dir='ltr'>βουλόμενος</span> <span class='ocrx_word' id='word_1_14' title='bbox 1573 467 1653 537; x_wconf 83' lang='grc' dir='ltr'>τῷ</span> <span class='ocrx_word' id='word_1_15' title='bbox 1685 463 1849 523; x_wconf 84' lang='grc' dir='ltr'>Δαυῖδ</span> 
     </span>
    </p>
   </div>
   <div class='ocr_carea' id='block_1_4' title="bbox 1972 460 3518 541">
    <p class='ocr_par' dir='ltr' id='par_1_4' title="bbox 1972 460 3518 532">
     <span class='ocr_line' id='line_1_4' title="bbox 1972 460 3518 532; baseline 0.001 -15"><span class='ocrx_word' id='word_1_16' title='bbox 1972 476 2035 521; x_wconf 51' lang='lat' dir='ltr'><strong>iet</strong></span> <span class='ocrx_word' id='word_1_17' title='bbox 2085 465 2324 529; x_wconf 90' lang='lat' dir='ltr'><strong>Saulem,</strong></span> <span class='ocrx_word' id='word_1_18' title='bbox 2374 462 2644 532; x_wconf 78' lang='lat' dir='ltr'><strong>velletque</strong></span> <span class='ocrx_word' id='word_1_19' title='bbox 2698 460 2887 517; x_wconf 88' lang='lat' dir='ltr'><strong>Davidi</strong></span> <span class='ocrx_word' id='word_1_20' title='bbox 2936 462 3221 531; x_wconf 82' lang='lat' dir='ltr'><strong>imperium</strong></span> <span class='ocrx_word' id='word_1_21' title='bbox 3279 463 3518 528; x_wconf 87' lang='lat' dir='ltr'><strong>tradere,</strong></span> 
     </span>
    </p>
   </div>
   <div class='ocr_carea' id='block_1_5' title="bbox 264 558 1848 637">
    <p class='ocr_par' dir='ltr' id='par_1_5' title="bbox 264 558 1848 637">
     <span class='ocr_line' id='line_1_5' title="bbox 264 558 1848 637; baseline -0.004 -19"><span class='ocrx_word' id='word_1_22' title='bbox 264 565 603 637; x_wconf 80' lang='grc' dir='ltr'>παραδοῦναι</span> <span class='ocrx_word' id='word_1_23' title='bbox 635 565 705 618; x_wconf 75' lang='grc' dir='ltr'>τὰ</span> <span class='ocrx_word' id='word_1_24' title='bbox 741 566 843 637; x_wconf 82' lang='grc' dir='ltr'><strong>τῆς</strong></span> <span class='ocrx_word' id='word_1_25' title='bbox 879 566 1073 637; x_wconf 84' lang='grc' dir='ltr'>ἀρχῆς,</span> <span class='ocrx_word' id='word_1_26' title='bbox 1119 565 1215 618; x_wconf 81' lang='grc' dir='ltr'>καὶ</span> <span class='ocrx_word' id='word_1_27' title='bbox 1243 562 1321 633; x_wconf 83' lang='grc' dir='ltr'><strong>τῷ</strong></span> <span class='ocrx_word' id='word_1_28' title='bbox 1355 562 1633 633; x_wconf 86' lang='grc' dir='ltr'>σπέρματι</span> <span class='ocrx_word' id='word_1_29' title='bbox 1683 558 1848 615; x_wconf 83' lang='grc' dir='ltr'>αὑτοῦ</span> 
     </span>
    </p>
   </div>
   <div class='ocr_carea' id='block_1_6' title="bbox 263 654 1850 730">
    <p class='ocr_par' dir='ltr' id='par_1_6' title="bbox 263 654 1850 730">
     <span class='ocr_line' id='line_1_6' title="bbox 263 654 1850 730; baseline -0.003 -20"><span class='ocrx_word' id='word_1_30' title='bbox 263 659 502 727; x_wconf 77' lang='grc' dir='ltr'>φυλάξαι</span> <span class='ocrx_word' id='word_1_31' title='bbox 523 659 623 730; x_wconf 82' lang='grc' dir='ltr'><strong>τὴν</strong></span> <span class='ocrx_word' id='word_1_32' title='bbox 668 657 965 729; x_wconf 82' lang='grc' dir='ltr'>βασιλείαν,</span> <span class='ocrx_word' id='word_1_33' title='bbox 996 656 1083 710; x_wconf 80' lang='grc' dir='ltr'>διὰ</span> <span class='ocrx_word' id='word_1_34' title='bbox 1114 657 1205 710; x_wconf 82' lang='grc' dir='ltr'><strong>τὸν</strong></span> <span class='ocrx_word' id='word_1_35' title='bbox 1244 654 1410 708; x_wconf 82' lang='grc' dir='ltr'>αὑτοῦ</span> <span class='ocrx_word' id='word_1_36' title='bbox 1446 654 1850 726; x_wconf 82' lang='grc' dir='ltr'><strong>τεχθησόμενον</strong></span> 
     </span>
    </p>
   </div>
   <div class='ocr_carea' id='block_1_7' title="bbox 264 747 1848 822">
    <p class='ocr_par' dir='ltr' id='par_1_7' title="bbox 264 747 1848 822">
     <span class='ocr_line' id='line_1_7' title="bbox 264 747 1848 822; baseline -0.004 -18"><span class='ocrx_word' id='word_1_37' title='bbox 264 751 409 804; x_wconf 77' lang='grc' dir='ltr'>κατὰ</span> <span class='ocrx_word' id='word_1_38' title='bbox 433 752 611 822; x_wconf 80' lang='grc' dir='ltr'><strong>σάρκα</strong></span> <span class='ocrx_word' id='word_1_39' title='bbox 641 751 865 821; x_wconf 83' lang='grc' dir='ltr'><strong>βασιλέα</strong></span> <span class='ocrx_word' id='word_1_40' title='bbox 889 752 988 821; x_wconf 82' lang='grc' dir='ltr'>τῆς</span> <span class='ocrx_word' id='word_1_41' title='bbox 1028 750 1259 813; x_wconf 82' lang='grc' dir='ltr'>κτίσεως</span> <span class='ocrx_word' id='word_1_42' title='bbox 1298 749 1539 820; x_wconf 81' lang='grc' dir='ltr'>ἁπάσης,</span> <span class='ocrx_word' id='word_1_43' title='bbox 1572 747 1848 818; x_wconf 89' lang='grc' dir='ltr'>ἀνθρωπί-</span> 
     </span>
    </p>
   </div>
   <div class='ocr_carea' id='block_1_8' title="bbox 264 840 1850 916">
    <p class='ocr_par' dir='ltr' id='par_1_8' title="bbox 264 840 1850 916">
     <span class='ocr_line' id='line_1_8' title="bbox 264 840 1850 916; baseline -0.001 -21"><span class='ocrx_word' id='word_1_44' title='bbox 264 861 379 907; x_wconf 85' lang='grc' dir='ltr'>νοις</span> <span class='ocrx_word' id='word_1_45' title='bbox 391 844 661 914; x_wconf 76' lang='grc' dir='ltr'>ἐχρήσατο</span> <span class='ocrx_word' id='word_1_46' title='bbox 674 846 910 916; x_wconf 81' lang='grc' dir='ltr'>ῥήμασιν</span> <span class='ocrx_word' id='word_1_47' title='bbox 923 842 1031 916; x_wconf 79' lang='grc'><strong>(85)</strong></span> <span class='ocrx_word' id='word_1_48' title='bbox 1044 841 1140 897; x_wconf 78' lang='grc' dir='ltr'>ἄνθ</span> <span class='ocrx_word' id='word_1_49' title='bbox 1150 859 1327 913; x_wconf 86' lang='grc' dir='ltr'>ρωπος</span> <span class='ocrx_word' id='word_1_50' title='bbox 1341 840 1737 911; x_wconf 88' lang='grc' dir='ltr'>διαλεγόμενος,</span> <span class='ocrx_word' id='word_1_51' title='bbox 1756 840 1850 893; x_wconf 83' lang='grc' dir='ltr'><strong>καὶ</strong></span> 
     </span>
    </p>
   </div>
   <div class='ocr_carea' id='block_1_9' title="bbox 263 931 1850 1006">
    <p class='ocr_par' dir='ltr' id='par_1_9' title="bbox 263 931 1850 1006">
     <span class='ocr_line' id='line_1_9' title="bbox 263 931 1850 1006; baseline -0.003 -16"><span class='ocrx_word' id='word_1_52' title='bbox 263 931 409 990; x_wconf 82' lang='grc' dir='ltr'>εἷπε·</span> <span class='ocrx_word' id='word_1_53' title='bbox 439 936 957 1006; x_wconf 78' lang='grc' dir='ltr'>Μεταμεμέλημαι,</span> <span class='ocrx_word' id='word_1_54' title='bbox 986 934 1076 988; x_wconf 86' lang='grc' dir='ltr'>ὅτι</span> <span class='ocrx_word' id='word_1_55' title='bbox 1101 934 1319 1003; x_wconf 78' lang='grc' dir='ltr'>ἐχρισα</span> <span class='ocrx_word' id='word_1_56' title='bbox 1364 932 1472 988; x_wconf 78' lang='grc' dir='ltr'><strong>τὸν</strong></span> <span class='ocrx_word' id='word_1_57' title='bbox 1515 932 1713 987; x_wconf 75' lang='grc' dir='ltr'>Σαοὺλ</span> <span class='ocrx_word' id='word_1_58' title='bbox 1763 933 1850 997; x_wconf 75' lang='grc' dir='ltr'>εἰς</span> 
     </span>
    </p>
   </div>
   <div class='ocr_carea' id='block_1_10' title="bbox 258 1024 1847 1098">
    <p class='ocr_par' dir='ltr' id='par_1_10' title="bbox 258 1024 1847 1098">
     <span class='ocr_line' id='line_1_10' title="bbox 258 1024 1847 1098; baseline -0.003 -16"><span class='ocrx_word' id='word_1_59' title='bbox 258 1028 558 1092; x_wconf 72' lang='grc' dir='ltr'>βασιλέα·</span> <span class='ocrx_word' id='word_1_60' title='bbox 585 1028 707 1082; x_wconf 78' lang='grc' dir='ltr'>ἀντὶ</span> <span class='ocrx_word' id='word_1_61' title='bbox 745 1027 840 1081; x_wconf 89' lang='grc' dir='ltr'><strong>τοῦ</strong></span> <span class='ocrx_word' id='word_1_62' title='bbox 860 1044 874 1057; x_wconf 88' lang='grc'><strong>·</strong></span> <span class='ocrx_word' id='word_1_63' title='bbox 916 1027 1116 1098; x_wconf 86' lang='grc' dir='ltr'>Ἑτέρῳ</span> <span class='ocrx_word' id='word_1_64' title='bbox 1142 1026 1401 1098; x_wconf 85' lang='grc' dir='ltr'>βούλομαι</span> <span class='ocrx_word' id='word_1_65' title='bbox 1418 1024 1600 1079; x_wconf 89' lang='grc' dir='ltr'>δοῦναι</span> <span class='ocrx_word' id='word_1_66' title='bbox 1621 1025 1721 1096; x_wconf 82' lang='grc' dir='ltr'><strong>τῆς</strong></span> <span class='ocrx_word' id='word_1_67' title='bbox 1747 1024 1847 1096; x_wconf 85' lang='grc' dir='ltr'>βα-</span> 
     </span>
    </p>
   </div>
   <div class='ocr_carea' id='block_1_11' title="bbox 265 1115 1847 1193">
    <p class='ocr_par' dir='ltr' id='par_1_11' title="bbox 265 1115 1847 1193">
     <span class='ocr_line' id='line_1_11' title="bbox 265 1115 1847 1193; baseline -0.004 -19"><span class='ocrx_word' id='word_1_68' title='bbox 265 1120 476 1185; x_wconf 85' lang='grc' dir='ltr'>σιλείας</span> <span class='ocrx_word' id='word_1_69' title='bbox 501 1121 601 1191; x_wconf 84' lang='grc' dir='ltr'>τὴν</span> <span class='ocrx_word' id='word_1_70' title='bbox 631 1121 827 1193; x_wconf 79' lang='grc' dir='ltr'>ἀρχὴν,</span> <span class='ocrx_word' id='word_1_71' title='bbox 856 1118 1044 1173; x_wconf 87' lang='grc' dir='ltr'>τοῦτον</span> <span class='ocrx_word' id='word_1_72' title='bbox 1074 1118 1129 1171; x_wconf 81' lang='grc' dir='ltr'><strong>δὲ</strong></span> <span class='ocrx_word' id='word_1_73' title='bbox 1152 1118 1360 1171; x_wconf 86' lang='grc' dir='ltr'>παῦσαι</span> <span class='ocrx_word' id='word_1_74' title='bbox 1387 1117 1486 1187; x_wconf 85' lang='grc' dir='ltr'>τῆς</span> <span class='ocrx_word' id='word_1_75' title='bbox 1506 1115 1847 1178; x_wconf 83' lang='grc' dir='ltr'>δυναστείας.</span> 
     </span>
    </p>
   </div>
   <div class='ocr_carea' id='block_1_12' title="bbox 336 1207 1849 1285">
    <p class='ocr_par' dir='ltr' id='par_1_12' title="bbox 336 1207 1849 1285">
     <span class='ocr_line' id='line_1_12' title="bbox 336 1207 1849 1285; baseline -0.005 -16"><span class='ocrx_word' id='word_1_76' title='bbox 336 1217 437 1278; x_wconf 81' lang='grc' dir='ltr'>Τὸ,</span> <span class='ocrx_word' id='word_1_77' title='bbox 460 1214 966 1285; x_wconf 78' lang='grc' dir='ltr'>μεταμεμέλημαι,</span> <span class='ocrx_word' id='word_1_78' title='bbox 988 1212 1079 1266; x_wconf 86' lang='grc' dir='ltr'>διὰ</span> <span class='ocrx_word' id='word_1_79' title='bbox 1108 1213 1201 1266; x_wconf 85' lang='grc' dir='ltr'><strong>τὸν</strong></span> <span class='ocrx_word' id='word_1_80' title='bbox 1226 1211 1399 1265; x_wconf 78' lang='grc' dir='ltr'>Σαούλ</span> <span class='ocrx_word' id='word_1_81' title='bbox 1418 1228 1431 1240; x_wconf 92' lang='grc'><strong>·</strong></span> <span class='ocrx_word' id='word_1_82' title='bbox 1460 1207 1739 1264; x_wconf 76' lang='grc' dir='ltr'>τουτέστιν</span> <span class='ocrx_word' id='word_1_83' title='bbox 1758 1207 1849 1262; x_wconf 79' lang='grc' dir='ltr'>οὕ-</span> 
     </span>
    </p>
   </div>
   <div class='ocr_carea' id='block_1_13' title="bbox 262 1302 1853 1377">
    <p class='ocr_par' dir='ltr' id='par_1_13' title="bbox 262 1302 1853 1377">
     <span class='ocr_line' id='line_1_13' title="bbox 262 1302 1853 1377; baseline -0.006 -14"><span class='ocrx_word' id='word_1_84' title='bbox 262 1326 378 1372; x_wconf 82' lang='grc' dir='ltr'><strong>τως</strong></span> <span class='ocrx_word' id='word_1_85' title='bbox 404 1308 622 1373; x_wconf 80' lang='grc' dir='ltr'>ἀνάξιον</span> <span class='ocrx_word' id='word_1_86' title='bbox 649 1307 842 1361; x_wconf 77' lang='grc' dir='ltr'>ἑαυτὸν</span> <span class='ocrx_word' id='word_1_87' title='bbox 869 1306 970 1377; x_wconf 83' lang='grc' dir='ltr'>τῆς</span> <span class='ocrx_word' id='word_1_88' title='bbox 1002 1304 1279 1376; x_wconf 83' lang='grc' dir='ltr'>βασιλείας</span> <span class='ocrx_word' id='word_1_89' title='bbox 1306 1303 1583 1375; x_wconf 77' lang='grc' dir='ltr'>ἐποίησεν,</span> <span class='ocrx_word' id='word_1_90' title='bbox 1610 1302 1772 1367; x_wconf 82' lang='grc' dir='ltr'>ὥστε,</span> <span class='ocrx_word' id='word_1_91' title='bbox 1797 1302 1853 1354; x_wconf 79' lang='grc' dir='ltr'><strong>εί</strong></span> 
     </span>
    </p>
   </div>
   <div class='ocr_carea' id='block_1_14' title="bbox 263 1394 1844 1471">
    <p class='ocr_par' dir='ltr' id='par_1_14' title="bbox 263 1394 1844 1471">
     <span class='ocr_line' id='line_1_14' title="bbox 263 1394 1844 1471; baseline -0.004 -17"><span class='ocrx_word' id='word_1_92' title='bbox 263 1417 330 1471; x_wconf 83' lang='grc' dir='ltr'><strong>γε</strong></span> <span class='ocrx_word' id='word_1_93' title='bbox 375 1400 536 1471; x_wconf 74' lang='grc' dir='ltr'>φύσιν</span> <span class='ocrx_word' id='word_1_94' title='bbox 568 1396 714 1471; x_wconf 76' lang='grc' dir='ltr'>εἶχον</span> <span class='ocrx_word' id='word_1_95' title='bbox 744 1396 1127 1470; x_wconf 84' lang='grc' dir='ltr'>μετανοοῦσαν,</span> <span class='ocrx_word' id='word_1_96' title='bbox 1155 1396 1427 1467; x_wconf 80' lang='grc' dir='ltr'><strong>μετέγνων</strong></span> <span class='ocrx_word' id='word_1_97' title='bbox 1463 1396 1530 1450; x_wconf 84' lang='grc' dir='ltr'><strong>ἂν</strong></span> <span class='ocrx_word' id='word_1_98' title='bbox 1564 1396 1650 1448; x_wconf 72' lang='grc' dir='ltr'><strong>ἐπ’</strong></span> <span class='ocrx_word' id='word_1_99' title='bbox 1675 1394 1844 1465; x_wconf 82' lang='grc' dir='ltr'>αὐτῷ.</span> 
     </span>
    </p>
   </div>
   <div class='ocr_carea' id='block_1_15' title="bbox 264 1487 1847 1565">
    <p class='ocr_par' dir='ltr' id='par_1_15' title="bbox 264 1487 1847 1565">
     <span class='ocr_line' id='line_1_15' title="bbox 264 1487 1847 1565; baseline 0 -19"><span class='ocrx_word' id='word_1_100' title='bbox 264 1497 368 1547; x_wconf 78' lang='grc' dir='ltr'><strong>Διά</strong></span> <span class='ocrx_word' id='word_1_101' title='bbox 389 1495 442 1547; x_wconf 90' lang='grc' dir='ltr'><strong>τί</strong></span> <span class='ocrx_word' id='word_1_102' title='bbox 472 1490 565 1547; x_wconf 79' lang='grc' dir='ltr'>οὗν</span> <span class='ocrx_word' id='word_1_103' title='bbox 593 1492 854 1565; x_wconf 74' lang='grc' dir='ltr'>ἐχρίσθης</span> <span class='ocrx_word' id='word_1_104' title='bbox 887 1493 1011 1547; x_wconf 82' lang='grc' dir='ltr'>Ὅτι</span> <span class='ocrx_word' id='word_1_105' title='bbox 1052 1492 1174 1545; x_wconf 90' lang='grc' dir='ltr'>τότε</span> <span class='ocrx_word' id='word_1_106' title='bbox 1198 1492 1347 1557; x_wconf 83' lang='grc' dir='ltr'>ἄξιος</span> <span class='ocrx_word' id='word_1_107' title='bbox 1382 1487 1450 1563; x_wconf 77' lang='grc' dir='ltr'>ἦν</span> <span class='ocrx_word' id='word_1_108' title='bbox 1475 1509 1487 1522; x_wconf 90' lang='grc'>·</span> <span class='ocrx_word' id='word_1_109' title='bbox 1533 1492 1765 1565; x_wconf 81' lang='grc' dir='ltr'>τραπεὶς</span> <span class='ocrx_word' id='word_1_110' title='bbox 1789 1492 1847 1546; x_wconf 85' lang='grc' dir='ltr'>δὲ</span> 
     </span>
    </p>
   </div>
   <div class='ocr_carea' id='block_1_16' title="bbox 264 1586 926 1656">
    <p class='ocr_par' dir='ltr' id='par_1_16' title="bbox 264 1586 926 1656">
     <span class='ocr_line' id='line_1_16' title="bbox 264 1586 926 1656; baseline -0.005 -14"><span class='ocrx_word' id='word_1_111' title='bbox 264 1588 454 1651; x_wconf 70' lang='grc' dir='ltr'>πάλιν,</span> <span class='ocrx_word' id='word_1_112' title='bbox 472 1587 687 1654; x_wconf 79' lang='grc' dir='ltr'>ἀνάξιος</span> <span class='ocrx_word' id='word_1_113' title='bbox 716 1586 926 1656; x_wconf 85' lang='grc' dir='ltr'>γέγονε.</span> 
     </span>
    </p>
   </div>
   <div class='ocr_carea' id='block_1_17' title="bbox 264 1765 1848 1841">
    <p class='ocr_par' dir='ltr' id='par_1_17' title="bbox 264 1765 1848 1841">
     <span class='ocr_line' id='line_1_17' title="bbox 264 1765 1848 1841; baseline -0.003 -17"><span class='ocrx_word' id='word_1_114' title='bbox 264 1770 415 1841; x_wconf 78' lang='grc' dir='ltr'>Στίχ.</span> <span class='ocrx_word' id='word_1_115' title='bbox 435 1768 531 1823; x_wconf 86' lang='grc' dir='ltr'>λε’.</span> <span class='ocrx_word' id='word_1_116' title='bbox 564 1768 675 1841; x_wconf 72' lang='grc' dir='ltr'>Καί</span> <span class='ocrx_word' id='word_1_117' title='bbox 706 1768 919 1841; x_wconf 84' lang='grc' dir='ltr'>Κύριος</span> <span class='ocrx_word' id='word_1_118' title='bbox 942 1765 1335 1841; x_wconf 52' lang='grc' dir='ltr'>μετεμελήθη</span> <span class='ocrx_word' id='word_1_119' title='bbox 1371 1765 1848 1841; x_wconf 22' lang='grc' dir='ltr'>ὄτιᾼέϐασίλευσε</span> 
     </span>
    </p>
   </div>
   <div class='ocr_carea' id='block_1_18' title="bbox 618 1836 1502 1905">
    <p class='ocr_par' dir='ltr' id='par_1_18' title="bbox 618 1836 1502 1905">
     <span class='ocr_line' id='line_1_18' title="bbox 618 1836 1502 1905; baseline -0.003 -13"><span class='ocrx_word' id='word_1_120' title='bbox 618 1840 726 1892; x_wconf 78' lang='grc' dir='ltr'>τὸν</span> <span class='ocrx_word' id='word_1_121' title='bbox 748 1839 948 1893; x_wconf 76' lang='grc' dir='ltr'>Σαοὺλ</span> <span class='ocrx_word' id='word_1_122' title='bbox 978 1838 1074 1890; x_wconf 78' lang='grc' dir='ltr'><strong>ἐπὶ</strong></span> <span class='ocrx_word' id='word_1_123' title='bbox 1106 1838 1213 1891; x_wconf 74' lang='grc' dir='ltr'>τὸν·</span> <span class='ocrx_word' id='word_1_124' title='bbox 1245 1836 1502 1905; x_wconf 77' lang='grc' dir='ltr'>Ἰσραήλ.</span> 
     </span>
    </p>
   </div>
   <div class='ocr_carea' id='block_1_19' title="bbox 350 1927 1847 2002">
    <p class='ocr_par' dir='ltr' id='par_1_19' title="bbox 350 1927 1847 2002">
     <span class='ocr_line' id='line_1_19' title="bbox 350 1927 1847 2002; baseline -0.004 -16"><span class='ocrx_word' id='word_1_125' title='bbox 350 1934 445 1986; x_wconf 86' lang='grc' dir='ltr'>Ἐκ</span> <span class='ocrx_word' id='word_1_126' title='bbox 478 1936 680 1987; x_wconf 82' lang='grc' dir='ltr'>τούτων</span> <span class='ocrx_word' id='word_1_127' title='bbox 710 1932 983 1985; x_wconf 77' lang='grc' dir='ltr'>δείκνυται</span> <span class='ocrx_word' id='word_1_128' title='bbox 1014 1931 1043 1984; x_wconf 89' lang='grc' dir='ltr'>ὃ</span> <span class='ocrx_word' id='word_1_129' title='bbox 1080 1933 1361 2002; x_wconf 83' lang='grc' dir='ltr'>προεῖπον,</span> <span class='ocrx_word' id='word_1_130' title='bbox 1396 1929 1478 1983; x_wconf 81' lang='grc' dir='ltr'><strong>ὅτι</strong></span> <span class='ocrx_word' id='word_1_131' title='bbox 1514 1927 1847 2000; x_wconf 85' lang='grc' dir='ltr'>μεταμέλεια</span> 
     </span>
    </p>
   </div>
   <div class='ocr_carea' id='block_1_20' title="bbox 264 2020 1847 2096">
    <p class='ocr_par' dir='ltr' id='par_1_20' title="bbox 264 2020 1847 2096">
     <span class='ocr_line' id='line_1_20' title="bbox 264 2020 1847 2096; baseline -0.003 -18"><span class='ocrx_word' id='word_1_132' title='bbox 264 2025 484 2094; x_wconf 85' lang='grc' dir='ltr'>λέγεται</span> <span class='ocrx_word' id='word_1_133' title='bbox 514 2027 549 2096; x_wconf 81' lang='grc' dir='ltr'>ἡ</span> <span class='ocrx_word' id='word_1_134' title='bbox 605 2022 698 2077; x_wconf 87' lang='grc' dir='ltr'><strong>τοῦ</strong></span> <span class='ocrx_word' id='word_1_135' title='bbox 731 2020 867 2078; x_wconf 84' lang='grc' dir='ltr'>Θεοῦ</span> <span class='ocrx_word' id='word_1_136' title='bbox 910 2022 1221 2093; x_wconf 83' lang='grc' dir='ltr'>οἰκονομίας</span> <span class='ocrx_word' id='word_1_137' title='bbox 1268 2021 1375 2075; x_wconf 84' lang='grc' dir='ltr'>ἀπὸ</span> <span class='ocrx_word' id='word_1_138' title='bbox 1425 2020 1749 2091; x_wconf 84' lang='grc' dir='ltr'>πράγματος</span> <span class='ocrx_word' id='word_1_139' title='bbox 1767 2020 1847 2083; x_wconf 85' lang='grc' dir='ltr'><strong>είς</strong></span> 
     </span>
    </p>
   </div>
   <div class='ocr_carea' id='block_1_21' title="bbox 264 2113 845 2189">
    <p class='ocr_par' dir='ltr' id='par_1_21' title="bbox 264 2113 845 2189">
     <span class='ocr_line' id='line_1_21' title="bbox 264 2113 845 2189; baseline -0.007 -18"><span class='ocrx_word' id='word_1_140' title='bbox 264 2119 503 2189; x_wconf 75' lang='grc' dir='ltr'>πρᾶγμα</span> <span class='ocrx_word' id='word_1_141' title='bbox 538 2113 845 2186; x_wconf 82' lang='grc' dir='ltr'>μετάθεσις.</span> 
     </span>
    </p>
   </div>
   <div class='ocr_carea' id='block_1_22' title="bbox 336 2201 1848 2277">
    <p class='ocr_par' dir='ltr' id='par_1_22' title="bbox 336 2201 1848 2277">
     <span class='ocr_line' id='line_1_22' title="bbox 336 2201 1848 2277; baseline -0.005 -17"><span class='ocrx_word' id='word_1_142' title='bbox 336 2208 619 2261; x_wconf 86' lang='grc' dir='ltr'>Δείκνυσιν</span> <span class='ocrx_word' id='word_1_143' title='bbox 661 2208 690 2260; x_wconf 88' lang='grc' dir='ltr'><strong>ό</strong></span> <span class='ocrx_word' id='word_1_144' title='bbox 719 2205 896 2274; x_wconf 89' lang='grc' dir='ltr'>λόγος,</span> <span class='ocrx_word' id='word_1_145' title='bbox 930 2206 1032 2269; x_wconf 83' lang='grc' dir='ltr'>ὅτι,</span> <span class='ocrx_word' id='word_1_146' title='bbox 1067 2205 1170 2258; x_wconf 85' lang='grc' dir='ltr'>κᾶν</span> <span class='ocrx_word' id='word_1_147' title='bbox 1201 2204 1485 2277; x_wconf 82' lang='grc' dir='ltr'>προφήτης</span> <span class='ocrx_word' id='word_1_148' title='bbox 1516 2203 1611 2257; x_wconf 71' lang='grc' dir='ltr'><strong>καὶ</strong></span> <span class='ocrx_word' id='word_1_149' title='bbox 1640 2201 1848 2265; x_wconf 87' lang='grc' dir='ltr'>δίκαιος</span> 
     </span>
    </p>
   </div>
   <div class='ocr_carea' id='block_1_23' title="bbox 263 2295 1846 2373">
    <p class='ocr_par' dir='ltr' id='par_1_23' title="bbox 263 2295 1846 2373">
     <span class='ocr_line' id='line_1_23' title="bbox 263 2295 1846 2373; baseline -0.004 -19"><span class='ocrx_word' id='word_1_150' title='bbox 263 2300 553 2373; x_wconf 81' lang='grc' dir='ltr'>ἄνθρωπος</span> <span class='ocrx_word' id='word_1_151' title='bbox 582 2301 611 2352; x_wconf 77' lang='grc' dir='ltr'><strong>ὁ</strong></span> <span class='ocrx_word' id='word_1_152' title='bbox 643 2299 782 2370; x_wconf 79' lang='grc' dir='ltr'>ὑπὲρ</span> <span class='ocrx_word' id='word_1_153' title='bbox 805 2298 980 2353; x_wconf 78' lang='grc' dir='ltr'>ἄλλων</span> <span class='ocrx_word' id='word_1_154' title='bbox 1012 2297 1285 2369; x_wconf 86' lang='grc' dir='ltr'>δεόμενος,</span> <span class='ocrx_word' id='word_1_155' title='bbox 1316 2296 1417 2350; x_wconf 83' lang='grc' dir='ltr'><strong>οὐκ</strong></span> <span class='ocrx_word' id='word_1_156' title='bbox 1447 2296 1621 2359; x_wconf 80' lang='grc' dir='ltr'>ἄλλως</span> <span class='ocrx_word' id='word_1_157' title='bbox 1652 2295 1846 2349; x_wconf 87' lang='grc' dir='ltr'>ἀκούε-</span> 
     </span>
    </p>
   </div>
   <div class='ocr_carea' id='block_1_24' title="bbox 263 2386 1849 2464">
    <p class='ocr_par' dir='ltr' id='par_1_24' title="bbox 263 2386 1849 2464">
     <span class='ocr_line' id='line_1_24' title="bbox 263 2386 1849 2464; baseline -0.004 -19"><span class='ocrx_word' id='word_1_158' title='bbox 263 2411 380 2459; x_wconf 82' lang='grc' dir='ltr'>ται,</span> <span class='ocrx_word' id='word_1_159' title='bbox 411 2396 462 2447; x_wconf 85' lang='grc' dir='ltr'><strong>εί</strong></span> <span class='ocrx_word' id='word_1_160' title='bbox 494 2393 569 2464; x_wconf 84' lang='grc' dir='ltr'>μὴ</span> <span class='ocrx_word' id='word_1_161' title='bbox 600 2394 805 2455; x_wconf 77' lang='grc' dir='ltr'>ἐκεῖνος</span> <span class='ocrx_word' id='word_1_162' title='bbox 839 2391 984 2462; x_wconf 81' lang='grc' dir='ltr'>ἔργῳ</span> <span class='ocrx_word' id='word_1_163' title='bbox 1024 2388 1187 2454; x_wconf 84' lang='grc' dir='ltr'>δείξει</span> <span class='ocrx_word' id='word_1_164' title='bbox 1216 2388 1314 2460; x_wconf 81' lang='grc' dir='ltr'>τὴν</span> <span class='ocrx_word' id='word_1_165' title='bbox 1350 2388 1655 2459; x_wconf 81' lang='grc' dir='ltr'>μετάνοιαν.</span> <span class='ocrx_word' id='word_1_166' title='bbox 1691 2386 1849 2441; x_wconf 79' lang='grc' dir='ltr'>Οὕτω</span> 
     </span>
    </p>
   </div>
   <div class='ocr_carea' id='block_1_25' title="bbox 265 2480 1849 2559">
    <p class='ocr_par' dir='ltr' id='par_1_25' title="bbox 265 2480 1849 2559">
     <span class='ocr_line' id='line_1_25' title="bbox 265 2480 1849 2559; baseline -0.004 -18"><span class='ocrx_word' id='word_1_167' title='bbox 265 2487 377 2559; x_wconf 78' lang='grc' dir='ltr'>γὰρ</span> <span class='ocrx_word' id='word_1_168' title='bbox 411 2488 445 2557; x_wconf 80' lang='grc' dir='ltr'>ἢ</span> <span class='ocrx_word' id='word_1_169' title='bbox 489 2486 671 2556; x_wconf 84' lang='grc' dir='ltr'>δέησις</span> <span class='ocrx_word' id='word_1_170' title='bbox 718 2484 892 2556; x_wconf 77' lang='grc' dir='ltr'>ἰσχύει</span> <span class='ocrx_word' id='word_1_171' title='bbox 936 2485 1029 2539; x_wconf 89' lang='grc' dir='ltr'><strong>τοῦ</strong></span> <span class='ocrx_word' id='word_1_172' title='bbox 1064 2484 1296 2545; x_wconf 83' lang='grc' dir='ltr'>δικαίου,</span> <span class='ocrx_word' id='word_1_173' title='bbox 1344 2482 1710 2555; x_wconf 76' lang='grc' dir='ltr'>ἐνεργουμένη</span> <span class='ocrx_word' id='word_1_174' title='bbox 1759 2480 1849 2535; x_wconf 84' lang='grc' dir='ltr'>διὰ</span> 
     </span>
    </p>
   </div>
   <div class='ocr_carea' id='block_1_26' title="bbox 264 2572 1849 2650">
    <p class='ocr_par' dir='ltr' id='par_1_26' title="bbox 264 2572 1849 2650">
     <span class='ocr_line' id='line_1_26' title="bbox 264 2572 1849 2650; baseline -0.005 -16"><span class='ocrx_word' id='word_1_175' title='bbox 264 2580 364 2634; x_wconf 83' lang='grc' dir='ltr'><strong>τοῦ</strong></span> <span class='ocrx_word' id='word_1_176' title='bbox 391 2579 829 2650; x_wconf 75' lang='grc' dir='ltr'>ἁμαρτήσαντος.</span> <span class='ocrx_word' id='word_1_177' title='bbox 860 2578 978 2631; x_wconf 86' lang='grc' dir='ltr'>Ἶνα</span> <span class='ocrx_word' id='word_1_178' title='bbox 994 2572 1089 2631; x_wconf 81' lang='grc' dir='ltr'><strong>οὖν</strong></span> <span class='ocrx_word' id='word_1_179' title='bbox 1122 2579 1200 2639; x_wconf 85' lang='grc' dir='ltr'><strong>είς</strong></span> <span class='ocrx_word' id='word_1_180' title='bbox 1218 2576 1390 2647; x_wconf 84' lang='grc' dir='ltr'>πέρας</span> <span class='ocrx_word' id='word_1_181' title='bbox 1422 2574 1562 2646; x_wconf 79' lang='grc' dir='ltr'><strong>ἀχθῇ</strong></span> <span class='ocrx_word' id='word_1_182' title='bbox 1594 2574 1654 2627; x_wconf 84' lang='grc' dir='ltr'><strong>τὸ</strong></span> <span class='ocrx_word' id='word_1_183' title='bbox 1671 2575 1849 2646; x_wconf 78' lang='grc' dir='ltr'>πρᾶγ-</span> 
     </span>
    </p>
   </div>
   <div class='ocr_carea' id='block_1_27' title="bbox 268 2663 1846 2738">
    <p class='ocr_par' dir='ltr' id='par_1_27' title="bbox 268 2663 1846 2738">
     <span class='ocr_line' id='line_1_27' title="bbox 268 2663 1846 2738; baseline 0 -20"><span class='ocrx_word' id='word_1_184' title='bbox 268 2685 370 2738; x_wconf 85' lang='grc' dir='ltr'><strong>μα,</strong></span> <span class='ocrx_word' id='word_1_185' title='bbox 402 2666 485 2718; x_wconf 89' lang='grc' dir='ltr'><strong>δεῖ</strong></span> <span class='ocrx_word' id='word_1_186' title='bbox 522 2666 809 2737; x_wconf 79' lang='grc' dir='ltr'>ἀμφότερα</span> <span class='ocrx_word' id='word_1_187' title='bbox 857 2666 1182 2738; x_wconf 86' lang='grc' dir='ltr'>συνδραμεῖν</span> <span class='ocrx_word' id='word_1_188' title='bbox 1224 2666 1319 2718; x_wconf 75' lang='grc' dir='ltr'>καὶ</span> <span class='ocrx_word' id='word_1_189' title='bbox 1358 2664 1456 2736; x_wconf 69' lang='grc' dir='ltr'>τὴν</span> <span class='ocrx_word' id='word_1_190' title='bbox 1489 2663 1583 2719; x_wconf 90' lang='grc' dir='ltr'><strong>τοῦ</strong></span> <span class='ocrx_word' id='word_1_191' title='bbox 1636 2664 1846 2719; x_wconf 85' lang='grc' dir='ltr'>δικαίου</span> 
     </span>
    </p>
   </div>
   <div class='ocr_carea' id='block_1_28' title="bbox 264 2753 1398 2828">
    <p class='ocr_par' dir='ltr' id='par_1_28' title="bbox 264 2753 1398 2828">
     <span class='ocr_line' id='line_1_28' title="bbox 264 2753 1398 2828; baseline -0.003 -18"><span class='ocrx_word' id='word_1_192' title='bbox 264 2758 455 2828; x_wconf 76' lang='grc' dir='ltr'>εὐχὴν,</span> <span class='ocrx_word' id='word_1_193' title='bbox 478 2756 576 2810; x_wconf 68' lang='grc' dir='ltr'><strong>καὶ</strong></span> <span class='ocrx_word' id='word_1_194' title='bbox 596 2755 656 2808; x_wconf 85' lang='grc' dir='ltr'>τὺ</span> <span class='ocrx_word' id='word_1_195' title='bbox 687 2754 846 2824; x_wconf 76' lang='grc' dir='ltr'>ἔργον</span> <span class='ocrx_word' id='word_1_196' title='bbox 866 2754 961 2807; x_wconf 92' lang='grc' dir='ltr'><strong>τοῦ</strong></span> <span class='ocrx_word' id='word_1_197' title='bbox 994 2753 1398 2825; x_wconf 78' lang='grc' dir='ltr'>μετανοοῦντος.</span> 
     </span>
    </p>
   </div>
   <div class='ocr_carea' id='block_1_29' title="bbox 904 2847 1213 2901">
    <p class='ocr_par' dir='ltr' id='par_1_29' title="bbox 904 2847 1213 2901">
     <span class='ocr_line' id='line_1_29' title="bbox 904 2847 1213 2901; baseline 0 -1"><span class='ocrx_word' id='word_1_198' title='bbox 904 2849 1062 2901; x_wconf 77' lang='grc' dir='ltr'><strong>ΚΕΦ.</strong></span> <span class='ocrx_word' id='word_1_199' title='bbox 1111 2847 1213 2901; x_wconf 87' lang='grc' dir='ltr'><strong>ΙΘ’.</strong></span> 
     </span>
    </p>
   </div>
   <div class='ocr_carea' id='block_1_30' title="bbox 266 2934 1846 3026">
    <p class='ocr_par' dir='ltr' id='par_1_30' title="bbox 266 2934 1846 3026">
     <span class='ocr_line' id='line_1_30' title="bbox 266 2934 1846 3026; baseline 0 -35"><span class='ocrx_word' id='word_1_200' title='bbox 266 2937 438 3026; x_wconf 42' lang='grc' dir='ltr'>Στίχκ</span> <span class='ocrx_word' id='word_1_201' title='bbox 625 2938 734 3026; x_wconf 65' lang='lat' dir='ltr'><strong>Kal</strong></span> <span class='ocrx_word' id='word_1_202' title='bbox 779 2935 1039 3026; x_wconf 49' lang='grc' dir='ltr'>ἐγενήθη]</span> <span class='ocrx_word' id='word_1_203' title='bbox 1076 2937 1169 2989; x_wconf 82' lang='grc' dir='ltr'><strong>ἐπ’</strong></span> <span class='ocrx_word' id='word_1_204' title='bbox 1206 2934 1366 3026; x_wconf 63' lang='grc' dir='ltr'>αὐτῷ</span> <span class='ocrx_word' id='word_1_205' title='bbox 1398 2935 1846 3024; x_wconf 35' lang='grc' dir='ltr'>πνεῦμαιθεοῦο</span> 
     </span>
    </p>
   </div>
   <div class='ocr_carea' id='block_1_31' title="bbox 342 3008 1775 3077">
    <p class='ocr_par' dir='ltr' id='par_1_31' title="bbox 342 3008 1775 3077">
     <span class='ocr_line' id='line_1_31' title="bbox 342 3008 1775 3077; baseline -0.001 -15"><span class='ocrx_word' id='word_1_206' title='bbox 342 3008 441 3062; x_wconf 78' lang='grc' dir='ltr'><strong>καὶ</strong></span> <span class='ocrx_word' id='word_1_207' title='bbox 475 3009 793 3076; x_wconf 80' lang='grc' dir='ltr'>ἐπορεύετο</span> <span class='ocrx_word' id='word_1_208' title='bbox 818 3009 1220 3077; x_wconf 75' lang='grc' dir='ltr'>πορευόμενος</span> <span class='ocrx_word' id='word_1_209' title='bbox 1240 3009 1337 3061; x_wconf 77' lang='grc' dir='ltr'>καὶ</span> <span class='ocrx_word' id='word_1_210' title='bbox 1365 3008 1775 3076; x_wconf 68' lang='grc' dir='ltr'>προφητεύων.</span> 
     </span>
    </p>
   </div>
   <div class='ocr_carea' id='block_1_32' title="bbox 354 3097 1850 3173">
    <p class='ocr_par' dir='ltr' id='par_1_32' title="bbox 354 3097 1850 3173">
     <span class='ocr_line' id='line_1_32' title="bbox 354 3097 1850 3173; baseline -0.001 -18"><span class='ocrx_word' id='word_1_211' title='bbox 354 3103 568 3173; x_wconf 80' lang='grc' dir='ltr'>Ἐπειδὴ</span> <span class='ocrx_word' id='word_1_212' title='bbox 600 3103 822 3165; x_wconf 81' lang='grc' dir='ltr'>δυνατὸς</span> <span class='ocrx_word' id='word_1_213' title='bbox 852 3097 920 3172; x_wconf 80' lang='grc' dir='ltr'>ἢν</span> <span class='ocrx_word' id='word_1_214' title='bbox 945 3104 975 3155; x_wconf 88' lang='grc' dir='ltr'>ὁ</span> <span class='ocrx_word' id='word_1_215' title='bbox 996 3101 1189 3163; x_wconf 77' lang='grc' dir='ltr'>Σαοὺλ,</span> <span class='ocrx_word' id='word_1_216' title='bbox 1224 3100 1428 3172; x_wconf 82' lang='grc' dir='ltr'>πλῆθος</span> <span class='ocrx_word' id='word_1_217' title='bbox 1452 3100 1592 3171; x_wconf 73' lang='grc' dir='ltr'>ἔχων</span> <span class='ocrx_word' id='word_1_218' title='bbox 1620 3099 1850 3172; x_wconf 78' lang='grc' dir='ltr'>βοηθοῦν</span> 
     </span>
    </p>
   </div>
   <div class='ocr_carea' id='block_1_33' title="bbox 1950 555 3521 628">
    <p class='ocr_par' dir='ltr' id='par_1_33' title="bbox 1950 555 3521 628">
     <span class='ocr_line' id='line_1_33' title="bbox 1950 555 3521 628; baseline -0.003 -13"><span class='ocrx_word' id='word_1_219' title='bbox 1950 573 2280 628; x_wconf 82' lang='lat' dir='ltr'><strong>servareque</strong></span> <span class='ocrx_word' id='word_1_220' title='bbox 2313 558 2509 612; x_wconf 87' lang='lat' dir='ltr'><strong>semini</strong></span> <span class='ocrx_word' id='word_1_221' title='bbox 2546 557 2691 611; x_wconf 87' lang='lat' dir='ltr'><strong>illius</strong></span> <span class='ocrx_word' id='word_1_222' title='bbox 2738 564 3008 625; x_wconf 82' lang='lat' dir='ltr'><strong>regnum,t</strong></span> <span class='ocrx_word' id='word_1_223' title='bbox 3035 570 3132 623; x_wconf 87' lang='lat' dir='ltr'><strong>per</strong></span> <span class='ocrx_word' id='word_1_224' title='bbox 3175 571 3296 608; x_wconf 92' lang='lat' dir='ltr'><strong>eum</strong></span> <span class='ocrx_word' id='word_1_225' title='bbox 3339 555 3431 625; x_wconf 85' lang='lat' dir='ltr'><strong>qui</strong></span> <span class='ocrx_word' id='word_1_226' title='bbox 3470 558 3521 611; x_wconf 90' lang='lat' dir='ltr'><strong>ei</strong></span> 
     </span>
    </p>
   </div>
   <div class='ocr_carea' id='block_1_34' title="bbox 1950 645 3519 701">
    <p class='ocr_par' dir='ltr' id='par_1_34' title="bbox 1950 645 3519 701">
     <span class='ocr_line' id='line_1_34' title="bbox 1950 645 3519 701; baseline -0.001 0"><span class='ocrx_word' id='word_1_227' title='bbox 1950 647 2261 701; x_wconf 75' lang='lat' dir='ltr'><strong>nasciturus</strong></span> <span class='ocrx_word' id='word_1_228' title='bbox 2300 656 2422 701; x_wconf 88' lang='lat' dir='ltr'><strong>erat</strong></span> <span class='ocrx_word' id='word_1_229' title='bbox 2449 646 2745 700; x_wconf 88' lang='lat' dir='ltr'><strong>secundum</strong></span> <span class='ocrx_word' id='word_1_230' title='bbox 2775 660 2995 699; x_wconf 88' lang='lat' dir='ltr'><strong>carnem</strong></span> <span class='ocrx_word' id='word_1_231' title='bbox 3027 660 3120 698; x_wconf 79' lang='lat' dir='ltr'><strong>rex</strong></span> <span class='ocrx_word' id='word_1_232' title='bbox 3146 645 3314 698; x_wconf 90' lang='lat' dir='ltr'><strong>totius</strong></span> <span class='ocrx_word' id='word_1_233' title='bbox 3361 660 3519 699; x_wconf 87' lang='lat' dir='ltr'><strong>crea-</strong></span> 
     </span>
    </p>
   </div>
   <div class='ocr_carea' id='block_1_35' title="bbox 1950 736 3519 803">
    <p class='ocr_par' dir='ltr' id='par_1_35' title="bbox 1950 736 3519 803">
     <span class='ocr_line' id='line_1_35' title="bbox 1950 736 3519 803; baseline -0.001 -11"><span class='ocrx_word' id='word_1_234' title='bbox 1950 747 2106 803; x_wconf 67' lang='lat' dir='ltr'><strong>turae,</strong></span> <span class='ocrx_word' id='word_1_235' title='bbox 2139 738 2392 793; x_wconf 87' lang='lat' dir='ltr'><strong>humanis</strong></span> <span class='ocrx_word' id='word_1_236' title='bbox 2410 752 2540 794; x_wconf 89' lang='lat' dir='ltr'><strong>usus</strong></span> <span class='ocrx_word' id='word_1_237' title='bbox 2567 748 2651 794; x_wconf 89' lang='lat' dir='ltr'><strong>est</strong></span> <span class='ocrx_word' id='word_1_238' title='bbox 2678 737 2858 792; x_wconf 84' lang='lat' dir='ltr'><strong>verbis</strong></span> <span class='ocrx_word' id='word_1_239' title='bbox 2885 737 3097 793; x_wconf 91' lang='lat' dir='ltr'><strong>locutus</strong></span> <span class='ocrx_word' id='word_1_240' title='bbox 3142 736 3287 791; x_wconf 91' lang='lat' dir='ltr'><strong>velut</strong></span> <span class='ocrx_word' id='word_1_241' title='bbox 3330 738 3519 799; x_wconf 85' lang='lat' dir='ltr'><strong>homo,</strong></span> 
     </span>
    </p>
   </div>
   <div class='ocr_carea' id='block_1_36' title="bbox 1948 828 3518 900">
    <p class='ocr_par' dir='ltr' id='par_1_36' title="bbox 1948 828 3518 900">
     <span class='ocr_line' id='line_1_36' title="bbox 1948 828 3518 900; baseline -0.003 -15"><span class='ocrx_word' id='word_1_242' title='bbox 1948 838 2006 885; x_wconf 88' lang='lat' dir='ltr'><strong>et</strong></span> <span class='ocrx_word' id='word_1_243' title='bbox 2052 831 2226 900; x_wconf 89' lang='lat' dir='ltr'><strong>inquit</strong></span> <span class='ocrx_word' id='word_1_244' title='bbox 2257 847 2272 884; x_wconf 91' lang='lat'><strong>:</strong></span> <span class='ocrx_word' id='word_1_245' title='bbox 2308 830 2565 885; x_wconf 73' lang='lat' dir='ltr'><strong>Paenituit</strong></span> <span class='ocrx_word' id='word_1_246' title='bbox 2599 846 2701 897; x_wconf 90' lang='lat' dir='ltr'><strong>me,</strong></span> <span class='ocrx_word' id='word_1_247' title='bbox 2734 838 2873 900; x_wconf 82' lang='lat' dir='ltr'><strong>quod</strong></span> <span class='ocrx_word' id='word_1_248' title='bbox 2905 830 3032 883; x_wconf 72' lang='lat' dir='ltr'><strong>anxi</strong></span> <span class='ocrx_word' id='word_1_249' title='bbox 3064 828 3198 883; x_wconf 84' lang='lat' dir='ltr'><strong>Saul</strong></span> <span class='ocrx_word' id='word_1_250' title='bbox 3225 829 3281 882; x_wconf 83' lang='lat' dir='ltr'><strong>in</strong></span> <span class='ocrx_word' id='word_1_251' title='bbox 3326 845 3518 899; x_wconf 85' lang='lat' dir='ltr'><strong>regem.</strong></span> 
     </span>
    </p>
   </div>
   <div class='ocr_carea' id='block_1_37' title="bbox 1948 916 3523 990">
    <p class='ocr_par' dir='ltr' id='par_1_37' title="bbox 1948 916 3523 990">
     <span class='ocr_line' id='line_1_37' title="bbox 1948 916 3523 990; baseline 0.001 -18"><span class='ocrx_word' id='word_1_252' title='bbox 1948 916 2076 984; x_wconf 91' lang='lat' dir='ltr'><strong>Pro,</strong></span> <span class='ocrx_word' id='word_1_253' title='bbox 2110 917 2282 973; x_wconf 83' lang='lat' dir='ltr'><strong>Alteri</strong></span> <span class='ocrx_word' id='word_1_254' title='bbox 2328 918 2451 973; x_wconf 89' lang='lat' dir='ltr'><strong>volo</strong></span> <span class='ocrx_word' id='word_1_255' title='bbox 2503 920 2633 976; x_wconf 88' lang='lat' dir='ltr'><strong>dare</strong></span> <span class='ocrx_word' id='word_1_256' title='bbox 2659 918 2808 990; x_wconf 74' lang='lat' dir='ltr'><strong>regni</strong></span> <span class='ocrx_word' id='word_1_257' title='bbox 2836 919 3147 990; x_wconf 86' lang='lat' dir='ltr'><strong>imperium,</strong></span> <span class='ocrx_word' id='word_1_258' title='bbox 3202 920 3348 975; x_wconf 90' lang='lat' dir='ltr'><strong>bunc</strong></span> <span class='ocrx_word' id='word_1_259' title='bbox 3392 934 3523 975; x_wconf 83' lang='lat' dir='ltr'><strong>vero</strong></span> 
     </span>
    </p>
   </div>
   <div class='ocr_carea' id='block_1_38' title="bbox 1948 1012 2512 1080">
    <p class='ocr_par' dir='ltr' id='par_1_38' title="bbox 1948 1012 2512 1080">
     <span class='ocr_line' id='line_1_38' title="bbox 1948 1012 2512 1080; baseline 0.002 -12"><span class='ocrx_word' id='word_1_260' title='bbox 1948 1020 2212 1080; x_wconf 85' lang='lat' dir='ltr'><strong>potestate</strong></span> <span class='ocrx_word' id='word_1_261' title='bbox 2240 1012 2512 1069; x_wconf 86' lang='lat' dir='ltr'><strong>abdicare.</strong></span> 
     </span>
    </p>
   </div>
   <div class='ocr_carea' id='block_1_39' title="bbox 2019 1192 3520 1264">
    <p class='ocr_par' dir='ltr' id='par_1_39' title="bbox 2019 1192 3520 1264">
     <span class='ocr_line' id='line_1_39' title="bbox 2019 1192 3520 1264; baseline 0.002 -15"><span class='ocrx_word' id='word_1_262' title='bbox 2019 1193 2176 1261; x_wconf 75' lang='lat' dir='ltr'><strong>Illud,</strong></span> <span class='ocrx_word' id='word_1_263' title='bbox 2214 1193 2455 1264; x_wconf 73' lang='lat' dir='ltr'><strong>paenituit</strong></span> <span class='ocrx_word' id='word_1_264' title='bbox 2476 1208 2579 1258; x_wconf 84' lang='lat' dir='ltr'><strong>me,</strong></span> <span class='ocrx_word' id='word_1_265' title='bbox 2603 1201 2686 1248; x_wconf 90' lang='lat' dir='ltr'><strong>est</strong></span> <span class='ocrx_word' id='word_1_266' title='bbox 2715 1201 2932 1263; x_wconf 89' lang='lat' dir='ltr'><strong>propter</strong></span> <span class='ocrx_word' id='word_1_267' title='bbox 2951 1192 3107 1247; x_wconf 90' lang='lat' dir='ltr'><strong>Saul:</strong></span> <span class='ocrx_word' id='word_1_268' title='bbox 3140 1193 3194 1249; x_wconf 93' lang='lat' dir='ltr'><strong>id</strong></span> <span class='ocrx_word' id='word_1_269' title='bbox 3222 1202 3325 1261; x_wconf 88' lang='lat' dir='ltr'><strong>est,</strong></span> <span class='ocrx_word' id='word_1_270' title='bbox 3353 1210 3520 1264; x_wconf 88' lang='lat' dir='ltr'><strong>usque</strong></span> 
     </span>
    </p>
   </div>
   <div class='ocr_carea' id='block_1_40' title="bbox 1950 1286 3517 1357">
    <p class='ocr_par' dir='ltr' id='par_1_40' title="bbox 1950 1286 3517 1357">
     <span class='ocr_line' id='line_1_40' title="bbox 1950 1286 3517 1357; baseline 0.001 -16"><span class='ocrx_word' id='word_1_271' title='bbox 1950 1286 2090 1342; x_wconf 89' lang='lat' dir='ltr'><strong>adeo</strong></span> <span class='ocrx_word' id='word_1_272' title='bbox 2129 1287 2384 1356; x_wconf 79' lang='lat' dir='ltr'><strong>indignus</strong></span> <span class='ocrx_word' id='word_1_273' title='bbox 2428 1287 2666 1355; x_wconf 89' lang='lat' dir='ltr'><strong>seipsum</strong></span> <span class='ocrx_word' id='word_1_274' title='bbox 2700 1300 2865 1356; x_wconf 80' lang='lat' dir='ltr'><strong>regno</strong></span> <span class='ocrx_word' id='word_1_275' title='bbox 2893 1286 3098 1355; x_wconf 85' lang='lat' dir='ltr'><strong>ell‘ecit,</strong></span> <span class='ocrx_word' id='word_1_276' title='bbox 3142 1288 3273 1342; x_wconf 81' lang='lat' dir='ltr'><strong>utsi</strong></span> <span class='ocrx_word' id='word_1_277' title='bbox 3304 1304 3517 1357; x_wconf 86' lang='lat' dir='ltr'><strong>possem</strong></span> 
     </span>
    </p>
   </div>
   <div class='ocr_carea' id='block_1_41' title="bbox 1948 1378 3516 1448">
    <p class='ocr_par' dir='ltr' id='par_1_41' title="bbox 1948 1378 3516 1448">
     <span class='ocr_line' id='line_1_41' title="bbox 1948 1378 3516 1448; baseline 0.001 -16"><span class='ocrx_word' id='word_1_278' title='bbox 1948 1394 2048 1448; x_wconf 89' lang='lat' dir='ltr'><strong>per</strong></span> <span class='ocrx_word' id='word_1_279' title='bbox 2073 1387 2319 1432; x_wconf 90' lang='lat' dir='ltr'><strong>naturam</strong></span> <span class='ocrx_word' id='word_1_280' title='bbox 2350 1379 2685 1448; x_wconf 63' lang='lat' dir='ltr'><strong>poenitentia:</strong></span> <span class='ocrx_word' id='word_1_281' title='bbox 2717 1378 2988 1432; x_wconf 79' lang='lat' dir='ltr'><strong>obnoxius</strong></span> <span class='ocrx_word' id='word_1_282' title='bbox 3026 1393 3171 1442; x_wconf 90' lang='lat' dir='ltr'><strong>esse,</strong></span> <span class='ocrx_word' id='word_1_283' title='bbox 3226 1388 3516 1435; x_wconf 83' lang='lat' dir='ltr'><strong>mutassem</strong></span> 
     </span>
    </p>
   </div>
   <div class='ocr_carea' id='block_1_42' title="bbox 1947 1468 3519 1539">
    <p class='ocr_par' dir='ltr' id='par_1_42' title="bbox 1947 1468 3519 1539">
     <span class='ocr_line' id='line_1_42' title="bbox 1947 1468 3519 1539; baseline 0 -14"><span class='ocrx_word' id='word_1_284' title='bbox 1947 1470 2198 1539; x_wconf 87' lang='lat' dir='ltr'><strong>equidem</strong></span> <span class='ocrx_word' id='word_1_285' title='bbox 2238 1471 2303 1525; x_wconf 92' lang='lat' dir='ltr'><strong>de</strong></span> <span class='ocrx_word' id='word_1_286' title='bbox 2360 1469 2451 1526; x_wconf 91' lang='lat' dir='ltr'><strong>illo</strong></span> <span class='ocrx_word' id='word_1_287' title='bbox 2511 1469 2858 1524; x_wconf 89' lang='lat' dir='ltr'><strong>sententiam.</strong></span> <span class='ocrx_word' id='word_1_288' title='bbox 2911 1468 3110 1538; x_wconf 84' lang='lat' dir='ltr'><strong>thuid</strong></span> <span class='ocrx_word' id='word_1_289' title='bbox 3155 1486 3283 1539; x_wconf 79' lang='lat' dir='ltr'><strong>ergo</strong></span> <span class='ocrx_word' id='word_1_290' title='bbox 3327 1483 3519 1526; x_wconf 87' lang='lat' dir='ltr'><strong>unctus</strong></span> 
     </span>
    </p>
   </div>
   <div class='ocr_carea' id='block_1_43' title="bbox 1946 1563 3515 1633">
    <p class='ocr_par' dir='ltr' id='par_1_43' title="bbox 1946 1563 3515 1633">
     <span class='ocr_line' id='line_1_43' title="bbox 1946 1563 3515 1633; baseline -0.001 -14"><span class='ocrx_word' id='word_1_291' title='bbox 1946 1564 2078 1619; x_wconf 83' lang='lat' dir='ltr'><strong>est?</strong></span> <span class='ocrx_word' id='word_1_292' title='bbox 2106 1563 2242 1631; x_wconf 85' lang='lat' dir='ltr'><strong>Quia</strong></span> <span class='ocrx_word' id='word_1_293' title='bbox 2294 1572 2423 1618; x_wconf 90' lang='lat' dir='ltr'><strong>tunc</strong></span> <span class='ocrx_word' id='word_1_294' title='bbox 2480 1563 2675 1633; x_wconf 79' lang='lat' dir='ltr'><strong>dignus</strong></span> <span class='ocrx_word' id='word_1_295' title='bbox 2720 1570 2872 1618; x_wconf 86' lang='lat' dir='ltr'><strong>erat:</strong></span> <span class='ocrx_word' id='word_1_296' title='bbox 2914 1571 2971 1617; x_wconf 90' lang='lat' dir='ltr'><strong>at</strong></span> <span class='ocrx_word' id='word_1_297' title='bbox 3013 1563 3210 1617; x_wconf 88' lang='lat' dir='ltr'><strong>iterum</strong></span> <span class='ocrx_word' id='word_1_298' title='bbox 3254 1574 3515 1629; x_wconf 89' lang='lat' dir='ltr'><strong>mutatus,</strong></span> 
     </span>
    </p>
   </div>
   <div class='ocr_carea' id='block_1_44' title="bbox 1948 1655 2417 1725">
    <p class='ocr_par' dir='ltr' id='par_1_44' title="bbox 1948 1655 2417 1725">
     <span class='ocr_line' id='line_1_44' title="bbox 1948 1655 2417 1725; baseline -0.002 -17"><span class='ocrx_word' id='word_1_299' title='bbox 1948 1655 2199 1725; x_wconf 76' lang='lat' dir='ltr'><strong>indignus</strong></span> <span class='ocrx_word' id='word_1_300' title='bbox 2223 1655 2417 1710; x_wconf 80' lang='lat' dir='ltr'><strong>evasit.</strong></span> 
     </span>
    </p>
   </div>
   <div class='ocr_carea' id='block_1_45' title="bbox 1947 1744 3513 1817">
    <p class='ocr_par' dir='ltr' id='par_1_45' title="bbox 1947 1744 3513 1817">
     <span class='ocr_line' id='line_1_45' title="bbox 1947 1744 3513 1817; baseline 0 -17"><span class='ocrx_word' id='word_1_301' title='bbox 1947 1745 2013 1801; x_wconf 83' lang='lat' dir='ltr'><strong>V.</strong></span> <span class='ocrx_word' id='word_1_302' title='bbox 2043 1747 2135 1803; x_wconf 76' lang='grc'><strong>55.</strong></span> <span class='ocrx_word' id='word_1_303' title='bbox 2178 1744 2248 1799; x_wconf 86' lang='lat' dir='ltr'><strong>Et</strong></span> <span class='ocrx_word' id='word_1_304' title='bbox 2292 1745 2577 1801; x_wconf 82' lang='lat' dir='ltr'><strong>Dominum</strong></span> <span class='ocrx_word' id='word_1_305' title='bbox 2630 1746 2891 1817; x_wconf 73' lang='lat' dir='ltr'><strong>paenituit,</strong></span> <span class='ocrx_word' id='word_1_306' title='bbox 2936 1746 3075 1815; x_wconf 87' lang='lat' dir='ltr'><strong>quod</strong></span> <span class='ocrx_word' id='word_1_307' title='bbox 3122 1761 3291 1817; x_wconf 82' lang='lat' dir='ltr'><strong>regem</strong></span> <span class='ocrx_word' id='word_1_308' title='bbox 3341 1747 3513 1816; x_wconf 76' lang='lat' dir='ltr'><strong>e/fecit</strong></span> 
     </span>
    </p>
   </div>
   <div class='ocr_carea' id='block_1_46' title="bbox 2467 1816 2995 1884">
    <p class='ocr_par' dir='ltr' id='par_1_46' title="bbox 2467 1816 2995 1884">
     <span class='ocr_line' id='line_1_46' title="bbox 2467 1816 2995 1884; baseline -0.002 -13"><span class='ocrx_word' id='word_1_309' title='bbox 2467 1816 2602 1871; x_wconf 87' lang='lat' dir='ltr'><strong>Saul</strong></span> <span class='ocrx_word' id='word_1_310' title='bbox 2620 1833 2777 1884; x_wconf 72' lang='lat' dir='ltr'><strong>super</strong></span> <span class='ocrx_word' id='word_1_311' title='bbox 2801 1816 2995 1870; x_wconf 70' lang='lat' dir='ltr'><strong>Israel.</strong></span> 
     </span>
    </p>
   </div>
   <div class='ocr_carea' id='block_1_47' title="bbox 2024 1906 3514 1979">
    <p class='ocr_par' dir='ltr' id='par_1_47' title="bbox 2024 1906 3514 1979">
     <span class='ocr_line' id='line_1_47' title="bbox 2024 1906 3514 1979; baseline -0.003 -14"><span class='ocrx_word' id='word_1_312' title='bbox 2024 1910 2099 1965; x_wconf 79' lang='lat' dir='ltr'><strong>Ex</strong></span> <span class='ocrx_word' id='word_1_313' title='bbox 2134 1909 2219 1965; x_wconf 89' lang='lat' dir='ltr'><strong>his</strong></span> <span class='ocrx_word' id='word_1_314' title='bbox 2246 1909 2554 1964; x_wconf 84' lang='lat' dir='ltr'><strong>ostenditur</strong></span> <span class='ocrx_word' id='word_1_315' title='bbox 2599 1911 2740 1979; x_wconf 88' lang='lat' dir='ltr'><strong>quod</strong></span> <span class='ocrx_word' id='word_1_316' title='bbox 2781 1921 2938 1963; x_wconf 83' lang='lat' dir='ltr'><strong>antea</strong></span> <span class='ocrx_word' id='word_1_317' title='bbox 2977 1908 3110 1973; x_wconf 84' lang='lat' dir='ltr'><strong>dixi,</strong></span> <span class='ocrx_word' id='word_1_318' title='bbox 3141 1906 3514 1977; x_wconf 58' lang='lat' dir='ltr'><strong>penitentiam</strong></span> 
     </span>
    </p>
   </div>
   <div class='ocr_carea' id='block_1_48' title="bbox 1954 1999 3515 2070">
    <p class='ocr_par' dir='ltr' id='par_1_48' title="bbox 1954 1999 3515 2070">
     <span class='ocr_line' id='line_1_48' title="bbox 1954 1999 3515 2070; baseline -0.003 -15"><span class='ocrx_word' id='word_1_319' title='bbox 1954 2002 2133 2057; x_wconf 83' lang='lat' dir='ltr'><strong>vocari</strong></span> <span class='ocrx_word' id='word_1_320' title='bbox 2164 2001 2572 2057; x_wconf 86' lang='lat' dir='ltr'><strong>translationem</strong></span> <span class='ocrx_word' id='word_1_321' title='bbox 2612 2000 3023 2070; x_wconf 89' lang='lat' dir='ltr'><strong>dispensationis</strong></span> <span class='ocrx_word' id='word_1_322' title='bbox 3052 1999 3147 2053; x_wconf 88' lang='lat' dir='ltr'><strong>Dei</strong></span> <span class='ocrx_word' id='word_1_323' title='bbox 3192 1999 3261 2053; x_wconf 87' lang='lat' dir='ltr'><strong>ab</strong></span> <span class='ocrx_word' id='word_1_324' title='bbox 3308 2014 3410 2051; x_wconf 91' lang='lat' dir='ltr'><strong>una</strong></span> <span class='ocrx_word' id='word_1_325' title='bbox 3448 2000 3515 2051; x_wconf 87' lang='lat' dir='ltr'><strong>ad</strong></span> 
     </span>
    </p>
   </div>
   <div class='ocr_carea' id='block_1_49' title="bbox 1952 2094 2275 2149">
    <p class='ocr_par' dir='ltr' id='par_1_49' title="bbox 1952 2094 2275 2149">
     <span class='ocr_line' id='line_1_49' title="bbox 1952 2094 2275 2149; baseline -0.003 0"><span class='ocrx_word' id='word_1_326' title='bbox 1952 2094 2110 2149; x_wconf 89' lang='lat' dir='ltr'><strong>aliam</strong></span> <span class='ocrx_word' id='word_1_327' title='bbox 2139 2106 2275 2148; x_wconf 90' lang='lat' dir='ltr'><strong>rem.</strong></span> 
     </span>
    </p>
   </div>
   <div class='ocr_carea' id='block_1_50' title="bbox 2024 2183 3517 2255">
    <p class='ocr_par' dir='ltr' id='par_1_50' title="bbox 2024 2183 3517 2255">
     <span class='ocr_line' id='line_1_50' title="bbox 2024 2183 3517 2255; baseline -0.003 -14"><span class='ocrx_word' id='word_1_328' title='bbox 2024 2186 2213 2242; x_wconf 89' lang='lat' dir='ltr'><strong>Oratio</strong></span> <span class='ocrx_word' id='word_1_329' title='bbox 2254 2185 2527 2249; x_wconf 89' lang='lat' dir='ltr'><strong>ostendit,</strong></span> <span class='ocrx_word' id='word_1_330' title='bbox 2560 2184 2702 2253; x_wconf 84' lang='lat' dir='ltr'><strong>quod</strong></span> <span class='ocrx_word' id='word_1_331' title='bbox 2745 2184 2992 2253; x_wconf 84' lang='lat' dir='ltr'><strong>quamvis</strong></span> <span class='ocrx_word' id='word_1_332' title='bbox 3033 2184 3299 2255; x_wconf 84' lang='lat' dir='ltr'><strong>propheta</strong></span> <span class='ocrx_word' id='word_1_333' title='bbox 3331 2183 3425 2246; x_wconf 88' lang='lat' dir='ltr'><strong>sit,</strong></span> <span class='ocrx_word' id='word_1_334' title='bbox 3461 2192 3517 2236; x_wconf 92' lang='lat' dir='ltr'><strong>et</strong></span> 
     </span>
    </p>
   </div>
   <div class='ocr_carea' id='block_1_51' title="bbox 1951 2276 3515 2349">
    <p class='ocr_par' dir='ltr' id='par_1_51' title="bbox 1951 2276 3515 2349">
     <span class='ocr_line' id='line_1_51' title="bbox 1951 2276 3515 2349; baseline -0.003 -15"><span class='ocrx_word' id='word_1_335' title='bbox 1951 2279 2038 2334; x_wconf 82' lang='lat' dir='ltr'><strong>vir</strong></span> <span class='ocrx_word' id='word_1_336' title='bbox 2061 2279 2238 2349; x_wconf 85' lang='lat' dir='ltr'><strong>justus</strong></span> <span class='ocrx_word' id='word_1_337' title='bbox 2265 2278 2357 2348; x_wconf 90' lang='lat' dir='ltr'><strong>qui</strong></span> <span class='ocrx_word' id='word_1_338' title='bbox 2378 2292 2475 2349; x_wconf 83' lang='lat' dir='ltr'><strong>pro</strong></span> <span class='ocrx_word' id='word_1_339' title='bbox 2503 2277 2622 2331; x_wconf 90' lang='lat' dir='ltr'><strong>aliis</strong></span> <span class='ocrx_word' id='word_1_340' title='bbox 2646 2286 2791 2342; x_wconf 90' lang='lat' dir='ltr'><strong>orat,</strong></span> <span class='ocrx_word' id='word_1_341' title='bbox 2830 2292 2937 2332; x_wconf 93' lang='lat' dir='ltr'><strong>non</strong></span> <span class='ocrx_word' id='word_1_342' title='bbox 2972 2277 3130 2331; x_wconf 85' lang='lat' dir='ltr'><strong>aliter</strong></span> <span class='ocrx_word' id='word_1_343' title='bbox 3155 2277 3389 2341; x_wconf 86' lang='lat' dir='ltr'><strong>auditur,</strong></span> <span class='ocrx_word' id='word_1_344' title='bbox 3412 2276 3515 2331; x_wconf 92' lang='lat' dir='ltr'><strong>nisi</strong></span> 
     </span>
    </p>
   </div>
   <div class='ocr_carea' id='block_1_52' title="bbox 1955 2366 3519 2442">
    <p class='ocr_par' dir='ltr' id='par_1_52' title="bbox 1955 2366 3519 2442">
     <span class='ocr_line' id='line_1_52' title="bbox 1955 2366 3519 2442; baseline -0.004 -15"><span class='ocrx_word' id='word_1_345' title='bbox 1955 2372 2046 2427; x_wconf 92' lang='lat' dir='ltr'><strong>ille</strong></span> <span class='ocrx_word' id='word_1_346' title='bbox 2083 2384 2245 2441; x_wconf 89' lang='lat' dir='ltr'><strong>opere</strong></span> <span class='ocrx_word' id='word_1_347' title='bbox 2271 2371 2645 2442; x_wconf 66' lang='lat' dir='ltr'><strong>paenitentiam</strong></span> <span class='ocrx_word' id='word_1_348' title='bbox 2677 2369 2945 2425; x_wconf 87' lang='lat' dir='ltr'><strong>ostendat.</strong></span> <span class='ocrx_word' id='word_1_349' title='bbox 2993 2366 3146 2423; x_wconf 91' lang='lat' dir='ltr'><strong>Tunc</strong></span> <span class='ocrx_word' id='word_1_350' title='bbox 3171 2368 3313 2422; x_wconf 89' lang='lat' dir='ltr'><strong>enim</strong></span> <span class='ocrx_word' id='word_1_351' title='bbox 3340 2367 3519 2422; x_wconf 86' lang='lat' dir='ltr'><strong>oratio</strong></span> 
     </span>
    </p>
   </div>
   <div class='ocr_carea' id='block_1_53' title="bbox 1949 2457 3519 2535">
    <p class='ocr_par' dir='ltr' id='par_1_53' title="bbox 1949 2457 3519 2535">
     <span class='ocr_line' id='line_1_53' title="bbox 1949 2457 3519 2535; baseline -0.004 -17"><span class='ocrx_word' id='word_1_352' title='bbox 1949 2464 2081 2535; x_wconf 86' lang='lat' dir='ltr'><strong>justi</strong></span> <span class='ocrx_word' id='word_1_353' title='bbox 2116 2463 2307 2519; x_wconf 78' lang='lat' dir='ltr'><strong>eﬂicax</strong></span> <span class='ocrx_word' id='word_1_354' title='bbox 2359 2470 2475 2529; x_wconf 90' lang='lat' dir='ltr'><strong>est,</strong></span> <span class='ocrx_word' id='word_1_355' title='bbox 2528 2477 2647 2531; x_wconf 66' lang='lat' dir='ltr'><strong>qua:</strong></span> <span class='ocrx_word' id='word_1_356' title='bbox 2699 2462 2757 2515; x_wconf 88' lang='lat' dir='ltr'><strong>tit</strong></span> <span class='ocrx_word' id='word_1_357' title='bbox 2794 2470 3014 2531; x_wconf 90' lang='lat' dir='ltr'><strong>propter</strong></span> <span class='ocrx_word' id='word_1_358' title='bbox 3039 2470 3408 2531; x_wconf 88' lang='lat' dir='ltr'><strong>peccatorem.</strong></span> <span class='ocrx_word' id='word_1_359' title='bbox 3446 2457 3519 2514; x_wconf 90' lang='lat' dir='ltr'><strong>Ut</strong></span> 
     </span>
    </p>
   </div>
   <div class='ocr_carea' id='block_1_54' title="bbox 1955 2555 3520 2630">
    <p class='ocr_par' dir='ltr' id='par_1_54' title="bbox 1955 2555 3520 2630">
     <span class='ocr_line' id='line_1_54' title="bbox 1955 2555 3520 2630; baseline -0.005 -17"><span class='ocrx_word' id='word_1_360' title='bbox 1955 2560 2119 2630; x_wconf 78' lang='lat' dir='ltr'><strong>igitur</strong></span> <span class='ocrx_word' id='word_1_361' title='bbox 2149 2572 2238 2613; x_wconf 85' lang='lat' dir='ltr'><strong>res</strong></span> <span class='ocrx_word' id='word_1_362' title='bbox 2260 2557 2328 2613; x_wconf 90' lang='lat' dir='ltr'><strong>ad</strong></span> <span class='ocrx_word' id='word_1_363' title='bbox 2362 2555 2610 2612; x_wconf 73' lang='lat' dir='ltr'><strong>effectum</strong></span> <span class='ocrx_word' id='word_1_364' title='bbox 2648 2555 2943 2624; x_wconf 84' lang='lat' dir='ltr'><strong>redigatur,</strong></span> <span class='ocrx_word' id='word_1_365' title='bbox 2969 2560 3185 2623; x_wconf 89' lang='lat' dir='ltr'><strong>oportet</strong></span> <span class='ocrx_word' id='word_1_366' title='bbox 3214 2560 3271 2605; x_wconf 91' lang='lat' dir='ltr'><strong>ut</strong></span> <span class='ocrx_word' id='word_1_367' title='bbox 3293 2560 3520 2621; x_wconf 89' lang='lat' dir='ltr'><strong>utraque</strong></span> 
     </span>
    </p>
   </div>
   <div class='ocr_carea' id='block_1_55' title="bbox 1954 2645 3377 2718">
    <p class='ocr_par' dir='ltr' id='par_1_55' title="bbox 1954 2645 3377 2718">
     <span class='ocr_line' id='line_1_55' title="bbox 1954 2645 3377 2718; baseline -0.005 -10"><span class='ocrx_word' id='word_1_368' title='bbox 1954 2659 2301 2717; x_wconf 78' lang='lat' dir='ltr'><strong>wncurrant,</strong></span> <span class='ocrx_word' id='word_1_369' title='bbox 2329 2658 2386 2706; x_wconf 91' lang='lat' dir='ltr'><strong>et</strong></span> <span class='ocrx_word' id='word_1_370' title='bbox 2412 2649 2589 2704; x_wconf 88' lang='lat' dir='ltr'><strong>oratio</strong></span> <span class='ocrx_word' id='word_1_371' title='bbox 2613 2646 2766 2718; x_wconf 87' lang='lat' dir='ltr'><strong>justi,</strong></span> <span class='ocrx_word' id='word_1_372' title='bbox 2791 2654 2845 2700; x_wconf 92' lang='lat' dir='ltr'><strong>et</strong></span> <span class='ocrx_word' id='word_1_373' title='bbox 2869 2659 3005 2717; x_wconf 91' lang='lat' dir='ltr'><strong>opus</strong></span> <span class='ocrx_word' id='word_1_374' title='bbox 3033 2645 3377 2716; x_wconf 61' lang='lat' dir='ltr'><strong>paenitentis.</strong></span> 
     </span>
    </p>
   </div>
   <div class='ocr_carea' id='block_1_56' title="bbox 2575 2828 2902 2888">
    <p class='ocr_par' dir='ltr' id='par_1_56' title="bbox 2575 2828 2902 2888">
     <span class='ocr_line' id='line_1_56' title="bbox 2575 2828 2902 2888; baseline -0.006 0"><span class='ocrx_word' id='word_1_375' title='bbox 2575 2830 2729 2888; x_wconf 85' lang='lat' dir='ltr'><strong>CAP.</strong></span> <span class='ocrx_word' id='word_1_376' title='bbox 2760 2828 2902 2886; x_wconf 76' lang='lat' dir='ltr'><strong>XIX.</strong></span> 
     </span>
    </p>
   </div>
   <div class='ocr_carea' id='block_1_57' title="bbox 1961 2917 3519 2997">
    <p class='ocr_par' dir='ltr' id='par_1_57' title="bbox 1961 2917 3519 2997">
     <span class='ocr_line' id='line_1_57' title="bbox 1961 2917 3519 2997; baseline -0.01 -10"><span class='ocrx_word' id='word_1_377' title='bbox 1961 2930 2029 2987; x_wconf 69' lang='grc' dir='ltr'><strong>ν.</strong></span> <span class='ocrx_word' id='word_1_378' title='bbox 2077 2930 2172 2987; x_wconf 72' lang='lat'><strong>23.</strong></span> <span class='ocrx_word' id='word_1_379' title='bbox 2206 2927 2279 2983; x_wconf 85' lang='lat' dir='ltr'><strong>Et</strong></span> <span class='ocrx_word' id='word_1_380' title='bbox 2302 2926 2405 2997; x_wconf 77' lang='lat' dir='ltr'><strong>{uit</strong></span> <span class='ocrx_word' id='word_1_381' title='bbox 2434 2940 2595 2997; x_wconf 80' lang='lat' dir='ltr'><strong>super</strong></span> <span class='ocrx_word' id='word_1_382' title='bbox 2618 2940 2679 2976; x_wconf 90' lang='lat' dir='ltr'><strong>eo</strong></span> <span class='ocrx_word' id='word_1_383' title='bbox 2702 2924 2929 2997; x_wconf 78' lang='lat' dir='ltr'><strong>spiritus_</strong></span> <span class='ocrx_word' id='word_1_384' title='bbox 2942 2919 3039 2974; x_wconf 82' lang='lat' dir='ltr'><strong>Dei</strong></span> <span class='ocrx_word' id='word_1_385' title='bbox 3076 2934 3095 2973; x_wconf 91' lang='lat'><strong><em>:</em></strong></span> <span class='ocrx_word' id='word_1_386' title='bbox 3133 2928 3181 2973; x_wconf 85' lang='lat' dir='ltr'><strong>et</strong></span> <span class='ocrx_word' id='word_1_387' title='bbox 3207 2917 3519 2989; x_wconf 82' lang='lat' dir='ltr'><strong>procedebat</strong></span> 
     </span>
    </p>
   </div>
   <div class='ocr_carea' id='block_1_58' title="bbox 2367 2990 3114 3066">
    <p class='ocr_par' dir='ltr' id='par_1_58' title="bbox 2367 2990 3114 3066">
     <span class='ocr_line' id='line_1_58' title="bbox 2367 2990 3114 3066; baseline -0.011 -16"><span class='ocrx_word' id='word_1_388' title='bbox 2367 2990 2653 3066; x_wconf 79' lang='lat' dir='ltr'><strong>procedens</strong></span> <span class='ocrx_word' id='word_1_389' title='bbox 2691 3004 2738 3046; x_wconf 88' lang='lat' dir='ltr'><strong>et</strong></span> <span class='ocrx_word' id='word_1_390' title='bbox 2778 2990 3114 3061; x_wconf 81' lang='lat' dir='ltr'><strong>prophetam.</strong></span> 
     </span>
    </p>
   </div>
   <div class='ocr_carea' id='block_1_59' title="bbox 2025 3082 3523 3163">
    <p class='ocr_par' dir='ltr' id='par_1_59' title="bbox 2025 3082 3523 3163">
     <span class='ocr_line' id='line_1_59' title="bbox 2025 3082 3523 3163; baseline -0.009 -13"><span class='ocrx_word' id='word_1_391' title='bbox 2025 3095 2164 3163; x_wconf 83' lang='lat' dir='ltr'><strong>Quia</strong></span> <span class='ocrx_word' id='word_1_392' title='bbox 2194 3103 2386 3163; x_wconf 91' lang='lat' dir='ltr'><strong>potens</strong></span> <span class='ocrx_word' id='word_1_393' title='bbox 2405 3100 2525 3145; x_wconf 89' lang='lat' dir='ltr'><strong>erat</strong></span> <span class='ocrx_word' id='word_1_394' title='bbox 2552 3087 2704 3152; x_wconf 89' lang='lat' dir='ltr'><strong>Saul,</strong></span> <span class='ocrx_word' id='word_1_395' title='bbox 2737 3086 2943 3140; x_wconf 84' lang='lat' dir='ltr'><strong>habens</strong></span> <span class='ocrx_word' id='word_1_396' title='bbox 2979 3083 3377 3138; x_wconf 86' lang='lat' dir='ltr'><strong>multitudinem</strong></span> <span class='ocrx_word' id='word_1_397' title='bbox 3413 3082 3523 3137; x_wconf 90' lang='lat' dir='ltr'><strong>sibi</strong></span> 
     </span>
    </p>
   </div>
   <div class='ocr_carea' id='block_1_60' title="bbox 268 3174 1851 3266">
    <p class='ocr_par' dir='ltr' id='par_1_60' title="bbox 268 3192 1850 3266">
     <span class='ocr_line' id='line_1_60' title="bbox 268 3192 1850 3266; baseline -0.003 -16"><span class='ocrx_word' id='word_1_398' title='bbox 268 3196 421 3266; x_wconf 69' lang='grc' dir='ltr'>αὐτῷ</span> <span class='ocrx_word' id='word_1_399' title='bbox 450 3196 636 3259; x_wconf 83' lang='grc' dir='ltr'>κακῶς</span> <span class='ocrx_word' id='word_1_400' title='bbox 679 3194 821 3249; x_wconf 85' lang='grc' dir='ltr'><strong>κατά</strong></span> <span class='ocrx_word' id='word_1_401' title='bbox 849 3194 1028 3247; x_wconf 75' lang='grc' dir='ltr'><strong>Δαυῖδ”</strong></span> <span class='ocrx_word' id='word_1_402' title='bbox 1059 3195 1109 3246; x_wconf 81' lang='grc' dir='ltr'>οἱ</span> <span class='ocrx_word' id='word_1_403' title='bbox 1140 3194 1198 3247; x_wconf 87' lang='grc' dir='ltr'>δὲ</span> <span class='ocrx_word' id='word_1_404' title='bbox 1231 3193 1324 3246; x_wconf 80' lang='grc' dir='ltr'><strong>δύο</strong></span> <span class='ocrx_word' id='word_1_405' title='bbox 1367 3194 1516 3265; x_wconf 88' lang='grc' dir='ltr'>μόνοι</span> <span class='ocrx_word' id='word_1_406' title='bbox 1548 3192 1850 3256; x_wconf 77' lang='grc' dir='ltr'>ἐδιώκοντο,</span> 
     </span>
    </p>
   </div>
   <div class='ocr_carea' id='block_1_61' title="bbox 1972 3174 3519 3266">
    <p class='ocr_par' dir='ltr' id='par_1_61' title="bbox 1972 3174 3519 3244">
     <span class='ocr_line' id='line_1_61' title="bbox 1972 3174 3519 3244; baseline -0.011 0"><span class='ocrx_word' id='word_1_407' title='bbox 1972 3190 2098 3244; x_wconf 82' lang='lat' dir='ltr'><strong>nale</strong></span> <span class='ocrx_word' id='word_1_408' title='bbox 2135 3185 2487 3241; x_wconf 75' lang='lat' dir='ltr'><strong>auxiliantem</strong></span> <span class='ocrx_word' id='word_1_409' title='bbox 2540 3181 2802 3235; x_wconf 83' lang='lat' dir='ltr'><strong>adversus</strong></span> <span class='ocrx_word' id='word_1_410' title='bbox 2853 3175 3057 3235; x_wconf 85' lang='lat' dir='ltr'><strong>David;</strong></span> <span class='ocrx_word' id='word_1_411' title='bbox 3104 3177 3212 3229; x_wconf 88' lang='lat' dir='ltr'><strong>duo</strong></span> <span class='ocrx_word' id='word_1_412' title='bbox 3260 3188 3387 3228; x_wconf 92' lang='lat' dir='ltr'><strong>vero</strong></span> <span class='ocrx_word' id='word_1_413' title='bbox 3418 3174 3519 3228; x_wconf 84' lang='lat' dir='ltr'><strong>soli</strong></span> 
     </span>
    </p>
   </div>
   <div class='ocr_carea' id='block_1_62' title="bbox 267 3271 1851 3359">
    <p class='ocr_par' dir='ltr' id='par_1_62' title="bbox 267 3271 1851 3359">
     <span class='ocr_line' id='line_1_62' title="bbox 267 3271 1851 3359; baseline -0.004 -16"><span class='ocrx_word' id='word_1_414' title='bbox 267 3292 298 3343; x_wconf 85' lang='grc' dir='ltr'><strong>ό</strong></span> <span class='ocrx_word' id='word_1_415' title='bbox 324 3289 578 3359; x_wconf 77' lang='grc' dir='ltr'>Σαμουὴλ</span> <span class='ocrx_word' id='word_1_416' title='bbox 609 3288 749 3341; x_wconf 70' lang='grc' dir='ltr'><strong>καὶὸ</strong></span> <span class='ocrx_word' id='word_1_417' title='bbox 774 3288 955 3340; x_wconf 83' lang='grc' dir='ltr'><strong>Δαυῖδ⁹</strong></span> <span class='ocrx_word' id='word_1_418' title='bbox 989 3289 1022 3357; x_wconf 85' lang='grc' dir='ltr'><strong>ἡ</strong></span> <span class='ocrx_word' id='word_1_419' title='bbox 1056 3286 1149 3339; x_wconf 84' lang='grc' dir='ltr'><strong>τοῦ</strong></span> <span class='ocrx_word' id='word_1_420' title='bbox 1186 3285 1323 3340; x_wconf 76' lang='grc' dir='ltr'>θεοῦ</span> <span class='ocrx_word' id='word_1_421' title='bbox 1354 3286 1515 3357; x_wconf 86' lang='grc' dir='ltr'>χάρις</span> <span class='ocrx_word' id='word_1_422' title='bbox 1545 3287 1690 3339; x_wconf 83' lang='grc' dir='ltr'>ποιεῖ</span> <span class='ocrx_word' id='word_1_423' title='bbox 1714 3271 1851 3355; x_wconf 85' lang='grc' dir='ltr'>προ-</span> 
     </span>
    </p>
   </div>
   <div class='ocr_carea' id='block_1_63' title="bbox 270 3372 1852 3453">
    <p class='ocr_par' dir='ltr' id='par_1_63' title="bbox 270 3372 1852 3453">
     <span class='ocr_line' id='line_1_63' title="bbox 270 3372 1852 3453; baseline -0.004 -19"><span class='ocrx_word' id='word_1_424' title='bbox 270 3380 527 3453; x_wconf 84' lang='grc' dir='ltr'>φητεύειν</span> <span class='ocrx_word' id='word_1_425' title='bbox 556 3380 648 3434; x_wconf 84' lang='grc' dir='ltr'><strong>τὸν</strong></span> <span class='ocrx_word' id='word_1_426' title='bbox 685 3377 876 3443; x_wconf 84' lang='grc' dir='ltr'>Σαοὺλ,</span> <span class='ocrx_word' id='word_1_427' title='bbox 896 3379 957 3431; x_wconf 79' lang='grc' dir='ltr'>οὐ</span> <span class='ocrx_word' id='word_1_428' title='bbox 994 3379 1153 3449; x_wconf 86' lang='grc' dir='ltr'>μόνον</span> <span class='ocrx_word' id='word_1_429' title='bbox 1183 3379 1283 3431; x_wconf 85' lang='grc' dir='ltr'><strong>ὅσα</strong></span> <span class='ocrx_word' id='word_1_430' title='bbox 1313 3379 1432 3431; x_wconf 80' lang='grc' dir='ltr'>κατ’</span> <span class='ocrx_word' id='word_1_431' title='bbox 1448 3376 1613 3432; x_wconf 83' lang='grc' dir='ltr'>αὑτοῦ</span> <span class='ocrx_word' id='word_1_432' title='bbox 1645 3372 1733 3447; x_wconf 82' lang='grc' dir='ltr'>ἦν,</span> <span class='ocrx_word' id='word_1_433' title='bbox 1759 3376 1852 3430; x_wconf 85' lang='grc' dir='ltr'>ἁλ-</span> 
     </span>
    </p>
   </div>
   <div class='ocr_carea' id='block_1_64' title="bbox 269 3469 1853 3542">
    <p class='ocr_par' dir='ltr' id='par_1_64' title="bbox 269 3469 1853 3542">
     <span class='ocr_line' id='line_1_64' title="bbox 269 3469 1853 3542; baseline -0.004 -17"><span class='ocrx_word' id='word_1_434' title='bbox 269 3472 340 3525; x_wconf 76' lang='grc' dir='ltr'>λὰ</span> <span class='ocrx_word' id='word_1_435' title='bbox 370 3472 466 3525; x_wconf 72' lang='grc' dir='ltr'><strong>καὶ</strong></span> <span class='ocrx_word' id='word_1_436' title='bbox 494 3471 564 3525; x_wconf 80' lang='grc' dir='ltr'>τὰ</span> <span class='ocrx_word' id='word_1_437' title='bbox 593 3470 733 3542; x_wconf 82' lang='grc' dir='ltr'>ὑπὲρ</span> <span class='ocrx_word' id='word_1_438' title='bbox 749 3470 841 3524; x_wconf 85' lang='grc' dir='ltr'><strong>τοῦ</strong></span> <span class='ocrx_word' id='word_1_439' title='bbox 873 3470 1052 3524; x_wconf 77' lang='grc' dir='ltr'>Δαυῒδ·</span> <span class='ocrx_word' id='word_1_440' title='bbox 1089 3471 1184 3524; x_wconf 77' lang='grc' dir='ltr'><strong>καὶ</strong></span> <span class='ocrx_word' id='word_1_441' title='bbox 1217 3469 1397 3541; x_wconf 75' lang='grc' dir='ltr'>ῥίπτει</span> <span class='ocrx_word' id='word_1_442' title='bbox 1427 3470 1631 3539; x_wconf 81' lang='grc' dir='ltr'>γυμνὸν</span> <span class='ocrx_word' id='word_1_443' title='bbox 1649 3483 1853 3540; x_wconf 88' lang='grc' dir='ltr'>προση-</span> 
     </span>
    </p>
   </div>
   <div class='ocr_carea' id='block_1_65' title="bbox 273 3558 1569 3637">
    <p class='ocr_par' dir='ltr' id='par_1_65' title="bbox 273 3558 1569 3637">
     <span class='ocr_line' id='line_1_65' title="bbox 273 3558 1569 3637; baseline -0.005 -19"><span class='ocrx_word' id='word_1_444' title='bbox 273 3564 661 3637; x_wconf 83' lang='grc' dir='ltr'>μαίνουσα,ὄτι</span> <span class='ocrx_word' id='word_1_445' title='bbox 693 3562 1110 3634; x_wconf 75' lang='grc' dir='ltr'>γυμνωθήσεται</span> <span class='ocrx_word' id='word_1_446' title='bbox 1141 3560 1239 3632; x_wconf 83' lang='grc' dir='ltr'>τῆς</span> <span class='ocrx_word' id='word_1_447' title='bbox 1272 3558 1569 3632; x_wconf 82' lang='grc' dir='ltr'>βασιλείας.</span> 
     </span>
    </p>
   </div>
   <div class='ocr_carea' id='block_1_66' title="bbox 901 3746 1225 3802">
    <p class='ocr_par' dir='ltr' id='par_1_66' title="bbox 901 3746 1225 3802">
     <span class='ocr_line' id='line_1_66' title="bbox 901 3746 1225 3802; baseline -0.015 0"><span class='ocrx_word' id='word_1_448' title='bbox 901 3748 1059 3802; x_wconf 78' lang='grc' dir='ltr'>ΚΕΦ.</span> <span class='ocrx_word' id='word_1_449' title='bbox 1095 3746 1225 3800; x_wconf 85' lang='lat' dir='ltr'><strong>KA&#39;.</strong></span> 
     </span>
    </p>
   </div>
   <div class='ocr_carea' id='block_1_67' title="bbox 273 3827 1854 3914">
    <p class='ocr_par' dir='ltr' id='par_1_67' title="bbox 273 3827 1854 3914">
     <span class='ocr_line' id='line_1_67' title="bbox 273 3827 1854 3914; baseline -0.009 -16"><span class='ocrx_word' id='word_1_450' title='bbox 273 3844 424 3914; x_wconf 76' lang='grc' dir='ltr'>Στίχ.</span> <span class='ocrx_word' id='word_1_451' title='bbox 460 3843 520 3896; x_wconf 84' lang='grc' dir='ltr'>δ’.</span> <span class='ocrx_word' id='word_1_452' title='bbox 551 3842 659 3897; x_wconf 73' lang='grc' dir='ltr'><strong>Καὶ</strong></span> <span class='ocrx_word' id='word_1_453' title='bbox 689 3842 975 3914; x_wconf 62' lang='lat' dir='ltr'><strong>dareprqu</strong></span> <span class='ocrx_word' id='word_1_454' title='bbox 1009 3842 1043 3892; x_wconf 85' lang='grc' dir='ltr'><strong>ό</strong></span> <span class='ocrx_word' id='word_1_455' title='bbox 1073 3837 1276 3914; x_wconf 38' lang='lat' dir='ltr'><strong>lapsae</strong></span> <span class='ocrx_word' id='word_1_456' title='bbox 1304 3832 1613 3914; x_wconf 43' lang='grc' dir='ltr'>τῷ-Δᾳυῒδ.</span> <span class='ocrx_word' id='word_1_457' title='bbox 1643 3831 1740 3885; x_wconf 77' lang='grc' dir='ltr'>καὶ</span> <span class='ocrx_word' id='word_1_458' title='bbox 1756 3827 1854 3914; x_wconf 35' lang='grc' dir='ltr'><strong>*εἶτ</strong></span> 
     </span>
    </p>
   </div>
   <div class='ocr_carea' id='block_1_68' title="bbox 346 3900 1854 3978">
    <p class='ocr_par' dir='ltr' id='par_1_68' title="bbox 346 3900 1854 3978">
     <span class='ocr_line' id='line_1_68' title="bbox 346 3900 1854 3978; baseline -0.009 -11"><span class='ocrx_word' id='word_1_459' title='bbox 346 3900 481 3967; x_wconf 47' lang='lat' dir='ltr'><strong>anew</strong></span> <span class='ocrx_word' id='word_1_460' title='bbox 536 3916 657 3966; x_wconf 86' lang='grc' dir='ltr'><strong>Οὐκ</strong></span> <span class='ocrx_word' id='word_1_461' title='bbox 688 3900 855 3965; x_wconf 58' lang='lat' dir='ltr'><strong>etab:</strong></span> <span class='ocrx_word' id='word_1_462' title='bbox 898 3900 1062 3978; x_wconf 77' lang='grc' dir='ltr'>ἄρτοι</span> <span class='ocrx_word' id='word_1_463' title='bbox 1088 3900 1493 3976; x_wconf 19' lang='grc' dir='ltr'>,ϐέϐηλοιθὺπὸ</span> <span class='ocrx_word' id='word_1_464' title='bbox 1539 3902 1655 3971; x_wconf 79' lang='grc' dir='ltr'><strong>τὴν</strong></span> <span class='ocrx_word' id='word_1_465' title='bbox 1685 3900 1854 3972; x_wconf 82' lang='grc' dir='ltr'>χεῖρά</span> 
     </span>
    </p>
   </div>
   <div class='ocr_carea' id='block_1_69' title="bbox 341 3978 1358 4054">
    <p class='ocr_par' dir='ltr' id='par_1_69' title="bbox 341 3978 1358 4054">
     <span class='ocr_line' id='line_1_69' title="bbox 341 3978 1358 4054; baseline -0.009 -16"><span class='ocrx_word' id='word_1_466' title='bbox 341 4004 484 4054; x_wconf 75' lang='grc' dir='ltr'>μου,</span> <span class='ocrx_word' id='word_1_467' title='bbox 511 3984 600 4036; x_wconf 84' lang='grc' dir='ltr'><strong>ὅτι</strong></span> <span class='ocrx_word' id='word_1_468' title='bbox 635 3982 773 4037; x_wconf 75' lang='grc' dir='ltr'><em>ἀλλ’</em></span> <span class='ocrx_word' id='word_1_469' title='bbox 793 3982 832 4049; x_wconf 80' lang='grc' dir='ltr'><strong>ἢ</strong></span> <span class='ocrx_word' id='word_1_470' title='bbox 858 3980 1022 4049; x_wconf 73' lang='grc' dir='ltr'>ἄρτοι</span> <span class='ocrx_word' id='word_1_471' title='bbox 1049 3978 1204 4050; x_wconf 76' lang='grc' dir='ltr'>ἅγιοι</span> <span class='ocrx_word' id='word_1_472' title='bbox 1218 3980 1358 4031; x_wconf 78' lang='grc' dir='ltr'>εισι.</span> 
     </span>
    </p>
   </div>
   <div class='ocr_carea' id='block_1_70' title="bbox 349 4060 1853 4148">
    <p class='ocr_par' dir='ltr' id='par_1_70' title="bbox 349 4060 1853 4148">
     <span class='ocr_line' id='line_1_70' title="bbox 349 4060 1853 4148; baseline -0.011 -18"><span class='ocrx_word' id='word_1_473' title='bbox 349 4075 463 4148; x_wconf 69' lang='grc'><strong>(84)</strong></span> <span class='ocrx_word' id='word_1_474' title='bbox 493 4075 763 4146; x_wconf 79' lang='grc' dir='ltr'>Βεὸήλους</span> <span class='ocrx_word' id='word_1_475' title='bbox 793 4073 939 4140; x_wconf 88' lang='grc' dir='ltr'>λέγει</span> <span class='ocrx_word' id='word_1_476' title='bbox 961 4068 1057 4125; x_wconf 90' lang='grc' dir='ltr'><strong>νῦν</strong></span> <span class='ocrx_word' id='word_1_477' title='bbox 1084 4070 1144 4122; x_wconf 86' lang='grc' dir='ltr'><strong>οὺ</strong></span> <span class='ocrx_word' id='word_1_478' title='bbox 1171 4068 1297 4132; x_wconf 78' lang='grc' dir='ltr'>τοὺς</span> <span class='ocrx_word' id='word_1_479' title='bbox 1318 4064 1683 4136; x_wconf 86' lang='grc' dir='ltr'>ἀκαθάρτους,</span> <span class='ocrx_word' id='word_1_480' title='bbox 1717 4060 1853 4115; x_wconf 80' lang='grc' dir='ltr'>ἀλλὰ</span> 
     </span>
    </p>
   </div>
   <div class='ocr_carea' id='block_1_71' title="bbox 272 4155 1855 4239">
    <p class='ocr_par' dir='ltr' id='par_1_71' title="bbox 272 4155 1855 4239">
     <span class='ocr_line' id='line_1_71' title="bbox 272 4155 1855 4239; baseline -0.011 -16"><span class='ocrx_word' id='word_1_481' title='bbox 272 4171 404 4232; x_wconf 77' lang='grc' dir='ltr'>τοὺς</span> <span class='ocrx_word' id='word_1_482' title='bbox 439 4168 536 4239; x_wconf 80' lang='grc' dir='ltr'>οὐχ</span> <span class='ocrx_word' id='word_1_483' title='bbox 575 4167 785 4235; x_wconf 85' lang='grc' dir='ltr'>ἁγίους,</span> <span class='ocrx_word' id='word_1_484' title='bbox 821 4164 958 4237; x_wconf 78' lang='grc' dir='ltr'>πρὸς</span> <span class='ocrx_word' id='word_1_485' title='bbox 987 4160 1388 4231; x_wconf 82' lang='grc' dir='ltr'>ἀντιδιαστολὴν</span> <span class='ocrx_word' id='word_1_486' title='bbox 1418 4158 1526 4212; x_wconf 85' lang='grc' dir='ltr'><strong>τῶν</strong></span> <span class='ocrx_word' id='word_1_487' title='bbox 1556 4156 1726 4224; x_wconf 83' lang='grc' dir='ltr'>ἁγίων</span> <span class='ocrx_word' id='word_1_488' title='bbox 1755 4155 1855 4225; x_wconf 80' lang='grc' dir='ltr'><strong>ἄρ-</strong></span> 
     </span>
    </p>
   </div>
   <div class='ocr_carea' id='block_1_72' title="bbox 274 4246 1853 4330">
    <p class='ocr_par' dir='ltr' id='par_1_72' title="bbox 274 4246 1853 4330">
     <span class='ocr_line' id='line_1_72' title="bbox 274 4246 1853 4330; baseline -0.01 -16"><span class='ocrx_word' id='word_1_489' title='bbox 274 4280 407 4326; x_wconf 86' lang='grc' dir='ltr'>των,</span> <span class='ocrx_word' id='word_1_490' title='bbox 440 4259 544 4313; x_wconf 83' lang='grc' dir='ltr'>τῶν</span> <span class='ocrx_word' id='word_1_491' title='bbox 576 4260 667 4312; x_wconf 72' lang='grc' dir='ltr'><strong>ἐπὶ</strong></span> <span class='ocrx_word' id='word_1_492' title='bbox 690 4260 787 4330; x_wconf 78' lang='grc' dir='ltr'>τῆς</span> <span class='ocrx_word' id='word_1_493' title='bbox 806 4255 1082 4329; x_wconf 76' lang='grc' dir='ltr'>τραπέζης</span> <span class='ocrx_word' id='word_1_494' title='bbox 1112 4251 1580 4326; x_wconf 88' lang='grc' dir='ltr'>παρατιθεμένων.</span> <span class='ocrx_word' id='word_1_495' title='bbox 1616 4246 1713 4313; x_wconf 77' lang='grc' dir='ltr'><strong>’Ἐξ</strong></span> <span class='ocrx_word' id='word_1_496' title='bbox 1744 4247 1853 4316; x_wconf 83' lang='grc' dir='ltr'>γὰρ</span> 
     </span>
    </p>
   </div>
   <div class='ocr_carea' id='block_1_73' title="bbox 275 4340 1853 4424">
    <p class='ocr_par' dir='ltr' id='par_1_73' title="bbox 275 4340 1853 4424">
     <span class='ocr_line' id='line_1_73' title="bbox 275 4340 1853 4424; baseline -0.01 -18"><span class='ocrx_word' id='word_1_497' title='bbox 275 4350 426 4423; x_wconf 77' lang='grc' dir='ltr'>εἶχεν</span> <span class='ocrx_word' id='word_1_498' title='bbox 472 4353 666 4424; x_wconf 80' lang='grc' dir='ltr'>ἄρτους</span> <span class='ocrx_word' id='word_1_499' title='bbox 708 4352 742 4422; x_wconf 83' lang='grc' dir='ltr'>ἡ</span> <span class='ocrx_word' id='word_1_500' title='bbox 796 4350 1040 4423; x_wconf 77' lang='grc' dir='ltr'>τράπεζα</span> <span class='ocrx_word' id='word_1_501' title='bbox 1091 4346 1383 4409; x_wconf 85' lang='grc' dir='ltr'>διαπαντὸς</span> <span class='ocrx_word' id='word_1_502' title='bbox 1422 4340 1853 4412; x_wconf 80' lang='grc' dir='ltr'>ἀλλασσομένους</span> 
     </span>
    </p>
   </div>
   <div class='ocr_carea' id='block_1_74' title="bbox 278 4430 1854 4517">
    <p class='ocr_par' dir='ltr' id='par_1_74' title="bbox 278 4430 1854 4517">
     <span class='ocr_line' id='line_1_74' title="bbox 278 4430 1854 4517; baseline -0.011 -19"><span class='ocrx_word' id='word_1_503' title='bbox 278 4445 424 4517; x_wconf 79' lang='grc' dir='ltr'>ὑπὲρ</span> <span class='ocrx_word' id='word_1_504' title='bbox 456 4444 563 4498; x_wconf 85' lang='grc' dir='ltr'>τῶν</span> <span class='ocrx_word' id='word_1_505' title='bbox 592 4443 798 4497; x_wconf 82' lang='grc' dir='ltr'>δώδεκα</span> <span class='ocrx_word' id='word_1_506' title='bbox 830 4440 1009 4512; x_wconf 82' lang='grc' dir='ltr'>φυλῶν</span> <span class='ocrx_word' id='word_1_507' title='bbox 1043 4439 1135 4493; x_wconf 89' lang='grc' dir='ltr'><strong>τοῦ</strong></span> <span class='ocrx_word' id='word_1_508' title='bbox 1180 4436 1415 4510; x_wconf 81' lang='grc' dir='ltr'>Ἰσραὴλ,</span> <span class='ocrx_word' id='word_1_509' title='bbox 1447 4433 1541 4497; x_wconf 78' lang='grc' dir='ltr'><strong>οὓς</strong></span> <span class='ocrx_word' id='word_1_510' title='bbox 1562 4430 1854 4492; x_wconf 75' lang='grc' dir='ltr'>ἐνωπίους</span> 
     </span>
    </p>
   </div>
   <div class='ocr_carea' id='block_1_75' title="bbox 1952 3265 3522 3350">
    <p class='ocr_par' dir='ltr' id='par_1_75' title="bbox 1952 3265 3522 3350">
     <span class='ocr_line' id='line_1_75' title="bbox 1952 3265 3522 3350; baseline -0.01 -15"><span class='ocrx_word' id='word_1_511' title='bbox 1952 3278 2346 3350; x_wconf 88' lang='lat' dir='ltr'><strong>persecutionis</strong></span> <span class='ocrx_word' id='word_1_512' title='bbox 2396 3281 2555 3330; x_wconf 90' lang='lat' dir='ltr'><strong>erant</strong></span> <span class='ocrx_word' id='word_1_513' title='bbox 2610 3283 2829 3339; x_wconf 89' lang='lat' dir='ltr'><strong>scopus,</strong></span> <span class='ocrx_word' id='word_1_514' title='bbox 2875 3266 3092 3322; x_wconf 88' lang='lat' dir='ltr'><strong>Samuel</strong></span> <span class='ocrx_word' id='word_1_515' title='bbox 3159 3265 3408 3320; x_wconf 81' lang='lat' dir='ltr'><strong>videlicet</strong></span> <span class='ocrx_word' id='word_1_516' title='bbox 3466 3274 3522 3319; x_wconf 91' lang='lat' dir='ltr'><strong>et</strong></span> 
     </span>
    </p>
   </div>
   <div class='ocr_carea' id='block_1_76' title="bbox 1954 3355 3515 3435">
    <p class='ocr_par' dir='ltr' id='par_1_76' title="bbox 1954 3355 3515 3435">
     <span class='ocr_line' id='line_1_76' title="bbox 1954 3355 3515 3435; baseline -0.011 -10"><span class='ocrx_word' id='word_1_517' title='bbox 1954 3370 2121 3425; x_wconf 86' lang='lat' dir='ltr'><strong>David</strong></span> <span class='ocrx_word' id='word_1_518' title='bbox 2147 3389 2160 3423; x_wconf 89' lang='lat'><strong>:</strong></span> <span class='ocrx_word' id='word_1_519' title='bbox 2189 3368 2364 3423; x_wconf 90' lang='lat' dir='ltr'><strong>divina</strong></span> <span class='ocrx_word' id='word_1_520' title='bbox 2383 3364 2556 3435; x_wconf 84' lang='lat' dir='ltr'><strong>gratia</strong></span> <span class='ocrx_word' id='word_1_521' title='bbox 2578 3362 2741 3415; x_wconf 86' lang='lat' dir='ltr'><strong>ellicit</strong></span> <span class='ocrx_word' id='word_1_522' title='bbox 2767 3368 2827 3413; x_wconf 90' lang='lat' dir='ltr'><strong>ut</strong></span> <span class='ocrx_word' id='word_1_523' title='bbox 2888 3357 3173 3429; x_wconf 87' lang='lat' dir='ltr'><strong>prophetet</strong></span> <span class='ocrx_word' id='word_1_524' title='bbox 3231 3355 3387 3421; x_wconf 89' lang='lat' dir='ltr'><strong>Saul,</strong></span> <span class='ocrx_word' id='word_1_525' title='bbox 3408 3370 3515 3409; x_wconf 91' lang='lat' dir='ltr'><strong>non</strong></span> 
     </span>
    </p>
   </div>
   <div class='ocr_carea' id='block_1_77' title="bbox 1954 3449 3521 3530">
    <p class='ocr_par' dir='ltr' id='par_1_77' title="bbox 1954 3449 3521 3530">
     <span class='ocr_line' id='line_1_77' title="bbox 1954 3449 3521 3530; baseline -0.011 -12"><span class='ocrx_word' id='word_1_526' title='bbox 1954 3465 2115 3519; x_wconf 87' lang='lat' dir='ltr'><strong>modo</strong></span> <span class='ocrx_word' id='word_1_527' title='bbox 2150 3476 2212 3516; x_wconf 91' lang='lat' dir='ltr'><strong>ea</strong></span> <span class='ocrx_word' id='word_1_528' title='bbox 2246 3475 2366 3530; x_wconf 69' lang='lat' dir='ltr'><strong>qua:</strong></span> <span class='ocrx_word' id='word_1_529' title='bbox 2397 3466 2587 3513; x_wconf 89' lang='lat' dir='ltr'><strong>contra</strong></span> <span class='ocrx_word' id='word_1_530' title='bbox 2634 3454 2807 3525; x_wconf 91' lang='lat' dir='ltr'><strong>ipsum</strong></span> <span class='ocrx_word' id='word_1_531' title='bbox 2838 3459 3015 3516; x_wconf 86' lang='lat' dir='ltr'><strong>erant,</strong></span> <span class='ocrx_word' id='word_1_532' title='bbox 3059 3449 3153 3505; x_wconf 90' lang='lat' dir='ltr'><strong>sed</strong></span> <span class='ocrx_word' id='word_1_533' title='bbox 3180 3456 3236 3503; x_wconf 90' lang='lat' dir='ltr'><strong>et</strong></span> <span class='ocrx_word' id='word_1_534' title='bbox 3276 3463 3396 3517; x_wconf 67' lang='lat' dir='ltr'><strong>qua:</strong></span> <span class='ocrx_word' id='word_1_535' title='bbox 3422 3462 3521 3516; x_wconf 89' lang='lat' dir='ltr'><strong>pro</strong></span> 
     </span>
    </p>
   </div>
   <div class='ocr_carea' id='block_1_78' title="bbox 1955 3538 3515 3620">
    <p class='ocr_par' dir='ltr' id='par_1_78' title="bbox 1955 3538 3515 3620">
     <span class='ocr_line' id='line_1_78' title="bbox 1955 3538 3515 3620; baseline -0.012 -8"><span class='ocrx_word' id='word_1_536' title='bbox 1955 3557 2122 3612; x_wconf 89' lang='lat' dir='ltr'><strong>David</strong></span> <span class='ocrx_word' id='word_1_537' title='bbox 2144 3562 2341 3609; x_wconf 90' lang='lat' dir='ltr'><strong>erant:</strong></span> <span class='ocrx_word' id='word_1_538' title='bbox 2369 3550 2694 3620; x_wconf 83' lang='lat' dir='ltr'><strong>projicitqne</strong></span> <span class='ocrx_word' id='word_1_539' title='bbox 2725 3546 2925 3602; x_wconf 90' lang='lat' dir='ltr'><strong>nudum</strong></span> <span class='ocrx_word' id='word_1_540' title='bbox 2948 3585 2964 3611; x_wconf 93' lang='lat'><strong>,</strong></span> <span class='ocrx_word' id='word_1_541' title='bbox 2995 3543 3340 3615; x_wconf 65' lang='lat' dir='ltr'><strong>praainnuens</strong></span> <span class='ocrx_word' id='word_1_542' title='bbox 3373 3538 3515 3611; x_wconf 89' lang='lat' dir='ltr'><strong>quod</strong></span> 
     </span>
    </p>
   </div>
   <div class='ocr_carea' id='block_1_79' title="bbox 1954 3644 2712 3709">
    <p class='ocr_par' dir='ltr' id='par_1_79' title="bbox 1954 3644 2712 3709">
     <span class='ocr_line' id='line_1_79' title="bbox 1954 3644 2712 3709; baseline -0.011 -5"><span class='ocrx_word' id='word_1_543' title='bbox 1954 3648 2042 3705; x_wconf 90' lang='lat' dir='ltr'><strong>ille</strong></span> <span class='ocrx_word' id='word_1_544' title='bbox 2069 3644 2354 3701; x_wconf 89' lang='lat' dir='ltr'><strong>nudaudus</strong></span> <span class='ocrx_word' id='word_1_545' title='bbox 2380 3649 2497 3697; x_wconf 89' lang='lat' dir='ltr'><strong>erat</strong></span> <span class='ocrx_word' id='word_1_546' title='bbox 2520 3652 2712 3709; x_wconf 78' lang='lat' dir='ltr'><strong>regno.</strong></span> 
     </span>
    </p>
   </div>
   <div class='ocr_carea' id='block_1_80' title="bbox 2568 3727 2894 3786">
    <p class='ocr_par' dir='ltr' id='par_1_80' title="bbox 2568 3727 2894 3786">
     <span class='ocr_line' id='line_1_80' title="bbox 2568 3727 2894 3786; baseline -0.015 0"><span class='ocrx_word' id='word_1_547' title='bbox 2568 3729 2721 3786; x_wconf 83' lang='lat' dir='ltr'><strong>CAP.</strong></span> <span class='ocrx_word' id='word_1_548' title='bbox 2752 3727 2894 3782; x_wconf 81' lang='lat' dir='ltr'><strong>XXI.</strong></span> 
     </span>
    </p>
   </div>
   <div class='ocr_carea' id='block_1_81' title="bbox 1954 3811 3519 3899">
    <p class='ocr_par' dir='ltr' id='par_1_81' title="bbox 1954 3811 3519 3899">
     <span class='ocr_line' id='line_1_81' title="bbox 1954 3811 3519 3899; baseline -0.019 -7"><span class='ocrx_word' id='word_1_549' title='bbox 1954 3835 2022 3892; x_wconf 61' lang='grc' dir='ltr'>Υ.</span> <span class='ocrx_word' id='word_1_550' title='bbox 2046 3833 2103 3890; x_wconf 73' lang='grc'>4.</span> <span class='ocrx_word' id='word_1_551' title='bbox 2122 3832 2187 3886; x_wconf 88' lang='lat' dir='ltr'><strong>Et</strong></span> <span class='ocrx_word' id='word_1_552' title='bbox 2212 3827 2486 3899; x_wconf 78' lang='lat' dir='ltr'><strong>respondit</strong></span> <span class='ocrx_word' id='word_1_553' title='bbox 2506 3822 2751 3899; x_wconf 74' lang='lat' dir='ltr'><strong>sacerdos</strong></span> <span class='ocrx_word' id='word_1_554' title='bbox 2773 3820 2986 3881; x_wconf 87' lang='lat' dir='ltr'><strong>Davidi,</strong></span> <span class='ocrx_word' id='word_1_555' title='bbox 3014 3826 3065 3871; x_wconf 88' lang='lat' dir='ltr'><strong>et</strong></span> <span class='ocrx_word' id='word_1_556' title='bbox 3097 3815 3171 3899; x_wconf 80' lang='lat' dir='ltr'><strong>ait</strong></span> <span class='ocrx_word' id='word_1_557' title='bbox 3194 3827 3214 3865; x_wconf 90' lang='lat'><strong><em>:</em></strong></span> <span class='ocrx_word' id='word_1_558' title='bbox 3242 3811 3365 3866; x_wconf 82' lang='lat' dir='ltr'><strong>Non</strong></span> <span class='ocrx_word' id='word_1_559' title='bbox 3392 3818 3519 3864; x_wconf 73' lang='lat' dir='ltr'><strong>sunt</strong></span> 
     </span>
    </p>
   </div>
   <div class='ocr_carea' id='block_1_82' title="bbox 2024 3897 3520 3975">
    <p class='ocr_par' dir='ltr' id='par_1_82' title="bbox 2024 3897 3520 3975">
     <span class='ocr_line' id='line_1_82' title="bbox 2024 3897 3520 3975; baseline -0.016 -17"><span class='ocrx_word' id='word_1_560' title='bbox 2024 3920 2183 3975; x_wconf 74' lang='lat' dir='ltr'><strong>panes</strong></span> <span class='ocrx_word' id='word_1_561' title='bbox 2203 3897 2415 3969; x_wconf 69' lang='lat' dir='ltr'><strong>profani</strong></span> <span class='ocrx_word' id='word_1_562' title='bbox 2437 3898 2531 3951; x_wconf 77' lang='lat' dir='ltr'><strong>sub</strong></span> <span class='ocrx_word' id='word_1_563' title='bbox 2559 3908 2770 3948; x_wconf 88' lang='lat' dir='ltr'><strong>manum</strong></span> <span class='ocrx_word' id='word_1_564' title='bbox 2794 3907 2962 3944; x_wconf 82' lang='lat' dir='ltr'><strong>meam</strong></span> <span class='ocrx_word' id='word_1_565' title='bbox 2983 3905 3001 3941; x_wconf 91' lang='lat'><strong><em>:</em></strong></span> <span class='ocrx_word' id='word_1_566' title='bbox 3032 3897 3383 3958; x_wconf 79' lang='lat' dir='ltr'><strong>prwtcrquam</strong></span> <span class='ocrx_word' id='word_1_567' title='bbox 3419 3899 3520 3951; x_wconf 88' lang='lat' dir='ltr'><strong>pa-</strong></span> 
     </span>
    </p>
   </div>
   <div class='ocr_carea' id='block_1_83' title="bbox 2026 3974 2489 4029">
    <p class='ocr_par' dir='ltr' id='par_1_83' title="bbox 2026 3974 2489 4029">
     <span class='ocr_line' id='line_1_83' title="bbox 2026 3974 2489 4029; baseline -0.017 1"><span class='ocrx_word' id='word_1_568' title='bbox 2026 3974 2116 4029; x_wconf 65' lang='lat' dir='ltr'><strong>ne;</strong></span> <span class='ocrx_word' id='word_1_569' title='bbox 2143 3974 2310 4027; x_wconf 76' lang='lat' dir='ltr'><strong>sancti</strong></span> <span class='ocrx_word' id='word_1_570' title='bbox 2344 3978 2489 4023; x_wconf 80' lang='lat' dir='ltr'><strong>sunt.</strong></span> 
     </span>
    </p>
   </div>
   <div class='ocr_carea' id='block_1_84' title="bbox 2025 4043 3521 4122">
    <p class='ocr_par' dir='ltr' id='par_1_84' title="bbox 2025 4043 3521 4122">
     <span class='ocr_line' id='line_1_84' title="bbox 2025 4043 3521 4122; baseline -0.016 -1"><span class='ocrx_word' id='word_1_571' title='bbox 2025 4065 2292 4122; x_wconf 76' lang='lat' dir='ltr'><strong>l’rofanos</strong></span> <span class='ocrx_word' id='word_1_572' title='bbox 2317 4061 2447 4116; x_wconf 89' lang='lat' dir='ltr'><strong>dicit</strong></span> <span class='ocrx_word' id='word_1_573' title='bbox 2476 4071 2643 4121; x_wconf 90' lang='lat' dir='ltr'><strong>nunc,</strong></span> <span class='ocrx_word' id='word_1_574' title='bbox 2674 4070 2781 4110; x_wconf 91' lang='lat' dir='ltr'><strong>non</strong></span> <span class='ocrx_word' id='word_1_575' title='bbox 2808 4048 3137 4111; x_wconf 90' lang='lat' dir='ltr'><strong>immundos,</strong></span> <span class='ocrx_word' id='word_1_576' title='bbox 3170 4045 3265 4101; x_wconf 90' lang='lat' dir='ltr'><strong>sed</strong></span> <span class='ocrx_word' id='word_1_577' title='bbox 3298 4043 3521 4098; x_wconf 88' lang='lat' dir='ltr'><strong>minime</strong></span> 
     </span>
    </p>
   </div>
   <div class='ocr_carea' id='block_1_85' title="bbox 1956 4134 3521 4222">
    <p class='ocr_par' dir='ltr' id='par_1_85' title="bbox 1956 4134 3521 4222">
     <span class='ocr_line' id='line_1_85' title="bbox 1956 4134 3521 4222; baseline -0.018 -7"><span class='ocrx_word' id='word_1_578' title='bbox 1956 4168 2197 4222; x_wconf 88' lang='lat' dir='ltr'><strong>sanctos,</strong></span> <span class='ocrx_word' id='word_1_579' title='bbox 2242 4155 2310 4209; x_wconf 89' lang='lat' dir='ltr'><strong>ad</strong></span> <span class='ocrx_word' id='word_1_580' title='bbox 2360 4149 2760 4207; x_wconf 89' lang='lat' dir='ltr'><strong>distinctionem</strong></span> <span class='ocrx_word' id='word_1_581' title='bbox 2801 4157 2997 4215; x_wconf 88' lang='lat' dir='ltr'><strong>panum</strong></span> <span class='ocrx_word' id='word_1_582' title='bbox 3040 4146 3375 4200; x_wconf 89' lang='lat' dir='ltr'><strong>sanctorum,</strong></span> <span class='ocrx_word' id='word_1_583' title='bbox 3426 4134 3521 4203; x_wconf 90' lang='lat' dir='ltr'><strong>qui</strong></span> 
     </span>
    </p>
   </div>
   <div class='ocr_carea' id='block_1_86' title="bbox 1954 4226 3521 4317">
    <p class='ocr_par' dir='ltr' id='par_1_86' title="bbox 1954 4226 3521 4317">
     <span class='ocr_line' id='line_1_86' title="bbox 1954 4226 3521 4317; baseline -0.016 -14"><span class='ocrx_word' id='word_1_584' title='bbox 1954 4263 2119 4317; x_wconf 87' lang='lat' dir='ltr'><strong>super</strong></span> <span class='ocrx_word' id='word_1_585' title='bbox 2150 4257 2335 4300; x_wconf 88' lang='lat' dir='ltr'><strong>mensa</strong></span> <span class='ocrx_word' id='word_1_586' title='bbox 2366 4237 2825 4312; x_wconf 90' lang='lat' dir='ltr'><strong>proponebantur.</strong></span> <span class='ocrx_word' id='word_1_587' title='bbox 2859 4234 2964 4288; x_wconf 85' lang='lat' dir='ltr'><strong>Sex</strong></span> <span class='ocrx_word' id='word_1_588' title='bbox 3011 4244 3244 4298; x_wconf 88' lang='lat' dir='ltr'><strong>namque</strong></span> <span class='ocrx_word' id='word_1_589' title='bbox 3282 4226 3521 4280; x_wconf 88' lang='lat' dir='ltr'><strong>habebat</strong></span> 
     </span>
    </p>
   </div>
   <div class='ocr_carea' id='block_1_87' title="bbox 1954 4319 3521 4412">
    <p class='ocr_par' dir='ltr' id='par_1_87' title="bbox 1954 4319 3521 4412">
     <span class='ocr_line' id='line_1_87' title="bbox 1954 4319 3521 4412; baseline -0.017 -16"><span class='ocrx_word' id='word_1_590' title='bbox 1954 4356 2123 4412; x_wconf 89' lang='lat' dir='ltr'><strong>panes</strong></span> <span class='ocrx_word' id='word_1_591' title='bbox 2152 4351 2359 4399; x_wconf 90' lang='lat' dir='ltr'><strong>mensa,</strong></span> <span class='ocrx_word' id='word_1_592' title='bbox 2390 4335 2480 4403; x_wconf 88' lang='lat' dir='ltr'><strong>qui</strong></span> <span class='ocrx_word' id='word_1_593' title='bbox 2512 4344 2727 4401; x_wconf 89' lang='lat' dir='ltr'><strong>semper</strong></span> <span class='ocrx_word' id='word_1_594' title='bbox 2772 4325 3155 4385; x_wconf 87' lang='lat' dir='ltr'><strong>mutabantur,</strong></span> <span class='ocrx_word' id='word_1_595' title='bbox 3194 4334 3290 4390; x_wconf 90' lang='lat' dir='ltr'><strong>pro</strong></span> <span class='ocrx_word' id='word_1_596' title='bbox 3313 4319 3521 4371; x_wconf 88' lang='lat' dir='ltr'><strong>duode-</strong></span> 
     </span>
    </p>
   </div>
   <div class='ocr_carea' id='block_1_88' title="bbox 1955 4410 3516 4492">
    <p class='ocr_par' dir='ltr' id='par_1_88' title="bbox 1955 4410 3516 4492">
     <span class='ocr_line' id='line_1_88' title="bbox 1955 4410 3516 4492; baseline -0.017 -3"><span class='ocrx_word' id='word_1_597' title='bbox 1955 4410 2059 4489; x_wconf 78' lang='lat' dir='ltr'><strong>cim</strong></span> <span class='ocrx_word' id='word_1_598' title='bbox 2102 4430 2348 4485; x_wconf 87' lang='lat' dir='ltr'><strong>tribubus</strong></span> <span class='ocrx_word' id='word_1_599' title='bbox 2388 4425 2571 4490; x_wconf 90' lang='lat' dir='ltr'><strong>Israel,</strong></span> <span class='ocrx_word' id='word_1_600' title='bbox 2612 4439 2746 4492; x_wconf 89' lang='lat' dir='ltr'><strong>quos</strong></span> <span class='ocrx_word' id='word_1_601' title='bbox 2785 4413 3180 4487; x_wconf 71' lang='lat' dir='ltr'><strong>conspectuales</strong></span> <span class='ocrx_word' id='word_1_602' title='bbox 3226 4410 3516 4465; x_wconf 80' lang='lat' dir='ltr'><strong>vocabant.</strong></span> 
     </span>
    </p>
   </div>
   <div class='ocr_carea' id='block_1_89' title="bbox 279 4503 1851 4602">
    <p class='ocr_par' dir='ltr' id='par_1_89' title="bbox 279 4503 1851 4602">
     <span class='ocr_line' id='line_1_89' title="bbox 279 4503 1851 4602; baseline -0.013 -11"><span class='ocrx_word' id='word_1_603' title='bbox 279 4503 526 4593; x_wconf 59' lang='grc' dir='ltr'>ἐκάλουν</span> <span class='ocrx_word' id='word_1_604' title='bbox 546 4537 619 4600; x_wconf 86' lang='grc' dir='ltr'>ὡς</span> <span class='ocrx_word' id='word_1_605' title='bbox 647 4531 783 4588; x_wconf 79' lang='grc' dir='ltr'>εἶναι</span> <span class='ocrx_word' id='word_1_606' title='bbox 805 4503 1031 4587; x_wconf 73' lang='grc' dir='ltr'>ἕκαστον</span> <span class='ocrx_word' id='word_1_607' title='bbox 1060 4531 1167 4583; x_wconf 85' lang='grc' dir='ltr'><strong>τῶν</strong></span> <span class='ocrx_word' id='word_1_608' title='bbox 1186 4503 1364 4602; x_wconf 76' lang='grc' dir='ltr'>ἄρτων</span> <span class='ocrx_word' id='word_1_609' title='bbox 1385 4526 1522 4597; x_wconf 80' lang='grc' dir='ltr'>ὑπὲρ</span> <span class='ocrx_word' id='word_1_610' title='bbox 1554 4523 1647 4577; x_wconf 88' lang='grc' dir='ltr'>δύο</span> <span class='ocrx_word' id='word_1_611' title='bbox 1670 4519 1851 4591; x_wconf 85' lang='grc' dir='ltr'>φυλῶν</span> 
     </span>
    </p>
   </div>
   <div class='ocr_carea' id='block_1_90' title="bbox 1972 4503 3519 4602">
    <p class='ocr_par' dir='ltr' id='par_1_90' title="bbox 1972 4503 3519 4602">
     <span class='ocr_line' id='line_1_90' title="bbox 1972 4503 3519 4602; baseline -0.02 -18"><span class='ocrx_word' id='word_1_612' title='bbox 1972 4532 2088 4584; x_wconf 75' lang='lat' dir='ltr'><strong>Erat</strong></span> <span class='ocrx_word' id='word_1_613' title='bbox 2123 4528 2307 4594; x_wconf 89' lang='lat' dir='ltr'><strong>itaque</strong></span> <span class='ocrx_word' id='word_1_614' title='bbox 2342 4522 2497 4592; x_wconf 88' lang='lat' dir='ltr'><strong>panis</strong></span> <span class='ocrx_word' id='word_1_615' title='bbox 2547 4533 2689 4573; x_wconf 92' lang='lat' dir='ltr'><strong>unus</strong></span> <span class='ocrx_word' id='word_1_616' title='bbox 2739 4530 2836 4585; x_wconf 86' lang='lat' dir='ltr'><strong>pro</strong></span> <span class='ocrx_word' id='word_1_617' title='bbox 2859 4510 3057 4580; x_wconf 88' lang='lat' dir='ltr'><strong>duplici</strong></span> <span class='ocrx_word' id='word_1_618' title='bbox 3100 4506 3241 4602; x_wconf 76' lang='lat' dir='ltr'><strong>tribu</strong></span> <span class='ocrx_word' id='word_1_619' title='bbox 3271 4503 3519 4602; x_wconf 33' lang='lat' dir='ltr'><strong>obl-allus;</strong></span> 
     </span>
    </p>
   </div>
   <div class='ocr_carea' id='block_1_91' title="bbox 280 4612 1851 4703">
    <p class='ocr_par' dir='ltr' id='par_1_91' title="bbox 280 4612 1851 4703">
     <span class='ocr_line' id='line_1_91' title="bbox 280 4612 1851 4703; baseline -0.011 -19"><span class='ocrx_word' id='word_1_620' title='bbox 280 4630 744 4703; x_wconf 82' lang='grc' dir='ltr'>προσφερόμενον,</span> <span class='ocrx_word' id='word_1_621' title='bbox 778 4627 901 4689; x_wconf 82' lang='grc' dir='ltr'>τοὺς</span> <span class='ocrx_word' id='word_1_622' title='bbox 930 4625 987 4678; x_wconf 85' lang='grc' dir='ltr'>δὲ</span> <span class='ocrx_word' id='word_1_623' title='bbox 1018 4623 1078 4688; x_wconf 78' lang='grc' dir='ltr'><strong>ἓξ</strong></span> <span class='ocrx_word' id='word_1_624' title='bbox 1110 4623 1248 4692; x_wconf 79' lang='grc' dir='ltr'>ὑπὲρ</span> <span class='ocrx_word' id='word_1_625' title='bbox 1275 4620 1382 4673; x_wconf 81' lang='grc' dir='ltr'><strong>τῶν</strong></span> <span class='ocrx_word' id='word_1_626' title='bbox 1411 4618 1618 4671; x_wconf 83' lang='grc' dir='ltr'>δώδεκα</span> <span class='ocrx_word' id='word_1_627' title='bbox 1647 4612 1851 4685; x_wconf 85' lang='grc' dir='ltr'>φυλῶν.</span> 
     </span>
    </p>
   </div>
   <div class='ocr_carea' id='block_1_92' title="bbox 281 4704 1854 4784">
    <p class='ocr_par' dir='ltr' id='par_1_92' title="bbox 281 4704 1854 4784">
     <span class='ocr_line' id='line_1_92' title="bbox 281 4704 1854 4784; baseline -0.012 -9"><span class='ocrx_word' id='word_1_628' title='bbox 281 4723 350 4775; x_wconf 90' lang='grc' dir='ltr'>Τί</span> <span class='ocrx_word' id='word_1_629' title='bbox 374 4717 468 4775; x_wconf 78' lang='grc' dir='ltr'><strong>οὖν</strong></span> <span class='ocrx_word' id='word_1_630' title='bbox 495 4724 558 4773; x_wconf 84' lang='grc' dir='ltr'>ὲκ</span> <span class='ocrx_word' id='word_1_631' title='bbox 585 4719 772 4772; x_wconf 79' lang='grc' dir='ltr'>τούτου</span> <span class='ocrx_word' id='word_1_632' title='bbox 803 4717 965 4771; x_wconf 82' lang='grc' dir='ltr'>καλὸν</span> <span class='ocrx_word' id='word_1_633' title='bbox 994 4715 1230 4784; x_wconf 76' lang='grc' dir='ltr'>ὲγίνετος</span> <span class='ocrx_word' id='word_1_634' title='bbox 1262 4712 1359 4775; x_wconf 84' lang='grc' dir='ltr'>τὰς</span> <span class='ocrx_word' id='word_1_635' title='bbox 1390 4708 1561 4779; x_wconf 83' lang='grc' dir='ltr'>φυλὰς</span> <span class='ocrx_word' id='word_1_636' title='bbox 1585 4706 1679 4760; x_wconf 91' lang='grc' dir='ltr'><strong>τοῦ</strong></span> <span class='ocrx_word' id='word_1_637' title='bbox 1748 4704 1854 4758; x_wconf 81' lang='grc' dir='ltr'><strong>Ἰσ-</strong></span> 
     </span>
    </p>
   </div>
   <div class='ocr_carea' id='block_1_93' title="bbox 283 4799 1855 4887">
    <p class='ocr_par' dir='ltr' id='par_1_93' title="bbox 283 4799 1855 4887">
     <span class='ocr_line' id='line_1_93' title="bbox 283 4799 1855 4887; baseline -0.013 -20"><span class='ocrx_word' id='word_1_638' title='bbox 283 4814 429 4887; x_wconf 80' lang='grc' dir='ltr'>ραὴλ</span> <span class='ocrx_word' id='word_1_639' title='bbox 477 4812 612 4884; x_wconf 75' lang='grc' dir='ltr'>πρὸς</span> <span class='ocrx_word' id='word_1_640' title='bbox 657 4811 911 4882; x_wconf 87' lang='grc' dir='ltr'>ὁμόνοιαν</span> <span class='ocrx_word' id='word_1_641' title='bbox 964 4803 1350 4861; x_wconf 86' lang='grc' dir='ltr'>συνάπτεσθαι.</span> <span class='ocrx_word' id='word_1_642' title='bbox 1398 4800 1463 4853; x_wconf 91' lang='grc' dir='ltr'>Τί</span> <span class='ocrx_word' id='word_1_643' title='bbox 1501 4799 1559 4853; x_wconf 84' lang='grc' dir='ltr'>δὲ</span> <span class='ocrx_word' id='word_1_644' title='bbox 1612 4799 1855 4887; x_wconf 81' lang='grc' dir='ltr'>κρεῖττον</span> 
     </span>
    </p>
   </div>
   <div class='ocr_carea' id='block_1_94' title="bbox 282 4884 1858 4977">
    <p class='ocr_par' dir='ltr' id='par_1_94' title="bbox 282 4884 1858 4977">
     <span class='ocr_line' id='line_1_94' title="bbox 282 4884 1858 4977; baseline -0.015 -17"><span class='ocrx_word' id='word_1_645' title='bbox 282 4884 749 4977; x_wconf 74' lang='grc' dir='ltr'>προεσημαίνετο;</span> <span class='ocrx_word' id='word_1_646' title='bbox 783 4901 909 4964; x_wconf 78' lang='grc' dir='ltr'>τοὺς</span> <span class='ocrx_word' id='word_1_647' title='bbox 948 4896 1246 4969; x_wconf 87' lang='grc' dir='ltr'>μακαρίους</span> <span class='ocrx_word' id='word_1_648' title='bbox 1277 4890 1604 4952; x_wconf 84' lang='grc' dir='ltr'>ἀποστόλους</span> <span class='ocrx_word' id='word_1_649' title='bbox 1633 4886 1736 4941; x_wconf 84' lang='grc' dir='ltr'><strong>ἀνὰ</strong></span> <span class='ocrx_word' id='word_1_650' title='bbox 1765 4884 1858 4937; x_wconf 84' lang='grc' dir='ltr'>δύο</span> 
     </span>
    </p>
   </div>
   <div class='ocr_carea' id='block_1_95' title="bbox 279 4977 1853 5067">
    <p class='ocr_par' dir='ltr' id='par_1_95' title="bbox 279 4977 1853 5067">
     <span class='ocr_line' id='line_1_95' title="bbox 279 4977 1853 5067; baseline -0.017 -13"><span class='ocrx_word' id='word_1_651' title='bbox 279 4999 377 5054; x_wconf 81' lang='grc' dir='ltr'><strong>δύο</strong></span> <span class='ocrx_word' id='word_1_652' title='bbox 408 4995 718 5067; x_wconf 85' lang='grc' dir='ltr'>πέμπεσθαι</span> <span class='ocrx_word' id='word_1_653' title='bbox 742 4992 847 5046; x_wconf 83' lang='grc' dir='ltr'><strong>ὑπὸ</strong></span> <span class='ocrx_word' id='word_1_654' title='bbox 874 4991 966 5045; x_wconf 85' lang='grc' dir='ltr'><strong>τοῦ</strong></span> <span class='ocrx_word' id='word_1_655' title='bbox 982 4990 1231 5062; x_wconf 78' lang='grc' dir='ltr'>Σωτῆρος</span> <span class='ocrx_word' id='word_1_656' title='bbox 1260 4986 1326 5040; x_wconf 77' lang='grc' dir='ltr'>τὰ</span> <span class='ocrx_word' id='word_1_657' title='bbox 1349 4984 1539 5056; x_wconf 84' lang='grc' dir='ltr'>πρῶτα</span> <span class='ocrx_word' id='word_1_658' title='bbox 1559 4977 1853 5050; x_wconf 86' lang='grc' dir='ltr'>κηρύσσειν</span> 
     </span>
    </p>
   </div>
   <div class='ocr_carea' id='block_1_96' title="bbox 282 5069 1855 5159">
    <p class='ocr_par' dir='ltr' id='par_1_96' title="bbox 282 5069 1855 5159">
     <span class='ocr_line' id='line_1_96' title="bbox 282 5069 1855 5159; baseline -0.014 -15"><span class='ocrx_word' id='word_1_659' title='bbox 282 5094 343 5146; x_wconf 79' lang='grc' dir='ltr'>ἐν</span> <span class='ocrx_word' id='word_1_660' title='bbox 393 5094 515 5153; x_wconf 88' lang='grc' dir='ltr'>ταῖς</span> <span class='ocrx_word' id='word_1_661' title='bbox 566 5090 757 5159; x_wconf 83' lang='grc' dir='ltr'>φυλαῖς</span> <span class='ocrx_word' id='word_1_662' title='bbox 804 5084 899 5139; x_wconf 89' lang='grc' dir='ltr'><strong>τοῦ</strong></span> <span class='ocrx_word' id='word_1_663' title='bbox 954 5082 1191 5155; x_wconf 81' lang='grc' dir='ltr'>Ἰσραὴλ,</span> <span class='ocrx_word' id='word_1_664' title='bbox 1220 5081 1295 5144; x_wconf 87' lang='grc' dir='ltr'>ὼς</span> <span class='ocrx_word' id='word_1_665' title='bbox 1343 5075 1484 5131; x_wconf 81' lang='grc' dir='ltr'>εἶναι</span> <span class='ocrx_word' id='word_1_666' title='bbox 1521 5072 1581 5139; x_wconf 80' lang='grc' dir='ltr'>ἓξ</span> <span class='ocrx_word' id='word_1_667' title='bbox 1608 5071 1725 5143; x_wconf 79' lang='grc' dir='ltr'><strong>ἅμα</strong></span> <span class='ocrx_word' id='word_1_668' title='bbox 1746 5069 1855 5124; x_wconf 84' lang='grc' dir='ltr'><strong>τῶν</strong></span> 
     </span>
    </p>
   </div>
   <div class='ocr_carea' id='block_1_97' title="bbox 278 5176 1059 5253">
    <p class='ocr_par' dir='ltr' id='par_1_97' title="bbox 278 5176 1059 5253">
     <span class='ocr_line' id='line_1_97' title="bbox 278 5176 1059 5253; baseline -0.012 -16"><span class='ocrx_word' id='word_1_669' title='bbox 278 5183 493 5237; x_wconf 78' lang='grc' dir='ltr'>δώδεκα</span> <span class='ocrx_word' id='word_1_670' title='bbox 522 5180 774 5253; x_wconf 84' lang='grc' dir='ltr'>μαθητῶν</span> <span class='ocrx_word' id='word_1_671' title='bbox 804 5176 1059 5250; x_wconf 82' lang='grc' dir='ltr'>ἀριθμόν.</span> 
     </span>
    </p>
   </div>
   <div class='ocr_carea' id='block_1_98' title="bbox 282 5249 1865 5349">
    <p class='ocr_par' dir='ltr' id='par_1_98' title="bbox 282 5249 1865 5349">
     <span class='ocr_line' id='line_1_98' title="bbox 282 5249 1865 5349; baseline -0.016 -18"><span class='ocrx_word' id='word_1_672' title='bbox 282 5278 435 5349; x_wconf 84' lang='grc' dir='ltr'>Στίχ.</span> <span class='ocrx_word' id='word_1_673' title='bbox 470 5249 535 5349; x_wconf 54' lang='lat'><strong>2&quot;.</strong></span> <span class='ocrx_word' id='word_1_674' title='bbox 576 5249 999 5349; x_wconf 64' lang='lat' dir='ltr'><strong>Kalcirtexplon</strong></span> <span class='ocrx_word' id='word_1_675' title='bbox 1048 5264 1226 5349; x_wconf 64' lang='grc' dir='ltr'>Δαυζδ</span> <span class='ocrx_word' id='word_1_676' title='bbox 1255 5262 1335 5349; x_wconf 65' lang='grc' dir='ltr'>τῷ</span> <span class='ocrx_word' id='word_1_677' title='bbox 1370 5254 1662 5349; x_wconf 31' lang='lat' dir='ltr'><strong>lapsi???</strong></span> 
     </span>
    </p>
   </div>
   <div class='ocr_carea' id='block_1_99' title="bbox 354 5326 1857 5412">
    <p class='ocr_par' dir='ltr' id='par_1_99' title="bbox 354 5326 1857 5412">
     <span class='ocr_line' id='line_1_99' title="bbox 354 5326 1857 5412; baseline -0.019 -9"><span class='ocrx_word' id='word_1_678' title='bbox 354 5326 538 5412; x_wconf 43' lang='lat' dir='ltr'><strong>deria</strong></span> <span class='ocrx_word' id='word_1_679' title='bbox 783 5326 900 5395; x_wconf 55' lang='grc' dir='ltr'>ἀπὶ)</span> <span class='ocrx_word' id='word_1_680' title='bbox 938 5326 1220 5412; x_wconf 50' lang='lat' dir='ltr'><strong>riu-amor;</strong></span> <span class='ocrx_word' id='word_1_681' title='bbox 1260 5326 1649 5412; x_wconf 44' lang='lat' dir='ltr'><strong>dasqzrip‘tﬂa</strong></span> <span class='ocrx_word' id='word_1_682' title='bbox 1686 5326 1857 5412; x_wconf 58' lang='grc' dir='ltr'>ἡμεῖς</span> 
     </span>
    </p>
   </div>
   <div class='ocr_carea' id='block_1_100' title="bbox 350 5395 1855 5488">
    <p class='ocr_par' dir='ltr' id='par_1_100' title="bbox 350 5395 1855 5488">
     <span class='ocr_line' id='line_1_100' title="bbox 350 5395 1855 5488; baseline -0.011 -13"><span class='ocrx_word' id='word_1_683' title='bbox 661 5395 878 5481; x_wconf 71' lang='grc' dir='ltr'>τρίτην</span> <span class='ocrx_word' id='word_1_684' title='bbox 1181 5395 1251 5458; x_wconf 75' lang='grc' dir='ltr'><strong>ἐν</strong></span> <span class='ocrx_word' id='word_1_685' title='bbox 1270 5403 1350 5488; x_wconf 53' lang='lat' dir='ltr'><strong>et}:</strong></span> <span class='ocrx_word' id='word_1_686' title='bbox 1369 5395 1855 5488; x_wconf 51' lang='lat' dir='ltr'><strong>&#39;ééeifleitf</strong></span> 
     </span>
    </p>
   </div>
   <div class='ocr_carea' id='block_1_101' title="bbox 350 5464 1853 5556">
    <p class='ocr_par' dir='ltr' id='par_1_101' title="bbox 350 5464 1853 5556">
     <span class='ocr_line' id='line_1_101' title="bbox 350 5464 1853 5556; baseline -0.02 -12"><span class='ocrx_word' id='word_1_687' title='bbox 859 5464 1055 5556; x_wconf 52' lang='grc' dir='ltr'><strong>τττᾶᾔᾶ</strong></span> <span class='ocrx_word' id='word_1_688' title='bbox 1100 5464 1853 5556; x_wconf 38' lang='grc' dir='ltr'>τᾲηπᾳιδάρέαῄγιςισγιέζςζ.</span> 
     </span>
    </p>
   </div>
   <div class='ocr_carea' id='block_1_102' title="bbox 350 5532 1856 5625">
    <p class='ocr_par' dir='ltr' id='par_1_102' title="bbox 350 5532 1856 5625">
     <span class='ocr_line' id='line_1_102' title="bbox 350 5532 1856 5625; baseline -0.018 -10"><span class='ocrx_word' id='word_1_689' title='bbox 350 5532 478 5615; x_wconf 51' lang='lat' dir='ltr'><strong>illi</strong></span> <span class='ocrx_word' id='word_1_690' title='bbox 503 5532 816 5625; x_wconf 43' lang='lat' dir='ltr'><strong>usuram</strong></span> <span class='ocrx_word' id='word_1_691' title='bbox 846 5553 883 5617; x_wconf 64' lang='grc' dir='ltr'><strong>ἡ</strong></span> <span class='ocrx_word' id='word_1_692' title='bbox 908 5532 1062 5625; x_wconf 49' lang='lat' dir='ltr'><strong>Beat;</strong></span> <span class='ocrx_word' id='word_1_693' title='bbox 1085 5532 1559 5625; x_wconf 57' lang='grc' dir='ltr'>βέοηλοςζδιέτῖ</span> <span class='ocrx_word' id='word_1_694' title='bbox 1580 5532 1856 5608; x_wconf 56' lang='lat' dir='ltr'><strong>armami-</strong></span> 
     </span>
    </p>
   </div>
   <div class='ocr_carea' id='block_1_103' title="bbox 349 5620 1407 5697">
    <p class='ocr_par' dir='ltr' id='par_1_103' title="bbox 349 5620 1407 5697">
     <span class='ocr_line' id='line_1_103' title="bbox 349 5620 1407 5697; baseline -0.018 -12"><span class='ocrx_word' id='word_1_695' title='bbox 349 5648 522 5685; x_wconf 84' lang='grc' dir='ltr'>σεται</span> <span class='ocrx_word' id='word_1_696' title='bbox 559 5620 823 5697; x_wconf 62' lang='grc' dir='ltr'>σήμερον</span> <span class='ocrx_word' id='word_1_697' title='bbox 845 5625 941 5678; x_wconf 84' lang='grc' dir='ltr'>διὰ</span> <span class='ocrx_word' id='word_1_698' title='bbox 961 5623 1033 5675; x_wconf 82' lang='grc' dir='ltr'>τὰ</span> <span class='ocrx_word' id='word_1_699' title='bbox 1053 5620 1244 5683; x_wconf 76' lang='grc' dir='ltr'>σκεύη</span> <span class='ocrx_word' id='word_1_700' title='bbox 1268 5633 1407 5685; x_wconf 85' lang='grc' dir='ltr'>μου.</span> 
     </span>
    </p>
   </div>
   <div class='ocr_carea' id='block_1_104' title="bbox 343 5699 1851 5792">
    <p class='ocr_par' dir='ltr' id='par_1_104' title="bbox 343 5699 1851 5792">
     <span class='ocr_line' id='line_1_104' title="bbox 343 5699 1851 5792; baseline -0.019 -13"><span class='ocrx_word' id='word_1_701' title='bbox 343 5724 615 5792; x_wconf 78' lang='grc' dir='ltr'>Σήμερον</span> <span class='ocrx_word' id='word_1_702' title='bbox 636 5716 1060 5789; x_wconf 70' lang='grc' dir='ltr'>ἀγιασθήσρται</span> <span class='ocrx_word' id='word_1_703' title='bbox 1098 5711 1195 5765; x_wconf 85' lang='grc' dir='ltr'>διὰ</span> <span class='ocrx_word' id='word_1_704' title='bbox 1228 5708 1298 5761; x_wconf 85' lang='grc' dir='ltr'>τὰ</span> <span class='ocrx_word' id='word_1_705' title='bbox 1335 5705 1524 5771; x_wconf 77' lang='grc' dir='ltr'>σκεύη</span> <span class='ocrx_word' id='word_1_706' title='bbox 1552 5699 1851 5771; x_wconf 77' lang='grc' dir='ltr'>ἀσαφέστε-</span> 
     </span>
    </p>
   </div>
   <div class='ocr_carea' id='block_1_105' title="bbox 352 5810 1064 5889">
    <p class='ocr_par' dir='ltr' id='par_1_105' title="bbox 352 5810 1064 5889">
     <span class='ocr_line' id='line_1_105' title="bbox 352 5810 1064 5889; baseline -0.015 -15"><span class='ocrx_word' id='word_1_707' title='bbox 352 5822 469 5889; x_wconf 72' lang='lat'><strong>(83)</strong></span> <span class='ocrx_word' id='word_1_708' title='bbox 503 5817 733 5889; x_wconf 78' lang='lat' dir='ltr'><strong>Videtur</strong></span> <span class='ocrx_word' id='word_1_709' title='bbox 760 5820 947 5889; x_wconf 58' lang='lat' dir='ltr'><strong>deesse</strong></span> 
     </span>
    </p>
   </div>
   <div class='ocr_carea' id='block_1_106' title="bbox 348 5868 1672 5965">
    <p class='ocr_par' dir='ltr' id='par_1_106' title="bbox 348 5868 1672 5965">
     <span class='ocr_line' id='line_1_106' title="bbox 348 5868 1672 5965; baseline -0.02 -18"><span class='ocrx_word' id='word_1_710' title='bbox 348 5868 467 5965; x_wconf 58' lang='lat' dir='ltr'><strong>{sti</strong></span> <span class='ocrx_word' id='word_1_711' title='bbox 499 5868 698 5946; x_wconf 58' lang='lat' dir='ltr'><strong>caue.</strong></span> <span class='ocrx_word' id='word_1_712' title='bbox 725 5896 763 5942; x_wconf 87' lang='grc' dir='ltr'><strong>ι.</strong></span> <span class='ocrx_word' id='word_1_713' title='bbox 790 5883 900 5951; x_wconf 75' lang='lat' dir='ltr'><strong>xu,</strong></span> <span class='ocrx_word' id='word_1_714' title='bbox 927 5868 1038 5939; x_wconf 74' lang='grc' dir='ltr'>ουιξ</span> <span class='ocrx_word' id='word_1_715' title='bbox 1060 5879 1216 5946; x_wconf 74' lang='lat' dir='ltr'><strong>ton,</strong></span> <span class='ocrx_word' id='word_1_716' title='bbox 1250 5874 1415 5932; x_wconf 78' lang='lat' dir='ltr'><strong>Levit.</strong></span> <span class='ocrx_word' id='word_1_717' title='bbox 1445 5886 1594 5936; x_wconf 73' lang='lat' dir='ltr'><strong>utv,</strong></span> <span class='ocrx_word' id='word_1_718' title='bbox 1620 5868 1672 5921; x_wconf 73' lang='grc' dir='ltr'>θ.</span> 
     </span>
    </p>
   </div>
   <div class='ocr_carea' id='block_1_107' title="bbox 1953 4595 3522 4683">
    <p class='ocr_par' dir='ltr' id='par_1_107' title="bbox 1953 4595 3522 4683">
     <span class='ocr_line' id='line_1_107' title="bbox 1953 4595 3522 4683; baseline -0.022 -4"><span class='ocrx_word' id='word_1_719' title='bbox 1953 4640 2048 4679; x_wconf 77' lang='lat' dir='ltr'><strong>sex</strong></span> <span class='ocrx_word' id='word_1_720' title='bbox 2080 4635 2207 4675; x_wconf 91' lang='lat' dir='ltr'><strong>vero</strong></span> <span class='ocrx_word' id='word_1_721' title='bbox 2235 4624 2391 4672; x_wconf 86' lang='lat' dir='ltr'><strong>erant</strong></span> <span class='ocrx_word' id='word_1_722' title='bbox 2421 4620 2641 4683; x_wconf 90' lang='lat' dir='ltr'><strong>pr0pter</strong></span> <span class='ocrx_word' id='word_1_723' title='bbox 2663 4605 2947 4661; x_wconf 88' lang='lat' dir='ltr'><strong>duodecim</strong></span> <span class='ocrx_word' id='word_1_724' title='bbox 2973 4599 3166 4654; x_wconf 87' lang='lat' dir='ltr'><strong>tribus.</strong></span> <span class='ocrx_word' id='word_1_725' title='bbox 3195 4595 3337 4663; x_wconf 83' lang='lat' dir='ltr'><strong>Quid</strong></span> <span class='ocrx_word' id='word_1_726' title='bbox 3358 4595 3522 4663; x_wconf 78' lang='lat' dir='ltr'><strong>igitur</strong></span> 
     </span>
    </p>
   </div>
   <div class='ocr_carea' id='block_1_108' title="bbox 1954 4691 3525 4773">
    <p class='ocr_par' dir='ltr' id='par_1_108' title="bbox 1954 4691 3525 4773">
     <span class='ocr_line' id='line_1_108' title="bbox 1954 4691 3525 4773; baseline -0.022 0"><span class='ocrx_word' id='word_1_727' title='bbox 1954 4718 2081 4773; x_wconf 85' lang='lat' dir='ltr'><strong>hinc</strong></span> <span class='ocrx_word' id='word_1_728' title='bbox 2121 4714 2244 4768; x_wconf 92' lang='lat' dir='ltr'><strong>boni</strong></span> <span class='ocrx_word' id='word_1_729' title='bbox 2283 4701 2727 4766; x_wconf 73' lang='lat' dir='ltr'><strong>obveniebat‘iut</strong></span> <span class='ocrx_word' id='word_1_730' title='bbox 2761 4700 2937 4753; x_wconf 91' lang='lat' dir='ltr'><strong>tribus</strong></span> <span class='ocrx_word' id='word_1_731' title='bbox 2980 4691 3148 4749; x_wconf 83' lang='lat' dir='ltr'><strong>Israel</strong></span> <span class='ocrx_word' id='word_1_732' title='bbox 3190 4691 3254 4745; x_wconf 93' lang='lat' dir='ltr'><strong>ad</strong></span> <span class='ocrx_word' id='word_1_733' title='bbox 3293 4703 3525 4743; x_wconf 85' lang='lat' dir='ltr'><strong>concor-</strong></span> 
     </span>
    </p>
   </div>
   <div class='ocr_carea' id='block_1_109' title="bbox 1954 4780 3523 4875">
    <p class='ocr_par' dir='ltr' id='par_1_109' title="bbox 1954 4780 3523 4875">
     <span class='ocr_line' id='line_1_109' title="bbox 1954 4780 3523 4875; baseline -0.021 -12"><span class='ocrx_word' id='word_1_734' title='bbox 1954 4810 2096 4864; x_wconf 89' lang='lat' dir='ltr'><strong>diam</strong></span> <span class='ocrx_word' id='word_1_735' title='bbox 2136 4810 2474 4875; x_wconf 88' lang='lat' dir='ltr'><strong>aptarentur.</strong></span> <span class='ocrx_word' id='word_1_736' title='bbox 2507 4799 2579 4852; x_wconf 90' lang='lat' dir='ltr'><strong>At</strong></span> <span class='ocrx_word' id='word_1_737' title='bbox 2603 4795 2732 4866; x_wconf 90' lang='lat' dir='ltr'><strong>quid</strong></span> <span class='ocrx_word' id='word_1_738' title='bbox 2758 4787 3110 4847; x_wconf 82' lang='lat' dir='ltr'><strong>excellentius</strong></span> <span class='ocrx_word' id='word_1_739' title='bbox 3137 4780 3523 4875; x_wconf 72' lang='lat' dir='ltr'><strong>prazliguraba-</strong></span> 
     </span>
    </p>
   </div>
   <div class='ocr_carea' id='block_1_110' title="bbox 1956 4871 3521 4967">
    <p class='ocr_par' dir='ltr' id='par_1_110' title="bbox 1956 4871 3521 4967">
     <span class='ocr_line' id='line_1_110' title="bbox 1956 4871 3521 4967; baseline -0.024 -12"><span class='ocrx_word' id='word_1_740' title='bbox 1956 4901 2078 4955; x_wconf 83' lang='lat' dir='ltr'><strong>tur?</strong></span> <span class='ocrx_word' id='word_1_741' title='bbox 2100 4871 2242 4967; x_wconf 82' lang='lat' dir='ltr'><strong>quod</strong></span> <span class='ocrx_word' id='word_1_742' title='bbox 2280 4891 2421 4948; x_wconf 89' lang='lat' dir='ltr'><strong>beati</strong></span> <span class='ocrx_word' id='word_1_743' title='bbox 2460 4887 2686 4960; x_wconf 89' lang='lat' dir='ltr'><strong>apostoli</strong></span> <span class='ocrx_word' id='word_1_744' title='bbox 2733 4884 2847 4940; x_wconf 92' lang='lat' dir='ltr'><strong>bini</strong></span> <span class='ocrx_word' id='word_1_745' title='bbox 2890 4880 3236 4934; x_wconf 88' lang='lat' dir='ltr'><strong>mitterentur</strong></span> <span class='ocrx_word' id='word_1_746' title='bbox 3269 4890 3299 4927; x_wconf 92' lang='lat' dir='ltr'><strong>a</strong></span> <span class='ocrx_word' id='word_1_747' title='bbox 3330 4871 3521 4967; x_wconf 67' lang='lat' dir='ltr'><strong>Salva-</strong></span> 
     </span>
    </p>
   </div>
   <div class='ocr_carea' id='block_1_111' title="bbox 1961 4960 3523 5058">
    <p class='ocr_par' dir='ltr' id='par_1_111' title="bbox 1961 4960 3523 5058">
     <span class='ocr_line' id='line_1_111' title="bbox 1961 4960 3523 5058; baseline -0.02 -13"><span class='ocrx_word' id='word_1_748' title='bbox 1961 5001 2077 5045; x_wconf 89' lang='lat' dir='ltr'><strong>tore</strong></span> <span class='ocrx_word' id='word_1_749' title='bbox 2110 4960 2261 5058; x_wconf 76' lang='lat' dir='ltr'><strong>prius</strong></span> <span class='ocrx_word' id='word_1_750' title='bbox 2284 4981 2577 5053; x_wconf 64' lang='lat' dir='ltr'><strong>praedicare</strong></span> <span class='ocrx_word' id='word_1_751' title='bbox 2606 4978 2657 5032; x_wconf 92' lang='lat' dir='ltr'><strong>in</strong></span> <span class='ocrx_word' id='word_1_752' title='bbox 2691 4974 2941 5031; x_wconf 87' lang='lat' dir='ltr'><strong>tribubus</strong></span> <span class='ocrx_word' id='word_1_753' title='bbox 2969 4968 3154 5034; x_wconf 86' lang='lat' dir='ltr'><strong>Israel,</strong></span> <span class='ocrx_word' id='word_1_754' title='bbox 3186 4966 3258 5020; x_wconf 89' lang='lat' dir='ltr'><strong>ita</strong></span> <span class='ocrx_word' id='word_1_755' title='bbox 3291 4973 3350 5017; x_wconf 92' lang='lat' dir='ltr'><strong>ut</strong></span> <span class='ocrx_word' id='word_1_756' title='bbox 3371 4960 3523 5016; x_wconf 86' lang='lat' dir='ltr'><strong>senio</strong></span> 
     </span>
    </p>
   </div>
   <div class='ocr_carea' id='block_1_112' title="bbox 1959 5069 2826 5144">
    <p class='ocr_par' dir='ltr' id='par_1_112' title="bbox 1959 5069 2826 5144">
     <span class='ocr_line' id='line_1_112' title="bbox 1959 5069 2826 5144; baseline -0.021 -2"><span class='ocrx_word' id='word_1_757' title='bbox 1959 5087 2113 5141; x_wconf 81' lang='lat' dir='ltr'><strong>ﬁeret</strong></span> <span class='ocrx_word' id='word_1_758' title='bbox 2134 5097 2201 5137; x_wconf 81' lang='lat' dir='ltr'><strong>ex</strong></span> <span class='ocrx_word' id='word_1_759' title='bbox 2230 5076 2518 5135; x_wconf 88' lang='lat' dir='ltr'><strong>duodecim</strong></span> <span class='ocrx_word' id='word_1_760' title='bbox 2545 5069 2826 5144; x_wconf 90' lang='lat' dir='ltr'><strong>apostolis.</strong></span> 
     </span>
    </p>
   </div>
   <div class='ocr_carea' id='block_1_113' title="bbox 1963 5216 3522 5309">
    <p class='ocr_par' dir='ltr' id='par_1_113' title="bbox 1963 5216 3522 5309">
     <span class='ocr_line' id='line_1_113' title="bbox 1963 5216 3522 5309; baseline -0.022 -6"><span class='ocrx_word' id='word_1_761' title='bbox 1963 5247 2027 5302; x_wconf 62' lang='grc' dir='ltr'>Ὗ.</span> <span class='ocrx_word' id='word_1_762' title='bbox 2060 5247 2113 5303; x_wconf 83' lang='lat'><strong>5.</strong></span> <span class='ocrx_word' id='word_1_763' title='bbox 2151 5245 2217 5299; x_wconf 82' lang='lat' dir='ltr'><strong>Et</strong></span> <span class='ocrx_word' id='word_1_764' title='bbox 2262 5239 2527 5309; x_wconf 74' lang='lat' dir='ltr'><strong>respondit</strong></span> <span class='ocrx_word' id='word_1_765' title='bbox 2558 5235 2729 5309; x_wconf 83' lang='lat' dir='ltr'><strong>David</strong></span> <span class='ocrx_word' id='word_1_766' title='bbox 2758 5228 3042 5309; x_wconf 65' lang='lat' dir='ltr'><strong>sacerdoti,</strong></span> <span class='ocrx_word' id='word_1_767' title='bbox 3092 5233 3144 5309; x_wconf 72' lang='lat' dir='ltr'><strong>et</strong></span> <span class='ocrx_word' id='word_1_768' title='bbox 3184 5216 3522 5309; x_wconf 40' lang='grc' dir='ltr'><strong>ρει-ἰξίῖῇ</strong></span> 
     </span>
    </p>
   </div>
   <div class='ocr_carea' id='block_1_114' title="bbox 2035 5297 3524 5373">
    <p class='ocr_par' dir='ltr' id='par_1_114' title="bbox 2035 5297 3524 5373">
     <span class='ocr_line' id='line_1_114' title="bbox 2035 5297 3524 5373; baseline -0.022 -1"><span class='ocrx_word' id='word_1_769' title='bbox 2035 5297 2189 5373; x_wconf 56' lang='lat' dir='ltr'><strong>enini</strong></span> <span class='ocrx_word' id='word_1_770' title='bbox 2218 5333 2251 5369; x_wconf 92' lang='lat' dir='ltr'><strong>a</strong></span> <span class='ocrx_word' id='word_1_771' title='bbox 2299 5297 2516 5365; x_wconf 63' lang='lat' dir='ltr'><strong>muliere</strong></span> <span class='ocrx_word' id='word_1_772' title='bbox 2560 5304 2904 5360; x_wconf 73' lang='lat' dir='ltr'><strong>abstinuimus</strong></span> <span class='ocrx_word' id='word_1_773' title='bbox 2941 5299 3040 5373; x_wconf 69' lang='lat' dir='ltr'><strong>ipsi</strong></span> <span class='ocrx_word' id='word_1_774' title='bbox 3086 5297 3198 5348; x_wconf 84' lang='lat' dir='ltr'><strong>heri</strong></span> <span class='ocrx_word' id='word_1_775' title='bbox 3240 5302 3287 5343; x_wconf 85' lang='lat' dir='ltr'><strong>et</strong></span> <span class='ocrx_word' id='word_1_776' title='bbox 3317 5297 3524 5373; x_wconf 60' lang='lat' dir='ltr'><strong>tertiani</strong></span> 
     </span>
    </p>
   </div>
   <div class='ocr_carea' id='block_1_115' title="bbox 2027 5371 3524 5450">
    <p class='ocr_par' dir='ltr' id='par_1_115' title="bbox 2027 5371 3524 5450">
     <span class='ocr_line' id='line_1_115' title="bbox 2027 5371 3524 5450; baseline -0.021 -8"><span class='ocrx_word' id='word_1_777' title='bbox 2027 5371 2166 5442; x_wconf 80' lang='lat' dir='ltr'><strong>diem</strong></span> <span class='ocrx_word' id='word_1_778' title='bbox 2188 5402 2208 5440; x_wconf 90' lang='lat'><strong><em>:</em></strong></span> <span class='ocrx_word' id='word_1_779' title='bbox 2238 5376 2651 5450; x_wconf 20' lang='lat' dir='ltr'><strong>dumiegrederer</strong></span> <span class='ocrx_word' id='word_1_780' title='bbox 2671 5378 2728 5450; x_wconf 75' lang='lat' dir='ltr'><strong>in</strong></span> <span class='ocrx_word' id='word_1_781' title='bbox 2748 5374 2921 5450; x_wconf 33' lang='lat' dir='ltr'><strong>viam,“</strong></span> <span class='ocrx_word' id='word_1_782' title='bbox 2941 5371 3149 5426; x_wconf 77' lang='lat' dir='ltr'><strong>fuerunt</strong></span> <span class='ocrx_word' id='word_1_783' title='bbox 3174 5377 3348 5450; x_wconf 71' lang='lat' dir='ltr'><strong>omnes</strong></span> <span class='ocrx_word' id='word_1_784' title='bbox 3372 5372 3524 5450; x_wconf 50' lang='lat' dir='ltr'><strong>pueri</strong></span> 
     </span>
    </p>
   </div>
   <div class='ocr_carea' id='block_1_116' title="bbox 2028 5441 3525 5529">
    <p class='ocr_par' dir='ltr' id='par_1_116' title="bbox 2028 5441 3525 5529">
     <span class='ocr_line' id='line_1_116' title="bbox 2028 5441 3525 5529; baseline -0.021 -17"><span class='ocrx_word' id='word_1_785' title='bbox 2028 5441 2318 5529; x_wconf 77' lang='lat' dir='ltr'><strong>puriﬁcati.</strong></span> <span class='ocrx_word' id='word_1_786' title='bbox 2354 5441 2435 5529; x_wconf 80' lang='grc' dir='ltr'><strong>Εἴ</strong></span> <span class='ocrx_word' id='word_1_787' title='bbox 2466 5448 2651 5529; x_wconf 69' lang='lat' dir='ltr'><strong>isthwc</strong></span> <span class='ocrx_word' id='word_1_788' title='bbox 2685 5446 2766 5498; x_wconf 78' lang='lat' dir='ltr'><strong>via</strong></span> <span class='ocrx_word' id='word_1_789' title='bbox 2798 5441 3045 5509; x_wconf 74' lang='lat' dir='ltr'><strong>profano,</strong></span> <span class='ocrx_word' id='word_1_790' title='bbox 3084 5442 3359 5504; x_wconf 84' lang='lat' dir='ltr'><strong>propterea</strong></span> <span class='ocrx_word' id='word_1_791' title='bbox 3396 5444 3525 5482; x_wconf 76' lang='lat' dir='ltr'><strong>san-</strong></span> 
     </span>
    </p>
   </div>
   <div class='ocr_carea' id='block_1_117' title="bbox 2032 5523 2965 5599">
    <p class='ocr_par' dir='ltr' id='par_1_117' title="bbox 2032 5523 2965 5599">
     <span class='ocr_line' id='line_1_117' title="bbox 2032 5523 2965 5599; baseline -0.023 -16"><span class='ocrx_word' id='word_1_792' title='bbox 2032 5523 2345 5599; x_wconf 73' lang='lat' dir='ltr'><strong>cti/imbitur</strong></span> <span class='ocrx_word' id='word_1_793' title='bbox 2373 5523 2527 5574; x_wconf 79' lang='lat' dir='ltr'><strong>hodie</strong></span> <span class='ocrx_word' id='word_1_794' title='bbox 2555 5532 2647 5586; x_wconf 88' lang='lat' dir='ltr'><strong>per</strong></span> <span class='ocrx_word' id='word_1_795' title='bbox 2673 5530 2797 5568; x_wconf 78' lang='lat' dir='ltr'><strong>vasa</strong></span> <span class='ocrx_word' id='word_1_796' title='bbox 2830 5526 2965 5565; x_wconf 88' lang='lat' dir='ltr'><strong>mea.</strong></span> 
     </span>
    </p>
   </div>
   <div class='ocr_carea' id='block_1_118' title="bbox 2036 5652 3518 5740">
    <p class='ocr_par' dir='ltr' id='par_1_118' title="bbox 2036 5652 3518 5740">
     <span class='ocr_line' id='line_1_118' title="bbox 2036 5652 3518 5740; baseline -0.022 -1"><span class='ocrx_word' id='word_1_797' title='bbox 2036 5686 2204 5739; x_wconf 84' lang='lat' dir='ltr'><strong>Hodie</strong></span> <span class='ocrx_word' id='word_1_798' title='bbox 2250 5672 2667 5740; x_wconf 75' lang='lat' dir='ltr'><strong>sancti/imbitur</strong></span> <span class='ocrx_word' id='word_1_799' title='bbox 2692 5684 2799 5739; x_wconf 85' lang='lat' dir='ltr'><strong>Iper</strong></span> <span class='ocrx_word' id='word_1_800' title='bbox 2837 5681 2963 5720; x_wconf 77' lang='lat' dir='ltr'><strong>vasa</strong></span> <span class='ocrx_word' id='word_1_801' title='bbox 2998 5660 3273 5730; x_wconf 84' lang='lat' dir='ltr'><strong>aliquanto</strong></span> <span class='ocrx_word' id='word_1_802' title='bbox 3306 5652 3518 5724; x_wconf 82' lang='lat' dir='ltr'><strong>quidem</strong></span> 
     </span>
    </p>
   </div>
   <div class='ocr_carea' id='block_1_119' title="bbox 2033 5746 3499 5853">
    <p class='ocr_par' dir='ltr' id='par_1_119' title="bbox 2033 5746 3499 5853">
     <span class='ocr_line' id='line_1_119' title="bbox 2033 5746 3499 5853; baseline -0.025 -15"><span class='ocrx_word' id='word_1_803' title='bbox 2033 5784 2145 5853; x_wconf 74' lang='lat'><strong>(85)</strong></span> <span class='ocrx_word' id='word_1_804' title='bbox 2178 5778 2276 5853; x_wconf 69' lang='lat' dir='ltr'><strong>Ms.</strong></span> <span class='ocrx_word' id='word_1_805' title='bbox 2314 5791 2476 5846; x_wconf 85' lang='grc' dir='ltr'>αυτη,</span> <span class='ocrx_word' id='word_1_806' title='bbox 2507 5769 2656 5826; x_wconf 90' lang='lat' dir='ltr'><strong>nullo</strong></span> <span class='ocrx_word' id='word_1_807' title='bbox 2691 5762 2879 5836; x_wconf 87' lang='lat' dir='ltr'><strong>spiritu</strong></span> <span class='ocrx_word' id='word_1_808' title='bbox 2932 5768 3026 5815; x_wconf 88' lang='lat' dir='ltr'><strong>aut</strong></span> <span class='ocrx_word' id='word_1_809' title='bbox 3076 5761 3325 5812; x_wconf 87' lang='lat' dir='ltr'><strong>accentu.</strong></span> <span class='ocrx_word' id='word_1_810' title='bbox 3385 5746 3499 5805; x_wconf 84' lang='lat' dir='ltr'><strong>Cod</strong></span> 
     </span>
    </p>
   </div>
   <div class='ocr_carea' id='block_1_120' title="bbox 1958 5850 2307 5919">
    <p class='ocr_par' dir='ltr' id='par_1_120' title="bbox 1958 5850 2307 5919">
     <span class='ocr_line' id='line_1_120' title="bbox 1958 5850 2307 5919; baseline -0.037 -7"><span class='ocrx_word' id='word_1_811' title='bbox 1958 5850 2110 5912; x_wconf 77' lang='lat' dir='ltr'><strong>Alex.</strong></span> <span class='ocrx_word' id='word_1_812' title='bbox 2151 5850 2307 5919; x_wconf 76' lang='grc' dir='ltr'>αὐτή.</span> 
     </span>
    </p>
   </div>
  </div>
