3878 6212
325 331 391 380 4⁵1
1213 322 1774 382 SUPPLEMENTUM
1808 325 1899 380 AD
1932 323 2258 383 ORIGENIS
2290 322 2697 379 EXEGETICA.
3503 326 3573 383 48

323 444 556 500 obscure
581 443 737 509 dixit,
766 444 868 501 hoc
894 451 1075 501 tamen
1116 446 1221 503 sibi
1259 450 1414 504 vult:
1447 448 1607 504 Pueri
1642 449 1745 504 mei
1770 464 1892 504 san-

2016 464 2093 501 ιον
2128 448 2224 519 μὲν
2254 444 2395 511 εἷπε,
2422 446 2677 518 σημαίνει
2704 444 2762 500 δέ
2791 443 2969 499 τοῦτο’
3000 444 3081 499 Τὰ
3115 445 3215 517 μὲν
3244 445 3432 500 παιδία
3468 464 3573 518 μου

323 536 545 591 ctilicati
576 547 722 605 sunt,
748 547 802 593 et
841 539 1225 595 abstinuerunt
1257 542 1324 596 ab
1349 557 1517 598 uxore
1546 542 1663 598 lteri
1699 552 1757 598 et
1789 558 1895 596 nu-

324 627 663 683 diustertius.
695 628 810 685 Hoc
834 632 978 687 enim
1004 642 1087 688 est
1122 633 1326 690 dixisse
1353 649 1502 699 eum,
1530 646 1580 691 et
1619 636 1766 707 pueri
1795 651 1896 701 pu-

324 720 541 789 riﬁcau'.
587 722 739 789 Quod
777 724 823 779 si
857 725 1096 791 omnino
1134 740 1241 780 non
1283 725 1542 792 fuissent,
1586 726 1898 783 sanctiﬁca-

325 808 523 863 buntur
546 825 643 881 per
682 827 834 868 esum
856 815 1013 884 panis
1038 816 1447 885 propositionis.
1480 818 1780 875 Persuasus
1805 834 1895 875 sa-

324 899 520 955 cerdos
546 901 727 967 dictis,
764 904 855 959 dat
878 904 1067 960 Davidi
1098 922 1287 977 panes,
1311 922 1449 978 quos
1474 923 1580 965 non
1613 910 1897 980 oportebat

324 990 463 1045 alios
489 1006 752 1058 comesse,
794 1010 957 1065 quam
989 996 1134 1052 solos
1173 999 1510 1055 sacerdotes.
1557 998 1673 1055 Hoc
1708 1008 1892 1055 autem

325 1083 392 1139 ad
425 1086 765 1153 prophetiam
796 1088 1057 1157 pertinet,
1091 1104 1212 1159 quae
1258 1088 1416 1145 lactis
1444 1090 1720 1159 declarat,
1750 1093 1895 1163 quod

322 1177 638 1249 aliquando,
684 1194 790 1234 non
836 1178 938 1233 alia
994 1183 1295 1236 exsistente
1336 1182 1481 1253 regia
1527 1184 1706 1253 tribu,
1733 1185 1786 1241 id
1811 1196 1895 1242 est

321 1266 496 1334 Judae,
527 1278 582 1326 et
621 1270 724 1325 alia
777 1270 924 1325 tribu
968 1271 1314 1336 sacerdotali,
1354 1272 1593 1329 Levitica
1626 1275 1893 1347 inquam;

321 1362 571 1417 uniendae
601 1370 779 1427 erant,
809 1374 865 1416 et
898 1376 1061 1417 unum
1095 1365 1223 1435 quid
1261 1365 1613 1433 coniecturae,
1648 1369 1899 1425 sacerdo-

325 1454 485 1507 talem
510 1470 703 1524 nempe
730 1455 1049 1525 dignitatem
1100 1466 1156 1511 et
1194 1460 1435 1528 regiam,
1468 1459 1521 1513 in
1559 1459 1791 1515 adventu
1827 1476 1894 1516 ex

324 1546 493 1601 David
535 1546 833 1602 Salvatoris
862 1546 1054 1611 nostri,
1095 1550 1392 1605 sacerdotis
1422 1552 1585 1607 simul
1619 1561 1674 1608 et
1716 1554 1893 1623 regis,

324 1637 417 1707 qui
464 1638 676 1691 futurus
715 1646 836 1692 erat
878 1638 1175 1693 secundum
1214 1641 1466 1696 ordinem
1514 1642 1892 1701 Melchisedec.

1995 541 2251 612 ἡγίασται
2277 541 2373 593 καὶ
2402 539 2706 610 ἀπέσχηται
2728 536 2985 607 γυναικὸς
3012 537 3106 589 καὶ
3119 536 3245 607 χθὲς
3265 537 3359 590 καὶ
3384 536 3575 606 τρίτην

1995 633 2231 704 ἡμέραν.
2271 630 2442 685 Τοῦτο
2483 629 2613 702 γὰρ,
2666 628 2832 698 φάναι
2876 627 3056 682 αὐτόν’
3107 627 3214 681 Kal
3268 627 3340 680 τὰ
3370 625 3579 679 παιδία

1996 723 2353 795 ἡγνισμένα.
2396 724 2461 777 Εἰ
2493 722 2551 775 δέ
2577 722 2678 775 οὐκ
2709 716 2779 793 ἦν
2812 720 3051 786 πάντως,
3079 720 3337 791 ήγιὰζετο
3357 719 3445 773 διὰ
3480 719 3577 772 τοῦ

1996 815 2195 884 φαγεῖν
2225 813 2318 866 τὸν
2348 811 2511 885 ἄρτον
2540 811 2640 882 τῆς
2684 809 3018 883 προθέσεως.
3062 809 3313 873 Πεισθεὶς
3338 811 3367 862 ὁ
3399 811 3577 881 ἱερεὺς

1993 908 2106 969 τοῖς
2137 904 2466 977 εἰρημένοις,
2512 903 2695 958 δίδωσι
2736 904 2814 976 τῷ
2857 901 3020 957 Δαυῒδ
3058 904 3185 966 τοὺς
3216 903 3435 974 ἄρτους,
3481 901 3577 965 οὓς

1993 994 2096 1048 οὐκ
2140 996 2307 1066 ἐχρῆν
2362 994 2581 1067 ἐτέρους
2632 996 2847 1064 φαγεῖν,
2891 994 2926 1065 ἢ
2983 993 3178 1065 μόνους
3204 994 3333 1057 τοὺς
3370 992 3568 1064 ἱερέας.

1995 1086 2168 1142 Τοῦτο
2199 1087 2257 1140 δὲ
2296 1086 2396 1157 τῆς
2434 1085 2773 1160 προφητείας
2798 1085 2938 1151 ἐστὶ,
2971 1085 3070 1157 τῆς
3087 1084 3154 1138 δι’
3177 1083 3353 1156 ἔργων
3380 1083 3574 1156 δηλού-

2000 1196 2119 1251 σης,
2140 1179 2222 1232 ἇτι
2250 1179 2326 1251 μή
2354 1195 2508 1243 ποτε,
2537 1178 2705 1249 ἄλλης
2731 1175 2897 1249 οὔσης
2926 1177 3025 1247 τῆς
3059 1176 3345 1248 βασιλικῆς
3378 1176 3575 1247 φυλῆς,

1994 1268 2239 1323 τουτέστι
2274 1270 2373 1339 τῆς
2403 1269 2595 1336 Ἰούδα,
2629 1270 2725 1324 καὶ
2741 1269 2907 1341 ἄλλης
2936 1270 3038 1340 τῆς
3070 1270 3350 1343 ἱερατικῆς
3381 1272 3576 1344 φυλῆς,

1995 1354 2137 1424 λέγω
2186 1355 2250 1427 δὴ
2299 1357 2612 1429 Λευιτικῆς,
2672 1357 2895 1430 ἔμελλον
2944 1359 3331 1427 συνάπτεσθαι,
3380 1361 3477 1415 καὶ
3513 1362 3575 1417 ἐν

1996 1447 2396 1515 ἀποτελεῖσθαι,
2424 1449 2487 1503 τό
2512 1467 2573 1503 τε
2605 1450 2877 1523 ἱερατικὸν
2910 1450 3131 1523 ἀξίωμα
3164 1453 3259 1507 καὶ
3283 1452 3345 1507 τὸ
3376 1454 3488 1526 (87)
3515 1457 3576 1509 ἐν

1998 1540 2065 1611 τῇ
2100 1540 2373 1614 παρουσίᾳ
2402 1540 2497 1595 τοῦ
2531 1543 2595 1595 ἐκ
2623 1541 2787 1597 Δαυῒδ
2821 1543 3072 1615 Σωτῆρος
3104 1545 3260 1616 ἡμῶν
3294 1545 3483 1618 ἱερέως
3513 1564 3576 1600 τε

2000 1629 2137 1702 ὁμοῦ
2166 1631 2260 1685 καὶ
2289 1632 2570 1703 βασιλέως,
2595 1634 2690 1688 τοῦ
2728 1635 2870 1689 κατὰ
2893 1636 2993 1709 τὴν
3020 1637 3173 1705 τάξιν
3218 1638 3572 1709 Μελχισεδέκ.

322 1730 390 1785 ν.
416 1730 482 1807 ,7.
526 1728 592 1783 Et
738 1741 850 1785 erat
878 1749 1031 1807 unus
1049 1749 1355 1807 puerorum_
1373 1734 1556 1807 Saulis
1592 1737 1648 1789 in
1674 1738 1758 1791 die
1789 1738 1885 1792 illa

2016 1723 2151 1807 Eelx.
2186 1723 2252 1805 C';
2289 1725 2405 1807 Ifal
2424 1726 2549 1807 exs}
2665 1726 2734 1783 ἐν
2757 1727 2878 1782 τῶν
2900 1729 3355 1807 παιδαρίων-τοῦ
3374 1732 3578 1807 Σαοὺλ

391 1801 628 1875 detentus
660 1794 1290 1875 Neessaranl(86)‘coram
1314 1803 1565 1873 Domino,
1585 1807 1671 1859 cui
1700 1822 1886 1863 nomen

2151 1794 2252 1875 ,τῇ
2292 1794 2491 1875 ἡμέρᾳ.
2505 1794 2628 1850 ἐκέί

389 1881 503 1925 erat
531 1872 694 1925 Doec.

390 1960 625 2017 Neessar
652 1962 849 2028 innuit,
878 1964 965 2019 vel
992 1964 1138 2035 quod
1167 1972 1391 2037 propter
1419 1974 1640 2033 peccata
1672 1981 1891 2037 perma-

321 2053 484 2109 nebat
533 2051 676 2108 Doec
740 2054 1005 2111 ldmnaeus
1050 2071 1233 2112 coram
1267 2058 1496 2114 Domino
1538 2073 1805 2115 venerans
1836 2070 1893 2117 et

320 2141 627 2210 conﬁtens;
674 2143 760 2199 vel
806 2145 1170 2203 dannoniacus
1212 2156 1273 2203 ut
1314 2146 1482 2219 Saul,
1514 2149 1675 2221 cujus
1715 2152 1893 2209 mulas

320 2236 603 2303 pascebat.

932 2329 1084 2385 CAP.
1115 2330 1282 2388 XXV.

319 2410 513 2492 'V._22.
542 2411 850 2492 llmcrfaciat
875 2414 1015 2492 Deus
1037 2420 1293 2489 (inimicis
1322 2420 1806 2492 Davidis)Davidi;
1842 2436 1892 2481 et

385 2482 501 2565 [iure
535 2485 696 2565 addat
720 2523 736 2547 ,
780 2486 825 2537 si
870 2482 1162 2565 relinquam
1202 2506 1266 2544 ea:
1305 2482 1555 2546 omnibus,
1585 2511 1702 2565 qua:
1738 2482 1891 2552 habet

388 2550 589 2674 N'alral,
632 2570 796 2624 usque
836 2555 906 2609 ad
940 2550 1282 2626 matutinum,
1326 2550 1638 2632 mingenteiu
1679 2567 1749 2619 ad
1791 2550 1891 2637 pa;

401 2639 478 2674 rte
504 2639 604 2674 ent.

401 2639 604 2677 necem.

388 2711 563 2769 Nemo
591 2716 783 2787 mingit
814 2727 1001 2785 stans,
1032 2720 1324 2792 etquidem
1355 2722 1423 2778 ad
1459 2724 1723 2795 parietem
1744 2767 1761 2793 ,
1790 2729 1892 2784 nisi

313 2804 371 2859 ei
407 2815 581 2861 vacet.
613 2807 760 2862 Istud
788 2824 919 2881 ergo
956 2812 1123 2868 dicit:
1164 2815 1327 2868 etiam
1363 2816 1698 2874 incuriosum
1731 2820 1896 2876 nihil-

321 2911 430 2965 que
460 2907 868 2967 exspectantem
899 2904 1031 2971 pati,
1067 2903 1112 2958 si
1141 2901 1366 2961 Nabalis
1386 2904 1573 2963 fuerit.

890 2992 1045 3049 CAP.
1085 2994 1321 3052 XXVIII.

322 3079 389 3142 Υ,
416 3081 504 3137 ll.
536 3079 604 3138 Et
630 3084 706 3138 ait
735 3085 921 3140 mulier
956 3086 1112 3141 Sauli
1137 3102 1154 3140 :
1185 3088 1351 3155 Quem
1378 3092 1629 3149 reducam
1661 3094 1802 3151 tibi?
1827 3094 1892 3151 Et

693 3156 769 3208 ait
800 3171 819 3210 :
852 3154 1148 3212 Samuelem
1182 3160 1341 3215 reduc
1363 3163 1511 3217 mihi.

2016 3081 2144 3168 Στίχ.
2183 3088 2270 3136 ια’.
2310 3081 2421 3137 Καὶ
2449 3079 2619 3138 εἶπεν
2647 3086 2685 3155 ἡ
2718 3087 2868 3156 γυνὴ
2898 3088 2979 3154 τῷ
3263 3091 3399 3175 1‘qu
3430 3092 3514 3147 ἀνι

2035 3170 2193 3224 ταγω
2219 3170 2315 3208 σοι
2329 3169 2348 3218 ;
2364 3155 2472 3208 Kal
2501 3152 2651 3210 εἴσιδ’
2695 3157 2804 3211 Τὸν
2831 3162 3114 3237 Σαμουηλ
3139 3161 3402 3235 ἀνάγκη-ε
3421 3181 3514 3235 μοι

2329 3195 2344 3218 ,
2364 3192 2472 3208 ιιωι
2501 3192 2629 3210 ῡιυυῠ
2695 3192 2791 3211 ιυι
2831 3192 3114 3234 εαξιυυιιθι
3139 3192 3402 3234 ιυιιίυγε
3421 3192 3537 3234 μοι.

693 3156 769 3208 ait
800 3171 819 3210 :
852 3154 1148 3212 Samuelem
1182 3154 1341 3215 reduc
1363 3163 1511 3217 mihi.

359 3240 426 3298 V.
466 3243 557 3299 l2.
592 3241 660 3299 Et
693 3245 823 3299 vidit
855 3246 1044 3301 mulier
1076 3247 1410 3317 Samuelem,
1445 3262 1494 3307 et
1523 3253 1855 3313 exrlamat'it.

394 3396 748 3471 Ventriloqua
769 3400 1076 3458 Samuelem
1100 3417 1207 3459 non
1238 3404 1486 3466 evocavit
1520 3434 1531 3468 :
1555 3390 1896 3481 impossibile

320 3488 465 3543 enim
502 3499 651 3553 erat,
682 3505 783 3546 nec
821 3492 911 3561 qui
949 3493 1196 3548 ascendit
1224 3494 1507 3555 veritatem
1555 3502 1717 3557 dixit.
1758 3502 1894 3570 Quis

322 3590 505 3635 autem
536 3581 583 3636 is
615 3580 812 3649 fuerit,
841 3593 897 3640 et
924 3598 1020 3653 per
1058 3599 1222 3655 quam
1264 3593 1523 3649 virtutem
1554 3594 1893 3663 ascenderit,

322 3686 529 3747 quare.

2762 1800 3169 1871 συνεχόμενος
3222 1800 3579 1871 Νεεσσαρὰν

2060 1862 2314 1919 ἐνώπιον
2332 1862 2585 1934 Χύρίου,
2607 1862 2705 1921 κάὶ
2740 1862 2928 1939 ὄνομά
2936 1862 3113 1936 ἀὒτῷ
3131 1862 3318 1941 Ᾰωήκ.

2061 1953 2166 2007 Τὸν
2190 1954 2443 2028 Νεεσσὰρ
2473 1956 2646 2027 δηλοῖ,
2689 1957 2723 2029 ἢ
2766 1958 2848 2012 ὅτι
2892 1958 2960 2012 δι’
2987 1961 3262 2032 ἁμαρτίας
3290 1961 3565 2034 παρέμενε

1994 2043 2155 2113 Δωὴκ
2184 2044 2295 2115 (88)
2317 2047 2347 2099 ὁ
2390 2046 2688 2117 Ἰδουμαῖος
2717 2046 2945 2101 ἐνώπιον
2967 2050 3172 2123 Κυρίου
3205 2050 3572 2124 θεραπευόμε-

1994 2150 2084 2198 νος
2120 2135 2217 2189 καὶ
2256 2136 2706 2209 ὁμολογούμενος·
2741 2140 2776 2213 ἢ
2814 2140 3086 2211 δαιμονῶν
3122 2141 3248 2207 ὡςὸ
3280 2144 3476 2211 Σαοὺλ,
3507 2138 3575 2201 οὗ

1992 2227 2094 2293 τὰς
2120 2229 2377 2301 ἡμιόνους
2409 2230 2657 2287 έὸοσκεν.

2630 2323 2789 2377 ΚΕΦ.
2807 2324 2936 2379 ΚΕ’.

1993 2409 2143 2494 Στίχ.
2326 2410 2482 2494 Ides
2510 2413 2761 2494 Ξοιήσᾳι
2807 2420 2856 2494 ξ
2888 2415 3072 2490 Θεὸς(
3086 2416 3203 2491 [89]
3218 2422 3331 2485 τοῖς
3360 2421 3576 2494 ἐχθροῖς

2064 2480 2246 2558 ᾼαυῒδ)
2280 2481 2358 2558 τῷ
2386 2485 2585 2558 Δᾳυΐδ·
2620 2484 2721 2558 καί
2750 2486 2889 2558 τάδε
2915 2480 3224 2558 πρὸάὸείἠ,
3253 2480 3580 2547 είύεἶοξιείξ

2062 2552 2251 2633 all-oga:
2278 2552 2347 2606 ἐκ
2381 2553 2622 2635 παντων
2651 2554 2770 2609 τῶν
2800 2557 2906 2612 τοῦ
2930 2552 3135 2614 Νάϐαλ
3159 2552 3272 2629 ἕως
3299 2564 3448 2631 πρωϊ
3472 2566 3579 2619 οὐ·

2056 2622 2288 2690 ροῦντα
2325 2622 2476 2691 πρὸς
2496 2624 2718 2694 τοῖχον.

2068 2714 2183 2767 Οὐκ
2210 2714 2362 2786 οὕρεῖ
2389 2733 2474 2780 τις
2496 2716 2687 2781 ἑστὼς,
2721 2717 2817 2772 καὶ
2871 2718 3030 2774 τοῦτο
3074 2720 3214 2794 πρὸς
3244 2725 3445 2794 τοῖχον,
3476 2725 3580 2781 ἐὰν

2001 2804 2077 2877 μὴ
2107 2805 2451 2877 σχολάζηται.
2479 2805 2648 2859 Τοῦτο
2677 2802 2769 2862 οὖν
2801 2808 2968 2878 λέγει’
3004 2811 3097 2864 καὶ
3129 2812 3220 2865 τὸν
3249 2813 3576 2885 ἀμέριμνον,

1995 2898 2093 2952 καὶ
2126 2897 2290 2970 μηδὲν
2316 2899 2699 2972 προσδοκῶντα
2722 2901 2936 2967 παθεῖν,
2962 2903 3057 2957 ἐὰν
3130 2905 3222 2958 τοῦ
3254 2906 3463 2961 Νάὸαλ.

2631 2995 2790 3048 ΚΕΦ.
2815 2996 2953 3051 ΚΗ’.

2183 3088 2270 3136 ια’.
2310 3081 2421 3137 Καὶ
2449 3078 2619 3156 εἶξεν
2647 3086 2685 3155 ἡ
2718 3087 2868 3156 γυνὴ
2898 3088 2979 3154 τῷ
3010 3092 3227 3145 Σαούλο
3263 3091 3398 3144 Τίνα
3430 3092 3579 3147 ἁνα-

2001 3247 2149 3324 Στίχ.
2186 3247 2272 3307 ιδ’.
2318 3248 2428 3309 Kal
2472 3245 2705 3333 εἶδενςῆ
2742 3256 2896 3333 ’ξυνὴ
2940 3258 3048 3311 τὸν
3071 3259 3269 3314 Σαοὺλ
3300 3260 3433 3333 (90),
3471 3262 3575 3315 καὶ

2629 3326 2945 3395 ἀνεϐόησε.

2082 3414 2150 3468 Ἦ
2202 3415 2634 3488 ἐγγαστρίμυθος
2678 3419 2770 3473 τὸν
2818 3420 3066 3493 Σαμουὴλ
3115 3422 3216 3476 οὑκ
3271 3423 3573 3496 ἀνήγαγενο

2001 3506 2281 3577 ἀμήχανον
2298 3508 2428 3579 γὰρ,
2448 3509 2567 3563 οὐδὲ
2583 3509 2657 3583 [ὁ]
2676 3511 2879 3576 ἀναϐὰς
2902 3513 3157 3585 ἀλήθειαν
3180 3515 3387 3587 εἴρηκε.
3410 3518 3503 3581 Τίς
3514 3517 3577 3571 δὲ

2002 3588 2177 3664 οὗτος,
2214 3598 2310 3653 καὶ
2338 3598 2427 3653 διὰ
2448 3600 2609 3666 ποίας
2637 3602 2918 3674 δυνάμεως
2938 3604 3128 3676 ἀνέϐη,
3154 3606 3325 3676 ζήτει.

1375 3975 1985 4063 ΩΡΙΓΕΝΟΥΣ
2022 3976 2510 4068 ΕΚΛΟΓΑΙ

1299 4156 1412 4210 ΕΙΣ
1454 4155 1600 4210 ΤΗΝ
1642 4154 2005 4213 ΔΕΥΤΕΡΑΝ
2053 4158 2189 4214 ΤΩΝ
2232 4159 2615 4218 ΒΑΣΙΛΕΙΩΝ.

444 4436 1023 4534 ORIGENIS
1092 4437 2026 4536 ADNOTATIONES
2098 4444 2224 4537 IN
2300 4448 2761 4543 LIBRUM
2846 4452 2936 4544 II
3018 4455 3467 4549 REGUM.

1544 4634 1639 4699 (Ex
1664 4632 1970 4685 Bibliotheca
1990 4635 2353 4702 Gallandiana.)
2438 4642 2445 4651 '

973 4922 1126 4978 CAP.
1164 4924 1230 4980 V.

323 5011 478 5087 V._6.
518 5010 746 5087 Etalgiit
782 5012 976 5077 David,
1010 5024 1057 5067 et
1082 5032 1265 5087 omnes
1287 5017 1389 5072 viri
1416 5018 1554 5087 ejus,
1587 5018 1641 5071 in
1670 5017 1892 5074 Ierusa-

391 5082 492 5135 lem
534 5083 605 5135 ad
646 5082 949 5137 Jebuswum
1002 5085 1320 5140 habitantem
1372 5082 1563 5141 terram
1605 5089 1775 5143 illam.
1825 5090 1893 5143 Et

391 5154 590 5231 dictum
620 5163 697 5205 est
729 5152 965 5231 Davidi:
995 5152 1117 5231 Non
1145 5156 1456 5226 ingrediaris
1481 5158 1584 5213 huc
1603 5198 1620 5225 ,
1654 5176 1781 5231 quia
1813 5176 1895 5214 re-

391 5221 638 5276 stiterunt
659 5224 783 5277 cwci
802 5232 850 5278 et
884 5224 1088 5280 claudi.

388 5379 686 5437 Obsidebat
707 5379 870 5439 Jebus
884 5383 1074 5439 David.
1097 5382 1264 5443 Jebus
1281 5385 1587 5456 dicebatur,
1612 5402 1732 5460 quae
1748 5402 1890 5447 nunc

318 5470 657 5541 Jerusalem,
720 5478 935 5545 quando
985 5478 1307 5551 alienigenis
1359 5482 1605 5539 suberat.
1656 5480 1887 5540 Jebusmi

394 5588 510 5722 (8Θῖ
544 5588 708 5646 Hebr.
739 5589 1016 5659 Nse'rzm,
1044 5595 1302 5652 reclusus.

394 5660 483 5722 (87
537 5659 738 5722 Supple
772 5661 1066 5722 βασιλικόν.

392 5659 506 5726 (87)
537 5659 749 5731 Supple
772 5661 1066 5731 βασιλικόν.

395 5730 507 5801 (δε)
537 5730 618 5785 cr.
646 5729 683 5786 t.
715 5729 825 5801 xn,
864 5734 967 5793 col.
998 5735 1122 5793 994.

1921 4935 1968 4992 D

2648 4933 2806 4987 ΚΕΦ.
2841 4934 2921 4990 E'.

1989 5022 2139 5096 Στίχ.
2176 5029 2250 5096 gf.
2286 5024 2395 5079 Kal
2412 5022 2656 5096 daridari
2683 5025 2883 5096 Δαυῒδ,
2910 5025 3007 5080 καὶ
3040 5025 3262 5093 πάντες
3288 5028 3341 5081 ol
3356 5026 3575 5096 ἄνδρες

2058 5095 2248 5149 αὐτοῦ
2278 5097 2365 5161 εἰς
2409 5095 2797 5165 Ἰερουσαλὴμ
2838 5096 2989 5165 πρὸς
3029 5098 3141 5151 τὸν
3193 5095 3574 5161 Ἰεϐουσαῖον,

2058 5165 2167 5237 τὸν
2192 5165 2723 5237 κατοικοῦντα-τὴν
2744 5166 2880 5237 γῆν.
2907 5168 3017 5220 Kal
3036 5167 3255 5237 ἐρρήθη
3276 5167 3355 5233 τῷ
3370 5168 3573 5221 Δαυΐδο

2053 5236 2177 5309 Οὐκ
2212 5236 2537 5309 εὶσελεύσῃ
2570 5228 2707 5302 ὧδὲ,
2731 5228 2821 5292 ὅτι
2850 5228 3252 5307 ἁγτέσὶήσὰν’
3271 5228 3336 5293 οἱ
3353 5237 3577 5309 τυφλοὶ

2062 5306 2161 5363 καὶ
2182 5309 2235 5360 ol
2251 5307 2454 5375 χωλοι.

2078 5396 2416 5468 Ἐπολιόρκει
2437 5396 2538 5470 τὴν
2584 5396 2782 5462 Ἰεόοὖς
2802 5398 2832 5451 ὁ
2861 5399 3043 5455 Δαυῖδ.
3087 5400 3285 5465 Ἰεϐοὖς
3314 5400 3371 5454 δὲ
3409 5403 3443 5473 ἠ
3472 5400 3574 5456 νῦν

2006 5487 2360 5561 Ἰερουσαλὴμ
2374 5489 2611 5565 ἐλέγετο,
2632 5491 2720 5545 ὅτε
2754 5490 2860 5545 ὑπὸ
2889 5491 3219 5564 ἀλλοφύλους
3247 5489 3334 5567 ἦν.
3365 5494 3429 5549 0i
3454 5494 3571 5549 τοί-

2076 5602 2191 5676 (89)
2228 5605 2352 5663 Haec
2385 5607 2686 5665 adulterina
2716 5610 2805 5668 hic
2840 5619 2988 5669 sunt.

2078 5606 2168 5676 (89
2228 5606 2352 5663 Haec
2385 5607 2670 5664 adulteria:

2078 5606 2191 5750 (9οί
2229 5676 2370 5751 Lege
2400 5680 2670 5755 Σαμουήλ.
