3880 6216
373 353 435 412 5|
1266 352 1831 411 SUPPLEMENTUM
1870 353 1963 409 AD
1999 350 2326 410 ORIGENIS
2362 350 2777 411 EXEGETICA.
3554 359 3625 416 5‘2

439 474 674 529 (abimus
691 490 779 528 eos
810 472 1037 529 Domino
1060 474 1117 528 in
1147 472 1279 529 colle
1301 472 1457 537 Saul,
1480 473 1670 528 electos
1694 471 1920 527 Domino

2118 472 2257 547 toﬁ,
2283 471 2764 547 xal§£gd0joper
2794 472 2906 547 (96)
2937 473 3158 547 αὐτοὺς
3199 473 3281 547 τῷ
3318 476 3514 544 Κυρίῳ
3550 475 3622 532 ἐν

370 636 432 690 ν.
476 634 533 689 8.
573 634 642 688 Et
676 636 875 701 accepit
915 651 1009 688 rex
1050 635 1183 690 duos
1230 635 1370 704 ﬁlios
1406 633 1616 702 Resplm
1665 634 1795 704 ﬁliae
1845 635 1945 688 Δία

438 706 744 776 concubino:
794 704 1000 771 Saulis,
1050 722 1182 776 quos
1216 703 1412 772 peperit
1469 704 1646 776 Sauii,
1698 703 1943 776 Ermothi

434 784 489 845 et
528 774 980 841 Memphibosthe;
1022 774 1072 829 et
1107 777 1334 845 quinque
1386 776 1523 842 ﬁlios
1574 774 1757 845 Mrerob
1813 775 1943 845 ﬁlim

436 844 595 913 Saul,
613 862 746 917 quos
763 846 957 918 peperit
975 844 1186 902 Esdriel
1198 846 1311 915 ﬁlio
1332 845 1562 901 Berzeili
1584 844 1939 900 Moulathitw.

364 1074 430 1130 ν.
472 1077 526 1133 9.
572 1077 639 1135 Et
676 1076 819 1133 dedit
863 1095 949 1133 eos
991 1080 1047 1134 in
1098 1079 1342 1133 manibus
1392 1075 1809 1132 Gabaonitarum
1840 1094 1859 1132 :
1890 1087 1939 1132 et

432 1148 776 1217 placaverunt
796 1166 883 1204 eos
909 1150 965 1203 in
998 1160 1177 1205 monte
1195 1165 1375 1204 coram
1408 1150 1656 1204 Domino.

432 1312 493 1369 Si
525 1313 578 1368 in
611 1313 731 1371 zelo
754 1312 921 1369 Israel
943 1323 998 1370 et
1020 1311 1159 1370 Juda
1188 1310 1318 1367 Saul
1350 1311 1684 1368 Gabaonitas
1710 1314 1941 1383 perdere

360 1419 653 1475 aggressus
689 1416 797 1474 est,
815 1405 1361 1476 quibuscuml‘cedera
1390 1404 1585 1459 inierat
1605 1402 1765 1459 Jesus
1794 1404 1938 1461 ﬁlius

360 1496 530 1565 Nave,
581 1505 639 1551 et
686 1496 976 1552 universus
1027 1496 1287 1567 populus;
1323 1504 1379 1551 et
1408 1504 1697 1565 propterea
1732 1504 1936 1565 septem

358 1586 539 1642 Saulis
576 1587 720 1656 ﬁlios
766 1587 1126 1651 sustulerunt,
1176 1587 1270 1656 qui
1320 1601 1351 1640 a
1392 1586 1609 1641 ﬁliabus
1656 1585 1773 1657 ejus
1821 1586 1936 1640 nati

359 1681 613 1735 fuerant:
637 1696 734 1735 cur
758 1680 889 1751 ipsae
914 1681 1089 1736 tribus
1121 1694 1227 1735 non
1263 1690 1388 1736 sunt
1426 1680 1478 1733 in
1504 1678 1683 1749 culpa,
1718 1680 1811 1735 sed
1840 1679 1933 1749 qui

356 1773 489 1828 nihil
518 1774 772 1829 laeserant
801 1789 994 1844 pinnas
1017 1772 1338 1828 luunt?Hoc
1361 1772 1507 1827 enim
1527 1771 1786 1843 injustum
1826 1781 1933 1828 est.

2117 542 2198 609 τῷ
2212 542 2423 608 βουνῷ
2474 542 2674 596 Σαοὺλ
2702 542 3029 611 ἐκλεκτοὺς
3066 546 3280 614 Κυρίῳ.

2035 635 2195 707 Στίχ.
2226 644 2299 707 η’.
2330 636 2437 707 Καὶ
2471 637 2689 692 ἐλαϐεν
2728 640 2760 690 ὁ
2798 638 3098 704 ,ϐασιλεὺς
3134 637 3278 703 τοὺς
3313 637 3423 691 δύο
3453 638 3626 706 υἱοὺς

2126 706 2375 777 Ῥεσφὰ,
2401 708 2693 776 θυγατρὸς
2740 708 2855 761 Ἀϊὰ
2877 707 3201 777 παλλακῆς
3236 708 3436 762 Σαοὺλ
3466 748 3480 771 ,
3514 708 3623 775 οὓς

2111 777 2277 832 ἔτεκε
2314 776 2396 843 τῷ
2420 778 2654 841 Σαοὺλ,
2684 778 2792 831 τὸν
2847 779 3086 847 Ἐρμωθὶ
3120 778 3217 832 καί
3253 779 3357 831 τὸν
3392 782 3620 847 Μεμφι-

2116 848 2319 913 ϐοσθὲ,
2367 848 2635 914 καὶτοὺς
2669 847 2849 901 πέντε
2888 848 3058 915 υὶοὺς
3090 848 3203 915 τῆς
3229 849 3426 916 Μερὸϐ
3444 853 3624 917 θυγα-

2109 919 2250 989 τρὸς
2275 918 2475 989 Σαοὺλ
2495 957 2510 982 ,
2548 918 2657 984 οὒς
2694 919 2861 973 ἔτεκε
2895 918 2976 985 τῷ
3014 918 3294 989 Ἐσδριὴλ
3325 918 3433 985 υἱῷ
3477 921 3623 987 Βερ-

2110 987 2273 1050 ζελλὶ
2307 988 2390 1055 τῷ
2415 989 2741 1045 Μοουλαθι.

2043 1081 2193 1153 Στίχ.
2218 1081 2285 1153 θ’.
2312 1080 2425 1134 Καὶ
2450 1080 2673 1153 ἔδωκεν
2701 1079 3020 1153 αὐτους-ἐν
3039 1078 3211 1153 χερσί
3241 1077 3359 1153 τῷν
3382 1080 3623 1153 Γςιόειω-

2107 1149 2324 1207 κιτῶνυ
2374 1150 2474 1205 καὶ
2512 1150 2809 1215 ἐξίλασαν
2847 1149 2957 1221 (97)
3002 1149 3224 1216 αὐτοὺς
3275 1149 3346 1204 ἐν
3378 1149 3457 1215 τῷ
3496 1149 3620 1218 ὄρει

2109 1221 2387 1277 ἐναντιον
2415 1223 2660 1290 Κυρίου.

2112 1315 2176 1368 El
2231 1315 2291 1369 ὲν
2325 1314 2404 1386 τῷ
2439 1314 2585 1386 ζήλῳ
2633 1313 2727 1367 τοῦ
2795 1313 3009 1387 Ἰσραὴλ
3060 1313 3156 1368 καὶ
3202 1311 3297 1366 τοῦ
3353 1312 3523 1367 Ἰούδα
3586 1312 3619 1366 δ

2040 1405 2211 1459 Σαοὺλ
2235 1406 2360 1471 τοὺς
2387 1405 2733 1469 Γαϐαωνίτας
2748 1406 2955 1460 ἀνελεῖν
2983 1405 3306 1477 ἐπεχείρησε
3331 1445 3346 1470 ,
3390 1404 3507 1476 μεθ’
3539 1397 3618 1460 ὧν

2040 1494 2314 1566 συνθήκας
2340 1496 2634 1567 ἐποιήσατο
2669 1495 2876 1566 Ἰησοῦς
2906 1497 2935 1549 ὁ
2968 1494 3062 1548 τοῦ
3097 1495 3291 1566 Ναυῆ,
3325 1495 3419 1548 καὶ
3453 1496 3562 1558 πᾶς
3585 1495 3618 1549 δ
3680 1520 3685 1523 ί

2039 1590 2197 1654 λαὸς,
2230 1590 2323 1643 καὶ
2357 1587 2446 1642 διά
2470 1588 2627 1642 τοῦτο
2668 1588 2807 1641 ἐπτά
2832 1587 2926 1642 τοῦ
2974 1587 3144 1641 Σαοὺλ
3180 1586 3539 1661 ἀνῃρέθησαν,
3563 1589 3613 1642 οἱ

2037 1680 2146 1733 ἀπὸ
2167 1679 2278 1735 τῶν
2300 1679 2614 1751 θυγατέρων
2637 1678 2801 1732 αὐτοῦ
2823 1678 3206 1749 γεγεννημένοι
3221 1696 3234 1707 ο
3265 1676 3407 1740 τίνος
3426 1676 3615 1731 ἕνεκεν

2037 1771 2135 1842 οὑχ
2160 1772 2215 1825 αί
2243 1771 2406 1841 φυλαί
2439 1772 2577 1825 εἰσιν
2606 1772 2664 1825 ὲν
2692 1770 2913 1835 αἰτίαις,
2945 1769 3059 1823 ἀλλ’
3088 1771 3138 1821 οἱ
3169 1769 3334 1840 μηδὲν
3361 1768 3614 1838 ἠδικηκό-

352 1861 476 1919 Nisi
506 1866 551 1920 si
582 1865 705 1935 quis
728 1833 894 1932 dicat,
925 1864 1143 1920 Saulem
1192 1879 1375 1934 regem
1422 1878 1528 1919 non
1574 1833 1819 1935 potuisse
1844 1865 1924 1918 ad-

2040 1833 2135 1928 re;
2159 1833 2317 1936 δίκην
2336 1862 2600 1917 δεδώκασι
2624 1880 2639 1929 ;
2665 1863 2835 1916 Τοῦτο
2873 1833 2980 1934 γὰρ
3017 1833 3399 1932 ἄδικον-Πλὴν
3444 1833 3517 1913 εἰ-
3535 1860 3609 1931 μή

354 1956 566 2011 versari
596 1965 651 2011 et
683 1956 945 2013 lsraelitis
986 1966 1040 2012 et
1069 1956 1232 2011 tribui
1263 1954 1421 2022 Juda,
1456 1972 1557 2012 nec
1587 1956 1799 2013 solvere
1830 1957 1933 2011 ite-

354 2049 484 2101 dera
512 2057 726 2117 patrum
770 2064 893 2104 cum
939 2048 1262 2105 Gabaonitis
1306 2049 1461 2104 inita.
1509 2048 1624 2120 Ego
1676 2063 1806 2104 vero
1837 2048 1933 2102 ad-

358 2141 547 2195 derem
596 2141 719 2197 istis
751 2150 806 2196 et
845 2141 949 2196 hoc
978 2158 992 2195 :
1024 2140 1233 2195 Divina:
1273 2141 1699 2212 dispensationis
1735 2140 1927 2207 fuisse,

354 2242 417 2286 ut
438 2248 606 2304 genus
623 2232 755 2289 Saul
777 2235 1090 2289 universum
1116 2234 1385 2301 interiret,
1408 2242 1670 2304 quantum
1692 2233 1930 2303 suspicio

350 2342 474 2382 esse
526 2336 758 2395 poterat,
783 2337 846 2381 ut
879 2327 1175 2397 aliquando
1218 2328 1323 2384 sibi
1364 2329 1569 2398 regiam
1612 2327 1927 2398 dignitatem

351 2436 599 2477 asserere
630 2421 923 2488 niteretur,
952 2438 1017 2478 ac
1047 2435 1336 2493 propterea
1361 2423 1412 2476 in
1437 2422 1698 2478 Davidem
1735 2439 1928 2481 exsur-

344 2522 519 2581 geret,
568 2512 791 2585 ejusque
817 2514 1035 2570 liberos.
1084 2514 1213 2569 Illud
1274 2529 1451 2570 vero:
1484 2514 1793 2571 Insolarunt
1835 2534 1923 2573 eos

348 2604 660 2660 Gabaonitw
706 2622 888 2659 coram
929 2605 1158 2660 Domino
1198 2607 1255 2660 in
1297 2614 1496 2672 monte,
1550 2607 1785 2677 positum
1839 2620 1927 2667 est

346 2711 467 2764 pro,
496 2695 813 2751 interfectos
841 2711 947 2751 non
975 2696 1327 2766 sepelierunt.
1347 2698 1441 2753 sed
1467 2698 1713 2754 siverunt
1737 2700 1925 2771 jacere

347 2789 450 2841 sub
476 2787 670 2845 solem.
700 2786 769 2840 Et
802 2786 1049 2842 dissoluti
1079 2799 1222 2854 sunt,
1256 2788 1451 2858 inquit,
1477 2799 1525 2844 et
1554 2791 1675 2844 tulit
1695 2808 1783 2846 eos
1801 2791 1922 2847 Dan

344 2878 491 2947 ﬁlius
526 2877 633 2932 Joa
669 2895 735 2933 ea:
782 2880 1057 2949 nepotibus
1102 2882 1373 2952 gigantum
1393 2883 1462 2938 ι³.
1495 2883 1651 2950 Quod
1696 2887 1921 2941 omnino

344 2967 640 3037 signiﬁcat,
675 2982 770 3024 eos
806 2970 898 3038 qui
928 2970 1026 3025 soli
1059 2972 1290 3041 expositi
1326 2982 1485 3029 erant
1514 2975 1791 3047 accepisse
1832 2975 1919 3046 gi-

346 3065 585 3126 gantem,
616 3066 672 3114 et
698 3058 991 3116 absmlisse
1032 3061 1324 3121 dissolutos
1348 3062 1459 3134 jam
1499 3080 1530 3121 a
1556 3066 1722 3123 solari
1756 3075 1913 3123 aestu.

414 3333 577 3390 Ratio
596 3333 1018 3393 Gabaonitarum
1037 3336 1267 3396 obscura
1286 3338 1484 3394 mansit
1510 3359 1523 3395 :
1548 3340 1651 3396 nisi
1676 3341 1814 3398 forte
1836 3341 1918 3397 di-

340 3441 555 3491 cunnus,
573 3428 713 3496 quod
739 3429 954 3499 quando
979 3430 1296 3485 manebalin
1312 3428 1496 3487 Gabee
1517 3443 1576 3487 ut
1600 3432 1798 3488 bellum
1823 3451 1917 3506 ge-

341 3524 511 3584 reret,
533 3529 589 3572 et
611 3519 663 3572 in
688 3517 866 3588 fugam
892 3520 1409 3592 vertitalienigenas
1440 3523 1591 3591 Saul,
1620 3527 1916 3594 perdiderit

339 3626 466 3668 cum
512 3610 622 3665 illis
650 3610 815 3667 etiam
847 3611 1200 3668 Gabaonitas.
1243 3612 1435 3668 Exstat
1468 3630 1631 3686 porro
1672 3620 1916 3673 narratio

340 3700 396 3753 in
422 3699 701 3754 tricesimo
727 3703 990 3767 secundo,
1006 3701 1349 3757 ettricesimo
1376 3704 1535 3758 tertio
1555 3719 1780 3759 numero
1799 3704 1912 3777 (95)

341 3790 539 3859 prioris
553 3792 747 3860 Regni,
770 3802 825 3848 et
852 3793 903 3848 in
935 3793 1212 3851 tricesimo
1231 3796 1490 3865 septimo,
1517 3795 1610 3850 ubi
1642 3796 1811 3852 dicit:
1844 3796 1914 3851 Et

340 3881 569 3935 bellabat
597 3884 653 3937 in
679 3884 905 3938 circuitu
933 3902 1113 3941 omnes
1142 3886 1383 3941 inimicos
1414 3902 1537 3941 suos
1551 3886 1913 3955 “,etc.Quod

339 3983 518 4028 autem
550 3974 728 4033 littera
765 3976 867 4043 ait,
893 3978 1034 4033 hunc
1065 3980 1233 4034 habet
1260 3993 1480 4034 sensum
1507 3995 1521 4032 :
1547 3978 1677 4034 Saul
1710 3980 1913 4051 injuste

338 4073 528 4119 contra
564 4080 686 4121 eum
725 4068 835 4137 egit
864 4085 878 4134 ;
905 4079 960 4123 et
988 4085 1055 4125 ex
1095 4071 1256 4137 domo
1292 4072 1439 4128 illius
1478 4072 1626 4127 facta
1668 4083 1753 4128 est
1780 4075 1913 4129 ultio

337 4157 549 4227 injuriae
573 4158 657 4213 vel
685 4174 785 4230 pro
809 4159 958 4216 Jesu.

408 4341 523 4397 Non
550 4341 863 4400 afﬁciuntur
890 4360 1019 4401 vero
1045 4346 1242 4417 injuria
1270 4347 1473 4405 sublati
1500 4364 1622 4405 cum
1644 4349 1909 4420 principio

335 4450 436 4490 suo
475 4437 510 4490 ii
540 4439 629 4506 qui
662 4437 731 4493 ab
763 4438 855 4493 illo
890 4440 1221 4494 exstantiam
1253 4454 1408 4495 suam
1432 4444 1712 4498 consecuti
1738 4452 1903 4510 sunt;

2030 1975 2117 2022 τις
2142 1956 2309 2022 εῐποι,
2336 1957 2509 2012 Σαοὺλ
2550 1955 2773 2025 βασιλέα
2811 1956 2944 2010 ὄντα
2977 1955 3251 2017 ἀδυνάτως
3286 1954 3428 2024 ἔχειν
3462 1954 3611 2007 ἀντι-

2034 2047 2225 2118 στῆναι
2254 2046 2350 2099 καὶ
2374 2048 2489 2110 τοῖς
2520 2046 2881 2118 Ἰσραηλίταις
2911 2046 3004 2100 καὶ
3024 2048 3088 2118 τῇ
3116 2044 3253 2116 φυλῇ
3283 2044 3483 2112 Ἰούδα,
3516 2046 3612 2097 καὶ

2034 2137 2109 2209 μὴ
2159 2137 2317 2190 λῦσαι
2364 2135 2465 2201 τὰς
2516 2135 2789 2207 συνθήκας
2832 2136 2941 2190 τῶν
2988 2136 3276 2207 πατέρων,
3322 2135 3420 2198 τὰς
3472 2135 3611 2203 πρὸς
3650 2151 3658 2159 ·

2028 2232 2155 2295 τοὺς
2201 2230 2569 2294 Γαϐαωνίτας.
2622 2229 2765 2300 Ἐγὼ
2793 2230 2852 2283 δὲ
2893 2228 3233 2300 προσθοίμην
3290 2228 3356 2281 ἂν
3400 2226 3611 2289 τούτοις

2028 2324 2120 2376 τό·
2148 2321 2256 2377 Τοῦ
2292 2323 2427 2377 Θεοῦ
2456 2321 2769 2393 οἰκονομίας
2818 2316 2958 2374 εἶναι
3004 2319 3066 2373 τὸ
3109 2320 3267 2387 γένος
3299 2315 3393 2371 τοῦ
3436 2314 3610 2369 Σαοὺλ

2028 2415 2369 2486 ἀναλωθῆναι
2400 2417 2529 2482 πᾶν,
2562 2417 2686 2469 ὅσον
2717 2413 3009 2467 ὑπώπτευε
3038 2412 3259 2466 πώποτε
3311 2410 3608 2463 ἀντιποιεί-

2030 2508 2154 2563 σθαι
2174 2508 2269 2562 τοῦ
2297 2508 2573 2580 βασιλικοῦ
2596 2507 2925 2579 ἀξιώματος,
2945 2506 3034 2559 διά
3051 2522 3110 2557 τε
3125 2503 3284 2557 τοῦτο
3298 2502 3606 2573 ἐπαναστή-

2027 2600 2213 2654 σεσθαι
2230 2600 2307 2671 τῷ
2316 2600 2498 2666 Δαυϊδ,
2516 2600 2743 2663 καὶτοῖς
2763 2597 2951 2652 τούτου
2974 2597 3148 2651 παισί.
3176 2596 3319 2649 Τὸδὲ
3334 2594 3608 2663 Ἐξηλία-

2024 2707 2148 2747 σαν
2174 2692 2396 2759 αὐτοὺς
2415 2696 2468 2748 οἱ
2498 2691 2865 2749 Γαϐαωνῖται
2893 2690 3170 2745 ἐναντίον
3187 2688 3409 2756 Κυρίου
3432 2686 3501 2740 ἐν
3525 2684 3607 2753 τῷ

2024 2786 2167 2851 ὄρει,
2202 2786 2325 2839 ἀντὶ
2355 2783 2449 2839 τοῦ
2468 2826 2483 2851 ,
2524 2783 2934 2856 Ἀναιρεθέντας
2965 2783 3065 2835 οὐκ
3090 2780 3313 2846 ἔθαψαν,
3348 2778 3461 2832 ἀλλ’
3491 2778 3607 2832 sla-

1998 2886 2124 2933 σαν
2174 2877 2281 2930 ὑπὸ
2319 2877 2411 2931 τὸν
2454 2876 2605 2947 ἥλιον
2654 2875 2887 2930 κεῖσθαι.
2959 2873 3404 2941 Ἐξελύθησαν,
3446 2870 3602 2941 φησι,

2020 2970 2120 3026 καὶ
2145 2971 2362 3026 ἔλαϐεν
2396 2969 2618 3036 αὐτοὺς
2644 2969 2763 3023 Δὰν
2789 2967 2921 3033 υίὸς
2962 2966 3091 3020 Ἰωὰ
3133 2963 3250 3018 τῶν
3289 2964 3604 3033 ἀπογόνων

2018 3062 2140 3118 τῶν
2168 3062 2479 3134 γιγάντων.
2505 3063 2730 3126 Πάντως
2753 3078 2855 3115 που
2883 3058 3128 3131 βούλεται
3148 3056 3344 3126 λέγειν,
3369 3056 3450 3108 ὃτι
3474 3054 3603 3118 τοὺς

2020 3154 2127 3210 ὑπὸ
2168 3155 2259 3209 τὸν
2306 3154 2454 3226 ἥλιον
2504 3153 2760 3217 τεθέντας
2808 3151 2985 3205 λαϐὼν
3032 3152 3061 3204 ὁ
3105 3149 3268 3218 γίγας
3290 3187 3305 3213 ,
3360 3145 3605 3201 ἀνείλετο

2020 3246 2413 3319 ἐκλελυμένους
2580 3245 2686 3299 ὑπὸ
2715 3244 2817 3314 τῆς
2844 3243 3074 3315 ἡλιακῆς
3100 3240 3316 3313 φλογός.

2096 3339 2155 3393 Ὁ
2185 3339 2360 3409 λόγος,
2399 3339 2429 3392 ὁ
2462 3338 2605 3393 κατὰ
2623 3338 2750 3402 τοὺς
2775 3336 3141 3399 Γαϐαωνίτας,
3168 3333 3442 3402 ἄγνωστος
3469 3329 3604 3383 καθ-

2022 3432 2286 3504 έστηκενο
2324 3434 2375 3486 εί
2411 3433 2485 3503 μή
2541 3431 2643 3485 πού
2676 3448 2741 3500 γε
2774 3429 3047 3500 εἴπωμεν,
3080 3429 3162 3481 ὅτι
3192 3427 3357 3497 ἡνίκα
3393 3422 3599 3493 ἐκάθη-

2017 3541 2078 3578 το
2103 3525 2160 3576 ὲν
2193 3523 2364 3577 Γαϐεὲ
2390 3521 2485 3576 τοῦ
2521 3522 2781 3594 πολεμεῖν
2801 3562 2816 3587 ,
2853 3521 2948 3574 καὶ
2974 3517 3323 3591 ὲτροπώσατο
3347 3515 3473 3578 τοὺς
3503 3513 3600 3567 ἀλ-

2015 3614 2277 3685 λοφύλους
2309 3617 2337 3670 ὁ
2369 3614 2559 3679 Σαοὺλ,
2581 3614 2677 3668 καὶ
2700 3611 2948 3667 ἀπώλεσε
2983 3610 3098 3683 μετ’
3128 3609 3305 3663 αὐτῶν
3340 3606 3435 3660 καὶ
3470 3605 3597 3668 τοὺς

2015 3708 2384 3772 Γαϐαωνίτας.
2420 3707 2529 3761 Καὶ
2559 3707 2674 3759 ἔστι
2700 3706 2761 3758 τὸ
2781 3706 3025 3776 διήγημα
3059 3703 3117 3755 ὲν
3149 3696 3454 3772 τριακοστῷ
3477 3696 3596 3749 δευ-

2013 3800 2157 3873 τέρῳ
2189 3801 2283 3855 καὶ
2312 3798 2623 3873 τριακοστῷ
2666 3798 2835 3868 τρίτῳ
2867 3793 3084 3870 ἀριθμῷ
3111 3793 3212 3863 τῆς
3244 3789 3466 3863 πρώτης
3499 3788 3596 3858 βα-

2016 3892 2258 3958 σιλείας,
2304 3893 2400 3955 καὶ
2446 3889 2751 3961 τριακοστῷ
2801 3888 3046 3959 ἑϐδόμῳ·
3082 3885 3212 3939 ἔνθα
3255 3881 3423 3953 φησι·
3477 3881 3589 3933 Καὶ

2012 3984 2289 4054 ἐπολέμει
2316 3985 2521 4051 κύκλῳ
2546 3982 2778 4049 πάντας
2795 3980 2936 4047 τοὺς
2958 3977 3211 4049 ἐχθροὺς
3238 3975 3446 4039 αὑτοῦ,
3494 3973 3592 4026 καὶ

2012 4072 2079 4126 τά
2123 4073 2268 4145 ἑξῆς.
2309 4074 2374 4127 Ὃ
2422 4072 2481 4126 δὲ
2514 4072 2660 4143 λέγει
2700 4072 2763 4125 τὸ
2810 4072 2993 4143 ῥητὸν,
3028 4069 3186 4123 τοῦτό
3222 4070 3336 4120 ἐστι
3361 4083 3376 4093 ·
3421 4062 3594 4119 Σαοὺλ

2009 4164 2234 4237 ἠδίκησε
2269 4166 2388 4220 κατ’
2419 4165 2586 4219 αὐτοῦ
2618 4165 2710 4218 καὶ
2744 4166 2808 4217 ὲκ
2837 4162 2932 4217 τοῦ
2978 4163 3128 4216 οἴκου
3158 4158 3323 4214 αὑτοῦ
3370 4157 3595 4227 γεγένη-

2009 4277 2100 4314 ται
2133 4261 2166 4330 ἡ
2200 4258 2480 4331 ἐκδίκησις
2510 4258 2610 4329 τῆς
2636 4257 2849 4321 ἀδικίας
2874 4256 2908 4327 ἢ
2938 4256 3031 4308 ἐπὶ
3064 4251 3290 4326 Ἰησοῦν.

2084 4355 2198 4409 Οὐκ
2241 4354 2552 4409 ἀδικοῦνται
2599 4353 2658 4415 δὲ
2699 4349 3178 4421 συναναιρούμενοι
3219 4345 3328 4400 τῶν
3370 4344 3484 4414 (98)
3532 4345 3593 4399 ὲν

2008 4446 2150 4519 ἀρχῇ
2172 4446 2222 4498 οἱ
2249 4445 2308 4512 ἐξ
2341 4445 2548 4498 ἐκείνου
2580 4442 2641 4497 τὸ
2663 4438 2800 4495 εἶναι
2836 4441 3090 4512 λαχόντες
3110 4456 3124 4470 '
3151 4437 3271 4492 ὅθεν
3323 4435 3431 4506 γάρ
3462 4435 3589 4504 ἔσχε

335 4527 479 4580 unde
507 4529 835 4583 exstantium
866 4529 1194 4597 habuerunt,
1229 4532 1354 4586 inde
1400 4542 1459 4586 ut
1490 4548 1595 4587 non
1632 4542 1908 4588 exstarent

2044 4536 2072 4589 ὸ
2103 4532 2273 4600 εἶναι,
2304 4536 2552 4589 ἐντεῦθεν
2587 4533 2649 4587 τὸ
2680 4534 2756 4605 μὴ
2789 4530 2928 4587 εἶναι
2963 4532 3177 4603 ἔχοντες
3202 4545 3216 4562 ·
3264 4532 3311 4583 εί
3351 4530 3408 4583 δέ
3442 4546 3588 4592 τινος

336 4620 669 4689 accipientes
700 4640 715 4677 :
750 4624 792 4677 si
817 4623 1000 4693 aliquo
1025 4625 1169 4681 bono
1206 4641 1305 4696 per
1339 4640 1402 4681 se
1424 4625 1528 4696 ipsi
1557 4624 1703 4695 digni
1729 4635 1907 4692 erant,

334 4712 463 4768 illud
488 4723 673 4783 postea
703 4718 1006 4774 consecuti.

411 4888 500 4946 “l
526 4892 658 4966 Reg.
694 4916 811 4970 xxr,
840 4903 927 4960 10.
1038 4900 1087 4934 ⁸⁵
1118 4902 1137 4957 l
1163 4902 1295 4971 Reg.
1319 4917 1429 4968 xw,
1464 4902 1551 4956 47.

399 5047 512 5119 (95)
549 5047 784 5132 Attende
811 5048 922 5120 jam
956 5065 986 5106 a
1018 5055 1354 5123 temporibus
1393 5053 1646 5128 Origenis
1672 5057 1899 5113 divisio-

324 5133 444 5176 nem
468 5136 525 5173 sa
535 5131 610 5175 Cl'l
633 5131 829 5176 textus.

390 5189 503 5261 (96)
537 5190 678 5261 Lege
701 5192 1077 5268 ἐξηλιάσομεν,
1104 5206 1155 5253 et
1185 5206 1333 5254 verte
1367 5197 1727 5254 insolabimus.

2013 4626 2221 4696 ἀγαθοῦ
2254 4628 2322 4681 δι’
2360 4629 2585 4693 ἑαυτοὺς
2616 4623 2755 4700 ἦσαν
2778 4625 2917 4693 ἄξιοι
2937 4666 2951 4692 ,
2993 4625 3214 4696 ὕστερον
3240 4622 3395 4677 τοῦτο
3424 4639 3587 4693 κομι-

2017 4713 2255 4785 ζόμενοι.

2078 5054 2191 5129 (97)
2226 5053 2665 5129 ῙΕξηλίασανρ-υι
2700 5055 2839 5110 infra
2866 5064 2918 5111 et
2959 5054 3011 5129 in
3044 5053 3162 5129 cod.
3201 5052 3359 5129 Aie}.

2080 5122 2190 5198 (98)
2226 5122 2389 5184 Forte
2420 5127 2518 5199 τῷ.
2552 5125 2674 5183 Mox
2711 5129 2922 5184 videtur
2971 5125 3250 5196 legendum
3293 5122 3478 5197 ἔσχον.
