3878 6212
271 335 350 396 53
1454 341 1706 400 ADNOT.
1750 342 1816 397 ΙΝ

1972 384 1981 397 .
2029 340 2097 399 Ill
2133 340 2396 401 REGUM.
3288 352 3332 381 ε’
3462 341 3525 398 5i

1174 656 1913 746 έΠἾΓΕΝΟΥΣ
2002 658 2583 747 ΕΚΛΟΓΑΙ

1320 841 1429 894 ΕΙΣ
1459 842 1602 895 ΤΗΝ
1633 841 1893 895 ΤΡΙΤΗΝ
1916 841 2053 895 ΤΩΝ
2090 840 2471 897 ΒΔΣΙΛΕΙΩΝ.

357 1143 939 1241 OBIGENIS
1006 1147 1957 1243 ADNO'I‘ATIONES
2012 1150 2137 1240 IN
2214 1122 2907 1241 manuum
2990 1142 3437 1238 REGUM.

1510 1344 1608 1409 (Ex
1628 1344 1942 1395 Bibliotheca
1964 1345 2321 1407 Gallandiana.)

924 1600 1080 1654 ΚΕΦ.
1118 1600 1194 1655 B'.

268 1693 427 1765 Etix.
462 1699 535 1764 η’.
583 1693 692 1765 Kal
737 1691 869 1765 ιδοὺ
906 1691 1058 1761 μετὰ
1107 1690 1241 1765 σοῦ*
1278 1690 1452 1765 Σεμεῖ
1480 1691 1626 1765 υἱὸς
1665 1692 1852 1761 Γηρᾶ,

342 1762 620 1829 uiderat";
661 1763 823 1833 Ἰεμεῒ
846 1764 918 1817 ἐκ
952 1762 1301 1831 Βαθουρείμ.
1342 1764 1450 1817 Καὶ
1489 1763 1672 1829 αὐτὸς
1713 1780 1857 1833 κατε

335 1834 608 1905 ηράσατό
648 1829 737 1902 με’
764 1833 1031 1901 κατάραν
1086 1829 1389 1905 ὀδυνὴρὰν
1443 1833 1518 1902 τῇ
1552 1834 1777 1905 νήμέρςικ
1814 1829 1854 1905 ᾗ

344 1904 721 1973 ἐπορευόμην
751 1906 837 1969 εις
858 1903 1253 1972 παρεμϐολὰς,
1287 1904 1385 1957 καὶ
1419 1903 1616 1969 αὐτός’
1638 1904 1818 1958 κατέϐ

339 1977 426 2041 εὶς
456 1973 805 2044 ἀπάντησιν
826 1992 945 2044 μου
980 1976 1073 2044 εὶς
1088 1973 1197 2026 τὸν
1236 1973 1556 2042 Ἰορδάνην.
1586 1976 1683 2028 καὶ
1707 1975 1855 2043 ὡμο-

342 2060 429 2098 σα
452 2043 613 2109 αὐτῷ
645 2044 714 2097 ἐν
734 2042 965 2113 Κυρίῳ,
1003 2042 1199 2113 λέγων
1224 2060 1241 2079 ο
1285 2048 1355 2099 El
1386 2044 1706 2100 θανατὼσω
1742 2042 1853 2099 αὺ-

338 2116 451 2169 tor
477 2116 549 2168 ἐν
560 2115 846 2185 ῥομφαίᾳ.

267 2206 425 2276 Στίχ.
458 2207 524 2261 θ’.
561 2206 673 2276 Καὶ
722 2208 799 2262 οὐ
833 2206 920 2275 μὴ
966 2208 1254 2275 ἀθωώσῃς
1290 2206 1509 2271 αὑτὸν,
1564 2208 1652 2261 ὅτι
1697 2206 1853 2274 ἀνὴρ

337 2273 532 2346 σοφὸς
566 2273 627 2348 εἴ
646 2276 749 2341 σὺ,
777 2273 877 2330 ma
904 2273 1107 2348 γνώσῃ
1154 2273 1503 2344 τῖ’ποιήσεις
1536 2278 1697 2343 αὐτῷ
1717 2295 1729 2307 ·
1753 2273 1852 2331 καὶ

332 2349 419 2470 at;
446 2347 726 2413 κατάξεις
755 2348 884 2418 τὴν·⁸
913 2347 1136 2403 πολιὰν
1177 2349 1364 2403 αὑτοῦ
1404 2349 1475 2401 ἐν
1512 2348 1723 2419 ειρήνῃ
1766 2352 1853 2414 εὶς

340 2434 378 2470 a
419 2434 513 2470 ου.

380 2434 513 2470 σου.

340 2434 636 2581 ςέησιείται,
666 2508 784 2573 πῶς
821 2511 852 2564 6
899 2510 1062 2564 Δαυῖδ
1121 2509 1199 2582 τῷ
1257 2511 1423 2581 Σεμεῖ
1470 2511 1850 2582 συγχωρήσας,

266 2600 707 2671 παρακελεύεται
727 2599 806 2671 τῷ
834 2601 1141 2673 Σολομῶντι
1176 2601 1383 2657 ἀνελεῖν
1411 2602 1592 2667 αὑτὸν,
1618 2602 1851 2673 ἀμνησι-

266 2711 447 2757 κακος
473 2695 567 2747 καὶ
595 2696 805 2766 πρᾶος,
840 2694 977 2748 ἀλλὰ
1014 2695 1111 2747 καὶ
1158 2694 1251 2749 τὸν
1298 2694 1454 2748 Ἰωὰϐ
1499 2695 1851 2766 συγκαμόντα

264 2784 445 2855 αὐτῷ.
489 2786 555 2838 Τί
589 2784 779 2856 δήποτ’
803 2780 897 2839 οὖν
929 2784 1105 2839 ταῦτα
1145 2785 1316 2849 οὕτως
1347 2784 1703 2857 ᾠκονομῄθης
1753 2786 1850 2838 Σο-

265 2876 373 2946 φδς
403 2875 481 2930 ὣν
503 2878 533 2929 6
564 2877 727 2931 Δαυϊδ
749 2877 1014 2948 ἠπίστατο
1035 2918 1052 2943 ,
1078 2878 1160 2931 ὅτι
1191 2877 1316 2932 οὕτε
1353 2878 1447 2931 τὸν
1485 2876 1649 2948 Σεμεῒ
1696 2876 1852 2929 Σολο-

1876 1605 1924 1665 Δ

2578 1598 2753 1656 CAP.
2795 1598 2856 1654 ll.

1964 1696 2029 1752 V.
2066 1696 2118 1751 8.
2167 1695 2233 1749 Et
2255 1712 2371 1751 ecce
2395 1705 2564 1750 tecum
2605 1697 2777 1752 Semei
2820 1695 2963 1765 ﬁlius
2990 1695 3152 1759 Cera,
3188 1694 3332 1762 ﬁlius
3359 1691 3527 1749 ,Ιβηιεὶ

2026 1769 2090 1821 de
2108 1767 2401 1820 Bathurim.
2434 1766 2764 1837 Ipsequoque
2785 1766 3057 1820 maledixit
3085 1782 3164 1817 me
3186 1765 3520 1837 maledictio-

2032 1855 2147 1891 nem
2178 1836 2577 1901 dolorosam,in
2602 1838 2685 1890 die
2717 1854 2819 1906 qua
2847 1837 2984 1889 ibam
3012 1838 3065 1906 in
3104 1847 3304 1906 castra,
3336 1846 3383 1887 et
3416 1836 3528 1906 ipse

2030 1908 2295 1961 descendit
2329 1910 2384 1961 in
2419 1924 2694 1961 occursum
2722 1903 2892 1961 meum
2920 1907 2989 1958 ad
3013 1904 3328 1966 Jordanem,
3351 1915 3399 1957 et
3432 1903 3527 1972 ju-

2028 1980 2139 2032 raui
2185 1978 2233 2029 ei
2281 1978 2340 2031 in
2393 1977 2638 2044 Domino,
2675 1976 2979 2030 dicens:Si
3032 1976 3269 2029 occidam
3316 1991 3435 2028 eum
3470 1977 3525 2027 in

2026 2048 2223 2119 ρωάω.

1956 2208 2019 2262 ν.
2064 2209 2118 2263 9.
2162 2206 2229 2261 Et
2254 2223 2354 2261 non
2388 2208 2670 2261 immunem
2704 2206 2871 2275 facias
2903 2205 3180 2275 eum,quia
3212 2206 3294 2259 uir
3316 2205 3524 2273 sapiens

2024 2297 2078 2332 es
2118 2289 2196 2341 tu,
2221 2288 2271 2332 et
2298 2294 2578 2345 cognosces
2603 2294 2721 2347 qua
2749 2277 2910 2344 facies
2940 2278 2991 2329 ei
3019 2293 3035 2329 :
3061 2284 3113 2329 et
3157 2292 3261 2330 non
3296 2278 3521 2330 deduces

2025 2351 2267 2403 canitiem
2296 2350 2409 2419 ejus
2432 2349 2489 2401 in
2526 2364 2653 2417 pace
2679 2348 2746 2401 ad
2775 2346 2991 2414 inferos.

2023 2511 2295 2578 Quaeritur
2322 2509 2590 2579 quomodo
2619 2508 2812 2572 David,
2849 2508 2939 2578 qui
2973 2508 3149 2564 Semei
3203 2508 3525 2572 indulserat,

1954 2607 2179 2660 mandet
2215 2604 2493 2660 Salomoni
2520 2602 2893 2657 utinterliciat
2919 2616 3069 2666 eum,
3094 2602 3211 2671 ipse
3241 2602 3332 2673 qui
3381 2600 3523 2671 inju-

1955 2699 2158 2753 riarum
2200 2711 2411 2753 memor
2444 2711 2549 2751 non
2587 2705 2735 2762 erat,
2790 2695 2884 2750 sed
2937 2695 3243 2765 benignus,
3288 2694 3527 2763 itemque

1954 2786 2181 2841 Joabum
2216 2788 2307 2855 qui
2340 2800 2523 2842 secum
2573 2785 2937 2839 laboraverat.
2978 2784 3215 2840 Curuam
3251 2798 3382 2854 ergo
3411 2784 3527 2839 haec

1957 2880 2032 2934 ita
2089 2879 2345 2934 ordinata
2380 2879 2542 2934 sunt?
2577 2877 2745 2933 David
2801 2878 2999 2948 quippe
3050 2877 3266 2947 sapiens
3298 2875 3527 2945 sciebat,

269 2966 394 3039 μὼν
427 2968 577 3022 ἐάσει
613 2968 713 3038 ζῇν
740 2968 850 3022 δέει
883 2969 984 3040 τῆς
1006 2970 1429 3032 ἐπαναστάσεως
1449 2987 1462 2999 ο
1498 2969 1576 3032 ὡς
1612 2968 1721 3041 γὰρ
1747 2968 1852 3022 ἀπὺ

1972 2971 2100 3042 ιυοά
2126 2985 2302 3041 neque
2333 2969 2605 3025 Semeium
2629 2969 2889 3025 Salomon
2914 2969 3096 3025 vivere
3126 2968 3354 3034 sineret,
3375 2977 3522 3024 metu

269 3059 554 3131 βασιλικοῦ
580 3060 889 3132 ἀξιώματος
919 3061 1099 3133 μέλλει
1134 3062 1266 3134 περὶ
1312 3060 1415 3131 τῆς
1439 3060 1714 3131 βασιλείας
1744 3061 1849 3133 μά-

266 3151 466 3224 χεσθαι
494 3151 573 3223 τῷ
602 3151 939 3224 Σολομῶντι·
966 3151 1091 3206 οὔτε
1114 3151 1209 3205 τὸν
1248 3151 1426 3216 Ἰωὰϐ,
1458 3152 1536 3216 ώς
1569 3152 1725 3213 ἐκτὸς
1753 3152 1852 3223 τῆς

264 3244 366 3298 τοῦ
407 3243 575 3299 Δαυῗδ
619 3245 846 3317 γνώμης
894 3246 975 3308 είς
1005 3242 1230 3314 βασιλέα
1256 3242 1350 3297 τὸν
1382 3244 1499 3297 υἱὸν
1551 3244 1645 3298 τοῦ
1690 3244 1853 3299 Δαυῖδ

266 3338 723 3407 καταστήσαντα·
770 3337 846 3401 ὡς
890 3336 1146 3391 ἀνελόντα
1182 3336 1361 3390 τοίνυν
1408 3337 1501 3389 καὶ
1540 3336 1635 3389 τὸν
1674 3336 1849 3401 Ἰωὰϐ,

268 3430 625 3500 συγκαμόντα
669 3430 727 3484 δὲ
775 3429 855 3501 τῷ
900 3429 1069 3502 πατρὶ
1117 3430 1176 3483 ὲν
1218 3430 1432 3493 πολλοῖς
1470 3429 1728 3500 πολέμοις
1760 3430 1854 3482 καὶ

268 3520 717 3591 κατορθώσαντα.
765 3522 952 3576 Ταῦτα
987 3520 1221 3593 προϊδὼν
1252 3523 1281 3575 6
1319 3522 1478 3576 Δαυῒδ
1502 3562 1517 3587 ,
1566 3521 1853 3595 προλαϐὼν

266 3611 545 3666 amcam;
576 3611 656 3683 τῷ
687 3611 994 3684 Σολομῶντι
1021 3614 1277 3684 ποιῆσαι,
1323 3613 1360 3668 ἃ.
1402 3614 1494 3668 καὶ
1536 3614 1629 3683 ἀφ’
1660 3612 1851 3666 ἑαυτοῦ

236 3698 528 3775 ¹Σολομὼν
560 3705 781 3769 πάντως
824 3706 1024 3771 ἐποίει,
1058 3707 1147 3774 ἵν’,
1186 3709 1315 3761 ὅταν
1356 3706 1713 3778 ἀναιρεθῶσιν
1762 3708 1854 3760 ὑπ’

269 3801 460 3866 αὑτοῦ,
493 3801 741 3856 τουτέστι
782 3801 874 3855 τοῦ
920 3803 1299 3874 Σολομῶντος,
1346 3806 1395 3857 οῖ
1442 3804 1851 3876 προειρημένοι,

272 3890 609 3963 συγγνώμην
641 3894 744 3964 σχῇ
781 3894 811 3947 6
858 3893 1111 3964 Σολομὼν
1133 3933 1149 3958 ,
1204 3894 1280 3957 ώς
1310 3894 1572 3966 πατρικὸν
1607 3893 1855 3966 βούλημα

271 3985 591 4056 πληρώσας,
615 3985 710 4040 καὶ
732 3985 834 4039 οὐκ
859 3985 1022 4049 αὐτὸς
1048 3986 1142 4057 ἀφ’
1177 3985 1371 4042 ἑαυτοῦ
1401 3988 1522 4041 κατ’
1554 3986 1733 4041 αὐτῶν
1774 4006 1855 4041 κι-

271 4074 481 4146 νηθείς.

910 4170 1067 4226 ΚΕΦ.
1116 4171 1218 4225 IE'.

273 4259 426 4332 Etix.
461 4259 773 4332 tntilli]?
822 4261 895 4316 ἐν
938 4262 1118 4332 καιρῷ
1165 4263 1273 4318 τοῦ

345 4402 556 4454 αὑτοῦ.

351 4490 477 4553 Πῶς
526 4490 779 4562 νοητέον,
851 4492 1026 4562 Πλὴν
1062 4494 1132 4548 ἐν
1174 4495 1255 4562 τῷ
1306 4496 1489 4566 καιρῷ
1530 4500 1637 4553 τοῦ
1668 4499 1862 4569 γήρως

276 4582 570 4648 ἐποίησεν
608 4584 743 4637 Ἀσὰ
770 4584 835 4638 τὸ
866 4586 1154 4654 πονηρὸν,
1184 4588 1283 4641 καὶ
1308 4589 1564 4644 ἐπόνεσε
1587 4591 1728 4658 τοὺς
1760 4593 1867 4645 πό-

276 4670 391 4736 δας
419 4670 643 4735 autat");
674 4674 1011 4746 Σαφέστερον
1037 4677 1132 4730 καὶ
1175 4676 1332 4732 τοῦτο
1359 4679 1468 4733 τῶν
1497 4684 1863 4749 Παραιειπο-

270 4761 475 4833 μένων
499 4765 532 4835 ἡ
563 4764 741 4834 βίϐλος
770 4766 1024 4833 ἐδίδαξεν.
1066 4768 1169 4823 Ἑν
1191 4770 1301 4841 γὰρ
1329 4771 1404 4840 τῇ
1428 4771 1727 4841 ἀρρωστίᾳ
1751 4778 1854 4830 ai)-

276 4854 386 4909 τοῦ
404 4894 419 4919 ,
456 4856 647 4927 φησὶν,
673 4858 783 4912 οὐκ
818 4857 1070 4928 ἐζήτησε
1106 4862 1351 4931 Κύριον,
1379 4862 1543 4917 ἀλλὰ
1593 4864 1735 4931 τοὺς
1770 4868 1855 4920 la—

274 4948 476 5015 τρούς.
520 4946 661 5017 Ἐγὼ
704 4948 762 5002 δὲ
793 4950 937 5004 δυοῖν
963 4950 1191 5024 θάτερον
1230 4954 1597 5025 ὑπολαμϐάνω
1617 4996 1632 5020 ,
1662 4955 1697 5027 ἢ
1730 4958 1856 5022 τοὺς

275 5039 517 5108 ἐπῳδαῖς
544 5041 915 5114 κεχρημένους
944 5044 1037 5098 καὶ
1080 5046 1433 5116 μαγγανείαις
1464 5048 1726 5121 κληθῆναι
1767 5049 1850 5103 ία-

273 5132 473 5204 τροῦς,
503 5133 537 5203 ἢ
571 5134 651 5187 ὅτι
685 5135 870 5205 μόνοις
900 5136 1185 5191 ἐπίστευσε
1218 5141 1330 5203 τοῖς
1369 5142 1571 5212 ἰατροῖς
1594 5182 1609 5207 ,
1644 5141 1741 5214 τὴν
1771 5143 1851 5206 είς

272 5225 371 5279 τδν
402 5224 537 5279 Θεδν
572 5227 672 5280 οὐκ
705 5226 843 5297 ἔχων
869 5227 1078 5282 ἐλπίδα.
1106 5230 1168 5281 Οἱ
1198 5229 1307 5302 γὰρ
1336 5231 1588 5304 εὐσεϐείᾳ
1618 5231 1854 5303 κοσμού-

277 5335 432 5389 μενοι
459 5318 754 5391 κέχρηνται
784 5318 885 5388 μὲν
924 5323 1035 5383 τοῖς
1069 5322 1272 5393 ἰατροῖς
1311 5321 1387 5386 ὡς
1420 5323 1711 5396 ὑπουργοῖς
1758 5324 1853 5377 τοῦ

272 5409 437 5477 θεοῦ,
465 5411 683 5478 ειδότες,
717 5413 799 5467 ὅτι
829 5413 923 5466 καὶ
953 5412 1051 5485 τὴν
1081 5415 1326 5487 ἰατρικὴν
1351 5418 1659 5489 ἐπιστήμην
1691 5417 1851 5483 αὐτὸς

349 5583 395 5614 ⁸³
431 5578 475 5634 ll
504 5580 684 5637 Paral.
718 5597 831 5647 xvi,
858 5580 944 5636 l2.

351 5731 466 5799 (99)
502 5732 817 5800 Ἐποίησεν
867 5731 1004 5787 Ἀσὰ
1038 5734 1102 5788 τὸ
1130 5733 1413 5800 πονηρόν.
1451 5731 1575 5786 Πωο
1601 5732 1846 5801 nuspiam

280 5802 973 5875 alibiexstantﬂhimchius
1000 5811 1181 5861 tamen
1192 5804 1403 5874 scribit,
1427 5803 1565 5862 male
1581 5803 1851 5863 audi'issc

1955 3063 2298 3131 rebellionis;
2334 3071 2593 3133 tanquam
2640 3061 2784 3116 enim
2837 3076 2934 3131 pro
2990 3061 3137 3131 regia
3169 3060 3433 3131 dignitate
3460 3060 3531 3116 de

1956 3171 2124 3227 regno
2150 3170 2272 3211 cum
2317 3154 2611 3210 Salomone
2642 3162 2982 3224 pugnaturus
3003 3162 3160 3220 erat;
3203 3168 3378 3223 neque
3402 3151 3531 3208 Joa-

1955 3248 2105 3313 bum,
2151 3247 2351 3317 quippe
2377 3245 2471 3317 qui
2503 3254 2693 3301 contra
2751 3244 2971 3300 Davidis
3004 3245 3335 3301 sententiam
3361 3246 3414 3300 in
3443 3261 3531 3301 re-

1962 3354 2082 3411 gem
2110 3338 2280 3393 lilium
2309 3336 2532 3393 Davidis
2566 3337 2948 3401 constituerat,
2976 3338 3125 3391 velut
3150 3337 3381 3407 proinde
3405 3352 3527 3392 eum

1954 3434 2044 3503 qui
2072 3432 2299 3488 Joabum
2331 3430 2406 3503 (l)
2435 3430 2736 3495 sustulerit,
2768 3431 2860 3485 sed
2889 3446 3010 3484 cum
3059 3440 3213 3500 patre
3254 3431 3306 3485 in
3340 3430 3527 3486 multis

1955 3515 2111 3580 bellis
2141 3522 2467 3578 laboraverit
2487 3530 2544 3577 et
2569 3524 2743 3575 victor
2765 3522 3055 3576 exstiterit.
3079 3520 3203 3577 llaec
3224 3522 3529 3591 praevidens

1959 3616 2147 3683 David,
2178 3613 2518 3684 praeveniens
2544 3614 2766 3667 mandat
2798 3610 3072 3668 Salomoni
3104 3620 3162 3667 ut
3190 3612 3382 3677 faciat,
3407 3628 3528 3682 qua:

1957 3708 2125 3763 etiam
2152 3722 2217 3761 ex
2264 3705 2442 3776 seipso
2473 3704 2729 3760 Salomon
2762 3705 2981 3759 omnino
3032 3703 3265 3759 fecisset.
3305 3704 3374 3759 Ut
3407 3720 3528 3759 cum

1959 3798 2157 3854 sublati
2172 3804 2361 3853 essent
2383 3794 2576 3860 abillo,
2610 3796 2661 3850 id
2680 3806 2763 3851 est
2792 3794 3101 3859 Salomone,
3131 3795 3231 3849 viri
3259 3795 3529 3863 praedicti,

1957 3889 2174 3945 veniam
2217 3887 2445 3943 haberet
2477 3884 2759 3952 Salomon,
2803 3894 3059 3953 tanquam
3104 3885 3196 3953 qui
3247 3892 3529 3954 paternam

1958 3980 2289 4036 voluntatem
2314 3977 2614 4046 implesset,
2637 3986 2811 4032 etnon
2842 3978 2959 4047 ipse
2980 3990 3045 4030 ex
3069 3992 3126 4032 se
3142 3977 3255 4047 ipso
3273 3976 3532 4031 adversus

1957 4090 2053 4132 eos
2080 4083 2256 4131 motus
2286 4072 2503 4129 fuisset.

2587 4162 2737 4221 CAP.
2779 4161 2895 4217 XV.

360 4264 426 4349 Ex.
461 4266 566 4327 κγ’.
600 4264 773 4329 Πλὴν
822 4264 895 4316 ἐν
938 4264 1118 4332 καιρῷ
1165 4264 1273 4318 τοῦ
1316 4264 1510 4333 γήρως
1566 4264 1852 4352 ἐποίησεν

364 4330 604 4410 aerugo
648 4334 915 4401 πονηρὸν
939 4334 1075 4405 (99),
1103 4334 1204 4392 καὶ
1226 4335 1482 4389 ἐπόνεσε
1506 4352 1648 4402 τους
1670 4335 1852 4402 πόδας

1972 4282 2027 4338 ν.
2068 4281 2159 4336 25.
2212 4281 2583 4336 Verumtamen
2607 4297 2662 4333 in
2692 4294 2921 4345 tempore
2948 4276 3230 4331 senectutis
3266 4274 3386 4341 fecit
3423 4273 3531 4327 Asa

2199 4353 2418 4410 malum.
2460 4363 2505 4405 et
2542 4351 2838 4410 inﬁrmatus
2866 4357 2939 4401 est
2971 4349 3127 4410 pedes
3156 4362 3298 4400 suos.

2199 4353 2418 4417 malum,
2460 4363 2505 4405 et
2542 4351 2838 4421 inﬁrmatus
2866 4357 2939 4401 est
2971 4349 3127 4413 pedes
3156 4362 3298 4400 suos.

2036 4490 2321 4559 Quomodo
2382 4486 2793 4557 intelligendum
2860 4492 2944 4537 est
2992 4500 3020 4552 τι
3050 4480 3424 4535 Verumtamen
3476 4481 3533 4534 in

1966 4593 2195 4653 tempore
2222 4580 2505 4636 senectutis
2573 4576 2694 4645 [scit
2722 4575 2833 4628 Asa
2864 4573 3087 4637 malum,
3145 4582 3191 4627 et
3231 4570 3532 4640 inﬁrmatus

1963 4688 2037 4734 est
2075 4678 2228 4747 pedes
2255 4689 2381 4729 suos
2420 4672 2446 4726 .’
2488 4669 2701 4726 Clarius
2728 4667 2782 4722 id
2813 4680 3030 4737 quoque
3074 4664 3530 4734 Paralipomenon

1964 4772 2103 4826 liber
2119 4767 2352 4823 edocuit.
2406 4764 2472 4818 In
2518 4760 2831 4830 inﬁrmitate
2877 4759 3014 4813 enim
3044 4775 3165 4821 sua,
3198 4758 3398 4828 inquit,
3429 4772 3533 4811 non

1961 4860 2229 4932 requisivit
2287 4858 2596 4919 Dominum,
2642 4852 2732 4908 sed
2780 4856 3009 4907 medicos
3041 4853 3109 4907 ".
3150 4851 3261 4923 Ego
3304 4866 3435 4906 vero
3466 4852 3534 4905 de

1961 4952 2171 5007 duobus
2223 4948 2545 5003 alterutrum
2586 4957 2863 5013 suppono,
2903 4943 2985 4998 vel
3033 4943 3331 4998 advocatos
3364 4942 3533 4996 fuisse

1959 5044 2198 5100 medicos
2242 5043 2332 5113 qui
2370 5040 2833 5097 incantationibus
2875 5046 2932 5092 et
2979 5037 3269 5109 praestigiis
3302 5037 3530 5091 uteban-

1960 5148 2088 5204 tur;
2136 5135 2221 5192 vel
2254 5135 2388 5191 solis
2422 5134 2580 5189 ﬁdem
2635 5132 2952 5187 adhibuisse
2998 5130 3249 5193 medicis,
3285 5143 3390 5183 non
3429 5129 3531 5182 ha-

1960 5231 2174 5285 bentem
2223 5228 2279 5282 in
2323 5226 2491 5282 Deum
2549 5239 2722 5293 spem.
2771 5223 2874 5289 Qui
2921 5222 3067 5277 enim
3100 5220 3364 5291 religione
3404 5229 3531 5275 sunt

1962 5320 2192 5393 praediti,
2227 5325 2449 5373 utuntur
2470 5316 2690 5386 quidem
2730 5313 2960 5368 medicis
2982 5321 3239 5381 tanquam
3264 5310 3533 5365 ministris

1964 5418 2079 5482 Dei,
2114 5414 2349 5471 scientes
2364 5412 2508 5482 quod
2538 5418 2593 5464 et
2618 5407 2881 5464 medicam
2903 5406 3189 5463 scientiam
3225 5404 3339 5475 ipse
3365 5404 3533 5474 largi-

1957 5735 2138 5791 Asam.
2168 5748 2231 5787 eo
2263 5733 2793 5803 quodangariavcrit
2823 5732 3115 5803 discipulos
3139 5731 3467 5802 sapientum.

1958 5843 1985 5872 ι
2031 5804 2107 5875 (1)
2139 5803 2301 5863 Forte
2326 5802 2595 5861 Abner’cs
2622 5802 2688 5859 ΙΙΙ
2728 5803 2861 5872 Reg.
2896 5802 2977 5859 tu.
