3878 6212
375 282 448 338 55
1255 285 1816 345 SUPPLEMENTUM
1855 289 1948 344 AD
1983 288 2308 348 ORIGENIS
2346 290 2756 351 EXEGETICA.
3545 296 3620 353 56

382 408 470 454 tus
500 408 584 454 est
618 399 948 465 hominibus,
977 400 1434 471 quemadmodum
1469 412 1527 457 et
1551 404 1806 475 reliquas,
1827 406 1934 461 her-

2048 405 2215 460 ἔδωκε
2243 409 2355 470 τοῖς
2385 406 2710 480 ἀνθρώποις,
2742 406 2932 481 ὥσπερ
2952 408 3017 481 δὴ
3049 409 3145 463 καὶ
3171 409 3268 475 τὰς
3292 409 3457 474 ἄλλας
3480 450 3495 475 ,
3524 411 3623 464 καὶ

377 490 477 547 bas
503 507 720 562 quoque
753 494 865 561 ipse
895 495 963 548 de
1001 505 1146 549 terra
1193 497 1500 565 germinare
1527 498 1717 554 edixit.
1751 498 1944 554 Sciunt

379 595 559 638 tamen
599 584 978 649 nihilominus,
1029 586 1163 640 nihil
1209 603 1366 658 posse
1399 589 1730 643 medicorum
1770 598 1944 644 artem

380 675 490 731 Deo
537 676 753 732 nolente
775 681 816 744 ,ι
865 678 959 732 sed
1011 687 1221 733 tantum
1273 695 1454 750 posse,
1497 689 1758 750 quantum
1803 681 1946 737 Dens

375 767 512 822 vult.
541 766 854 823 Jeroboami
912 783 1073 836 porro
1116 769 1312 842 domus
1334 771 1703 828 omnimodum
1753 773 1946 828 interi-

378 867 494 913 tum
520 860 781 915 sustinuit
814 861 967 930 juxta
999 861 1406 931 praedictionem
1438 864 1620 919 Achiae
1669 864 1940 923 Silonitae.

381 949 656 1006 Percussit
681 967 937 1025 namque,
966 955 1062 1019 ait,
1097 953 1276 1008 Baasa
1305 971 1397 1009 rex
1434 955 1606 1010 Israel
1641 966 1807 1010 totam
1847 958 1945 1012 do-

374 1060 517 1098 mum
539 1043 850 1108 Jeroboam,
913 1057 961 1100 et
999 1062 1100 1099 non
1135 1046 1345 1115 reliquit
1371 1063 1575 1102 omnem
1604 1049 1943 1117 spirationem

373 1137 430 1190 in
454 1135 759 1204 Jeroboam,
803 1137 968 1190 donec
1014 1137 1262 1208 funditus
1315 1139 1554 1208 perderet
1594 1139 1702 1200 ipse
1741 1155 1941 1205 omnes,

369 1224 526 1290 iuxta
567 1227 776 1280 verbum
839 1225 1076 1291 Domini,
1126 1229 1266 1296 quod
1310 1228 1518 1284 locutus
1565 1238 1646 1286 est
1681 1230 1739 1284 in
1779 1247 1942 1286 manu

372 1315 507 1370 servi
535 1317 617 1370 sui
637 1316 816 1374 Acltite
849 1317 1088 1376 Silonitu:
1117 1319 1186 1373 “.
1209 1321 1407 1376 Eadem
1434 1337 1628 1392 passus
1655 1334 1738 1380 est
1771 1322 1942 1379 Baasa

376 1423 613 1480 quoque.
663 1410 922 1466 Eamdem
969 1412 1113 1468 enim
1145 1423 1202 1469 et
1242 1414 1345 1470 iste
1380 1415 1714 1485 impietatem
1741 1425 1797 1473 et
1836 1417 1942 1473 ini-

373 1501 636 1570 quitatem
677 1503 959 1572 amplexus
988 1514 1092 1570 est,
1126 1504 1368 1576 llelaque
1394 1505 1512 1575 eius
1547 1507 1691 1564 Illius
1715 1523 1744 1562 a
1775 1509 1941 1564 Zam-

372 1595 456 1649 hri
488 1594 684 1648 vulnus
716 1596 945 1665 accepit.
980 1597 1088 1652 Isle
1120 1611 1247 1653 vero
1291 1599 1586 1655 secundum
1632 1601 1940 1671 praedictio-

373 1701 496 1742 nem
547 1687 769 1754 factam,
813 1688 1007 1743 iterum
1043 1673 1261 1744 omnem
1313 1689 1498 1746 Baasae
1545 1691 1794 1748 dissolvit
1837 1694 1938 1748 do-

370 1795 541 1836 mum.
573 1778 707 1835 Cum
737 1781 968 1850 populus
993 1780 1212 1834 Zambri
1241 1796 1416 1851 regem
1453 1792 1711 1848 creasset,
1743 1784 1934 1841 obses-

369 1888 467 1928 sus
494 1874 716 1929 Zambri
763 1876 982 1929 domum
1013 1875 1065 1929 in
1091 1890 1196 1944 qua
1243 1876 1471 1946 degebat
1512 1877 1838 1942 combussit,
1881 1886 1937 1934 et

368 1978 494 2018 cum
547 1964 642 2019 illa
680 1975 908 2020 exustus
944 1967 1192 2034 oppetiit.
1231 1965 1310 2020 Ex
1346 1965 1430 2020 his
1454 1979 1620 2034 porro
1649 1965 1934 2032 docemur,

367 2071 464 2112 eos
513 2057 606 2126 qui
653 2059 846 2112 eadem
882 2057 1070 2112 vivunt
1116 2057 1408 2128 pravitate,
1442 2058 1729 2113 Dominum
1765 2058 1935 2115 Deum

369 2147 532 2203 alium
569 2163 666 2218 per
709 2148 873 2202 alium
914 2150 1127 2218 punire,
1175 2159 1232 2205 et
1278 2152 1500 2206 tradere
1538 2150 1794 2220 nequiori
1835 2165 1935 2207 ne-

367 2256 553 2311 quam,
580 2241 732 2312 quasi
763 2242 1086 2311 quibusdam
1129 2243 1485 2300 carniﬁcibus
1523 2250 1764 2300 utentem
1806 2242 1932 2298 illis.

435 2513 705 2582 Quoniam
753 2530 886 2572 vero
924 2515 1170 2572 nonnulli
1215 2527 1487 2586 quaerunt,
1523 2520 1795 2574 undenam
1825 2517 1931 2574 Sa-

369 2608 583 2664 maritae
615 2608 757 2664 hanc
810 2609 1228 2679 appellationem
1271 2610 1592 2676 habuerint,’
1623 2625 1689 2666 ex
1731 2625 1931 2681 propo-

368 2701 476 2755 sita
507 2701 736 2756 historia
773 2702 876 2756 hoc
907 2701 1189 2757 addiscere
1231 2716 1459 2770 pronum
1499 2710 1606 2758 est.
1640 2701 1931 2773 Acquisivit

363 2793 537 2860 enim,
563 2793 762 2862 inquit,
810 2791 1026 2847 Ζειπονὶ
1078 2803 1306 2847 montem
1329 2792 1578 2849 Semeron
1619 2812 1653 2848 α
1697 2793 1934 2850 Semmer

363 2887 580 2942 domino
607 2886 722 2956 ejus
753 2895 976 2956 argento
1001 2891 1164 2940 duum
1193 2886 1530 2951 talentorum,
1557 2896 1604 2941 et
1646 2886 1931 2955 aediﬁcavit

363 2989 617 3041 montem,
640 2987 688 3032 et
715 2977 997 3048 appellauit
1029 2993 1218 3032 nomen
1245 2977 1356 3048 ejus
1384 2978 1596 3042 atlantis,
1624 2994 1778 3049 quem
1797 2977 1931 3031 tedi-

365 3073 638 3142 ﬁcaverat,
666 3071 730 3125 de
754 3073 962 3125 nomine
991 3069 1226 3124 Semmer
1259 3071 1460 3124 domini
1493 3074 1707 3137 montis,
1753 3069 1932 3126 Seme-
1956 3111 2001 3170 ϐ

367 3179 464 3218 ron
486 3160 556 3217 "’.
584 3160 666 3216 Ex
697 3171 884 3218 monte
914 3162 1113 3218 civitas
1143 3161 1394 3217 Samaria
1430 3161 1574 3218 dicta
1602 3172 1708 3217 est.
1741 3162 1932 3216 Sama-

364 3256 444 3310 ria
479 3267 642 3325 porro
668 3263 773 3318 est,
806 3268 927 3322 quae
975 3269 1117 3309 nunc
1167 3253 1393 3309 Sebaste
1419 3263 1664 3309 vocatur.
1707 3252 1785 3310 lbi
1815 3263 1934 3310 erat

365 3351 514 3420 regia
557 3347 745 3404 decem
777 3345 1040 3401 tribuum.
1078 3347 1150 3402 At
1188 3345 1378 3402 decem
1436 3347 1684 3403 tribubus
1730 3349 1785 3402 in
1840 3362 1934 3403 ca-

363 3439 665 3510 ptivitatem
719 3437 987 3504 abductis,
1026 3446 1081 3495 et
1127 3447 1275 3494 terra
1311 3437 1399 3492 illa
1453 3437 1643 3494 ell'ecta
1674 3438 1929 3506 deserta;

364 3530 613 3587 translati
656 3541 783 3587 sunt
821 3530 1044 3600 quidam
1089 3530 1157 3586 de
1209 3530 1566 3588 orientalibus
1597 3531 1840 3601 partibus
1877 3531 1930 3586 in

358 3635 427 3674 ea
458 3621 653 3692 oppida
680 3618 750 3675 ab
775 3620 1127 3690 Assyriorum
1183 3621 1421 3694 regibus.
1458 3621 1551 3679 Isti
1599 3637 1728 3693 ergo
1769 3635 1801 3676 a
1831 3619 1932 3677 Sa-

365 3713 538 3770 maria
571 3713 702 3769 dicti
732 3719 860 3769 sunt
898 3713 1202 3768 Samaritae.

435 3898 530 3955 llis
561 3899 628 3954 de
659 3896 881 3954 Zamhri
934 3897 1191 3962 narratis,
1242 3895 1310 3950 ad
1357 3893 1547 3950 ludam
1600 3894 1838 3959 transiit,
1876 3904 1928 3949 et

363 3991 666 4047 admiratus
694 3999 781 4046 est
803 3989 1181 4059 Josaphatum.
1217 3987 1362 4042 lnter
1401 3987 1507 4041 alia
1540 3987 1737 4054 inquit,
1761 3987 1930 4055 ipsum

372 4085 559 4155 fecisse
594 4082 733 4152 quod
761 4090 963 4136 rectum
987 4091 1100 4136 erat
1133 4096 1309 4134 coram
1347 4078 1573 4134 Domino
1598 4079 1671 4132 ⁸⁸.
1700 4083 1931 4146 Questus

365 4185 550 4228 tamen
599 4181 685 4228 est
740 4173 809 4229 de
859 4187 944 4236 eo,
978 4170 1126 4242 quod
1154 4185 1260 4225 non
1287 4169 1574 4226 abstulerit
1601 4169 1809 4225 cultum
1837 4170 1928 4239 qui

362 4267 419 4322 in
454 4265 590 4322 locis
619 4265 779 4321 editis
807 4265 1204 4328 exercebatur;
1235 4263 1364 4332 quin
1403 4271 1459 4318 et
1501 4263 1710 4318 Achabi
1754 4261 1931 4317 amni-

364 4368 529 4416 tatem
553 4358 894 4429 amplexatus
918 4357 1013 4413 sit.
1047 4356 1174 4411 Haec
1206 4371 1370 4426 porro
1397 4354 1726 4411 luculentius
1766 4354 1930 4409 Para-

2043 498 2142 562 τὰς
2169 498 2395 569 βοτάνας
2431 500 2591 564 αὐτὸς
2634 502 2698 554 ὲκ
2736 501 2838 570 τῆς
2870 501 2974 572 γῆς
3025 501 3320 571 βλαστῆσαι
3353 511 3621 573 προσετα-

2046 589 2158 654 ξεν.
2189 591 2366 643 Ἴσασι
2394 591 2452 644 δὲ
2483 591 2632 662 ὅμως
2653 630 2668 654 ,
2697 591 2774 653 ὡς
2801 590 2952 644 οὐδὲν
2988 590 3158 661 ἰσχύει
3188 590 3294 644 τῶν
3341 590 3536 664 ἱατρῶν
3579 593 3617 662 ἡ

2042 681 2238 752 τέχνη,
2271 681 2344 754 μὴ
2372 682 2690 754 βουλομένου
2719 681 2855 735 Θεοῦ
2884 710 2887 711 ν
2925 681 3062 736 ἀλλὰ
3101 682 3334 736 τοσαῦτα
3374 681 3619 745 δύναται,

2042 773 2142 827 ὅσα
2178 773 2341 838 αὐτὸς
2382 773 2647 845 βούλεται.
2695 773 2801 827 Τοῦ
2852 773 2910 827 δὲ
2954 773 3236 844 Ἱεροδοὰμ
3273 774 3303 826 ὁ
3339 768 3487 837 οἶκος
3518 773 3620 843 τὴν

2042 867 2417 939 πανωλεθρίαν
2478 867 2738 938 ὑπέμεινε
2785 865 2924 920 κατὰ
2966 865 3064 938 τὴν
3110 866 3410 937 πρόρρησιν
3463 865 3623 936 ’Δχιᾶ

2041 957 2136 1010 τοῦ
2159 958 2476 1029 Σηλωνίτου.
2519 957 2804 1022 Ἐπὰταξε
2840 957 2971 1028 γὰρ,
3003 956 3171 1027 φησὶ,
3200 957 3412 1011 Βαασὰ
3435 957 3620 1021 ,ϐασι-

2040 1050 2189 1118 λεὺς
2233 1049 2480 1119 Ἰσραὴλ
2511 1050 2659 1105 ὅλον
2685 1049 2792 1104 τὸν
2823 1045 2992 1102 οἷκον
3027 1047 3342 1117 Ἱεροϐοάμ,
3372 1047 3473 1100 καὶ
3500 1049 3620 1116 οὐχ

2040 1143 2397 1199 ὑπελείπετο
2436 1142 2642 1198 πᾶσαν
2678 1140 2878 1210 πνοὴν
2921 1141 2991 1195 ἐν
3031 1139 3111 1206 τῷ
3147 1138 3469 1208 Ἱεροϐοὰμ,
3503 1138 3621 1206 ἕως

2041 1235 2148 1291 τοῦ
2186 1234 2612 1304 ἑξολοθρεῦσαι
2651 1233 2839 1289 αὐτὸν
2869 1231 3101 1299 πάντας
3116 1271 3132 1294 ,
3166 1231 3318 1286 κατὰ
3355 1230 3420 1284 τὸ
3448 1230 3621 1300 ῥῆμα

2039 1329 2259 1396 Κυρίου
2298 1326 2332 1382 ὃ
2369 1326 2670 1395 ἐλάλησεν
2706 1327 2778 1380 ἐν
2818 1324 2970 1394 χειρὶ
3013 1323 3119 1378 τοῦ
3161 1323 3385 1376 δούλου
3427 1321 3617 1376 αὑτοῦ

2053 1415 2211 1482 Ἇχιὰ
2231 1414 2336 1469 τοῦ
2360 1415 2721 1482 Σηλωνίτου.
2743 1412 2927 1466 Ταῦτα
2951 1411 3008 1464 δὲ
3029 1410 3125 1465 καὶ
3151 1409 3334 1463 Βαασὰ
3359 1409 3613 1463 πέπονθε.

2039 1507 2151 1579 Τὴν
2195 1506 2304 1577 γὰρ
2337 1505 2507 1576 αὐτὴν
2541 1507 2636 1560 καὶ
2668 1499 2820 1568 οὗτος
2851 1503 3105 1557 ἀσέϐειαν
3139 1503 3236 1557 καὶ
3267 1501 3617 1575 παρανομίαν

2038 1599 2340 1669 ἠσπάσατο.
2376 1598 2488 1652 Καὶ
2531 1595 2663 1650 Ἠλὰ
2687 1597 2742 1650 δὲ
2775 1597 2803 1650 ὁ
2834 1595 3022 1649 τούτου
3057 1597 3184 1658 παῖς
3223 1595 3374 1666 παρὰ
3399 1593 3617 1664 Ζαμϐρὶ

2040 1693 2252 1759 ἐδέξατο
2275 1691 2372 1765 τὴν
2405 1691 2637 1764 πληγήν.
2665 1683 2832 1755 Οὗτος
2861 1689 2918 1744 δὲ
2950 1688 3090 1743 κατὰ
3113 1689 3213 1760 τὴν
3243 1687 3619 1758 γεγενημένην

2044 1786 2348 1857 πρόρρησιν
2377 1784 2539 1838 πάλιν
2607 1783 2786 1837 πάντα
2837 1782 2928 1836 τὸν
2990 1781 3085 1836 τοῦ
3124 1780 3314 1834 Βαασὰ
3383 1777 3616 1834 κατέλυ-

2044 1893 2138 1930 σεν
2179 1871 2347 1930 οἶκον.
2373 1874 2482 1930 Τοῦ
2539 1873 2597 1928 δὲ
2638 1873 2768 1928 λαοῦ
2820 1874 2910 1928 τὸν
2944 1873 3160 1946 Ζαμσρὶ
3207 1875 3620 1944 χειροτονήσαν-

2041 1986 2132 2032 τος
2166 1967 2416 2039 βασιλέα,
2460 1965 2911 2039 πολιορκούμενος
2943 1968 2970 2020 δ
3000 1967 3216 2037 Ζαμὸρὶ
3243 1965 3332 2018 τὸν
3375 1960 3524 2018 οἷκον
3553 1966 3619 2018 ὲν

2039 2053 2085 2128 ᾧ
2107 2060 2292 2132 διῆγεν
2320 2059 2615 2130 ἐνέπρησε,
2641 2057 2736 2112 καὶ
2768 2058 2863 2111 σὺν
2897 2056 3090 2126 ἐκείνῳ
3121 2055 3340 2118 καυθεὶς
3371 2052 3618 2109 τετελεύ-

2039 2170 2196 2224 τηκε.
2230 2151 2603 2222 Διδασκόμεθα
2624 2150 2682 2204 δὲ
2711 2149 2800 2204 διὰ
2827 2149 3031 2205 τούτων
3061 2150 3240 2221 ἡμεῖς,
3261 2148 3335 2212 ὡς
3363 2147 3487 2212 τοὺς
3516 2165 3618 2201 πο-

2040 2245 2204 2316 νηρίᾳ
2235 2243 2509 2309 συζῶντας
2529 2243 2596 2297 δι’
2621 2242 2864 2314 ἀλλήλων
2893 2241 3204 2310 ὁΔεσπότης
3226 2239 3440 2303 κολάζει
3457 2239 3614 2303 Θεὸς,

2039 2337 2134 2390 καὶ
2168 2335 2248 2407 τῷ
2289 2333 2636 2408 πονηροτέρῳ
2671 2334 2763 2388 τὸν
2803 2333 3038 2404 πονηρὸν
3077 2332 3470 2405 παραδίδωσιν,
3501 2326 3616 2385 οἷόν

2037 2445 2148 2484 τισι
2179 2427 2392 2500 δημίοις
2422 2425 2760 2498 κεχρημένος
2785 2424 2988 2488 αὐτοῖς.

2119 2519 2337 2590 Ἐπειδὴ
2385 2517 2444 2572 δέ
2482 2533 2628 2580 τινες
2677 2514 2929 2588 ζητοῦσι,
2974 2512 3140 2567 πόθεν
3175 2511 3227 2566 οἱ
3271 2510 3615 2581 Σαμαρεῖται

2036 2609 2194 2684 τήνδε
2217 2609 2312 2682 τὴν
2343 2607 2709 2681 προσηγορίαν
2736 2609 3062 2678 ἐσχήκασιν,
3089 2605 3154 2657 ὲκ
3179 2604 3278 2675 τῆς
3315 2599 3614 2672 προκειμέ-

2037 2720 2134 2775 νης
2167 2701 2401 2774 ἱστορίας
2434 2700 2591 2754 τοῦτο
2625 2699 2815 2771 μαθεῖν
2842 2697 3087 2760 εὐπετές.
3128 2694 3456 2764 Ἐκτήσατο
3477 2692 3611 2765 γὰρ,

2037 2797 2190 2868 φησὶ,
2229 2793 2448 2865 Ζαμϐρὶ
2479 2794 2546 2848 τὸ
2592 2791 2729 2861 ὅρος
2763 2790 2828 2845 τὸ
2853 2788 3124 2858 Σεμέρων
3163 2787 3322 2856 παρὰ
3365 2785 3613 2856 Σεμμὴρ

2036 2885 2144 2941 τοῦ
2177 2887 2384 2954 κυρίου
2424 2883 2610 2939 αὐτοῦ
2653 2882 2762 2937 δύο
2791 2879 3103 2935 ταλάντων
3133 2877 3457 2948 ἀργυρίου,
3506 2878 3612 2931 καὶ

2035 2977 2378 3048 ᾠκοδόμησε
2409 2975 2475 3030 τὸ
2503 2975 2662 3045 ὅρος,
2704 2973 2803 3028 καὶ
2829 2971 3159 3026 ὲπεκάλεσε
3194 2969 3262 3024 τὸ
3290 2969 3476 3038 ὄνομα
3503 2969 3614 3022 αὑ-

2035 3069 2140 3124 τοῦ
2165 3069 2341 3138 ὄρους
2359 3063 2431 3124 οὗ
2450 3066 2854 3136 ᾠκοδόμησεν,
2877 3064 2977 3117 ἐπὶ
3006 3062 3086 3129 τῷ
3108 3061 3349 3130 ὀνόματι
3370 3060 3612 3128 Σεμμὴρ

2033 3159 2139 3214 τοῦ
2163 3160 2373 3229 κυρίου
2398 3157 2504 3212 τοῦ
2533 3157 2727 3226 ὄρους,
2757 3154 3045 3225 Σεμέρων.
3084 3153 3214 3206 Ἀπὸ
3237 3152 3296 3206 δὲ
3324 3151 3418 3205 τοῦ
3447 3152 3611 3222 ὅρους

2032 3255 2066 3326 ἡ
2097 3253 2250 3317 πόλις
2277 3251 2579 3324 Σαμάρεια.
2608 3248 2892 3321 Σαμάρεια
2923 3247 2982 3300 δέ
3013 3247 3159 3299 ἐστιν
3183 3246 3216 3316 ἡ
3239 3243 3334 3298 νῦν
3364 3242 3610 3312 Σεϐαστὴ

2032 3341 2568 3416 προσαγορευομένη.
2610 3340 2698 3392 Ἐν
2740 3339 2877 3410 αὐτῇ
2926 3336 2985 3389 δὲ
3024 3331 3094 3407 ἦν
3134 3333 3242 3388 τῶν
3288 3331 3494 3386 δώδεκα
3525 3330 3610 3402 (2)

2031 3434 2212 3505 φυλῶν
2239 3434 2309 3489 τὰ
2335 3432 2599 3505 βασίλεια.
2629 3427 3246 3504 Ἐξανδραποδισθεισῶν
3264 3425 3321 3480 δὲ
3345 3425 3452 3480 τῶν
3473 3424 3612 3480 δέκα

2031 3525 2211 3597 φυλῶν
2233 3565 2249 3591 ,
2283 3524 2378 3578 καὶ
2415 3524 2516 3594 τῆς
2551 3522 2656 3594 γῆς
2693 3522 2910 3593 ἐκείνης
2961 3521 3168 3592 ἐρήμου
3214 3517 3608 3591 γεγενημένης,

2033 3618 2368 3691 μετέστησαν
2391 3634 2545 3682 τινας
2572 3617 2638 3670 ὲκ
2661 3615 2775 3669 τῶν
2792 3612 2943 3685 ἑῴων
2971 3612 3152 3685 μερῶν
3173 3613 3253 3674 εἱς
3273 3609 3486 3674 ὲκείνας
3505 3610 3611 3673 τὰς

2029 3711 2211 3774 πόλεις
2249 3709 2360 3764 τῶν
2400 3707 2699 3779 Ἀσσυρίων
2737 3708 2786 3760 οἱ
2825 3704 3079 3777 βασιλεῖς.
3114 3695 3274 3758 Οὗτοι
3304 3702 3362 3756 δὲ
3398 3704 3464 3756 ὲκ
3502 3700 3611 3772 τῆς

2028 3801 2338 3874 Σαμαρείας
2369 3799 2765 3873 ὠνομάσθησαν
2795 3799 3148 3870 Σαμαρεῖται.

2098 3890 2287 3946 Ταῦτα
2311 3891 2439 3963 περὶ
2463 3889 2558 3944 τοῦ
2606 3889 2822 3961 Ζαμὸρὶ
2853 3887 3090 3960 εἰρηκὼς
3113 3926 3128 3951 ,
3159 3886 3252 3940 ἐπὶ
3278 3885 3370 3938 τὸν
3405 3881 3612 3937 Ἰούδαν

2031 3985 2254 4056 μετέϐη,
2279 3983 2375 4037 καὶ
2404 3981 2567 4036 τεθαύ
2577 3997 2718 4051 μακε
2741 3980 2830 4034 τὸν
2867 3977 3150 4048 Ἰωσαφάτ.
3187 3977 3276 4030 Ἐν
3293 3978 3402 4038 τοῖς
3427 3973 3610 4038 ἄλλοις

2029 4075 2132 4147 ἔφη
2161 4074 2346 4130 αὑτὸν
2382 4073 2450 4128 τὸ
2474 4071 2647 4138 εὐθὲς
2669 4071 2924 4126 ἐνώπιον
2945 4069 3166 4138 Κυρίου
3194 4064 3610 4134 πεποιηκέναι.

2042 4166 2358 4238 Ἐμέμψατο
2383 4165 2440 4220 δὲ
2478 4165 2554 4232 ὡς
2580 4163 2680 4236 τὴν
2722 4164 2780 4217 έν
2807 4165 2924 4225 τοῖς
2969 4160 3191 4233 ὑψηλοῖς
3231 4157 3484 4229 λατρείαν
3529 4156 3610 4227 μὴ

2029 4258 2318 4314 παύσαντα
2337 4298 2353 4326 ,
2402 4255 2539 4312 ἀλλὰ
2583 4256 2679 4311 καὶ
2723 4253 2820 4308 τοῦ
2871 4251 3073 4324 Ἀχαὰϐ
3115 4250 3214 4323 τὴν
3281 4249 3611 4318 συγγένειαν

2029 4347 2436 4419 ἀσπασάμενον.
2503 4344 2689 4401 Ταῦτα
2747 4344 2805 4398 δὲ
2858 4343 3189 4414 σαφέστερον
3242 4340 3352 4395 τῶν
3408 4343 3609 4407 Παρα-

365 4427 673 4521 lipomenon
699 4450 837 4505 liber
860 4448 1094 4505 edocuit.
1133 4448 1302 4516 Cujus
1328 4447 1405 4504 rei
1441 4447 1614 4518 gratia
1650 4457 1707 4502 et
1725 4447 1819 4518 qui
1847 4447 1930 4501 hi-

2041 4438 2402 4510 λειπομένων
2430 4439 2466 4510 ἡ
2503 4436 2684 4508 βιὸλος
2720 4435 2976 4502 ἐδίδαξεν.
3017 4427 3096 4489 Οῦ
3133 4432 3198 4505 δὴ
3243 4433 3404 4504 χάριν
3449 4430 3544 4484 καὶ
3579 4434 3611 4484 ὁ

362 4544 588 4598 storiam
620 4542 968 4613 conscripsit,
999 4543 1068 4599 ad
1102 4541 1251 4599 illum
1286 4556 1386 4597 nos
1417 4540 1646 4597 remisit.

433 4720 653 4778 Tertius
682 4729 874 4792 regnat
898 4721 1071 4776 Baasa
1106 4720 1159 4776 iu
1211 4721 1396 4777 Israel.
1425 4719 1601 4776 Nabat
1641 4718 1785 4774 enim
1820 4718 1931 4776 lilio

361 4815 650 4870 Jeroboam
683 4822 950 4884 regnante
979 4821 1105 4883 post
1136 4823 1367 4882 patrem,
1389 4813 1719 4868 interlicitur
1749 4812 1926 4879 abeo,

361 4916 420 4959 ct
451 4905 566 4974 ipse
597 4919 825 4974 regnum
852 4903 1153 4971 usurpavit.
1175 4902 1332 4960 Cura:
1360 4918 1523 4972 porro
1547 4903 1650 4958 fuit
1680 4904 1924 4960 historiae

362 4994 574 5048 auctori
604 4992 850 5046 narranti
878 5006 940 5047 ea
968 5006 1091 5061 qua:
1117 4993 1171 5047 in
1207 4995 1313 5048 vita
1349 4994 1459 5049 Asa
1482 4994 1844 5060 obvenerant,
1869 4995 1925 5050 in

363 5087 600 5142 medium
647 5085 895 5156 proferre
942 5085 1128 5140 Baasae
1178 5101 1483 5156 personam.
1539 5087 1617 5141 Ac
1666 5088 1927 5159 deinceps

361 5195 484 5234 cum
532 5179 832 5249 hyperbato
868 5179 1110 5248 procedit
1141 5179 1403 5235 narratio.
1435 5178 1492 5233 ln
1534 5179 1687 5236 libris
1721 5179 1928 5251 Regum

362 5288 469 5328 non
502 5272 730 5328 affertur
757 5273 1062 5329 Jeroboami
1095 5287 1276 5338 mors,
1324 5273 1418 5328 sed
1450 5273 1502 5326 iu
1546 5275 1786 5330 secundo
1824 5275 1926 5330 Pa-

363 5365 731 5436 ralipomenon
758 5366 1011 5429 habetur,
1042 5364 1186 5434 quod
1220 5375 1522 5430 persecutus
1550 5374 1629 5418 est
1651 5366 1787 5419 Abia
1809 5375 1927 5435 post

361 5456 668 5526 Jeroboam,
719 5469 767 5513 et
813 5460 1085 5528 prteripuit
1141 5459 1208 5512 ab
1264 5455 1356 5510 illo
1404 5457 1638 5512 civitates
1691 5458 1826 5512 hanc
1877 5471 1925 5514 et

2034 4533 2134 4606 τὴν
2167 4532 2408 4605 ἱστορίαν
2437 4528 2835 4603 συγγεγραφὼς
2877 4529 2958 4592 εἱς
2995 4525 3210 4598 ἐκείνην
3245 4526 3393 4597 ἡμᾶς
3429 4522 3610 4595 παρι-

2036 4625 2270 4696 πεμψεν.

2105 4645 2402 4790 gignor.-
2435 4715 2537 4787 μὲν
2566 4712 2837 4786 βασιλεύει
2883 4709 3073 4766 Βαασὰ
3098 4709 3192 4763 ἐπὶ
3228 4707 3464 4780 Ἰσραήλ.
3494 4707 3608 4761 Τοῦ

2035 4814 2143 4886 γὰρ
2179 4811 2369 4867 Ναϐὰτ
2398 4809 2517 4864 υἱοῦ
2556 4806 2835 4880 Ἱεροϐοὰμ
2875 4803 3286 4876 βασιλεύσαντος
3329 4801 3466 4872 μετὰ
3513 4800 3612 4854 τὸν

2037 4903 2248 4975 πατέρα
2271 4942 2287 4969 ,
2320 4899 2696 4956 ἀποκτείνεται
2725 4897 2816 4952 ὐπ’
2861 4895 3025 4951 αὐτοῦ
3045 4912 3059 4926 ⁸
3095 4894 3257 4956 αὐτὸς
3281 4894 3339 4947 δὲ
3370 4893 3470 4964 τὴν
3503 4891 3609 4962 βα-

2037 4996 2240 5050 σιλείαν
2270 4995 2612 5067 ὑφήρπασεν.
2650 4989 2981 5045 Ἐσπούδασε
3018 4988 3078 5042 δὲ
3114 4988 3144 5041 ὁ
3192 4984 3610 5057 ἱστοριογράφος

2032 5087 2104 5142 τὰ
2137 5089 2198 5141 ὲν
2224 5088 2291 5158 τῇ
2323 5083 2434 5156 ζωῇ
2476 5084 2571 5137 τοῦ
2615 5083 2748 5137 Ἀσὰ
2791 5082 3091 5152 γιγνόμενα
3133 5079 3332 5148 λέγων,
3375 5095 3608 5149 παρεισ-

2033 5183 2273 5250 ενεγκεῖν
2294 5177 2388 5231 τοῦ
2405 5174 2590 5230 Βαασὰ
2611 5173 2916 5247 πρόσωπον.
2941 5173 3051 5226 Καὶ
3078 5170 3263 5225 λοιπδν
3299 5171 3416 5241 μεθ’
3442 5170 3613 5240 ὑπερ-

2035 5273 2200 5328 ϐατοῦ
2231 5271 2451 5341 γέγονεν
2483 5271 2522 5340 ὴ
2557 5266 2834 5338 ἐξήγησις.
2866 5266 2955 5319 Ἐν
2983 5266 3102 5328 ταῖς
3127 5261 3468 5326 Βασιλείαις
3503 5260 3610 5330 μὲν

2033 5366 2134 5420 οὐκ
2177 5362 2472 5433 ἐμφέρεται
2512 5360 2542 5412 ὁ
2589 5358 2816 5420 θάνατος
2857 5355 2952 5408 τοῦ
2993 5352 3306 5426 Ἱεροὸοάμ·
3350 5351 3408 5404 ὲν
3435 5349 3492 5402 δὲ
3533 5353 3608 5423 τῇ

2032 5455 2258 5528 δευτέρᾳ
2288 5453 2395 5508 τῶν
2420 5447 2955 5522 Παραλειπομένων
2984 5445 3324 5519 περιέχεται,
3357 5444 3438 5499 ὅτι
3469 5459 3613 5498 κατ-

432 5598 477 5627 δ⁶
510 5596 573 5651 Ill
600 5597 734 5665 Reg.
763 5612 851 5666 xv,
881 5597 972 5654 29.
1048 5596 1089 5628 ⁸⁷
1113 5596 1331 5666 llchg.
1354 5586 1565 5667 “1,25.
1595 5596 1639 5628 ⁸⁵
1689 5596 1728 5655 ll
1765 5597 1940 5656 Paral.
1980 5617 2071 5658 xx.

433 5733 512 5805 (οὶ)
543 5733 700 5786 Δέκα.

2115 5731 2189 5802 (3)
2227 5729 2350 5787 [huc
2377 5737 2665 5802 sequentes
2695 5743 2882 5787 versus
2905 5725 3222 5800 respiciunt.
