3878 6212
485 306 556 360 59
1391 300 1955 359 SUPPLEMENTUM
1995 301 2089 357 AD
2120 300 2449 361 ORIGENIS
2481 299 2897 358 EXEGETICA.
3679 294 3742 351 60

486 438 605 477 rens
653 421 911 492 tleglutire
936 421 1160 493 aliquem
1181 422 1249 479 ".
1284 420 1447 477 Venit
1496 438 1628 494 ergo
1668 432 1725 480 et
1756 424 1903 479 circa
1940 423 2041 480 Job

2168 440 2282 489 tat,
2316 422 2502 491 ζητῶν
2539 423 2849 477 καταπιεῖν
2896 437 3049 476 τινα.
3111 413 3314 473 ’Ἦλθεν
3354 412 3449 471 οὖν
3492 417 3587 472 καὶ
3623 420 3743 488 περὶ

484 514 674 568 volens
700 516 892 567 eadem
918 513 1118 569 facere.
1151 513 1344 570 Postea
1374 525 1596 585 accepta
1635 516 1916 583 facultate,
1947 516 2064 571 htec

485 606 635 661 fecit.
672 606 779 661 Sed
802 610 929 676 quia
949 608 1132 661 omnia
1160 607 1582 663 circummunita
1605 617 1763 663 erant
1793 611 1897 680 (sic
1918 609 2063 663 enim

484 694 752 762 reputavit
798 709 867 748 ex
913 708 980 748 eo
1032 695 1179 764 quod
1213 697 1519 766 prohibitus
1553 697 1713 767 fuit);
1749 714 1872 754 cum
1903 698 2065 755 vellet

482 785 751 853 perlicere
784 801 846 841 ea
871 803 992 857 quae
1021 788 1088 842 de
1112 786 1252 845 Joho
1277 801 1457 858 erant,
1481 791 1655 861 inquit
1679 811 1693 847 :
1724 791 1802 846 Tu
1836 792 2065 847 circum-

481 877 700 929 rnum'sti
734 876 988 930 interiora
1015 877 1131 945 ejus
1163 891 1211 933 et
1244 883 1511 935 exteriora
1545 882 1660 952 ejus
1691 882 1757 936 ⁵¹.
1796 882 2062 939 Universe

483 963 668 1032 igitur,
694 978 967 1034 quatenus
996 988 1102 1028 non
1133 971 1369 1028 traditur
1398 971 1714 1042 diabolo,tu
1743 972 2061 1028 circummu-

480 1055 629 1110 nisti.

479 1148 546 1205 V.
585 1149 671 1205 l8.
708 1151 897 1221 Adhuc
930 1154 1029 1206 ista
1057 1154 1319 1221 loquente.
1358 1155 1497 1211 alius
1529 1157 1746 1212 nuntius
1774 1156 1942 1214 adest.
1971 1157 2058 1211 di-

548 1220 824 1294 censlobo
847 1238 865 1275 :
901 1222 1058 1277 Filiis
1087 1220 1193 1278 tuis
1228 1237 1274 1279 et
1298 1228 1511 1294 ﬁliabus
1534 1229 1641 1281 tuis
1668 1229 2057 1284 comedentibus

548 1301 595 1344 et
631 1293 946 1360 bibentibus,
970 1297 1111 1364 apud
1136 1293 1360 1367 fratrem
1388 1314 1541 1352 suum
1564 1299 1863 1363 seniorem;

477 1475 543 1531 ν.
582 1477 670 1533 l9.
700 1476 923 1542 Repente
958 1488 1140 1533 uentus
1172 1497 1393 1548 magnus
1427 1480 1721 1546 supervenit
1768 1496 1795 1533 e
1828 1480 2049 1543 deserto,

545 1560 592 1600 et
633 1549 800 1614 tetigit
835 1558 1063 1617 quatuor
1100 1550 1321 1617 angulos
1350 1551 1559 1612 domus,
1593 1560 1639 1601 et
1660 1550 1842 1602 cecidit
1868 1550 2053 1602 domus

546 1635 705 1683 super
730 1618 924 1686 ﬁliolus
956 1632 1094 1677 tuos.
1117 1631 1164 1672 et
1196 1621 1387 1672 mortui
1413 1630 1555 1674 sunt.
1584 1618 1745 1674 Evasi
1766 1631 1938 1674 autem
1958 1636 2052 1689 ego

547 1692 713 1753 solus,
739 1702 785 1742 et
808 1690 925 1743 ueni
950 1699 1007 1743 ut
1036 1691 1391 1744 renuntiarem
1427 1691 1545 1743 tibi.

549 1848 803 1905 Camelos
831 1865 952 1905 esse
995 1849 1124 1905 fecit
1169 1850 1221 1905 in
1254 1860 1520 1920 potestate
1560 1851 1827 1921 equitum,
1870 1852 2051 1909 asinos

473 1952 529 1997 et
550 1942 678 2012 juga
730 1943 893 1997 boum
949 1944 1002 1997 in
1034 1953 1306 2012 potestate
1340 1944 1771 2014 captivantium,
1814 1961 1946 2001 oves
1991 1961 2051 2000 o-

480 2036 575 2089 dio
614 2034 828 2090 habuit.
875 2033 1165 2104 Pr0ptcrea
1213 2034 1389 2105 ignem
1431 2049 1596 2103 super
1632 2036 1779 2105 ipsas
1804 2035 2046 2090 deduxit.

472 2126 615 2193 Quin
649 2128 813 2181 etiam
844 2126 1032 2183 liberis
1078 2128 1305 2183 insidias
1351 2129 1572 2193 struxit,
1599 2137 1809 2198 tempus
1840 2143 2051 2198 quaere-

471 2218 567 2272 bat
611 2233 707 2275 eos
753 2219 1033 2287 perdendi.
1086 2220 1144 2275 Si
1183 2220 1485 2275 invenisset
1520 2219 1787 2290 legentes,
1830 2220 2047 2275 domum

474 2310 666 2379 utique
713 2324 817 2365 non
862 2310 1147 2381 tetigisset.
1196 2326 1373 2373 neque
1416 2312 1593 2366 locum
1622 2311 1899 2366 hahuissct
1927 2311 2048 2366 illos

469 2403 854 2459 interficiendi.
886 2403 942 2458 Si
988 2404 1289 2459 invenisset
1316 2404 1550 2460 orationi
1592 2412 1884 2469 vacantes,
1910 2402 2047 2459 nihil

468 2495 741 2564 potuisset
771 2504 960 2549 contra
995 2509 1091 2550 eos
1119 2494 1318 2549 facere.
1359 2494 1467 2550 Sed
1507 2494 1637 2563 quia
1664 2497 2046 2564 opportunita-

467 2596 579 2641 tem
634 2586 861 2654 reperit,
916 2585 1219 2656 praevaluit.
1250 2585 1572 2655 Cuiusmodi
1616 2586 1783 2657 igitur
1831 2595 2045 2653 tempus

466 2681 625 2734 erat?
674 2680 923 2734 Ebrietas
952 2690 1092 2745 erat,
1143 2680 1450 2734 convivium
1493 2690 1633 2734 erat.
1668 2679 1820 2747 Quod
1846 2664 2048 2735 ventus

470 2770 705 2840 angulos
742 2770 934 2825 domus
978 2770 1251 2841 tetigerit;
1282 2770 1420 2825 scito
1451 2771 1596 2841 quod
1636 2770 1687 2825 in
1720 2770 2042 2840 angulorum

466 2862 660 2931 plateis
710 2861 1009 2932 hypocrita;
1043 2868 1253 2917 stantes
1305 2870 1485 2918 orant.
1541 2861 1866 2933 Quicunque
1911 2876 2042 2916 vero

466 2968 576 3008 non
602 2961 684 3008 est
713 2953 988 3023 ingressus
1009 2963 1213 3008 rectam
1240 2955 1409 3019 viam,
1433 2954 1644 3025 angulis
1660 2954 1849 3009 utitur.
1874 2954 2041 3009 Latus

464 3054 644 3100 autem
677 3046 926 3117 angulus,
954 3053 1038 3101 est
1066 3044 1237 3101 multa
1273 3061 1340 3103 ac
1371 3046 1633 3103 dissoluta
1656 3047 2000 3119 improbitas.

1175 3228 1285 3284 AP.
1326 3226 1391 3283 II.

1127 3229 1285 3284 CAP.
1326 3229 1391 3283 II.

525 3320 584 3376 V.
617 3323 673 3376 2.
713 3320 783 3377 Et
814 3321 949 3376 dixit
976 3320 1231 3377 Dominus
1255 3321 1469 3376 diabolo
1502 3338 1519 3376 :
1552 3320 1702 3378 Unde
1726 3331 1782 3377 tu
1805 3324 1995 3379 venis!

536 3475 907 3545 Prospiciebat
942 3478 1103 3541 Deus.
1138 3487 1199 3534 ut
1224 3479 1487 3535 confusus
1511 3478 1903 3549 defatigaretur
1934 3480 2038 3536 Sa-

466 3576 642 3623 tanas.
667 3568 898 3635 Quando
927 3579 1106 3625 autem
1132 3571 1476 3641 interrogans
1493 3571 1641 3626 novit
1669 3573 2036 3628 insensibiletn

463 3674 608 3725 esse,
660 3668 790 3715 tunc
836 3661 1277 3718 malefacientem
1341 3663 1546 3733 arguit,
1598 3663 1742 3720 sicut
1782 3674 2040 3735 arguerat

462 3748 715 3803 Cainum.

468 3841 531 3896 ν.
565 3843 620 3898 9.
654 3842 908 3915 Tempore
935 3854 1111 3897 autem
1135 3845 1467 3912 procedente,
1499 3847 1632 3901 dixit
1660 3851 1711 3903 ei
1740 3865 1876 3904 uxor
1899 3849 2036 3917 eius.

534 3998 669 4056 Vide
709 4000 996 4056 malitiam.
1022 4002 1155 4058 Cum
1181 4002 1408 4058 multum
1441 4014 1657 4073 tempus
1678 4005 2035 4073 praeterisset,

465 4104 593 4150 tunc
631 4094 862 4163 impetit.
880 4094 1032 4151 Tunc
1055 4097 1201 4151 enim
1230 4097 1465 4151 maxime
1487 4098 1685 4151 virtute
1709 4098 2035 4157 inﬁrmatur.

464 4184 583 4240 Duo
610 4194 769 4239 erant
792 4200 912 4254 qua
935 4186 1291 4242 inﬁrmiorem
1324 4187 1571 4242 facerent
1600 4206 1611 4241 :
1650 4197 1760 4243 tum
1792 4191 1918 4259 quia
1955 4191 2036 4247 fe-

468 4276 637 4332 rendo
666 4277 974 4348 languidior
1000 4279 1332 4334 reddebatur
1358 4279 1718 4335 diuturnitate
1755 4285 2034 4352 temporis,

462 4378 578 4422 tum
599 4368 721 4437 quia
740 4369 913 4438 magis
936 4370 1301 4439 despondebat
1322 4370 1582 4425 animum.
1606 4369 1672 4424 Et
1696 4372 1854 4439 paulo
1876 4384 1991 4441 post
2015 4389 2034 4427 :

2162 516 2259 570 τὸν
2318 515 2459 581 Ἰὼϐ,
2517 516 2837 587 βουλόμενος
2883 513 2952 567 τὰ
3001 512 3140 566 αὐτὰ
3194 512 3438 582 ποιῆσαι.
3481 511 3743 580 ’Ύστερον

2163 607 2342 663 λαϐὼν
2370 608 2641 673 ἐξουσίαν,
2673 606 2845 662 ταῦτα
2873 606 3157 677 πεποίηκε.
3196 605 3306 657 Καὶ
3338 604 3419 657 ὅτι
3443 604 3622 656 πάντα
3654 621 3742 654 πε-

2166 699 2585 771 ριπεφραγμένα
2607 694 2696 771 ἦν,
2730 699 2826 751 καὶ
2860 696 3033 751 ταῦτα
3064 697 3263 767 νοήσας
3288 697 3353 747 ἐκ
3382 694 3476 747 τοῦ
3507 693 3742 747 κεκωλύ-

2164 789 2308 843 σθαι’
2348 790 2671 862 βουλόμενος
2700 792 2873 843 ποιεῖν
2904 789 2971 842 τὰ
3008 788 3137 860 περὶ
3164 786 3258 840 τοῦ
3305 784 3446 851 Ἰὼϐ,
3477 780 3619 838 sine:
3662 786 3739 838 Σὺ

2160 881 2557 952 περιέφραξας
2580 883 2653 935 τὰ
2671 881 2794 935 ἔσω
2819 879 3007 935 αὑτοῦ
3031 879 3129 933 καί
3144 878 3216 932 τὰ
3238 878 3355 943 ἔξω
3372 878 3580 932 αὑτοῦ.
3610 878 3739 929 Πάν-

2159 990 2230 1027 τα
2269 969 2364 1027 οὖν
2413 974 2501 1043 ἐφ’
2537 974 2661 1027 ὅσον
2700 973 2761 1026 οὐ
2811 970 3009 1026 δίδοται
3039 971 3117 1041 τῷ
3161 969 3408 1041 διαϐόλῳ,
3437 970 3519 1025 σὺ
3547 972 3733 1039 περιέ-

2158 1059 2407 1129 somniac-

2159 1154 2262 1232 Στ.Δ
2273 1162 2364 1232 ιη’.
2394 1156 2525 1232 Ἔτι
2534 1155 3127 1232 τοότουέμλοῆντος,
3152 1153 3343 1232 ἄλλος
3357 1151 3733 1232 ﬁngat-(19)

2454 1225 2535 1292 τῷ
2572 1226 2691 1281 Ἰὼϐ
2694 1244 2707 1257 ⁶
2751 1225 2874 1279 Τῶν
2902 1223 3047 1297 υἱῶν
3074 1240 3191 1297 οξου
3224 1224 3322 1277 καὶ
3351 1223 3467 1297 τῶν
3490 1224 3732 1297 (ﬁngere-

2218 1292 2347 1362 ρων
2360 1312 2476 1351 σου
2497 1297 2824 1351 ἐσθιόντων
2846 1296 2944 1348 καὶ
2971 1295 3289 1362 πινόντων,
3302 1294 3460 1363 παρὰ
3475 1292 3555 1358 τῷ
3568 1292 3736 1347 ἀδελ-

2225 1366 2318 1434 φῷ
2347 1366 2547 1421 αὐτῶν
2565 1365 2646 1433 τῷ
2668 1365 3068 1435 πρεσϐυτέρῳ,

2155 1457 2248 1537 ΣτΖ
2283 1457 2367 1537 ιθ’.
2429 1459 2747 1537 Ἐξαί-ςρνῃς
2779 1456 3017 1537 πνεῦμα
3046 1456 3208 1537 μέγα⁹
3235 1454 3501 1524 ἐπῆλθεν
3524 1454 3599 1533 ἐκ
3628 1453 3735 1533 τῆς

2223 1527 2468 1596 ἐρήμου,
2502 1525 2605 1583 καί
2650 1529 2849 1597 ἥψατο
2876 1525 2996 1580 τῶν
3020 1525 3333 1597 τεσσάρων
3371 1525 3596 1597 τωξηῶν
3629 1525 3727 1592 τῆς,

2224 1594 2442 1664 οἰκίας,
2474 1600 2572 1653 καὶ
2604 1594 2826 1653 ἔπεσεν
2860 1599 2898 1664 ἡ
2941 1598 3099 1650 οἱκία
3114 1596 3313 1649 ἐπὶςτὰ
3343 1594 3548 1648 παιδία
3597 1610 3732 1655 σου,

2219 1668 2319 1723 καὶ
2370 1668 2791 1736 ἐτελεύτησαν.
2838 1668 3105 1734 Ἐσώθην
3134 1666 3201 1720 δὲ
3230 1666 3344 1736 ἐγὼ
3372 1666 3579 1736 μόνος,
3636 1666 3731 1718 καί

2080 1785 2124 1841 Β
2221 1735 2414 1810 ἦλθον
2443 1740 2549 1793 τοῦ
2582 1738 2938 1808 ἀπαγγεῖλαί
2953 1752 3072 1791 σοι.

2223 1830 2337 1902 (11)
2368 1830 2479 1894 Τὰς
2504 1830 2604 1901 μὲν
2633 1826 2725 1884 οὖν
2758 1829 3034 1901 καμήλους
3054 1827 3320 1898 πεποίηκε
3348 1825 3600 1895 γενέσθαι
3630 1824 3735 1878 ὑπὸ

2150 1921 2278 1985 τοὺς
2308 1922 2516 1984 ἱππεῖς,
2548 1922 2675 1983 τοὺς
2722 1919 2877 1983 ὅνους
2898 1918 2955 1971 δὲ
2987 1919 3082 1972 καὶ
3128 1918 3197 1971 τά
3243 1916 3408 1987 ζεύγη
3450 1917 3559 1970 τῶν
3594 1916 3732 1987 βοῶν

2152 2013 2257 2065 ὑπὸ
2308 2012 2434 2075 τοὺς
2476 2011 2990 2083 αἰχμαλωτίζοντας·
3026 2010 3093 2064 τά
3144 2009 3391 2081 πρόϐατα
3435 2009 3492 2063 δὲ
3525 2009 3729 2080 ἐμίσει.

2149 2104 2249 2157 Διά
2276 2103 2435 2157 τοῦτο
2467 2103 2580 2178 πῦρ
2615 2106 2699 2157 ἐπ’
2727 2104 2870 2158 αὺτά
2914 2105 3248 2175 κατήγαγεν.
3293 2102 3450 2156 Ἀλλά
3494 2103 3589 2155 καὶ
3622 2105 3733 2165 τοῖς

2149 2198 2287 2260 υἱοῖς
2315 2195 2697 2259 ἐπεϐούλευσε,
2732 2195 2920 2267 καιρὸν
2952 2196 3133 2267 ἐζήτει
3167 2194 3260 2249 τοῦ
3305 2194 3501 2256 αὐτοὺς
3533 2194 3731 2247 ἀπολέ-

2150 2306 2262 2343 σαι.
2302 2288 2366 2343 Εί
2397 2289 2622 2361 εὑρήκει
2654 2287 3142 2357 ἀναγινώσκοντας,
3177 2288 3277 2341 οὐκ
3318 2287 3383 2341 ἂν
3414 2286 3590 2357 ἥψατο
3630 2287 3733 2354 τῆς

2145 2378 2346 2445 οίκίας,
2395 2378 2517 2432 οὐδὲ
2565 2378 2729 2432 τόπον
2767 2373 2879 2449 εἶχε
2918 2375 3013 2430 τοῦ
3052 2376 3249 2440 αὐτοὺς
3285 2376 3624 2429 ἀποκτεῖναι.
3670 2376 3733 2427 Εἰ

2146 2471 2372 2542 εὑρήκει
2405 2469 2893 2541 προσευχομένους,
2928 2466 3080 2521 οὐδὲν
3109 2466 3339 2537 ἠδύνατο
3368 2467 3591 2536 ποιῆσαι
3612 2466 3732 2519 κατ’

2145 2563 2346 2618 αὐτῶν.
2386 2563 2527 2616 Ἀλλ’
2548 2564 2636 2617 ὅτε
2661 2562 2771 2633 (1'2)
2806 2555 2962 2633 εὗρεν
2997 2559 3299 2631 εὐκαιρίαν,
3330 2559 3535 2629 ίσχυσε.
3571 2560 3731 2621 Ποῖος

2143 2650 2237 2709 οὖν
2264 2656 2295 2709 6
2336 2654 2560 2727 καιρός;
2602 2653 2759 2724 Μέθη
2788 2648 2879 2724 ἦν,
2918 2651 3216 2722 συμπόσιον
3251 2646 3338 2722 ἦν.
3366 2650 3460 2715 T6,
3488 2650 3599 2703 τῶν
3624 2668 3732 2718 γω-

2143 2747 2273 2802 νιῶν
2308 2746 2407 2818 τῆς
2439 2745 2617 2809 οἰκίας
2651 2744 2891 2815 ἅψασθαι
2923 2743 2985 2797 τὸ
3022 2743 3260 2814 πνεῦμα,
3296 2742 3613 2812 ἐπίστησον,
3646 2742 3732 2795 ὅτι

2142 2839 2201 2894 ἐν
2232 2840 2353 2902 ταῖς
2382 2837 2489 2889 τῶν
2520 2836 2729 2906 γωνιῶν
2764 2836 3044 2901 πλατείαις
3070 2838 3119 2890 οἱ
3163 2835 3453 2905 ὑποκριταὶ
3490 2834 3731 2897 ἑστῶτες

2142 2928 2559 3003 προσεύχονταιο
2590 2930 2697 2992 πᾶς
2725 2929 2782 2982 δὲ
2822 2932 2850 2983 6
2876 2929 2951 3001 μὴ
2972 2927 3315 2999 ἐπιϐεϐηκὼς
3342 2926 3555 2989 εὐθείας
3583 2925 3729 2988 ὁδοῦ,

2140 3024 2264 3087 ταῖς
2296 3022 2519 3091 γωνίαις
2552 3021 2837 3093 κέχρηται.
2892 3021 3125 3074 Πλατεῖα
3164 3020 3221 3073 δὲ
3263 3018 3433 3089 γωνία
3473 3020 3507 3089 ή
3556 3016 3731 3087 πολλὴ

2065 3115 2110 3179 C
2142 3115 2237 3168 καὶ
2257 3113 2515 3185 ἀνειμένη
2535 3113 2722 3167 κακία.

2804 3205 2959 3258 ΚΕΦ.
2994 3205 3070 3257 B'.

2142 3297 2255 3371 (15)
2287 3296 2432 3369 Στίχ.
2469 3297 2533 3368 β’.
2567 3296 2677 3351 Καὶ
2706 3292 2877 3371 εἶπεν
2900 3298 2945 3371 μό
2971 3296 3184 3371 ζίύριος
3213 3292 3293 3358 τῷ
3320 3292 3594 3357 διαϐόλῳ
3619 3294 3734 3347 Πό⁹

2710 3370 2815 3420 θεν
2845 3366 2926 3420 σὺ
2970 3367 3118 3434 ἔρχῃ
3138 3381 3156 3428 ;

2223 3455 2401 3533 Ἐὼρα
2424 3461 2453 3513 6
2473 3459 2625 3525 Θεὸς,
2648 3459 2796 3523 ὅπως
2827 3458 3137 3530 αἰσχυνθεὶς
3170 3457 3467 3511 διεπονεῖτο
3491 3456 3521 3508 6
3550 3456 3729 3509 Σατα-

2139 3556 2255 3618 νᾶς.
2300 3556 2466 3609 Ὅταν
2510 3553 2567 3607 δέ
2622 3552 2915 3624 ἐπερωτῶν
2961 3552 3046 3623 ῐδῃ
3104 3549 3543 3620 ἀγνωμονοῦντα,
3602 3548 3730 3602 τότε

2139 3646 2352 3717 ἐλέγχει
2384 3644 2816 3715 κακουργοῦντα,
2846 3644 2921 3707 ὡς
2947 3643 3140 3714 ἧλεγξε
3164 3642 3255 3696 τὸν
3274 3642 3431 3697 Κάῖν.

2140 3824 2250 3898 (14)
2272 3827 2363 3882 Στ.
2391 3825 2456 3880 θ’.
2486 3825 2715 3895 Χρόνου
2741 3824 2809 3878 δὲ
2830 3826 3285 3898 προϐεϐηκότος,
3306 3820 3475 3880 εἶπεν
3504 3824 3668 3892 αὐτῷ
3690 3827 3730 3896 ἡ

2743 3895 2898 3967 γυνὴ
2915 3896 3121 3950 αὐτοῦ.

2212 3988 2354 4058 Ὄρα
2368 3986 2429 4041 τὸ
2443 3986 2771 4058 κακοῦργον.
2808 3986 2939 4041 Ὅτε
2966 3985 3133 4049 πολὺς
3154 3986 3336 4057 διῆλθε
3364 3986 3577 4058 χρόνος,
3599 3986 3728 4040 τότε

2138 4077 2459 4131 ἐπιτίθεταιο
2488 4077 2608 4131 τότε
2651 4076 2762 4148 γὰρ
2796 4076 3031 4148 μάλιστα
3060 4076 3161 4147 τῆς
3180 4076 3462 4147 δυνάμεως
3497 4076 3731 4141 ἐξασθε-

2137 4172 2238 4222 νεῖ.
2281 4170 2458 4223 Διπλᾶ
2490 4168 2561 4223 τὰ
2591 4170 2690 4241 τῆς
2736 4168 3021 4233 ἀσθενείας
3056 4163 3145 4239 ἦν,
3185 4167 3265 4239 τῷ
3291 4185 3349 4221 τε
3373 4168 3465 4222 τὸν
3486 4170 3730 4240 φέροντα

2141 4259 2531 4331 ἀσθενέστερον
2555 4258 2807 4329 γενέσθαι
2833 4258 2912 4330 τῷ
2948 4259 3224 4330 μήκειτοῦ
3259 4259 3472 4331 χρόνου,
3511 4261 3604 4313 καὶ
3645 4263 3733 4333 τῷ

2138 4349 2237 4420 τὴν
2279 4349 2470 4403 ἐλπίδα
2512 4348 2936 4420 ἀπογνωσθῆναι
2966 4350 3184 4421 μᾶλλον.
3224 4351 3336 4403 Καὶ
3360 4352 3489 4419 μετ’
3521 4352 3726 4420 ὀλίγα·

463 4460 542 4514 Ne
575 4460 740 4531 igitur
776 4462 1124 4516 attendamus
1150 4460 1277 4532 quia
1300 4477 1439 4516 uxor
1467 4473 1607 4526 erat,
1634 4464 1728 4519 sed
1752 4440 1881 4534 quid
1902 4480 2033 4519 con-

2162 4441 2229 4511 νίὴ
2267 4440 2445 4494 τοίνυν
2473 4441 2630 4495 τοῦτο
2667 4441 2889 4511 ἴδωμεν,
2917 4443 2998 4495 ὅτι
3027 4441 3185 4513 γυνὴ,
3219 4442 3357 4495 ἀλλά
3395 4443 3449 4495 τί
3484 4444 3732 4514 συμϐου-

460 4552 623 4608 sulat.
656 4552 770 4609 Hoc
821 4560 876 4607 et
915 4563 1113 4609 nostra:
1142 4553 1319 4609 aetatis
1349 4554 1660 4610 hominibus
1694 4571 1914 4622 moneo,
1963 4572 2031 4612 ne

457 4644 527 4697 ad
550 4660 902 4713 personarum
931 4645 1223 4717 dignitates
1254 4647 1573 4716 respiciant,
1600 4648 1692 4703 sed
1727 4648 1793 4701 ad
1815 4650 2031 4706 consilii

460 4735 703 4791 modum.
738 4736 885 4792 Uxor
910 4746 1015 4804 est,
1052 4746 1112 4792 ut
1140 4736 1385 4809 adjuvet,
1410 4755 1517 4794 non
1554 4749 1613 4795 ut
1637 4741 1964 4811 supplantat.

548 4900 614 4955 V.
644 4900 700 4956 9.
736 4898 885 4955 Dixit
914 4902 965 4956 ei
991 4916 1127 4956 uxor
1156 4901 1274 4973 ejus
1300 4918 1320 4958 :
1355 4902 1605 4970 Quandiu
1630 4904 1911 4959 sustinebis
1934 4904 1960 4958 2

526 5054 780 5112 Omnium
806 5057 1229 5126 praecedentium
1268 5061 1646 5117 machinarum
1675 5062 2025 5118 fortissimam

2135 4532 2301 4587 λεύει.
2346 4533 2517 4587 Τοῦτο
2560 4535 2656 4587 καὶ
2698 4537 2812 4598 τοῖς
2840 4534 2935 4589 νῦν
2967 4534 3278 4607 ἀνθρώποις
3324 4536 3596 4607 παραινῶ,
3643 4538 3729 4609 μὴ

2134 4625 2272 4695 πρὸς
2293 4625 2363 4678 τὰ
2382 4624 2489 4678 τῶν
2515 4624 2821 4697 προσώπων
2846 4626 3133 4697 ἀξιώματα
3152 4627 3389 4697 βλέπειν,
3412 4627 3550 4680 ἀλλὰ
3585 4628 3730 4699 πρὸς

2132 4718 2223 4771 τὸν
2256 4718 2456 4789 τρόπον
2500 4719 2600 4788 τῆς
2650 4718 2982 4789 συμϐουλῆς.
3022 4720 3164 4791 Γυνή
3211 4722 3358 4773 ἐστιν
3396 4720 3482 4773 ἵνα
3524 4720 3728 4793 βοηθῇ,

2133 4812 2231 4881 οὐχ
2260 4812 2346 4864 ἵνα
2366 4809 2720 4883 ὑποσκελίξῃ.

2135 4901 2245 4973 (15)
2274 4902 2364 4954 Στ.
2402 4900 2467 4954 θ’.
2501 4897 2691 4955 Εἶπεν
2711 4898 2872 4965 αὐτῷ
2905 4900 2944 4968 ἡ
2983 4900 3139 4973 γυνὴ
3180 4900 3387 4956 αὐτοῦ·
3417 4902 3605 4971 Μέχρι
3634 4903 3728 4957 τί-

2642 4988 2751 5036 νος
2782 4972 3207 5040 καρτερήσεις;

2202 5063 2277 5118 T6
2307 5063 2525 5119 πάντων
2571 5061 2983 5133 μηχανημάτων
3023 5062 3132 5116 τῶν
3167 5062 3547 5134 προλαϐόντων
3577 5065 3729 5133 ἰσχυ-

455 5158 733 5218 postremo
781 5147 902 5204 loco
946 5149 1193 5207 diabolus
1235 5153 1473 5209 adhibet.
1530 5154 1749 5211 Utinam
1787 5164 1843 5210 et
1885 5155 2028 5212 hanc

2162 5155 2347 5227 ότερον
2391 5153 2615 5225 ὕστερον
2644 5156 2673 5208 ὁ
2714 5153 2958 5216 διάϐολος
2987 5155 3275 5227 προσάγει.
3310 5153 3436 5210 Εἴθε
3462 5158 3557 5211 καὶ
3582 5158 3726 5211 ταύ-

456 5240 798 5307 accepisses!
832 5239 1054 5296 Utinam
1088 5257 1211 5298 cum
1242 5244 1427 5301 liberis
1450 5246 1757 5303 obruisses!
1793 5245 2023 5315 Quidam

2162 5265 2224 5319 ην
2253 5246 2473 5310 ἐλαϐεςῑ
2505 5246 2631 5300 Εἴθε
2654 5245 2793 5317 μετά
2818 5244 2926 5301 τῶν
2954 5247 3160 5301 παίδων
3180 5248 3527 5320 κατέχωσαςῐ
3554 5251 3723 5315 Τινὲς

456 5346 587 5385 vero
621 5331 825 5396 dicunt,
852 5348 958 5388 non
1000 5349 1121 5392 esse
1167 5338 1360 5393 uxoris
1391 5353 1455 5393 ca
1506 5340 1690 5407 verba,
1721 5340 1814 5395 sed
1848 5340 2022 5410 ipsum

2162 5340 2183 5393 ἑ
2210 5355 2371 5410 φασιν
2399 5338 2519 5392 οὐδὲ
2533 5338 2632 5408 τῆς
2656 5338 2915 5407 γυναικὸς
2934 5334 3073 5393 εἶναι
3100 5339 3170 5394 τὰ
3198 5342 3440 5412 ῥήματα,
3469 5342 3586 5396 ἀλλ’
3620 5344 3723 5396 ai»

530 5450 572 5483 ⁵³
600 5448 618 5503 |
650 5450 800 5506 Pctr.
834 5467 888 5519 ν,
907 5451 961 5508 8.
1039 5455 1087 5487 "
1113 5455 1215 5512 Job
1268 5474 1307 5524 ι,
1337 5460 1427 5514 10.

526 5566 650 5655 (10).
673 5570 1073 5655 ῡεεειβρχετριι
1100 5574 1183 5629 vel
1211 5571 1475 5655 ἦλθεηῐιί-
1507 5578 1611 5655 duo
1657 5596 1845 5638 versus
1902 5590 2026 5638 sunt
2208 5580 2325 5655 (β)
2362 5578 2435 5633 Ex
2467 5580 2656 5655 eodem
2684 5581 2806 5635 cod.
2830 5578 2997 5649 Nam,
3024 5579 3113 5636 ubi
3145 5579 3488 5648 inscribitur.
3526 5583 3715 5655 Ὀλυμ.

455 5657 519 5696 cx
537 5638 953 5719 ειεξιτ-Νεφελἱῶ
979 5638 1335 5719 (iuramenta.
1362 5648 1415 5700 in
1442 5648 1565 5705 Job.

2162 5638 2425 5719 τιοδώρου,
2475 5650 2799 5719 Ὡριγένους.

549 5670 673 5693 υμι.
707 5670 953 5697 uatum-0
979 5670 1335 5698 uurumemur.
1362 5670 1415 5700 m
1442 5670 1565 5705 δυο.

665 5709 884 5796 Earlier".
920 5724 959 5767 t.
990 5700 1102 5787 XII,
1128 5716 1233 5773 col.
1266 5717 1421 5775 1051.

2162 5670 2425 5719 τιοοωρου,
2490 5670 2530 5703 ιι
2575 5670 2799 5719 ιγενους.

2207 5722 2318 5796 (tl)
2345 5722 2419 5796 hi}
2449 5670 2571 5796 οωίί
2607 5721 2736 5796 gen.
2775 5718 3117 5796 xx_t_._{Iouicr
3142 5732 3197 5777 et
3228 5721 3603 5793 Olympiodor.

530 5780 641 5851 (12)
663 5780 825 5839 Forte
844 5782 946 5839 ὅτι.
1088 5780 1098 5787 ’

2210 5780 2322 5862 (15)
2352 5791 2429 5848 Ex
2455 5791 2577 5851 cod.
2613 5788 2803 5848 Vcnct.
2839 5789 2944 5847 558

1398 5892 1473 5908 .-Α
