3878 6212
200 321 254 375 61
1425 317 1872 376 ENARIlATlON
1878 319 1961 377 ES
1995 320 2064 378 IN
2101 321 2246 380 JOB.
3374 325 3445 380 62

196 433 277 486 τὸν
301 432 376 496 είς
405 430 576 504 αὐτὴν
598 431 921 488 τυπωθέντα
945 431 1117 486 ταῦτα
1134 432 1491 503 φθέγγεσθαι·
1514 434 1636 488 οὐδὲ
1660 433 1744 503 γάι

1873 451 1992 492 eam
2024 445 2506 508 repraesentantem
2558 437 2674 491 haec
2723 435 2890 491 fuisse
2944 435 3223 500 loculum;
3268 453 3447 507 neque

193 521 255 596 ἦν
282 526 380 595 τὴν
401 528 632 594 γυναῖκα
658 525 754 580 τοῦ
794 525 912 580 ἰὼϐ
940 527 1197 597 τοιαύτην
1227 521 1386 578 εἶναι·
1420 526 1563 597 πλὴν
1603 526 1656 579 εί
1681 543 1766 589 τις

193 617 346 686 λέγοι,
381 619 638 688 συμφορᾷ
657 619 1114 689 περιτραπεῖσαν,
1137 617 1394 689 τοιαύτην
1414 617 1583 689 αὐτὴν
1615 617 1766 686 γενέ-

191 709 324 763 σθαι.
356 708 469 763 Kal
502 711 629 778 μετ’
654 710 847 779 ὀλίγον
885 710 1048 772 Είκδς
1090 709 1150 762 οὐ
1183 708 1388 780 ταύτην
1421 707 1646 782 πρώτην
1673 725 1766 777 γε-

186 798 444 870 γενῆσθαι
474 801 573 872 τὴν
599 800 930 873 συμϐουλὴν,
975 800 1114 854 ἀλλά
1142 801 1401 864 πολλάκις
1429 799 1600 854 πολλά
1641 799 1766 854 τού-

183 910 283 944 των
333 892 572 946 ἀκοῦσαι
613 891 973 966 χαλεπώτερα
1008 893 1159 964 παρά
1186 894 1285 963 τῆς
1313 893 1591 961 γυναικός.
1623 893 1764 965 Ὅρα

181 985 490 1057 διαϐολικὴν
507 986 744 1057 ἀπάτην.
780 986 1058 1057 Ἐνενόησε
1074 985 1174 1057 τὴν
1197 985 1359 1041 Εὕαν.
1381 986 1570 1052 Τοῦτο,
1607 985 1760 1058 φησὶ,

179 1077 266 1130 τὸν
296 1078 519 1150 πρῶτον
546 1081 886 1150 κατήνεγκεν
923 1078 1230 1150 ἄνθρωπον·
1255 1077 1412 1131 τοῦτο
1441 1080 1536 1132 καὶ
1567 1078 1762 1132 τούτου

180 1169 561 1241 περιγενέσθαι
602 1171 908 1242 δυνήσεται.
955 1170 1116 1236 Ἀλλ’,
1147 1163 1194 1224 ὦ
1224 1169 1375 1226 ἄθλιε
1404 1171 1500 1225 καὶ
1529 1171 1755 1242 ἀνόητεί

177 1259 377 1311 ἐκεῖνον
405 1259 608 1329 ἥττονα
631 1258 866 1330 γαστρὸς
895 1258 1149 1330 εὑροῦσα,
1177 1259 1253 1314 ίὺν
1270 1259 1493 1330 ἔσπειρε
1519 1260 1610 1314 τὸν
1635 1261 1760 1313 ἐαυ-

174 1349 287 1419 τῆς.
328 1349 536 1403 Τοῦτον
574 1349 632 1402 δὲ
674 1351 807 1420 ὁρᾷς
840 1349 1257 1419 φιλοσοφοῦντα,
1291 1349 1386 1402 καὶ
1412 1349 1582 1420 αὐτῆς
1605 1367 1760 1421 περι-

173 1441 465 1512 γενόμενον
509 1443 608 1514 τῆς
664 1441 896 1512 φύσεως.
929 1443 1044 1496 Οὐκ
1077 1443 1398 1513 ὲπέκαμψεν
1426 1443 1592 1496 αὑτὸν
1620 1461 1756 1514 χρη-

173 1531 360 1602 μάτων
401 1531 671 1598 ἀπώλεια,
705 1532 825 1586 οὺδὲ
875 1531 1080 1584 παίδων
1115 1532 1343 1594 Θάνατος
1376 1529 1581 1601 ξάωρος,
1633 1531 1755 1584 οὐδὲ

172 1623 406 1692 βάσανος
434 1623 686 1695 σώματος
721 1623 1174 1696 ἀπαραμύθητος,
1211 1622 1331 1676 οὐδὲ
1365 1623 1558 1693 χρόνου
1583 1622 1756 1694 μῆκος

167 1714 442 1770 τοσοῦτον.
479 1717 591 1770 Καὶ
619 1717 712 1770 τὸν
745 1717 850 1770 ὑπὸ
885 1717 1226 1789 πραγμάτων
1257 1716 1356 1785 οὐχ
1384 1715 1603 1781 ἁλόντα,
1627 1713 1752 1768 τοῦ-

166 1827 257 1862 τον
288 1809 400 1863 ὑπὸ
428 1808 602 1878 λόγων
629 1810 934 1881 προσδοκᾷς
966 1806 1361 1880 χειρώσασθαι;

777 1900 890 1955 Τοῦ
942 1901 1150 1956 αὑτοῦ.

235 1993 303 2045 Τί
321 1992 420 2047 τὸν
445 1991 685 2065 ἀθλητὴν
723 1993 967 2060 ὲκλύεις;
998 1992 1064 2046 Τί
1093 1991 1478 2056 καταστέλλείς
1509 1991 1610 2055 τάς
1638 1991 1749 2061 χεῖ-

167 2103 297 2155 ρας;
331 2085 454 2138 δέον
472 2086 650 2140 εἰπεῖν
684 2084 827 2140 κατά
855 2085 948 2139 τὸν
990 2081 1330 2140 ’Δπόστολονο
1368 2087 1491 2139 Ἔτι
1508 2084 1745 2154 μικρὸν,

162 2178 248 2230 ἔτι
264 2179 510 2247 μικρόν.

163 2272 251 2328 Στ.
287 2271 354 2329 θ’.
400 2269 555 2325 Ἀλλ’
580 2264 757 2326 εἶπόν
804 2287 860 2324 τι
897 2271 1065 2395 feign
1102 2270 1216 2344 (16)
1253 2274 1342 2338 εις
1371 2271 1609 2339 Κύριον,
1650 2269 1749 2323 καὶ

821 2358 902 2394 τε.
1003 2359 1093 2395 τα.

821 2358 996 2395 τε.ιευ
1003 2359 1072 2395 τα
1079 2381 1093 2395 .

229 2430 393 2484 Μετά
412 2431 477 2484 τὺ
502 2432 603 2504 τὴν
617 2431 923 2503 τραγῳδίαν
949 2432 1194 2503 ἀκριϐῶς
1222 2433 1603 2504 διηγήσασθαι,
1626 2436 1746 2490 τότε

159 2524 256 2594 τὴν
283 2525 644 2595 ἀναίσχυντον
690 2526 941 2594 ἐπιφέρει
984 2525 1314 2597 συμϐουλήν.
1347 2527 1458 2580 Καὶ
1493 2528 1612 2581 οὐδὲ
1651 2529 1748 2582 αὑ-

158 2615 235 2685 τῷ
267 2616 524 2688 φανερῶς
545 2613 690 2681 εἶπε,
719 2617 1136 2689 Βλασφήμησον.
1161 2619 1223 2670 OE
1249 2617 1356 2692 γὰρ
1376 2621 1588 2692 πονηρὰ
1611 2639 1746 2693 συμ-

157 2709 512 2774 ϐουλεύοντες
562 2713 623 2762 οὐ
671 2709 943 2781 τολμῶσιν
1000 2710 1528 2784 ἀνακεκαλυμμένην
1591 2714 1743 2768 εἰσά-

157 2818 274 2868 γειν
313 2802 420 2873 τὴν
454 2801 783 2872 συμϐουλήν.
826 2801 892 2854 Τί
929 2801 1128 2869 λέγεις,
1160 2796 1205 2854 ὧ
1234 2802 1425 2871 γύναι;
1460 2803 1588 2858 Δέον
1633 2803 1744 2870 ἐξι-

157 2889 493 2954 λεώσασθαι,
529 2891 647 2945 δέον
676 2890 1023 2957 καταλλάξαι,
1047 2891 1346 2962 παροξῦναι
1376 2894 1573 2964 μᾶλλον
1605 2912 1746 2967 παρ-

155 2985 363 3048 αινεῖς,
419 2983 481 3035 El
513 2983 622 3055 γάρ
663 2984 692 3036 6
726 2983 858 3047 Θεὸς
890 2982 1063 3036 ταῦτα
1093 2984 1341 3056 ἐποίησε,
1368 2987 1744 3058 παρακαλέσαι

153 3075 338 3141 αὑτὸν,
381 3076 446 3128 οὑ
493 3075 882 3148 βλασφημῆσαι
913 3077 1013 3130 δεῖ.
1049 3075 1218 3132 Πόθεν
1255 3077 1312 3130 δὲ
1337 3075 1517 3147 δῆλον,
1547 3081 1630 3132 ὅτι
1651 3079 1745 3134 καὶ

1867 529 2011 582 enim
2039 537 2255 598 poterat
2301 544 2439 583 uxor
2465 527 2584 583 Jobi
2617 542 2741 582 esse
2778 527 3109 597 lmjusmodi.
3159 526 3271 581 Nisi
3319 530 3444 598 quis

1866 619 2037 685 dicat,
2067 619 2382 676 calamitate
2419 628 2701 685 mutatam,
2740 633 2860 673 eam
2893 619 3052 673 talem
3077 619 3339 676 evasisse.
3376 620 3442 674 Et

1865 720 1980 781 post
2007 726 2222 780 pauca:
2249 711 2480 766 Videtur
2506 725 2612 764 non
2647 711 2754 765 hoc
2801 710 3033 779 primum
3067 709 3234 764 fuisse
3263 711 3440 764 cousi-

1865 802 2022 868 lium,
2047 803 2142 859 sed
2173 817 2320 873 saepe
2359 803 2526 856 multa
2562 802 2684 857 istis
2714 802 2966 872 graviora
2999 801 3067 855 ab
3097 817 3264 855 uxore
3288 803 3443 855 inau-

1863 895 2088 951 divisse.
2120 895 2356 950 Attende
2385 893 2705 949 diabolicam
2729 894 3126 949 seductionem.
3150 892 3438 961 Recogita-

1861 986 1942 1041 vit
1978 986 2169 1041 Evam.
2211 986 2348 1053 Hoc,
2376 987 2575 1056 inquit,
2602 988 2838 1056 primum
2872 985 3236 1056 praacipitavit
3266 983 3442 1038 homi-

1861 1092 2026 1134 nem:
2059 1078 2161 1134 hoc
2210 1079 2374 1134 istum
2427 1093 2648 1148 quoque
2689 1094 2948 1150 superare
2999 1079 3214 1146 poterit.
3251 1078 3381 1142 Sed,
3405 1094 3440 1130 ο

1861 1169 2030 1224 miser
2050 1178 2108 1224 et
2138 1167 2366 1224 stolide!
2406 1164 2560 1222 illum
2594 1171 2773 1225 ventri
2809 1171 3104 1225 obnoxium
3133 1177 3308 1232 nacta,
3342 1183 3437 1222 ve—

1861 1275 2056 1315 nenum
2082 1260 2369 1328 inspiravit
2399 1275 2582 1314 suum.
2613 1262 2686 1315 At
2727 1262 2874 1315 hunc
2902 1261 3056 1315 vides
3093 1261 3279 1314 virtuti
3311 1275 3438 1328 ope-

1861 1365 1975 1405 ram
1998 1352 2239 1415 dantem,
2271 1362 2326 1408 et
2350 1352 2639 1421 ipsammet
2661 1363 3002 1422 superantem
3028 1360 3296 1406 naturam.
3317 1349 3431 1405 Non

1857 1456 1981 1496 eum
2033 1442 2244 1496 inﬂexit
2297 1441 2612 1498 facultatum
2671 1444 2916 1509 amissio,
2966 1459 3071 1497 non
3133 1443 3426 1498 liberorum

1858 1546 2007 1587 mors
2036 1532 2350 1600 immatura,
2375 1548 2484 1588 non
2502 1535 2750 1603 corporis
2775 1543 2981 1588 tortura
3003 1535 3432 1597 inconsolabilis,

1857 1636 1958 1678 nec
2007 1623 2274 1694 temporis
2321 1633 2470 1679 tanta
2526 1625 2879 1680 diuturnitas.
2922 1626 3138 1695 Ergone
3185 1627 3432 1694 eumqui

1857 1717 2019 1770 rebus
2049 1715 2180 1785 ipsis
2213 1717 2394 1772 victus
2425 1732 2528 1772 non
2570 1718 2696 1786 fuit,
2721 1718 2906 1774 verbis
2935 1728 2989 1774 te
3020 1720 3230 1774 huncce
3273 1721 3435 1773 suba-

1785 1793 1827 1848 Β
1856 1816 2073 1863 cturum
2114 1808 2438 1864 existimas?

2506 1899 2785 1969 Ejusdem.

1926 1990 2066 2058 Quid
2101 1991 2363 2047 athletam
2393 1991 3168 2058 labefactas?Quidcontraliis
3206 2005 3420 2054 manus,

1854 2098 1978 2139 cum
2018 2090 2295 2152 oporteret
2321 2083 2502 2138 dicere
2545 2097 2669 2137 cum
2712 2083 2971 2153 Apostolo
3000 2100 3015 2137 :
3047 2084 3232 2136 Adhuc
3257 2083 3427 2136 modi-

1853 2192 1996 2240 cum,
2027 2177 2201 2230 adhuc
2227 2176 2492 2230 modicum
2523 2174 2682 2228 '3'”?

1854 2267 1920 2323 ν.
1942 2268 1996 2325 9.
2022 2267 2129 2324 Sed
2149 2268 2236 2322 dic
2259 2268 2471 2336 aliquod
2495 2269 2703 2322 verbum
2729 2283 2783 2321 tn
2807 2265 3114 2333 Dominum,
3140 2277 3185 2320 et
3203 2281 3429 2323 morere.

1923 2425 2215 2497 Postquam
2238 2425 2542 2481 luctuosum
2563 2434 2816 2480 eventum
2842 2425 3133 2495 diligenter
3155 2424 3428 2492 exposuit,

1857 2527 1987 2572 tunc
2017 2517 2305 2588 impudens
2354 2517 2565 2588 profert
2588 2517 2902 2574 consilium.
2954 2515 3140 2588 Neque
3165 2516 3214 2571 ei
3247 2517 3428 2568 mani~

1858 2611 1996 2666 {este
2020 2612 2158 2667 dixit
2178 2630 2191 2666 :
2213 2611 2672 2682 Blasphema.Qui
2692 2611 2836 2666 enim
2861 2609 3092 2679 maligna
3112 2607 3424 2667 consulunt.

1853 2721 1960 2760 non
1993 2707 2191 2760 audent
2235 2715 2484 2777 apertum
2531 2705 2728 2759 all‘erre
2753 2701 3065 2760 consilium.
3093 2700 3233 2766 Quid
3260 2699 3363 2762 ais,
3395 2712 3429 2750 ο

1853 2797 2028 2854 uxor?
2050 2797 2183 2852 Cum
2225 2812 2451 2854 necesse
2483 2798 2664 2868 potius
2691 2803 2840 2851 esset
2869 2793 3142 2862 placatum
3173 2789 3425 2854 reddere,

1850 2905 1976 2946 cum
2008 2903 2233 2946 necesse
2260 2898 2409 2944 esset
2444 2887 2773 2952 conciliare,
2818 2885 3038 2938 irritare
3074 2882 3254 2952 potius
3300 2894 3428 2934 sua-

1852 2984 1982 3039 des?
2007 2981 2063 3037 Si
2099 2983 2246 3037 cnim
2279 2981 2395 3036 haec
2427 2981 2570 3035 Deus
2621 2978 2780 3043 fecit,
2817 2990 3050 3031 exorare
3097 2973 3272 3040 illum,
3317 2987 3424 3026 non

1851 3075 2238 3145 blasphemare
2259 3081 2492 3143 oportet.
2520 3071 2676 3126 Unde
2709 3079 2888 3124 autem
2933 3067 3125 3135 liquet,
3155 3062 3298 3135 quod
3329 3062 3419 3116 ubi

154 3170 438 3240 ἐρώμενον
478 3169 589 3239 (l7)
624 3169 962 3240 τελευτήσω;
989 3167 1135 3239 Πλὴν
1167 3169 1269 3240 ὅρα
1300 3170 1449 3233 ὅπως
1475 3166 1587 3242 εἶχε
1621 3172 1744 3244 περὶ

1853 3175 2168 3223 exsecratus
2185 3165 2362 3231 fuero,
2387 3164 2592 3219 moriar
2611 3162 2636 3216 τ
2657 3161 3042 3216 Verumtamen
3070 3156 3288 3211 attende
3318 3170 3423 3225 qua

152 3260 250 3331 τῆς
281 3260 638 3331 βλασφημίας
666 3262 700 3331 ἡ
752 3262 910 3332 γυνή.
953 3262 1164 3332 Ὠσπερ
1205 3262 1549 3334 παραχρῆμα
1577 3263 1746 3335 αὐτὴν

153 3352 389 3406 θάνατον
415 3352 645 3421 ἐπάγειν
682 3353 873 3423 ἱκανὴν
905 3356 1114 3425 ἠγεῖτο.
1693 3379 1696 3382 ·

151 3443 265 3514 (18)
295 3444 395 3496 Στ.
427 3450 479 3496 ι’.
510 3445 586 3516 ΕΙ
615 3444 698 3516 τὰγ
717 3445 907 3516 ἀγαθὰ
937 3446 1265 3514 ἐδεξάμεθα
1294 3447 1363 3500 ἐκ
1397 3446 1596 3516 χειρός
1626 3450 1744 3502 Κυ-

450 3515 612 3582 ρίου,
643 3515 713 3568 τὰ
751 3515 902 3569 κακὰ
938 3518 1051 3586 οὐχ
1076 3518 1446 3586 ὐποίσομεν;

230 3607 290 3661 '0
331 3607 446 3678 γὰρ
500 3607 771 3679 μακάριος
809 3603 983 3674 οὗτος,
1029 3609 1362 3680 πανταχόθεν
1397 3607 1740 3680 βαλλόμενος,

150 3698 563 3772 ἀσφαλέστερον
594 3703 797 3766 ἵστατο,
829 3703 923 3757 καί
955 3704 1125 3775 μυρία
1152 3704 1278 3774 βέλη
1309 3704 1618 3774 δεχόμενος,
1645 3702 1744 3755 οὐκ

151 3789 410 3842 ἐνεδίδου.
456 3791 593 3844 Ἀλλ’
617 3792 850 3845 ὲκένωσε
881 3793 980 3863 μὲν
1010 3793 1104 3846 τοῦ
1133 3793 1378 3847 διαϐόλου
1406 3792 1504 3864 τὴν
1533 3791 1744 3863 βελοθή-

151 3896 276 3949 κην,
307 3878 476 3943 αὐτὸς
496 3880 552 3933 δὲ
575 3882 635 3934 οὐ
671 3883 990 3949 κατέπεσεν,
1016 3884 1135 3937 οὐδὲ
1160 3883 1544 3954 ὑπεσκελίσθη.
1593 3883 1743 3936 Ἀλλ’

149 3969 346 4044 ῶσπερ
379 3970 600 4040 ἀριστος
629 3972 988 4044 κυϐερνήτης,
1005 3972 1128 4028 οὔτε
1164 3974 1497 4046 μαινομένης
1520 3975 1616 4045 τῆς
1654 3975 1743 4028 θα-

149 4061 388 4132 λάσσης,
424 4063 518 4115 κα)⁹
556 4064 662 4116 τῶν
683 4065 944 4136 κυμάτων
969 4065 1380 4137 διεγειρομένων
1423 4068 1741 4120 κατεποντί-

149 4155 296 4217 Cato,
342 4154 467 4208 οὔτε
497 4156 738 4228 γαλήνης
759 4157 927 4229 οὔσης
950 4157 1084 4230 ραθυ
1093 4159 1317 4230 μότερος
1338 4159 1565 4227 ἐγίνετο.
1601 4160 1740 4213 Ἀλλ’

151 4249 211 4300 ὲν
244 4249 489 4319 ἑκατέρα
515 4252 581 4320 τῇ
624 4250 731 4302 τῶν
764 4251 975 4323 καιρῶν
1007 4251 1241 4323 διαφορᾷ
1273 4251 1394 4322 ἴσην
1421 4252 1520 4322 τὴν
1544 4252 1738 4306 ἑαυτοῦ

146 4339 356 4410 τέχνην
385 4339 692 4411 διετήρησε.
722 4341 832 4394 Καὶ
847 4340 970 4394 οὔτε
1004 4340 1233 4405 πλοῦτος
1255 4342 1444 4396 ἑαυτὸν
1471 4343 1580 4414 (19)
1618 4344 1740 4412 ἐφύ-

147 4447 346 4500 σησεν,
381 4428 503 4482 οὔτε
528 4431 686 4483 πενία
719 4431 1096 4494 ἐταπείνωσεν,
1122 4431 1265 4495 οὔτε,
1305 4432 1448 4486 κατὰ
1473 4431 1599 4503 ροὖν
1629 4434 1739 4487 τῶν

1848 3257 2118 3314 sententia
2148 3265 2296 3312 esset
2342 3255 2530 3311 isthmc
2565 3253 2762 3308 mulier
2797 3252 2974 3322 quoad
3013 3247 3420 3320 blasphemiam.

1847 3350 2151 3422 Reputabat
2181 3349 2390 3406 scilicet
2411 3364 2530 3404 eam
2550 3363 2711 3418 posse
2732 3347 2913 3402 statim
2936 3353 3162 3399 mortem
3199 3341 3422 3397 inferre.

1847 3445 1912 3499 V.
1947 3443 2036 3498 10.
2065 3444 2123 3498 Si
2169 3443 2304 3497 bona
2340 3442 2665 3510 suscepimus
2704 3439 2767 3492 de
2805 3453 2966 3510 manu
3008 3435 3246 3501 Domini,
3277 3432 3421 3487 mala

2364 3530 2469 3566 non
2494 3508 2865 3564 Sustinebimus
2885 3508 2910 3560 1’

1923 3605 2128 3661 Beatus
2158 3606 2258 3660 iste
2282 3605 2518 3673 undique
2539 3599 3018 3670 circumpulsatus,
3046 3597 3292 3653 securius
3307 3603 3421 3651 sta-

1843 3699 1959 3764 bat,
1995 3707 2050 3754 et
2086 3697 2298 3752 inﬁnita
2349 3695 2652 3765 suscipiens
2694 3692 2823 3758 tela,
2872 3706 2978 3746 non
3014 3690 3258 3745 cedebat.
3311 3689 3420 3744 Sed

1841 3790 2130 3846 evacuavit
2160 3789 2380 3858 quidem
2404 3785 2605 3842 diaboli
2645 3785 2982 3856 pharetram,
3021 3782 3138 3850 ipse
3164 3794 3296 3834 vero
3322 3795 3420 3832 ne-

1843 3895 2111 3950 quaquam
2140 3878 2400 3945 concidit,
2430 3892 2606 3945 neque
2642 3875 2941 3930 subversus
2973 3883 3079 3928 est.
3107 3872 3214 3926 Sed
3250 3871 3416 3926 veluti

1841 3971 2082 4041 optimus
2132 3979 2372 4042 proreta,
2403 3983 2579 4036 neque
2634 3967 2849 4021 furente
2899 3965 3014 4019 salo
3061 3963 3421 4030 excitatisque

1842 4059 2096 4116 ﬂuctibus
2129 4059 2616 4129 submergebatur;
2646 4072 2820 4126 neque
2849 4055 3128 4108 obtinente
3159 4051 3415 4119 malacia,

1842 4153 2201 4224 negligentior
2233 4161 2369 4207 erat.
2412 4150 2516 4205 Sed
2555 4150 2607 4204 in
2657 4159 2885 4216 utraque
2931 4157 3237 4214 temporum
3262 4145 3417 4210 .vice,

1841 4247 2105 4316 aequalem
2146 4255 2320 4300 artem
2353 4260 2508 4299 suam
2545 4243 2924 4299 conservabat.
2963 4241 3030 4294 Et
3071 4252 3246 4308 neque
3279 4237 3418 4291 divi-

1842 4340 1932 4394 tia:
1960 4339 2107 4393 illum
2141 4337 2422 4402 inﬂavere,
2464 4350 2638 4405 neque
2665 4343 2959 4405 paupertas
2988 4332 3182 4402 dejecit
3208 4329 3416 4391 animo,

1843 4447 2018 4503 neque
2057 4447 2229 4502 prono
2274 4431 2430 4485 alveo
2480 4431 2646 4485 rebus
2676 4428 2789 4483 suis
2827 4424 3152 4486 ﬂuentibus,
3185 4419 3418 4491 supinus

150 4496 500 4592 πραγμάτων
521 4523 858 4592 φερομένων,
876 4520 1066 4586 ὕπτιος
1092 4518 1160 4594 ἦν
1187 4523 1280 4576 καὶ
1302 4496 1732 4590 ἀναπεπτωκὼς,

1853 4496 1963 4581 erat
1995 4496 2301 4595 et'segnes.
2343 4523 2598 4590 Quinimo
2651 4535 2718 4574 ne
2768 4528 2878 4573 tota
2895 4517 3111 4585 quidem
3137 4525 3418 4582 propemoo

146 4611 298 4677 οὔτε,
334 4613 462 4684 ὅλης
493 4614 678 4684 σχεδὸν
706 4614 804 4684 τῆς
835 4614 1042 4678 οἰκείας
1066 4615 1177 4684 (20)
1199 4616 1622 4686 ἀνατραπείσης,
1643 4617 1737 4670 καὶ

147 4701 518 4774 πανολεθρίας
550 4703 867 4774 γενομένης,
894 4703 1242 4776 διεταράχθη,
1269 4706 1364 4758 καὶ
1386 4705 1484 4778 τὴν
1516 4707 1736 4778 ἀνδρίαν

145 4794 349 4865 ἡλεγξε
375 4793 472 4864 τὴν
503 4794 715 4849 ἑαυτοῦ.
761 4794 1130 4849 Ἀκουέτωσαν
1163 4795 1427 4860 πλούσιοι,
1461 4797 1734 4850 ἀκουέτω-

147 4898 252 4941 σαν
283 4880 542 4952 πένητεςσ
575 4882 858 4950 ἑκατέροις
908 4883 1018 4953 γὰρ
1059 4885 1120 4937 τὸ
1153 4885 1396 4956 διήγημα
1443 4887 1733 4958 χρήσιμον,

147 4973 244 5027 καὶ
292 4975 462 5027 πᾶσιν
495 4972 803 5044 ἀνθρώποις
833 4976 868 5046 ἠ
905 4974 1118 5047 ἱστορία
1148 4976 1456 5048 λυσιτελής·
1486 4978 1581 5031 καὶ
1621 4982 1735 5042 τοῖς

145 5067 205 5119 ὲν
235 5065 535 5136 εὐημερίᾳ,
580 5067 675 5119 καὶ
707 5069 820 5131 τοῖς
863 5068 921 5120 ὲν
951 5071 1277 5139 συμφοραῖς.
1325 5071 1597 5141 Ἐκάτερα
1625 5073 1733 5144 γὰρ

145 5159 215 5211 τὰ
245 5157 393 5210 ὅπλα
420 5157 803 5229 μεταχειρίσας
834 5159 863 5212 6
885 5159 984 5228 τῆς
1013 5159 1293 5224 εὐσεϐείας
1329 5161 1654 5234 ἀγωνιστὴς,
1704 5165 1734 5216 6

145 5249 247 5318 τῆς
267 5249 595 5320 οἰκουμένης
617 5249 961 5322 στεφανίτης,
988 5251 1046 5302 ὲν
1068 5250 1350 5322 ἑκατέροις
1385 5251 1447 5305 τὸ
1475 5253 1733 5325 τρόπαιον

147 5338 370 5410 ἔστησε·
424 5341 518 5394 καὶ
573 5340 709 5410 πρὸς
758 5343 865 5394 πᾶν
892 5337 1032 5405 εἶδος
1071 5341 1308 5413 πολέμου
1346 5343 1441 5396 τοῦ
1483 5345 1733 5415 δαίμονος

219 5478 342 5509 ω-ιι
370 5463 534 5532 llebr.
563 5493 618 5543 κ,
643 5477 734 5535 37.

225 5597 341 5668 (lii)
370 5596 502 5668 god.
547 5598 720 5668 Ὠριγ.
748 5598 826 5661 είς
847 5599 922 5652 τό’
966 5600 1129 5653 Ἀλλ’
1150 5593 1322 5651 εἶπόν
1352 5615 1401 5650 τι
1420 5594 1605 5664 ῥῆμα.

227 5666 340 5738 (Π)
372 5666 531 5738 Forte
561 5666 862 5738 ἀρῲμενον.

229 5737 449 5810 ιιδμλ
477 5736 614 5791 cod.
645 5736 780 5810 Nan.
809 5741 905 5810 ubi
957 5739 1146 5794 titulus
1181 5739 1585 5810 Χρυσοστόμου,
1641 5738 1721 5789 Ὠ-

155 5824 268 5882 ριγ.
307 5807 682 5879 Clirysostomi
710 5809 885 5880 potius
917 5811 1150 5880 videtur,
1177 5807 1244 5868 de
1271 5811 1423 5882 cujus
1446 5807 1716 5867 commen-

1839 4619 1966 4673 dum
2000 4632 2191 4672 eversa
2224 4617 2407 4682 domo,
2439 4623 2496 4668 ct
2517 4612 2740 4666 interitu
2784 4609 3153 4677 contingente,
3191 4612 3419 4658 conlur-

1840 4708 1998 4760 batus
2025 4715 2130 4769 est,
2161 4714 2216 4759 et
2249 4719 2360 4759 sua:
2392 4702 2610 4756 virtutis
2642 4698 2920 4754 luculenta
2964 4695 3136 4749 edidit
3165 4693 3415 4748 testimo-

1838 4796 1948 4850 nia.
1976 4795 2252 4849 Audiunto
2282 4791 2499 4857 divites,
2531 4790 2792 4844 audiunto
2828 4799 3095 4857 pauperes
3125 4803 3140 4838 ε
3167 4783 3416 4849 utrisque

1798 4911 1802 4914 -
1837 4885 1986 4938 enim
2012 4885 2254 4938 narratio
2285 4882 2553 4952 perutilis,
2589 4889 2645 4935 et
2682 4879 2933 4934 omnibus
2977 4875 3286 4931 hominibus
3320 4872 3406 4926 hi-

1838 4976 2013 5030 storia
2039 4985 2122 5030 est
2147 4976 2412 5043 prolicua,
2440 4975 2553 5029 sive
2576 4973 2627 5026 in
2652 4971 3011 5041 prosperitate
3039 4967 3172 5030 sint,
3205 4966 3321 5019 sive
3350 4963 3405 5019 in

1836 5069 2263 5126 calamitatibus.
2295 5069 2538 5138 Utraque
2556 5067 2703 5122 enim
2733 5080 2884 5118 arma
2910 5062 3173 5117 adhibens
3193 5059 3282 5113 hic
3305 5058 3415 5127 pie-

1837 5163 1966 5219 tatis
1992 5163 2266 5233 agonista.
2301 5163 2391 5218 hic
2420 5162 2569 5217 orbis
2594 5168 2886 5216 coronatus
2910 5156 3111 5211 athleta
3133 5194 3149 5220 ,
3176 5155 3227 5206 in
3254 5154 3416 5206 utris-

1833 5272 1941 5326 que
2000 5265 2262 5326 tropaeum
2309 5257 2485 5312 erexit
2517 5273 2532 5310 :
2564 5265 2619 5311 et
2670 5255 2736 5309 ad
2783 5267 2945 5309 omne
2981 5264 3150 5320 genus
3184 5246 3309 5301 belli
3341 5246 3412 5300 ir-

1837 5358 2030 5405 ruente
2060 5351 2302 5405 daamone
2325 5350 2438 5414 illo,
2461 5360 2655 5406 contra
2694 5348 2874 5404 omnia
2901 5345 2955 5401 in
2982 5342 3154 5398 aciem
3179 5339 3405 5395 descen-

1837 5595 1995 5649 tariis
2027 5594 2079 5647 in
2113 5593 2310 5649 Jobum
2336 5596 2555 5651 causule
2578 5597 2654 5651 sis
2691 5606 2890 5654 nostra:
2918 5593 3056 5651 Bibl.
3091 5602 3218 5648 lout.
3275 5586 3406 5656 Vill:

1833 5682 1886 5735 p.
1916 5666 2134 5738 Δ2ί3αῃ
2158 5668 2364 5738 prolcg.
2423 5669 2643 5724 Ibidem.

1904 5735 2013 5804 (l9)
2043 5735 2230 5789 Αὐτόν.

1900 5808 2012 5877 (20)
2041 5806 2242 5870 Οἰκίας.
