3878 6212
115 342 179 397 65
1331 335 1865 397 ENARBATIONES
1900 336 1969 393 IN
2001 336 2143 394 ωδ.
2910 392 2919 397 _
3269 342 3341 392 eo

110 458 195 511 καὶ
234 456 659 530 ἀνεπικούρητος
715 459 967 529 κάθηται.
1022 460 1133 514 Καὶ
1195 462 1520 532 περιέμενον
1580 459 1671 513 διὰ

1778 457 2008 523 sederet,
2060 466 2117 512 et
2146 455 2517 511 inauxiliatus.
2567 452 2753 524 itaque
2788 462 3243 524 exspectaverunt
3280 430 3341 510 ut

110 546 352 599 πλειόνων
384 546 759 600 πιστώσασθαι
792 547 889 619 τὴν
935 548 1123 619 ἀκοὴν,
1172 549 1208 621 ἢ
1265 550 1360 602 καὶ
1391 549 1672 619 ἐκπέμψαι

107 637 191 690 καὶ
213 637 359 701 ἰδεῖν,
381 638 433 690 εί
459 638 553 690 καὶ
576 637 751 709 ἀληθῆ
772 638 842 691 τά
873 637 1160 710 λεγόμενα.
1214 640 1302 693 Ἐν
1342 638 1550 702 τούτοις
1578 635 1673 693 οὖν

105 729 130 780 ὁ
164 727 350 797 χρόνος
381 727 644 797 ἐτρίϐετο.
691 728 833 801 Πρὸς
876 729 940 801 δὴ
984 729 1211 794 τούτοις,
1260 731 1351 784 ὅτε
1380 730 1443 785 τὸ
1473 730 1673 802 ἀληθὲς

105 819 360 887 ἔγνωσαν,
412 819 650 888 βασιλεῖς
695 821 844 885 ὄντες
904 822 1001 876 καὶ
1053 823 1310 893 ἐκδημεῖν
1366 822 1669 895 μέλλοντες,

103 905 337 975 ἀνάγκην
379 901 525 976 εἶχον
564 908 827 980 πρότερον
871 904 931 963 εὖ
978 909 1241 975 διαθείναι
1275 912 1346 966 τά
1386 913 1528 967 κατά
1579 913 1673 967 τὸν

100 992 271 1059 οἷκον,
319 998 418 1049 καὶ
475 998 768 1068 ἐπιστῆσαι
818 1002 931 1064 τοῖς
996 1001 1320 1072 ἀρχομένοις
1380 1005 1507 1068 τοὺς
1553 1004 1671 1059 ἀνθ’

97 1087 319 1142 ἑαυτῶν.
366 1088 554 1144 Ταῦτα
596 1090 779 1146 πάντα
819 1091 1019 1157 αὐτοὺς
1056 1095 1375 1166 ἀπησχόλει,
1414 1097 1510 1151 καὶ
1550 1098 1672 1151 ἐνε-

98 1177 371 1247 ϐράδυνον.
394 1180 505 1233 Καὶ
533 1181 583 1232 εί
610 1180 686 1253 μὴ
720 1181 923 1253 σφόδρα
946 1199 1011 1252 γε
1038 1185 1315 1256 ἀγαπητοί
1345 1204 1493 1251 τινες
1529 1184 1671 1259 ἦσαν

96 1267 182 1321 καὶ
210 1267 433 1333 δίκαιοι,
464 1270 565 1324 οὐκ
590 1270 679 1336 ἂν,
711 1271 805 1335 τὰς
835 1273 1042 1339 οἰκείας
1079 1276 1459 1341 καταλιπόντες
1490 1277 1672 1350 χώρας

96 1358 184 1409 καὶ
209 1358 511 1427 βασιλείας,
544 1361 869 1430 ἀφικνοῦντο
900 1363 1037 1435 πρὸς
1068 1366 1168 1438 τὴν
1198 1367 1502 1440 ἐπίσκεψιν,
1537 1370 1674 1427 ἀλλά

94 1448 153 1503 δι’
192 1450 402 1522 ἑτέρων
441 1451 541 1523 τὴν
586 1453 775 1523 χρείαν
809 1455 1103 1527 ἐπλήρουν.
1154 1460 1310 1514 Ἔστι
1346 1461 1403 1514 δὲ
1441 1462 1667 1527 ἐννοεῖν,

92 1539 161 1603 ὡς
187 1542 282 1594 καὶ
305 1543 587 1613 οἰκονομία
610 1561 694 1607 τις
724 1540 791 1616 ἦν
817 1546 935 1600 θεία
968 1548 1066 1619 τῆς
1089 1549 1380 1625 ἀφίξεωςή
1406 1554 1667 1627 ἀναϐολή.

104 1632 317 1705 Ἐπειδὴ
343 1634 453 1705 γὰρ
473 1635 608 1705 ὁμοῦ
640 1638 707 1708 τῇ
734 1635 841 1693 τῶν
874 1639 1045 1709 φίλων
1074 1640 1305 1710 διαλέξει
1343 1646 1436 1698 καὶ
1465 1646 1526 1700 τὸ
1561 1649 1673 1701 πᾶν

91 1720 182 1773 τοῦ
209 1723 426 1789 ἀγῶνος
453 1724 636 1795 ἐλύθη,
661 1725 754 1780 τοῦ
787 1727 921 1782 Θεοῦ
950 1732 1408 1803 χρηματίσαντος,
1440 1736 1535 1790 καὶ
1575 1737 1670 1793 τὸν

91 1811 295 1868 δίκαιον
332 1815 778 1888 ἀνακτησαμένου
834 1821 930 1874 καὶ
970 1823 1430 1893 στεφανώσαντος,
1474 1830 1673 1884 οίκονο-

94 1904 189 1974 μία
226 1923 313 1970 τις
371 1907 563 1976 γέγονε
615 1908 754 1974 θεία,
797 1912 1130 1984 ἐμϐραδῦναι
1163 1917 1290 1981 τοὺς
1334 1917 1541 1987 φίλους,
1586 1920 1673 1976 ἵνα

94 1997 382 2069 παραταθῇ
418 1997 487 2051 τὰ
538 1998 631 2052 τοῦ
674 2002 1010 2073 νοσήματος,
1061 2006 1156 2059 καὶ
1192 2005 1457 2077 μειζόνως
1501 2011 1672 2083 ἀθλήο

95 2104 190 2151 σας
245 2091 275 2143 ὁ
320 2090 551 2155 δίκαιος,
627 2091 957 2169 δικαιότερον
1032 2099 1313 2173 ἀναρρηθῇ
1371 2102 1523 2175 παρά
1577 2103 1673 2158 τοῦ

95 2270 202 2341 (26)
224 2272 376 2356 Στίχ.
408 2278 493 2326 ια’.
514 2276 630 2356 __Kal
656 2277 1049 2356 παρεγέιςοντο
1080 2280 1438 2356 πρὸς-αὺτὸκ
1460 2285 1673 2352 ὁμοθυ-

156 2342 392 2431 perﬁdi,
439 2345 545 2399 τοῦ
603 2342 1017 2415 παρακαλέσαι
1069 2342 1169 2404 xui
1204 2342 1674 2423 ’ἐπισκέψασθαι

164 2430 376 2465 αυτϋν.

175 2504 235 2557 '0
279 2506 576 2578 Σύμμαχος
610 2507 782 2574 οὕτως
822 2510 1052 2576 ἐξέδωκε
1073 2528 1090 2544 ο
1126 2514 1539 2579 Συνετάξαηο
1564 2514 1675 2587 γὰρ

100 2598 246 2669 ἐμοῦ
276 2601 564 2669 ἐλθόντες
603 2605 995 2675 συμπαθῆσιιι
1041 2607 1221 2673 αὐτῷ,
1261 2609 1359 2663 καὶ
1405 2626 1675 2681 παραμυο

102 2689 404 2757 θήσασθαι
432 2695 639 2749 αὐτόν.
673 2696 814 2767 Ὅρα
846 2696 939 2749 καὶ
963 2695 1234 2760 ἐντεῦθεν,
1266 2698 1342 2761 ὼς
1369 2699 1465 2751 καὶ
1488 2699 1675 2770 ἕτερος

100 2783 341 2855 παρῆλθε
369 2785 581 2855 χρόνος,
621 2787 727 2850 ἕως
756 2787 866 2849 ὅτε,
898 2786 1034 2857 πρὸς
1074 2787 1333 2859 ἀλλήλους
1368 2789 1677 2860 διαπεμψά-

106 2894 274 2945 μενοι,
299 2877 407 2948 τὴν
437 2878 531 2931 ἐπὶ
563 2878 624 2931 τὸ
650 2878 780 2932 αὐτὸ
827 2877 1040 2934 σύνοδόν
1071 2897 1131 2934 τε
1160 2880 1255 2935 καὶ
1281 2880 1460 2952 ἀξιξιν
1493 2884 1678 2957 ἐποιή-

102 2984 283 3022 cm.

99 3058 210 3129 (27)
257 3060 412 3132 Στίχ.
458 3060 545 3115 ιϐ’.
586 3062 696 3116 Καὶ
759 3061 1240 3136 καταπασιξμενοι
1276 3063 1393 3136 γῆν
1438 3066 1536 3121 ἐπί
1568 3066 1677 3135 τὰς

620 3137 885 3201 κεφαλὰς
926 3134 1143 3187 αὐτῶν.

1773 548 2014 618 pluribus
2040 547 2458 602 conﬁrmaretur
2514 546 2686 611 fama;
2718 544 2802 598 vel
2850 546 3014 599 etiam
3046 555 3103 599 ut
3148 546 3339 599 mitte-

1772 650 1895 696 rent
1925 654 1991 696 ac
2024 638 2288 702 viderent,
2310 638 2355 693 si
2387 638 2607 707 quidem
2632 652 2761 694 vera
2799 637 2967 691 relata
3012 645 3216 690 essent.
3252 636 3339 690 ln-

1772 740 1919 786 terea
1952 730 2116 801 igitur
2139 739 2354 799 tempus
2384 728 2681 783 terebatur.
2715 727 2797 781 Ad
2829 727 2975 789 ham.
3008 726 3096 779 ubi
3147 740 3336 779 vermn

1771 835 1891 876 esse
1914 819 2283 884 resciverunt;
2314 834 2438 873 cum
2466 834 2623 890 reges
2649 826 2851 883 essent,
2881 832 2943 872 ac
2973 832 3197 888 peregre
3215 832 3315 886 pro

1772 910 1989 974 lecturi,
2015 924 2236 966 necesse
2269 909 2576 965 habuerunt
2609 910 2758 979 prius
2800 924 2886 963 res
2917 923 3045 963 suas
3080 909 3340 963 domesti-

1771 1014 1865 1055 cas
1902 1010 2048 1055 recte
2075 1000 2383 1069 disponere,
2412 1015 2475 1055 ac
2521 1000 2799 1071 praeﬁcere
2842 999 3073 1055 subditis
3105 999 3342 1054 vicarios

1769 1102 1920 1144 suos.
1974 1088 2103 1145 Haec
2149 1091 2332 1146 omnia
2365 1091 2511 1160 ipsos
2541 1100 2833 1161 occupatos
2860 1091 3133 1155 tenebant,
3165 1100 3222 1147 et
3250 1106 3340 1145 re-

1772 1180 2141 1236 morabantur.
2179 1184 2256 1238 Ac
2288 1183 2392 1237 nisi
2426 1182 2775 1237 vehementer
2802 1182 2982 1236 dilecti
3022 1182 3251 1237 fuissent
3282 1194 3339 1237 et

1767 1270 1923 1342 justi,
1959 1286 2067 1327 non
2099 1273 2286 1343 utique
2310 1274 2501 1328 domos
2524 1288 2649 1329 suas
2681 1273 3068 1343 relinquentes,
3094 1274 3340 1345 regiones

1772 1378 1837 1420 ac
1895 1380 2082 1435 regna,
2114 1366 2398 1420 venissent
2427 1366 2494 1420 ad
2524 1365 2860 1420 invisendum
2906 1366 3077 1432 illum,
3106 1367 3199 1422 sed
3245 1382 3341 1437 per

1772 1455 1908 1510 alios
1940 1457 2041 1510 hoc
2070 1454 2303 1511 ofﬁcium
2346 1456 2738 1525 implevissent.
2770 1455 3125 1526 Cogitandum
3158 1466 3342 1511 autem

1771 1558 1876 1616 est,
1909 1548 2187 1619 cujusdam
2220 1549 2386 1602 etiam
2443 1548 2641 1603 divinae
2690 1547 3112 1619 dispensationis
3146 1548 3339 1617 fuisse,

1771 1652 1832 1697 ut
1865 1643 2129 1696 adventus
2152 1654 2339 1695 eorum
2369 1640 2693 1696 differretur.
2730 1639 2864 1708 Quta
2893 1642 3035 1695 enim
3068 1658 3171 1695 una
3200 1658 3324 1697 cum

1774 1731 2075 1787 amicorum
2110 1730 2476 1801 disputatione
2509 1732 2674 1786 etiam
2726 1741 2998 1786 certamen
3029 1733 3337 1788 universmn

1701 1812 1744 1869 Β
1773 1822 2101 1893 diretnptum
2126 1830 2229 1884 est,
2257 1821 2617 1890 respondente
2666 1820 2807 1886 Deo,
2853 1832 2904 1875 et
2938 1821 3141 1892 justum
3196 1822 3338 1876 hunc

1776 1914 1989 1968 favente
2019 1921 2077 1967 et
2105 1922 2402 1967 coronante
2420 1929 2436 1978 ;
2466 1912 2646 1967 divina
2692 1912 2962 1983 qumpiant
3002 1914 3342 1981 providentia

1772 2002 1895 2070 fuit,
1935 2011 1995 2058 ut
2028 1992 2208 2058 moras
2254 2005 2539 2058 traherent
2584 2004 2768 2067 amici,
2811 2019 2919 2073 quo
2970 2003 3345 2060 intenderetur

1773 2096 2018 2162 morbus,
2049 2106 2104 2150 et
2131 2095 2316 2163 justus
2367 2095 2455 2149 vir
2509 2094 2775 2150 illustrius
2819 2110 3090 2166 pugnans,
3139 2098 3339 2167 potiori

1767 2185 1891 2256 jure
1917 2200 1947 2240 a
1984 2185 2094 2241 Deo
2130 2187 2307 2241 victor
2331 2184 2783 2256 proclamaretur.

1773 2279 1841 2337 ν.
1876 2281 1965 2338 ll.
2008 2280 2078 2334 Et
2116 2290 2361 2335 uenerunt
2391 2280 2460 2333 ad
2495 2278 2647 2333 illum
2677 2281 3024 2350 concorditer,
3056 2291 3111 2336 ut
3149 2298 3339 2338 conso-

2139 2350 2375 2405 larentur
2393 2360 2443 2405 et
2469 2350 2748 2404 inviserent
2776 2352 2953 2406 illum.

1844 2501 2203 2571 Symmachus
2250 2501 2325 2554 ita
2347 2501 2553 2556 edidit:
2603 2500 2959 2559 Condixerant
2987 2505 3147 2570 enim,
3177 2516 3232 2560 ut
3261 2508 3339 2561 si-

1774 2595 1887 2649 mul
1925 2598 2187 2649 venientes
2215 2605 2637 2664 compaterentttr
2657 2598 2725 2658 ei,
2770 2606 2818 2650 et
2848 2600 3248 2652 consolarentur
3273 2600 3342 2652 il-

1775 2687 1908 2742 lum.
1937 2686 2069 2743 Vide
2102 2698 2157 2743 et
2183 2689 2337 2753 hinc,
2367 2687 2461 2757 qui
2490 2687 2635 2742 aliud
2668 2691 2828 2745 etiam
2858 2691 3176 2759 praeterierit
3203 2701 3341 2746 tem-

1776 2792 1907 2848 pus;
1939 2779 2111 2834 donec
2139 2780 2205 2834 ad
2240 2795 2298 2835 se
2328 2780 2560 2835 invicem
2596 2782 2896 2851 mittentes,
2918 2797 3238 2839 concursum
3269 2784 3347 2841 si-

1776 2871 1886 2928 mul
1911 2879 1966 2927 et
1990 2872 2282 2927 adventum
2320 2873 2586 2932 fecerunt.

1850 3051 1914 3107 V.
1955 3051 2040 3108 12.
2074 3049 2143 3106 Et
2173 3062 2474 3123 spargente:
2498 3064 2693 3107 terram
2723 3069 2881 3121 super
2904 3052 3079 3121 capita
3107 3070 3206 3108 sua
3229 3091 3248 3107 .

98 3220 242 3293 Στίχ.
294 3229 392 3292 ιγ’.
441 3223 855 3294 Παρεκὰθισαν
903 3222 1062 3289 αὐτῷ
1100 3224 1249 3280 ἑπτὰ
1288 3223 1531 3294 ἡμέρας,
1574 3226 1672 3281 καί

1778 3205 1844 3262 ν.
1878 3209 1966 3265 15.
2002 3207 2259 3263 Sederunt
2289 3224 2427 3276 apua
2470 3208 2638 3294 ipsum
2683 3218 2875 3277 septem
2913 3208 3045 3274 dies,
3073 3218 3122 3263 et
3150 3219 3344 3279 septem

673 3292 823 3347 ἑπτὰ
869 3294 1114 3361 νύκτας.

167 3382 283 3435 Οὐκ
325 3376 453 3436 εἶπε
507 3382 565 3436 δὲ
619 3384 653 3454 ὴ
700 3384 910 3456 Γραφὴ,
968 3384 1051 3438 ὅτι
1098 3384 1481 3457 παρεκάθηντο
1536 3385 1677 3441 ἐπτά

100 3472 307 3544 ἡμέρας
341 3474 583 3545 πρωΐθεν
618 3474 720 3538 ἓως
752 3476 1004 3548 ἑσπέρας,
1034 3475 1155 3529 οὐδέ
1186 3476 1325 3529 ὲπτὰ
1352 3475 1552 3540 νύκτας
1580 3477 1674 3547 ἀφ’

101 3563 335 3634 ἑσπέρας
375 3565 535 3636 μέχρι
564 3565 731 3637 πρωῒ.
774 3566 942 3637 Δῆλον
976 3563 1089 3631 οὖν,
1129 3567 1231 3632 ὅτι,
1271 3568 1332 3620 τὸ
1360 3567 1540 3621 πλεῖον
1574 3569 1676 3640 τῆς

100 3656 307 3725 ἡμέρας
339 3656 868 3728 παρακαθεζόμενοι,
898 3657 1214 3731 ὑπεχώρουν
1248 3658 1348 3722 τὰς
1369 3658 1675 3727 ἀναγκαίας

102 3743 547 3815 ἐκπληρώσοντες
585 3745 773 3817 χρείας
795 3762 808 3775 ·
846 3746 938 3800 καὶ
965 3746 1128 3801 πάλιν
1157 3748 1542 3819 ἐπανήκοντες,
1579 3747 1675 3818 μέ-

100 3850 188 3903 χρι
236 3832 435 3890 πολλοῦ
479 3837 578 3908 τῆς
633 3836 825 3900 νυκτὸς
875 3838 1329 3909 παρεκαθέζοντο,
1375 3840 1468 3892 καὶ
1519 3836 1675 3904 αὖθις

100 3926 373 3992 ἀπιόντες,
418 3929 580 3982 πάλιν
616 3928 880 4002 ὢρθριζον
929 3929 1066 4001 πρὸς
1117 3931 1299 3985 αὐτόν.
1350 3933 1417 3985 '0
1458 3931 1523 4003 δὴ
1565 3932 1673 3986 τῶν

101 4021 487 4088 γνησιωτάτων
522 4020 614 4073 καὶ
648 4019 1109 4091 συμπαθεστάτων
1139 4021 1307 4090 φίλων
1336 4021 1484 4076 ἴδιον.
1514 4023 1593 4095 Τῇ
1617 4022 1673 4076 δὲ

101 4114 249 4182 κοινῇ
282 4111 541 4183 συνηθείᾳ
568 4113 819 4185 χρωμένη
852 4114 885 4184 ἡ
922 4111 1133 4184 Γραφὴ,
1179 4112 1352 4176 οὓτως
1389 4112 1673 4177 ἀπολύτως

102 4196 241 4254 εἷπε·
280 4203 705 4271 Παρεκάθισαν
742 4203 902 4269 αὐτῷ
934 4204 1086 4257 ἑπτὰ
1129 4203 1354 4273 ἡμέρας
1395 4205 1493 4258 καί
1524 4205 1674 4258 ἑπτὰ

97 4294 344 4361 νύκτας.
384 4296 535 4348 Ἐπεὶ
560 4296 655 4349 καὶ
678 4297 764 4350 ὅτε
784 4296 932 4365 λέγει
954 4295 1047 4349 τὸν
1084 4295 1277 4348 Ἰακὼϐ
1302 4296 1672 4368 δεκατέσσαρα

100 4384 195 4455 ἐτη
258 4385 579 4450 δουλεῦσαι,
627 4388 723 4440 καὶ
776 4388 1125 4457 συγκαίεσθαι
1181 4388 1261 4459 τῷ
1309 4388 1529 4441 καύσονι
1574 4390 1674 4461 τῆς

2460 3290 2654 3331 ηοειεε.

1842 3371 1961 3428 Non
1992 3371 2126 3426 dixit
2155 3385 2281 3425 vero
2306 3368 2616 3437 Scriptura,
2636 3369 2778 3439 quod
2802 3371 3106 3426 assederint
3132 3381 3343 3442 septem

1776 3465 1916 3530 dies,
1945 3479 1975 3518 a
2003 3477 2163 3518 mane
2194 3476 2369 3531 usque
2397 3462 2462 3515 ad
2486 3476 2787 3531 vesperam,
2809 3477 2983 3530 neque
3003 3473 3210 3533 septem
3239 3478 3340 3519 no-

1775 3564 1965 3620 etes,a
1996 3569 2219 3624 vespera
2263 3552 2329 3606 ad
2389 3567 2566 3607 mane.
2608 3551 2804 3623 Liquet
2832 3568 2984 3624 ergo,
3033 3556 3178 3624 quod
3215 3570 3345 3611 cum

1775 3648 2065 3703 maximam
2095 3644 2200 3699 diei
2228 3650 2434 3713 partem
2481 3642 2849 3710 assedissent,
2878 3644 3205 3698 recedebant
3242 3659 3344 3698 ne-

1773 3739 2025 3795 cessariis
2053 3738 2237 3792 usibus
2274 3736 2557 3804 expiendis
2589 3750 2605 3788 :
2638 3748 2703 3790 ac
2735 3734 2937 3789 iterum
2985 3743 3341 3800 revertentes,

1774 3846 1946 3901 usque
2007 3831 2074 3886 ad
2119 3831 2342 3886 multam
2399 3838 2611 3887 noctem
2661 3828 2999 3894 assidebant,
3042 3837 3100 3882 et
3142 3825 3339 3881 iterum

1773 3920 2054 3988 abeuntes,
2104 3937 2294 3976 rursus
2340 3936 2498 3976 mane
2544 3920 2836 3976 veniebant
2870 3918 2936 3972 ad
2983 3934 3131 3974 eum.
3186 3917 3344 3985 Quod

1773 4027 1905 4068 sane
1925 4012 2326 4067 verissimorum
2350 4012 3026 4080 aﬂ‘ectuosissimorumque
3044 4008 3343 4064 amicorum

1772 4102 2048 4172 proprium
2076 4112 2179 4159 est.
2194 4102 2478 4158 Communi
2510 4111 2690 4157 autem
2756 4101 3147 4155 consuetudine
3185 4107 3345 4152 utens

1775 4193 2079 4263 Scriptura,
2125 4193 2194 4247 ita
2232 4194 2480 4249 absolute
2531 4196 2709 4249 locuta
2753 4200 2875 4246 est:
2906 4190 3163 4246 Sederunt
3204 4190 3344 4259 apud

1775 4287 1943 4355 ipsum
1973 4294 2169 4355 septem
2192 4286 2387 4352 dies,et
2410 4295 2603 4354 septem
2635 4294 2832 4338 noctes.
2870 4282 3137 4349 Quoniam
3178 4282 3342 4334 etiam

1772 4374 1989 4445 quando
2021 4373 2177 4439 dicit,
2211 4373 2473 4429 Jacobum
2505 4373 2917 4444 quatuordecim
2947 4385 3116 4439 annos
3142 4370 3344 4424 servis-

96 4475 307 4547 ἡμέρας
331 4476 428 4529 καὶ
462 4475 542 4547 τῷ
567 4475 784 4545 παγετῷ
832 4477 931 4549 τῆς
974 4477 1188 4539 νυκτὸς,
1239 4472 1348 4547 ἆρα
1397 4475 1502 4529 ὑπὸ
1553 4459 1672 4529 στέ-

1778 4481 1854 4534 se,
1890 4476 1945 4521 et
1995 4476 2243 4521 exustum
2276 4465 2470 4535 {fuisse
2528 4474 2663 4520 arstu
2708 4462 2838 4528 diei,
2887 4473 2940 4516 et
2976 4461 3098 4531 gelu
3130 4459 3340 4524 noctis;

97 4584 200 4639 γην
245 4569 353 4623 οὐκ
403 4568 574 4639 εἰσῄει
628 4568 791 4634 ποτέ;
842 4564 954 4640 ἆρα
1005 4569 1262 4639 οὐδεμιᾶς
1313 4566 1670 4631 ἀναπαύσεως

98 4658 285 4731 ἔτυχεν
309 4660 419 4731 ὅλῳ
446 4660 523 4731 τῷ
551 4660 758 4731 χρόνῳ;
790 4660 975 4714 Ταῦτα
1014 4661 1113 4731 μὲν
1162 4656 1254 4714 οῦν
1299 4660 1391 4713 καὶ
1422 4658 1671 4713 λεπτολο-

97 4753 213 4816 γεῖν
248 4750 512 4822 φλύαρον.
564 4750 649 4813 Ὠς
682 4750 788 4822 γὰρ
811 4750 968 4822 ἔφην,
1009 4751 1042 4821 ἡ
1075 4750 1265 4823 Γραφὴ
1306 4754 1457 4821 κοινῇ
1506 4768 1670 4822 συνη-

98 4839 215 4912 θείᾳ
252 4842 479 4913 χρῆται.
546 4842 759 4912 Ἐπειδὴ
807 4841 863 4895 δέ
910 4860 1088 4910 τινες,
1129 4841 1517 4913 κωμῳδοῦντες
1567 4842 1670 4914 τὴν

98 4931 343 5004 Γραφὴν,
372 4933 469 4987 καὶ
487 4931 733 4986 ἐντεῦθεν
758 4932 926 5005 αὐτὴν
958 4930 1032 4996 ὡς
1065 4931 1236 5002 ψευδῆ
1284 4930 1633 5003 διασύρουσιν
1653 4946 1668 4961 °

110 5022 195 5087 ἀς
212 5024 354 5095 (27’)
390 5023 500 5095 γὰρ
526 5024 616 5090 ἂν,
652 5024 833 5093 φασὶν,
857 5025 1031 5077 ἄσιτοι
1053 5023 1320 5075 διετέλουν
1346 5022 1440 5075 κα)⁵
1478 5022 1673 5076 ἄϋπνοι

103 5116 191 5167 ἐπὶ
207 5116 498 5180 τοσαύταις
535 5111 798 5187 ἡμέραις
834 5113 1257 5186 ἠναγκάσθημεν
1281 5112 1460 5168 αὐτῶν
1510 5129 1671 5167 συνα-

105 5207 372 5279 παχθῆναι
401 5210 470 5278 τῇ
496 5207 708 5279 ἀκαίρῳ
741 5206 1091 5278 στενοχωρίᾳ.

753 5389 913 5444 ΚΕΦ.
949 5388 999 5441 Γσ
1011 5428 1026 5445 .

180 5482 285 5555 BS)
314 5483 453 5538 ’AD.‘
482 5485 540 5538 ἐν
557 5483 763 5549 τούτοις
780 5483 877 5553 μὲν
899 5481 961 5535 τὸ
989 5480 1236 5553 δεύτερον
1255 5479 1479 5551 ἧνυσται
1502 5475 1672 5547 κεφά-

109 5586 269 5629 λαιοψ
296 5578 389 5630 τοῦ
414 5577 595 5652 τρίτου
626 5576 683 5630 δὲ
729 5572 1071 5648 προθεωρίαν
1103 5570 1437 5643 ποιούμενοι,
1468 5569 1669 5640 φαμὲν,

173 5716 286 5782 (26)
316 5717 443 5769 mut.
472 5714 660 5768 eodem
700 5712 780 5765 tit.
815 5710 1075 5783 ascripta.

174 5786 286 5844 t2?)
316 5783 443 5840 Ibid.
478 5786 666 5841 eodem
697 5783 875 5839 titulo.

1777 4558 2017 4628 nunquid
2048 4567 2246 4613 tectum
2282 4571 2557 4627 nunquam
2594 4554 2848 4609 subibat?
2875 4552 3112 4621 nunquid
3141 4551 3342 4606 nullam

1776 4648 1968 4704 habuit
1992 4649 2239 4719 requiem
2269 4656 2382 4701 toto
2414 4645 2503 4699 illo
2535 4644 2815 4713 tempore?
2850 4643 2925 4698 De
2960 4641 3045 4696 his
3072 4641 3347 4696 subtiliter

1775 4748 2128 4810 pertractare,
2180 4735 2524 4808 nugatorium
2571 4742 2735 4790 esset.
2788 4733 2857 4790 Ut
2917 4732 3063 4787 enim
3113 4730 3345 4796 aiebam,

1779 4830 2056 4901 Scriptura
2090 4828 2367 4885 communi
2402 4826 2793 4881 consuetudine
2848 4825 3037 4879 utitur.
3078 4822 3345 4890 Quoniam

1777 4938 1908 4979 vero
1933 4922 2154 4994 quidam
2204 4922 2559 4993 suggillantes
2604 4918 2966 4988 Scripturam,
2996 4914 3079 4971 vel
3113 4916 3240 4971 hinc
3268 4917 3347 4985 ip-

1778 5028 1894 5069 Sam
1919 5027 2016 5068 ceu
2045 5014 2359 5067 mendacem
2396 5012 2687 5066 traducunt
2712 5026 2725 5061 :
2755 5007 3038 5075 Quomodo
3066 5006 3233 5071 enim,
3257 5005 3347 5059 di-

1777 5112 1927 5170 cunt,
1973 5103 2092 5157 sine
2140 5102 2262 5157 cibo
2300 5107 2792 5172 perseveraverunt
2832 5107 2889 5152 et
2927 5097 3201 5152 insomnes
3254 5110 3350 5164 per

1781 5203 1862 5249 tot
1904 5192 2053 5263 dies?
2084 5192 2256 5247 coacti
2312 5206 2501 5247 sumus
2552 5203 2742 5246 eorum
2791 5203 2893 5245 nos
2937 5187 3350 5244 accommodare

1778 5286 2102 5358 inoportuna:
2126 5283 2438 5341 subtilitati.

2428 5372 2582 5430 CAP.
2617 5371 2707 5429 111.

1848 5470 1927 5525 Ac
1953 5468 2005 5524 in
2040 5467 2126 5524 bis
2154 5467 2373 5538 quidem
2406 5467 2703 5523 secundum
2732 5472 2895 5536 caput
2923 5462 3223 5519 absolutum
3240 5469 3343 5515 est.

1778 5561 1949 5619 Tertii
1986 5575 2118 5616 vero
2147 5560 2434 5630 quemdam
2468 5559 2631 5617 veluti
2664 5566 3007 5630 prospectum
3053 5555 3342 5616 facientes,

1841 5695 2167 5769 (9.7‘)_Forte
2196 5695 2299 5769 leg.
2326 5694 2473 5761 Πῶς.

1847 5764 1957 5841 (‘28)
1986 5764 2118 5823 Ibid.
2150 5764 2272 5824 eod.
2319 5770 2402 5823 tit.
