3880 6216
517 340 586 395 67
1420 332 1983 394 SUPPLEMENTUM
2021 331 2113 387 AD
2150 329 2476 387 ORIGENIS
2516 329 2933 387 EXEGETICA.
3704 326 3774 378 68

516 459 780 524 dicimus,
831 458 975 528 quod
1004 456 1146 514 dolet
1173 456 1393 526 quidem
1426 471 1512 511 vrr
1555 456 1756 524 justus,
1783 464 1840 509 et
1879 454 1947 509 de
1989 453 2080 506 hor

2192 448 2269 512 ὡς
2304 447 2462 517 ἀλγεῖ
2498 448 2597 520 μὲν
2629 450 2659 501 ὁ
2694 448 2920 512 δίκαιος,
2968 446 3065 502 καὶ
3085 447 3187 501 οὐκ
3223 446 3290 501 ἄν
3327 462 3413 509 τις
3442 444 3772 516 ἀρνήσαιτο·

518 567 678 607 uemo
705 551 918 607 inﬁcias
940 553 1044 607 iret
1074 570 1090 607 :
1131 566 1239 606 non
1270 550 1417 605 enim
1444 551 1842 606 insensatorum
1864 556 1951 603 est
1978 549 2092 602 vir-

518 644 748 709 tus,.sed
778 659 969 699 eorum
1012 645 1104 712 qui
1139 643 1193 697 in
1222 642 1573 712 passionibus
1598 643 1664 696 ad
1698 657 1818 695 eam
1852 640 2095 695 studiose

517 735 879 790 contendunt.
916 734 1073 789 Dolet
1099 748 1254 800 vero,
1289 741 1612 803 apparenter
1632 730 1874 800 quidem,
1905 744 1936 784 a
1967 744 2093 783 cor-

519 831 689 902 porali
720 830 875 901 plaga
904 830 1218 885 acutissime
1240 827 1590 893 stimulatus;
1627 834 1684 879 at
1718 822 2093 879 intellectuali-

517 932 625 987 ter,
656 932 909 993 tanquam
930 925 1113 990 justus
1141 931 1193 977 et
1223 922 1315 977 Dei
1340 935 1550 985 amans,
1582 919 1676 989 qui
1703 918 1925 973 videbat
1956 930 2092 971 non-

518 1018 696 1073 nuHos
727 1018 1126 1073 scandalizatos
1173 1025 1399 1086 propter
1440 1013 1726 1084 passiones
1765 1025 1917 1074 suas,
1956 1017 2016 1063 ut
2043 1008 2090 1064 si

516 1108 610 1163 Dei
640 1108 824 1179 gloriae
852 1108 905 1161 in
941 1108 1058 1177 ipso
1083 1106 1484 1169 detraheretur,
1501 1104 1649 1174 justo
1676 1103 1793 1158 haec
1818 1099 2091 1156 sustinen-

515 1209 588 1255 te.
624 1200 759 1255 Cum
788 1200 931 1254 enim
961 1198 1135 1253 dicit:
1175 1195 1375 1267 thuid
1421 1194 1645 1265 posuisti
1685 1209 1766 1247 me
1799 1192 2089 1247 obviautem

515 1296 610 1349 tibi
638 1294 721 1347 "‘i
756 1308 864 1349 non
894 1294 1008 1362 ipse
1048 1293 1159 1347 Deo
1194 1290 1455 1355 obviavit,
1478 1288 1650 1344 absit!
1685 1288 1772 1342 cui
1808 1286 1953 1342 enim
1995 1298 2089 1355 po-

516 1395 659 1441 terat
703 1384 962 1440 obviare?
1005 1382 1115 1439 Sed
1160 1384 1305 1453 quod
1336 1381 1512 1444 dicit,
1550 1378 1681 1433 illud
1721 1386 1844 1433 est:
1887 1375 2090 1446 thuid

514 1489 737 1547 propter
767 1492 876 1542 me,
924 1475 1170 1543 Domine,
1216 1491 1413 1531 nomen
1448 1482 1599 1528 tuum
1645 1469 2091 1542 blasphematur?

512 1567 790 1621 Turbatur
846 1575 1023 1621 tamen
1073 1566 1430 1621 nihilominus
1477 1573 1533 1621 et
1574 1571 1790 1629 aestuat,
1823 1577 1892 1617 ne
1945 1561 2090 1616 forte

509 1657 735 1711 omnino
766 1672 797 1712 a
847 1658 957 1711 Deo
990 1657 1239 1712 desertus
1270 1655 1484 1712 fuisset.
1512 1654 1659 1709 Nihil
1705 1653 1849 1709 enim
1902 1661 2089 1707 tanto-

2194 540 2256 593 ού
2283 540 2393 612 γὰρ
2418 540 2525 593 τῶν
2573 540 2914 611 ἀναισθήτων
2950 541 2985 610 ή
3020 540 3213 611 ἀρετὴ,
3251 538 3389 593 ἀλλὰ
3417 538 3528 590 τῶν
3566 538 3625 591 ὲν
3660 538 3774 599 τοῖς

2194 632 2393 686 πάθεσι
2443 632 2896 703 φιλοσοφούντων.
2945 634 3021 686 Ού
3062 632 3285 687 δύναται
3335 630 3446 701 (29)
3496 630 3577 695 δὲ,
3632 632 3773 682 κατὰ

2197 725 2295 795 μὲν
2325 725 2388 778 τὺ
2418 725 2759 796 φαινόμενον,
2787 725 2894 779 ὑπὸ
2923 724 3021 796 τῆς
3050 724 3110 778 ὲν
3144 725 3309 797 σαριά⁹
3342 722 3554 794 πληγῆς
3579 721 3772 793 δριμυ-

2191 818 2367 882 τάτως
2401 815 2782 889 κεντούμενοςο
2828 818 2971 872 κατὰ
3002 817 3060 871 δὲ
3099 816 3161 871 τὸ
3199 815 3507 887 νοούμενον,
3554 808 3643 867 οἷα
3688 812 3769 866 δί-

2193 927 2347 976 καιος
2371 911 2466 965 καὶ
2502 909 2745 981 φιλόθεος
2785 910 2925 982 ἀνὴρ
2963 909 3107 983 ὁρῶν
3148 927 3301 974 τινας
3344 907 3768 979 σκανδαλιζομέ-

2193 1022 2316 1068 νους
2364 1004 2458 1057 ἐπὶ
2493 1006 2606 1068 τοῖς
2650 1002 2828 1057 αὐτῶν
2868 1002 2978 1073 (5θ)
3028 1002 3364 1074 παθήμασιν,
3408 1001 3485 1065 ὡς
3523 1001 3628 1071 τῆς
3672 998 3768 1054 τοῦ

2191 1097 2328 1151 Θεοῦ
2378 1096 2537 1169 δόξης
2601 1097 2690 1150 ἐπ’
2736 1096 2886 1167 αὑτῷ
2926 1095 3343 1166 διασυρομένης,
3397 1095 3446 1147 εί
3492 1095 3522 1148 ό
3563 1093 3768 1156 δίκαιος

2190 1188 2363 1244 ταῦτα
2388 1189 2667 1260 ὑπομένει.
2698 1190 2810 1242 Καὶ
2825 1190 2932 1261 γὰρ
2956 1189 3047 1242 ὅτε
3074 1187 3249 1256 λέγει’
3284 1188 3409 1241 Ἵνα
3437 1187 3495 1240 τί
3523 1187 3665 1240 ἐθου
3687 1201 3766 1255 με

2190 1286 2319 1352 κατ’
2346 1283 2676 1351 ἐντευκτήν
2703 1283 2813 1354 (51)
2847 1297 2963 1337 σου
2979 1299 2997 1345 ;
3016 1281 3116 1334 οὐκ
3142 1279 3305 1344 αὐτὸς
3335 1278 3479 1333 κατὰ
3508 1278 3604 1331 τοῦ
3630 1275 3766 1331 Θεοῦ

2190 1377 2472 1448 ἐτύγχανε,
2507 1377 2580 1451 μὴ
2624 1377 2860 1446 γένοιτοῐ
2904 1376 3010 1430 τίνι
3047 1374 3154 1447 γὰρ
3199 1369 3343 1443 εῖχεν
3380 1371 3766 1442 ὲντυγχάνεινς

2202 1470 2363 1524 Ἀλλὰ
2388 1470 2547 1524 τοῦτό
2574 1474 2719 1525 ἐστιν
2737 1471 2766 1523 ὅ
2794 1484 2975 1541 φησιν’
3014 1469 3130 1521 ’Ἰνα
3150 1466 3202 1520 τί
3230 1465 3299 1519 δι’
3334 1465 3455 1536 ἐμὲ,
3494 1464 3762 1529 Δέσποτα,

2188 1564 2250 1616 τὸ
2290 1564 2460 1636 ὄνομά
2508 1580 2601 1617 σου
2647 1562 3079 1634 βλασφημεῖται;
3136 1559 3457 1632 ὼρυὸεἰται
3509 1558 3565 1611 δὲ
3612 1558 3765 1611 οὐδὲν

2186 1652 2348 1729 ἦττον
2426 1658 2521 1711 καὶ
2578 1656 2815 1727 ίλιγγιᾷ,
2878 1655 3071 1726 μήπως
3120 1652 3320 1716 πλείως
3386 1650 3767 1720 ὲγκατάλειψιν

511 1762 640 1817 pere
662 1748 943 1803 excruciat
963 1748 1199 1802 animam
1225 1747 1315 1801 Dei
1340 1755 1636 1813 amantem,
1653 1756 1712 1799 ut
1738 1744 2002 1814 suspicari
2028 1756 2080 1798 se

2190 1749 2398 1821 ὑπέστη
2432 1748 2581 1820 παρά
2604 1748 2759 1802 Θεοῦ.
2800 1747 2935 1801 Οὐδὲ
2962 1745 3071 1816 γὰρ
3098 1743 3241 1797 οὕτω
3265 1746 3585 1814 τιμωρεῖται
3618 1741 3763 1814 ψυχὴ

510 1855 542 1894 a
572 1840 682 1894 Deo
720 1854 841 1894 esse
866 1838 1141 1893 desertam
1176 1857 1190 1893 :
1222 1839 1351 1909 quin
1407 1838 1668 1893 inliuities
1712 1837 1847 1892 mori
1880 1836 2080 1900 mallet,

2191 1841 2453 1912 φιλόθεος,
2479 1840 2555 1905 ὡς
2574 1838 2635 1892 τὸ
2662 1837 2771 1909 (52)
2800 1834 3126 1891 ὑποπτεύειν
3170 1834 3587 1903 καταλελεῖφθαι
3616 1833 3765 1905 παρὰ

509 1948 672 2002 quam
704 1947 827 1986 cum
854 1931 1153 2001 angoribus
1178 1940 1233 1985 et
1260 1930 1569 2001 suspicione
1598 1928 1907 1998 huiusmodi
1941 1927 2087 1982 inter

508 2024 659 2079 vivos
709 2023 1001 2078 recenseri.
1046 2022 1231 2091 Itaque
1254 2034 1473 2093 propter
1502 2023 1876 2092 jumentorum
1916 2023 2087 2078 amis-

507 2116 739 2177 sionem,
761 2122 816 2168 et
845 2114 1075 2169 ﬁliorum
1103 2113 1407 2168 confertam
1435 2124 1695 2180 mortem,
1730 2114 1918 2184 quales
1946 2114 2086 2169 emi-

507 2209 644 2263 serit
680 2208 868 2279 plenas
903 2207 1206 2278 gratiarum
1245 2207 1479 2262 actionis
1527 2223 1691 2263 voces
1735 2208 2082 2263 audivimus:

505 2300 779 2369 quomodo
813 2300 978 2354 etiam
1034 2315 1263 2356 uxorem
1291 2299 1580 2362 erudierit,
1624 2314 1747 2369 quae
1800 2298 2083 2371 indignum

505 2392 691 2447 nescio
740 2393 883 2462 quod
909 2392 976 2447 de
1022 2393 1253 2448 Domino
1287 2400 1636 2461 reputaverat
1672 2409 1687 2447 :
1722 2391 1904 2461 qualia
1952 2392 2083 2447 item

504 2489 630 2546 post
660 2482 1017 2536 tentationem
1041 2491 1095 2536 et
1120 2481 1555 2537 exinanitionem
1576 2480 1941 2553 acerbamque
1966 2496 2086 2552 pas-

504 2574 712 2630 sionem
754 2576 1215 2644 pronuntiaverit,
1251 2583 1307 2630 et
1354 2590 1463 2645 quo
1504 2583 1661 2644 pacto
1710 2574 1863 2630 illum
1901 2574 2084 2632 nullus

504 2669 869 2723 humanorum
900 2676 1191 2723 eventuum
1232 2666 1650 2737 perturbaverit.
1695 2665 1923 2734 Quando
1951 2682 2083 2723 vero

502 2759 664 2814 amici
695 2760 1053 2823 advenerunt,
1086 2757 1334 2814 homines
1374 2757 1508 2826 justi
1552 2767 1608 2814 et
1640 2757 1944 2823 ati‘ectuosi,
1980 2772 2082 2827 op-

504 2860 797 2921 portunum
827 2851 1126 2906 arbitratus
1149 2860 1257 2916 est,
1290 2850 1480 2905 videns
1504 2864 1693 2904 eorum
1731 2848 2079 2904 tolerantiam

503 2954 560 2999 et
613 2944 962 2998 dilectionem
996 2957 1127 3012 erga
1175 2957 1261 3007 se,
1297 2957 1562 2997 enarrare
1610 2950 1776 3010 atque
1806 2955 2081 3012 exponere

2188 1934 2356 1989 Θεοῦ’
2408 1935 2501 1988 καὶ
2546 1932 2803 2004 μυριάκις
2844 1931 3080 2000 αἱρεῖται
3121 1930 3211 1984 τὸν
3267 1928 3515 1994 θάνατον,
3554 1927 3590 1999 ῆ
3631 1927 3767 1998 μετὰ

2186 2027 2494 2098 ἀλγηδόνων
2516 2028 2610 2079 καὶ
2628 2025 2884 2096 τοιαύτης
2912 2024 3149 2095 ὑποψίας
3193 2024 3304 2086 τοῖς
3334 2020 3498 2087 ζῶσιν
3534 2021 3764 2089 ἐγκατα-

2186 2117 2459 2189 λέγεσθαι.
2502 2119 2625 2172 Ἐπ’(¹
2671 2117 2769 2189 μὲν
2810 2112 2902 2170 οὖν
2931 2119 2999 2189 τῇ
3034 2115 3143 2170 τῶν
3186 2114 3479 2185 κτημάτων
3518 2111 3766 2182 ἀπωλείᾳ

2187 2213 2280 2267 καὶ
2318 2214 2386 2284 τῇ
2427 2211 2535 2266 τῶν
2566 2210 2770 2264 παίδων
2805 2209 2977 2281 ἀθρόᾳ
3012 2208 3236 2279 τελευτῇ
3272 2207 3387 2270 οἵας
3435 2206 3617 2276 ἀφῆκε
3663 2224 3765 2276 χα-

2189 2306 2496 2378 ριστηρίους
2521 2302 2702 2374 φωνὰς
2738 2301 3071 2373 ἠκούσαμεν,
3103 2301 3197 2355 xai.
3233 2301 3379 2363 ὅπως
3407 2300 3504 2372 τὴν
3529 2302 3764 2369 γυναῖκα

2185 2395 2562 2461 έξεπαίδευσεν
2590 2394 2836 2467 ἀπρεπές
2859 2411 2912 2447 τι
2941 2394 3068 2465 περὶ
3099 2391 3193 2446 τοῦ
3247 2392 3518 2446 Δεσπότου
3549 2391 3767 2460 λογισα-

2189 2490 2377 2561 μένην,
2409 2488 2503 2542 καὶ
2528 2491 2654 2541 ποῖα
2690 2487 2828 2558 μετὰ
2856 2489 3049 2558 πεῖραν
3081 2486 3174 2539 καὶ
3209 2484 3553 2551 ὲξουδένωσιν
3585 2485 3683 2539 καὶ
3704 2484 3764 2537 τὺ

2182 2581 2347 2653 δριμὺ
2376 2580 2546 2644 πάθος
2572 2580 2891 2649 ἐφθέγξατο,
2927 2579 3020 2633 καὶ¹
3047 2579 3122 2643 ὡς
3160 2577 3311 2631 οὐδὲν
3342 2578 3503 2632 αὐτὸν
3536 2576 3648 2631 τῶν
3673 2577 3765 2631 άν-

2183 2672 2468 2745 θρωπίνων
2506 2672 2925 2744 συμπτωμάτων
2948 2670 3363 2743 διεθορύϐησενο
3392 2670 3467 2734 ὡς
3498 2669 3557 2723 δὲ
3585 2669 3636 2722 οἱ
3674 2667 3763 2738 φί-

2180 2762 2262 2817 λοι
2304 2763 2663 2833 παρεγένοντο
2698 2762 2891 2833 ἇνδρες
2924 2762 3123 2816 δίκαιοι
3165 2763 3261 2815 καὶ
3300 2760 3626 2832 συμπαθεῖς,
3670 2757 3763 2813 εὖ·

2183 2868 2372 2923 καιρον
2412 2851 2588 2923 ᾠήθη,
2625 2849 2843 2923 θεωρῶν
2874 2850 3054 2905 αὐτῶν
3087 2850 3185 2922 τὴν
3215 2849 3492 2921 ὑπομονήν
3531 2850 3625 2903 καὶ
3662 2848 3761 2919 τὴν

2180 2943 2399 3012 ἀγάπην
2428 2942 2514 2995 ἐπ’
2544 2942 2723 2995 αὐτῶν
2762 2940 2894 3011 (55),
2926 2944 3101 2995 εἰπεῖν
3138 2942 3233 2996 καὶ
3275 2941 3632 3013 δημοσιεῦσαι
3663 2940 3763 3005 τὰς

501 3034 667 3089 animi
691 3034 773 3090 sui
804 3034 1043 3097 dolores,
1080 3033 1310 3103 illosque
1340 3033 1606 3089 historice
1635 3031 1841 3088 referre
1865 3034 2080 3102 putavit

2183 3036 2322 3090 κατὰ
2338 3035 2516 3107 ψυχὴν
2541 3035 2860 3106 ἀλγηδόνας,
2889 3035 2983 3088 καὶ
3010 3034 3306 3103 φθέγγεται
3340 3033 3437 3104 μὲν
3469 3033 3592 3087 καθ’
3627 3035 3765 3086 ίστο-

500 3142 623 3184 esse
648 3128 769 3183 sine
791 3126 1049 3196 periculo.
1082 3126 1313 3182 Unicum
1342 3122 1577 3195 namque
1604 3136 1721 3180 erat
1746 3126 1943 3181 diaboli
1967 3136 2080 3181 stu-

2183 3128 2304 3200 ρίαν
2348 3128 2646 3183 ἀκίνδυνον.
2700 3130 2795 3182 Ἕν
2830 3128 2938 3199 γὰρ
2964 3124 3032 3198 ἦν
3070 3128 3165 3181 τοῦ
3206 3127 3452 3181 διαϐόλου
3498 3127 3559 3179 τὸ
3590 3126 3761 3181 σπού-

501 3219 672 3282 dium,
701 3217 912 3272 ellicere
941 3226 1001 3270 ut
1025 3215 1205 3286 justus
1235 3217 1338 3271 iste
1364 3215 1532 3269 Deum
1562 3216 1985 3286 blasphemaret.
2010 3218 2080 3272 At

2183 3219 2383 3291 δασμα,
2428 3220 2488 3273 τὸ
2528 3220 2940 3288 παρασκευάσαι
2982 3218 3074 3272 τὸν
3113 3219 3322 3273 δίκαιον
3366 3218 3763 3289 βλασφημῆσαι

498 3323 629 3363 vero
655 3307 960 3362 nullatenus
994 3314 1219 3377 apparet
1255 3320 1377 3360 eum
1417 3306 1560 3360 istud
1589 3305 1803 3370 fecisse,
1831 3307 1960 3377 quin
1987 3321 2080 3376 po-

2183 3310 2334 3366 Θεόν.
2370 3313 2428 3367 Ὀ
2460 3312 2516 3365 δὲ
2543 3313 2794 3385 οὐδαμῶς
2822 3313 3069 3383 φαίνεται
3097 3311 3256 3365 τοῦτο
3296 3311 3761 3383 διαπραξάμενος,

500 3400 609 3454 tius
635 3399 977 3454 benedixisse
1003 3407 1058 3452 et
1089 3399 1389 3468 gratiarum
1421 3399 1659 3454 actionis
1689 3408 1856 3453 testes
1892 3408 2080 3467 protu-

2183 3405 2316 3460 άλλά
2337 3405 2432 3460 καὶ
2467 3405 2667 3477 μᾶλλον
2695 3406 3039 3478 εύφημήσας.
3080 3406 3175 3458 καὶ¹
3206 3402 3592 3475 χαριστηρίους
3629 3403 3765 3456 ἀνα-

498 3489 629 3546 lisse
670 3506 855 3545 voces.
891 3490 1171 3544 lilaledicit
1218 3499 1399 3544 autem
1458 3490 1600 3544 diem
1651 3491 1972 3553 nativitatis,
2025 3500 2080 3546 et

2183 3495 2403 3568 πέμψας
2452 3496 2656 3566 φωνάς.
2720 3495 3041 3566 Καταρᾶται
3106 3494 3163 3546 δὲ
3224 3493 3323 3564 τὴν
3386 3491 3606 3562 ἡμέραν
3660 3491 3763 3561 τῆς

498 3590 734 3655 mortem
780 3581 1091 3645 desiderat,
1140 3589 1360 3650 propter
1401 3580 1652 3649 superius
1684 3581 1878 3637 allatas
1911 3583 2080 3636 ratio-

2183 3589 2506 3660 γεννήσεως,
2544 3586 2758 3642 καὶτὸν
2789 3586 3013 3640 θάνατον
3050 3583 3320 3646 ἐπιποθεῖ,
3360 3581 3449 3636 διὰ
3485 3580 3590 3645 τὰς
3629 3583 3767 3635 ἀνω-

498 3690 616 3731 nes.
638 3674 708 3729 At
738 3675 899 3728 rebus
942 3675 1010 3728 ad
1045 3682 1283 3728 mentem
1316 3672 1525 3735 relatis,
1568 3675 1829 3744 mysteria
1865 3672 2076 3744 eloqui~

2183 3680 2322 3752 τέρω
2362 3680 2646 3751 λεχθείσας
2682 3679 2882 3741 αἰτίας.
2920 3676 3063 3749 Πρὸς
3109 3674 3166 3728 δὲ
3205 3674 3442 3728 διάνοιαν
3485 3673 3760 3745 μυστήρια

496 3778 627 3823 tur:
660 3776 715 3821 et
766 3767 833 3821 de
882 3767 949 3820 iis
982 3766 1203 3836 quidem
1246 3780 1369 3834 quae
1409 3766 1521 3835 jam
1568 3775 1731 3820 antea
1757 3777 2073 3834 evenerant,

495 3860 944 3928 phil050phatur;
996 3858 1063 3913 de
1113 3857 1319 3913 futuris
1376 3872 1504 3913 vero
1560 3858 1828 3913 certiores
1874 3858 2073 3915 reddit.

496 3950 813 4021 Hujusmodi
858 3952 1004 4005 enim
1037 3966 1252 4020 semper
1275 3961 1405 4007 sunt
1433 3960 1747 4005 sanctorqu
1777 3952 2075 4021 prapheta-

495 4057 615 4095 rum
654 4042 817 4095 dicta.
852 4042 933 4095 Ad
959 4042 1075 4110 ipsa
1116 4042 1282 4111 igitur
1319 4043 1483 4097 verba
1518 4045 1868 4106 accedentes,
1896 4043 2076 4097 decla-

496 4149 679 4189 remus
712 4148 933 4190 sensum
978 4148 1190 4199 eorum,
1218 4149 1284 4189 eo
1329 4134 1396 4187 ad
1440 4134 1942 4202 interpretationem
1977 4151 2076 4191 nos

494 4226 820 4293 deducente,
869 4226 962 4295 qui
1015 4235 1265 4280 sanctum
1316 4225 1481 4280 etiam
1528 4224 1630 4280 Job
1663 4226 1732 4280 ad
1772 4227 2074 4282 certamina

492 4315 794 4374 roboravit.

732 4410 797 4466 ν.
837 4410 886 4465 ι.
923 4409 1053 4465 Post
1085 4411 1183 4464 hoc
1212 4409 1419 4480 aperuit
1450 4409 1553 4464 Job
1579 4426 1637 4463 os
1661 4426 1839 4463 suum.

561 4502 697 4571 Quia
724 4503 903 4573 justus
930 4518 993 4557 os
1023 4502 1223 4572 aperit,
1267 4516 1375 4556 non
1414 4502 1882 4556 iucousiderauter
1908 4515 2070 4570 Opor-
2100 4515 2146 4571 ῃ

492 4604 571 4649 tet
600 4595 841 4649 animum
876 4594 942 4648 iis
971 4609 1092 4662 quae
1118 4595 1377 4648 dicuntur
1404 4593 1714 4657 advertere,
1746 4593 1840 4647 sed
1884 4592 2068 4658 requi-

493 4700 615 4739 rere
639 4685 779 4755 quod
830 4700 895 4739 ex
948 4686 1132 4739 verbis
1174 4686 1357 4755 prodit
1403 4684 1852 4740 emolumentum.
1896 4683 2064 4737 Plena

490 4776 635 4829 enim
670 4788 888 4843 semper
924 4785 1049 4829 sunt
1109 4775 1363 4830 utilitatis
1402 4774 1709 4841 huiusmodi
1751 4784 2065 4828 sanctorum

490 4868 637 4922 dicta
664 4885 677 4921 :
706 4878 761 4922 et
783 4869 1039 4936 aperiens
1063 4869 1245 4939 justus
1270 4886 1353 4935 os,
1374 4869 1617 4924 occultos
1642 4867 1919 4937 depromit
1947 4868 2067 4923 the-

488 4975 702 5014 sauros.
734 4960 920 5030 Itaque
954 4972 1009 5015 et
1040 4978 1134 5016 vas
1172 4961 1455 5016 electionis
1481 4961 1681 5015 Paulus
1711 4960 1957 5015 scribens
1979 4960 2064 5014 di-

486 5052 564 5106 cit
597 5074 608 5106 :
640 5050 713 5106 Os
744 5068 915 5106 meum
952 5053 1156 5121 aperuit
1186 5069 1242 5106 se
1278 5054 1346 5106 ad
1381 5069 1490 5117 vos,
1513 5051 1775 5106 Corinthii
1798 5051 1865 5105 ⁸⁸.
1901 5050 1966 5105 Ει
1995 5052 2061 5107 de

488 5145 717 5199 Domino
746 5145 1010 5214 scriptum
1039 5154 1122 5198 est
1146 5162 1159 5198 :
1187 5145 1437 5213 Aperiens
1469 5161 1525 5198 ot
1555 5161 1729 5206 suum,
1757 5144 1972 5198 docebat
1991 5144 2050 5197 ".
2080 5203 2089 5213 ,

484 5238 564 5291 Ac
593 5236 914 5306 simpliciter
947 5236 1015 5289 de
1041 5249 1107 5290 eo
1142 5235 1510 5289 testimonium
1540 5234 1885 5304 perhibetur,
1915 5237 2058 5305 quod

483 5346 547 5386 os
586 5332 815 5399 aperiat,
850 5329 944 5399 qui
993 5329 1193 5385 silentii
1231 5329 1422 5382 modos
1468 5338 1629 5382 antea
1672 5328 1895 5382 edoctus
1929 5330 2054 5382 fuit.

483 5422 667 5492 Itaque
691 5435 747 5477 et
770 5422 871 5478 Job
893 5438 954 5478 os
1000 5423 1175 5493 aperit
1204 5432 1389 5493 postea
1414 5442 1427 5477 :
1455 5426 1505 5478 id
1546 5430 1631 5477 est
1658 5431 1776 5490 post
1808 5437 2060 5491 magnum

548 5562 594 5594 "
625 5559 724 5614 Job
755 5575 853 5625 vn,
882 5558 975 5613 20.
1047 5560 1095 5592 ”
1127 5557 1168 5614 Il
1195 5558 1320 5613 Cor.
1356 5558 1539 5625 vr,ll.
1615 5557 1659 5589 ⁵⁷
1687 5555 1878 5612 Matth.
1911 5571 1962 5623 v,
1984 5554 2037 5609 ‘2.

553 5656 663 5723 (29)
702 5655 1006 5726 Legendum
1025 5655 1313 5726 γόδυνᾶται.

554 5731 665 5795 (5υ)
696 5725 853 5780 Forte
881 5725 1067 5780 αὑτοῦ.

549 5801 662 5871 (51)
690 5799 1123 5869 Κατεντευκτήν,

2176 3774 2362 3828 λαλεῖ·
2413 3774 2508 3828 καὶ
2546 3774 2674 3843 περὶ
2710 3770 2818 3824 τῶν
2861 3770 2961 3841 ήδη
3001 3768 3407 3841 προγεγονότων
3453 3765 3755 3834 φιλοσοφεῖ,

2176 3868 2271 3920 καὶ
2308 3866 2644 3937 πληροφορεί
2681 3862 2743 3917 τὸ
2795 3861 3009 3933 μέλλον.
3052 3859 3311 3913 Τοιαῦται
3362 3859 3471 3929 γὰρ
3522 3858 3612 3911 ἀεὶ
3652 3858 3757 3911 τῶν

2177 3957 2345 4026 ἁγίων
2370 3955 2667 4028 προφητῶν
2705 3956 2763 4008 αἱ
2803 3956 3006 4025 ῥήσεις.
3045 3952 3170 4006 Ἐπὶ
3201 3952 3259 4005 δὲ
3293 3952 3474 4006 αὐτῶν
3517 3951 3629 4004 τῶν
3666 3949 3754 4003 λέ-

2178 4048 2312 4114 ξεων
2356 4050 2659 4121 γενόμενοι,
2707 4046 3096 4118 σαφηνίσωμεν
3141 4046 3241 4118 τὴν
3288 4045 3549 4109 διάνοιαν,
3588 4044 3754 4098 αὑτοῦ

2175 4140 2535 4212 ποδηγοῦντος
2562 4141 2698 4211 πρὸς
2728 4140 2827 4210 τὴν
2857 4140 3061 4210 έρμηνε
3072 4138 3175 4200 ίαν,
3211 4135 3305 4188 τοῦ
3339 4136 3436 4190 καὶ
3464 4136 3558 4189 τὸν
3603 4136 3755 4205 ἇγιον

2186 4232 2306 4288 Ἰὼϐ
2341 4233 2475 4305 πρὸς
2512 4231 2639 4295 τοὺς
2668 4231 2884 4300 ἀγῶνας
2924 4229 3326 4300 ὲνισχύσαντος.

2173 4411 2319 4481 Στίχ.
2344 4416 2410 4464 α’.
2433 4410 2595 4465 Μετὰ
2616 4409 2790 4464 τοῦτο
2812 4408 3056 4479 ἤνοιξεν
3091 4407 3213 4462 Ἰὼϐ
3228 4408 3296 4461 τό
3325 4409 3522 4474 στόμα
3542 4406 3751 4462 αὑτοῦ.

2248 4506 2368 4556 ’Ὁτι
2401 4503 2608 4564 δίκαιος
2635 4502 2839 4570 ἀνοίγει
2868 4501 2929 4553 τὸ
2961 4500 3155 4571 στόμα,
3193 4501 3290 4570 οὑχ
3324 4499 3514 4563 ἁπλῶς
3554 4500 3753 4553 οὑτωσὶ

2168 4596 2435 4666 προσήκει
2464 4593 2749 4666 προσέχειν
2782 4596 2894 4657 τοῖς
2928 4593 3260 4663 λεγομένοις,
3291 4592 3426 4645 ἀλλὰ
3451 4592 3523 4645 τὰ
3554 4594 3670 4662 (54)
3694 4593 3753 4644 ἐκ

2166 4688 2278 4739 τῶν
2309 4688 2484 4756 λόγων
2511 4687 2798 4757 ἀναζητεῖν
2826 4686 3112 4755 ὠφέλειαν.
3150 4684 3339 4739 Μεστὰ
3364 4683 3475 4755 γὰρ
3501 4685 3593 4737 ἀεὶ
3615 4686 3754 4752 ὠφε-

2167 4778 2317 4841 λείας
2348 4774 2416 4831 τὰ
2445 4775 2669 4831 τοιαῦτα
2704 4778 2925 4849 ῥήματα
2975 4777 3084 4830 τῶν
3129 4777 3331 4844 ἁγίων⁸
3377 4777 3474 4830 καὶ
3519 4777 3756 4845 ἀνοίγων

2165 4870 2229 4922 τὸ
2273 4870 2443 4940 στόμα
2471 4869 2696 4935 δίκαιος,
2741 4869 3159 4940 κεκρυμμένους
3202 4867 3519 4938 δημοσιεύει
3558 4868 3760 4938 θησαυ-

2168 4957 2314 5030 ρούς.
2351 4960 2442 5012 Διὸ
2472 4961 2566 5013 καὶ
2602 4960 2664 5012 τὸ
2702 4959 2893 5022 σκεῦος
2927 4960 3027 5030 τῆς
3057 4958 3286 5028 ἐκλογῆς
3314 4961 3343 5011 ὁ
3372 4957 3588 5022 Παῦλος
3634 4961 3755 5012 ἐπι-

2166 5052 2399 5105 στέλλων
2429 5052 2588 5124 φησί’
2629 5052 2699 5106 Τὸ
2738 5052 2933 5120 στόμα
2973 5070 3093 5120 μου
3137 5050 3359 5121 ἀνέῳγε
3390 5050 3545 5118 πρὸς
3573 5051 3754 5121 ὑμᾶς,

2162 5144 2477 5211 Κορίνθιοι.
2541 5142 2653 5196 Καὶ
2705 5142 2833 5213 περὶ
2878 5142 2973 5195 τοῦ
3038 5142 3244 5214 Κυρίου
3299 5142 3623 5213 γέγραπται
3677 5145 3757 5197 ὅτι

2175 5234 2440 5301 Ἁνοίξας
2478 5235 2547 5289 τὸ
2579 5237 2777 5305 στόμα
2814 5234 3002 5289 αὐτοῦ
3048 5234 3350 5288 ἐδίδασκε.
3402 5235 3515 5287 Καὶ
3565 5235 3757 5296 ἁπλῶς

2162 5328 2367 5391 ἐκεῖνος
2401 5330 2755 5399 μαρτυρεῖται
2781 5326 2956 5397 στόμα
2988 5328 3246 5395 ἀνοίγειν,
3277 5327 3306 5378 ὁ
3333 5328 3546 5399 σιωπῆς
3580 5329 3757 5400 μέτρα

2167 5421 2429 5493 πρότερον
2450 5420 2735 5491 διδαχθείς.
2762 5420 2972 5474 υύκοῦν
2996 5421 3089 5475 καὶ
3126 5418 3245 5473 ’1ὼὸ
3263 5418 3470 5487 ἀνοίγει
3490 5420 3551 5473 τὸ
3577 5421 3756 5490 στόμα

2239 5645 2353 5713 (se)
2388 5644 2496 5714 Τῷ.

2239 5710 2352 5783 (55)
2392 5710 2554 5770 Forte
2591 5710 2723 5765 αὑτό
2747 5734 2774 5767 ἰ

2243 5787 2354 5856 (τοι)
2393 5784 2548 5839 Forte
2576 5785 2694 5852 τήν.
