3880 6216
159 318 226 377 09
1384 315 1920 372 ENARRATIONES
1960 316 2026 373 IN
2063 315 2205 374 JOB.
3336 317 3403 376 ’ὅθ

158 442 293 513 μετὰ
314 440 503 496 τοῦτο’
540 438 788 493 τουτέστι
832 438 969 509 μετὰ
1002 438 1063 490 τὸ
1104 436 1245 508 μέγα
1282 436 1561 509 τρόπαιον,
1610 439 1722 509 μετ’

1834 446 2117 504 tropaeum,
2146 439 2269 504 post
2290 432 2570 503 passiones
2594 432 2737 511 illas,
2764 446 2870 486 non
2899 446 3021 487 stne
3050 432 3301 488 examine
3324 434 3405 487 lo—

152 537 332 588 ὲκεῖνα
354 535 425 588 τὰ
447 534 618 604 πάθη,
649 534 751 587 οὐκ
779 531 1151 594 ἀϐασανίστως
1180 530 1478 600 φθέγγεται
1502 530 1727 601 περιαλ-

150 627 259 694 γῶν
284 625 363 696 τῷ
381 625 620 696 σώματι,
645 625 745 694 τῆς
766 624 1015 694 γλώσσης
1040 620 1346 692 φθανούσης
1373 621 1435 675 τὸ
1464 622 1565 692 τῆς
1594 639 1728 693 φρο-

147 720 355 787 νήσεως
404 716 687 786 ἔνθεσμον,
725 712 862 768 ἀλλὰ
908 710 1202 783 σωφρονῶν
1238 711 1334 764 καὶ
1372 712 1494 774 ταῖς
1524 713 1730 780 φωναῖς

147 808 548 862 ὑποδείκνυται.
582 806 743 877 Δηλοῖ
772 805 831 858 δὲ
871 803 966 857 καὶ
995 801 1095 873 τὴν
1131 802 1371 873 γαλήνην
1419 802 1519 873 τῆς
1550 802 1728 873 ψυχῆς

145 902 236 954 καὶ
256 900 369 953 τῶν
395 900 655 971 ῥημάτων
673 897 736 950 τὸ
758 894 1039 968 ὲμπρεπὲς
1066 894 1101 965 ἡ
1122 894 1217 947 τοῦ
1242 894 1447 961 ἀνοῖξαι
1471 894 1532 949 τὸ
1554 895 1728 967 στόμα

142 991 312 1044 αὐτοῦ
343 990 624 1062 μαρτυρία

786 1079 941 1133 ΚΕΦ.
988 1078 1091 1132 ΙΘ¹.

142 1173 252 1245 (56)
282 1172 438 1243 Στίχ.
468 1178 538 1227 α’.
570 1172 718 1237 Ἕως
741 1171 905 1236 τίνος
934 1170 1196 1240 ἔγκοτον
1210 1167 1492 1236 ποιήσετε
1517 1169 1729 1238 ψυχήν

855 1256 1011 1309 μου;

210 1337 430 1406 Ὠσπερ
473 1334 702 1405 σώματα
749 1333 919 1405 βαρέα
958 1331 1314 1403 ἐπιτιθέμενα
1352 1329 1509 1396 ζώων
1550 1329 1730 1401 σώμα-

140 1445 245 1491 σιν,
290 1428 526 1498 κάμνειν
566 1428 740 1479 ποιεῖν
780 1425 849 1477 τὰ
894 1424 1264 1494 βαστάζοντα*
1311 1422 1485 1486 οὕτως
1513 1423 1618 1475 είσί
1648 1439 1727 1475 τι-

138 1538 229 1583 νες
264 1521 419 1588 λόγοι
455 1518 664 1589 βαρεῖς,
708 1516 801 1581 οὒς
832 1517 1071 1581 ἀκούσας
1099 1534 1183 1581 τις
1224 1516 1446 1587 κάμνει.
1498 1515 1587 1579 Ὧς
1622 1513 1728 1567 ὑπὸ

139 1612 347 1683 βάρους
375 1611 717 1681 πιεζόμενος,
747 1610 844 1680 τῆς
874 1609 1156 1679 δυνάμεως
1190 1608 1300 1661 τῶν
1332 1608 1505 1676 λόγων
1534 1606 1641 1661 τῶν
1663 1606 1725 1659 οὐ

138 1703 354 1766 κακῶς,
395 1703 488 1755 καὶ
532 1702 785 1773 χαλεπῶς
816 1702 949 1774 (57),
982 1703 1015 1773 ἢ
1059 1702 1152 1755 ἐπὶ
1200 1700 1464 1772 λοιδορίας
1502 1697 1725 1771 εἰρημέ-

1829 530 2019 598 quitur
2043 536 2153 581 toto
2181 539 2415 595 corpore
2435 525 2645 591 dolens,
2671 512 3040 594 praeveniente
3065 523 3245 591 lingua
3274 540 3375 594 pru

1830 623 2030 677 dentia:
2056 621 2222 689 leges,
2248 619 2343 674 sed
2368 618 2452 673 vel
2480 619 2532 672 in
2566 618 2701 688 ipsis
2725 616 2953 672 vocibus
2972 616 3190 670 sobrius
3218 626 3400 670 aster,-

1828 713 1998 767 ditur.
2042 709 2248 764 indicat
2288 709 2453 763 etiam
2491 709 2684 762 anima:
2726 706 3204 776 tranquillitatem,
3256 707 3401 773 ipso—

1828 818 2061 873 rumque
2095 802 2383 856 verborum
2423 799 2697 867 decorem,
2727 798 2874 871 quod
2896 799 2963 855 de
2988 797 3083 853 illo
3111 798 3403 869 perhibea-

1830 905 1915 950 tur
1946 895 2229 965 aperuisse
2259 906 2342 947 os.

2438 1076 2592 1135 CAP.
2635 1076 2778 1134 XIX.

1830 1165 1899 1220 V.
1936 1166 1987 1221 i.
2024 1164 2307 1238 Quousque
2336 1167 2654 1222 laboriosam
2686 1169 2895 1237 facietis
2937 1172 3168 1224 animam
3194 1170 3404 1224 nteant?

1896 1320 2365 1387 Quemadmodum
2418 1336 2647 1391 corpora
2692 1323 2880 1393 gravia
2919 1322 3170 1392 imposita
3197 1325 3400 1379 anima-

1828 1412 1959 1468 lium
1986 1413 2330 1482 corporibus,
2354 1416 2620 1485 gestantia
2649 1414 3079 1484 defatigantzsic
3112 1425 3241 1471 sunt
3275 1417 3400 1486 qui-

1826 1506 1950 1561 dam
1974 1520 2253 1561 sermones
2292 1522 2510 1576 graves,
2538 1522 2675 1576 quos
2710 1508 2940 1561 audiens
2965 1508 3090 1576 quis
3120 1506 3405 1576 fatigatur-

1828 1597 2110 1668 Tanquam
2147 1614 2175 1652 a
2224 1599 2439 1653 sarcina
2491 1613 2816 1668 Oppressus,
2842 1599 2895 1653 vi
2943 1614 3256 1654 sermonum
3290 1614 3397 1653 non

1827 1692 1971 1747 male
1992 1706 2057 1746 ac
2081 1690 2327 1755 moleste,
2354 1689 2437 1743 vel
2464 1691 2531 1743 ad
2560 1690 2866 1744 convicium
2889 1690 3161 1745 dictorum
3186 1690 3253 1745 ab
3278 1691 3398 1743 aliis

136 1812 245 1847 νων
280 1792 386 1847 ὑπὸ
411 1791 523 1845 τῶν
563 1792 739 1845 ἄλλων
789 1792 884 1845 δύο
934 1793 1072 1863 μετὰ
1124 1791 1329 1845 meas
1373 1790 1722 1862 ἐληλυθότων,

1833 1784 2061 1848 duobus,
2094 1785 2187 1853 qui
2219 1798 2340 1839 cum
2365 1782 2607 1837 Baldado
2630 1795 2915 1851 venerant,
2934 1793 3192 1854 tanquam
3216 1784 3401 1839 oneris

136 1881 305 1934 οἱονεὶ
346 1881 569 1952 φορτίου
617 1881 870 1951 αἴσθησις
901 1881 1015 1952 (58)
1069 1881 1286 1952 βαρέος,
1334 1881 1364 1934 ό
1421 1878 1539 1931 Ἰὼϐ
1590 1895 1722 1949 φησι

138 1972 339 2043 καμὼν
376 1960 460 2042 ’τῇ
512 1972 657 2043 ψυχῇ
715 1972 801 2042 ἐφ’
861 1966 945 2036 οἷς
999 1972 1313 2044 είρήκασιν’
1365 1971 1513 2036 Ἕως
1560 1971 1724 2036 τίνος

137 2063 403 2133 ἕγκοπον
422 2062 703 2130 ποιήσετε
727 2063 937 2133 ψυχήν
950 2082 1068 2133 μου
1084 2081 1181 2127 ;-
1195 2064 1305 2117 Kal
1326 2063 1453 2133 μετ’
1484 2064 1721 2133 ὀλίγον’

148 2156 319 2227 Ὁρᾷς
364 2156 443 2218 ὡς
489 2154 909 2227 προγέγραπται
936 2156 965 2207 ὁ
993 2154 1277 2225 Σαυχαίων
1314 2153 1592 2225 τύραννος.
1620 2153 1725 2205 Τυ-

140 2250 390 2320 ραννικοὶ
412 2247 576 2302 αὑτοῦ
602 2249 739 2301 εἰσιν
763 2250 812 2300 οῖ
839 2247 1008 2315 λόγοι,
1030 2246 1123 2311 οὓς
1156 2246 1395 2310 ἀκούσας
1412 2248 1440 2300 ό
1480 2245 1618 2311 Ἰὼϐ,
1643 2245 1726 2299 λέ-

136 2341 382 2408 γει-Ἕω
435 2340 600 2405 τίνος
617 2340 875 2409 ἐγκοπον
899 2338 1180 2405 ποιήσετε
1211 2336 1327 2407 τὴν
1341 2336 1553 2407 ψυχήν
1572 2354 1722 2407 μους

138 2432 253 2502 Οὐχ
280 2430 459 2493 οὓτως
496 2430 833 2484 καθικνεῖται
862 2430 1040 2501 ψυχῆς
1077 2429 1361 2502 ἀνθρώπου
1399 2430 1526 2485 ἄλλο
1552 2448 1623 2494 τι,
1649 2430 1725 2493 ὠς

137 2523 301 2590 λόγος
348 2522 605 2593 σκληρός.
663 2522 933 2584 Πολλάκις
976 2522 1273 2591 ὑπομείνας
1317 2523 1415 2586 τὰς
1458 2521 1724 2591 βασάνους

138 2613 361 2684 σώματι
412 2613 883 2685 προσφερομένας,
921 2613 1115 2682 λόγους
1165 2614 1263 2683 οὐχ
1305 2613 1615 2684 ὑπέμεινεν.
1666 2612 1726 2665 Ὀ

138 2706 396 2777 μέντοιγε
420 2705 625 2769 τέλειος
652 2704 909 2777 ἀθλητὴς,
954 2708 1003 2759 εί
1036 2706 1129 2759 καὶ
1159 2706 1403 2776 κάμνων,
1440 2704 1556 2759 ἀλλ’
1589 2704 1725 2757 ὑπο·

136 2798 297 2868 μένει
333 2798 461 2862 τοὺς
502 2798 769 2868 χαλεποὺς
803 2797 1012 2865 λόγους.
1048 2798 1245 2868 ’Υϐριν
1286 2799 1393 2869 γὰρ
1438 2798 1727 2867 ὑπομένειν

137 2891 387 2963 μεγάλου
418 2891 610 2962 ἀνδρός
634 2892 800 2943 ἐστιν.
833 2890 1033 2961 Διόπερ
1072 2892 1129 2944 ὲν
1158 2892 1269 2957 τοῖς
1307 2888 1728 2961 ἀνδραγαθήμα-

138 3001 224 3036 σιν
248 2981 448 3036 ἑαυτοῦ
472 2984 501 3035 ὁ
544 2982 860 3047 ’Δπόστολος
882 2983 1062 3052 λέγει’
1086 2982 1535 3051 Λοιδορούμενοι
1562 2982 1728 3035 εὐλο-

133 3074 388 3145 γοῦμεν,
440 3073 785 3143 διωκόμενοι
840 3074 1203 3143 ἀνεχόμεθα,
1238 3072 1728 3141 δυσφημούμενοι

1823 1893 1987 1933 sensu
2041 1879 2246 1949 gravis,
2287 1878 2419 1932 dicit
2446 1876 2548 1932 Job
2578 1878 2908 1950 defatigatus
2955 1881 3142 1934 animo
3173 1889 3398 1950 pr0pter

1823 1987 1885 2027 ea
1920 1986 2040 2040 qua:
2070 1972 2363 2027 dixerant:
2393 1972 2674 2042 Quousque
2695 1972 3011 2026 laboriosam
3048 1972 3251 2041 facietis
3280 1972 3399 2023 ani-

1823 2080 1963 2117 mam
1984 2067 2196 2121 meam?
2220 2092 2290 2104 --
2320 2066 2389 2120 Et
2412 2079 2527 2135 post
2553 2082 2726 2134 pauca
2758 2079 2777 2118 :
2814 2064 2976 2119 Vides
3000 2064 3143 2134 quod
3187 2064 3393 2117 descri-

1823 2162 1950 2224 ptus
1998 2154 2164 2210 fuerit
2199 2155 2582 2212 Sauchteorum
2612 2168 2895 2225 tyrannus.
2932 2156 3226 2228 Tyrattnici
3269 2163 3398 2210 sunt

1824 2246 1940 2315 ejus
1973 2261 2273 2311 sermones,
2302 2263 2439 2317 quos
2477 2248 2704 2304 audiens
2731 2247 2832 2302 Job
2862 2250 2976 2302 ait:
3007 2248 3293 2316 Quousque
3320 2247 3398 2300 la-

1826 2340 2086 2393 boriosam
2118 2340 2323 2408 facietis
2344 2342 2577 2394 animant
2609 2339 2958 2395 meam?Non
2989 2340 3064 2394 ita
3094 2338 3258 2393 allicit
3284 2340 3398 2392 ani-

1826 2444 1969 2483 mam
2003 2430 2239 2484 hominis
2269 2430 2412 2484 aliud
2438 2431 2592 2501 quid,
2623 2437 2681 2485 ut
2706 2446 2889 2486 sermo
2914 2431 3214 2499 prmdurus.
3240 2430 3396 2501 Saepe

1826 2521 1916 2589 qui
1948 2522 2206 2575 sustinuit
2238 2530 2509 2576 tormenta
2544 2523 2762 2592 corpori
2812 2522 3087 2586 adhibita,
3113 2535 3396 2575 sermones

1825 2626 1933 2666 non
1967 2613 2247 2668 sustinuit.
2286 2613 2565 2669 Perfectus
2593 2624 2770 2669 tamen
2803 2614 2891 2668 hic
2923 2613 3152 2677 athleta,
3181 2613 3396 2669 etside-

1826 2702 2105 2773 fatigatus,
2142 2704 2375 2759 sustinet
2406 2705 2766 2760 nihilominus
2800 2705 3057 2760 molestos
3093 2718 3392 2759 sermones.

1826 2791 2217 2848 Contumeliam
2246 2795 2392 2849 enim
2418 2795 2664 2861 sufferre,
2686 2797 2862 2867 magni
2894 2806 2978 2852 est
3000 2796 3122 2850 viri.
3143 2794 3397 2864 Propter-

1826 2896 1889 2936 ea
1932 2882 1984 2936 itt
2019 2884 2130 2938 suis
2162 2884 2455 2938 virtutibus
2488 2885 2783 2954 Apostolus
2816 2897 3068 2942 recenset
3094 2904 3107 2940 :
3129 2883 3395 2940 Conviciis

1827 2972 2081 3037 lacessiti,
2117 2975 2509 3040 benedicimus;
2535 2978 2946 3037 persecutionem
2969 2978 3245 3047 patientes,
3274 2978 3399 3031 tole-

1828 3082 2047 3132 ramus;
2081 3068 2416 3137 blasphemiis
2446 3071 3100 3140 proscissi,deprecamur.
3122 3070 3392 3140 Tanquam

136 3162 633 3232 παρακαλοῦμεν.
685 3163 910 3230 Ὥσπερ
958 3160 1298 3230 καθάρματα
1339 3161 1444 3214 τοῦ
1489 3160 1722 3229 κόσμου

1833 3168 2171 3229 purgamenta
2196 3162 2378 3215 mundi
2406 3162 2577 3231 effecti
2606 3178 2807 3226 sumus,
2848 3164 3081 3216 omnium
3103 3163 3397 3232 peripsemc

133 3254 535 3324 ἐγενήθημεν,
559 3252 798 3307 πάντων
827 3253 1135 3322 περίψημα
1157 3252 1266 3319 ἕως
1287 3252 1432 3320 ἄρτι.
1460 3251 1571 3306 Καὶ
1603 3252 1722 3323 μετ’

134 3346 323 3415 ὀλίγον
358 3345 524 3414 φησὶν
548 3340 683 3409 εἶτα,
705 3344 793 3397 διὰ
811 3344 892 3407 τὸ,
926 3344 1073 3408 Ἕως
1091 3343 1255 3408 τίνος
1273 3344 1529 3413 ἔγκατον
1552 3340 1723 3408 ποιήο

135 3454 280 3492 σετε
309 3437 524 3506 ψυχήν
549 3452 706 3506 μου;
748 3437 943 3507 Ὀρᾷςς
993 3434 1110 3489 Ἰὼϐ
1142 3436 1310 3499 ἐστιν,
1338 3427 1400 3487 οὗ
1435 3434 1529 3487 καὶ
1554 3434 1614 3487 τὸ
1643 3434 1724 3504 βι-

137 3530 287 3583 ϐλίον
322 3530 475 3583 οὐδὲν
530 3529 656 3583 ἄλλο
684 3529 976 3601 ἐξαιρέτως
1008 3528 1250 3599 περιέχει
1296 3528 1330 3599 ἦ
1371 3528 1471 3599 τὴν
1502 3528 1722 3601 ἀνδρίαν

139 3620 310 3674 αὑτοῦ
361 3621 458 3674 καὶ
501 3620 600 3692 τὴν
658 3622 954 3691 ὑπομονήν.
1026 3619 1163 3672 Ἀλλ’
1203 3621 1351 3690 ὅμως
1406 3619 1720 3697 αἰσθάνεται

138 3713 249 3766 τῶν
266 3713 557 3783 καμάτων,
588 3706 661 3765 ὧν
684 3716 957 3783 κεκμήκει
983 3710 1091 3764 ἀπὸ
1110 3709 1203 3764 τοῦ
1232 3710 1393 3780 λόγου
1430 3710 1523 3764 τοῦ
1551 3711 1718 3783 σκλη-

143 3804 241 3876 ροῦ
292 3805 403 3857 τῶν
451 3802 785 3873 ἐληλυθότων
820 3802 981 3855 αὐτὸν
1017 3803 1403 3872 ὲπισκοπῆσαι.

142 3896 255 3965 (39)
290 3895 441 3965 Στίχ.
472 3902 542 3964 γ’.
574 3893 772 3948 nam
793 3895 1006 3979 μόνον,
1042 3893 1131 3947 ὅτι
1166 3897 1199 3949 ὀ
1222 3896 1438 3964 Κύριος
1468 3896 1720 3967 ἐποίησέ

772 3982 849 4034 με
878 3982 1085 4031 ουτως.

221 4056 292 4107 Ἀ
322 4053 547 4125 βλέπετε
571 4054 699 4126 περὶ
722 4054 843 4125 ἐμὲ,
882 4054 957 4125 μὴ
982 4052 1242 4125 νομίσητε
1273 4054 1496 4109 ἄλλοθεν
1528 4056 1719 4129 ἐληλυ-

142 4144 299 4196 θέναι
335 4160 425 4213 μοι
453 4142 488 4213 ἢ
518 4142 626 4195 ἀπὸ
646 4142 737 4195 τοῦ
764 4141 918 4197 Θεοῦ.
960 4142 1237 4213 ⁴Φοϐήθητε
1268 4144 1466 4197 τοίνυν.
1524 4145 1583 4197 '0
1613 4146 1719 4218 γὰρ

141 4234 271 4303 ἐμοὶ
298 4232 474 4286 ταῦτα
498 4232 716 4300 ἐπάγων
743 4231 964 4285 δύναται
997 4232 1093 4285 καὶ
1121 4232 1248 4302 ὑμῖν
1271 4232 1592 4300 ἐπαγαγεῖν.

143 4326 298 4393 Στίχ.
329 4324 399 4394 γ’.
428 4323 824 4395 Καταλαλεῖτέ
845 4341 963 4393 μου
983 4340 1009 4395 ’ί
1027 4325 1137 4377 οὐκ
1169 4324 1596 4393 αἰσχυνόμενοί
1619 4342 1715 4395 με,

710 4394 1013 4448 ἐπίηισθέ
1036 4411 1158 4463 μοι.

1823 3267 1984 3323 usque
2006 3254 2161 3308 modo
2189 3254 2258 3308 ⁸⁸.
2288 3254 2354 3309 Ει
2386 3256 2546 3325 paulo
2569 3268 2690 3326 post
2713 3256 2973 3327 deinceps
2996 3257 3147 3323 dicit,
3176 3265 3397 3324 propter

1824 3344 1950 3399 illud
1979 3361 1993 3398 :
2032 3344 2309 3416 Usquequo
2339 3345 2656 3400 laboriosam
2691 3346 2893 3414 facietis
2925 3348 3155 3400 animam
3185 3363 3351 3400 meum
3371 3349 3398 3402 ?

1829 3434 2057 3491 Viden’?
2082 3434 2180 3490 Job
2206 3445 2291 3491 est
2316 3454 2329 3492 :
2353 3438 2507 3507 cujus
2530 3438 2845 3492 etiatnliber
2864 3437 2997 3491 nihil
3029 3437 3174 3491 aliud
3206 3440 3396 3507 praeci-

1821 3542 1925 3597 pue
1972 3529 2235 3596 continet,
2284 3544 2447 3598 quam
2500 3528 2669 3585 robur
2712 3540 2769 3584 et
2815 3530 3155 3584 tolerantiam
3226 3529 3392 3584 illius.

1822 3617 2188 3675 Nihilominus
2215 3621 2383 3675 sentit
2405 3621 2643 3687 labores,
2673 3620 2869 3691 quibus
2894 3621 3235 3677 laboraverat
3259 3636 3391 3691 pro-

1820 3715 1942 3776 pter
1986 3707 2182 3763 dut-um
2218 3723 2523 3764 sermonem
2553 3724 2774 3777 eorum,
2800 3709 2891 3781 qui
2925 3720 3188 3767 venerant
3213 3712 3280 3766 ad
3313 3712 3395 3766 in-

1819 3797 2100 3853 visendum
2127 3799 2297 3855 illum.

1822 3888 1886 3945 V.
1912 3891 1966 3945 5.
1996 3890 2273 3960 Agnoscite
2290 3895 2571 3961 duntaxat,
2593 3896 2731 3965 quod
2756 3894 3015 3950 Dominus
3041 3896 3164 3965 fecit
3191 3913 3271 3951 me
3294 3898 3390 3953 sic.

1890 4070 2021 4137 Quae
2064 4072 2209 4128 circa
2252 4088 2341 4129 me
2391 4076 2639 4142 cernitis,
2684 4091 2755 4131 ne
2808 4080 3132 4149 putaveritis
3177 4080 3392 4138 aliunde

1818 4162 2066 4217 evenisse
2091 4163 2245 4231 mihi,
2269 4181 2429 4235 quam
2459 4182 2489 4221 a
2519 4169 2650 4224 Deo.
2690 4168 2911 4225 Metuite
2932 4186 3083 4241 ergo.
3115 4173 3218 4239 Qui
3245 4175 3392 4229 enim

1820 4253 1952 4307 mihi
1984 4254 2171 4310 istltaac
2194 4257 2432 4325 adducit,
2464 4270 2641 4328 potest
2675 4269 2730 4315 et
2761 4262 2915 4317 vobis
2940 4264 3227 4318 adducere.

1824 4341 1887 4397 V.
1906 4343 1961 4399 5.
1984 4341 2344 4412 Obloquimini
2368 4349 2432 4403 de
2459 4365 2540 4403 me
2561 4365 2579 4403 :
2597 4366 2710 4473 gon
2738 4352 2942 4405 reveriti
2970 4368 3071 4419 me,
3092 4353 3393 4407 incumbitis

2534 4435 2604 4472 mt
2648 4437 2683 4473 t.

2534 4435 2683 4474 mmt.

217 4486 334 4558 (40)
367 4485 633 4551 Πολλάκις
670 4487 765 4540 καὶ
812 4485 1106 4541 καταλαλεῖ
1140 4503 1224 4549 τις
1273 4486 1460 4550 κακῶς
1519 4485 1709 4541 ποιῶν.

1886 4504 2041 4576 Saepe
2061 4514 2115 4561 et
2137 4505 2448 4576 obloquitur
2476 4510 2599 4579 quis
2636 4526 2916 4582 perperam
2945 4526 3132 4581 agens.
3165 4512 3395 4580 Quando

146 4579 279 4632 Ὀτε
314 4579 382 4632 ἂν
426 4578 484 4631 δὲ
529 4580 630 4633 οὐκ
673 4578 1074 4650 άπερυθριάσῃ,
1128 4579 1208 4640 εἰς
1252 4579 1540 4650 πρόσωπον
1571 4579 1719 4647 λέγει

143 4674 365 4744 ἐκείνῳ,
385 4673 507 4743 οὐχὶ
541 4673 794 4743 ἐλέγχων,
827 4671 949 4725 οὐδὲ
973 4669 1180 4741 τάληθῆ
1209 4670 1401 4739 λέγων,
1431 4670 1544 4725 ἀλλ’
1576 4672 1717 4725 ὀνει-

140 4767 308 4833 δίζων
360 4768 459 4820 καὶ
502 4765 754 4838 ὑϐρίζων.
794 4766 920 4830 Τοῖς
970 4764 1079 4838 γάρ
1121 4766 1226 4818 ὑπὸ
1262 4764 1397 4819 Θεοῦ
1442 4776 1715 4839 τιμωρου-

148 4857 333 4925 μὲνηις
379 4854 731 4926 ἐπεμϐαίνειν
774 4855 836 4909 οὐ
878 4854 1003 4928 χρὴ,
1051 4854 1185 4909 ἀλλὰ
1234 4853 1453 4928 θρηνεῖν
1498 4857 1591 4910 καὶ
1621 4874 1718 4927 φο-

144 4945 378 4999 ϐεῖσθαι.

144 5035 255 5104 (Η)
273 5035 425 5158 Στίέ.
457 5032 520 5089 δ’.
545 5034 655 5089 Nai
683 5034 760 5102 δὴ
777 5034 870 5087 ἐπ’
902 5034 1187 5120 ἀληθείας
1204 5035 1319 5105 ἐγὼ
1343 5035 1715 5116 ἐξιλανήρην,

211 5107 351 5158 παρ’
413 5106 510 5158 uol
536 5105 605 5158 δὲ
631 5104 924 5158 αὐλίζεται
950 5109 1179 5158 πλανος
1200 5122 1213 5136 ⁸
1242 5110 1509 5158 luncas
1535 5108 1714 5158 ὸτιιια.

211 5107 351 5228 ἔαρ
378 5104 510 5229 eg?
536 5105 605 5159 δὲ
631 5104 924 5166 αὐλίζεται
950 5104 1179 5172 πλάνος
1200 5122 1213 5136 ο
1242 5104 1509 5175 λαλῆσαι
1527 5106 1714 5177 ῥῆμα,

273 5194 387 5230 ουκ
486 5193 558 5230 ει.

212 5264 350 5319 Εἶτά
378 5283 545 5336 φησιν
574 5266 695 5320 καθ’
740 5264 1029 5319 ὑπόθεσινσ
1073 5264 1232 5337 Ὑμῖν
1255 5266 1469 5338 δίδωμι,
1494 5267 1571 5334 ὥς
1597 5269 1718 5323 ὑπο-

213 5380 303 5435 ⁸⁸Ι
330 5383 457 5438 Cor.
488 5398 563 5451 tv,
598 5382 687 5448 12,
726 5386 814 5441 15.

216 5517 331 5598 (55)
360 5515 508 5598 Nihil
537 5517 887 5598 deincepsex
939 5522 1042 5598 hoc
1094 5519 1341 5598 Naniano
1384 5522 1571 5598 codice
1627 5527 1716 5581 de-

151 5590 412 5657 scriptum
442 5588 623 5641 inveni
646 5628 661 5652 ,
699 5590 802 5643 nisi
840 5591 1087 5658 quaedam
1142 5592 1193 5645 itt
1234 5591 1453 5648 Venetis
1493 5603 1714 5651 exstan-

152 5659 395 5729 tiatqua;
422 5658 475 5711 in
506 5672 571 5713 eo
596 5674 813 5729 quoque
840 5674 1131 5729 occurrere
1156 5662 1431 5717 dicuntur.

219 5727 434 5801 [56)sz
469 5738 653 5801 utro_q.
680 5727 818 5801 cod:
834 5728 1020 5785 Venet.
1049 5761 1118 5772 —
1142 5731 1361 5790 Confer.
1413 5743 1540 5791 tom.
1595 5733 1706 5801 Xll,

152 5797 251 5851 col.
295 5798 453 5853 1032.
477 5827 549 5856 -.—-
580 5799 739 5856 Eutr.
790 5798 959 5856 Pun.
1548 5828 1549 5831 η

1826 4606 2006 4652 autem
2034 4613 2140 4653 non
2173 4601 2469 4665 erubescit,
2504 4604 2557 4656 in
2594 4602 2786 4658 faciem
2813 4604 2944 4659 dicit
2975 4604 3072 4669 illi,
3100 4621 3207 4660 non
3234 4608 3391 4661 evin—

1824 4702 1975 4756 cens,
2011 4704 2187 4759 neque
2236 4706 2364 4747 vere
2411 4692 2659 4762 loquens,
2688 4695 2783 4749 sed
2836 4696 3102 4753 conviciis
3150 4705 3307 4753 utens
3338 4707 3394 4752 et

1822 4781 2187 4837 contumeliis.
2214 4780 2330 4837 Non
2377 4786 2522 4839 enim
2558 4800 2589 4839 a
2617 4786 2727 4841 Deo
2755 4786 2974 4843 alilictis
3022 4788 3392 4845 iusultandunt

1822 4882 1926 4941 est,
1954 4874 2049 4929 sed
2073 4875 2477 4931 lamentantium
2506 4879 2686 4948 potius
2710 4888 2767 4936 et
2791 4883 3160 4937 metuendum.

1828 5045 1889 5101 V.
1916 5046 1972 5102 4.
2015 5046 2281 5126 Nasone
2324 5066 2382 5103 in
2431 5053 2648 5126 veritate
2694 5070 2789 5125 ego
2836 5056 3100 5121 aberraui,
3131 5060 3271 5126 apud
3310 5075 3393 5113 me.

1893 5128 2068 5241 ῗέιίεῖιι
2105 5120 2245 5189 degit
2292 5135 2408 5174 erro
2448 5136 2468 5176 :
2506 5123 2648 5194 loqui
2679 5120 2891 5181 vit-bum
2926 5120 3202 5198 quodnon
3235 5145 3392 5199 opor-

1980 5207 2009 5241 a
2040 5231 2053 5241 .

1980 5207 2053 5244 αι.

1892 5278 2097 5341 Deinde
2126 5285 2261 5343 dicit
2299 5301 2369 5344 ex
2417 5286 2704 5361 hypothesi
2730 5310 2749 5349 :
2776 5292 3029 5349 Concedo
3057 5291 3211 5349 vobis
3244 5293 3391 5365 quod

2030 5531 2161 5612 £06.
2194 5535 2961 5612 Σι·1.,ᾁλλέῖτιὀνειδιστικῶς
2994 5539 3088 5594 καὶ
3112 5535 3385 5612 χαλεπῶς.

1890 5601 1982 5669 (58
2032 5602 2189 5656 Forte
2221 5604 2490 5676 αἰσθήσει.

1890 5601 2003 5807 γ59ξ
2043 5672 2181 5726 ldetn
2214 5675 2266 5727 in
2305 5689 2490 5756 utroqtt

1913 5740 1981 5793 40
2035 5739 2252 5796 Confer.
2289 5755 2422 5801 lout.
2446 5745 2490 5803 λ

1888 5672 2003 5805 γδΩζ
2043 5672 2181 5726 ldetn
2214 5675 2266 5727 in
2305 5672 2536 5743 utroque
2580 5677 2700 5732 cod.

1913 5740 1981 5793 40
2035 5739 2252 5796 Confer.
2289 5755 2422 5801 lout.
2446 5745 2565 5805 XII.
2594 5748 2699 5805 col.

1913 5739 2002 5814 liii)
2035 5739 2252 5814 gottfer.
2289 5755 2422 5801 lout.
2446 5739 2565 5814 XII,
2594 5748 2699 5805 col.
2728 5747 2886 5805 ιιδι.

1886 5809 1997 5877 (il)
2026 5810 2157 5867 Cod.
2184 5823 2429 5877 uterque.
