3880 6216
452 302 514 359 7|
1335 290 1905 349 SUPPLEMENTUM
1940 289 2033 345 AD
2072 287 2398 347 ORIGENIS
2431 288 2848 347 EXEGETICA.
3641 292 3721 347 ἠ

449 412 780 484 suppunitis.
816 424 906 466 mc
933 415 1156 481 propter
1184 415 1408 477 peccata
1437 405 1556 460 haec
1593 405 1729 474 pati.
1767 407 1849 459 An
1888 419 2020 475 ergo

2156 403 2487 474 αμϐάνεται,
2527 402 2611 457 ὅτι
2653 402 2743 457 διὰ
2769 403 2838 457 τὰ
2862 403 3235 476 ἁμαρτήματα
3269 404 3442 460 ταῦτα
3478 409 3675 479 πάσχω
3700 428 3714 439 ·

449 505 737 577 Oportebat
771 517 870 558 vos
898 517 985 556 me
1001 502 1075 555 ita
1106 496 1455 553 contumeliis
1479 496 1849 565 exciperetis?
1873 496 2028 563 Apud

452 615 534 652 me
568 607 744 650 autem
780 594 920 663 degit
957 608 1101 648 erro.
1134 591 1203 646 Et
1247 590 1295 646 si
1327 604 1425 660 per
1454 588 1879 658 suppositionem
1912 588 2030 643 haec

455 691 727 753 fecissem,
766 702 887 758 quae
932 700 1038 740 non
1072 690 1232 739 erant
1271 679 1517 736 facienda
1546 697 1562 735 :
1593 680 1693 735 etsi
1722 677 2028 747 hujusmodi

453 781 710 846 fuissem;
755 793 824 831 an
878 792 983 832 non
1031 774 1313 845 oportebat
1340 786 1439 827 vos
1484 773 1759 827 intuentes
1793 768 2026 840 ﬂagella,

456 872 665 935 tabum,
721 882 951 935 vermes,
995 867 1262 922 bonorum
1320 863 1693 930 amissionem,
1746 860 2031 917 revereri?

456 960 840 1017 Verumtamen
867 957 1152 1029 appetistis
1179 972 1266 1012 me
1293 971 1401 1011 non
1428 954 1751 1011 miserentes
1773 956 1902 1021 mei,
1934 968 2031 1011 ne-

453 1069 563 1122 que
587 1052 984 1122 compatientes
1006 1050 1142 1105 meis
1169 1048 1602 1104 calamitatibus.

454 1145 522 1201 ν.
552 1144 606 1201 5.
637 1140 771 1197 Esto
808 1146 1019 1205 autem,
1067 1142 1195 1210 quia
1233 1150 1420 1193 contra
1464 1154 1545 1193 mc
1590 1138 2029 1210 magni/immitti,

754 1212 1025 1267 insultatis
1055 1221 1233 1265 autem
1254 1211 1385 1264 mihi
1409 1209 1749 1264 contumelia.

523 1303 640 1359 Non
666 1302 1013 1358 mediocriter
1043 1301 1173 1355 mihi
1204 1300 1618 1366 conviciamini,
1647 1299 1743 1356 sed
1769 1299 1860 1355 alii
1894 1298 2032 1356 alios

454 1398 790 1468 excipientes
822 1391 1142 1448 insultatis:
1182 1402 1440 1461 tanquam
1487 1390 1759 1447 irruentes
1806 1400 1861 1446 et
1896 1405 2032 1446 con-

455 1488 725 1543 cnlcantes
750 1499 835 1539 me
869 1481 1276 1537 conviciamini.

495 1580 560 1634 ν.
584 1578 639 1634 6.
680 1577 1032 1633 Mnnitionem
1056 1584 1232 1629 autent
1259 1590 1410 1628 suam
1436 1589 1594 1643 super
1614 1588 1698 1626 me
1726 1570 1993 1627 exaltavit.

529 1672 812 1741 Tanquam
858 1670 961 1724 sub
1002 1682 1215 1722 murum
1250 1666 1579 1722 calamitatis
1621 1680 1741 1721 sum
1775 1664 2030 1727 munitio,

2129 492 2219 568 ἆρ’
2243 492 2337 550 οὖν
2360 498 2532 568 ἐχρῆν
2564 497 2710 568 ὑμᾶς
2733 497 2877 551 οὕτω
2902 515 2992 568 μοι
3037 496 3353 566 όνειδίζειν;
3396 502 3541 570 Hup’
3579 502 3717 569 ἐμοὶ

2128 588 2199 642 δὲ
2216 589 2515 651 αὐλίζεται
2544 589 2799 657 πλάνος.
2827 591 2890 644 Εἰ
2924 591 3021 644 καὶ
3053 592 3176 645 καθ’
3206 592 3460 647 ὑπόθεσιν
3487 592 3717 648 τοιαῦτα

2129 681 2505 752 ἐπεποιήκειν,
2541 677 2632 735 οἷα
2676 682 2779 735 οὐκ
2823 681 2962 735 ἔδει·
3013 683 3064 736 εἱ
3111 684 3205 738 καὶ
3258 684 3499 749 τοιοῦτος
3536 686 3715 757 ἥμην,

2129 768 2220 845 ἆρ’
2254 775 2354 827 οὐκ
2376 774 2543 847 ὲχρῆν
2565 774 2711 845 ὑμᾶς
2753 774 3050 845 βλέποντας
3083 777 3374 848 μάστιγας,
3412 778 3537 842 τοὺς
3582 777 3717 849 ίχῶ-

2134 882 2255 938 ρας,
2289 867 2416 929 τοὺς
2442 866 2751 938 σκώληκας,
2773 868 2874 939 τὴν
2901 868 3175 925 ἀπώλειαν
3198 870 3308 924 τῶν
3331 870 3716 941 ὑπαρχόντων,

2130 958 2469 1030 αἰδεσθῆναις
2514 958 2675 1013 Ἀλλά
2702 960 3153 1032 προσεπιϐαίνετέ
3186 979 3276 1033 μοι
3316 961 3390 1034 μὴ
3436 962 3718 1028 ἐλεοῦντες

2135 1066 2225 1120 με,
2253 1050 2387 1121 μηδὲ
2422 1049 2836 1122 συμπαθοῦντες
2862 1069 2966 1123 μου
2996 1055 3062 1124 τῇ
3087 1054 3425 1125 περιστάσει.

2130 1143 2245 1216 (42)
2280 1144 2429 1215 Στίχ.
2469 1142 2532 1216 ε’.
2576 1145 2683 1216 Ἔα
2728 1144 2818 1207 δὲ,
2863 1144 2952 1199 ὅτι
2985 1146 3078 1199 ἐπ’
3120 1145 3251 1215 ἐμοὶ
3284 1146 3716 1216 malum,

2505 1213 2839 1269 ἐνάλλεσθε
2869 1215 2938 1269 δέ
2962 1233 3065 1284 μοι
3093 1213 3326 1271 ὀνείδει.

2200 1303 2276 1359 Οὐ
2324 1303 2562 1376 μετρίως
2627 1322 2716 1376 μοι
2774 1306 3100 1373 ὀνειδίζετε,
3158 1306 3273 1361 ἀλλ’
3328 1305 3714 1379 ἐναλλόμενοι·

2132 1397 2376 1470 ὡσπερεὶΙ
2446 1397 2821 1466 ἐπιϐαίνοντες
2855 1401 2951 1455 καὶ
2991 1398 3432 1464 καταπατοῦντες
3467 1418 3536 1473 με
3568 1402 3718 1456 ὀνει-

2131 1490 2327 1543 δίζετε.

2133 1512 2181 1543 οι
2220 1512 2327 1543 ετε.

2133 1512 2247 1651 (ΔΞ)
2274 1581 2422 1652 Στίχ.
2447 1580 2522 1647 ς’.
2557 1582 2855 1651 Ὀχύρωμα
2887 1580 2956 1635 δὲ
2985 1581 3170 1636 αὑτοῦ
3197 1582 3290 1636 ἐπ’
3316 1580 3423 1653 ἐμὲ
3440 1582 3715 1651 ὕψωσεν.

2203 1674 2380 1727 Οίονεὶ
2404 1673 2510 1726 ὑπὸ
2544 1676 2721 1744 τεῖχος
2751 1673 2853 1743 τῆς
2883 1673 3256 1744 περιπάσεὼς
3281 1676 3395 1745 είμι
3428 1673 3717 1745 ὀχύρωμα,

457 1780 621 1835 quam
652 1779 757 1818 non
784 1777 1002 1833 possum
1030 1761 1286 1827 evadere,
1314 1760 1489 1815 donec
1517 1758 1727 1829 judicet
1769 1756 1915 1813 Deus
1939 1755 2026 1811 di-

2154 1794 2155 1805 ι
2183 1765 2245 1818 οὐ
2273 1764 2505 1837 δύναμαι
2540 1765 2779 1836 φεύγειν,
2803 1764 2909 1829 ἓως
2932 1758 2995 1819 οῦ
3030 1767 3209 1837 κρινεῖ
3237 1767 3266 1819 ό
3291 1766 3423 1831 Θεὸς
3462 1765 3719 1820 καθελεῖν

460 1868 624 1911 ruere
659 1854 831 1909 illam.

640 1945 702 2000 V.
740 1946 794 1998 7.
826 1944 962 1999 Ecce
988 1943 1135 1997 rideo
1161 1941 1415 2006 convicio,
1444 1949 1492 1996 et
1520 1957 1625 1994 non
1648 1938 1867 2007 loquar.

532 2040 649 2096 llnc
684 2039 816 2095 illud
853 2048 938 2094 est
970 2059 982 2094 :
1022 2036 1186 2091 Vince
1208 2038 1263 2089 in
1297 2038 1431 2090 bono
1464 2032 1663 2088 malum
1683 2033 1751 2087 ".

533 2129 811 2199 Ejusdem.
860 2127 1001 2183 Ecce
1058 2128 1113 2181 in
1163 2125 1411 2182 convicio
1464 2134 1644 2180 vestro
1690 2123 1891 2188 ridere,
1928 2136 2034 2177 non

462 2221 612 2293 loqui
636 2221 902 2276 arbitror.

1096 2308 1248 2364 CAP.
1287 2306 1383 2363 XX
1395 2346 1411 2362 .

464 2406 531 2462 ν.
558 2405 613 2463 6.
642 2404 705 2461 Si
737 2403 1029 2458 ascendant
1057 2403 1113 2455 in
1143 2401 1329 2455 cretum
1359 2399 1475 2468 ejus
1506 2398 1646 2451 dona
1666 2440 1682 2465 ,
1711 2396 2036 2467 sacriﬁcium

860 2485 1036 2527 autem
1066 2473 1212 2525 illius
1237 2471 1397 2524 nubes
1425 2480 1631 2538 tangat.

533 2565 687 2637 lmpii
711 2565 757 2620 si
795 2566 1095 2618 ascendant
1131 2560 1272 2616 dona
1319 2560 1373 2615 in
1406 2563 1627 2624 ctutum,
1653 2559 1699 2615 si
1746 2561 2034 2615 admodum

463 2660 767 2723 elevantur,
794 2657 839 2711 si
870 2654 1201 2711 sacriﬁcium
1233 2653 1378 2708 illius
1410 2652 1582 2707 nubes
1615 2661 1819 2723 tangat.
1849 2654 2038 2719 Quan-

464 2749 751 2815 docunque
791 2745 1034 2801 oraverit
1071 2744 1384 2807 haereticus,
1411 2742 1842 2813 quandocunquc
1860 2745 2039 2798 sacri-

468 2842 649 2894 licium
686 2838 832 2893 illius
880 2837 1184 2893 ascenderit
1212 2851 1281 2890 cx
1311 2836 1588 2906 superbia,
1617 2837 2037 2907 quandocunque

465 2931 708 2983 uideatur
744 2928 907 2996 fuisse
942 2928 1290 2993 conﬁrmatus
1317 2926 1390 2992 ⁶⁰,
1413 2935 1537 2980 tunc
1552 2926 1792 2990 funditus
1835 2929 2032 2981 interit.

2134 1859 2288 1915 αὑτό.

2132 1951 2283 2022 Στίχ.
2316 1949 2381 2017 ζ’.
2427 1950 2572 2006 Ἰδοὺ
2604 1949 2756 2022 γελῶ
2786 1950 2999 2006 ὀνείδει
3028 1951 3161 2024 (44),
3189 1952 3289 2006 καὶ
3327 1953 3401 2007 οὐ
3438 1951 3715 2019 λαλήσω.

2204 2042 2376 2097 Τοῦτό
2404 2044 2520 2096 ἐστι
2549 2043 2609 2097 τό
2628 2060 2643 2073 ·
2671 2044 2822 2097 Νίκα
2855 2044 2926 2096 ἐν
2955 2044 3035 2110 τῷ
3064 2044 3263 2113 ἀγαθῷ
3292 2043 3360 2098 τὸ
3392 2045 3606 2099 κακόν.

2209 2138 2320 2192 Τοῦ
2356 2138 2564 2192 αὐτοῦ.
2601 2138 2735 2192 Ἰδοὺ
2773 2137 2865 2192 ἐπὶ
2894 2138 2973 2211 τῷ
3008 2139 3201 2193 ὀνείδει
3237 2138 3389 2211 ὑμῶν
3420 2138 3608 2211 γελᾷν,
3651 2139 3718 2193 οὐ

2145 2230 2329 2284 λαλεῖν
2362 2228 2681 2301 νομίζομαι.

2788 2323 2946 2375 ΚΕΦ.
2973 2322 3063 2378 K'.

2135 2414 2248 2486 (45)
2273 2414 2423 2486 Στίχ.
2456 2408 2531 2480 ς’.
2582 2412 2719 2486 Ἐὰν
2755 2412 2949 2481 ἀναϐῇ
2989 2416 3076 2486 εἰς
3113 2413 3373 2486 οὐρανὸν
3411 2412 3601 2469 αὐτοῦ
3644 2414 3720 2468 τὰ

2278 2484 2468 2552 δῶρα·
2499 2487 2537 2554 ἡ
2569 2484 2637 2536 δὲ
2665 2486 2849 2539 θυσία
2879 2484 3064 2538 αὐτοῦ
3102 2484 3300 2553 νεφῶν
3337 2485 3579 2554 ἅψηται.

2204 2576 2313 2629 Τοῦ
2346 2576 2575 2639 ἀσεϐοῦς
2600 2576 2695 2630 tam
2718 2576 2892 2647 ἀναϐῇ
2930 2574 3000 2628 τά
3035 2574 3183 2647 δῶρα
3224 2576 3304 2639 είς
3344 2575 3438 2628 τὸν
3462 2573 3719 2646 οὐρανὸν,

2135 2669 2230 2723 ἐάν
2258 2669 2400 2723 πάνυ
2427 2668 2636 2740 ὑψωθῇ,
2684 2669 2780 2722 ἐὰν
2811 2670 2844 2740 ὴ
2880 2667 3038 2721 θυσία
3080 2668 3243 2723 αὐτοῦ
3277 2666 3451 2737 νεφῶν
3485 2668 3716 2737 ἅψηται.

2145 2764 2265 2817 Ὀτ“
2303 2763 2370 2816 ἂν
2411 2761 2633 2833 εὔξηται
2661 2762 2690 2813 ὁ
2722 2762 3016 2833 αἱρετικὸς,
3051 2762 3127 2814 ὅτ’
3176 2761 3242 2813 ἂν
3280 2762 3313 2831 ἡ
3350 2760 3510 2814 θυσία
3549 2761 3718 2813 αὑτοῦ

2136 2854 2308 2927 ἀναϐῇ
2329 2857 2400 2926 τῇ
2419 2855 2711 2927 ὑψηγορίᾳ,
2734 2855 2816 2907 ὅτ’
2841 2852 2916 2908 ἂν
2939 2853 3090 2922 δοκῇ
3109 2854 3559 2922 κατεστηρίχθαι
3578 2854 3717 2925 (46)-

2135 2947 2271 3001 τότε
2301 2948 2388 3013 εὶς
2417 2946 2591 3012 τέλος
2612 2946 2941 3000 ἀπολεῖται.
2980 2947 3042 3000 Ἠ
3073 2946 3181 3016 γὰρ
3211 2944 3360 3014 εὐχὴ
3395 2944 3582 2999 αὑτοῦ
3614 2948 3723 2998 ,ιο-

468 3020 659 3075 Oratio
692 3021 834 3075 enim
879 3020 1028 3075 illius
1067 3029 1347 3089 reputatur
1393 3018 1441 3073 ei
1474 3018 1533 3072 in
1569 3028 1862 3087 peccatum,
1884 3027 2034 3074 etest

2154 3036 2349 3107 Γίζεται
2378 3035 2539 3102 οὺτῷ
2567 3038 2654 3103 εὶς
2676 3036 2985 3106 ἁμαρτίαν,
3008 3036 3107 3090 καὶ
3132 3037 3303 3090 ἐστιν
3320 3034 3472 3104 αὐτὴ
3500 3036 3541 3105 ἠ
3560 3035 3721 3105 εὑχὴ

466 3115 582 3181 ipsa
605 3117 777 3169 oratio
793 3113 905 3183 ejus
936 3115 991 3167 in
1020 3123 1292 3183 peccatum
1314 3112 1381 3165 ⁶¹.

468 3209 534 3265 ν.
565 3209 619 3263 7.
656 3206 1089 3275 Quandocunque
1114 3207 1251 3260 enim
1286 3206 1532 3259 videatur
1556 3202 1721 3274 fuisse
1751 3203 2038 3258 confirma-

870 3288 976 3342 tus,
1007 3289 1131 3330 tunc
1159 3278 1213 3329 in
1240 3276 1397 3339 ﬁnem
1420 3277 1619 3328 interit.

536 3369 747 3437 Simile,
782 3368 997 3424 Inimici
1040 3377 1215 3421 autem
1253 3366 1467 3419 Domini
1508 3365 1667 3419 simul
1700 3376 1851 3434 atque
1878 3365 2039 3435 glori-

467 3462 613 3530 [ictui
639 3471 687 3516 et
707 3462 928 3515 exaltati
956 3458 1495 3529 fuerint,deﬁcientes
1520 3458 1653 3511 sicut
1686 3460 1865 3527 fumus
1887 3457 2036 3527 defe-

466 3564 648 3608 cerunt
668 3554 736 3608 ⁶¹.

544 3645 612 3699 γ.
652 3646 709 3701 ’1.
753 3645 858 3711 Qui
897 3654 1073 3699 autem
1104 3644 1343 3701 viderant
1368 3661 1487 3699 cum
1515 3644 1714 3712 dicent,
1744 3642 1841 3698 Ubi
1869 3651 1987 3701 cst!

540 3739 643 3806 Qui
669 3748 795 3793 sunt
827 3740 919 3809 qui
950 3739 1204 3793 viderant
1225 3739 1384 3793 eum?
1412 3738 1777 3793 Ecclesiastici
1809 3754 1928 3803 nos,
1947 3739 2040 3811 qui

469 3829 715 3883 videntes
740 3844 927 3885 eorum
962 3843 1200 3898 errores,
1227 3830 1503 3885 dicemus:
1534 3829 1635 3886 Ubi
1667 3830 1833 3885 sunt?

474 3923 535 3978 V.
567 3920 622 3977 8.
661 3920 936 3992 Tanquam
997 3925 1273 4006 somnium.
1326 3923 1666 3993 explicatum,
1711 3940 2042 3994 nequaquam

1104 4007 1411 4050 inveniatur.

544 4084 924 4141 Somniatores
957 4083 1374 4155 hujusmodi,ct
1398 4086 1490 4156 qui
1528 4085 1628 4141 sibi
1664 4085 2043 4155 phantasmata

470 4174 749 4247 ellingunt,
786 4192 1130 4245 nequaquam
1155 4178 1380 4233 veritate
1406 4188 1640 4233 mentem
1670 4177 1896 4231 l'ulciunt
1920 4191 2043 4231 cum

470 4268 839 4335 decipiantur,
862 4270 1105 4339 liuntque
1128 4280 1378 4339 tanquam
1400 4271 1663 4325 somnium
1691 4270 2052 4339 explicatum,

467 4356 610 4427 quod
640 4372 745 4410 non
778 4357 1104 4411 inveniatur.

717 4445 781 4501 V.
824 4446 910 4501 10.
955 4445 1126 4502 Filios
1152 4448 1268 4518 ejus
1295 4449 1519 4517 perdant
1556 4449 1812 4506 minores.

539 4535 706 4593 Filios
729 4553 793 4593 ac
828 4538 1121 4611 discipulos
1143 4541 1262 4611 ejus
1292 4541 1383 4610 qui
1417 4540 1534 4596 haec
1564 4540 1772 4595 docuit.

580 4632 645 4687 ν.
686 4631 774 4687 10.
815 4632 1011 4688 Manus
1032 4644 1207 4689 autem
1242 4634 1360 4705 ejus
1400 4635 1677 4689 incendant
1700 4634 1933 4689 dolores.

542 4794 733 4851 Manus
755 4794 893 4864 eius,
922 4797 1188 4867 inquit,id
1210 4808 1296 4855 est
1316 4812 1485 4868 opera
1515 4797 1679 4867 illius,
1712 4797 2045 4854 succenderit

469 4887 522 4943 ei
552 4888 913 4956 punitionem.

544 4977 737 5032 Manus
774 4989 950 5033 autem
979 4980 1114 5048 ejus.
1165 4978 1319 5051 lmpii
1368 4978 1528 5051 hujus
1551 4989 1606 5037 et
1637 4980 1867 5047 seducti,
1889 4980 2043 5051 cujus

471 5072 643 5124 oratio
677 5080 955 5139 reputatur
985 5072 1039 5124 in
1069 5082 1379 5141 peccatum;
1418 5072 1572 5141 cujus
1616 5072 1942 5139 sacri/icium
1993 5074 2041 5124 si

471 5164 724 5217 ascendat
768 5164 823 5218 in
866 5164 1076 5233 ctelum,
1106 5175 1155 5220 et
1184 5166 1344 5220 nubes
1383 5176 1592 5238 tangat,
1615 5176 1741 5224 tunc
1771 5169 1827 5223 in
1879 5168 2041 5236 ﬁnem

2138 3125 2325 3180 αὑτοῦ
2351 3124 2623 3195 ἁμαρτία.

2139 3218 2289 3290 Στίχ.
2319 3218 2385 3283 ζ’.
2423 3219 2599 3271 Ὅταν
2656 3216 2774 3290 γὰρῄ
2806 3216 2957 3290 δοκῇ
2994 3217 3524 3290 ἤδηίέστηρίχθαι,
3575 3217 3720 3271 τότε

2596 3290 2683 3355 είς
2712 3288 2887 3354 τέλος
2929 3289 3259 3343 ἀπολεῖται.

2212 3380 2459 3452 Ὅμοιον,
2497 3383 2560 3433 Οἱ
2588 3379 2657 3433 δὲ
2680 3381 2878 3450 ἐχθροὶ
2912 3379 3018 3434 τοῦ
3047 3381 3269 3448 Κιιρίου
3291 3379 3409 3449 ἅμα
3435 3379 3517 3445 τῷ
3540 3378 3723 3443 δοξα-

2138 3470 2359 3538 σθῆναι
2375 3471 2472 3523 καὶ
2498 3466 2828 3539 ὑψωθῆναι,
2875 3467 3257 3533 ἐκλείποντες
3304 3465 3446 3520 ὡσεὶ
3484 3466 3723 3532 καπνὸς

2139 3562 2446 3627 ἐξέλιπον.

2160 3648 2324 3726 ’Στίχ.
2360 3652 2423 3718 ζ’.
2448 3655 2513 3706 0i
2539 3652 2607 3706 δὲ
2628 3653 2855 3717 ἰδόντες
2871 3651 3059 3705 αὐτὸν
3081 3651 3306 3719 ἐροῦσι·
3335 3650 3456 3705 Ποῦ
3487 3652 3686 3712 ἔστη-ς

2210 3746 2367 3809 Τίνες
2393 3746 2443 3797 oi.
2477 3744 2672 3807 ἰδόντες
2701 3743 2860 3796 αὐτόν
2892 3742 3033 3813 (4ης
3078 3743 3142 3796 Οἱ
3173 3742 3633 3813 ἐκκλησιαστικοὶ,
3668 3740 3725 3794 οἱ

2142 3837 2340 3900 ἰδόντες
2372 3835 2593 3889 ἐκείνων
2618 3833 2688 3886 τὰ
2720 3832 3026 3903 σφάλματα,
3062 3831 3310 3902 ὲροῦμεψ
3350 3830 3463 3883 Ποῦ
3486 3830 3676 3897 tactv;

2210 3926 2360 3997 Στίχ.
2393 3931 2463 3997 η’.
2500 3925 2725 3992 Ὥσπερ
2758 3923 3046 4046 tiu-1239;03-
3066 3922 3434 3976 ἐκπετασθὲν
3464 3925 3536 3977 οὐ
3558 3922 3649 3993 μὴ

2803 4010 2941 4046 ευοε
2982 4011 3040 4046 n-

2803 4010 3040 4062 ευρευῃ.

2213 4084 2279 4139 0i.
2328 4085 2557 4139 τοιοῦτοι
2610 4083 3089 4156 ἐνυπνιαζόμενοι,
3136 4082 3233 4138 καὶ
3282 4082 3727 4148 ἀναπλάσσοντες

2143 4179 2521 4250 φαντάσματα,
2556 4178 2616 4231 οὐ
2661 4181 2729 4250 τῇ
2756 4178 2986 4250 ἀληθείᾳ
3017 4177 3116 4249 τὴν
3147 4178 3383 4232 διάνοιαν
3412 4177 3725 4249 ἐπερείδου-

2144 4288 2229 4324 σιν
2276 4270 2671 4341 σφαλλόμενοι,
2727 4268 2823 4322 καὶ
2875 4269 3116 4337 γίνονται
3167 4266 3372 4339 ὥσπερ
3427 4268 3726 4323 ἐνύπνιον

2142 4360 2532 4425 ἐκπετασθὲν,
2567 4358 2600 4414 ὃ
2633 4354 2713 4414 οὔ
2731 4359 2817 4429 μὴ
2847 4359 3079 4428 εὑρεθῇ.

2070 4436 2124 4498 Ι)
2202 4451 2348 4522 Στίχ.
2376 4457 2426 4503 ι’.
2453 4450 2599 4518 Τοὺς
2626 4451 2796 4518 υίοὺς
2818 4448 3005 4506 αὐτοῦ
3030 4451 3363 4507 ὀλέσαισαν
3386 4452 3657 4520 ἣττονες.

2213 4544 2354 4607 Τοὺς
2380 4544 2527 4607 υἱοὺς
2557 4544 2651 4597 καὶ
2685 4544 2930 4616 μαθητάς
2959 4542 3053 4598 τοῦ
3089 4543 3261 4597 ταῦτα
3284 4545 3614 4610 διδάξαντος.

2146 4634 2257 4707 (48)
2296 4634 2445 4706 Στίχ.
2479 4634 2531 4691 ι’.
2564 4639 2633 4691 Αἱ
2674 4635 2744 4689 δὲ
2783 4635 2980 4759 lgneo
3029 4634 3217 4689 αὑτοῦ
3256 4639 3728 4705 πυρσεύσαισαν

2884 4723 3050 4759 υναο.

2884 4723 3050 4771 υνας.

2215 4799 2281 4853 Αἱ
2309 4801 2490 4870 χεῖρες
2513 4796 2698 4864 αὑτοῦ,
2727 4798 2914 4868 φησὶν,
2942 4798 3217 4854 τουτέστιν
3239 4800 3297 4854 αἱ
3326 4799 3573 4872 πράξεις,
3595 4800 3727 4868 ἐξά-

2146 4892 2339 4964 ψουσιν
2373 4889 2522 4961 αὐτῷ
2554 4890 2795 4943 κόλασιν.

2220 4981 2331 5054 (49)
2390 4982 2454 5037 Αἰ
2483 4981 2552 5035 δὲ
2572 4981 2767 5050 χεῖρες
2787 4981 2995 5037 αὐτοῦ.
3026 4981 3135 5035 Τοῦ
3157 4983 3388 5048 ἀσεϐοῦς
3410 4984 3599 5037 τούτου
3630 4982 3727 5037 καὶ

2146 5075 2505 5147 ἐσφαλμένον,
2542 5070 2616 5130 οὗ
2665 5076 2705 5144 ἠ
2750 5074 3056 5144 προσευχὴ
3097 5076 3386 5147 λογίζεται
3426 5079 3513 5142 εἱς
3542 5078 3725 5144 ἀμαρ-

2145 5168 2302 5235 τίαν,
2336 5161 2409 5222 οὗ
2440 5166 2480 5235 ή
2506 5166 2690 5220 θυσία
2716 5165 2824 5220 ἐὰν
2848 5166 3043 5237 ἀναϐῇ
3070 5169 3158 5236 είς
3186 5166 3467 5238 οὐρανὸν,
3497 5167 3594 5221 καὶ
3625 5184 3725 5220 νε-

541 5346 588 5380 ”
619 5346 775 5401 Rom.
798 5363 896 5414 xu,
919 5346 1011 5405 2|.
1089 5349 1135 5381 ⁸⁸
1154 5349 1256 5409 Job
1276 5364 1373 5417 xx,
1391 5351 1447 5406 7.
1468 5353 1511 5386 ⁶ι
1538 5352 1681 5410 Psal.
1710 5368 1862 5422 cvm,
1893 5352 1945 5412 7.
2019 5354 2034 5387 ⁶

2154 5354 2233 5412 εει.
2265 5370 2456 5423 xxxvn,
2485 5354 2578 5413 20.

565 5511 658 5586 4g)
693 5511 825 5586 Qad.
853 5522 1099 5586 uterque.

572 5583 659 5653 45)
698 5584 832 5653 Cod.
876 5583 1127 5652 uterque.

696 5652 859 5728 Forte
891 5656 1065 5728 ὀνείδη
1097 5672 1217 5728 cpm
1245 5657 1368 5713 cod.
1394 5656 1549 5713 Alex.

544 5723 657 5792 (45)
696 5722 752 5778 In
775 5728 895 5781 cod.
930 5743 1019 5781 ut
1048 5722 1103 5784 et
1122 5722 1261 5784 Nan.
1290 5758 1360 5771 --
1385 5729 1603 5790 Confer.
1638 5738 1677 5784 t.
1709 5726 1802 5787 XII
1835 5731 1964 5794 ibid.

2226 5517 2340 5593 (iii)
2374 5518 2458 5593 ῥη
2488 5520 2933 5593 κατηστερὶχθαι,
2961 5523 3032 5575 ad
3071 5533 3213 5577 astra
3242 5521 3532 5593 pervenisse
3550 5520 3578 5578 7

2228 5591 2340 5657 (47)
2372 5589 2500 5645 Tria
2544 5589 2656 5646 huic
2691 5589 2852 5647 verba
2888 5595 3083 5646 desunt
3120 5596 3173 5650 in
3212 5589 3334 5649 eod.
3362 5594 3502 5648 Nan.

2227 5660 2340 5735 μβ)
2370 5662 2509 5735 tiod.
2531 5671 2783 5731 uterque,
2820 5661 3113 5735 etOIymp.

2220 5731 2336 5793 (i9)
2369 5730 2566 5787 Confer
2588 5730 2749 5795 supra
2776 5748 2826 5786 ν.
2854 5732 2908 5787 6.
