3878 6212
235 324 304 379 73
1100 382 1111 391 .
1426 327 1964 390 lamentationes
2002 331 2071 390 lN
2109 332 2250 390 tos.
3407 346 3476 407 π

228 436 356 506 φῶν
379 437 625 506 ἅψηται,
657 441 790 493 τότε
807 442 896 507 εις
924 439 1096 507 τέλος
1118 441 1486 497 ἀπόλλυται·
1525 444 1716 498 τούτου
1742 446 1791 500 al

1919 445 2123 501 interit:
2151 444 2316 515 hujus
2366 461 2561 503 manus
2603 447 2816 505 dolores
2853 450 3180 522 incendent;
3213 456 3319 515 hoc
3368 471 3477 529 est,

228 533 402 600 χείρες
427 529 616 594 ὀδύνας
650 531 1044 604 πυρσεύσουσι·
1085 534 1352 599 τουτέστι,
1378 535 1474 589 καὶ
1499 538 1557 590 ὲν
1588 536 1791 601 ὀδύναις

1919 539 2067 595 :tiam
2099 540 2155 595 in
2188 541 2452 597 extremis
2477 539 2758 598 doloribus
2794 543 3021 629 degent.
3051 545 3319 620 Loquitur
3343 566 3478 612 vero

225 621 479 691 ἐσχάταις
514 622 776 688 διάξουσι.
812 623 975 691 Λέγει
1009 624 1065 676 δὲ
1110 625 1237 696 περὶ
1264 625 1371 678 τῶν
1410 625 1541 679 υίῶν
1576 626 1669 680 τοῦ
1698 643 1802 681 πα-

225 715 481 786 ρανόμου.

338 805 484 875 Σκιίχ.
522 813 611 874 ιγ’.
637 806 801 875 Χολὴ
835 807 1093 873 ἀσπίδος
1134 809 1204 862 ἐν
1235 812 1446 879 γαστρὶ
1474 814 1683 869 αὑτοῦ.

292 896 448 966 Ἔχει
491 898 603 968 γὰρ
647 897 967 968 μαθήματα,
1013 898 1050 953 ἃ
1092 899 1192 953 οὐκ
1235 900 1350 955 ἐστι
1395 902 1619 971 γλυκέα,
1665 904 1801 960 ἀλλὰ

218 987 351 1059 Χολὴ
386 988 631 1053 ἀσπίδος,
675 990 837 1043 οἱονεὶ
873 990 1107 1063 πονηρὰ,
1144 993 1178 1065 ἡ
1221 992 1348 1065 περὶ
1391 992 1486 1048 τοῦ
1528 996 1670 1049 οῖνου
1702 998 1801 1069 τῆς

216 1079 569 1145 διδασκαλίας
596 1081 791 1135 αὐτῶν.
840 1082 935 1137 Ἐκ
958 1083 1069 1152 γὰρ
1116 1083 1391 1155 ἀμπέλου
1442 1085 1722 1157 Σοδόμων
1759 1090 1799 1157 ἠ

217 1172 488 1243 Major;
504 1172 721 1242 αὐτῶν,
750 1176 842 1230 καὶ
869 1175 936 1228 τὰ
960 1175 1110 1247 ἑξῆς.
1135 1176 1246 1231 Καὶ
1269 1179 1391 1247 μετ’
1424 1179 1617 1249 ὀλίγα·
1655 1179 1800 1251 Χολὴ

212 1259 269 1313 δὲ
298 1261 521 1325 ἀσπίδος
546 1264 605 1315 ὲν
633 1264 830 1335 γαστρὶ
861 1263 951 1317 τοῦ
986 1265 1314 1337 ἐτεροδόξου,
1354 1267 1446 1320 καὶ
1478 1268 1801 1344 ἀσεϐοῦντος

212 1353 273 1405 ἐν
299 1356 415 1417 τοῖς
442 1354 695 1425 δόγμασι,
729 1360 839 1420 τοῖς
870 1358 1134 1421 ἐναντίοις
1158 1362 1224 1430 τῇ
1258 1359 1504 1431 ἀληθείᾳ.
1524 1391 1535 1402 ο
1592 1414 1605 1425 ,

215 1441 330 1514 (50)
353 1445 505 1516 Στίχ.
554 1454 637 1498 ιε’.
665 1446 933 1513 Πλοῦτος
964 1448 1184 1521 ᾁδίκως
1222 1453 1637 1521 συναγόμενος
1665 1452 1795 1519 8‘58-

829 1518 1173 1587 μεθήσεται.

283 1604 384 1669 Τίς
416 1606 525 1679 γὰρ
560 1607 717 1672 ἄλλος
748 1608 944 1673 ἀδίκως
976 1609 1206 1674 πλοῦτος
1252 1612 1542 1681 συνάγεται
1574 1614 1608 1685 ἢ
1649 1614 1793 1668 ἐκεῖ·

213 1712 305 1759 νος
328 1698 358 1750 ὸ
385 1699 444 1750 ὲν
488 1701 602 1762 τοῖς
632 1698 810 1767 λόγοις
825 1700 1035 1764 αὑτῶν;
1085 1701 1307 1765 ’Λδίκως
1336 1704 1446 1771 γὰρ
1480 1704 1792 1774 συνάγεται.

226 1788 365 1842 Ἀλλ’
400 1792 428 1844 ὀ
452 1791 654 1860 ἀγαθὸς
684 1794 783 1847 οὐκ
815 1794 965 1848 ἐάσει
997 1794 1193 1857 αὐτοὺς
1220 1797 1599 1862 πεπτωκότας,
1626 1798 1792 1852 πλοῦ-

208 1899 303 1935 τον
330 1882 533 1947 ἀδίκως
567 1887 928 1956 συναγόμενον
960 1886 1104 1958 ἔχειν
1137 1890 1225 1942 ἀεὶ
1267 1889 1428 1941 αὐτὸν
1458 1892 1516 1943 ὲν
1547 1893 1789 1957 ἑαυτοῖς·

211 1976 431 2047 ποιήσει
464 1976 572 2048 γὰρ
605 1976 882 2049 ἐξεμέσαι.

208 2068 359 2139 falx.
381 2075 460 2122 ιε’.
480 2070 580 2132 Ἐξ
592 2071 977 2136 οἰκίας-αὐτοῦ
991 2071 1505 2135 ἐξε.1κὺσειαὺτὸν
1521 2075 1796 2145 ἅγγελος.

284 2160 551 2229 Ἀγγελος
588 2160 698 2233 γὰρ
730 2166 851 2216 κατ’
883 2163 1165 2234 ἐνέργειαν
1214 2164 1307 2216 zeal.
1350 2165 1668 2235 εὐεργεσίαν
1699 2166 1793 2220 τοῦ

205 2249 346 2303 Θεοῦ
377 2250 651 2316 ὲξελκύσει
691 2253 852 2307 αὑτὸν
884 2255 977 2306 ἀπ’
1011 2254 1181 2325 αὐτῆς
1224 2254 1322 2325 τῆς
1361 2254 1548 2319 κακῶς
1590 2258 1792 2311 οἰκοδο-

210 2343 500 2417 μηθείσης,
528 2345 647 2415 ἥτις
678 2348 825 2399 ἐστὶν
857 2346 1122 2417 ἐκκλησία
1147 2348 1617 2418 πονηρευομένων.
1646 2349 1791 2421 Αὕτη

204 2438 316 2507 γὰρ
339 2438 373 2507 ή
409 2436 553 2489 οἰκία
584 2438 767 2491 αὑτοῦ.
811 2437 947 2490 Ἀλλ’
980 2437 1236 2507 ἅγγελος
1265 2436 1582 2502 ἑξελκύσει
1607 2442 1795 2495 αὑτὸν

204 2524 275 2591 ἐξ
296 2526 494 2592 οἰκίας
524 2527 733 2581 αὐτοῦ.

424 2620 575 2689 Στίχ.
608 2619 695 2684 ιζ’.
726 2619 824 2687 Μὴ
853 2619 965 2673 ἴδοι
999 2618 1254 2687 ἄμελξιν
1285 2619 1580 2688 νομάδων.

277 2710 397 2781 (51)
434 2712 769 2783 Ἐτερόδοξος
820 2713 880 2766 οὐ
923 2709 1108 2781 βλέπει
1140 2710 1363 2782 ἄμελξιν
1394 2712 1658 2780 νομάδων.
1691 2714 1794 2766 No-

207 2804 386 2875 μάδες
428 2804 488 2858 δὲ
546 2806 655 2858 εἰσί
697 2822 843 2868 τινες
887 2805 1056 2876 ψυχαὶ
1086 2807 1380 2877 νεμόμεναι
1411 2808 1515 2861 ὑπὸ
1540 2807 1619 2877 τῷ
1646 2807 1794 2878 καλῷ

204 2896 462 2967 Ποιμένι,
497 2897 574 2967 τῷ
604 2898 835 2952 εἰπόντι·
898 2897 1047 2968 Ἐγώ
1076 2902 1194 2968 ειμι
1240 2900 1279 2966 ἡ
1323 2902 1491 2968 θύρα.
1532 2901 1610 2953 Δι’
1646 2900 1792 2969 ἐμοῦ

200 2987 315 3042 ἐάν
367 3007 460 3056 τις
507 2990 777 3059 εἰσέλθῃ,
828 2990 1187 3057 σωθήσεται.
1212 2991 1321 3045 Καὶ
1359 2992 1787 3055 εἰσελεύσεται,

201 3080 303 3134 καὶ
332 3079 744 3146 ἐξελεύσεται,
771 3080 866 3135 καὶ
888 3079 1085 3151 νομὴν
1107 3079 1373 3149 εὑρήσει.

200 3258 355 3328 Στίχ.
418 3264 509 3328 ιη’.
541 3257 770 3327 Ὥσπερ
817 3260 1111 3327 στρίφνος
1174 3259 1513 3329 ἁμάσητος,
1567 3260 1785 3315 ἀκατά-

892 3344 1096 3395 ποῖος.

270 3420 340 3473 Οἱ
380 3418 531 3489 λόγοι
556 3419 651 3473 καὶ
683 3418 753 3473 τὰ
792 3419 1039 3489 δόγματα
1070 3419 1301 3491 στριφνὰ
1334 3421 1429 3473 καὶ
1462 3419 1666 3483 πυκνὰ,
1695 3420 1786 3472 οὐ·

196 3511 288 3567 ἂν
318 3512 440 3582 ἔχει
468 3512 640 3580 γλυκὺ
678 3513 879 3577 ἐκεῖνα,
913 3511 983 3564 τὰ
1014 3510 1156 3567 κατά
1190 3510 1285 3564 τοῦ
1325 3510 1460 3565 Θεοῦ
1505 3510 1786 3582 γινόμενα.

268 3605 393 3678 (52)
419 3604 682 3676 Στρίφνος
724 3604 935 3675 βοτάνη.
961 3604 1044 3668 τίς
1066 3606 1213 3657 ὲστιν
1236 3604 1676 3676 ὲκτραχυνομένη
1721 3606 1787 3675 τῇ

199 3696 432 3769 γλώσσῃ
481 3696 573 3749 τοῦ
626 3698 1005 3768 μασσωμὲνου.
1059 3698 1269 3769 ’Ὠσπερ
1322 3692 1437 3762 οὖν,
1478 3696 1632 3767 φησὶ,
1689 3695 1789 3767 τὴν

202 3789 447 3860 βοτάνην
470 3785 707 3859 εκείνην,
738 3788 842 3844 κᾶν
865 3787 1005 3857 ἄγαν
1051 3805 1131 3848 τις
1164 3787 1557 3859 φιλονεικήσειε
1576 3786 1790 3841 διαλεά-

200 3900 300 3946 νας
331 3884 446 3946 τοῖς
478 3881 678 3945 ὀδοῦσι,
720 3886 1008 3936 καταπιεῖν
1047 3882 1109 3936 οὐ
1150 3880 1371 3935 δύναται
1392 3897 1406 3910 ο
1452 3879 1597 3934 οὕτω
1633 3880 1728 3934 καὶ
1761 3881 1791 3933 ὁ

197 3975 313 4029 τῶν
363 3974 658 4046 ἀλλοτρίων
705 3974 1001 4028 ἀπολαύειν
1032 3973 1231 4027 ἐθέλων
1266 3972 1420 4026 οὐδὲν
1450 3971 1561 4025 τῶν
1612 3972 1790 4025 πόνων

200 4066 501 4121 ἀποίσεται
534 4067 595 4119 τὸ
619 4066 827 4136 κέρδος.

200 4182 321 4257 (55)
356 4182 505 4252 Στίχ.
545 4188 613 4235 κ’.
661 4182 764 4234 Διά
817 4179 1153 4319 religiose
1200 4177 1451 4244 ἀνθήσει
1492 4175 1677 4230 αὑτοῦ
1720 4176 1792 4229 τὰ

281 4343 357 4395 ’Δ
390 4342 535 4395 δοκεῖ
575 4340 755 4411 ἀγαθὰ
789 4343 982 4402 ποιεῖν,
1031 4340 1132 4392 οὐκ
1168 4337 1389 4409 ἀνθήσει
1410 4356 1424 4367 ·
1454 4337 1529 4390 ὅτ’
1561 4336 1627 4390 ἂν
1655 4334 1785 4407 δοκῇ

198 4437 306 4509 ἠδη
338 4434 754 4505 ππληρῶσθαι,
790 4433 1119 4503 Θλιόήσεται.

200 4614 360 4686 falx.
376 4620 446 4667 κ’.
468 4616 589 4668 οὐκ
611 4615 781 4667 ἐστιν
801 4610 985 4665 αὑτοῦ
1004 4611 1266 4678 σωτηρία
1285 4608 1408 4674 τοῖς
1424 4607 1782 4677 ὑπάρχουσι.

274 4705 366 4760 Τὰ
391 4705 704 4777 ὑπάρχοντα
746 4703 910 4757 αὐτοῦ
954 4702 1226 4773 σωτηρίαν
1256 4700 1404 4771 αὐτῷ
1434 4701 1789 4775 περιποιῆσαι

198 4796 264 4850 οὐ
293 4794 542 4850 δύναται.

876 4885 1118 4949 Ἄλλως.

200 4979 320 5051 (54)
351 4979 500 5054 Στίχ.
520 4976 622 5030 κδ’.
648 4975 823 5054 Πᾶσα
838 4974 1153 5054 δὲ’-ἀνάγκη
1175 4974 1785 5054 αὺτὸν-ἐπευρεύσεται,

306 5045 407 5102 καὶ
450 5045 865 5102 ἐπαποστελεῖ
892 5045 985 5097 ἐπ’
1012 5047 1199 5099 αὑτὸν
1240 5046 1431 5113 θυμὸν
1478 5045 1682 5114 ὀργῆς.

202 5120 322 5192 (55)
348 5119 497 5189 Στίχ.
537 5117 639 5172 κδ’.
659 5115 915 5172 Πᾶσαδὲ
943 5116 1177 5185 ἀνάγκη
1206 5116 1297 5168 ἐπ’
1326 5116 1516 5168 αὑτὸν
1539 5115 1789 5169 ἐπελεύ-

904 5200 1098 5239 σεται.

182 5272 186 5306 ³
275 5279 467 5334 Ταῦτα
510 5279 885 5351 προτρεπτικά
924 5279 1091 5348 ἡμῖν,
1146 5276 1233 5328 ἵνα
1275 5274 1630 5346 ἀφιστώμεθα
1675 5274 1781 5328 τῶν

204 5372 523 5445 ἀλλοτρίων.

283 5475 352 5507 ι’·
377 5472 531 5528 Deut.
560 5487 722 5536 nm,
750 5469 837 5526 32.
913 5469 959 5502 ”
986 5468 1139 5525 Joan.
1172 5486 1225 5532 κ,
1254 5467 1306 5523 9-

280 5562 396 5632 (50)
419 5560 555 5632 Cod.
588 5572 837 5632 uterque.
869 5591 941 5603 —
962 5558 1097 5616 Vide
1124 5569 1166 5614 t.
1195 5558 1313 5626 XII,
1341 5558 1444 5615 col.
1473 5555 1633 5612 1052.

280 5566 374 5627 (50
419 5566 555 5616 Cod.
588 5572 837 5632 uterque.
869 5591 941 5603 —
965 5566 1097 5616 Vide
1124 5569 1166 5614 t.
1198 5566 1313 5626 xu,
1341 5566 1444 5615 cot.
1473 5566 1633 5612 1052.

280 5566 397 5709 (ξε)
429 5630 571 5709 yide
613 5632 793 5709 ibid.__
856 5704 867 5709 _
934 5702 961 5709 _
1002 5703 1015 5709 _
1132 5702 1145 5709 _
1243 5703 1254 5709 _
1320 5701 1415 5709 __
1494 5700 1507 5709 _
1635 5698 1648 5709 _

280 5700 397 5774 (ξιξ)
421 5700 553 5774 God.
583 5718 677 5774 ut
708 5704 896 5774 tribuit
925 5702 1168 5774 Origeni,
1198 5703 1278 5761 .al.
1308 5700 1706 5773 .Polychronio.

285 5771 399 5845 (55)
424 5772 677 5829 Occurrit
704 5772 759 5827 iu
786 5771 1164 5842 utroque'cod.

454 5865 723 5925 ΡΑτιιυι..
762 5864 881 5926 Gn.
932 5861 1123 5925 XV“.

1902 627 1967 683 de
1993 629 2120 685 ﬁliis
2142 630 2316 701 impii.

2148 808 2211 866 ν.
2251 810 2337 866 15.
2379 812 2515 867 Bilis
2551 816 2754 882 aspidis
2782 817 2840 871 in
2869 829 3041 875 ventre
3072 820 3212 890 ejus.

1974 902 2148 959 Habet
2178 905 2320 959 enim
2355 905 2702 973 documenta,
2728 923 2849 979 quae
2879 924 2985 966 non
3012 922 3142 969 sunt
3162 913 3366 983 dulcia,
3385 916 3486 974 sed

1901 994 1973 1050 fel
2003 997 2229 1067 aspidis,
2265 998 2317 1053 id
2347 1009 2431 1054 est
2472 1000 2794 1072 malignum,
2822 1004 2967 1072 quod
2997 1014 3082 1061 est
3123 1005 3192 1062 de
3218 1008 3346 1063 vino
3373 1009 3476 1065 do-

1901 1088 2092 1144 ctrina;
2127 1089 2387 1159 ipsorum.
2422 1090 2498 1147 De
2528 1095 2630 1149 uite
2663 1096 2801 1149 enim
2844 1093 3200 1152 Sodomorum
3230 1099 3351 1156 vitis
3375 1117 3468 1157 eoo

1900 1195 2017 1233 rum
2039 1181 2126 1248 ον,
2154 1189 2211 1237 et
2243 1191 2463 1241 caetera.
2497 1182 2569 1239 Et
2595 1196 2709 1255 post
2731 1204 2898 1256 pauca
2917 1205 2935 1242 :
2967 1188 3099 1246 Bilis
3123 1201 3304 1248 autem
3326 1194 3472 1264 aspi-

1900 1271 1982 1325 dis
2018 1272 2070 1325 in
2119 1281 2310 1329 ventre
2345 1276 2686 1342 heterodoxi,
2723 1287 2778 1333 et
2809 1279 2975 1351 impia
3011 1282 3265 1352 dogmata
3296 1285 3468 1355 proli-

1900 1365 2084 1430 tentis,
2113 1369 2387 1423 contraria
2414 1370 2650 1423 veritati.

1992 1455 2054 1511 V.
2098 1458 2187 1514 i5.
2230 1458 2439 1515 Divitia:
2461 1462 2663 1532 injuste
2683 1477 3010 1537 congregata:
3040 1479 3362 1524 evomentur.

1965 1599 2223 1666 Quaenam
2252 1592 2602 1658 aliae'divitia
2634 1602 2835 1674 injuste
2856 1617 3275 1678 congregantur,
3304 1623 3466 1680 quam

1897 1689 2003 1745 illa:
2025 1705 2149 1762 quae
2178 1702 2308 1748 sunt
2353 1693 2408 1747 in
2442 1696 2790 1755 sermonibus
2828 1701 3057 1755 eorum?
3086 1701 3288 1772 lnjuste
3319 1703 3467 1759 enim

1896 1793 2314 1855 congregantur.
2353 1785 2459 1842 Sed
2495 1788 2763 1857 benignus
2800 1792 2943 1849 Deus
2996 1810 3103 1849 non
3154 1795 3312 1857 sinet,
3338 1806 3400 1852 ut
3428 1795 3467 1851 ii

1898 1873 2205 1945 praecipites
2241 1874 2348 1930 acti
2377 1876 2597 1933 divitias
2645 1878 2844 1947 injuste
2889 1893 3247 1954 congregatas
3292 1885 3481 1954 habes

1898 1971 1995 2019 ant
2052 1979 2270 2035 semper
2296 1966 2350 2021 in
2378 1968 2573 2038 seipsis
2603 1988 2616 2023 :
2652 1969 2812 2027 faciet
2841 1972 2984 2028 enim
3026 1983 3087 2028 ut
3120 1982 3467 2031 evomantur.

2003 2057 2067 2114 γ.
2108 2058 2197 2115 15.
2239 2058 2325 2115 Ea:
2351 2061 2505 2116 domo
2535 2063 2651 2132 ejus
2678 2066 2927 2121 extrahet
2950 2085 3069 2122 eum
3096 2068 3336 2140 angelus.

1967 2149 2205 2221 Angelus
2238 2152 2383 2206 enim
2410 2168 2509 2222 per
2546 2157 2920 2223 operationem
2949 2168 3006 2213 et
3044 2153 3482 2217 beneﬁcentiam~

1898 2239 1992 2295 Dei
2022 2244 2274 2298 extrahet
2319 2244 2468 2299 illum
2504 2248 2573 2302 ab
2604 2250 2718 2318 ipsa
2750 2264 3034 2320 perperam
3062 2253 3353 2311 adiﬁcata.
3386 2256 3464 2312 Ea

1895 2339 1979 2385 est
1999 2345 2163 2400 porro
2184 2332 2413 2388 ecclesia
2441 2336 2579 2391 male
2608 2341 2905 2406 agentium.
2934 2340 3059 2397 Haec
3088 2342 3233 2398 enim
3259 2345 3481 2401 estdour

1899 2439 2017 2478 lllllS
2045 2424 2206 2480 illius.
2238 2426 2343 2481 Sed
2374 2428 2591 2499 angelus
2617 2432 2854 2485 extrahet
2890 2447 3007 2486 eum
3036 2450 3101 2489 ex
3138 2436 3292 2490 domo
3322 2437 3481 2507 ejusu

1899 2607 1961 2661 V.
1985 2609 2065 2664 l7.
2091 2608 2175 2665 Ne
2193 2611 2361 2666 uideat
2387 2613 2706 2669 muleturam
2720 2618 3045 2686 pascentium
3074 2632 3458 2678 armentorum.

1970 2700 2344 2759 I'leterodoxus
2384 2720 2491 2761 non
2535 2708 2682 2761 videt
2730 2709 3056 2764 mulcturam
3084 2711 3459 2781 jumentorum

1896 2795 2255 2865 pascentium.
2281 2795 2532 2854 Iumenta
2570 2814 2699 2855 vero
2729 2802 3030 2869 pascentia,
3061 2813 3186 2857 sunt
3216 2805 3465 2874 quaedam

1896 2887 2108 2951 animae,
2133 2902 2253 2958 quae
2272 2900 2569 2958 pascuntur
2601 2894 2700 2945 sub
2724 2890 2953 2947 Pastore
2975 2894 3135 2959 bono,
3165 2896 3259 2965 qui
3283 2896 3419 2953 dixit
3446 2913 3463 2953 :

1897 2978 2008 3047 Ego
2042 2997 2159 3034 sum
2193 2983 2404 3038 ostium.
2436 2980 2543 3037 Per
2567 3000 2651 3039 me
2670 2986 2718 3039 si
2757 2988 2876 3057 quis
2905 2988 3257 3058 ingrediatur,
3292 2989 3466 3044 salva-

1897 3076 2057 3127 bitur.
2096 3074 2163 3129 Et
2196 3077 2523 3147 ingredietur
2547 3092 2595 3132 et
2622 3080 2933 3148 egredietur,
2961 3092 3009 3135 et
3050 3098 3302 3150 pascuum
3321 3083 3467 3137 inve-

1814 3177 1859 3235 c
1896 3170 2001 3221 niet
2023 3166 2091 3224 ⁸³.

1965 3254 2024 3307 ν.
2050 3255 2135 3310 l8.
2156 3254 2430 3327 Tanquam
2459 3260 2752 3328 stripltnus,
2784 3278 2903 3327 qua:
2932 3278 3034 3317 non
3050 3262 3340 3327 manditur,
3372 3277 3465 3318 nec

2521 3332 2830 3401 deglutitur.

1964 3416 2259 3474 Sermones
2286 3428 2359 3481 et
2383 3422 2635 3491 dogmata
2663 3437 2848 3478 crassa
2878 3432 2933 3477 et
2967 3422 3162 3491 spissa,
3195 3424 3331 3479 nihil
3363 3424 3463 3480 ha-

1889 3506 2023 3563 bent
2049 3522 2116 3563 ea
2146 3508 2322 3575 dulce,
2356 3526 2478 3581 quae
2511 3526 2704 3582 nempe
2729 3522 2856 3567 sunt
2889 3523 3080 3569 contra
3116 3513 3305 3570 Deum.
3470 3568 3477 3580 ,

1963 3600 2256 3671 Striphnus
2295 3603 2465 3658 herba
2512 3615 2596 3660 est
2641 3620 2834 3674 aspera
2880 3605 3074 3676 linguae
3133 3596 3475 3669 mandentis;

1891 3690 2360 3758 Quemadmodum
2412 3695 2595 3764 igitur,
2646 3696 2841 3766 inquit,
2878 3698 3104 3753 herbam
3155 3697 3324 3764 illam,
3384 3709 3464 3754 ta-
3549 3707 3554 3711 '

1894 3784 2054 3839 metsi
2082 3785 2312 3841 multum
2341 3787 2463 3857 quis
2498 3788 2702 3843 nitatur
2742 3788 2998 3844 blandam
3030 3789 3257 3845 reddere
3287 3791 3465 3847 denti-

1893 3877 2017 3942 bus,
2051 3877 2317 3950 deglutire
2345 3896 2454 3935 non
2496 3890 2682 3951 potest
2713 3895 2729 3935 :
2766 3881 2848 3937 sic
2875 3889 2948 3937 ει·
2983 3882 3074 3952 qui
3114 3882 3307 3939 alienis
3352 3883 3461 3938 l'rui

1894 3969 2028 4036 vult,
2046 3972 2251 4026 nullum
2279 3971 2525 4028 laborum
2554 3988 2774 4028 suorum
2798 3974 3456 4054 rel'eretemolumentum.

2000 4173 2062 4230 V.
2104 4175 2191 4230 20.
2236 4175 2524 4245 Propterea
2552 4193 2654 4232 non
2686 4178 2980 4249 emorebunt
3005 4177 3151 4233 illius
3174 4180 3330 4234 bona.

1963 4333 2092 4399 Quae
2142 4335 2357 4389 videtur
2417 4334 2557 4389 bona
2614 4335 2816 4402 facere,
2850 4352 2957 4392 non
3015 4334 3334 4392 eﬂlorehunt
3363 4353 3377 4389 :
3411 4336 3461 4391 si

1892 4426 2110 4495 quando
2137 4427 2425 4481 videantur
2456 4427 2565 4495 jam
2599 4428 2664 4481 ad
2701 4428 2919 4497 plenum
2956 4428 3289 4497 pervenisse,
3321 4443 3460 4484 con-

1819 4530 1866 4588 ι)
1895 4527 2155 4572 terentur.

2076 4610 2137 4665 V.
2175 4610 2265 4665 20.
2311 4610 2434 4665 Non
2459 4622 2533 4666 est
2564 4612 2709 4666 salus
2740 4611 3084 4677 facultatibus
3119 4627 3256 4681 ejus.

1966 4699 2271 4755 Facultates
2294 4700 2410 4769 ejus
2435 4702 2662 4755 salutem
2700 4702 2773 4755 illi
2807 4716 3125 4770 comparare
3155 4711 3455 4783 nequeunt.

2591 4886 2774 4939 Aliter.

1894 4976 1957 5031 V.
1998 4977 2087 5030 22.
2132 4976 2314 5049 Omnis
2347 4995 2467 5031 vero
2509 4981 2788 5033 necessitas
2818 4980 3140 5049 superveniet
3164 4977 3236 5043 ei,
3265 4987 3313 5031 et
3358 4977 3458 5029 im-

1964 5051 2133 5101 mittet
2163 5048 2217 5099 in
2247 5064 2363 5101 eum
2387 5050 2622 5102 animum
2651 5051 2765 5104 iraa.

1962 5118 2023 5172 V.
2057 5117 2145 5171 2‘2.
2185 5117 2368 5172 Omnis
2428 5128 2605 5172 autem
2650 5121 2931 5175 necessitas
2959 5119 3287 5187 superveniet
3313 5116 3384 5172 ei.

1960 5278 2085 5333 llzec
2114 5278 2472 5333 adhortantur
2497 5291 2617 5342 nos,
2650 5285 2709 5330 ut
2730 5277 3102 5331 abstineamus
3147 5275 3214 5327 ab
3248 5271 3469 5334 alienis.

1954 5558 2196 5651 (ὂρῌςίε
2231 5578 2281 5614 ν.
2319 5562 2660 5616 interseritur
2694 5561 2903 5616 duobus
2930 5554 3325 5651 :superiotilius
3373 5557 3453 5611 he

1886 5632 2191 5689 mistichiis.
2863 5684 2868 5691 .

1886 5762 1896 5776 κ
1960 5702 2073 5773 (55)
2100 5702 2237 5786 Cod.
2269 5709 2516 5771 uterque.
2546 5698 2613 5754 V.
2640 5697 2857 5771 Olymp.

3110 5859 3150 5917 3
