3880 6216
420 319 490 380 75
1305 308 1873 368 SUPPLEMENTUM.
1896 307 2002 363 AD,
2023 306 2183 365 ORIG
2193 307 2279 362 ΕΝ
2287 309 2347 363 IS
2382 306 2791 365 EXEGETICA.
3600 314 3670 373 76

718 433 787 490 Ὺ.
826 435 918 489 22.
959 431 1191 502 Ningere
1218 431 1273 484 in
1304 448 1423 484 eum
1453 429 1681 483 dolores.

474 528 801 589 ’Loconivis
827 527 1046 582 dolores
1074 527 1293 580 venient
1314 522 1366 576 in
1409 522 1587 576 virum
1622 518 1967 586 hujusmodi:.

624 622 692 677 ν.
730 619 822 674 24.
866 618 934 673 Et
958 634 1062 671 non
1092 617 1324 670 salvetur
1353 631 1381 667 e
1408 629 1569 666 manu
1601 612 1757 682 ferri.

482 712 710 770 Ferrum
742 727 848 765 non
883 710 1016 764 dicit
1040 708 1145 763 hoc
1174 705 1457 770 sensibile,
1491 704 1585 760 sed
1609 703 1987 759 scindentissi-

411 821 558 860 mum
586 816 894 860 sermonem
903 841 917 854 .

458 918 526 976 Ἴ.
566 917 657 973 25.
699 914 1045 972 Pertranseat
1069 922 1245 966 autem
1272 926 1364 979 per
1385 925 1572 979 corpus
1608 908 1722 979 ejus
1753 910 1939 963 telum.

485 1052 622 1118 Tela,
647 1048 958 1120 huiusmodi
990 1046 1484 1117 ignitawulnerant
1508 1060 1673 1101 eum..

543 1146 610 1202 ν.
646 1145 744 1201 ~25.
786 1143 1072 1199 Devorabit
1097 1157 1213 1196 eum
1235 1141 1371 1209 ignis
1389 1157 1495 1195 non
1519 1143 1853 1197 comburens.

455 1228 794 1310 Mysterium
841 1234 1112 1304 quoddam
1164 1230 1495 1287 addiscimus
1553 1232 1621 1286 de
1659 1247 1818 1303 poena
1867 1250 1987 1305 qua:

410 1338 689 1389 reservata
716 1335 819 1391 est,
854 1335 915 1380 ut
941 1338 1235 1379 caveamus
1260 1338 1378 1378 eam
1405 1323 1537 1392 pati.
1569 1324 1751 1394 Ignem
1782 1326 1858 1380 ait
1878 1343 1985 1383 non

410 1424 823 1481 comburentem
858 1419 1245 1473 devoraturum
1273 1415 1389 1470 fore
1440 1416 1686 1485 impium.
1724 1418 1822 1474 Hic
1846 1420 1986 1490 ignis

409 1515 553 1585 apud
592 1528 689 1568 nos
721 1509 1037 1574 materialis,
1076 1524 1183 1563 non
1207 1517 1292 1564 est
1319 1510 1591 1579 ignisnon
1630 1511 1981 1569 comburens:

409 1604 655 1661 videmus
714 1602 857 1659 enim
894 1601 1095 1671 ipsum.
1127 1599 1196 1653 At
1237 1600 1382 1671 ignis
1423 1600 1513 1656 ille
1547 1600 1837 1659 invisibilis
1877 1612 1984 1670 est,

390 1701 863 1771 ‘qui‘peccatores
908 1694 1139 1759 invadit,
1188 1694 1277 1765 qui
1311 1694 1452 1748 intra
1509 1694 1631 1750 illos
1662 1697 1862 1750 exurit.
1897 1695 1985 1752 ln-

2020 432 2067 487 Α

2318 427 2468 496 Στίχ.
2498 426 2619 480 κδ’-
2653 429 2837 495 Νιψαι
2860 427 2952 480 ἐπ’
2977 430 3164 483 αὐτὸν
3193 431 3434 498 ὀδύνας.

2179 521 2323 573 Ἀντὶ
2350 518 2569 588 νιφετοῦ
2598 520 2780 572 ὀδύναι
2809 519 3058 592 ἔρχονται
3091 523 3184 576 ἐπὶ
3222 524 3313 577 τὸν
3338 528 3594 580 τοιοῦτον.

2092 611 2205 682 (56)
2230 613 2378 683 Στίχ.
2411 610 2509 664 κδ’.
2534 613 2646 667 Καὶ
2676 614 2747 664 οὐ
2774 610 2853 680 μὴ
2876 613 3043 682 σωθῇ
3065 616 3133 667 ἐκ
3162 615 3359 685 χειρὸς
3391 617 3666 685 σιδήρου.

2160 705 2385 777 Σίδηρον
2410 706 2470 759 οὐ
2504 705 2651 774 λέγει
2683 705 2873 758 τοῦτον
2910 705 3001 758 τὸν
3056 707 3331 777 αἰσθητὸν,
3364 709 3497 763 ἀλλὰ
3522 729 3667 782 τμη-

2088 796 2387 851 τικώτατον
2427 797 2604 867 λόγον.

2091 888 2201 960 (57)
2252 889 2400 961 Στίχ.
2449 895 2547 942 κε’.
2582 889 2897 1024 Διεξέλὲἓᾶ
2935 890 3004 942 δὲ
3044 890 3142 945 διὰ
3178 891 3451 962 σώματος
3481 894 3670 949 αὖτοῦ

2901 978 2987 1024 ος.

2901 978 2987 1026 ος.

2159 1051 2242 1105 Τὰ
2267 1051 2397 1122 βέλη
2423 1050 2598 1104 ταῦτα
2643 1050 2713 1103 τὰ
2750 1051 3124 1123 πεπυρωμένα
3155 1052 3447 1125 τιτρώσκει
3482 1056 3663 1110 αὐτόν.

2088 1141 2202 1214 (58)
2245 1143 2392 1214 Στίχ.
2439 1149 2537 1196 κε’.
2585 1142 2900 1197 Κατέδεται
2944 1145 3135 1199 αὐτόν
3185 1146 3304 1214 πῦρ
3336 1146 3664 1204 ἄκαυστόν.

2157 1234 2469 1307 Μυστήριόν
2509 1252 2562 1287 τι
2595 1234 2939 1306 μανθάνομεν
2978 1236 3107 1307 περὶ
3135 1237 3234 1308 τῆς
3266 1238 3537 1303 κολάσεως
3566 1241 3666 1312 τῆς

2087 1326 2477 1397 ἀποκειμένης,
2514 1326 2601 1378 ἵνα
2641 1325 3040 1397 φυλασσώμεθα
3080 1327 3248 1398 αὐτὴν
3292 1327 3668 1401 «coam-1169

2088 1415 2240 1472 εἶπεν
2270 1418 2539 1473 ἄκαυστον
2569 1416 2891 1471 κατέδεσθαι
2917 1417 3009 1470 τὸν
3039 1417 3240 1488 ἀσε6ἧ⁶
3280 1419 3437 1472 τοῦτο
3462 1419 3525 1473 τὸ
3552 1417 3665 1492 πῦρ

2085 1512 2147 1566 τὸ
2178 1511 2308 1584 παρ’
2340 1513 2469 1583 ἡμῖν
2498 1510 2678 1565 ὑλικὸν
2710 1512 2811 1565 οὐκ
2837 1509 2983 1563 ἐστιν
3007 1509 3276 1563 ἄκαυστον
3305 1510 3442 1582 πῦρ·
3472 1510 3667 1581 βλεπὸ-

2091 1619 2249 1675 μενον
2266 1601 2385 1674 ’γὰρ
2424 1602 2570 1657 αὐτό.
2621 1603 2826 1656 Ἐκεῖνο
2849 1601 2907 1655 δὲ
2931 1601 3161 1672 ἀόρατόν
3195 1604 3308 1655 ἐστι
3344 1601 3405 1655 τὺ
3435 1602 3566 1675 πῦρ,
3601 1603 3666 1658 τὸ

2087 1695 2179 1747 ἐπὶ
2201 1695 2325 1758 τοὺς
2354 1694 2710 1765 ἁμαρτωλοὺς
2728 1692 3041 1764 ἐρχόμενον,
3064 1692 3091 1745 ὃ
3112 1691 3257 1747 ἔνδον
3277 1693 3472 1758 αὐτοὺς
3496 1695 3659 1749 καίει.

408 1789 733 1848 tellectualis
769 1798 855 1844 est
876 1796 933 1842 et
952 1787 1203 1859 puniens.
1225 1784 1283 1839 Si
1315 1784 1398 1839 vis
1424 1785 1979 1856 imaginem'acciperc

2104 1788 2296 1858 Non'cév
2337 1789 2453 1841 ἐστι
2486 1788 2580 1841 καὶ
2619 1785 2865 1848 κολάζον.
2910 1784 3034 1838 Ἐὰν
3068 1785 3228 1859 Θέλῃς
3260 1787 3440 1841 είκόνα
3479 1806 3662 1861 παρα-

407 1883 555 1939 illius
611 1880 771 1951 ignis,
826 1876 1005 1949 cogita
1045 1875 1173 1929 mibi
1212 1873 1489 1929 hominem
1540 1874 1854 1930 immaniter
1909 1875 1984 1930 fe-

388 1972 702 2038 'brieutem,
737 1983 793 2028 et
851 1972 919 2026 ab
974 1985 1039 2023 eo
1090 1968 1215 2037 igne
1250 1974 1526 2021 exustum.
1576 1962 1694 2021 Non
1737 1966 1984 2021 invenies

409 2070 604 2122 obtutu
634 2067 812 2134 ignem
845 2063 898 2118 in
932 2064 1027 2117 illo
1053 2055 1075 2116 ξ
1101 2061 1289 2116 subest
1322 2068 1531 2124 tamen,
1558 2065 1615 2113 et
1650 2058 1831 2114 exurit
1863 2057 1984 2127 ejus

389 2161 637 2214 Wiscera.
668 2157 821 2212 Haud
852 2154 1009 2209 aliter
1048 2167 1078 2207 a
1122 2149 1362 2222 peccatis
1401 2149 1639 2205 febriens
1676 2148 1799 2217 quis
1822 2170 1827 2179 υ
1849 2162 1983 2203 eu-

406 2252 568 2304 ritur.

471 2342 529 2396 V'.
561 2341 659 2396 25;
693 2338 853 2393 Malis
884 2346 1060 2392 autem
1084 2336 1297 2407 ofﬁciat
1330 2336 1530 2390 advena
1550 2333 1764 2387 domum
1795 2332 1943 2403 ejus.

481 2434 584 2502 Qui
608 2443 796 2489 contra
829 2430 1083 2502 populum
1113 2429 1261 2483 illum
1287 2431 1509 2499 gerebat
1529 2426 1752 2493 bellum,
1775 2429 1985 2481 advena

406 2539 528 2580 erat
564 2531 618 2578 et
673 2538 779 2577 non
828 2520 1155 2593 proselytus.
1204 2518 1304 2586 Qui
1344 2518 1501 2573 malis
1548 2516 1728 2572 affecit
1761 2518 1981 2572 domum

386 2615 557 2687 'ejus,
603 2613 906 2669 dissolvens
929 2614 1074 2683 quod
1106 2613 1245 2666 tanti
1281 2609 1447 2665 [lebat
1488 2608 1886 2676 sanctuarium,
1929 2619 1985 2664 et

398 2712 715 2775 civitatem,
738 2723 903 2780 quam
936 2706 1570 2777 appellabant'sanctam.

515 2804 584 2861 ν.
621 2803 712 2858 ‘27.
735 2800 963 2870 _Revelet
995 2808 1173 2854 autem
1201 2797 1387 2852 cadum
1418 2797 1723 2865 iniquitates
1745 2795 1880 2865 ejus.

479 2965 609 3028 Pro,
639 2969 689 3017 et
728 2976 794 3015 ex
847 2957 953 3011 Deo
983 2963 1033 3010 et
1058 2970 1121 3009 ea:
1162 2952 1288 3008 cmlo
1322 2952 1603 3007 sustinebit
1653 2947 1987 3005 Μῶα-ΗΜ

403 3066 591 3113 autem
622 3053 779 3120 dixit,
815 3051 941 3120 quia
973 3062 1096 3102 cum
1126 3046 1358 3101 dixisset
1382 3045 1487 3101 Job
1520 3060 1550 3098 a
1578 3042 1690 3099 Deo
1718 3057 1779 3099 se
1819 3041 1988 3097 fuisse

404 3151 772 3211 vulneratum,
804 3140 1491 3208 commemoraveratquod
1532 3146 1589 3193 et
1625 3137 1694 3192 ab
1742 3130 2048 3200 homini-AC

384 3244 514 3298 Ibus
545 3238 739 3308 injuria
789 3234 1016 3289 euectus
1047 3232 1247 3286 fuerat.
1277 3229 1482 3284 Nititur
1515 3229 1677 3298 igitur
1707 3226 1978 3289 evincere,

409 3334 536 3404 quia
572 3327 757 3386 omnia
791 3336 1014 3395 propter
1033 3330 1250 3395 peccata
1275 3321 1332 3375 in
1366 3335 1488 3376 eum
1517 3318 1734 3373 inducta
1759 3314 1977 3371 fuerint.

574 3416 649 3472 Ὗ.
678 3415 770 3469 2⁸7.
803 3412 964 3467 Terra
984 3421 1154 3466 autem
1181 3409 1422 3480 insurgat
1452 3419 1636 3461 contra
1662 3421 1798 3460 eum.

478 3513 596 3580 Ipsa
632 3518 772 3563 terra
812 3505 1046 3575 insurgit
1078 3504 1336 3559 adversus
1370 3499 1623 3571 p0pulum
1652 3496 1822 3555 illum.

413 3606 513 3670 "V'.
545 3612 637 3667 29.
672 3608 739 3664 Et
769 3608 1025 3681 possessio
1051 3606 1371 3676 facultatum
1397 3605 1498 3674 ipsi
1537 3602 1600 3656 ab
1630 3602 1943 3689 inspectore.
1970 3599 1983 3617 ‘

450 3773 744 3844 "‘lntelligis
764 3770 892 3842 quis
921 3770 1196 3838 inspector
1223 3768 1328 3822 hic.
1352 3767 1663 3821 nominatus
1686 3763 1809 3820 est?
1840 3763 1982 3819 Deus

380 3872 691 3940 iin‘spector
720 3865 900 3920 dictus
944 3872 1049 3931 est,
1101 3870 1158 3916 et
1203 3858 1443 3928 episcopi
1494 3856 1638 3911 illius
1694 3855 1980 3925 imaginem

382 3961 561 4018 ’Ὀπιθί
585 3958 766 4025 modo,
795 3957 845 4010 si
875 3954 1003 4009 boni
1032 3952 1292 4023 probique
1321 3950 1451 4014 sint,
1464 3947 1614 4002 ferre
1637 3949 1981 4001 annituntur.

408 4056 480 4111 Et
510 4053 651 4109 sicut
671 4050 763 4121 qui
794 4048 1038 4102 imitatur
1076 4043 1368 4113 imaginem
1402 4041 1632 4109 regiam,
1680 4041 1983 4094 honoratur

399 4160 477 4201 ex
523 4138 780 4209 eo.rquod
832 4133 1058 4204 pulchre
1115 4130 1360 4184 imitatus
1413 4127 1505 4193 sit,
1546 4128 1823 4194 etiamque
1856 4125 1980 4193 quia

404 4249 530 4290 eam
558 4230 772 4287 ornavit
805 4243 816 4276 :
847 4226 920 4279 ita
976 4224 1169 4279 beatus
1222 4219 1532 4286 episcopus,
1578 4215 1672 4285 qui
1720 4214 1982 4283 recogitat

393 4333 596 4379 Verum
629 4322 965 4392 episcopum,
992 4326 1225 4380 eumque
1260 4310 1566 4372 aemulatur,
1595 4316 1650 4361 et
1676 4305 1860 4360 evadit
1881 4320 1977 4360 ceu

403 4419 552 4474 inter
582 4413 826 4470 homines
855 4411 997 4463 Deus
1025 4425 1038 4459 :
1068 4402 1272 4472 velqui
1298 4402 1459 4455 habet
1497 4400 1807 4468 episcopum
1827 4413 1974 4460 eum,

2084 1878 2268 1932 λαϐεῖν
2293 1878 2500 1932 ἐκείνου
2526 1876 2629 1931 τοῦ
2657 1877 2848 1949 πυρὸς,
2877 1876 2986 1931 νόει
3012 1894 3102 1947 μοι
3130 1877 3220 1930 τὸν
3247 1879 3326 1941 είς
3359 1878 3665 1951 ὑπερϐολὴν

2087 1970 2442 2042 πυρέσσοντα,
2476 1971 2571 2023 καὶ
2606 1968 2711 2022 ὑπὸ
2751 1968 2923 2041 πυρὸς
2972 1968 3318 2041 φλεγόμενον.
3354 1971 3465 2042 Οὐχ
3494 1972 3664 2044 εὑρή-

2087 2078 2200 2125 σεις
2232 2061 2352 2131 ὄψει
2383 2061 2444 2113 τὸ
2471 2060 2579 2132 πῦρ
2614 2062 2671 2114 ἐν
2696 2058 2877 2131 αὐτῷ,
2915 2060 3203 2114 ὑπόκειται
3227 2059 3308 2127 δὲ,
3337 2062 3431 2114 καὶ
3452 2063 3666 2117 ἐκκαίει

2086 2151 2248 2205 αὐτοῦ
2295 2151 2362 2206 τὰ
2403 2151 2706 2222 σπλάγχνα.
2754 2151 2941 2216 Οὕτως
2972 2151 3079 2204 ἀπὸ
3109 2151 3217 2205 τῶν
3252 2153 3668 2225 ἁμαρτημάτων

2088 2240 2369 2312 πυρέττων
2400 2257 2483 2307 τις
2509 2242 2809 2295 ἐκκαίεται.
3122 2292 3127 2299 .

2087 2333 2235 2403 Στίχ.
2268 2340 2361 2386 κε’.
2392 2332 2667 2389 Κακὼσαι
2694 2333 2763 2387 δὲ
2790 2334 2977 2389 αὑτοῦ
3006 2333 3307 2402 ὲπήλυτος
3344 2336 3452 2391 τόν
3474 2337 3664 2391 οἷκον.

2168 2426 2226 2478 '0
2255 2425 2567 2496 πολεμήσας
2601 2424 2690 2478 τὸν
2736 2424 2861 2478 λαὸν
2897 2428 3100 2481 ἐκεῖνον
3144 2428 3406 2500 ἐπήλυτος
3435 2424 3539 2500 ἦν,
3569 2430 3669 2483 καὶ

2084 2517 2146 2570 οὐ
2174 2516 2510 2588 προσήλυτος
2528 2533 2543 2547 ⁸
2573 2515 2634 2580 ὃς
2657 2517 2936 2571 ἐκάκωσεν
2962 2518 3127 2572 αὑτοῦ
3162 2521 3253 2573 τὸν
3293 2515 3460 2583 οἷκον,
3491 2538 3665 2575 κατα-

2086 2608 2227 2662 λύων
2258 2608 2319 2661 τὸ
2346 2608 2697 2681 νομιζόμενον
2725 2611 2993 2683 ἁγίασμα,
3028 2612 3121 2665 καὶ
3151 2612 3248 2683 τὴν
3281 2612 3432 2666 πόλιν
3456 2613 3521 2684 ἢν
3545 2613 3665 2666 ἔλε-

2086 2716 2183 2770 γον
2215 2696 2355 2755 εἷναι
2389 2701 2564 2771 ἁγίαν.

2090 2791 2203 2867 (59)
2237 2793 2385 2864 Στίχ.
2417 2794 2518 2860 κζ’.
2566 2796 2969 2866 Ἀνακαλύψαι
3001 2797 3069 2851 δὲ
3098 2796 3287 2853 αὑτοῦ
3330 2800 3364 2851 ὁ
3398 2799 3669 2867 οὐρανὸς

2668 2867 2776 2933 τὰς
2798 2868 3070 2938 ἀνομίας.

2173 2957 2317 3011 Ἀντὶ
2347 2956 2464 3021 τοῦ,
2489 2958 2599 3012 Καὶ
2619 2958 2688 3012 ἐκ
2713 2959 2860 3014 Θεοῦ
2893 2941 3088 3025 καὶ.ἐξ
3119 2959 3374 3029 οὐρανοῦ
3399 2960 3668 3029 ὑποστή-

2089 3064 2260 3105 σεται
2294 3050 2366 3105 τὰ
2389 3050 2573 3105 δεινά.
2606 3050 2790 3107 Ταῦτα
2810 3053 2869 3107 δὲ
2898 3053 3021 3124 ἔφη,
3046 3055 3231 3126 ἐπειδὴ
3257 3058 3286 3123 ὁ
3323 3052 3463 3119 Ἰὼϐ,
3487 3056 3669 3126 φήσας

2082 3144 2186 3197 ὑπὸ
2210 3144 2346 3198 Θεοῦ
2384 3144 2712 3215 πεπλῆχθαι,
2743 3147 3079 3217 ἐμνημόνευε
3104 3149 3199 3202 καὶ
3222 3147 3297 3210 ὼς
3322 3146 3426 3202 ὑπὸ
3452 3145 3670 3218 ἀνθρώ-

2084 3254 2201 3290 πων
2249 3237 2597 3308 ἠδικημένος.
2642 3238 3057 3304 Κατασκευάζει
3089 3235 3203 3304 οὖν,
3251 3240 3333 3293 ὅτι
3370 3240 3547 3293 πάντα
3595 3237 3669 3291 διῗ

2082 3328 2362 3401 ἁμαρτίας
2391 3329 2553 3382 αὐτὸν
2581 3330 2872 3401 ἐπηνέχθη.

2232 3419 2341 3491 (60)
2377 3420 2524 3492 Στίχ.
2558 3420 2659 3486 κζ’.
2693 3420 2783 3491 Γῆ
2813 3421 2881 3475 δὲ
2907 3416 3281 3489 ἐπανασταίη
3311 3414 3490 3487 αὐτῷ.

2152 3512 2300 3584 Αὐτὴ
2331 3512 2458 3584 ήγῆ
2495 3513 2851 3567 ἐπανίσταται
2888 3514 3079 3586 ἐκείνῳ
3112 3513 3190 3585 τῷ
3227 3513 3359 3584 λαῷ.
3396 3546 3405 3553 -

2156 3604 2270 3677 (61)
2304 3606 2455 3676 Στίχ.
2508 3605 2612 3662 κθ’.
2660 3607 2770 3660 Καὶ
2817 3606 3013 3676 κτῆμα
3065 3608 3462 3677 ὑπαρχόντων
3501 3605 3670 3673 αὐτῷ

2539 3677 2700 3745 παρὰ
2732 3677 2836 3731 τοῦ
2857 3678 3215 3732 ἐπισκόπου.

2152 3767 2427 3822 Μανθάνει
2458 3768 2593 3839 ’(62)
2636 3770 2719 3834 τίς
2757 3770 3055 3835 ἐπίσκοπος
3105 3770 3293 3824 ἐνθάδε
3323 3763 3667 3842 (ὠνομάσθης

2082 3859 2164 3912 ὅτι
2196 3858 2327 3923 Θεὸς
2381 3861 2682 3925 ἐπίσκοπος
2710 3860 2947 3934 εἴρηται,
2987 3863 3079 3916 καὶ
3120 3862 3170 3914 οί
3197 3860 3484 3917 ἐπίσκοποι
3512 3860 3666 3913 ἐκεί-

2082 3964 2174 4001 νου
2229 3950 2327 4020 τὴν
2369 3949 2555 4003 εἰκόνα
2584 3950 2747 4009 παντὶ
2786 3951 2874 4022 τῷ
2915 3951 3104 4023 τρόπῳ
3150 3949 3578 4022 φιλοτιμοῦνται,
3608 3949 3667 4014 οἱ

2083 4039 2235 4093 καλοὶ
2261 4040 2356 4094 καὶ
2388 4041 2603 4109 ἀγαθοὶ,
2635 4045 2838 4112 φορεῖν.
2869 4044 2979 4097 Καὶ
2995 4042 3183 4114 ὥσπερ
3211 4045 3241 4096 ὁ
3280 4043 3665 4113 μιμησάμενος

2082 4130 2269 4185 εἰκόνα
2299 4131 2585 4203 βασιλικὴν
2614 4136 2840 4205 τιμᾶται
2870 4134 2961 4188 ἐπὶ¹
2987 4134 3049 4187 τὸ
3074 4133 3253 4198 καλῶς
3289 4132 3663 4204 μιμήσασθαι,

2083 4224 2306 4293 τιμᾶται
2337 4222 2394 4276 δὲ
2429 4225 2522 4278 καὶ
2562 4225 2654 4277 ἐπὶ
2695 4225 2775 4297 τῷ
2807 4226 2974 4299 αὐτὴν
3003 4224 3400 4296 κεκοσμηκέναι
3422 4240 3434 4254 ·
3483 4221 3665 4286 οὕτως

2084 4314 2354 4385 μακάριος
2389 4316 2710 4380 ἐπίσκοπος,
2749 4319 2778 4372 ὁ
2810 4319 3010 4389 νοήσας
3032 4318 3123 4370 τὸν
3146 4314 3395 4387 ἀληθινὸν
3431 4314 3664 4367 ἐπίσκο-

2083 4421 2203 4471 πον,
2237 4405 2331 4459 καὶ
2365 4405 2541 4477 ζηλῶν
2561 4408 2744 4472 αὐτὸν,
2761 4408 2854 4462 καὶ
2879 4408 3158 4479 γινόμενος
3181 4406 3257 4469 ὡς
3278 4408 3335 4460 ἐν
3351 4402 3669 4475 ἀνθρώποις

404 4509 501 4579 qui
538 4508 712 4575 ipsum
742 4503 870 4559 fecit
897 4514 1087 4556 revera
1118 4497 1170 4551 in
1198 4496 1417 4551 Christo
1456 4490 1583 4547 Jesu
1614 4490 1926 4560 episcopum
1961 4508 1975 4544 :

2104 4495 2244 4561 ὶεός·
2275 4498 2309 4565 ἢ
2338 4474 2475 4570 έχων
2510 4499 2806 4553 ἐπίσκοπον
2838 4474 2930 4553 τον
2958 4474 3214 4553 ποιοῦντα
3249 4498 3409 4552 αὐτὸν
3443 4474 3667 4567 άληθῶς

406 4600 495 4654 cui
551 4598 722 4667 gloria
787 4606 843 4649 et
893 4591 1182 4662 imperium
1270 4589 1324 4642 iu
1383 4582 1580 4640 saecula
1632 4582 1976 4638 sreuldrum.

406 4691 448 4746 Α
459 4704 599 4743 men.

1030 4768 1185 4827 CAP.
1214 4768 1355 4824 XX].

523 4868 584 4925 V.
616 4867 669 4923 5.
700 4867 969 4921 Intuentes
992 4867 1049 4919 in
1074 4880 1175 4929 me,
1202 4861 1626 4914 admirationem
1662 4858 1867 4913 habete.

456 4960 678 5015 ‘Dicitis
704 4973 823 5013 esse
846 4957 1141 5027 sapientes,
1173 4953 1391 5008 etscire
1414 4951 1603 5021 utquid
1627 4951 1747 5004 haec.
1778 4949 1976 5018 patior,

408 5060 665 5119 tanquam
695 5046 807 5102 Beo
839 5063 946 5100 non
978 5045 1339 5099 indormieute
1386 5042 1627 5112 peccatis
1674 5040 1974 5095 hominum.

408 5142 479 5198 Et
515 5142 631 5197 ausi
666 5140 799 5195 estis
838 5139 1020 5194 dicere
1056 5152 1141 5191 me
1167 5146 1507 5205 peccatorem
1554 5148 1695 5199 esse,
1743 5144 1797 5186 et
1837 5133 1980 5201 juste

404 5234 466 5291 in
496 5235 623 5293 bzec.
637 5230 968 5304 pervenisse.
1002 5276 1021 5285 -
1424 5228 1429 5233 ‘

584 5325 649 5381 V.
683 5327 735 5380 7.
762 5324 1190 5379 Inueteraverunt
1222 5327 1468 5374 autemet
1496 5319 1553 5371 in
1587 5318 1802 5372 divitiis.

477 5420 594 5475 Non
620 5428 746 5474 sunt
772 5432 941 5488 nuper
971 5414 1169 5470 divites
1206 5412 1407 5479 eﬂecti,
1457 5411 1551 5466 sed
1584 5409 1782 5466 multos
1813 5425 1978 5467 annos

476 5538 596 5607 (5’6)
617 5536 749 5592 Cod.
778 5546 1025 5602 uterque.

478 5609 593 5677 (57)
628 5607 883 5675 Uterque.

476 5682 591 5751 (58)
621 5679 821 5751 ﬂorifer
848 5678 1144 5751 et_0lymp_.
1195 5746 1224 5751 _
1270 5746 1281 5751 _
1358 5732 1402 5751 Α.

351 5762 365 5782 "
476 5744 590 5818 (59)
625 5748 775 5804 Unus
815 5749 935 5805 cod.
975 5744 1163 5807 tribuit
1193 5744 1568 5816 Polycliron‘io.

472 5819 589 5894 (60)
612 5821 741 5878 Cod.
764 5835 883 5875 ut.

2082 4591 2141 4642 ἐν
2167 4589 2387 4661 Χριστῷ
2420 4591 2595 4661 Ἰησοῦ
2629 4592 2953 4645 ἐπίσκοπον·
2989 4585 3033 4658 ᾧ
3060 4593 3094 4662 ἠ
3132 4590 3260 4657 δόξα
3290 4591 3383 4644 καὶ
3406 4588 3486 4642 "to
3523 4589 3668 4658 κρά-

2082 4700 2174 4749 τος
2195 4685 2277 4749 είς
2300 4686 2426 4748 τοὺς
2451 4684 2652 4748 αἰῶνας
2675 4684 2783 4737 τῶν
2804 4683 3042 4741 αἰώνων.
3078 4684 3269 4755 Ἀμήν.

2711 4776 2868 4829 ΚΕΦ.
2890 4774 3023 4830 KA'.

2085 4867 2196 4939 (65)
2230 4868 2377 4940 Στίχ.
2410 4866 2471 4922 ε’.
2497 4867 2945 4937 Εὶσϐλέψαντες
2980 4871 3066 4934 είς
3089 4865 3195 4937 ἐμὲ
3225 4864 3421 4935 θαῦμα
3448 4862 3664 4933 σχέτε.

2154 4960 2293 5013 Φατέ
2327 4958 2481 5030 σοφοὶ
2510 4955 2668 5027 εἶναι,
2716 4960 2809 5013 καὶ
2853 4960 3049 5015 εἰδέναι
3074 4992 3077 4995 -
3104 4958 3192 5012 διὰ
3239 4960 3292 5011 τί
3336 4955 3506 5009 ταῦτα
3553 4955 3680 5007 sub

2088 5069 2219 5123 σχω,
2248 5052 2324 5116 ὡς
2364 5050 2457 5105 τοῦ
2490 5051 2625 5105 Θεοῦ
2675 5053 2750 5125 μὴ
2798 5054 3139 5124 κοιμωμένου
3184 5051 3277 5104 ἐπὶ
3319 5052 3432 5112 τοῖς
3474 5049 3669 5117 ἁμαρ-

2085 5144 2292 5214 τήμασι
2320 5141 2430 5196 τῶν
2474 5142 2796 5214 ἀνθρώπων.
2852 5144 2965 5196 Καὶ
3004 5140 3337 5215 ἐτολμήσατέ
3381 5157 3450 5211 με
3480 5138 3669 5207 λέγειν

2088 5232 2406 5304 ἁμαρτωλὸν
2436 5229 2611 5298 εἶναι,
2632 5234 2726 5287 καὶ
2753 5234 2977 5300 δικαίως
3009 5237 3091 5298 εἰς
3128 5235 3301 5288 ταῦτα
3337 5230 3667 5301 ἐφθακέναι.

2124 5321 2234 5393 (64)
2265 5322 2414 5393 Στίχ.
2452 5323 2517 5387 ζ’.
2547 5326 2999 5380 Πεπαλαίωνται
3034 5326 3103 5379 δὲ
3133 5326 3229 5379 καὶ
3260 5325 3330 5378 ἐν
3360 5322 3627 5388 πλούτῳ.

2156 5414 2272 5468 Οὐκ
2329 5414 2436 5467 εἰσὶ
2484 5415 2815 5483 νεόπλουτοι,
2876 5417 3013 5472 ἀλλὰ
3060 5417 3247 5472 πολλὰ
3294 5416 3389 5487 ἐτη
3430 5410 3653 5483 πεποιῆ

2157 5528 2269 5603 (61)
2299 5528 2501 5603 (Ξοηῖθιέ
2532 5529 2760 5603 ,οιγηιρο

2180 5599 2269 5666 62)
2308 5600 2469 5655 Forte
2494 5599 2823 5666 Μανθάνεις.

2181 5670 2271 5741 6;)
2302 5672 2432 5741 Cod.
2462 5681 2714 5741 uterque.

2155 5733 2269 5813 ίῳ)
2301 5733 2619 5813 Cod-3x15
2652 5745 2807 5802 Alius
2861 5742 3053 5801 tribuit
3093 5737 3309 5813 Joanni.
3338 5767 3408 5780 —
3457 5733 3655 5793 Confel

2080 5821 2121 5867 t.
2151 5809 2264 5879 XII,
2296 5811 2400 5868 col.
2434 5810 2590 5868 1055.
