3880 6216
217 364 283 417 77
1050 389 1063 411 ι’
1410 368 1753 425 ENARRAT]

1872 370 1947 427 ES
1986 373 2052 428 IN
2091 374 2230 430 JOB.
2550 410 2553 415 -
3402 384 3467 436 78

209 503 337 544 mat
390 487 762 553 πλουτοῦντες,
800 489 893 542 καὶ
954 489 1041 543 ἀεὶ
1084 488 1175 541 τὸν
1228 488 1455 543 πλοῦτον
1510 491 1753 555 αὔξοντες

1896 494 2279 564 impenderunt
2329 495 2678 562 dilesccnles,
2737 512 3062 570 semperque
3113 500 3331 557 divitias
3375 517 3475 558 au-

347 667 493 737 Στίχ.
521 667 587 738 η’.
628 668 682 719 Ὁ
730 669 959 736 σπόρος
996 668 1194 723 αὐτῶν
1236 671 1386 723 κατὰ
1412 672 1641 741 ψυχήν.

270 758 382 811 Τοῦ
437 760 535 829 μὲν
565 759 775 813 δικαίου
825 764 854 813 ὁ
911 762 1112 833 σπόρος
1162 762 1305 816 κατὰ
1359 764 1581 835 πνεῦμά
1634 768 1778 818 ἐστι·

198 850 440 918 Σπείρει
472 848 578 923 γὰρ
609 853 695 917 εἰς
725 851 791 904 τὸ
817 850 1074 920 πνεῦμα,
1107 852 1201 905 καὶ
1224 853 1292 906 ἐκ
1317 853 1423 909 τοῦ
1448 860 1787 925 πνεύματος

196 940 409 1008 θερίζει
429 942 581 1010 ζωὴν
598 942 877 996 αἰώνιον·
912 943 1021 996 τῶν
1054 943 1111 996 δὲ
1142 945 1419 1009 τοιούτων,
1455 947 1578 999 ἐπεὶ
1604 951 1785 1017 ψυχι-

194 1032 310 1097 κὸς
331 1031 644 1100 ἄνθρωπος
666 1034 738 1085 οὐ
758 1030 993 1100 δέχεται
1022 1034 1094 1086 τὰ
1125 1033 1230 1086 τοῦ
1257 1035 1595 1102 πνεύματος
1618 1052 1629 1063 ·
1666 1054 1784 1103 μω-

184 1123 297 1189 ρία
320 1126 432 1191 γὰρ
458 1122 618 1188 αὺτῷ
648 1123 846 1176 ἐστιν·
873 1125 902 1176 ὁ
929 1124 1202 1194 σπόροςοὺ
1230 1124 1372 1178 κατὰ
1395 1124 1631 1195 πνεῦμα,
1647 1126 1783 1182 ἀλλὰ

191 1214 341 1267 κατὰ
367 1214 567 1284 ψυχὴν,
599 1214 660 1266 τὸ
687 1214 1095 1284 ὑποδεέστερον.

306 1305 456 1373 Στὶχ.
485 1311 554 1374 η’.
589 1304 665 1357 Τὰ
690 1304 758 1359 δὲ
785 1305 963 1358 τέκνα
989 1305 1187 1360 αὐτῶν
1219 1309 1287 1360 ἑν
1318 1311 1662 1379 ὀφθαλμοῖς.

269 1397 457 1449 Πάντα
481 1398 584 1449 ὅσα
618 1396 858 1450 ποιοῦσιν
877 1438 890 1459 ,
928 1398 1078 1465 πρὸς
1109 1399 1173 1451 τὸ
1204 1400 1480 1468 θεαθῆναι
1508 1404 1622 1457 ὑπὸ
1656 1406 1774 1459 τῶν

194 1485 526 1553 ἀνθρώπων
548 1485 781 1540 ποιοῦσι.
807 1487 980 1541 Τέκνα
1007 1488 1112 1560 γὰρ
1132 1488 1198 1541 τὰ
1228 1490 1361 1558 ἔργα
1387 1493 1632 1549 ἑκάστου.
1658 1494 1770 1548 Οὐκ

195 1579 315 1631 ἔστι
344 1578 514 1632 τέκνα.
548 1578 659 1631 τῶν
696 1579 1013 1650 ἑτεροδόξων
1055 1583 1112 1633 ὲν
1142 1583 1358 1654 καρδίᾳ,
1395 1586 1452 1636 ὲν
1494 1585 1769 1657 λογισμοῖς

193 1668 447 1737 ἀγαθοῖς,
477 1669 591 1723 ἀλλ’
624 1672 682 1722 ἐν
706 1669 1032 1740 ὀφθαλμοῖς,
1063 1672 1212 1741 πρὸς
1241 1676 1306 1728 τὸ
1339 1677 1619 1745 θεαθῆναι
1648 1683 1766 1734 ὑπὸ

193 1760 321 1816 τῶν
352 1762 695 1830 ἀνθρώπων.

335 1856 447 1925 (65)
478 1857 623 1926 Στίχ.
658 1856 722 1910 θ’.
759 1859 823 1910 Οἱ
851 1854 1000 1912 οἶκοι
1028 1860 1225 1913 αὐτῶν
1246 1861 1627 1927 εὐθηνοῦσιν.

270 1946 385 1999 Ὄτ’
422 1946 486 1998 an
533 1947 778 2018 εἰσέλθῃς
822 1950 900 2011 εἰς
947 1949 1265 2020 συναγωγὴν
1304 1952 1624 2020 αἰρετικῶν,
1673 1954 1765 2004 καί¹

190 2039 315 2111 ἴδῃς
343 2042 459 2092 ἐκεῖ
500 2040 701 2110 πλῆθος
744 2042 1142 2111 συναγομένων,
1180 2042 1361 2111 βλέπε,
1406 2044 1485 2096 ὅτι
1529 2048 1582 2095 οἱ
1615 2040 1764 2098 οἴκοι

186 2130 394 2184 αὐτῶν
425 2133 813 2200 εὐθηνοῦσιν.

542 2218 688 2289 Στίχ.
717 2220 781 2274 θ’.
818 2221 1005 2287 Φόϐος
1037 2221 1105 2274 δὲ
1125 2224 1412 2294 οὐδαμοῦ.

261 2307 493 2375 Ἀφοϐοί
548 2310 707 2364 εἰσιν.
744 2312 820 2362 Οὐ
870 2311 1159 2379 φοϐοῦνται
1186 2315 1277 2367 τὸν
1307 2314 1460 2380 Θεὸν,
1494 2334 1762 2386 καταφρο-

178 2400 337 2454 νοῦσι
370 2403 471 2471 τῆς
511 2404 774 2473 Θεότητος
802 2424 812 2434 ·
847 2406 1070 2459 τοιαῦτα
1097 2408 1345 2477 λέγοντες
1373 2412 1499 2481 περὶ
1530 2410 1761 2473 Θεοῦ,οὑ

178 2492 500 2559 φοϐοῦνται,
540 2496 622 2547 ὃτι
658 2497 790 2567 περὶ
815 2497 950 2551 Θεοῦ
985 2499 1256 2555 λαλοῦσιν.

176 2585 335 2655 Στίχ.
373 2586 439 2637 θ’.
471 2586 707 2651 Μάστιξ
739 2588 807 2641 δὲ
856 2590 1267 2677 παρὰῆΚυρίου
1312 2596 1422 2647 οὐκ
1455 2592 1628 2647 ἐστιν
1670 2590 1759 2641 ἐπ’

864 2678 1087 2727 αυτοις.

252 2748 369 2802 Τοῦ
425 2750 633 2803 αὐτοῦ.
676 2751 800 2805 Ἐὰν
850 2750 966 2824 ἴδῃς
1014 2751 1299 2823 ἄνθρωπον
1358 2756 1579 2810 τοιαῦτα
1624 2754 1764 2806 κατὰ

170 2838 317 2892 Θεοῦ
348 2841 633 2905 λαλοῦντα,
668 2843 979 2912 ὑγιαίνοντα
1008 2845 1085 2915 τῷ
1125 2844 1355 2916 σώματι,
1384 2848 1760 2918 βλέποντα,τὰ

171 2930 518 3003 αἰσθητήρια
550 2933 812 3002 σώζοντα,
841 2938 934 2988 καὶ
954 2936 1213 2991 δοκοῦντα
1247 2940 1416 2993 ἐνίοτε
1438 2942 1532 2994 καὶ
1559 2944 1618 2995 ὲν
1644 2945 1761 3004 τοῖς

172 3030 469 3095 κωμικοῖς
496 3029 770 3098 εὐτυχεῖν·
799 3030 922 3100 δρα,
957 3030 1037 3082 ὃτι
1065 3030 1419 3102 πεπλήρωται
1466 3035 1553 3086 ἐπ’
1592 3034 1757 3088 αὑτοῦ

169 3118 411 3183 ἀσεϐοῦς
454 3121 604 3184 ὄντος
638 3122 729 3175 τό’
791 3124 1026 3188 Μάστιξ
1077 3123 1145 3176 δὲ
1174 3124 1333 3192 παρὰ
1385 3126 1604 3192 Κυρίου
1643 3128 1754 3180 οὐκ

176 3209 358 3265 ἔστιν
384 3213 477 3265 ἐπ’
513 3214 735 3280 αὐτοῖς.

313 3307 463 3378 Στίχ.
504 3306 556 3360 ι’.
596 3310 658 3365 Ἡ
693 3309 851 3376 βοῦς
889 3311 1086 3364 αὐτῶν
1108 3314 1218 3365 οὐκ
1250 3312 1612 3381 ὠμοτόκησε.

251 3399 366 3452 Τοῦ
425 3401 631 3453 αὑτοῦ.
675 3403 733 3453 'U
784 3402 908 3472 βοῦς
956 3403 1094 3467 ζῶόν
1137 3407 1256 3457 ἐστι
1303 3406 1626 3475 γεωργικὸν,
1664 3410 1757 3459 καὶ

170 3490 468 3561 συμπνέων
502 3495 583 3554 εἰς
607 3496 900 3564 γεωργίαν.
920 3496 1030 3548 Καὶ
1057 3497 1208 3549 αὐτοί
1227 3496 1547 3567 γεωργοῦσι.
1583 3498 1756 3569 Γεωρ-

168 3579 329 3646 γοῦσι
375 3579 432 3632 δὲ
471 3581 680 3651 Σόδομα
732 3582 825 3635 καὶ
872 3583 1145 3654 Γόμορρα,
1183 3584 1517 3656 γεωργοῦσιν
1550 3588 1755 3653 Αἴγυπ-

168 3686 283 3721 τον.
330 3670 393 3723 Ἡ
414 3670 573 3736 βοῦς
631 3672 833 3725 αὐτῶν
879 3674 991 3726 οὐκ
1024 3673 1437 3741 ὠμοτόκησεν’
1479 3676 1615 3729 ἀλλὰ
1657 3680 1752 3731 καὶ

170 3759 309 3827 αὐτὴ
335 3760 639 3829 ἀπεκύησε,
664 3763 760 3815 καὶ
790 3761 1044 3831 ἐγέννησε
1074 3763 1280 3827 τέκνον,
1319 3764 1404 3817 ἵνα
1438 3767 1748 3836 γεωργῆται

166 3850 350 3904 αὐτῶν
376 3853 409 3921 ἡ
437 3852 650 3921 πονηρὰ
688 3853 781 3923 γῆ.

166 3936 316 4006 Στίχ.
356 3936 411 3990 ι’.
435 3939 693 4007 Διεσώθη
726 3939 795 3992 δὲ
821 3941 1018 3995 αὐτῶν
1036 3944 1105 3996 ἐν
1138 3944 1347 4012 γαστρί
1375 3944 1624 4012 ἔχοιλισα,
1648 3949 1742 3999 καὶ

732 4014 841 4064 οὐκ
885 4012 1173 4080 ἔσφηλεν.

236 4100 375 4152 Ὅσα
412 4102 869 4172 συλλαμϐάνουσι,
900 4105 1071 4158 ταῦτα
1105 4108 1197 4158 καὶ
1238 4107 1478 4171 κύουσιν,
1509 4109 1609 4161 οὐκ
1636 4109 1742 4161 ἀπὸ

161 4189 253 4240 τοῦ
288 4191 455 4258 φόϐου
493 4192 628 4245 Θεοῦ
662 4195 1153 4265 συλλαμϐάνοντες,
1206 4198 1317 4250 ἀλλ’
1347 4200 1454 4251 ἀπὸ
1500 4201 1597 4271 τῆς
1645 4218 1742 4253 κα-

161 4284 307 4347 γὶας.
351 4285 495 4339 Ἰδοὺ
536 4286 840 4358 ὼδίνησεν
884 4292 1142 4355 ἀδικίαν,
1184 4294 1484 4348 συνέλαϐε
1528 4298 1736 4361 πόνον,

158 4378 257 4429 καὶ
284 4377 493 4432 ἔτεκεν
517 4382 793 4451 ἀνομίαν.

223 4474 373 4545 Στίχ.
406 4475 494 4528 ια’.
522 4477 787 4532 Μένουσι
809 4477 878 4531 δὲ
911 4477 1113 4549 ὥσπερ
1140 4484 1403 4550 πρόϐατα
1437 4482 1663 4540 αἰώνια.

1889 596 2095 657 gentes.

2046 678 2111 733 ν.
2152 680 2205 735 8.
2238 679 2495 735 Sementis
2527 697 2709 736 eorum
2735 685 3022 738 secundum
3051 685 3305 743 animam.

1956 769 2094 826 Justi
2121 772 2342 842 quidem
2391 775 2653 829 sementis
2706 785 2790 830 est
2835 778 3135 832 secundum
3188 779 3465 848 spiritum.

1886 862 2123 918 Seminat
2165 867 2310 922 enim
2342 867 2399 920 in
2427 867 2700 935 spiritum,
2729 880 2777 922 et
2810 884 2875 922 ea:
2902 871 3093 938 spiritu
3121 872 3271 925 metit
3301 873 3467 927 vitam

1884 970 2136 1013 wternam
2160 959 2225 1012 ⁸⁸.
2253 960 2485 1016 Istorum
2529 977 2682 1027 vero,
2716 962 2843 1033 quia
2880 962 3127 1017 animalis
3162 964 3317 1018 homo
3358 981 3467 1020 non

1882 1052 2100 1121 suscipit
2131 1069 2245 1122 qua:
2279 1062 2397 1107 sunt
2426 1054 2644 1123 spiritus
2691 1053 2959 1117 ;stultitia
2981 1065 3058 1110 est
3091 1056 3227 1109 enim
3257 1057 3358 1125 ipsi
3373 1055 3417 1086 ⁸⁵
3448 1071 3463 1119 ;

1881 1143 2143 1198 sementis
2174 1159 2277 1200 non
2324 1154 2410 1201 est
2451 1146 2748 1201 secundum
2797 1148 3072 1217 spiritum,
3122 1149 3221 1202 sed
3266 1162 3463 1203 secun-

1881 1234 2007 1289 dum
2038 1238 2296 1304 animam,
2339 1240 2482 1308 quod
2516 1241 2738 1309 sequius
2765 1240 3020 1309 quiddam
3056 1250 3158 1295 est.

2136 1329 2202 1382 ν.
2230 1328 2283 1384 8.
2314 1327 2446 1384 Filii
2490 1340 2665 1385 autem
2705 1347 2887 1385 eorum
2911 1332 2965 1385 in
2994 1330 3182 1386 oculis.

1946 1422 2297 1493 Qumcunque
2328 1424 2558 1488 faciunt,
2592 1424 2796 1478 faciunt
2823 1433 2878 1478 ut
2902 1424 3179 1479 videantur
3200 1424 3265 1479 ab
3288 1424 3461 1480 Itami-

1876 1516 2029 1571 nibus
2049 1516 2113 1571 “.
2141 1515 2265 1570 Filii
2293 1532 2454 1587 porro
2486 1527 2615 1571 sunt
2676 1533 2839 1585 opera
2872 1516 3154 1588 cujusque.
3191 1517 3307 1572 Non
3330 1524 3461 1573 sunt

1876 1608 1971 1661 ﬁlii
2006 1609 2462 1663 heterodoxorum
2500 1611 2553 1663 in
2578 1610 2763 1674 corde,
2813 1611 2867 1665 in
2897 1611 3223 1681 cogitatihus
3255 1610 3455 1680 bonis;

1874 1701 1967 1756 sed
1996 1703 2049 1754 in
2079 1700 2276 1767 oculis,
2301 1710 2357 1754 ut
2383 1702 2661 1756 uideantur
2689 1703 2752 1755 ab
2776 1702 3099 1758 hominibus.

2222 1859 2286 1913 V.
2318 1861 2372 1915 9.
2405 1860 2604 1914 Domus
2634 1876 2815 1914 eorum
2848 1862 3099 1931 gliscunt.

1942 1950 1999 2007 Si
2025 1952 2350 2023 ingrediaris
2385 1968 2714 2023 synagogam
2744 1952 3149 2015 haereticorum,
3184 1959 3240 2005 et
3260 1949 3452 2006 videas

1866 2045 1941 2101 ibi
1973 2046 2379 2100 multitudinem
2412 2054 2907 2114 cougregatorum;
2940 2043 3146 2111 aspice,
3183 2041 3308 2110 quia
3350 2039 3449 2095 do-

1865 2152 1983 2190 mus
2007 2152 2190 2190 eorum
2213 2136 2461 2204 gliscunt.

2246 2228 2309 2283 V.
2342 2228 2395 2282 9.
2426 2226 2608 2279 Timor
2635 2241 2753 2278 vero
2794 2224 3065 2293 nuspiam.

1937 2317 2070 2373 Sine
2110 2319 2303 2373 timore
2334 2328 2484 2374 sunt.
2512 2316 2627 2371 Non
2662 2317 2854 2371 timent
2877 2313 3068 2382 Deum,
3092 2323 3449 2369 contemnunt

1867 2410 2215 2467 Divinitatem
2244 2428 2258 2475 ;
2293 2410 2408 2465 haec
2428 2408 2672 2465 dicentes
2699 2410 2763 2463 de
2790 2408 2921 2476 Deo,
2948 2423 3056 2463 non
3084 2409 3273 2462 timent
3299 2406 3445 2476 quod

1865 2504 1932 2558 de
1961 2503 2072 2559 Deo
2103 2504 2416 2574 loquuntur.

1865 2595 1929 2651 ν.
1966 2596 2019 2652 9.
2049 2594 2348 2668 Flagellum
2367 2606 2539 2651 autem
2561 2612 2592 2649 a
2616 2595 2839 2649 Domino
2870 2609 2972 2647 non
3000 2601 3077 2647 est
3105 2608 3260 2660 super
3279 2591 3435 2659 ipsos.

1937 2730 2212 2800 Ejusdem.
2252 2730 2310 2785 Si
2340 2732 2525 2786 videas
2577 2730 2852 2785 hominem
2886 2726 3012 2782 talia
3044 2737 3232 2781 contra
3266 2726 3433 2780 Deum

1862 2822 2195 2891 loquentem,
2253 2838 2444 2878 sanum
2483 2836 2732 2891 corpore,
2769 2824 2886 2875 acie
2927 2819 3213 2889 praeditum
3250 2817 3436 2872 oculo-

1862 2931 2002 2983 rum,
2037 2916 2288 2971 sensibus
2338 2916 2636 2980 valeutem,
2681 2916 2773 2984 qui
2826 2915 3075 2968 videatur
3108 2911 3437 2982 quandoque

1860 3010 2023 3065 etiam
2058 3010 2109 3063 in
2143 3011 2431 3065 mundanis
2459 3012 2619 3065 rebus
2667 3024 2925 3078 prospere
2961 3022 3144 3078 agere,
3190 3006 3435 3071 attende,

1840 3103 2136 3171 impletum
2165 3104 2331 3158 fuisse
2360 3107 2409 3157 iu
2442 3119 2507 3158 eo
2535 3105 2732 3173 quippe
2758 3102 2942 3171 impio,
2965 3100 3233 3171 ﬂagellum
3261 3110 3434 3154 autem

1786 3204 1826 3258 (ς
1862 3212 1891 3245 a
1920 3195 2141 3249 Domino
2172 3213 2275 3248 non
2308 3207 2380 3249 est
2412 3213 2567 3264 super
2600 3199 2759 3264 ipsos.

2004 3287 2066 3341 V.
2096 3286 2181 3339 10.
2220 3286 2390 3341 Vacca
2425 3304 2605 3340 eorum
2630 3288 2906 3340 immature
2931 3303 3034 3340 non
3070 3286 3285 3354 peperit.

1931 3375 2206 3445 Ejusdem.
2239 3378 2344 3433 Bos
2379 3377 2582 3431 animal
2626 3388 2711 3432 est
2738 3377 2982 3431 colendae
3029 3385 3186 3430 terra:
3219 3384 3429 3443 aptum,

1857 3470 2107 3538 quodque
2134 3469 2186 3523 in
2220 3469 2605 3539 agriculturam
2638 3469 2938 3539 conspirat.
2984 3469 3051 3522 Et
3092 3467 3194 3535 ipsi
3227 3475 3426 3521 terram

1856 3562 2043 3615 colunt
2080 3579 2093 3614 :
2126 3562 2223 3617 sed
2268 3562 2454 3617 colunt
2503 3562 2737 3616 Sodoma
2783 3570 2837 3615 et
2871 3560 3200 3626 Gomorrha,
3245 3560 3430 3615 colunt

1853 3651 2166 3724 Egyptum.
2212 3653 2377 3707 Vacca
2409 3670 2589 3708 eorum
2613 3655 2891 3707 immature
2931 3670 3033 3707 non
3060 3654 3302 3721 peperit:
3332 3656 3427 3708 sed

1851 3754 1905 3796 et
1945 3746 2057 3812 ipsa
2087 3744 2334 3811 concepit
2368 3754 2421 3797 et
2452 3744 2658 3813 peperit
2690 3744 2881 3809 ﬁlium,
2914 3754 2972 3797 ut
2999 3744 3206 3798 colatur
3234 3758 3422 3799 eorum

1850 3837 2087 3906 maligna
2130 3837 2306 3893 tellus.

1852 3927 1915 3979 V.
1944 3927 2027 3980 l0.
2058 3926 2274 3981 Salvata
2304 3938 2377 3981 est
2402 3940 2571 4050 auter:
2598 3928 2780 4009 illisoin
2816 3938 2961 3981 utero
3004 3928 3221 3995 habens,
3245 3938 3291 3981 et
3320 3946 3421 3983 non

2498 4016 2527 4050 a
2568 4008 2762 4050 ortmt.

2498 4008 2762 4051 avortit-it.

1917 4093 2263 4162 Quaecunque
2317 4092 2663 4162 concipiunt,
2720 4093 2838 4146 haec
2886 4091 2938 4145 in
2992 4103 3146 4145 utero
3198 4105 3416 4162 gerunt,

1844 4201 1950 4238 ιιοιι
1994 4200 2059 4238 ex
2106 4185 2200 4239 Dei
2237 4186 2431 4239 timore
2457 4184 2852 4254 concipientes,
2894 4186 2986 4238 sed
3027 4200 3093 4238 ex
3124 4187 3411 4253 pravitate.

1845 4277 1978 4330 Ecce
2009 4276 2611 4346 parturiitinjuslitiam,
2630 4279 2859 4346 concepit
2875 4275 3190 4342 laborem,et
3217 4279 3412 4344 peperit

1838 4370 2163 4435 iniquitatem
2180 4369 2245 4421 ⁸⁷.

1965 4464 2026 4516 ν.
2059 4465 2143 4517 ll.
2176 4462 2390 4517 Manent
2424 4460 2597 4516 autem
2632 4471 2882 4530 tanquam
2911 4476 3027 4515 ores
3053 4456 3284 4514 a’ternw.

225 4565 387 4630 Ποῖος
416 4565 541 4629 νοῦς
570 4569 685 4620 ἐστι
712 4568 806 4620 τοῦ
827 4586 839 4597 ·
872 4568 1167 4637 μενοῦσιν
1191 4570 1270 4635 ὡς
1299 4571 1561 4638 πρόϐατα
1598 4569 1733 4623 αἰώ-

1910 4556 2042 4622 Quis
2076 4571 2267 4610 sensus
2295 4565 2377 4610 est
2404 4556 2597 4609 horum
2635 4554 2949 4619 verborum,
2977 4552 3257 4605 manebunt
3292 4562 3410 4603 tan-

155 4674 294 4721 rta;
321 4659 462 4728 Περὶ
490 4651 564 4713 ὧν
598 4676 763 4730 φησιν
806 4662 834 4713 ὁ
880 4662 1147 4731 Χριστός’
1196 4660 1273 4715 Τὰ
1318 4661 1431 4730 ἐμὰ
1470 4662 1733 4729 πρόϐατα

154 4748 266 4816 τῆς
299 4749 451 4818 ἐμῆς
482 4750 685 4819 φωνῆς
711 4753 1027 4818 ἀκούουσι,
1056 4754 1152 4806 καὶ
1182 4752 1297 4822 ἐγὼ
1312 4750 1464 4821 ζωὴν
1495 4752 1733 4806 αἰώνιον

154 4841 361 4910 δίδωμι
388 4841 612 4908 αὐτοῖς,
637 4843 732 4894 καὶ
758 4846 824 4895 τά
872 4841 1031 4911 ἑξῆς·
1066 4842 1237 4895 ταῦτά
1282 4844 1397 4895 ἐστι
1433 4841 1501 4895 τὰ
1535 4842 1731 4896 αἰώνια

154 4934 425 5003 πρόϐατα.
475 4933 627 4986 Ἐπεὶ
659 4929 752 4987 οῦν
799 4935 953 5004 μῖμοί
997 4937 1132 4988 εἰσιν
1179 4937 1226 4987 οἰ
1283 4935 1600 5006 ἑτερόδοξοι,
1636 4936 1731 4987 καὶ

154 5024 397 5079 ἐθέλουσι
429 5025 715 5095 μιμεῖσθαι
756 5028 856 5098 τὴν
895 5028 1132 5098 ποίμνην
1172 5024 1264 5077 τοῦ
1295 5024 1554 5096 Χριστοῦ,
1613 5026 1731 5075 ἐπι-

152 5117 390 5180 σκόπους
414 5118 629 5182 ἑαυτοῖς
666 5119 1112 5189 χειροτονοῦντες,
1160 5117 1582 5191 πρεσϐυτέρους,
1613 5116 1730 5169 δια-

150 5209 354 5272 κόνους,
411 5210 783 5275 διδασκάλους,
824 5212 972 5275 λαὸν,
1026 5211 1481 5281 κατηχουμένους,
1529 5208 1723 5280 μιμού-

150 5318 301 5370 μενοι
320 5301 392 5355 τὰ
415 5302 609 5357 αἰώνια
642 5305 905 5377 πρόϐατα,
932 5304 1197 5375 πληροῦσι
1217 5304 1304 5356 τό·
1352 5301 1616 5357 Μένουσι
1656 5303 1724 5356 δὲ

146 5393 225 5457 ὡς
258 5396 527 5461 πρόϐατα
570 5395 797 5449 αἰώνια.
845 5399 960 5449 Οὐκ
994 5396 1100 5448 εἰσὶ
1143 5395 1199 5448 δὲ
1230 5394 1473 5466 πρόϐατα
1506 5394 1720 5457 αἰώνια,

145 5482 280 5539 ἀλλὰ
302 5488 602 5554 μένουσιν
753 5490 1016 5556 πρόϐατα
1051 5486 1274 5541 αἰώνια.

1837 4663 1995 4717 quam
2027 4663 2144 4701 oves
2171 4646 2424 4699 aeternas?
2459 4644 2598 4698 Sunt
2634 4643 2760 4706 illa),
2793 4644 2858 4697 de
2892 4642 3088 4710 quibus
3133 4640 3209 4694 ait
3244 4640 3406 4693 Clari—

1837 4750 1994 4794 stus:
2029 4737 2154 4791 Mea:
2185 4755 2301 4791 oves
2333 4753 2502 4790 meam
2538 4752 2710 4789 vocem
2744 4734 2988 4801 audiunt,
3036 4744 3082 4787 et
3117 4750 3209 4802 ego
3246 4734 3407 4785 vitam

1836 4844 2085 4887 ozternam
2114 4833 2183 4885 do
2213 4832 2284 4884 eis
2302 4830 2369 4898 ⁸⁸,
2395 4841 2501 4883 etc.
2533 4829 2625 4883 lla:
2649 4838 2774 4882 sunt
2802 4843 2929 4881 oves
2973 4836 3207 4881 aeternae.
3264 4825 3406 4892 Quo-

1836 4926 1983 4980 niam
2012 4926 2175 4993 igitur
2204 4924 2349 4978 mimi
2380 4932 2503 4977 sunt
2526 4921 2869 4985 belerodoxi,
2900 4929 2956 4974 et
2980 4919 3172 4974 volunt
3198 4919 3402 4973 imitari

1838 5033 2054 5087 gregem
2084 5016 2306 5081 Christi,
2341 5016 2621 5085 episcopos
2659 5014 2762 5068 sibi
2803 5012 3078 5075 ordinant,
3121 5010 3407 5081 presbyte-

1838 5128 1950 5178 ros,
2004 5112 2286 5175 diaconos,
2338 5109 2608 5173 doctores,
2662 5106 2897 5175 plebem,
2944 5103 3404 5157 catechumenos:

1836 5203 2221 5270 imitantesque
2252 5214 2382 5255 oves
2415 5210 2644 5253 mternas
2692 5197 2917 5268 implent
2962 5195 3094 5249 illud
3139 5211 3153 5246 :
3189 5192 3405 5247 Manent

1832 5305 2009 5347 autem
2053 5304 2306 5363 tanquam
2356 5308 2470 5345 oves
2501 5300 2730 5344 wternaa.
2779 5290 2892 5344 Non
2930 5299 3057 5343 sunt
3098 5302 3229 5341 vero
3272 5300 3403 5339 oves

1832 5396 2066 5450 atteram,
2105 5387 2197 5439 sed
2221 5395 2427 5438 manent
2460 5394 2707 5451 tanquam
2739 5399 2856 5435 oves
2889 5393 3115 5435 (uterum.

216 5645 401 5702 “Gal.
432 5661 507 5709 νι,
536 5645 587 5699 8.
638 5612 639 5621 ἰ
668 5645 714 5677 ³⁸
743 5644 907 5701 lCor.
938 5662 999 5715 ιι,
1026 5646 1113 5700 l-l.
1190 5647 1233 5677 ⁵⁸
1259 5644 1449 5701 Matth.
1474 5659 1631 5711 uin,
1656 5644 1707 5699 5.
1736 5643 1753 5675 ⁸

1872 5642 1957 5697 sal.
1997 5657 2089 5707 vn,
2125 5640 2210 5699 15.
2286 5639 2332 5672 ⁸⁸
2367 5637 2527 5693 Joan.
2571 5652 2623 5700 κ,
2661 5634 2750 5700 9.7,
2778 5633 2867 5688 28.

216 5822 329 5896 (65)
350 5820 411 5879 1ιι
442 5830 683 5893 utroque
712 5823 831 5879 cod.
