3880 6216
449 341 515 396 ’ῑ9
1353 339 1921 396 SUPPLEMENTUM
1959 340 2048 394 AD
2089 339 2413 396 ORIGENIS
2453 340 2860 396 EXEGETICA.

674 462 734 518 V.
774 463 860 517 Η.
901 460 1089 516 Filioli
1123 471 1299 518 autem
1322 479 1500 517 eorum
1549 463 1799 518 illudunt.

577 549 660 610 Ὺ.
687 553 773 609 12.
804 554 1141 609 Assumentes
1185 555 1494 623 psalterium
1527 565 1575 608 et
1604 555 1881 608 citharam.

502 642 705 706 "Nostri
730 657 1014 703 assumunt
1043 648 1358 717 psalterium
1391 657 1446 703 et
1472 648 1762 711 citharam,
1796 647 2025 701 laudan-

430 751 538 796 -'tes
587 741 778 806 Deum,
820 748 875 793 et
907 739 1276 808 gloriﬁcantes
1305 738 1474 794 illum.
1520 738 1742 792 Illorum
1791 755 1910 793 vero
1957 740 2028 806 [i-

455 833 593 900 lioli,
624 833 716 903 qui
750 831 929 887 stolidi
959 840 1085 886 sunt
1117 832 1169 885 in
1193 830 1683 901 seipsis,illudunt,
1706 843 2028 885 assumentes

455 925 764 995 psalterium
823 934 870 978 et
920 923 1199 977 citharam.
1247 923 1709 990 Quandocumque
1760 929 2026 989 usurpant

457 1021 600 1075 dicta
628 1019 840 1074 Veteris
869 1015 1224 1080 Testamenti,
1254 1014 1506 1080 illudunt,
1529 1024 1584 1069 et
1628 1014 1860 1069 irrident
1895 1028 2023 1069 ora-

457 1111 578 1167 cula
603 1110 738 1178 legis
759 1124 825 1164 ac
854 1108 1263 1178 prophetarum.
1297 1109 1653 1162 Assumentes
1685 1106 2022 1171 harmonica,

461 1203 776 1274 psalterium
816 1215 1008 1270 nempe
1047 1200 1198 1270 legis,
1231 1208 1285 1253 et
1317 1199 1586 1254 citharam
1631 1197 2025 1268 pr0pheticam,

460 1296 690 1350 illudunt
727 1295 852 1349 illis.

785 1477 846 1530 V.
878 1475 962 1528 12.
993 1473 1057 1526 Et
1088 1471 1334 1526 laetantur
1359 1486 1477 1524 voce
1499 1468 1708 1538 psalmi.

532 1572 637 1642 Ipsi
691 1583 908 1640 quoque
942 1568 1130 1622 dicunt
1164 1563 1400 1632 psalmos
1449 1560 1744 1626 Valentini,
1793 1569 1849 1613 et
1896 1558 2029 1612 odas

461 1665 732 1724 Basilidis.
769 1671 822 1717 et
851 1661 1098 1730 quaedam
1135 1654 1445 1726 huiusmodi
1502 1653 1882 1723 pronuntiant,
1932 1649 2029 1703 lae-

463 1767 638 1811 tantes
669 1769 798 1808 voce
830 1751 1039 1820 psalmi.

602 1847 666 1902 ν.
699 1846 786 1900 15.
817 1844 882 1898 1η
914 1844 1088 1913 requie
1120 1851 1295 1894 autem
1320 1839 1511 1908 inferni
1540 1837 1883 1890 dormierunt.

531 1940 587 1994 In
625 1940 811 2006 requie
839 1945 1037 1999 autem,
1069 1949 1174 1988 non
1201 1933 1347 1997 caeli,
1405 1932 1496 1987 sed
1548 1930 1746 1984 inferni
1793 1928 2028 1982 dormie-

461 2046 611 2088 runt.
664 2031 772 2086 Nos
819 2038 998 2084 autem
1039 2041 1279 2091 oramus,
1326 2024 1467 2078 haud
1514 2023 1568 2076 in
1606 2024 1794 2092 requie
1832 2019 2026 2074 inferni

453 2125 723 2190 dormire,
762 2125 858 2179 sed
890 2123 944 2176 in
978 2121 1071 2176 Dei
1107 2120 1295 2188 requie
1339 2118 1390 2171 in
1439 2117 1647 2171 sanctis
1692 2114 1870 2173 castis,
1903 2128 2026 2166 eum

452 2219 679 2274 ‘Christo
709 2230 831 2286 rege
858 2225 1086 2278 nostro;
1123 2212 1208 2265 cui
1244 2209 1418 2280 gloria
1450 2220 1507 2262 et
1541 2208 1823 2277 imperium
1849 2205 1901 2258 in
1927 2217 2028 2257 sae-

458 2309 580 2366 cula
613 2310 950 2364 saeculorum.
993 2308 1180 2362 Amen.

1034 2489 1258 2545 CAPUT
1284 2487 1448 2541 XXII.

451 2589 606 2644 '12.
647 2587 901 2658 Nunquid
949 2601 1048 2638 non
1090 2585 1343 2658 Dominus
1370 2592 1467 2658 est,
1504 2579 1595 2658 qui
1633 2577 1778 2630 docet
1830 2574 2027 2628 intelli-

915 2659 1144 2724 gentiam
1168 2665 1212 2706 et
1241 2652 1553 2705 scientiam?

533 2753 664 2820 Quae
693 2749 1142 2804 administrantur
1164 2762 1191 2797 a
1219 2745 1424 2814 Spiritu
1458 2753 1666 2806 sancto,
1707 2741 1866 2810 digna
1903 2747 2029 2794 sunt

463 2855 521 2898 ut
554 2843 952 2899 describantur.
977 2837 1272 2907 Propterea
1317 2836 1723 2900 describuntur,
1753 2842 1812 2887 ut
1857 2832 2030 2886 lector

454 2937 679 3008 juvetur
708 2949 772 2988 ex
823 2933 888 2987 iis
938 2947 1058 3002 qua:
1085 2931 1354 3000 leguntur.
1397 2927 1510 2981 Nisi
1548 2928 1712 2996 igitur
1746 2926 1908 2979 utiles
1940 2941 2030 2979 es-

464 3037 584 3084 sent
616 3040 895 3080 sermones
931 3024 1120 3077 horum
1156 3023 1341 3086 trium,
1373 3020 1462 3088 qui
1490 3028 1754 3073 venerunt
1787 3018 1853 3072 ad
1903 3015 2024 3082 Job,

3641 343 3715 401 80

2217 463 2365 534 Στίχ.
2405 463 2496 517 ια’.
2537 464 2611 516 Τὰ
2634 462 2700 515 δὲ
2732 461 2939 515 παιδία
2957 460 3155 515 αὐτῶν
3183 460 3634 529 προσπαίζουσι.

2133 556 2281 624 Στίχ.
2323 554 2408 607 ιϐ’.
2461 555 2878 620 Ἀναλαϐόντες
2927 534 3262 622 ψαλτήριον
3304 554 3401 608 καὶ
3439 553 3712 623 κιθάραν.

2199 648 2259 698 Oi
2292 645 2552 716 ἡμέτεροι
2591 644 3028 715 ἀναλαμϐάνουσι
3069 644 3366 716 ψαλτήριον
3411 645 3505 700 καὶ
3555 646 3715 700 κιθά-

2133 753 2252 807 ραν,
2309 736 2601 807 ὑμνοῦντες
2641 737 2730 788 τὸν
2757 737 2910 801 Θεὸν,
2941 737 3033 790 καὶ
3069 737 3476 806 δοξολογοῦντες
3524 738 3710 792 αὐτόν.

2143 830 2416 884 Ἐκείνων
2436 829 2505 884 δὲ
2531 833 2600 884 τὰ
2629 830 2855 895 παιδία,
2883 831 2931 882 οἱ
2961 831 3178 902 ἀνόητοι
3209 833 3266 884 ὲν
3298 832 3714 899 αὐτοῖς,προσ-

2128 923 2476 989 παίζουσιν,
2522 922 3046 991 ἀναλαμϐάνοντες
3112 923 3450 992 ψαλτήριον
3487 924 3585 977 καὶ
3623 942 3713 977 κι-

2130 1016 2337 1084 θάραν.
2372 1016 2488 1068 ”υτ’
2523 1017 2588 1070 ἂν
2629 1016 2936 1071 ἀναλάϐωσι
2959 1020 3085 1082 τοὺς
3128 1018 3315 1087 λόγους
3341 1020 3440 1089 τῆς
3468 1019 3715 1086 Παλαιᾶς

2130 1107 2428 1178 Διαθήκης,
2481 1109 2900 1177 προσπαίζουσι,
2943 1111 3037 1162 καὶ
3082 1111 3279 1179 γελῶσι
3314 1111 3380 1166 τὰ
3426 1111 3580 1178 λόγια
3610 1110 3713 1165 τοῦ

2131 1202 2292 1271 νόμου
2346 1201 2441 1254 καὶ
2473 1200 2580 1253 τῶν
2609 1203 2923 1274 προφητῶν.
2943 1203 3434 1273 Ἀναλαμϐάνοντες
3461 1203 3529 1257 τὰ
3551 1205 3715 1275 ἐναρ-

2135 1292 2314 1361 μόνια,
2348 1291 2647 1361 ψαλτήριον
2672 1292 2732 1344 τὸ
2765 1293 2861 1346 τοῦ
2886 1293 3073 1363 νόμου,
3107 1293 3338 1364 κιθάραν
3365 1293 3462 1364 τὴν
3492 1310 3712 1364 προφη-

2130 1383 2308 1455 τικὴν,
2344 1383 2772 1455 προσπαίζουσιν
2794 1386 2996 1449 αὐτοῖς.

2237 1475 2382 1544 Στίχ.
2435 1474 2519 1528 ιϐ’.
2551 1475 2662 1530 Καὶ
2691 1478 3108 1546 εὐφραίνονται
3137 1478 3307 1546 φωνῇ
3336 1479 3597 1547 ψαλμοῦ.

2203 1569 2313 1622 Καὶ
2337 1570 2489 1622 αὐτοὶ
2512 1567 2759 1638 λέγουσιν
2802 1570 3049 1642 ψαλμοὺς
3092 1571 3468 1637 Οὐαλεντίνου,
3491 1572 3584 1625 καὶ
3629 1572 3719 1625 λέ-

2132 1677 2314 1728 γουσιν
2354 1661 2498 1731 ᾠδὰς
2542 1663 2875 1726 Βασιλείδου,
2912 1665 3006 1716 καὶ
3040 1664 3262 1718 τοιαῦτά
3288 1683 3405 1719 τινα
3447 1665 3714 1735 φθέγγον-

2130 1771 2242 1821 ται,
2272 1756 2690 1828 εὐφραινόμενοι
2721 1760 2869 1828 φωνῇ
2893 1757 3128 1828 ψαλμοῦ.

2061 1825 2103 1880 Β
2136 1847 2288 1915 Στίχ.
2339 1825 2426 1916 ιγ’.
2474 1825 2570 1900 ’Ei‘
2607 1847 2674 1901 δὲ
2708 1825 3046 1902 ἀναπαύσει
3089 1848 3235 1915 ᾅδου
3279 1849 3708 1918 ἐκοιμήθησαν.

2220 1938 2305 1990 Ἑν
2338 1937 2394 1989 δὲ
2435 1938 2736 1992 ἀναπαύσει
2769 1939 2869 1992 οὐκ
2909 1939 3160 2010 οὐρανοῦ,
3195 1939 3306 1992 ἀλλ’
3340 1940 3461 2011 ᾆίου
3486 1941 3713 2011 ἐκοιμή-

2136 2027 2324 2098 θησαν.
2370 2030 2558 2100 Ἡμεῖς
2605 2030 2661 2084 δὲ
2702 2029 2972 2101 εὐχόμεθα
3013 2031 3112 2084 οὐκ
3151 2033 3207 2085 ὲν
3237 2033 3533 2086 ἀναπαύσει
3578 2032 3708 2104 ᾅδου

2137 2120 2484 2190 κοιμηθῆναι,
2526 2121 2638 2174 ἀλλ’
2669 2124 2724 2175 ὲν
2746 2123 3048 2177 ἀναπαύσει
3078 2123 3212 2177 Θεοῦ
3242 2126 3299 2176 ὲν
3324 2127 3436 2188 τοῖς
3457 2125 3708 2195 οὐρανοῖς

2133 2214 2246 2275 τοῖς
2269 2213 2444 2280 ἁγίοις
2493 2214 2630 2284 μετά
2671 2215 2908 2285 Χριστοῦ
2949 2215 3322 2286 βασιλεύοντος
3364 2216 3550 2286 ἡμῶνο
3593 2210 3638 2283 ᾧ
3671 2219 3706 2287 ἡ

2133 2304 2261 2367 δόξα
2303 2307 2394 2357 καὶ
2429 2306 2490 2358 τὸ
2545 2308 2744 2377 κράτος
2800 2310 2879 2372 εἰς
2923 2310 3046 2372 τοὺς
3091 2308 3294 2372 αἰῶνας
3336 2309 3442 2361 τῶν
3471 2307 3704 2362 αἰώνων.

2149 2395 2336 2465 Ἀμήν.

2762 2488 2919 2544 ΚΕΦ.
2961 2491 3088 2543 ΚΒ¹.

2136 2580 2246 2652 (66)
2283 2583 2431 2650 Στίχ.
2475 2582 2536 2650 β’.
2573 2583 2831 2648 Πότερον
2869 2581 3006 2650 οὐχὶ
3046 2582 3260 2652 Κύριός
3295 2581 3464 2633 ἐστιν
3488 2581 3520 2631 ὁ
3549 2578 3712 2632 διδάσ-

2339 2653 2350 2662 ’
2415 2668 2582 2704 σκων
2623 2653 2878 2705 σύνεσιν
2917 2652 3014 2705 καὶ
3048 2650 3424 2720 ἐπιστήμηη

2208 2743 2288 2796 Τά
2325 2744 2753 2814 οἰκονομούμενα
2785 2744 2888 2797 ὐπὸ
2921 2742 3015 2796 τοῦ
3043 2744 3198 2810 ἁγίου
3229 2741 3550 2812 Πνεύματος
3584 2742 3707 2794 ἀνα-

2135 2835 2353 2904 γραφῆς
2381 2835 2676 2906 ἀξιωθῆναι
2711 2838 2835 2908 χρή.
2861 2836 2960 2890 Διά
2989 2835 3146 2889 τοῦτο
3171 2835 3540 2906 άναγράφεται
3570 2833 3710 2904 ὑπὲρ

2134 2926 2227 2979 τοῦ
2261 2928 2352 2980 τὸν
2401 2930 2797 2999 ἐντυγχάνοντα
2844 2929 3166 2997 ὡφελεῖσθαι
3202 2932 3266 2982 ἐκ
3297 2928 3404 2980 τῶν
3443 2928 3712 2994 ἀναγινω-

2138 3019 2436 3087 σκομένων.
2488 3019 2550 3071 Εἰ
2608 3020 2681 3090 μὴ
2729 3015 2821 3073 οὖν
2870 3021 3131 3091 χρήσιμοι
3156 3015 3293 3091 ἦσαν
3329 3021 3378 3071 οἱ
3422 3018 3568 3086 λόγοι
3598 3017 3709 3070 τῶν

465 3121 540 3174 ita
583 3125 641 3171 ut
667 3116 836 3170 lector
860 3114 1106 3182 accipere
1134 3111 1337 3180 aliquid
1369 3112 1535 3180 possit
1566 3109 1633 3162 ab
1671 3109 1739 3163 iis
1774 3124 1892 3177 qute
1931 3123 2028 3176 per

2141 3111 2322 3182 τριῶν,
2355 3111 2462 3164 τῶν
2498 3112 2954 3182 παραγενομένων
3003 3112 3138 3183 πρὸς
3190 3113 3280 3166 τὸν
3319 3111 3458 3177 Ἰὼϐ,
3497 3111 3573 3174 ὡς
3618 3112 3711 3164 τὸν

461 3213 588 3268 illos
615 3210 680 3264 ad
719 3206 820 3263 Job
851 3206 994 3262 dicta
1037 3215 1199 3266 sunt;
1239 3219 1344 3256 non
1397 3202 1580 3270 utique
1614 3201 1797 3255 divina
1846 3199 2028 3269 provi-

2141 3203 2521 3272 ἐντυγχάνοντα
2549 3203 2730 3255 λαϐεῖν
2753 3221 2806 3256 τι
2831 3205 2938 3257 ἀπὸ
2957 3203 3065 3256 τῶν
3097 3204 3396 3274 εἰρημένων
3417 3205 3506 3256 ὐπ’
3530 3204 3712 3256 αὐτῶν

462 3305 648 3362 dentia
677 3303 731 3356 in
772 3301 968 3355 librum
1001 3298 1102 3353 Job
1117 3297 1340 3352 describi
1363 3295 1574 3350 fecisset
1607 3307 1885 3348 sermones
1936 3293 2030 3346 ho-

466 3413 584 3453 rum
623 3396 806 3450 trium.
841 3391 993 3446 Licet
1025 3403 1156 3456 ergo
1189 3397 1249 3441 ut
1278 3387 1401 3456 quis
1435 3384 1857 3441 emolumentum
1909 3399 2032 3453 per—

463 3493 682 3560 cipiata
721 3483 1058 3542 sermonibus
1089 3496 1299 3542 eorum,
1333 3479 1673 3550 dogmatibus
1705 3479 1992 3532 intendens
2013 3495 2054 3529 :.

464 3586 715 3640 observet
739 3594 869 3635 vero
907 3578 1097 3631 vitium
1149 3588 1464 3629 sermonum
1507 3573 1560 3626 in
1603 3587 1710 3626 uno
1747 3585 1870 3624 esse
1895 3572 2029 3623 dun-

465 3686 640 3740 taxat,
664 3673 880 3744 quoties
911 3683 1103 3740 nempe
1124 3666 1318 3725 Jobum
1358 3665 1694 3729 insimulant,
1738 3664 1841 3718 rati
1883 3663 2030 3716 illum

465 3770 575 3841 pati
606 3778 823 3838 propter
852 3779 937 3827 ea,
968 3776 1088 3831 qua:
1115 3760 1423 3831 peccaverit
1450 3775 1462 3812 :
1502 3771 1608 3811 non
1651 3755 1894 3810 videntes
1917 3794 1932 3818 ,
1975 3762 2032 3808 et

467 3862 602 3916 alias
637 3871 757 3915 esse
788 3855 981 3910 multas
1019 3867 1236 3917 causas,
1261 3850 1613 3922 quamobrem
1667 3848 1811 3903 istud
1853 3848 2031 3902 homi-

469 3953 627 4007 nibus
656 3948 958 4017 contingat.
992 3943 1148 3999 Talia
1203 3952 1329 3998 sunt
1392 3956 1510 4011 quae
1559 3941 1914 3996 constitutum
1947 3949 2032 3993 est

467 4044 607 4106 ﬁeri,
635 4043 772 4096 bona
817 4041 932 4094 sive
964 4037 1214 4100 molesta,
1261 4044 1356 4090 aut
1404 4049 1746 4104 quocumque
1799 4032 2032 4087 voluerit

466 4137 587 4206 quis
621 4149 683 4188 ea
710 4134 930 4188 nomine
963 4146 1180 4186 vocare.
1220 4129 1289 4184 Et
1322 4139 1435 4194 post
1465 4144 1635 4198 pauca
1661 4141 1680 4180 :
1705 4125 1894 4181 Nonne
1922 4124 2032 4178 Do-

462 4231 636 4284 minus
665 4237 762 4290 est,
819 4227 909 4295 qui
971 4225 1118 4278 docet
1175 4221 1573 4291 intelligentiam
1604 4228 1654 4273 et
1704 4218 2033 4274 scientiam?

463 4321 666 4390 Dogma
705 4333 894 4373 sanum
932 4325 1016 4372 est
1049 4335 1062 4370 :
1103 4316 1356 4385 quoniam
1394 4328 1556 4368 verus
1597 4313 1784 4367 doctor
1813 4312 2031 4366 virtutis

463 4432 568 4472 non
602 4423 782 4484 potest
833 4427 953 4467 esse
1007 4411 1186 4464 homo.
1243 4407 1346 4473 Qui
1391 4408 1537 4460 docet
1587 4405 1730 4459 enim
1768 4405 2030 4458 hominem

2133 3292 2268 3364 πρὸς
2289 3293 2379 3346 τὸν
2424 3291 2572 3345 Ἰώϐ-
2599 3293 2700 3346 οὐκ
2732 3292 2797 3347 ἂν
2832 3296 2864 3365 ὴ
2901 3296 3124 3366 πρόνοια
3158 3297 3237 3359 εἰς
3267 3295 3362 3366 τὴν
3405 3294 3584 3365 βίϐλον
3614 3295 3709 3348 τοῦ

2144 3382 2263 3435 Ἰὼϐ
2314 3385 2569 3455 ἐποίησεν
2615 3386 3000 3457 ἀναγραφῆναι
3041 3388 3135 3440 καὶ
3184 3388 3308 3451 τοὺς
3367 3387 3557 3454 λόγους
3599 3387 3713 3439 τῶν

2130 3476 2318 3546 τριῶν.
2360 3478 2548 3530 Ἔστιν
2581 3473 2674 3532 οῦν
2706 3477 3051 3548 ὠφεληθῆναι
3112 3479 3210 3550 μὲν
3254 3479 3362 3532 ἀπὸ
3400 3479 3507 3531 τῶν
3535 3478 3712 3548 λόγων

2132 3569 2295 3623 αὐτοῦ
2321 3569 2453 3642 (67),
2478 3571 2747 3641 ⁴ἐνορῶντα
2770 3575 2883 3635 τοῖς
2897 3571 3160 3643 δόγμασιν
3177 3590 3189 3601 ·
3222 3573 3353 3643 ὁρᾷν
3369 3572 3426 3624 δὲ
3447 3571 3506 3624 τὸ
3522 3571 3716 3644 ἐγκλη-

2130 3678 2220 3714 τον
2241 3661 2349 3715 τῶν
2380 3661 2554 3730 λόγων
2576 3664 2704 3733 περ).
2724 3663 2781 3716 ἒν
2812 3664 2991 3734 μόνον,
3025 3665 3112 3717 ὅτε
3140 3665 3414 3718 αἰτιῶνται
3442 3664 3533 3717 τὸν
3568 3663 3712 3732 Ἰὼϐ,

2130 3754 2364 3824 οἰόμενοι
2407 3754 2568 3808 αὐτὸν
2609 3755 2840 3824 πάσχειν
2873 3756 2960 3809 διά
2996 3755 3066 3808 τὰ
3117 3756 3482 3829 ἡμαρτημένα
3520 3756 3709 3826 αὐτῷ’

2131 3845 2227 3914 οὐχ
2253 3844 2508 3916 ὁρῶντες,
2537 3846 2617 3898 ὅτι
2653 3847 2746 3899 καὶ
2774 3846 2909 3900 ἄλλα
2943 3847 3115 3900 πολλὰ
3143 3848 3289 3902 αἴτιά
3311 3849 3424 3900 ἐστι
3449 3847 3542 3901 τοῦ
3573 3865 3715 3919 συμ-

2133 3935 2336 3990 ϐαίνειν
2372 3936 2700 4008 ἀνθρώποις.
2740 3938 2979 3993 Τοιαῦτά
3004 3940 3120 3992 ἐστι
3158 3941 3522 4010 νενομισμένα
3569 3937 3714 3994 εἶναι

2132 4025 2272 4078 καλὰ
2316 4027 2348 4098 ἢ
2405 4027 2708 4098 χαλεπὰ,ἢ
2762 4029 2910 4092 ὅπως
2967 4030 3096 4083 ποτὲ
3143 4029 3390 4100 βούλεταί
3433 4048 3517 4094 τις
3570 4032 3715 4084 αὐτὰ

2131 4117 2433 4188 ὀνομάζειν.
2476 4119 2586 4172 Καὶ
2619 4120 2748 4189 μετ’
2789 4122 2991 4191 ὀλίγα*
3048 4123 3307 4190 Πότερον
3340 4123 3474 4191 οὐχὶ
3521 4125 3554 4176 ό
3599 4125 3714 4177 Kr}-

2123 4210 2255 4276 ριός
2309 4211 2478 4263 ἐστιν
2509 4215 2541 4265 ό
2585 4211 2887 4266 διδάσκων
2917 4215 3174 4268 σύνεσιν
3201 4215 3296 4268 καὶ
3337 4214 3713 4284 ἐπιστήμην-ς

2134 4299 2241 4372 (68)
2260 4299 2334 4354 Τὸ
2365 4301 2540 4372 δόγμα
2570 4304 2722 4371 ὐγιές
2781 4307 2929 4356 ἐστι·
2962 4305 3042 4357 ὅτι
3096 4305 3347 4376 ἀληθινὸς
3387 4306 3715 4371 διδάσκαλος

2132 4393 2331 4464 ἀρετῆς
2372 4394 2432 4446 οὐ
2480 4394 2702 4447 δύναται
2750 4392 2887 4448 εἶναι
2939 4396 3245 4467 ἄνθρωπος.
3301 4399 3364 4452 Ὀ
3406 4397 3716 4452 διδάσκων·

461 4510 736 4563 scientiam
762 4508 830 4576 θ’,
855 4507 1016 4562 etiam
1041 4505 1092 4560 in
1139 4503 1367 4558 Psalmis
1394 4499 1668 4564 scribitur,
1702 4514 1808 4553 non
1864 4499 2024 4552 alium

2141 4485 2240 4553 γὰρ
2263 4486 2578 4554 ἄνθρωπον
2614 4487 2858 4557 γνῶσιν,
2895 4490 2988 4542 καὶ
3019 4492 3075 4542 ὲν
3100 4495 3212 4554 τοῖς
3240 4491 3488 4563 Ψαλμοῖς
3513 4493 3714 4560 ἀναγέ-

460 4615 603 4668 esse,
633 4613 794 4668 quam
821 4597 1008 4652 Deum.
1034 4595 1270 4663 Et,Doce
1286 4610 1386 4659 me,
1416 4587 1886 4662 inquitPrOpheta,
1897 4588 2028 4656 jura

2141 4595 2393 4647 γραπται,
2432 4579 2512 4630 ὅτι
2546 4580 2646 4632 οὐκ
2672 4579 2828 4643 ἄλλος
2863 4582 3012 4633 ἐστὶν
3051 4582 3083 4652 ἢ
3112 4582 3262 4646 Θεός.
3296 4584 3426 4646 Καὶ,
3447 4582 3712 4646 Δίδαξέν

462 4701 556 4746 tua
587 4690 675 4744 τοι
733 4690 908 4744 sciens
935 4689 1105 4743 Deum
1141 4703 1261 4741 esse
1285 4685 1564 4740 doctorem
1589 4698 1776 4738 verum
1819 4692 1872 4736 et
1902 4697 2027 4752 per-

461 4783 683 4836 fectum.
717 4779 881 4835 Docet
906 4794 1034 4834 vero
1061 4777 1222 4845 Deus,
1255 4775 1518 4846 aﬂ‘ulgens
1547 4776 1742 4828 animae
1769 4773 2028 4828 discentis

465 4874 534 4928 ab
562 4876 702 4943 ipso,
733 4882 788 4929 et
810 4879 1043 4926 mentem
1061 4870 1372 4924 illuminans
1394 4868 1615 4934 lumine,
1634 4867 1812 4921 veraci
1834 4879 2026 4933 nempe

463 4969 631 5023 verbo
664 4982 780 5021 suo.
823 4965 1001 5031 Quare
1031 4965 1194 5017 etiam
1227 4964 1474 5017 homines
1510 4961 1641 5030 justi
1670 4962 1866 5014 docent
1903 4973 2020 5024 nos,

457 5059 555 5131 qui
589 5057 818 5114 docendi
853 5062 1083 5126 gratiam
1112 5063 1458 5124 acceperunt.

641 5222 705 5277 V.
734 5221 788 5275 4.
840 5220 906 5274 Et
939 5218 1258 5290 ingredietur
1279 5228 1443 5270 tecum
1473 5218 1525 5268 in
1561 5217 1842 5282 judicium.

530 5311 820 5366 Rationem
851 5309 1057 5364 habens
1103 5305 1241 5360 Deus
1269 5307 1407 5376 ejus,
1445 5307 1531 5376 qui
1574 5307 1713 5359 illius
1742 5306 2024 5359 ordinatur
2053 5361 2058 5369 ,

457 5401 824 5472 providentia,
847 5398 1024 5467 arguit
1051 5413 1196 5451 eum.
1227 5395 1292 5448 Et
1317 5398 1636 5465 ingredietur
1657 5407 1829 5448 tecum
1856 5397 1908 5448 in
1939 5397 2026 5462 ju-

457 5497 674 5547 dicium.
707 5489 859 5559 Saepe
889 5490 1142 5552 diximus,
1178 5489 1220 5540 si
1253 5489 1467 5556 quando
1507 5489 1744 5541 occurrit
1772 5487 1872 5542 hoc
1928 5487 2026 5543 d0-

527 5590 573 5621 "
605 5587 750 5642 Psal.
785 5585 1054 5648 xcui,10.
1161 5586 1205 5617 "°
1234 5583 1376 5639 Psal.
1409 5600 1600 5649 cxvtn,
1643 5584 1723 5639 12.

529 5703 639 5768 (66)
671 5702 805 5756 Cod.
835 5711 1078 5770 uterque.
1108 5700 1243 5755 Hinc
1264 5701 1442 5755 hausit
1469 5699 1774 5772 Olytnpiod.

524 5774 635 5841 (67)
666 5771 872 5825 Αὐτῶν.

524 5843 633 5914 (σε)
661 5843 743 5898 cr.
781 5854 817 5899 t.
844 5841 955 5911 xu,
998 5843 1103 5900 col.
1142 5841 1295 5896 4055.

2124 4686 2219 4737 με,
2254 4669 2522 4740 φησὶν,τὰ
2535 4670 2894 4740 δικαιώματὰ
2916 4674 3096 4734 σου,ό
3125 4673 3605 4746 Προφήτης,εἰδὼς
3629 4675 3708 4728 δι-

2129 4759 2393 4812 δάσκαλον
2432 4757 2571 4814 εἶναι
2617 4762 2791 4833 ἀληθῆ
2842 4765 2933 4817 καὶ
2971 4765 3177 4816 τέλειον
3213 4765 3303 4817 τὸν
3347 4765 3501 4818 Θεόν.
3555 4767 3711 4820 Διδά-

2129 4868 2248 4905 σκει
2271 4853 2326 4905 δὲ
2352 4855 2380 4906 ὁ
2415 4854 2547 4918 Θεὸς
2579 4856 2871 4926 ἐλλάμπων
2909 4859 2975 4927 τῇ
3010 4856 3153 4928 ψυχῇ
3198 4856 3291 4909 τοῦ
3346 4857 3712 4927 μανθάνοντος

2127 4945 2218 4996 ὑπ’
2251 4947 2439 5008 αὐτοῦ,
2475 4949 2568 5000 καὶ
2605 4949 2702 5020 τὴν
2750 4950 2985 5003 διάνοιαν
3035 4950 3282 5018 φωτίζων
3319 4949 3394 5020 τῷ
3435 4952 3596 5020 φωτὶ,
3633 4951 3713 5021 τῷ

2124 5037 2362 5108 ἀληθινῷ
2391 5038 2536 5109 λόγῳ
2569 5041 2753 5093 αὐτοῦ.
2781 5041 2890 5112 (69)
2915 5041 3124 5094 Οὐκοῦν
3157 5042 3249 5093 καὶ
3289 5041 3480 5110 ἄνδρες
3511 5041 3712 5095 δίκαιοι

2125 5128 2270 5196 ’ἡμᾶς
2303 5129 2616 5182 διδάσκουσι
2660 5131 3048 5203 διδασκαλικὴν
3070 5130 3351 5200 εἰληφότες
3382 5131 3544 5201 χάριν
3569 5130 3708 5199 (⁸70).

2130 5217 2243 5288 (7|)
2276 5219 2420 5289 Στίχ,
2443 5220 2503 5272 δ’.
2537 5223 2645 5274 Καὶ
2675 5221 3209 5275 συτιηεισελεύσεταί
3235 5236 3332 5273 σοι
3357 5222 3444 5285 εἰς
3486 5222 3708 5288 κρίσιν.

2199 5308 2370 5376 Λόγον
2404 5311 2719 5382 ποιούμενος
2739 5315 2767 5364 ὁ
2795 5312 2925 5375 Θεὸς
2943 5313 3035 5365 τοῦ
3072 5311 3464 5384 προνοουμένου
3495 5312 3589 5364 ὑπ’
3615 5313 3713 5365 αὐ-

2129 5401 2245 5466 τοῦ,
2291 5403 2504 5474 ἐλέγχει
2532 5406 2715 5458 αὐτόν.
2754 5408 2864 5460 Καὶ
2899 5408 3434 5461 συνεισελεύσεταί
3477 5422 3577 5460 σοι
3625 5409 3714 5473 εἰς

2136 5496 2357 5562 κρίσιν.
2390 5497 2654 5561 Πολλάκις
2684 5499 2930 5570 εἴπομεν,
2962 5501 3142 5554 εἴποτε
3183 5502 3405 5554 ἐνέπεσε
3441 5499 3505 5552 τὸ
3531 5500 3710 5569 δόγμα

2205 5702 2316 5771 (69)
2349 5702 2402 5755 In
2431 5704 2551 5757 cod.
2575 5703 2973 5759 Naniadditur.

2203 5772 2316 5848 QQ)
2347 5771 2571 5848 lieliqua
2602 5790 2780 5848 usque
2809 5778 2875 5830 ad
2906 5777 3063 5848 χάριν
3098 5778 3305 5848 γίνεται
3335 5784 3392 5831 ut
3439 5774 3494 5830 in
3523 5775 3706 5831 editis.

2209 5842 2322 5915 (7|)
2358 5843 2556 5901 Conler
2591 5845 2783 5916 Chrys.
2823 5842 2943 5914 pagi
2969 5842 3090 5902 376.
