3878 6212
199 312 256 365 ιιι

199 523 500 592 ἅνθρωπος,
541 518 702 582 ὥστε,
757 519 851 571 καὶ
893 519 1143 589 χρηστῶς
1197 515 1400 585 κρίνων
1433 517 1602 586 ἡμᾶς,
1657 517 1776 568 ἐπι-

204 615 389 685 τρέπει
417 611 593 679 λέγειν
623 611 768 680 ἡμᾶς
798 610 935 682 πρὸς
961 609 1144 671 αὑτὸν,
1185 619 1263 670 ὡς
1294 607 1612 678 κρινόμενον
1657 607 1776 679 μεθ’

203 705 374 776 ἡμῶν,
409 703 534 774 περὶ
567 696 641 756 ὧν
677 701 992 771 βουλόμεθα.
1032 699 1387 772 Ἐχρησάμην
1417 695 1511 753 οῦν
1541 702 1653 763 τοῖς
1674 700 1780 754 ἀπὸ

199 795 290 850 τοῦ
326 795 531 848 Ἦσαῒα
554 810 568 823 ·
595 793 936 856 Δεῦτε,³καὶ
985 790 1415 861 διαλεχθῶμεν,
1454 788 1618 858 λέγει
1674 789 1783 843 Κύ-

193 905 342 957 ριος.
378 886 453 939 Τὸ
485 886 613 956 γὰρ,
647 882 1072 952 διαλεχθῶμεν,
1125 881 1366 936 τοιοῦτόν
1413 881 1590 932 ἐστιν’
1627 880 1693 933 Εἰ
1730 879 1782 933 τί

202 999 270 1052 με
302 980 448 1050 ἐχεις
476 979 713 1048 ἐλέγξαι,
747 978 840 1030 καὶ
869 976 966 1048 τὴν
1013 975 1268 1048 πρόνοιάν
1299 990 1424 1045 μου,
1471 973 1547 1038 ὡς
1577 973 1784 1046 ἀμελή-

204 1073 394 1135 σαντός
423 1089 516 1125 σου
546 1071 680 1143 (72),
719 1070 794 1132 ὡς
823 1069 896 1140 μὴ
923 1069 988 1122 τὰ
1009 1069 1194 1122 δέοντα
1218 1069 1596 1137 πεποιηκότος,
1621 1068 1780 1138 λέγεο

203 1163 394 1232 Κάγὼ,
422 1165 451 1216 ὅ
471 1181 524 1216 τι
567 1162 695 1215 ποτέ
721 1162 828 1232 ἔχω
849 1161 979 1233 ἐρῶ,
1008 1162 1183 1214 πείσω
1214 1178 1292 1224 σε,
1321 1159 1700 1224 καταδικάζων
1726 1179 1784 1214 σε

197 1255 350 1322 ἀξιον
383 1253 512 1307 ὄντα
535 1253 628 1306 τοῦ
659 1251 1143 1320 καταδικασθῆναι.

204 1344 349 1414 Στίχ.
383 1342 444 1397 ε’.
475 1344 736 1411 Πότερον
761 1344 873 1410 οὐχ
908 1343 944 1409 ἡ
980 1341 1158 1392 κακία
1192 1355 1306 1393 σου
1356 1339 1493 1392 ἐστὶ
1546 1337 1785 1403 acilii;

273 1437 517 1499 Εἰκότως
548 1437 648 1505 οὐχ
681 1434 868 1496 ἁπλῶς
922 1451 1068 1505 φημι
1115 1433 1226 1505 (75)
1258 1434 1542 1502 γεγονέναι
1568 1432 1750 1486 ἄδικον
1770 1450 1782 1461 ·

205 1531 326 1584 ἐπεὶ
362 1531 563 1601 πάσχει
593 1528 838 1590 τοιαῦτα,
856 1529 1013 1581 ὁποῖα
1045 1529 1220 1592 οὐδεὶς
1248 1527 1426 1580 αὐτῶν
1449 1525 1788 1597 τηλικούτοις

207 1622 518 1685 πέπτωκεν,
561 1621 694 1684 οἵοις
749 1620 833 1673 σύ.
885 1620 1048 1683 Εἰκὸς
1074 1619 1162 1672 διὰ
1191 1619 1252 1672 τὸ
1290 1617 1663 1690 ἀναρίθμητόν
1695 1635 1787 1672 σου

204 1714 313 1767 τῶν
341 1714 716 1784 πταισμάτων,
738 1713 912 1768 ταῦτά
944 1731 1024 1766 σοι
1057 1713 1391 1784 ἐληλυθέναι.

1443 305 1973 362 ΕΝᾹῖἶίῖᾹΤΙΟΝΕὸ
2010 306 2077 361 ΙΝ
2115 307 2254 363 JOB.

197 429 351 486 τοῦτο
381 431 439 483 ἐν
478 428 664 491 ἄλλαις
695 427 922 492 λέξεσιν,
957 427 1038 480 ὃτι
1065 424 1243 486 οὕτως
1267 424 1413 476 ἐστὶν
1439 427 1467 477 ό
1494 425 1626 488 Θεὸς
1652 424 1772 493 φιλ-

1904 440 2008 494 ςηιε
2056 425 2109 478 in
2141 424 2262 479 aliis
2291 424 2475 490 dictis,
2512 423 2678 481 Deum
2707 440 2826 480 esse
2853 427 2985 482 adeo
3042 427 3358 498 benignum,
3395 440 3490 493 ut.

1879 523 1934 567 et
1969 511 2454 584 ntiliterjudicans
2483 529 2582 569 nos
2624 516 2906 584 permittat
2937 532 3034 573 nos
3062 531 3250 573 secum
3285 518 3494 588 loqui?“

1881 606 2034 674 quasi
2064 621 2289 662 causam
2317 607 2464 662 dicat
2499 607 2805 672 nobiscum,
2843 611 2907 664 de
2939 609 3004 664 iis
3034 625 3155 680 quae
3185 611 3453 668 volumus.
3498 627 3500 634 '

3385 312 3459 366 διι-

1885 695 2025 751 Usus
2057 714 2175 753 sum
2204 712 2334 768 ergo
2381 702 2503 754 loco
2539 699 2687 755 Isaia!
2714 718 2728 754 :
2776 700 2976 765 Venite,
3007 711 3057 754 et
3087 701 3414 772 disputemus
3439 745 3455 770 ,

1883 793 1957 844 ait
1991 789 2248 845 Dominus
2303 793 2370 846 '“.
2408 792 2542 846 Illud
2573 793 2716 848 enim
2745 835 2760 858 ,
2816 793 3182 860 disputemus,
3218 795 3322 849 hoc
3352 796 3457 850 sibi

1884 883 2002 938 vult
2030 898 2045 937 :
2080 883 2137 939 Si
2170 884 2300 952 quid
2351 885 2520 940 babes
2553 900 2640 939 me
2687 900 2922 954 arguere
2955 894 3010 942 et
3059 887 3460 955 providentiam

1886 990 2084 1040 meam,
2124 984 2377 1045 tanquam
2407 979 2496 1046 qui
2533 977 2860 1048 neglexerim
2917 987 2989 1040 te,
3053 987 3311 1047 tanquam
3366 981 3462 1048 qui

1886 1082 2006 1136 quae
2036 1067 2280 1122 facienda
2309 1077 2462 1122 erant
2494 1083 2599 1124 non
2638 1067 2858 1123 fecerim
2880 1109 2893 1130 ,
2931 1069 3056 1135 dic;
3111 1083 3218 1137 ego
3247 1084 3463 1140 quoque

1887 1161 2152 1231 quidquid
2181 1162 2378 1228 habeo,
2409 1162 2584 1216 dicam
2617 1181 2630 1217 :
2685 1163 3027 1233 persuadebo
3062 1171 3134 1230 te,
3174 1172 3371 1218 contra
3409 1172 3462 1217 te

1889 1254 2072 1311 ferens
2095 1257 2445 1323 sententiam,
2465 1256 2607 1325 quod
2633 1255 2829 1325 dignus
2848 1255 2925 1310 sis
2947 1256 3037 1324 qui
3061 1257 3462 1311 condemneris.
3485 1270 3491 1282 ι

1989 1347 2053 1401 ν.
2087 1347 2140 1402 5.
2180 1346 2434 1416 Nunquid
2471 1364 2575 1400 non
2600 1347 2906 1416 improbitas
2934 1357 3023 1400 tua
3056 1357 3131 1401 est
3163 1346 3376 1401 multa?

1964 1440 2156 1495 Merito
2186 1457 2291 1495 non
2334 1440 2658 1510 simpliciter
2690 1440 2778 1494 aio
2801 1439 2970 1494 fuisse
3021 1441 3306 1509 iujustum,
3335 1440 3467 1509 quia

1892 1533 2017 1587 talia
2049 1536 2271 1603 patitur,
2307 1534 2487 1603 qualia
2526 1548 2685 1587 nemo
2709 1533 2924 1588 illorum
2954 1533 3007 1586 in
3047 1531 3354 1599 hujusmodi
3382 1532 3469 1586 in-

1891 1625 2044 1691 cidit,
2071 1627 2214 1679 sicut
2238 1633 2321 1677 tu.
2348 1624 2559 1690 Merito,
2581 1635 2805 1694 propter
2834 1624 3259 1680 innumerabiles
3285 1624 3472 1695 lapsus

1894 1726 2036 1780 tuos,
2071 1718 2185 1771 haec
2219 1716 2317 1770 tibi
2348 1717 2653 1770 obvenisse.

276 1806 387 1878 (74)
425 1780 535 1862 Τοῦ
562 1807 768 1862 αὑτοῦ.
796 1809 871 1861 Ob
897 1780 1162 1878 πρότερον
1186 1805 1467 1877 ὠνόμασεν
1489 1805 1785 1878 ἁμαρτίαν,

1966 1809 2244 1879 Ejusdem.
2272 1807 2389 1865 Non
2423 1811 2574 1879 prius
2595 1809 2892 1864 nominavit
2922 1820 3204 1880 peccatum
3228 1851 3242 1875 ,
3271 1810 3470 1867 deinde

197 1896 324 1953 εἶτα
343 1901 442 1970 τὴν
473 1901 701 1954 κακίανο
737 1900 849 1954 ἀλλ’
886 1899 1028 1971 ὀρῶν
1057 1899 1154 1970 τὴν
1193 1898 1393 1952 κακίαν
1438 1898 1535 1970 τὴν
1577 1897 1789 1969 φαύλην

205 1993 341 2058 ἕξιν,
392 1989 514 2048 εἶτα
565 1993 703 2064 μετά
735 1993 894 2046 τοῦτο
941 1992 1008 2046 τὰ
1061 1993 1168 2045 ἀπὸ
1221 1991 1320 2062 τῆς
1361 1991 1572 2060 φαύλης
1624 1989 1792 2055 ἕξεως

204 2086 651 2158 ἁμαρτανόμενα,
682 2085 824 2157 ἅπερ
847 2082 999 2139 εἶπεν
1027 2084 1430 2157 ἀναριθμήτους
1451 2080 1589 2139 εἶναι
1613 2086 1792 2156 ἁμαρ-

207 2193 349 2239 τιας.

245 2268 358 2337 (75)
395 2268 542 2338 Στίχ.
573 2267 634 2324 ε’.
676 2269 1080 2338 Ἀναρίθμητοι
1109 2267 1175 2320 δέ
1211 2281 1327 2322 σου
1356 2271 1414 2323 αὶ
1455 2269 1750 2339 ἁμαρτίαι.

202 2375 205 2377 ·
292 2357 695 2428 ’Υπολαμϐἀνει
751 2358 910 2411 τοῦτο
964 2361 992 2411 ὀ
1045 2355 1268 2424 Ἐλιφάζ
1323 2360 1450 2430 περὶ
1496 2359 1588 2412 τοῦ
1650 2359 1790 2413 Ἰὼϐ.

214 2449 368 2520 ᾚδει
403 2451 568 2503 αὐτὸν
594 2449 867 2513 πλούσιον,
925 2451 1019 2503 καί
1051 2467 1246 2520 φησιν·
1289 2451 1575 2520 Ἐνέχυρα
1613 2451 1796 2521 ἐλάμ-

209 2544 387 2609 ϐανες
415 2543 536 2597 ἀπὸ
583 2543 700 2596 τῶν
723 2543 850 2597 σῶν
882 2542 1180 2613 ἀδελφῶν,
1216 2544 1291 2608 ὼς
1338 2545 1663 2613 ὀφειλόντων
1721 2547 1794 2618 μὴ

209 2635 560 2704 ὀφειλόντων.
601 2636 675 2688 Τὸ
706 2636 834 2708 γὰρ,
881 2634 1252 2705 Ἠνεχύραζες
1283 2636 1590 2705 διακενῆς,
1624 2637 1797 2690 τοιοῦ-

209 2727 303 2780 τόν
329 2730 502 2781 ἐστιν.

213 2821 327 2892 (76)
372 2821 526 2892 Στίχ.
594 2828 667 2885 ς’.
709 2821 1093 2945 Ἠνεέύραζες
1135 2822 1277 2888 τοὺς
1328 2821 1632 2890 ἀδελφούς
1679 2838 1797 2876 σου

891 2909 1152 2945 taxea-nc.

891 2909 1152 2961 ιακενης.

1894 1903 2086 1955 vitium
2118 1920 2131 1954 :
2169 1903 2264 1956 sed
2315 1903 2508 1956 videns
2539 1902 2730 1955 vitium
2777 1902 2978 1956 malum
3011 1917 3132 1958 esse
3163 1903 3415 1957 habitum
3448 1941 3466 1966 ,

1895 1996 2087 2049 deinde
2111 2005 2294 2063 postea
2327 2009 2445 2063 quae
2469 2004 2597 2047 sum
2620 2008 2650 2047 a
2678 1993 2819 2048 malo
2843 1994 3036 2052 habitu
3067 2004 3294 2063 peccata
3317 2015 3328 2049 :
3348 2009 3469 2065 quae

1894 2088 2028 2143 dixit
2061 2087 2476 2142 innumerabilia
2507 2103 2629 2144 esse
2662 2097 2908 2158 peccata.

2500 2170 2543 2199 ν

2069 2274 2136 2327 ν.
2166 2273 2235 2327 5.,
2251 2272 2667 2326 Innumerabilia
2700 2283 2875 2326 autem
2915 2284 3288 2341 peccatustua.

1973 2365 2251 2435 Supponit»
2270 2366 2371 2419 hoc
2401 2364 2622 2432 Elipbaz
2655 2367 2720 2420 de
2751 2363 2871 2419 Job.
2921 2363 3091 2418 Norat
3142 2380 3263 2418 eum
3301 2363 3470 2420 fuisse

1899 2460 2203 2524 divitem,et
2231 2459 2307 2512 ait
2332 2477 2345 2513 :
2368 2455 2602 2527 Pignora
2627 2458 2914 2525 accipiebas
2933 2474 2962 2509 a
2983 2457 3236 2526 fratribus
3273 2457 3376 2510 tuis
3399 2457 3470 2520 "’,

1900 2561 2158 2619 tanquam
2194 2549 2469 2603 debitores
2518 2557 2725 2608 essent,
2754 2548 2844 2616 qui
2893 2548 3025 2601 nihil
3076 2549 3369 2602 debebant.
3403 2547 3472 2602 ll-

1897 2636 1988 2690 lud
2025 2636 2192 2700 enim,
2219 2633 2455 2705 Pignora
2500 2633 2804 2704 postulabas
2843 2636 3096 2706 inaniter,
3129 2638 3466 2692 tantumdem

1899 2727 2204 2798 signiﬁcat._

1970 2844 2034 2898 V.
2067 2842 2120 2896 6.
2150 2840 2387 2912 Pignora
2417 2839 2727 2909 postulabas
2753 2840 2948 2909 fratres
2987 2851 3104 2898 tuos
3145 2843 3397 2899 inaniter.

1971 2955 2244 3026 Ejusdem.
2273 2954 2465 3010 Adhuc
2493 2955 2680 3024 objicit
2706 2956 2850 3010 aliud
2883 2957 3076 3011 iterum
3109 2957 3227 3027 ejus
3277 2972 3474 3027 pecca-

1903 3059 2036 3104 tum.
2086 3049 2304 3102 Licetne
2352 3064 2590 3116 unquam
2651 3050 2896 3117 accipere
2931 3051 3296 3104 indumenta?
3354 3050 3472 3104 Non

1826 3131 1866 3187 C
1905 3144 2054 3209 undi,
2088 3144 2182 3196 sed
2211 3141 2396 3196 divitis
2421 3143 2672 3209 accipere
2712 3142 2857 3206 licet,
2883 3143 2975 3210 qui
3003 3144 3172 3197 multa
3200 3145 3362 3197 habet
3388 3159 3475 3196 re-

1903 3237 2076 3303 posita
2113 3236 2453 3289 indumenta.
2510 3232 2758 3293 Tria...,..
2796 3235 3008 3289 scilicet
3061 3235 3350 3289 multorum
3399 3235 3474 3289 ilti

1903 3331 2088 3397 accepi
2133 3331 2548 3385 indumentum:
2585 3331 2677 3385 sed
2703 3329 2864 3394 nudi,
2919 3328 3010 3382 sed
3063 3329 3268 3384 divitis.
3316 3330 3387 3381 At
3427 3331 3472 3383 si

1902 3423 2026 3490 quis
2062 3424 2298 3478 tunicam
2322 3423 2650 3492 singularem
2670 3421 2889 3485 habeat,
2915 3433 2969 3476 et
2991 3423 3090 3475 hac
3117 3423 3479 3492 tunica...prar-

1908 3525 2056 3568 textu
2087 3515 2339 3585 exigendi
2367 3517 2508 3585 quod
2542 3529 2720 3569 memu
2749 3526 2850 3582 est,
2881 3531 2980 3584 ego
3025 3530 3148 3569 eum
3204 3516 3426 3585 spoliem
3458 3555 3476 3579 ,

1905 3621 2008 3658 non
2035 3605 2294 3659 misertus
2326 3605 2591 3660 nuditatis
2619 3606 2758 3672 ejus,
2787 3606 3181 3659 vestimentum
3212 3607 3341 3659 nudi
3361 3604 3481 3657 abs-

1907 3696 2016 3750 tuli.
2072 3695 2244 3750 .Multa
2279 3696 2583 3764 bujusmodi
2611 3711 2640 3749 a
2678 3696 2836 3752 nobis
2868 3697 3023 3763 ﬁunt,
3051 3698 3271 3765 quando
3291 3708 3478 3753 mutuo

1904 3789 2121 3854 damus,
2156 3790 2377 3858 quando
2413 3791 2478 3844 ad
2510 3790 2786 3846 debitores
2835 3791 3132 3860 pergimus.
3167 3793 3321 3859 Saepe
3351 3804 3482 3846 con-

1907 3881 2087 3951 tingit,
2121 3882 2418 3936 utdebitor
2453 3894 2640 3938 noster
2680 3895 2925 3939 extrema
2980 3894 3298 3953 paupertate
3331 3882 3481 3937 labo-

1907 3987 2008 4039 ret,
2050 3975 2277 4028 reddere
2313 3991 2415 4029 uou
2481 3977 2713 4031 valens:
2771 3985 2830 4030 et.
2881 3991 2982 4032 nos
3041 3980 3252 4032 viscera
3290 3987 3478 4032 nostra

1903 4062 2236 4126 claudentes,
2275 4064 2736 4121 immisericordes
2770 4078 2826 4121 et
2849 4067 3099 4123 crudeles
3144 4067 3334 4130 ﬁmus,
3371 4085 3477 4122 non

1905 4157 2248 4209 attendentes
2276 4157 2416 4225 quod
2443 4172 2663 4211 uxorem
2689 4159 2782 4211 alit
2802 4171 2854 4214 et
2885 4159 3044 4226 lilios,
3067 4175 3129 4215 ac
3150 4161 3237 4213 vix
3262 4171 3478 4214 susten-

287 2982 402 3037 Τοῦ
441 2983 648 3038 αὐτοῦ.
682 2984 1094 3056 Προσεπιτείνει
1139 2985 1194 3039 δὲ
1229 2986 1389 3039 πάλιν
1416 2985 1580 3058 ἀλλην
1632 2987 1794 3040 αὐτοῦ

204 3075 514 3146 ἁμαρτίαν.
542 3076 698 3128 Ἐστι
732 3077 863 3130 ποτὲ
890 3075 1072 3128 λαϐεῖν
1109 3076 1510 3146 ἀμφιάσματα;
1551 3076 1622 3129 Οὐ
1657 3093 1797 3145 γυμ-

209 3170 325 3233 νοῦ,
384 3167 523 3222 ἀλλά
573 3169 828 3222 πλουσίου
881 3169 1095 3238 ἔχοντος
1136 3170 1474 3238 ἀποκείμενα
1528 3167 1799 3236 ἐνδύματα

211 3260 384 3312 πολλὰ
414 3258 620 3312 λαϐεῖν.
654 3260 862 3331 Τρία...
880 3261 990 3331 (77)
1014 3259 1078 3330 δὴ
1112 3261 1140 3310 ό
1164 3257 1274 3311 τῶν
1299 3259 1504 3312 πολλῶν
1537 3261 1650 3311 ἐκεῖ
1679 3257 1800 3309 ἕλα-

211 3354 306 3406 6ον
343 3352 652 3423 ἀμφίασινο
708 3351 844 3405 ἀλλά
889 3351 1118 3422 γυμνοῦ,
1162 3351 1298 3405 ἀλλά
1344 3351 1620 3403 πλουσίου.
1676 3350 1799 3402 Ἐὰν

214 3444 401 3516 μέντοι
423 3460 487 3510 γε
511 3441 716 3513 χιτῶνά
735 3460 818 3506 τις
847 3442 944 3514 ἔχῃ
975 3442 1090 3507 ἕνα,
1123 3443 1216 3495 καὶ
1239 3441 1426 3494 τοῦτον
1456 3442 1545 3494 τὸν
1577 3441 1796 3511 χιτῶνα,

213 3535 600 3608 προφάσειτώ
633 3538 880 3589 ἀπαιτεῖν
908 3536 970 3588 τὸ
1001 3534 1152 3604 ἐμὸν,
1196 3533 1425 3598 ὲκδύσω,
1464 3533 1536 3604 μὴ
1573 3532 1801 3600 ἐλεήσας

212 3631 426 3682 ἐκεῖνον
452 3629 544 3681 τὸν
577 3629 803 3698 γυμνὸν,
831 3627 1097 3697 ἀμφίασιν
1123 3625 1218 3679 τοῦ
1246 3625 1454 3696 γυμνοῦ
1477 3624 1797 3695 ἀφειλόμην.

217 3721 396 3773 Πολλὰ
425 3720 482 3774 δέ
528 3719 773 3784 τοιαῦτα,
815 3720 872 3772 ἐν
906 3721 1036 3790 ἡμῖν
1074 3718 1301 3786 γίνεται,
1341 3717 1417 3769 ὅτ’
1453 3715 1518 3770 ἂν
1555 3715 1803 3778 δανείζω-

220 3831 340 3883 μεν,
367 3814 447 3867 ὅτ’
474 3814 539 3866 ἂν
561 3813 697 3883 πρὸς
728 3811 1007 3880 ὀφειλέτας
1034 3809 1339 3882 ἐρχώμεθα.
1370 3809 1635 3871 Πολλάκις
1654 3810 1804 3873 rigeat-

219 3905 379 3975 λέτης
426 3904 582 3975 ἡμῶν
616 3907 695 3967 εἰς
737 3903 1044 3974 ὑπερϐολὴν
1089 3903 1333 3981 πένεται,
1390 3904 1462 3973 μὴ
1508 3901 1802 3972 δυνάμενος

221 3994 548 4049 ἀποδοῦναι’
584 3998 679 4047 καὶ
718 3995 897 4064 ἡμεῖς,
933 3993 999 4046 τά
1048 3993 1330 4061 σπλάγχνα
1363 3991 1518 4061 ἡμῶν
1551 3992 1803 4044 ἀποκλεί-

220 4101 436 4149 σαντες,
469 4085 712 4155 ἀνηλεεῖς
746 4085 840 4137 καὶ
880 4084 1023 4153 ὠμοὶ
1065 4082 1349 4153 γινόμεθα,
1405 4084 1478 4153 μὴ
1516 4082 1803 4152 βλέποντες

215 4180 303 4232 ὅτι
345 4181 583 4248 γυναῖκα
622 4177 811 4250 τρέφει
855 4177 948 4228 καὶ
986 4175 1173 4240 τέκνα,
1210 4176 1304 4227 καὶ
1353 4174 1502 4244 μόλις
1546 4175 1802 4246 τρέφεται

227 4270 339 4324 ἀπὸ
367 4269 479 4324 τῶν
517 4268 890 4340 ποριζομένων
925 4265 1074 4336 αὐτῷ
1114 4266 1310 4333 ὀλίγων
1341 4263 1563 4317 ὀϐολῶν.
1625 4265 1790 4316 Ἀπαι

1907 4259 2103 4304 latura
2128 4251 2314 4319 paucis
2360 4266 2483 4320 qua:
2532 4252 2636 4307 sibi
2675 4265 2932 4322 superant
2965 4254 3161 4308 obolis.
3195 4255 3477 4324 Exigimus

217 4363 426 4434 τοῦμεν
464 4360 672 4432 πικρῶς
719 4360 831 4414 ἐσθ’
879 4361 966 4412 ὅτε
998 4360 1090 4413 καὶ
1135 4357 1370 4430 περισσὰ
1420 4357 1633 4426 ἔχοντες
1673 4363 1790 4427 παρ

1907 4343 2111 4395 acriter
2146 4343 2458 4412 aliquando,
2485 4347 2699 4401 tametsi
2734 4345 3006 4416 superﬂua
3045 4361 3209 4415 penes
3237 4361 3337 4401 nos
3393 4361 3479 4400 re-

227 4458 466 4519 ἑαυτοῖς.
495 4455 678 4508 Ταῦτα
714 4449 807 4508 οῦν
830 4452 978 4522 λέγει
1001 4450 1247 4520 ἐγκαλῶν
1273 4449 1350 4520 τῷ
1393 4449 1532 4514 Ἰὼϐ,
1577 4452 1656 4503 ὅτι
1698 4452 1790 4520 ἀμ-

1911 4433 2202 4487 tineamus.
2240 4432 2364 4488 llaec
2385 4435 2555 4504 igitur
2588 4435 2818 4506 culpans
2844 4438 2987 4504 apud
3021 4435 3143 4500 Job,
3172 4435 3305 4490 dicit
3333 4438 3479 4504 quod

223 4550 413 4619 φξασιν
432 4565 498 4617 γυ
507 4547 651 4619 μνῶν
673 4545 912 4616 ἀφεῖλεν.

1907 4523 2283 4578 indumentum
2317 4527 2584 4582 nudorum
2616 4527 2928 4583 abstulerit.

224 4643 368 4714 Στὶχ.
403 4642 467 4707 ζ’.
495 4640 646 4695 Οὐδὲ
693 4640 856 4720 ,ὕδωρ
907 4638 1215 4720 ,διψῶντας
1271 4639 1556 4720 {adsintq-
1581 4657 1592 4668 '
1644 4640 1790 4693 ἀλλά

1906 4634 1970 4689 ν.
2021 4636 2074 4689 7.
2110 4638 2216 4693 Nec
2243 4653 2377 4705 aqua
2427 4639 2664 4720 sitientes
2685 4640 2898 4720 lpotas-ti
2914 4657 2940 4704 ;,
2972 4641 3100 4710 quin
3129 4651 3176 4693 et
3204 4638 3476 4710 famelicos

536 4710 872 4765 πεινώντων
894 4710 1230 4777 ἐστέρησας
1262 4711 1490 4777 ψωμόν.

2439 4711 2654 4776 privasti
2679 4710 2930 4764 buccella.

299 4793 416 4872 (78)
451 4807 552 4870 Εἰς
582 4804 647 4857 τὸ
696 4803 862 4857 αὑτό.
908 4801 1116 4855 Οὐκοῦν
1153 4802 1213 4854 ού
1278 4801 1437 4871 μόνον
1482 4800 1541 4852 τὸ
1577 4800 1790 4854 ἀδικεῖν

1977 4798 2043 4853 In
2069 4801 2228 4854 idem.
2289 4799 2433 4870 Ergo
2491 4817 2596 4854 non
2640 4803 2802 4856 modo
2848 4801 3042 4870 injuria
3077 4801 3293 4865 aﬂicere
3324 4844 3338 4869 ,
3389 4807 3480 4860 sed

224 4899 360 4958 ἀλλά
382 4898 476 4950 καί
503 4897 563 4950 τὺ
589 4895 663 4967 μὴ
688 4895 995 4966 εὐεργετεῖν
1026 4892 1342 4946 ὑπεύθυνον.

1906 4893 2068 4946 etiam
2105 4908 2211 4946 non
2247 4891 2465 4949 afﬁcere
2497 4894 2762 4950 beneﬁcio
2793 4896 2846 4948 in
2874 4896 3030 4965 culpa
3069 4911 3175 4951 εει.

296 4991 414 5063 (79)
440 4989 623 5044 Ταῦτα
648 4988 824 5042 πάντα
854 4985 1284 5056 κατηγορήματά
1309 4985 1434 5045 εἰσι,
1468 4986 1561 5037 καὶ
1590 4985 1790 5055 ἀληθῶς

1983 4985 2108 5042 Haec
2159 4987 2343 5041 omnia
2377 4991 2756 5044 accusationes
2799 4999 2953 5053 sunt,
2986 4999 3044 5044 et
3093 5005 3220 5044 vere
3272 4991 3483 5057 vitupe-

224 5083 425 5154 ψεκτά.
471 5081 606 5136 Ἀλλ’
646 5083 745 5134 ούκ
780 5078 952 5151 ἀληθῆ
1003 5078 1130 5150 περὶ
1171 5076 1264 5130 τοῦ
1308 5076 1446 5140 Ἰὼϐ,
1480 5077 1598 5129 οὐδὲ
1628 5077 1790 5139 καλῶς

1909 5085 2098 5136 randa.
2128 5081 2234 5136 Sed
2268 5096 2371 5135 non
2398 5097 2522 5136 vera
2554 5085 2730 5152 quoad
2755 5083 2878 5147 Job,
2915 5098 3089 5151 neque
3117 5084 3251 5137 bene
3276 5085 3340 5136 de
3369 5086 3485 5150 ipso

227 5179 446 5249 ἐλέγετο
476 5195 541 5230 πε
550 5178 602 5249 pi.
634 5176 822 5230 αὐτοῦ.

1908 5174 2050 5228 dicta
2075 5185 2223 5227 sunt.

302 5271 420 5328 Τοῦ
473 5270 680 5324 αὐτοῦ.
739 5269 976 5323 Τοιαῦτα
1025 5270 1232 5335 γίνεται
1291 5268 1347 5320 ἐν
1401 5267 1518 5327 ταῖς
1578 5267 1790 5334 πικραῖς

1979 5266 2256 5335 Ejusdem.
2298 5266 2422 5325 Haec
2468 5272 2791 5340 contingunt
2826 5270 2878 5323 in
2933 5269 3148 5323 acerbis
3179 5268 3481 5322 exactioni-

299 5389 346 5421 ”
403 5394 543 5446 Isa.l
569 5427 585 5451 ,
619 5385 706 5440 18.
784 5387 828 5417 ⁷³
867 5385 968 5445 hic,
1000 5401 1048 5439 v.
1082 5386 1139 5438 6.,

299 5505 420 5580 (τε)
449 5505 582 5580 (god.
612 5519 879 5580 ut,_p.ou.
961 5573 971 5580 _
1147 5575 1151 5580 τ
1985 5507 2002 5572 (

305 5573 420 5637 (π.)
453 5575 562 5630 lloc
601 5573 837 5644 me!“
873 5573 1170 5644 εθ¹¹ον⁷ίκ¹έν
1235 5641 1245 5644 ι
1546 5640 1595 5644 -·
1982 5581 1996 5636 ί

304 5647 418 5715 (74)
451 5647 582 5702 [ἰού.
615 5640 708 5716 sit
740 5643 926 5698 tribuit
963 5641 1272 5711 Olympiod.
1302 5656 1464 5712 quem,
1511 5640 1632 5695 vide
1678 5657 1798 5713 pag.
1990 5645 2007 5712 (

233 5717 357 5772 377.

307 5787 419 5854 t75)
447 5786 498 5839 In
531 5797 760 5853 utroque
803 5786 918 5840 cod.

1991 5721 2005 5780 (

2129 5502 2345 5557 Confer.
2381 5503 2599 5573 Olymp-

2128 5573 2301 5628 Locus
2325 5572 2586 5628 deﬁciens
2608 5582 2660 5626 et
2700 5573 3008 5641 impeditus.

2135 5645 2266 5697 Cod.
2309 5661 2418 5698 \‘XI.
2447 5644 2665 5698 Confer.
2702 5644 2915 5714 Olymp.

2119 5714 2190 5769 Ex
2221 5715 2326 5769 alio
2357 5716 2480 5769 cod.
2509 5713 2723 5770 Confer.
2761 5711 2814 5768 et
2851 5715 2938 5769 hic
2971 5711 3184 5783 Olymp.

2087 5771 2093 5780 I

3506 239 3554 306 ﬂ:
