3878 6212
446 269 518 324 85
1320 274 1880 333 SUPPLEMENTUM
1915 280 2006 333 AD
2040 280 2364 338 ORIGENIS
2403 283 2819 343 EXEGETICA.
3196 358 3201 363 ἢ
3624 296 3692 351 84

448 384 573 440 bus.
602 384 907 455 Aliquando
939 386 1112 457 ipsam
1166 389 1463 446 buccellam
1514 396 1727 450 unicam
1765 413 1887 467 quis
1922 400 1987 451 ha

2118 401 2496 473 ἀπαιτήσεσιν.
2537 405 2735 459 Ἐνίοτε
2769 406 2930 459 αὑτὸν
2959 406 3049 463 τὸν
3071 408 3261 480 ψωμὸν
3289 410 3401 481 ἔχει
3440 424 3522 476 τις
3557 414 3686 469 ἔναυ

446 474 707 530 bet:etsi
750 477 1018 549 integrum
1050 495 1242 550 panem
1284 498 1391 537 non
1438 485 1669 551 habeat,
1722 489 2016 546 auferimus

445 565 517 628 ei,
553 565 797 622 dicentes
832 586 845 621 :
880 568 950 622 At
982 571 1195 626 debitor
1221 588 1301 628 es.

659 659 725 714 γ.
759 661 813 716 9.
858 661 1059 717 Viduas
1088 676 1262 719 autem
1306 667 1561 724 dimisisti
1589 689 1801 726 vacuas.

528 751 910 818 Attendamus,
941 756 986 810 si
1014 756 1175 812 vidua
1202 759 1418 815 domum
1450 772 1695 818 nostram
1746 767 2013 835 ingredia-

447 851 557 908 tur,
607 859 672 900 ne
701 862 940 917 unquam
970 864 1196 905 vacuam
1226 868 1346 908 eam
1384 856 1743 913 dimittamus.
1775 859 1882 915 Pro
1928 860 2010 916 fa-

440 936 644 993 cultate
671 953 773 994 sua
802 940 1030 1011 quisque
1059 958 1126 998 ex
1152 959 1217 999 eo
1233 947 1376 1015 quod
1400 948 1566 1003 habet
1588 954 1807 1020 impleat
1830 953 2008 1009 sinum

438 1029 637 1086 viduae.

760 1124 822 1179 V.
857 1126 912 1182 9.
943 1124 1220 1197 Orphanos
1257 1139 1431 1185 autem
1474 1136 1688 1189 vexasti.

513 1210 788 1281 Ejusdem.
844 1214 1124 1272 Neminem
1191 1235 1387 1277 vexare
1432 1234 1682 1293 oportet:
1737 1231 2008 1300 praecipue

439 1315 617 1358 autem
655 1321 879 1363 necesse
908 1319 991 1364 est
1014 1325 1241 1378 parcere
1267 1313 1549 1383 orphanis.
1579 1317 1684 1372 Pro
1723 1321 2007 1377 animabus

436 1395 580 1452 enim
610 1398 815 1453 auxilio
838 1401 1113 1457 destitutis
1136 1406 1485 1473 pugnandum
1511 1410 1680 1463 edixit
1701 1410 1859 1467 Deus.
1888 1411 2006 1469 Prin

433 1488 784 1545 camerisvero
805 1492 1118 1548 hominibus
1144 1532 1161 1558 ,
1208 1511 1474 1566 pauperes
1501 1539 1516 1562 ,
1566 1499 1737 1555 viduae
1759 1542 1775 1567 ,
1812 1503 2002 1574 pupilli

436 1579 638 1635 auxilio
672 1581 936 1653 indigent.

631 1674 698 1728 ν.
728 1676 816 1733 10.
857 1676 989 1732 Ideo
1028 1680 1487 1738 circumdederunt
1523 1697 1571 1739 te
1601 1686 1795 1757 laquei.

2121 492 2223 543 κᾶν
2250 493 2323 562 μὴ
2349 493 2446 565 ἔχῃ
2480 494 2641 566 ἄρτον
2675 496 2987 568 ὁλόκληρον,
3026 501 3367 573 ἀφαιροῦμεν
3407 505 3500 557 ἀπ’
3526 507 3688 560 αὐτοῦ

2117 582 2366 651 λέγοντες
2389 603 2401 615 ·
2445 587 2583 640 Ἀλλ’
2608 588 2843 657 ὀφείλεις
2871 590 3004 661 (80).

2257 677 2405 747 Στίχ.
2449 677 2514 733 θ’.
2553 679 2750 748 Χήρας
2778 680 2846 733 δὲ
2876 682 3310 752 ἐξαπέστειλας
3340 687 3543 755 κενάς.

2188 768 2552 840 Προσέχωμεν
2569 772 2664 826 ἐὰν
2692 775 2834 845 χήρα
2858 776 2890 844 ἡ
2899 775 3013 845 μῶν
3030 777 3245 850 εἰσέλθῃ
3269 781 3347 843 εἰς
3368 780 3463 851 τὴν
3483 783 3686 849 οἰκίαν,

2120 861 2329 931 μήποτε
2363 863 2524 935 κενὴν
2555 865 2723 936 αὐτὴν
2769 866 3254 941 ἑξαποστείλωμεν.
3306 873 3464 926 Κατὰ
3520 874 3687 928 δῦνα-

2116 969 2207 1022 μιν
2240 952 2468 1018 ἕκαστος
2498 955 2633 1025 πρὸς
2653 956 2681 1009 ὃ
2719 956 2831 1026 ἔχει
2865 958 3205 1031 πληρωσάτω
3232 961 3323 1014 τὸν
3353 963 3551 1021 κόλπον
3583 967 3684 1036 τῆς

2114 1043 2310 1114 χήρας-

2273 1133 2385 1204 (81)
2439 1136 2585 1205 Στίχ.
2628 1136 2692 1190 θ’.
2745 1137 3065 1207 Ὁρφανοὺς
3100 1141 3167 1194 δὲ
3194 1142 3523 1212 ἐκάκωσας.

2184 1224 2294 1278 Τοῦ
2326 1226 2532 1280 αὐτοῦ.
2566 1227 2773 1282 Οὐδένα
2798 1230 2895 1299 μὲν
2920 1232 3000 1283 δεῖ
3040 1232 3263 1297 κακοῦν,
3303 1236 3591 1306 ἐξαιρέτως
3622 1237 3679 1290 δὲ

2108 1314 2214 1387 χρὴ
2246 1316 2521 1383 φείδεσθαι
2554 1319 2662 1371 τῶν
2689 1321 2959 1392 ὀρφανῶν.
2996 1325 3132 1395 Περὶ
3160 1325 3268 1396 γὰρ
3298 1327 3403 1379 τῶν
3443 1328 3679 1399 ἀϐοηθή-

2105 1422 2213 1458 των
2239 1406 2426 1478 ψυχῶν
2456 1410 2714 1481 πολεμεῖν
2765 1415 2793 1464 6
2841 1414 2974 1479 Θεὸς
3010 1416 3330 1472 ἐνετείλατο.
3379 1418 3594 1473 Μᾶλλον
3620 1421 3677 1473 δὲ

2108 1498 2258 1569 παρὰ
2286 1500 2412 1563 τοὺς
2432 1500 2623 1561 ἄλλους
2648 1504 2988 1576 ἀνθρώπους,
3029 1511 3253 1579 πτωχοὶ,
3295 1510 3482 1581 χῆραι,
3509 1512 3677 1583 ὀρφα-

2103 1588 2184 1641 νοὶ
2215 1589 2423 1644 δέονται
2455 1592 2727 1664 βοηθείας.
3754 1592 3757 1593 ν

2207 1685 2355 1755 Στίχ.
2388 1683 2438 1735 ι’.
2469 1689 2785 1756 Τοιγαροῦν
2814 1691 3170 1745 ἐκύκλωσάν
3198 1706 3271 1746 σε
3308 1692 3570 1763 παγίδες.

504 1762 754 1834 Laqueos
785 1770 1039 1838 appellat,
1067 1786 1130 1827 ea
1161 1788 1282 1841 quae
1311 1775 1388 1829 illi
1419 1791 1713 1833 evenerant
1739 1799 1751 1833 :
1786 1782 1839 1834 in
1862 1796 1988 1849 quos

2177 1775 2417 1843 Παγίδας
2451 1777 2597 1846 λέγει
2640 1781 2707 1833 τὰ
2740 1780 3127 1852 συμϐεϐηκότα
3165 1782 3333 1854 αὐτῷ,
3372 1761 3429 1837 ἐν
3461 1781 3549 1848 αἶς
3574 1788 3678 1856 ἐμ-

431 1855 650 1922 incidit,
687 1861 885 1928 quibus
916 1863 1080 1917 etiam
1113 1864 1437 1935 illaqueatur
1466 1870 1609 1925 illius
1633 1872 1813 1926 anima
1834 1889 1901 1928 ex
1932 1875 1997 1929 iis

431 1961 552 2017 quae
588 1947 662 2003 illi
688 1951 1022 2007 acciderant.

749 2044 815 2098 ν.
850 2046 938 2099 11.
964 2046 1093 2117 (Lux
1119 2050 1211 2103 tibi
1238 2053 1463 2107 tenebra:
1485 2057 1671 2108 evasit.

498 2130 556 2185 ln
586 2132 709 2188 luce
736 2149 878 2200 eras,
911 2139 1135 2205 quando
1172 2156 1302 2211 opes
1340 2142 1578 2198 habebas
1605 2183 1622 2209 ,
1675 2148 1893 2215 quando
1926 2148 1993 2201 li-

426 2223 543 2279 beri
571 2226 645 2280 tui
683 2232 1005 2296 superstites
1034 2244 1215 2296 erant,
1262 2238 1482 2304 quando
1507 2255 1698 2294 sanum
1731 2251 1849 2296 erat
1871 2258 1995 2298 cor-

424 2333 526 2387 pus
554 2328 723 2375 tuum.
751 2323 902 2378 Nunc
917 2334 1096 2380 autem
1121 2329 1273 2396 quasi
1300 2330 1352 2382 in
1376 2330 1624 2388 tenebras
1642 2335 1989 2405 descendisti,

423 2412 479 2466 in
514 2413 824 2481 hujusmodi
856 2432 1047 2488 nempe
1070 2422 1431 2478 calamitates.

452 2504 459 2509 ’
494 2502 563 2560 In
596 2506 754 2560 idem.
784 2507 896 2563 Hoc
922 2519 1025 2575 est,
1058 2512 1109 2565 in
1133 2513 1445 2581 solitudine,
1482 2526 1538 2571 et
1592 2519 1695 2574 sub
1723 2520 1812 2575 dio
1843 2523 1989 2592 posi-

423 2605 530 2660 tus,
568 2599 934 2665 errabundus,
960 2605 1217 2667 extorris,
1251 2616 1304 2659 et
1338 2608 1455 2662 sine
1486 2608 1625 2665 lare.

559 2690 625 2745 V.
662 2692 747 2750 H.
780 2692 1154 2748 Dormitantem
1191 2707 1362 2751 autent
1394 2710 1443 2754 te
1474 2720 1612 2772 aqua
1635 2706 1855 2770 operuit.

488 2780 626 2847 Hoc,
656 2784 1028 2838 dormitantem
1050 2797 1248 2857 teaqua
1274 2794 1498 2857 operuit,
1525 2794 1829 2862 signiﬁcat:
1855 2812 1987 2866 ope-

2099 1865 2409 1930 πέπτωκεν,
2443 1871 2522 1932 εἰς
2546 1870 2612 1933 ἃς
2646 1871 2740 1924 καὶ
2757 1873 3106 1941 παγιδεύεται
3135 1877 3298 1930 αὑτοῦ
3325 1880 3357 1948 ἡ
3386 1878 3531 1950 ψυχὴ
3565 1880 3678 1934 ἀπὸ

2096 1954 2204 2007 τῶν
2228 1973 2291 2009 συ
2300 1957 2655 2033 μὸεϐηκότων
2675 1963 2841 2032 αὐτῷ.

2308 2052 2455 2122 Στίχ.
2480 2040 2575 2108 ια’.
2612 2054 2683 2109 Τὸ
2714 2056 2839 2124 φῶς
2865 2072 2963 2111 σοι
2991 2063 3209 2127 σκότος
3245 2063 3456 2131 ἀπέϐη.

2176 2141 2264 2194 Ἐν
2314 2147 2453 2213 φωτὶ
2486 2142 2574 2216 ἧς,
2622 2149 2710 2201 ὅτε
2754 2151 2823 2204 τὰ
2875 2153 3189 2224 ὑπάρχοντά
3231 2172 3315 2208 σοι
3354 2152 3442 2227 ἦν,
3473 2158 3561 2209 ὅτε
3600 2157 3673 2213 τά

2093 2232 2258 2287 τέκνα
2289 2251 2381 2288 σου
2412 2239 2626 2309 περιῆν,
2656 2241 2744 2293 ὅτε
2779 2241 2989 2309 ὑγίαινέ
3017 2262 3108 2297 σου
3152 2246 3214 2299 τὸ
3242 2246 3421 2318 σῶμα.
3468 2248 3583 2300 Νῦν
3610 2249 3673 2303 δὲ

2092 2320 2203 2379 οἷον
2252 2330 2331 2391 εἰς
2378 2330 2568 2394 σκότος
2611 2334 3014 2406 καταϐέϐηκας,
3054 2341 3134 2402 εἰς
3178 2339 3275 2403 τὰς
3316 2342 3668 2411 περιστάσεις

2093 2419 2317 2484 ταύτας.
3004 2486 3007 2487 ,

2162 2511 2274 2584 (82)
2298 2516 2403 2580 Εἰς
2442 2516 2507 2569 τὸ
2536 2518 2704 2571 αὑτό.
2746 2520 3034 2573 Τουτέστιν
3074 2525 3131 2574 ὲν
3165 2523 3394 2594 ἐρημίᾳ,
3438 2526 3532 2579 καὶ
3581 2528 3667 2580 αἴ·-

2089 2602 2255 2674 θριος,
2282 2606 2503 2678 ἀλήτης,
2532 2612 2627 2663 καὶ
2656 2613 2850 2681 φυγὰς,
2880 2615 2975 2665 καὶ
3011 2614 3276 2678 ἀνέστιος.
3636 2638 3649 2659 ι

2158 2695 2268 2768 (85)
2296 2700 2442 2770 Στίχ.
2470 2708 2556 2756 ια’.
2580 2702 2946 2772 Κοιμηθέντα
2972 2704 3040 2757 δὲ
3058 2705 3210 2773 ὕδωρ
3228 2722 3301 2760 σε
3326 2708 3663 2778 ἐκάλυψεν.

2165 2789 2266 2856 Τὸ,
2316 2794 2671 2861 κοιμηθέντα
2708 2810 2781 2847 σε
2828 2794 2983 2863 ὓδωρ
3025 2797 3373 2866 ἐκάλυψεν,
3422 2801 3668 2856 τοιοῦτόν

418 2874 529 2928 ruit
581 2884 632 2929 te
664 2876 942 2931 contraria
973 2879 1168 2933 virtus.
1224 2880 1360 2948 Quia
1396 2899 1499 2937 non
1537 2887 1816 2954 vigilabas,
1854 2891 1983 2959 quia

2117 2902 2250 2938 στιν·
2296 2886 2562 2955 Ἐκάλυψέ
2614 2902 2674 2938 σε
2723 2889 2756 2957 ἡ
2803 2888 3154 2957 ἀντικειμένη
3190 2890 3458 2961 ἐνέργεια.
3508 2894 3666 2947 Ἐπεὶ

416 2982 523 3021 non
582 2968 909 3025 dormiebas.
973 2970 1135 3026 Novit
1180 2982 1359 3029 autem
1402 2977 1676 3046 Scriptura
1730 2995 1981 3037 somnum

2116 2979 2182 3031 ὑκ
2211 2978 2552 3051 ἐγρηγόρεις,
2583 2979 2705 3031 ἐπεὶ
2736 2980 2834 3049 οὐχ
2872 2979 3144 3044 ῦπνωσας.
3167 2977 3287 3035 Οἵδε
3315 2983 3371 3035 δὲ
3402 2985 3434 3053 ἡ
3468 2984 3663 3057 Γραφὴ

415 3059 703 3128 quemdam
732 3063 964 3130 peccati.
994 3064 1201 3121 Idcirco
1236 3070 1491 3138 praecepit
1549 3072 1704 3126 nobis
1740 3073 1928 3130 dicens
1960 3096 1973 3130 :

2116 3088 2254 3123 ιπνον
2278 3072 2399 3125 τινὰ
2424 3072 2718 3142 ἁμαρτίας.
2761 3074 2851 3126 Διὸ
2877 3073 3186 3127 ἐντέταλται
3224 3077 3355 3146 ἡμῖν
3392 3076 3659 3144 λέγουσα⁸

417 3151 500 3208 Ne
527 3155 616 3207 des
640 3171 879 3209 somnum
908 3156 1072 3211 oculis
1098 3159 1221 3224 tuis,
1240 3177 1399 3230 neque
1419 3162 1835 3221 dormitationem
1864 3170 1983 3238 pal-

413 3250 606 3317 pebris,
636 3258 693 3303 ut
716 3253 857 3304 vivas
890 3261 1138 3322 tanquam
1173 3257 1361 3309 dorcas
1389 3272 1417 3310 e
1442 3256 1660 3328 laqueis,
1690 3271 1740 3315 et
1775 3272 1830 3315 ut
1870 3267 1982 3320 avi-

412 3342 532 3396 cula
565 3359 630 3397 ea:
654 3344 838 3414 laqueo
866 3344 934 3398 ⁷³.
1506 3358 1517 3368 ’

531 3436 597 3493 ν.
628 3437 714 3491 12.
741 3437 933 3493 Nonne
954 3441 1045 3510 qui
1077 3441 1321 3496 sublimia
1351 3444 1557 3509 incolit,
1591 3447 1868 3503 intuetur?

479 3527 551 3581 At
584 3528 730 3582 enim
770 3539 1024 3599 reputas,
1082 3547 1423 3603 nequaquam
1454 3537 1640 3592 videre
1678 3554 1799 3607 quae
1849 3540 1983 3594 tinnt

410 3622 606 3685 Deum,
630 3622 722 3692 qui
764 3622 819 3677 in
868 3624 1191 3681 sublimibus
1240 3628 1528 3683 inhabitat.
1562 3630 1632 3686 Ut
1666 3632 1828 3702 igitur
1857 3636 1979 3689 uni-

408 3726 567 3768 versa
596 3711 840 3779 intuens,
866 3729 959 3771 eos
997 3716 1089 3785 qui
1128 3734 1197 3773 ex
1230 3720 1625 3777 contumelioso
1670 3723 1859 3779 habitu
1882 3739 1977 3779 co-

407 3804 729 3873 gitationem
766 3807 1000 3876 superbe
1040 3809 1258 3877 tollunt,
1281 3812 1583 3881 praecipites
1610 3815 1739 3885 agit.

407 3894 474 3949 γ.
499 3894 587 3951 19..
617 3895 727 3951 Eos
754 3914 873 3951 uero
907 3899 997 3969 qui
1022 3901 1341 3955 contumelia
1368 3904 1635 3973 feruntur,
1660 3906 1975 3961 humiliavit.

478 4035 540 4091 Si
570 4036 695 4105 quis
749 4038 955 4093 feratur
983 4039 1334 4106 contumelia,
1358 4049 1414 4096 et
1445 4044 1849 4113 quodammodo
1881 4048 1975 4103 ab-

405 4124 731 4195 ripiaturab
760 4128 948 4182 habitu
979 4130 1320 4186 conviciandi
1356 4141 1414 4188 et
1441 4144 1586 4200 actu,
1637 4137 1728 4192 hic
1772 4153 1801 4192 a
1864 4140 1973 4195 Dco

402 4219 747 4274 humiliatur.
773 4219 881 4275 Par
910 4234 991 4279 est
1017 4224 1202 4293 igitur,
1229 4228 1355 4296 quia
1384 4238 1506 4283 ettu
1534 4233 1856 4286 contumelia
1888 4234 1973 4286 af-

402 4311 584 4368 fecisti
609 4312 799 4369 viduas
826 4323 882 4369 et
918 4316 1175 4385 pupillos,
1222 4328 1275 4373 et
1328 4323 1554 4390 exegisti
1594 4324 1819 4393 pignora
1854 4327 1972 4382 ina-

2084 3161 2182 3230 Μὴ
2233 3161 2349 3228 δῷς
2395 3163 2593 3217 ὕπνον
2639 3164 2773 3231 σοῖς
2818 3165 3060 3234 ὄμμασι,
3107 3166 3264 3236 μηδὲ
3308 3172 3666 3240 rvampr

2082 3252 2207 3318 τοῖς
2230 3253 2583 3323 βλεφάροις,
2618 3256 2717 3307 ἵνα
2741 3254 2890 3325 ζήσῃ
2924 3255 3126 3325 ὥσπερ
3159 3258 3373 3326 δορκὰς
3409 3260 3478 3314 ἐκ
3509 3262 3663 3330 βρό-

2082 3362 2225 3412 χων,
2256 3345 2354 3397 καὶ
2380 3344 2582 3413 ὥσπερ
2604 3344 2814 3413 ὄρνεον
2842 3348 2911 3401 ἐκ
2933 3349 3203 3417 παγίδος.
3638 3378 3639 3381 η

2084 3434 2196 3505 (84)
2224 3435 2368 3506 Στίχ.
2401 3436 2485 3488 ιϐ’.
2516 3435 2612 3504 Μὴ
2644 3438 2778 3506 οὐχὶ
2817 3441 2850 3492 ό
2881 3439 2952 3493 τὰ
2983 3440 3193 3508 ὑψηλὰ
3220 3443 3404 3495 ναίων
3431 3441 3659 3511 ascopa;

2166 3527 2323 3580 Ἀλλά
2366 3528 2625 3598 νομίζεις,
2672 3528 2753 3581 ὅτι
2804 3530 2900 3599 οὐχ
2932 3532 3033 3601 ὁρᾷ
3058 3531 3128 3583 τὰ
3157 3533 3505 3603 πραττόμενα
3534 3536 3563 3585 6
3595 3535 3659 3586 ὲν

2083 3619 2303 3691 ὑψηλοῖς
2347 3619 2614 3673 κατοικῶν
2646 3620 2796 3683 Θεός.
2840 3616 2941 3673 Οἷα
2984 3623 3162 3676 τοίνυν
3204 3625 3376 3678 πάντα
3419 3624 3655 3695 ἐφορῶν,

2079 3712 2203 3775 τοὺς
2240 3713 2343 3764 ὑπὸ
2374 3714 2471 3783 τῆς
2500 3712 2817 3785 ὑϐριστικῆς
2855 3714 3020 3779 ἕξεως
3060 3717 3401 3788 ἐπηρμένους
3431 3719 3492 3770 τὸ
3521 3718 3657 3788 φρό-

2077 3821 2141 3874 νη
2152 3822 2227 3875 μα
2256 3806 2572 3877 καταφέρει.

2080 3896 2192 3967 (85)
2218 3897 2364 3968 Στίχ.
2400 3898 2483 3953 ιϐ’.
2529 3900 2681 3967 Τοὺς
2718 3900 2787 3953 δὲ
2826 3901 2987 3967 ὕϐρει
3020 3900 3385 3971 φερομένους
3420 3901 3654 3954 erant.

2759 3987 2974 4026 νωσεν.

2146 4062 2214 4113 Εἴ
2240 4079 2322 4124 τις
2354 4062 2575 4133 φέρεται
2618 4062 2792 4133 ὕϐρει,
2822 4064 2915 4116 καὶ
2946 4064 3108 4117 οἱονεὶ
3152 4062 3513 4134 κατασύρεται
3542 4060 3658 4117 ὑπὸ

2076 4154 2394 4225 ὑϐριστικῆς
2443 4156 2608 4221 ἕξεως
2650 4156 2746 4210 καὶ
2788 4156 3057 4227 πράξεως,
3105 4152 3256 4220 οὗτος
3298 4157 3657 4213 ταπεινοῦται

2076 4247 2179 4299 ὑπὸ
2209 4246 2301 4300 τοῦ
2327 4247 2481 4301 Θεοῦ.
2513 4248 2672 4312 Εἰκὸς
2704 4245 2816 4311 οῦν,
2851 4247 2975 4302 ἐπεὶ
3003 4248 3096 4301 καὶ
3125 4250 3187 4301 σὺ
3222 4248 3448 4319 ὕϐρισας
3471 4250 3653 4319 χήρας

2073 4340 2167 4393 καὶ
2206 4340 2490 4411 ὀρφανοὺς,
2533 4342 2626 4394 καὶ
2657 4339 2999 4410 ὴνεχύρασας
3037 4340 3285 4409 διακενῆς
3332 4340 3458 4403 τοὺς
3488 4339 3649 4392 ἀδελ-

400 4404 547 4459 uiter
572 4418 601 4457 a
633 4404 894 4459 fratribus
926 4407 1069 4474 tuis;
1124 4417 1185 4463 ut
1239 4408 1444 4465 idcirco
1476 4412 1591 4465 hate
1634 4415 1886 4485 patiaris,
1916 4427 1971 4474 et

401 4495 712 4519 ι..--.ειε-.---
746 4497 910 4519 μη.-

2116 4433 2207 4495 οῦς
2231 4450 2353 4487 σου·
2390 4432 2476 4487 διὰ
2507 4432 2664 4486 τοῦτο
2703 4432 2875 4485 ταῦτα
2917 4433 3210 4498 πέπονθας,
3261 4434 3354 4486 καὶ
3394 4432 3652 4486 τεταπεί-

399 4495 714 4552 ltumiliatus
745 4497 768 4551 l
769 4499 932 4553 ueris.

645 4590 824 4646 v.15.
862 4591 934 4645 Et
958 4594 1166 4663 dixisti,
1194 4594 1335 4662 Quid
1365 4599 1503 4651 novit
1543 4598 1762 4655 Fortis?

467 4680 575 4737 Par
589 4689 707 4738 est:
736 4685 863 4753 quia
888 4693 945 4740 tu
982 4694 1155 4741 tecum
1190 4688 1395 4753 dixisti,
1424 4690 1565 4755 Quid
1590 4694 1729 4748 novit
1743 4693 1970 4752 Fortis?

396 4773 555 4842 quasi
588 4774 813 4841 dixeris,
848 4775 1105 4833 Potestne
1135 4781 1316 4834 omnia
1348 4784 1565 4839 novisse
1602 4784 1780 4841 Deus?

688 4866 752 4922 ν.
786 4868 876 4923 15.
915 4871 1021 4924 Aut
1054 4872 1110 4924 in
1135 4871 1358 4945 caligine
1372 4873 1631 4941 judicabit
1651 4880 1677 4933 2

468 4954 737 5024 Ejusdem.
795 4956 982 5014 Potest
1039 4969 1217 5015 autem
1250 4960 1498 5026 judicare
1546 4964 1688 5024 Deus
1713 4970 1878 5027 etiam
1909 4972 1965 5028 in

394 5049 633 5118 procella
656 5050 939 5108 exsistens.

690 5142 754 5196 V.
788 5142 876 5196 M.
911 5141 980 5196 Et
1004 5144 1177 5198 orbem
1197 5144 1315 5199 caeli
1341 5147 1663 5206 obambulat.

458 5232 645 5288 Ambit
667 5243 723 5288 et
751 5235 1223 5305 circumplectitur
1246 5237 1342 5297 Dei
1370 5243 1735 5311 providentia.

461 5372 508 5403 ⁷³
537 5371 701 5427 Prov.
735 5388 813 5439 vr,
839 5374 894 5439 4,
917 5374 970 5431 5.

461 5484 574 5557 (80)
602 5486 669 5540 ν.
702 5486 737 5541 8
762 5497 939 5544 exstat
975 5502 1105 5545 tom.
1135 5491 1257 5557 Xll,
1281 5494 1383 5549 col.
1423 5496 1580 5551 1058.

601 5560 673 5633 _In
689 5559 818 5633 cod.
850 5556 1358 5633 xxtChrysostomo
1379 5567 1659 5624 tribuitur.

461 5626 570 5693 (8‘2)
591 5628 724 5686 Cod.
753 5646 865 5684 XII.
896 5631 1049 5688 Alius
1080 5626 1269 5689 tribuit
1298 5635 1511 5693 Joanni.

458 5696 574 5772 (83)
597 5698 732 5757 Cod.
765 5717 859 5757 xxi
893 5702 1077 5759 tribuit
1110 5706 1325 5777 UIymp.
1351 5708 1543 5776 Aquila
1574 5722 1629 5768 et
1666 5712 1953 5785 Theodot.,

2075 4540 2263 4576 νωσαι.

2205 4616 2351 4685 Στίχ.
2389 4622 2477 4683 ιγ’.
2509 4616 2619 4670 Καὶ
2660 4612 2851 4681 εἴπας,
2889 4616 2949 4669 Τί
2974 4616 3124 4685 ἔγνω
3162 4618 3193 4668 ὀ
3231 4617 3537 4685 Ἰσχυρός;

2143 4708 2320 4773 Εἰκὸς,
2340 4710 2419 4762 ὅτι
2448 4710 2511 4762 σὺ
2537 4709 2718 4778 ἔλεγες
2742 4708 2881 4763 κατά
2905 4708 3118 4772 σαυτὸν,
3142 4710 3201 4763 Τί
3215 4708 3365 4778 ἔγνω
3387 4712 3430 4773 ὀΔ
3445 4710 3647 4777 ἰσχυ-

2066 4800 2210 4865 ρός;
2246 4794 2389 4863 Οἷον,
2427 4799 2660 4853 Δύναται
2689 4802 2862 4855 πάντα
2888 4802 3181 4871 ἐγνωκέναι
3210 4805 3237 4855 6
3261 4802 3424 4867 Θεὸς;

2247 4890 2389 4961 Στίχ.
2425 4899 2510 4961 ιγ’.
2541 4894 2609 4949 Ἢ
2634 4894 2783 4947 κατὰ
2814 4893 2922 4947 τοῦ
2940 4896 3167 4963 γνόφου
3198 4896 3391 4962 κρινεῖ
3399 4912 3420 4958 ;

2144 4982 2254 5036 Τοῦ
2284 4985 2491 5039 αὐτοῦ.
2524 4985 2753 5039 Δύναται
2786 4986 2843 5039 δὲ
2873 4987 3076 5058 κρίνειν
3104 4988 3132 5039 ὁ
3156 4987 3286 5050 Θεὸς
3313 4987 3405 5040 καὶ
3439 4989 3497 5041 ὲν
3522 5002 3647 5060 χει-

2069 5075 2206 5146 μῶνι
2237 5076 2541 5147 γενόμενος.

2164 5167 2314 5236 Σκτίχ.
2346 5169 2427 5223 ιδ’.
2458 5171 2569 5224 Καὶ
2607 5172 2790 5241 γῦρον
2837 5172 3095 5240 οὐρανοῦ
3134 5173 3567 5242 διαπορεύεται.

2147 5261 2587 5333 Ἐκπεριέρχεται
2614 5266 2649 5334 ἠ
2678 5265 2901 5335 πρόνοια
2922 5263 3016 5317 τοῦ
3050 5263 3204 5319 Θεοῦ.
3568 5298 3571 5299 ν

2072 5506 2189 5583 καὶ»
2207 5506 2407 5583 πλῆθος
2435 5510 2640 5565 ὑδάτων
2676 5514 2903 5583 καλύψει
2936 5533 3014 5568 σε.

2280 5577 2413 5634 Cod.
2448 5598 2559 5635 xm.
2595 5584 2791 5638 Confer
2828 5577 3040 5652 Olvmp.

2135 5646 2249 5719 (85)
2289 5652 2467 5707 Codex
2496 5664 2715 5723 uterque
2744 5654 2935 5710 tribuit
2964 5646 3205 5728 Origeni.
