3878 6212
313 5740 345 5780 ι.

421 312 489 369 87

1300 308 1868 371 SUPPLEMEN'I’UJI
1899 306 1994 365 AD
2031 300 2355 363 ORIGENIS
2382 299 2791 357 EXEGETICA.

3607 292 3675 353 88

423 430 488 485 V.
514 410 894 485 25.6Hundum
932 446 1051 486 vero
1089 431 1267 486 reddet
1293 441 1375 496 te,
1423 438 1674 501 tanquam
1719 436 1990 500 argentum

2102 419 2241 489 Στίχ.
2274 424 2371 472 κε’.
2420 414 2697 483 Καθαρὸν
2728 411 2796 465 δὲ
2822 410 3126 501 ἀποδώσει
3154 424 3228 463 σε
3258 406 3459 476 ὥσπερ
3491 408 3673 477 ἀργύ-

1090 503 1334 573 ignitum.

492 592 697 649 Sanum
731 593 1043 664 dogma.....
1076 596 1328 666 ignitum,
1365 592 1532 649 Deus.

519 710 585 766 V.
607 711 700 768 26.
730 711 932 767 Deinde
951 712 1193 768 libertate
1222 713 1417 784 frueris
1446 728 1627 767 coram
1656 712 1898 766 Domino.

489 849 767 920 Ejusdem.
800 849 857 905 Si
890 850 1268 905 humiliaveris
1317 860 1369 905 te
1389 889 1405 916 ,
1439 850 1483 905 si
1515 849 1839 905 sustinueris
1869 863 1991 918 qua:

418 943 757 1010 acciderant,
788 942 1029 998 libertate
1050 943 1245 1012 frueris
1266 959 1446 998 coram
1477 941 1742 1007 Domino;
1769 941 1992 997 liberta-

418 1047 527 1092 tem
568 1036 826 1109 loquendi
871 1035 1119 1100 habebis,
1143 1036 1343 1105 quippe
1365 1036 1457 1106 qui
1489 1035 1831 1091 abdicaveris
1859 1050 1990 1107 pec—

415 1139 564 1185 cata.

802 1218 868 1276 V.
897 1218 989 1274 28.
1025 1218 1091 1273 In
1115 1220 1212 1274 viis
1235 1220 1337 1273 tuis
1367 1221 1465 1273 erit
1494 1219 1609 1275 lux.

487 1312 770 1383 Ejusdem.
799 1313 856 1367 Si
883 1326 1072 1368 serves
1103 1310 1305 1367 monita
1342 1326 1482 1376 mea,
1539 1321 1596 1369 et
1651 1314 1990 1368 converteris

413 1414 578 1476 atque
600 1405 929 1462 conﬁtearis.
952 1404 1150 1460 Etbaec
1164 1405 1381 1474 quidem
1407 1404 1475 1459 ad
1503 1403 1604 1459 Job
1631 1404 1985 1471 dicebantur;

415 1513 522 1553 non
553 1506 732 1553 tamen
778 1497 901 1567 iure
936 1496 1295 1563 dicebautur,
1327 1509 1508 1565 neque
1550 1495 1697 1551 enim
1730 1508 1989 1567 peccave-

414 1599 520 1647 rat.
554 1589 637 1646 Ad
659 1606 759 1646 nos
788 1591 835 1645 si
866 1590 1140 1655 dicantur,
1167 1588 1291 1661 jure
1321 1588 1595 1645 dicuntur.

484 1703 551 1758 V.
591 1704 685 1760 28.
734 1702 995 1759 Restituet
1021 1714 1195 1759 autem
1222 1703 1317 1759 tibi
1345 1702 1645 1757 institutum
1669 1699 1914 1767 iustitiw.

482 1840 562 1896 Ac
616 1840 939 1912 simpliciter
995 1841 1300 1911 loquendo:
1333 1838 1658 1896 Universam
1688 1836 1807 1903 tibi,
1835 1836 1989 1902 dicit,

411 1947 533 2003 qua
560 1933 739 1987 virum
767 1933 971 2003 justum
1003 1932 1215 1998 deceat,
1239 1930 1439 1987 elﬁciet
1491 1929 1987 2000 perseverantiam;

412 2040 583 2094 usque
613 2025 750 2081 adeo
774 2035 834 2080 ut
879 2024 1146 2097 fulgentes
1190 2025 1561 2095 gloriosasque
1612 2024 1854 2080 actiones
1895 2024 1992 2078 ha-

411 2119 563 2175 beas.

1010 2209 1163 2265 CAP.
1201 2208 1391 2265 XXIII.

509 2298 569 2354 ι’.
604 2301 662 2355 2.
700 2298 895 2355 Manus
925 2302 1041 2371 ejus
1066 2302 1242 2373 gravis
1269 2301 1374 2371 fuit
1393 2317 1487 2368 pro
1516 2299 1720 2369 ejulatu
1747 2314 1882 2353 meo.

484 2391 705 2447 Utinam
738 2392 819 2447 fas
843 2403 1009 2461 esset,
1042 2393 1241 2463 inquit,
1274 2395 1343 2449 ad
1395 2393 1540 2463 ipsas
1583 2407 1772 2463 poenas
1807 2378 1988 2451 calcu—

410 2483 520 2537 lum
572 2483 756 2548 ferre;
786 2495 931 2540 esset
962 2486 1207 2542 invenire
1239 2488 1421 2545 illum!
1456 2489 1673 2546 Utinam
1710 2488 1792 2545 fas
1843 2500 1988 2545 esset

410 2590 633 2631 causam
665 2578 874 2645 dicere,
904 2578 1098 2648 inquit,
1130 2590 1184 2635 et
1213 2582 1367 2639 adire
1412 2598 1535 2639 eum
1574 2593 1629 2638 et
1660 2584 1983 2654 intelligere,

409 2683 655 2735 quaenam
702 2671 835 2726 mihi
877 2673 946 2727 ad
990 2674 1106 2729 haec
1131 2675 1376 2731 dicturus
1406 2686 1585 2743 esset,
1619 2694 1739 2748 quae
1768 2679 1984 2734 locutu-

410 2774 505 2814 rus
554 2762 741 2815 eraml
777 2760 977 2819 Viden‘
1010 2766 1286 2834 quomodo
1340 2782 1564 2839 compos
1615 2770 1794 2826 factus
1821 2771 1986 2827 fuerit

407 2850 544 2918 eius,
575 2854 718 2922 quod
752 2855 806 2908 in
839 2857 980 2912 votis
1025 2857 1306 2913 habebat?
1333 2858 1445 2915 Hoc
1469 2863 1615 2917 enim
1645 2874 1982 2931 postremum

408 2942 511 2995 fuit
550 2942 602 2996 in
645 2943 850 3001 libello.
896 2946 1099 3003 Vellem
1131 2950 1344 3006 discere
1388 2951 1514 3021 quid
1570 2953 1706 3008 mihi
1736 2955 1984 3010 dicturus

406 3046 577 3102 esset,
603 3046 660 3092 et
688 3054 755 3092 an
779 3040 1036 3096 similiter
1060 3041 1351 3112 puniturus
1374 3054 1518 3102 esset
1554 3061 1661 3102 me.
1691 3046 1820 3105 Haec
1850 3063 1981 3104 vero

405 3130 539 3197 dixi,
572 3147 679 3187 non
705 3142 964 3205 tanquam
995 3139 1260 3195 damnans
1284 3154 1410 3196 eum
1445 3141 1742 3212 iniustitiae.

1007 3252 1160 3308 CAP.
1186 3254 1380 3311 XXIV.

492 3336 560 3391 V.
605 3338 658 3392 6.
702 3336 893 3395 Suavis
922 3342 1022 3410 fuit
1057 3360 1239 3400 eorum
1287 3348 1439 3415 panis
1471 3348 1527 3402 in
1556 3351 1887 3406 recentiores.

477 3492 654 3549 Suave
687 3506 791 3562 est,
851 3499 1047 3569 inquit,
1092 3500 1279 3571 impiis
1330 3506 1539 3561 nutrire
1580 3507 1974 3573 adolescentes,

405 3600 513 3657 quo
543 3591 753 3658 possint
777 3606 879 3661 per
908 3606 1004 3647 eos
1032 3592 1320 3649 violentias
1352 3595 1554 3653 facere.

987 3757 1139 3814 CAP.
1183 3761 1275 3817 XX
1290 3759 1396 3816 VII.

544 3843 611 3898 V.
644 3846 698 3901 2.
753 3847 885 3902 Viuit
914 3848 1190 3919 Dominus,
1218 3856 1310 3924 qui
1354 3856 1430 3909 sic
1458 3871 1540 3911 me
1556 3858 1834 3925 judicavit.

472 3937 703 4008 Accepit
748 3951 1071 4009 potestatem
1107 3944 1361 4001 diabolus
1392 3946 1445 4001 in
1475 3946 1597 4015 Job,
1629 3958 1686 4005 et
1737 3952 1981 4007 excussit

405 4041 530 4082 eum
591 4040 752 4085 noctu
807 4048 871 4088 ac
921 4033 1183 4102 interdiu,
1246 4037 1481 4107 primum
1543 4055 1640 4110 per
1695 4053 1977 4113 externos,

402 4120 599 4180 deinde
628 4139 725 4194 per
757 4142 956 4198 corpus
989 4128 1178 4198 ipsius,
1215 4142 1401 4200 postea
1429 4135 1594 4190 etiam
1625 4151 1723 4206 per
1752 4139 1975 4194 amicos.

406 4213 637 4281 Quando
663 4217 807 4271 enim
846 4220 1018 4288 ipsum
1066 4236 1163 4291 per
1191 4238 1420 4279 uxorem
1460 4225 1743 4296 probavit,
1773 4245 1873 4284 nec
1899 4230 1979 4283 vi-

406 4317 528 4365 ctus
564 4320 649 4365 est
672 4309 795 4376 Job,
826 4322 939 4369 tres
960 4318 1165 4372 amicos
1190 4318 1414 4373 adduxit
1449 4319 1722 4387 diabolus,
1756 4340 1861 4379 uon
1885 4326 1980 4377 ad-

405 4402 702 4469 versarios,
727 4418 834 4459 non
859 4405 1118 4462 insidiosa
1152 4409 1405 4479 dogmata
1448 4412 1733 4483 habentes,
1758 4416 1851 4469 sed
1884 4430 1976 4469 ve-

2577 479 2715 553 ριον
2742 479 3191 550 πεπυρωμένον.

2208 580 2389 648 Ὑγιές
2421 578 2737 649 δόγμα......
2772 571 3186 644 πεπυρωμένον,
3216 572 3244 624 6
3271 569 3404 633 Θεός
3430 566 3563 641 (90).

2094 670 2205 743 (91)
2255 672 2403 742 Στίχ.
2461 676 2574 735 κς’.
2631 662 3354 805 Εἷτιῖἰυῗῗιοξρησιασθήοιῃ
3416 660 3677 716 ἐνώπιον·

2167 832 2277 889 Τοῦ
2313 829 2518 886 αὑτοῦ.
2575 827 2701 881 Ἐἀν
2738 822 3083 894 ταπεινώσῃς
3129 820 3344 887 σαυτὸν,
3395 816 3676 892 ὑπομένῃς

2088 925 2159 981 τὰ
2183 942 2245 978 συ
2254 921 2582 995 μϐεϐηκότα,
2614 915 3124 988 παρῤησιασθήσῃ
3144 910 3400 966 ἐνώπιον
3423 910 3671 980 Κυρίου,

2091 1015 2410 1091 παρρησίαν
2440 1013 2604 1079 ἕξεις,
2630 1012 2705 1076 ὡς
2733 1010 3068 1081 ἀποθέμενος
3108 1006 3175 1060 τά
3204 1006 3598 1077 ἁμαρτήματα.

2148 1200 2259 1273 (92)
2289 1198 2437 1269 Στίχ.
2472 1204 2577 1268 κη’.
2626 1194 2755 1249 Ἐπὶ
2785 1192 2905 1247 τῶν
2934 1189 3089 1247 ὁδῶν
3117 1204 3232 1245 σου
3262 1188 3434 1244 ἔσται
3465 1186 3613 1256 φῶς.

2164 1292 2274 1347 Τοῦ
2320 1291 2526 1347 αὑτοῦ.
2574 1288 2701 1342 Ἐὰν
2748 1288 2993 1358 τηρήσῃς
3036 1282 3317 1338 νουθεσίαν
3364 1282 3461 1335 ἀπ’
3511 1278 3672 1351 ἐμοῦ,

2088 1386 2181 1440 καὶ
2210 1383 2543 1457 ἐπιστρέψῃς
2570 1382 2663 1435 καὶ
2682 1380 3067 1450 ἐξομολογήσῃ.
3093 1376 3274 1430 Ταῦτα
3303 1374 3401 1445 μὲν
3427 1368 3519 1427 οὖν
3535 1373 3674 1445 πρὸς

2099 1478 2218 1534 Ἰὼϐ
2244 1477 2491 1546 ἐλέγετο·
2514 1476 2574 1529 οὐ
2597 1472 2820 1536 δικαίως
2846 1471 2904 1525 δὲ
2937 1469 3182 1538 ἐλέγετο·
3211 1468 3272 1520 οὐ
3297 1466 3406 1538 γὰρ
3428 1466 3671 1537 ἥμαρτε.

2086 1568 2231 1640 Πρὸς
2258 1568 2406 1639 ἡμᾶς
2431 1566 2490 1621 δὲ
2518 1564 2615 1620 ἐάν
2644 1564 2889 1635 λέγηται,
2916 1559 3140 1623 δικαίως
3165 1558 3402 1628 λέγεται.

2088 1658 2199 1731 (93)
2253 1659 2401 1729 Στίχ.
2445 1665 2553 1728 κη’.
2613 1651 3108 1731 Ἀίτοκαταοςτήσῃ
3158 1650 3227 1706 δέ
3286 1666 3387 1706 σοι
3435 1648 3675 1704 δίαιτανΡ

2670 1724 3083 1791 δικαιοσύνης.

2164 1821 2275 1876 Καὶ
2304 1819 2488 1884 ἁπλῶς
2519 1819 2691 1872 εἰπεῖν
2711 1835 2725 1847 ο
2756 1815 3007 1869 ’Ἀπασάν
3036 1831 3138 1879 σοι,
3181 1812 3336 1884 φησὶ,
3368 1810 3467 1884 τὴν
3499 1811 3675 1885 ἁρμό-

2094 1914 2288 1979 ζουσαν
2334 1912 2527 1983 δικαίῳ
2574 1910 2769 1983 πράξει
2801 1907 3092 1979 διαμονὴν,
3133 1905 3274 1960 ὥστε
3308 1922 3369 1959 σε
3408 1904 3670 1977 λαμπρὰς

2093 2009 2188 2060 καὶ
2218 2004 2497 2069 ἐπιδόξους
2525 2003 2667 2075 ἔχειν
2694 2001 2792 2065 τὰς
2822 1998 3068 2072 πράξεις.

2716 2163 2875 2217 ΚΕΦ.
2907 2161 3032 2214 Kl".

2090 2260 2236 2330 Στίχ.
2266 2258 2329 2329 β’.
2368 2257 2440 2313 Ἠ
2473 2255 2603 2327 χεὶρ
2654 2253 2842 2313 αὐτοῦ
2870 2252 3088 2333 ,βαρεῖα
3138 2249 3389 2322 γέγονεν
3429 2247 3524 2302 ἐπ’
3546 2244 3670 2319 ἐμῷ

2706 2340 3039 2395 στεναγμῳ.

2162 2419 2273 2493 (94)
2306 2420 2371 2473 Εἰ
2406 2419 2464 2473 δὲ
2508 2418 2634 2490 ἐνῆν
2660 2460 2676 2485 ,
2719 2418 2883 2489 φησὶ,
2938 2414 3195 2489 παραυτά
3234 2411 3342 2467 τῶν
3389 2409 3671 2482 τιμωριῶν

2086 2514 2184 2585 τὴν
2235 2514 2417 2584 ψῆφον
2466 2511 2751 2582 φέρεσθαι,
2799 2507 2868 2582 ἦν
2917 2510 3098 2580 εὑρεῖν
3152 2506 3332 2561 αὐτόν.
3380 2504 3507 2559 Εῐθε
3542 2503 3671 2574 ἐνῆν

2085 2604 2428 2667 δικάσασθαι,
2472 2623 2544 2675 φη
2558 2605 2644 2669 ei,
2688 2604 2779 2657 καὶ
2812 2604 3055 2672 ἐντυχεῖν
3088 2599 3275 2664 αὑτοῦ,
3311 2598 3405 2653 καὶ
3452 2596 3667 2668 μαθεῖν,

2086 2698 2206 2752 τίνα
2235 2694 2303 2769 ἦν
2335 2696 2371 2751 ὃ.
2404 2697 2605 2768 ἠμελλέ
2645 2714 2733 2767 μοι
2768 2694 2905 2769 πρὸς
2950 2693 3125 2748 ταῦτα
3161 2694 3326 2764 ἐρεῖν,
3369 2688 3405 2743 ἃ
3436 2688 3669 2761 ἡμελλον

2086 2790 2283 2859 λέγειν.
2338 2791 2502 2861 Ὀρᾷς
2542 2788 2661 2852 πῶς
2707 2788 2970 2857 ἐπέτυχεν
3020 2788 3159 2858 ὅπερ
3212 2784 3448 2857 ηὔχετο;
3496 2778 3670 2835 Τοῦτο

2087 2883 2195 2954 γάρ
2238 2882 2465 2954 ἔσχατον
2498 2882 2723 2950 γέγονεν
2755 2883 2813 2935 ἐν
2842 2880 2920 2951 τῷ
2970 2878 3175 2949 βιϐλίῳ.
3210 2875 3438 2929 Ἤθελον
3474 2873 3669 2945 μαθεῖν

2085 2976 2137 3028 τί
2183 2992 2272 3046 μοι
2300 2974 2533 3046 ἤμελλεν
2567 2976 2733 3042 ἐρεῖν,
2779 2974 2874 3027 καὶ
2906 2975 2955 3025 εί
2991 2969 3184 3042 ἔμελλέ
3218 2986 3308 3040 μοι
3340 2967 3542 3038 ὁμοίως
3574 2983 3671 3019 κο-

2086 3066 2289 3131 λάζειν.
2334 3068 2519 3123 Ταῦτα
2548 3069 2604 3122 δέ
2639 3064 2815 3132 εἷπον,
2845 3066 2943 3135 οὐχ
2980 3065 3054 3128 ὼς
3086 3058 3509 3130 καταγινώσκων
3547 3058 3667 3113 ἀδιο

2005 3164 2053 3228 c
2082 3160 2226 3214 κίαν.

2694 3244 2852 3299 ΚΕΦ.
2882 3245 3009 3296 KA'.

2082 3343 2195 3415 (95)
2226 3343 2372 3413 Στίχ.
2418 3347 2491 3406 ς’.
2549 3337 2804 3403 Ἠδύνθη
2851 3331 3049 3388 αὐτῶν
3090 3332 3268 3400 ἄρτος
3317 3333 3405 3399 εὶς
3450 3330 3664 3387 νεωτέ-

2814 3424 2943 3459 ουρ.

2814 3424 2884 3458 ου
2929 3445 2943 3459 .

2160 3505 2310 3567 Ἡδὺ,
2339 3503 2492 3576 φησὶ,
2529 3504 2639 3566 τοῖς
2678 3424 2922 3553 det-1266::
2943 3498 3003 3551 τὸ
3055 3497 3275 3570 τρέφειν
3312 3496 3662 3561 νεανίσκους,

2080 3600 2164 3669 ἐφ’
2213 3592 2258 3666 ᾧ
2305 3595 2563 3650 δύνασθαι
2617 3592 2683 3646 δι’
2732 3590 2912 3647 αὐτῶν
2960 3590 3056 3653 τὰς
3114 3589 3377 3662 ἐπηρείας
3430 3588 3662 3661 ἐργάζε-

2083 3692 2228 3746 σθαι.

2711 3777 2868 3829 ΚΕΦ.
2895 3776 3023 3829 KZ'.

2232 3873 2384 3942 Στίχ.
2410 3870 2472 3941 β’,
2510 3869 2596 3938 Ζῆ
2629 3870 2865 3936 Κύριος,
2898 3866 2966 3933 ὃς
2995 3867 3147 3921 οὕτω
3172 3884 3248 3936 με
3276 3869 3493 3937 ἔκρινε.

2152 3963 2263 4036 (96)
2314 3962 2543 4016 Ἔλαϐεν
2589 3959 2837 4028 ἐξουσίαν
2878 3957 2973 4011 τοῦ
3018 3957 3137 4011 Ἰὼϐ
3181 3960 3210 4011 6
3240 3959 3514 4028 διάϐολος,
3567 3964 3662 4020 καὶ

2068 4036 2275 4128 ἦτασεν
2299 4055 2461 4111 αὐτὸν
2505 4053 2698 4116 νυκτὸς
2728 4051 2823 4105 καὶ
2858 4049 3074 4122 ἡμέρας
3093 4091 3109 4115 ,
3140 4052 3402 4127 πρότερον
3430 4056 3520 4110 διὰ
3547 4058 3663 4113 τῶν

2079 4146 2255 4211 ἐκτὸς,
2295 4145 2519 4216 ὕστερον
2551 4142 2620 4195 δι’
2645 4140 2808 4196 αὐτοῦ
2837 4141 2932 4194 τοῦ
2979 4141 3247 4212 σώματος,
3295 4145 3435 4214 μετὰ
3482 4146 3662 4204 ταῦτα

2080 4239 2172 4292 καὶ
2202 4236 2291 4291 διὰ
2312 4236 2419 4289 τῶν
2445 4234 2632 4304 φίλων.
2665 4235 2793 4287 Ὅτε
2818 4233 2928 4303 γὰρ
2958 4233 3090 4287 αὐτὸ
3123 4234 3413 4305 ἐδοκίμασε
3441 4236 3530 4292 διὰ
3556 4240 3659 4311 τῆς

2080 4326 2355 4396 γυναικὸς,
2378 4325 2473 4378 καὶ
2496 4325 2556 4377 οὐ
2590 4321 2869 4392 νενίκηται
2893 4323 2922 4374 6
2954 4321 3094 4386 Ἰὼϐ,
3118 4326 3267 4393 τρεῖς
3295 4324 3483 4394 φίλους
3505 4328 3662 4399 1;ng.

2080 4436 2174 4473 κεν
2199 4419 2227 4470 6
2263 4415 2524 4480 διάϐολος,
2555 4415 2655 4467 οὐκ
2689 4412 2935 4485 ἐχθροὺς,
2981 4413 3084 4467 οὐκ
3122 4414 3381 4469 ἐπίϐουλα
3412 4418 3659 4489 δόγματα

404 4506 563 4550 races
588 4496 807 4565 quidem
847 4513 1149 4566 sermoes,
1182 4516 1291 4556 non
1326 4504 1464 4560 bene
1505 4515 1685 4561 tamen
1719 4517 1814 4562 aut
1841 4516 1980 4563 tem-
2010 4513 2013 4566 ἶ

2102 4508 2330 4579 ἱχοντας,
2367 4506 2480 4562 ἀλλ’
2519 4504 2777 4576 ἀληθείας
2831 4504 2928 4575 μὲν
2969 4504 3191 4573 λόγους,
3242 4508 3303 4561 οὐ
3353 4507 3530 4572 καλῶς
3573 4510 3656 4577 δὲ,

403 4585 615 4653 pestive
661 4588 925 4658 prolatos.
956 4590 1334 4649 Contendebat
1383 4609 1545 4664 porro
1596 4597 1843 4653 diabolus
1880 4613 1977 4668 per

2083 4599 2204 4653 οὐδέ
2230 4600 2287 4653 ἐν
2318 4595 2493 4669 καιρῷ
2522 4595 2981 4670 προφερομένους.
3017 4596 3129 4649 Καὶ
3156 4597 3467 4653 ἐϐουλεύετο
3486 4602 3515 4654 6
3542 4600 3659 4657 διά-

403 4677 572 4735 liosu:
603 4681 808 4738 amicos
828 4683 1064 4753 elﬁcere,
1102 4696 1161 4742 ut
1185 4685 1287 4743 .lob
1313 4688 1514 4759 aliquid
1549 4690 1759 4746 diceret
1782 4700 1974 4747 contra

2102 4693 2236 4757 Ξολος
2270 4691 2360 4748 διὰ
2390 4693 2497 4747 τῶν
2530 4691 2698 4761 φίλων
2734 4690 2938 4746 τούτων
2966 4691 3186 4763 ποιῆσαι
3214 4693 3303 4748 τὸν
3338 4693 3455 4748 Ἰὼϐ
3486 4695 3659 4767 φθέγο

401 4772 828 4843 providentiam,
866 4776 1091 4846 impinm
1120 4780 1328 4851 aliquid
1359 4783 1727 4839 committeret
1753 4797 1979 4856 propter

2102 4783 2277 4855 ξασθαι
2320 4802 2376 4838 τι
2431 4783 2575 4838 κατά
2624 4784 2724 4855 τῆς
2767 4782 3050 4856 Προνοίας,
3095 4783 3360 4856 ἀσεϐῆσαι
3396 4785 3483 4839 διὰ
3527 4787 3658 4854 τοὺς

401 4860 708 4929 molestias,
732 4874 806 4935 et
850 4880 1072 4935 pravum
1104 4881 1327 4940 propter
1374 4873 1618 4930 dolores.
1644 4874 1715 4929 At
1754 4886 1977 4933 sanctus

2102 4878 2307 4941 τόνους,
2354 4876 2659 4946 ἐκηκῆσαι
2685 4874 2775 4929 διά
2802 4874 2901 4938 τὰς
2932 4875 3248 4949 ἀλγηδόνας.
3287 4876 3423 4930 Ἀλλ’
3460 4879 3490 4929 6
3521 4879 3657 4949 ἀλη.

401 4952 496 5009 hic
525 4953 753 5023 athleta,
786 4972 916 5015 vere
946 4961 1224 5030 robustus,
1256 4964 1435 5032 fortis,
1460 4968 1684 5023 attende
1720 4970 1849 5038 quid
1894 4971 1978 5025 di-

2102 4970 2182 5033 ιῶς
2211 4969 2473 5041 ἀνδρεῖος,
2505 4969 2534 5021 6
2563 4968 2910 5041 καρτερικὸς,
2949 4969 3053 5038 ὅρα
3084 4968 3138 5021 τί
3167 4968 3313 5038 λέγει
3359 4971 3497 5041 μετά
3525 4974 3654 5036 τοὺς

399 5055 497 5102 cat
527 5057 650 5116 post
679 5051 843 5105 trium
878 5051 1095 5108 illorum
1124 5070 1423 5114 sermones.
1474 5059 1577 5116 Ubi
1603 5061 1840 5116 absolvit
1864 5062 1975 5116 Eli-

2102 5060 2262 5129 όγους
2313 5060 2420 5112 τῶν
2478 5058 2664 5131 τριῶν.
2710 5060 2839 5112 ’Ὀτε
2875 5058 3120 5112 ἐτέλεσεν
3161 5062 3191 5113 6
3235 5060 3459 5129 Ἐλιφάζ
3501 5065 3653 5132 τρεῖς

398 5136 542 5209 pba:
600 5148 713 5197 tres
772 5141 1194 5213 disputationes,
1221 5156 1278 5203 et
1330 5148 1543 5219 Sophar
1582 5152 1978 5223 disputationes

2108 5150 2354 5217 ιαλέξεις,
2390 5151 2419 5203 6
2453 5149 2653 5221 Σωφάρ
2683 5148 2776 5202 δύο
2806 5148 3065 5215 διαλέξεις
3117 5150 3256 5222 (97)’
3302 5151 3507 5207 τούτων
3541 5153 3654 5227 γὰρ

401 5231 539 5286 duas
566 5230 792 5297 (Baldad
819 5234 1218 5305 disputationes
1240 5242 1407 5313 tres):
1456 5241 1973 5313 his,inquam,abso-

2102 5242 2495 5314 τετελεσμένων,
2529 5242 2917 5313 σιωπησάντων
2948 5243 3190 5310 ἐκείνων,
3221 5245 3391 5317 ὅρατί
3419 5248 3654 5320 ἀποκρί-

400 5321 550 5389 lutis,
587 5337 710 5377 cum
742 5324 816 5379 illi
842 5328 1160 5400 tacuissent,
1189 5332 1310 5388 vide
1334 5334 1462 5403 quid
1487 5336 1833 5406 respondeat,
1853 5346 1975 5407 post

2102 5354 2227 5399 ἐται
2263 5337 2402 5407 μετά
2426 5338 2487 5390 τὸ
2513 5336 2801 5409 εἰρημένον
2823 5334 2917 5389 ἀπ’
2955 5336 3121 5391 αὐτοῦ
3147 5340 3450 5411 προοίμιον,
3478 5341 3654 5406 οὕτως

475 5524 592 5596 (90)
616 5526 699 5583 Cl.
726 5536 765 5583 t.
800 5529 916 5595 XII,
943 5532 1047 5588 col.
1077 5534 1237 5590 l058.

622 5596 682 5677 In
717 5600 838 5677 cod.
864 5618 958 5657 ut
979 5604 1246 5677 tribuitur
1286 5602 1534 5677 Polychr.

491 5666 583 5729 92)
620 5666 783 5723 Deest
814 5675 867 5724 in
894 5674 1016 5727 cod.
1056 5691 1169 5729 ut.

771 5758 884 5797 1m.
916 5743 1286 5818 illius__tribuit
1314 5746 1618 5818 Olympiod.

470 5805 584 5883 (96)
614 5809 750 5868 Cod.
776 5829 891 5869 ut.
932 5815 991 5871 In
1034 5814 1139 5872 alio
1184 5805 1440 5875 tribuitur
1475 5805 1704 5877 'Ioanui.
1748 5819 1975 5878 Videtur

2084 5538 2368 5611 legendum
2396 5540 2531 5606 εῖθε,
2568 5551 2627 5595 ut
2654 5540 2815 5596 inira.

2150 5609 2263 5682 (95)
2290 5609 2346 5664 In
2376 5614 2497 5667 cod.
2538 5612 2831 5682 artinAlius
2872 5610 3291 5682 tribuitOIy_mp.

2152 5681 2260 5752 (96)
2293 5682 2483 5737 Exstat
2515 5692 2551 5735 ι.
2588 5680 2701 5749 XII,
2726 5684 2829 5735 col.
2867 5683 3023 5738 1059.

2144 5752 2263 5821 (91)
2294 5752 2458 5809 Addit
2478 5753 2597 5810 cod.
2620 5768 2731 5818 ﬂ-XI,
2759 5756 2786 5807 6
2813 5752 3015 5809 Βαλδάδ
3042 5759 3187 5829 τρεῖς
3222 5753 3502 5823 διαλέξεις.
