3878 6212
192 274 279 332 ¹89
1375 271 1911 330 ENARRA'I‘IONES
1935 271 2003 327 IN
2034 269 2173 328 JOB.
3396 276 3465 334 90

198 396 315 449 ἀπὸ
362 397 459 470 τῆς
510 397 736 471 Γραφῆς
791 395 1199 470 ὠνομασμένον.
1267 394 1334 449 Τί
1399 394 1753 469 ἀποκρίνεται

1901 394 2189 449 recitatum
2213 393 2281 449 ab
2316 393 2435 467 ipso
2467 396 2821 464 prommium,
2849 396 3310 467 quemadmodum
3337 398 3465 455 illud

201 488 538 560 πρόσχωμεν
564 488 676 561 (98)
701 493 769 563 τῇ
802 490 967 558 λέξει.

272 666 426 738 Στίχ.
446 671 520 723 α’.
548 669 673 723 Ἔτι
700 668 770 724 δὲ
801 670 1089 793 προσῗεὶς
1123 674 1156 725 ὀ
1199 669 1320 726 Ἰὼϐ
1359 671 1491 725 εἷπε
1535 671 1615 737 τῷ
1651 686 1793 739 προ-

869 758 965 793 om
992 757 1057 793 ω·

869 757 1057 810 οιμιῳ·

182 829 354 899 λΣτίχ.
382 828 447 898 β’.
479 830 840 903 ΖῇᾃΚύριος,
882 833 950 899 ὃς
992 834 1146 887 οὕτω
1189 853 1267 903 με
1312 835 1565 903 κέκρικε,
1615 836 1710 888 καὶ
1760 837 1793 889 ὀ

268 901 755 979 ΙζαντοιιιράτωρΔ
784 908 817 959 ό
864 901 1322 973 παραπικρὼης
1365 901 1485 979 (9⁷9)
1512 923 1631 974 μου
1669 910 1788 974 ψυ-

266 971 419 1039 χὴν,
448 972 632 1027 καὶτὰ
664 975 813 1046 ἑξῆς.

267 1056 407 1116 Οἶδα
430 1062 596 1117 πόθεν
632 1066 920 1139 κεκίνησθε
950 1073 1031 1135 εἰς
1058 1074 1120 1125 τὸ
1152 1072 1395 1143 ἐρεθίσαι
1426 1092 1513 1145 με.
1546 1074 1789 1141 Ὄμνυμι

189 1152 252 1205 δὲ
280 1154 435 1223 ὑμῖν,
462 1156 557 1209 καὶ
585 1156 790 1230 ὄμνυμι
828 1162 969 1216 κατὰ
995 1163 1088 1217 τοῦ
1121 1164 1322 1228 ζῶντος
1355 1165 1563 1237 Κυρίου
1600 1161 1788 1226 αὐτοῦ,

189 1245 492 1315 κρίναντός
531 1265 598 1319 με
635 1252 808 1306 ταῦτα
843 1254 1053 1319 παθεῖν,
1102 1255 1267 1309 αὑτοῦ
1308 1254 1405 1309 τοῦ
1458 1255 1789 1328 παραδόντος

191 1353 266 1406 με
316 1338 545 1405 ταύταις
607 1345 956 1415 περιστάσεσι
976 1388 990 1412 ,
1038 1348 1133 1401 τοῦ
1190 1349 1370 1412 δόντος
1417 1348 1666 1415 ἐξουσίαν
1710 1347 1788 1418 τῷ

176 1418 432 1517 ςᾱαὸόλῳ
471 1433 732 1498 τοιούτοις
782 1455 849 1507 με
891 1437 1213 1509 ὲξετασμοῖς
1254 1438 1642 1505 ἐξετάζεσθαι,
1692 1438 1787 1492 καὶ

187 1520 610 1591 βασανίζεσθαι.
640 1528 881 1599 Ὄμνυμι
911 1529 1050 1582 κατὰ
1095 1531 1191 1583 τοῦ
1222 1531 1449 1601 Κυρίου,
1483 1531 1575 1585 καί
1618 1548 1785 1601 φημι,

184 1616 277 1669 ὅτι
324 1615 396 1685 ζῇ
432 1618 668 1686 Κύριος,
694 1618 761 1686 ὃς
791 1622 941 1675 οὕτω
967 1640 1045 1692 με
1074 1622 1328 1690 κέκρικε.
1362 1625 1456 1676 καὶ
1499 1626 1532 1677 ό
1570 1626 1789 1676 Παντο-

186 1705 450 1775 κράτωρ,
475 1711 509 1761 ό
532 1711 985 1780 παραπικράνας
1007 1732 1127 1781 μου
1154 1714 1270 1782 τὴν
1297 1713 1528 1783 ψυχήν,

186 1799 351 1871 Στίχ.
383 1806 445 1853 ε’.
472 1800 569 1867 Μή
600 1819 704 1877 μοι
750 1804 843 1877 sin
901 1804 1171 1877 δικαίους
1224 1806 1381 1877 ὑμᾶς
1435 1805 1777 1876 ἀποφῆναι,

644 1872 757 1939 ἕως
780 1873 857 1927 ἂν
885 1872 1187 1931 ἀποθάνω.

276 1962 405 2016 Ἐὰν
432 1965 860 2037 ωγκαταθῶμεν
888 1967 963 2039 (2)
1006 1963 1089 2032 οἷς
1126 1969 1334 2037 λέγετε,
1360 1970 1443 2024 ὅτι
1488 1970 1779 2040 νενοήκατε

185 2052 286 2106 διὰ
313 2055 369 2107 τί
412 2055 582 2109 ταῦτα
622 2058 895 2122 πέπονθα,
936 2060 1177 2125 δικαίους
1222 2062 1367 2133 ὑμᾶς
1414 2063 1780 2133 ἀπεφηνάμην

174 2143 299 2219 ,ἕως
327 2146 395 2200 ἂν
427 2148 702 2203 ἀποθάνω.

183 2233 346 2307 Στίχ.
375 2245 435 2291 ε’.
471 2241 552 2293 Οὐ
595 2240 703 2310 γὰρ
739 2238 1072 2304 ἀπαλλάξω
1109 2239 1223 2309 τὴν
1248 2240 1506 2294 ἀκακίαν
1527 2259 1646 2310 μου
1679 2240 1774 2311 (5).

263 2328 385 2381 Ούκ
424 2331 620 2401 ἀφήσω
654 2332 714 2384 τὸ
743 2330 1026 2402 προσέχειν
1066 2332 1131 2401 τῇ
1178 2330 1523 2402 δικαιοσύνῃ’
1570 2333 1779 2402 μεμνή-

188 2433 366 2489 σομαι
389 2421 477 2474 ἀεὶ
506 2420 851 2494 περιέχεσθαι
878 2422 1067 2492 αὐτῆς.

171 2508 320 2589 (4)-
357 2512 505 2582 Στίχ.
562 2519 636 2577 ς’.
689 2516 771 2568 Οὐ
813 2512 923 2583 γὰρ
962 2512 1245 2648 ῷὲὑνοιδα
1304 2512 1539 2583 ἐμαυτῷ
1587 2512 1778 2569 ἄτοπα

865 2599 985 2648 πρα
1030 2601 1110 2637 αι.

865 2599 1110 2651 πραξαμ

256 2674 442 2745 Πολλὴ
489 2676 522 2745 ἠ
572 2674 854 2747 παρρησία
903 2674 1070 2728 αὑτοῦ
1121 2675 1215 2729 καὶ
1263 2676 1355 2728 ἐπὶ
1396 2675 1474 2746 τῷ
1527 2676 1777 2747 προτέρῳ

185 2764 313 2837 βίῳ,
355 2770 450 2821 καὶ
476 2768 568 2821 ἐπὶ
596 2771 708 2831 τοῖς
734 2768 875 2821 κατὰ
900 2768 991 2821 τὸν
1024 2767 1211 2840 καιρὸν
1240 2769 1340 2839 τῆς
1382 2768 1773 2840 περιστάσεως,

184 2854 338 2911 ὥστε
367 2858 530 2911 αὑτὸν
557 2859 729 2911 εἰπεῖν
749 2874 762 2888 ·
797 2860 879 2912 Οὐ
922 2859 1176 2912 σύνοιδα
1202 2858 1435 2929 ἐμαυτῷ
1471 2859 1667 2913 ἄτοπα
1696 2858 1774 2930 (5)

169 2936 356 3020 ἰρίῖξ
358 2968 414 3004 αι
424 2992 437 3004 .

161 3077 203 3094 κ
830 3041 987 3094 ΚΕΦ.
1024 3042 1158 3095 ΚΗ’.

298 3135 456 3204 Στίχ.
483 3132 573 3187 ιϐ’.
596 3134 773 3199 Ποῒος
796 3133 864 3187 δὲ
892 3135 1073 3198 τόπος
1105 3134 1275 3186 ἐστὶν
1300 3133 1667 3203 cmonium;

272 3228 586 3299 Ἐπιστήμη
617 3230 650 3298 ή
680 3226 906 3298 περιοχὴ
937 3228 1045 3279 τῶν
1072 3227 1333 3290 ὡσαύτως
1374 3226 1606 3297 ἐχόντων
1647 3226 1776 3282 θεω-

188 3322 284 3393 ρίᾳ
302 3338 318 3350 ·
354 3318 569 3382 σύνεσις
596 3320 655 3373 δὲ
683 3321 717 3390 ἡ
744 3318 1031 3390 διάκρισις.

188 3503 265 3576 (6)
301 3504 456 3575 Στίχ.
485 3510 566 3557 ιε’.
592 3502 702 3557 Καί
736 3504 807 3557 οὐ
852 3503 1215 3576 σταθήσεται
1242 3502 1524 3572 ἀργύριον
1549 3501 1770 3557 ἀντάλ-

781 3577 980 3642 λαγμα
1012 3572 1220 3641 αὐτῆς.

258 3665 428 3719 Οὐδὲν
464 3665 712 3732 ἀντάξιόν
739 3667 885 3718 ἐστιν
921 3666 1020 3737 τῆς
1062 3665 1270 3734 σοφίας.
1311 3664 1437 3719 Ἐὰν
1476 3664 1771 3719 ἁπλούστε-

193 3773 284 3827 ρον
323 3759 453 3828 νοῇς
481 3757 541 3810 τὸ
582 3756 843 3828 ἀργύριον
883 3757 976 3810 καὶ
1020 3757 1083 3810 τὸ
1129 3756 1371 3829 χρυσίον,
1418 3756 1620 3821 εὐθέως
1655 3758 1771 3827 ἐρεῖ

202 3846 353 3912 Ἰὼϐ,
382 3849 465 3902 ὅτι
492 3848 645 3902 οὐδὲν
673 3846 822 3913 ἄξιόν
847 3851 962 3903 ἐστι.
986 3849 1082 3919 τῆς
1115 3849 1325 3917 σοφίας.

336 3941 481 4012 Στίχ.
512 3948 606 4006 ις’.
643 3942 740 3995 Ἐν
765 3941 941 4011 ὄνυχι
966 3941 1134 4010 τιμίῳ
1164 3940 1263 3994 καὶ
1290 3940 1626 4010 σαπςρείρῳ.

257 4028 397 4082 Ούδὲ
431 4028 581 4099 δνυχι
624 4029 790 4101 τιμίῳ
820 4032 854 4101 ἡ
899 4031 1061 4099 σοφία
1095 4029 1578 4102 παραϐληθήσεται
1601 4046 1616 4059 ’
1652 4028 1766 4083 ἀλλ’

184 4122 311 4175 οὐδὲ
342 4123 400 4175 ὲν
430 4123 716 4193 σαπφείρῳ
753 4122 1079 4193 ίσωθὴσεται
1106 4121 1267 4193 αὕτη.

187 4210 342 4281 Στίχ.
372 4219 462 4283 ιη’.
500 4213 775 4281 Μετέωρα
822 4213 920 4266 καὶ
973 4212 1169 4283 γάόεις
1207 4215 1280 4267 οὐ
1320 4209 1764 4282 μνησθήσεται.

255 4304 396 4359 οὐδὲ
431 4306 499 4357 τὰ
531 4306 779 4377 μετέωρα
808 4306 934 4371 ἄξιά
972 4308 1087 4360 εστι
1123 4306 1224 4378 τῆς
1260 4309 1471 4377 σοφίας,
1506 4307 1627 4360 οὐδὲ
1666 4305 1767 4374 γά-

1892 484 2124 555 appellat
2147 485 2429 556 Scriptura
2464 488 2561 559 (t).
2602 487 2740 555 Quid
2765 488 3097 559 reSpondet?
3126 491 3468 546 attendamus

1891 577 2147 632 orationi.

1931 668 1994 725 V.
2029 670 2082 726 1.
2118 667 2307 723 Adhuc
2348 678 2522 721 autem
2554 668 2814 739 adjiciens
2841 669 2942 723 Job
2966 672 3102 725 dixit
3131 674 3382 741 promio
3412 689 3433 727 :

1892 824 1956 879 V.
1991 824 2047 877 2.
2097 823 2233 877 Vivit
2272 824 2551 887 Dominus,
2588 829 2679 895 qui
2707 829 2782 881 sic
2814 847 2893 881 me
2914 830 3175 897 judicavit
3200 848 3218 884 :
3247 842 3296 884 et
3331 833 3463 885 Om-

1995 896 2255 964 nipotens,
2290 896 2381 965 qui
2411 898 2739 951 exacerbavit
2772 896 3006 952 animam
3039 910 3358 969 meam,etc.

1958 1055 2091 1108 Novi
2148 1056 2288 1108 unde
2326 1059 2587 1111 commoti
2637 1057 2874 1118 fueritis.
2908 1069 2967 1113 ut
3014 1075 3098 1114 me
3146 1061 3459 1117 irritarelis.

1886 1145 2019 1202 Jnro
2054 1158 2232 1202 autem
2258 1149 2432 1215 vobis,
2471 1162 2523 1203 ct
2550 1151 2675 1219 juro
2718 1167 2812 1220 per
2848 1153 3024 1222 ipsum
3056 1154 3321 1208 viventem
3358 1154 3461 1206 Do-

1888 1238 2117 1300 minum,
2156 1240 2246 1305 qui
2281 1240 2548 1310 judicavit
2597 1257 2685 1296 me
2730 1243 2920 1297 isthmc
2963 1245 3108 1313 pati;
3156 1261 3250 1314 per
3284 1245 3456 1315 ipsum

1886 1329 1976 1398 qui
2013 1331 2235 1384 tradidit
2266 1347 2352 1386 me
2377 1331 2779 1389 calamitatibus
2806 1336 2948 1400 istis,
2978 1336 3069 1404 qui
3106 1338 3253 1390 dedit
3306 1351 3463 1407 pote-

1886 1429 2083 1473 statem
2103 1420 2391 1476 diabolont
2425 1423 2622 1478 talibus
2656 1440 2741 1479 me
2761 1425 3174 1495 probationibus
3203 1430 3459 1497 probaret

1886 1524 1939 1567 et
1971 1518 2269 1583 torqueret.
2303 1515 2404 1569 Per
2435 1514 2722 1570 Dominum
2752 1518 2911 1588 juro,
2939 1528 2994 1574 et
3023 1520 3132 1586 aio,
3168 1522 3291 1590 quia
3336 1523 3459 1575 vivit

1887 1605 2160 1669 Dominus,
2203 1610 2295 1676 qui
2340 1609 2417 1661 sic
2456 1626 2537 1662 me
2574 1611 2861 1679 judicavit,
2890 1623 2939 1667 et
2963 1613 3337 1683 Omnipotens,
3368 1610 3458 1685 qui

1886 1699 2217 1752 exacerbavit
2249 1701 2481 1754 animam
2512 1719 2703 1758 meam.

1887 1809 1946 1862 V.
1986 1810 2040 1863 5.
2082 1808 2205 1865 Non
2248 1813 2378 1865 mihi
2426 1812 2589 1881 fuerit
2620 1814 2797 1882 justas
2829 1831 2917 1869 vos
2967 1814 3256 1885 appellare,
3291 1829 3458 1884 usque

2474 1886 2599 1935 dum
2624 1886 2846 1937 moriar.

1951 1946 2006 2002 Si
2058 1950 2277 2018 quidem
2332 1966 2663 2007 consensero
2701 1954 2768 2008 lis
2794 1969 2912 2023 qua}
2941 1953 3145 2019 dicitis,
3195 1954 3453 2024 quoniam

1881 2041 2255 2109 recogitastis,
2322 2041 2513 2113 utquid
2578 2044 2691 2099 haec
2737 2060 2931 2114 passus
2980 2047 3110 2112 sim;
3143 2046 3317 2116 justos
3356 2060 3455 2101 vos

1879 2132 2261 2201 appellaverint
2297 2151 2467 2205 usque
2509 2138 2634 2190 dum
2664 2142 2885 2193 moriar.

1984 2223 2042 2278 V.
2070 2225 2123 2278 5.
2169 2225 2293 2279 Νυιι
2317 2229 2450 2281 enim
2484 2230 2750 2281 dimittam
2804 2230 3157 2283 innocentiam
3190 2245 3380 2284 meam.

1948 2315 2062 2371 Non
2094 2321 2340 2373 omittam
2376 2321 2655 2376 attendere
2682 2320 2908 2390 iustitia:
2937 2336 2950 2373 :
2978 2320 3278 2374 tneinincro
3308 2334 3457 2374 sem-

1877 2424 1978 2480 per
2002 2411 2291 2480 complecti
2322 2411 2489 2466 illam.

1916 2520 1978 2577 Υ.
2010 2522 2062 2577 6.
2102 2523 2225 2578 Non
2250 2528 2387 2579 enim
2433 2527 2561 2579 mihi
2590 2527 2830 2579 conscius
2858 2541 2971 2578 sum
3005 2523 3179 2591 turpia
3210 2520 3415 2589 fecisse.

1945 2656 2136 2729 Magna
2163 2668 2247 2713 est
2279 2658 2534 2727 loquendi
2566 2659 2786 2713 libertas
2813 2658 2931 2727 ejus
2959 2657 3124 2711 etiam
3152 2654 3327 2725 quoad
3366 2653 3451 2707 vi-

1877 2758 1986 2803 tam
2018 2751 2378 2818 superiorem,
2416 2760 2471 2802 et
2503 2750 2567 2803 de
2612 2750 2677 2803 iis
2707 2764 2826 2819 qua!
2859 2748 2932 2801 illi
2976 2753 3276 2801 evenerunt
3300 2743 3449 2798 cala-

1875 2842 2084 2895 mitatis
2122 2851 2384 2910 tempore,
2424 2856 2591 2909 usque
2617 2856 2681 2896 eo
2707 2852 2765 2895 ut
2793 2841 2977 2895 dicat:
3012 2836 3137 2891 Non
3166 2836 3292 2890 mihi
3322 2851 3452 2889 con-

1875 2933 2012 2986 scius
2039 2949 2155 2985 sum
2185 2937 2357 3001 turpia
2400 2933 2604 3001 fecisse.

2449 3024 2602 3079 CAP.
2646 3021 2884 3078 XXVIII.

2073 3116 2135 3171 V.
2174 3116 2260 3169 l2.
2301 3116 2488 3182 Qitulis
2516 3126 2689 3170 autem
2712 3115 2856 3170 locus
2881 3125 2957 3168 est
2986 3113 3257 3168 scientia?

1946 3205 2186 3260 Scientia
2237 3217 2319 3261 est
2375 3206 2787 3275 comprehensio
2821 3220 3032 3269 eorum,
3060 3219 3179 3274 qua)
3218 3205 3270 3258 in
3299 3202 3452 3260 theo-

1876 3305 1955 3359 ria
1986 3305 2148 3359 simili
2190 3308 2352 3361 modo
2407 3323 2465 3362 se
2509 3307 2712 3361 habent
2744 3325 2756 3359 :
2793 3304 3103 3360 intellectus
3135 3312 3317 3359 autem
3364 3311 3454 3359 est

1873 3399 2126 3453 secretio.

1923 3509 1986 3566 Υ.
2026 3510 2111 3564 15.
2143 3509 2210 3564 Et
2238 3526 2343 3564 non
2365 3510 2523 3564 stabit
2555 3519 2825 3580 argentum
2863 3510 3201 3562 commutatio
3227 3508 3391 3563 illius.

1941 3646 2087 3701 Nihil
2120 3656 2204 3702 est
2251 3646 2392 3715 quod
2421 3647 2583 3715 digne
2632 3661 2754 3699 cum
2800 3645 3068 3715 sapientia
3117 3644 3445 3699 commutari

1869 3741 2060 3810 possit.
2100 3739 2156 3793 Si
2182 3740 2484 3808 simplicius
2529 3738 2799 3808 intelligas
2827 3749 3109 3809 argentum
3143 3746 3198 3793 et
3222 3753 3441 3803 aurum,

1869 3833 2055 3887 statim
2083 3832 2226 3886 dicet
2250 3829 2351 3885 Job
2373 3874 2387 3898 ,
2426 3831 2554 3883 nihil
2579 3831 2798 3901 dignum
2820 3844 2941 3884 esse
2966 3829 3254 3899 sapientia.

2063 3921 2129 3978 ν.
2161 3922 2249 3978 16.
2275 3921 2343 3976 In
2370 3928 2568 3993 onyche
2601 3923 2854 3991 pretioso,
2882 3931 2931 3975 et
2966 3922 3233 3989 sapphiro.

1936 4013 2015 4071 Ne
2053 4016 2248 4085 onychi
2276 4015 2495 4086 quidem
2530 4014 2770 4084 pretioso
2802 4014 3114 4071 conderetur
3140 4016 3442 4089 sapientia,

1867 4114 1924 4159 at
1958 4120 2133 4173 neque
2155 4105 2207 4158 in
2234 4104 2491 4175 sapphiro
2524 4105 2830 4174 aequabitur
2855 4106 2991 4175 ipsa.

1976 4195 2045 4251 ν.
2080 4198 2169 4251 18.
2202 4194 2442 4251 Πειευια
2476 4208 2523 4251 et
2560 4197 2716 4266 gabes
2747 4214 2850 4251 non
2881 4200 3328 4256 memorabuntur.

1939 4288 2015 4345 Ne
2042 4299 2281 4345 meteora
2314 4290 2531 4357 quidem
2568 4290 2728 4359 digna
2782 4299 2907 4345 sunt
2942 4291 3232 4359 sapientia,
3262 4308 3440 4365 neque

184 4399 293 4463 σις.
327 4399 509 4452 Ἐοικε
536 4400 594 4452 δὲ
630 4400 722 4451 ἐπὶ
758 4400 1069 4472 δυναμένων
1110 4400 1307 4473 τάχθαι
1339 4401 1437 4474 (7),
1478 4399 1643 4453 οἱονεὶ
1673 4415 1762 4467 γι-

1901 4382 2037 4437 abis.
2076 4380 2298 4436 Videtur
2341 4396 2441 4452 pro
2472 4381 2778 4436 valentibus
2827 4384 3055 4452 positam
3090 4382 3278 4451 fuisse,
3308 4397 3435 4454 puta

184 4490 490 4561 γαρτικῶν.
543 4492 586 4542 Τ
590 4491 701 4554 ινὲς
748 4491 807 4548 δέ
854 4509 1038 4561 φασιν,
1084 4492 1168 4547 ὅτι
1212 4489 1380 4558 τὰϐις
1430 4489 1644 4557 λέγεται
1702 4486 1764 4541 τὸ

1902 4475 2163 4530 cinaceis.
2219 4475 2448 4543 Quidam
2508 4477 2716 4543 dicunt,
2759 4478 2906 4546 gaois
2958 4480 3139 4532 vocari
3190 4481 3438 4548 superio-

185 4582 453 4655 ὑπερέχον
488 4581 580 4635 τοῦ
607 4582 819 4654 χείλους
850 4585 943 4639 τοῦ
985 4583 1261 4655 μεδίμνου,
1294 4583 1323 4636 ὃ
1348 4582 1589 4637 καλεῖται
1622 4597 1764 4650 κομ-

179 4667 514 4739 μουλᾶτον.

187 4759 336 4831 Στίχ.
362 4767 455 4830 ιη’.
489 4760 596 4814 Καὶ
626 4760 897 4815 ἕλκυσον
925 4760 1148 4830 σοφίαν
1179 4758 1333 4829 ὑπὲρ
1360 4758 1433 4812 τὰ
1469 4759 1759 4814 ἐσώτατα.

260 4852 339 4906 Τὰ
392 4850 659 4906 ἑσώτατα
702 4852 831 4921 περὶ
873 4852 973 4921 τὴν
1035 4850 1244 4913 Ἰνδίαν,
1291 4849 1325 4921 ἢ
1370 4850 1440 4902 τὰ
1482 4849 1609 4919 περὶ
1661 4849 1760 4921 τὴν

186 4938 446 4994 ὶπέκεινα
498 4938 705 5011 χώραν,
747 4939 878 4994 ἔνθα
924 4940 1029 4993 εἰσὶ
1075 4940 1247 5011 τίμιοι
1294 4938 1454 4994 λίθοι.
1500 4939 1659 5011 Φέρει
1702 4939 1761 4992 δὲ

186 5030 368 5103 ἐκείνη
416 5033 449 5101 ή
492 5029 647 5103 χώρα
686 5032 801 5094 τοῖς
844 5029 1147 5101 ἀνθρώποις
1194 5029 1384 5093 ταῦτα,
1432 5030 1760 5102 νομιζόμενα

186 5123 339 5195 παρὰ
362 5124 475 5185 τοῖς
497 5121 770 5183 πλουσίοις
798 5116 935 5175 εἶναι
961 5120 1265 5193 θαυμαστά.
1293 5123 1426 5194 Παρ’
1449 5122 1632 5173 ἐκεῖνα
1664 5116 1757 5174 οὖν

190 5215 257 5269 τὰ
296 5215 542 5269 ὲσώτατα
590 5215 815 5270 ἕλκυσον
863 5216 944 5281 είς
1000 5217 1197 5270 σαυτὸν
1244 5217 1342 5288 τὴν
1393 5216 1604 5287 σοφίαν.
1650 5218 1720 5270 Ἢ
1740 5259 1755 5285 ,

190 5307 338 5374 ὑπὲρ
360 5308 434 5360 τὰ
454 5306 740 5371 ἐσώτατα,
764 5307 1193 5383 ὑπεραπόρρητα
1218 5310 1284 5365 τὰ
1307 5309 1454 5365 ἔνδον
1483 5311 1759 5382 μυστήρια

258 5421 375 5492 (98)
408 5421 542 5475 Cod.
572 5437 689 5485 XXI,
725 5422 1070 5496 προσθῶμεν.
1109 5425 1166 5479 In
1197 5424 1545 5494 sequentibus
1566 5423 1754 5480 confer

192 5490 525 5683 Οιῖεῑέἓςὲίὲ
562 5563 974 5683 ι¹ιιίιπὲκράνας
1002 5563 1089 5620 hic
1112 5575 1167 5620 et
1196 5564 1355 5619 infra.

410 5649 421 5683 ι
524 5673 539 5683 .
642 5648 655 5683 l
785 5648 947 5683 ramo.

288 5630 458 5696 “Hic
487 5646 539 5686 ν.
582 5632 606 5684 1
642 5632 695 5684 in
736 5630 947 5689 Greco.

264 5700 342 5774 (ἓ)
371 5701 531 5774 forte
562 5700 888 5774 συγκαταρῶ
921 5705 1039 5774 μέν.

268 5771 344 5843 (3)
384 5772 690 5844 Symmach.
719 5813 735 5840 ,
793 5771 1409 5849 οὐχ’ὲπιστήσομαιξσ.
1468 5773 1596 5846 ἀπὸ)
1646 5774 1745 5848 τῆς

1869 4582 1982 4622 rem
2017 4577 2225 4634 partem
2260 4569 2388 4624 labii
2434 4569 2725 4635 medimui,
2758 4571 2903 4639 quod
2956 4571 3158 4625 dicitur
3195 4572 3441 4628 cumula-

1867 4671 1978 4713 tum
2005 4659 2105 4732 (8).

2047 4751 2108 4807 V.
2146 4751 2232 4806 18.
2270 4751 2339 4806 Et
2370 4752 2517 4806 trahe
2540 4753 2853 4822 sapientiam
2873 4771 3025 4825 super
3045 4757 3255 4814 intima.

1937 4841 2161 4907 Iutima,
2195 4843 2490 4910 ludiarum,
2510 4844 2594 4900 vel
2616 4845 2934 4902 ulteriorum
2963 4851 3238 4921 regionum
3266 4853 3439 4921 signi-

1866 4935 2172 4991 ﬁcationem
2239 4934 2421 5000 habet,
2479 4936 2571 4993 ubi
2609 4949 2737 4992 sunt
2770 4940 2976 5008 lapides
3028 4945 3276 5013 pretiosi.
3307 4945 3436 5001 Fert

1867 5037 2046 5083 autem
2082 5026 2242 5083 tellus
2274 5028 2364 5083 illa
2389 5028 2577 5086 isthaac
2603 5030 2939 5102 hominibus,
2967 5052 3088 5107 quae
3119 5040 3259 5108 apud
3292 5041 3434 5094 divi-

1869 5130 1946 5176 tes
1974 5129 2294 5193 reputantur
2321 5135 2445 5178 esse
2468 5124 2757 5180 mirabilia.
2788 5126 2996 5182 Praeter
3038 5130 3125 5184 ina
3162 5130 3328 5200 igitur
3353 5132 3435 5185 in-

1864 5214 1994 5267 tima
2035 5215 2190 5269 trahe
2234 5215 2302 5269 ad
2357 5225 2411 5270 te
2451 5216 2801 5285 sapientiam.
2837 5217 2966 5288 γει,
2995 5237 3153 5290 super
3188 5223 3376 5276 intima
3410 5239 3433 5281 :

1863 5308 2161 5364 lueﬂ'abilia
2209 5318 2339 5363 sunt
2384 5310 2608 5366 omnino
2660 5313 2876 5368 interna
2934 5316 3191 5385 mysteria
3244 5325 3430 5373 sancta

1862 5420 2165 5491 ἁπλότητός
2192 5438 2317 5490 μου.

1932 5491 2009 5561 (4)
2060 5491 2391 5544 Ἀδέσποτον.

1923 5562 2002 5633 (5)
2036 5561 2167 5617 Cod.
2203 5578 2316 5625 ut,
2351 5562 2567 5615 ἄτοπον.

1925 5632 2005 5704 (6)
2030 5633 2190 5704 ρεεεῑ
2219 5632 2270 5704 in
2302 5633 2421 5687 cod.
2448 5647 2565 5685 χχι.

1926 5701 2005 5771 (7)
2030 5701 2325 5771 Τετάχθαι,
2356 5716 2421 5756 ex
2454 5704 2574 5755 cod.
2609 5716 2722 5757 XXI.

1852 5774 1877 5845 ζ
1923 5773 2000 5843 (8)
2032 5772 2410 5847 Ilebr.GABts,
2439 5774 2563 5828 unio
2596 5782 2688 5829 aut
2708 5773 3007 5841 crystallus.
