3880 6216
433 321 495 378 91
1325 286 1884 378 suavssumam
1923 320 2016 376 AD
2052 318 2375 378 ORIGENIS
2409 319 2817 377 EXEGETICA.
3634 320 3701 380 ιη

440 437 529 496 υ(ιί
551 461 566 510 ;
587 459 749 516 super
778 443 1035 516 pleraque
1060 445 1239 501 omnia
1271 446 1439 513 entia,
1470 445 1622 500 trahe
1665 445 2003 515 sapientiam

2132 448 2190 497 τὰ
2228 442 2480 513 ἅγιαιτοῦ
2506 444 2666 499 Θεοῦ·
2702 445 2841 519 ὑπὲρ
2870 445 3049 500 πάντα
3079 445 3256 499 »πολλά
3280 446 3433 510 ὄντα,
3458 446 3703 501 εέλκυσον

763 626 824 685 ν.
862 628 952 683 9.1.
998 628 1171 683 Latuit
1189 648 1392 686 omnem
1415 633 1701 686 hominem.

513 718 704 775 Latuit
742 737 956 776 omnem
1008 722 1304 789 hominem,
1330 725 1447 779 sive
1478 728 1739 795 propheta
1782 726 1875 791 sit,
1908 726 2023 781 sive

444 811 743 878 apostolus.

626 900 657 914 ’“
1036 906 1188 961 CAP.
1233 907 1424 965 XXIX.

441 1011 509 1069 ν’.
552 1014 604 1069 6.
649 1015 873 1081 Quando
898 1019 1306 1089 effundebantur
1344 1025 1443 1078 via:
1470 1041 1600 1078 mea:
1626 1025 1867 1094 butyrum
1917 1026 2016 1097 (9).

512 1104 797 1162 Pra‘locuti
852 1124 1043 1167 sumus
1094 1113 1161 1168 de
1216 1115 1315 1170 viis
1347 1115 1470 1180 Joh,
1504 1133 1638 1186 quas
1683 1120 2019 1187 ambulabat,

440 1211 533 1252 eas
570 1199 801 1256 virtutes
832 1201 1019 1259 fuiSSe.
1054 1205 1533 1263 Perlumlebantur
1565 1226 1697 1279 ergo
1742 1213 1840 1265 viae
1876 1212 2018 1266 illius

440 1289 659 1362 butyro.
693 1292 1019 1349 Ambulabat
1051 1299 1363 1365 prudentia,
1402 1316 1468 1353 ac
1495 1304 1895 1371 quodammodo
1939 1303 2018 1357 ef—

439 1381 762 1437 fundebatur
838 1388 1150 1456 prudentia,
1182 1404 1352 1459 usque
1382 1392 1520 1446 adeo
1554 1404 1611 1446 ut
1651 1394 1800 1447 multi
1840 1397 2015 1448 nutri-

439 1484 633 1528 rentur
660 1477 826 1530 etiam
863 1492 931 1532 ex
970 1481 1216 1547 parvulis
1243 1482 1311 1535 ab
1340 1483 1455 1551 ipsa
1489 1484 1775 1553 prudentia
1807 1483 1950 1550 Jobi,
1988 1502 2020 1541 a

434 1565 648 1635 iustitia
679 1566 827 1633 Jobi,
858 1586 887 1622 a
937 1570 1287 1628 fortitudine.
1351 1575 1496 1629 Istud
1533 1577 1677 1630 enim
1725 1578 2015 1648 signiﬁcat,

439 1655 672 1724 Quando
699 1661 1108 1729 effundebantur
1137 1666 1230 1717 via:
1267 1682 1394 1721 mea;
1417 1668 1631 1737 butyro.

532 1752 596 1807 γ.
627 1752 679 1807 6.
714 1755 922 1809 Montes
958 1770 1129 1810 autem
1162 1761 1261 1811 mei
1292 1760 1753 1827 perfundebantur
1779 1764 1937 1819 lacte.

505 1842 853 1914 Quaecunque
901 1860 1062 1902 erant
1110 1850 1367 1906 sublimia
1416 1854 1650 1924 cogitata
1676 1867 1731 1911 et
1757 1860 2009 1928 grandia,

435 1930 555 1987 hinc
589 1943 749 1989 erant
778 1947 989 1992 IIIOIIICS
1027 1937 1152 2003 Job,
1186 1942 1238 1995 in
1269 1957 1405 2012 quos
1446 1948 1797 2003 ascendebat.

546 2025 605 2079 V.
645 2026 701 2079 7.
747 2027 973 2091 Quando
1004 2030 1310 2088 incedebam
1339 2046 1546 2091 erectus
1573 2039 1627 2092 in
1669 2040 1903 2095 civitate.

507 2118 778 2171 doctrinae
830 2123 1063 2176 vacabat
1108 2135 1164 2179 et
1209 2128 1455 2194 utilitati,
1489 2132 1741 2199 loquens,
1785 2149 1893 2187 nou
1953 2144 2014 2195 ut

432 2218 624 2262 sumus
662 2209 768 2275 sui,
807 2213 901 2266 sed
951 2223 1011 2268 ut
1041 2217 1350 2276 charitatem
1384 2219 1616 2289 habens,
1654 2239 1774 2293 qua:
1816 2228 2012 2294 quaerit

431 2314 716 2362 malumne
741 2309 961 2366 bOuum.
1386 2298 1389 2305 Ρ

754 2399 815 2454 ν.
849 2399 900 2455 9.
933 2400 1169 2471 Digitum
1217 2405 1542 2475 imponentes
1586 2412 1687 2463 ori.

506 2487 737 2545 Videtur
763 2506 897 2547 sane
931 2504 987 2548 et
1024 2495 1287 2550 indicium
1320 2514 1441 2553 esse
1480 2502 1680 2557 silentii
1705 2505 1826 2573 hoc,
1854 2505 2007 2579 Digi-

433 2584 542 2630 tum
586 2580 906 2650 impatientes
954 2586 1037 2638 ori
1093 2603 1210 2642 suo.
1266 2588 1452 2647 Facile
1503 2604 1682 2650 autem
1739 2599 2005 2664 declarat,

430 2672 557 2740 Quia
606 2688 795 2728 manus
832 2690 931 2745 pro
962 2680 1219 2747 cperibus
1251 2684 1541 2752 accipitur,
1569 2689 1712 2756 quod
1740 2705 1880 2758 saepe
1918 2707 2011 2747 os-

432 2763 727 2833 tendimus,
780 2767 906 2836 quia
941 2783 1078 2835 opus
1127 2785 1287 2824 suum
1340 2776 1421 2828 ori
1471 2779 1849 2846 imposuerint,
1879 2798 2004 2837 sen-

433 2855 629 2909 tientes
682 2857 734 2910 in
781 2859 979 2929 exiguo
1020 2876 1204 2932 opere,
1246 2867 1388 2934 quod
1423 2883 1530 2922 non
1559 2881 1685 2926 sunt
1732 2874 1879 2940 digni
1914 2877 2006 2946 qui

431 2945 748 3016 loquantur,
790 2964 1060 3031 praesente
1108 2954 1244 3023 Job,
1293 2959 1385 3028 qui
1432 2975 1596 3031 opera
1653 2965 1858 3036 majora
1909 2945 2005 3038 pa-

432 3039 614 3092 travit.

537 3130 600 3187 Υ.
639 3130 727 3187 10.
763 3131 856 3188 Illi
893 3151 1012 3190 vero
1049 3139 1343 3207 audientes,
1383 3143 1753 3215 beatiﬁcabant
1794 3168 1897 3208 me.

474 3220 781 3293 ‘Ejusdem.
814 3225 999 3298 Usque
1029 3230 1166 3285 adeo
1198 3249 1432 3304 magnus
1470 3249 1589 3293 erat
1615 3257 1736 3296 cum
1774 3246 2001 3300 necdum

426 3324 745 3379 vexaretur,
776 3326 834 3372 ut
860 3321 953 3389 qui
990 3337 1112 3375 eum
1140 3326 1442 3396 audissent,
1472 3330 1694 3387 beatum
1744 3338 2005 3405 praedica-

427 3403 560 3460 bant
595 3406 785 3475 illum;
823 3421 874 3463 et
907 3413 1345 3483 admirabantur,
1379 3436 1617 3490 quonam
1651 3403 1811 3483 modo
1853 3438 2002 3487 tanta

428 3494 683 3568 intelligit
714 3508 773 3553 et
808 3504 1243 3588 comprehendit,
1273 3524 1337 3566 ac
1375 3521 1557 3581 potest
1600 3518 1884 3577 auditores
1908 3521 2001 3592 ju-

427 3601 493 3643 va
503 3605 577 3643 re.

607 3679 676 3737 Υ.
714 3679 803 3737 10.
832 3681 970 3749 Quia
1000 3687 1187 3765 linquar
1210 3708 1392 3747 eorum
1418 3698 1621 3765 gutturi
1644 3715 1828 3756 eorum

984 3763 1320 3830 agglutinata
1343 3763 1439 3819 est.

496 3842 847 3900 Audientium
877 3864 987 3913 me,
1013 3862 1069 3903 et
1101 3853 1313 3909 beatum
1344 3862 1754 3927 praedicandum
1784 3879 2006 3939 pr0pter

427 3946 491 3987 ea
523 3950 646 4004 qua:
676 3935 963 4007 loquebar,
997 3941 1180 4015 lingua
1210 3951 1419 4016 gutturi
1445 3935 1928 4023 agglutinata-est.‘

463 4025 528 4080 ν.
564 4029 649 4082 11.
681 4028 820 4094 Quia
859 4032 1104 4088 auricula
1151 4038 1375 4107 audivit,
1422 4054 1468 4096 et
1506 4047 1827 4115 beatiﬁcauit
1863 4066 1965 4106 me.

500 4118 781 4187 Ejusdem.
825 4120 982 4179 Sicut
1040 4131 1106 4182 de
1154 4129 1342 4201 Moyse
1387 4135 1806 4208 scriptumest,
1857 4146 2005 4215 quod

423 4215 760 4267 revertebatur
782 4218 1012 4285 aspicere
1035 4231 1221 4277 contra
1255 4223 1422 4280 Deum
1450 4229 1517 4294 ⁷⁸,
1552 4242 1774 4302 propter
1816 4251 2006 4293 exces-

425 4315 545 4358 sum
574 4306 888 4376 splencoris
922 4311 1092 4380 ipsius
1119 4332 1133 4368 :
1166 4316 1245 4369 sic
1276 4319 1487 4389 cogites
1522 4324 1704 4391 velim,
1734 4329 1876 4396 quod
1906 4345 2005 4386 ex-

425 4408 615 4451 cessus
640 4407 760 4451 erat
786 4398 905 4455 Jobi
950 4403 1231 4472 profectus
1262 4408 1314 4462 in
1348 4412 1620 4478 sapientia
1649 4434 1664 4483 ;
1701 4418 1773 4471 ita
1811 4431 1872 4474 ut
1912 4422 2003 4491 qui

2124 533 2223 605 τὴν
2270 534 2482 603 σοφίαν.
2963 561 2968 566 ·

2335 625 2483 694 Στίχ.
2509 630 2613 678 καθ.
2644 623 2871 691 Λέληθε
2920 620 3115 675 πάντα
3153 623 3484 692 ἄνθρωπον.

2194 716 2398 787 Λέληθε
2438 717 2614 771 πάντα
2660 715 2964 786 ἄνθρωπον,
3011 713 3112 768 κᾶν
3155 718 3552 795 προφήτηςῇ,
3592 727 3698 784 κᾶν

2123 806 2436 872 ἀπόστολος.

2746 898 2901 952 ΚΕΦ.
2944 898 3072 952 ΚΘἏ

2193 1014 2341 1084 Στίχ.
2384 1019 2456 1078 ς’.
2496 1014 2625 1066 Ὅτε
2653 1013 2898 1082 ὲχέοντό
2917 1032 3037 1083 μου
3064 1017 3122 1067 al
3153 1013 3278 1068 ὁδοὶ
3291 1017 3613 1086 βούτυρον,

2193 1106 2607 1177 Προειρήκαμεν
2644 1105 2772 1175 περὶ
2808 1104 2918 1158 τῶν
2960 1105 3095 1159 ὁδῶν
3128 1106 3223 1160 τοῦ
3265 1106 3408 1171 Ἰὼϐ,
3435 1108 3502 1171 ἃς
3524 1108 3694 1164 ὥδευ-

2114 1217 2216 1264 ,σεν
2247 1199 2380 1272 (10),
2414 1200 2494 1253 ὅτι
2522 1201 2713 1271 ἀρεταὶ
2731 1195 2891 1271 ἦσαν.
2930 1201 3174 1271 Ἐχέοντο
3202 1200 3295 1257 οὖν
3310 1206 3364 1257 αἱ
3397 1204 3505 1258 ὁδοὶ
3527 1206 3701 1259 αὑτοῦ·

2122 1292 2387 1364 βουτύρῳ,
2415 1290 2579 1345 ὥδευε
2608 1292 2705 1363 τὴν
2733 1293 3111 1365 σωφροσύνην,
3144 1297 3238 1349 καὶ
3268 1297 3432 1355 οἱονεὶ
3451 1298 3627 1367 ἐχεῖτο
3657 1300 3691 1369 ἡ

2122 1384 2465 1457 σωφροσύνη,
2506 1385 2583 1450 ὡς
2619 1385 2848 1451 πολλοὺς
2886 1386 3179 1458 τρέφεσθαι
3210 1389 3304 1441 καὶ
3344 1388 3451 1442 τῶν
3485 1389 3695 1459 νηπίων

2120 1475 2230 1529 ἀπὸ
2262 1476 2359 1546 τῆς
2390 1474 2744 1546 σωφροσύνης
2769 1475 2864 1529 τοῦ
2906 1475 3047 1539 Ἰὼϐ,
3086 1476 3195 1530 ἀπὸ
3225 1477 3323 1548 τῆς
3352 1477 3696 1550 δικαιοσύνης

2119 1567 2212 1620 τοῦ
2250 1567 2391 1631 Ἰὼϐ,
2435 1569 2543 1621 ἀπὸ
2577 1567 2678 1639 τῆς
2713 1568 2981 1640 ἀνδρείας.
3023 1569 3194 1623 Τοῦτο
3229 1569 3337 1642 γάρ
3362 1572 3527 1625 ἐστιν·
3555 1573 3695 1627 Ὅτε

2120 1660 2363 1730 ἐχέοντο
2385 1664 2444 1714 αἱ
2478 1660 2606 1715 ὁδοί
2621 1679 2741 1731 μου
2773 1662 3070 1730 βουτύρῳ.

2178 1753 2289 1824 (11)
2315 1752 2463 1824 Στίχ.
2503 1760 2576 1818 ς’.
2622 1754 2700 1808 Τὰ
2726 1752 2796 1807 δὲ
2828 1753 2935 1822 ὄρη
2958 1771 3078 1823 μου
3115 1753 3359 1822 ἐχέοντο
3383 1754 3654 1823 γάλακτι.

2189 1843 2329 1897 Ὅσα
2359 1839 2428 1915 ἦν
2456 1843 2634 1916 ὑψηλά
2653 1847 2901 1916 νοήματα
2925 1844 3019 1897 καὶ
3044 1845 3275 1915 μεγάλα,
3296 1845 3468 1900 ταῦτα
3497 1840 3564 1916 ἦν
3587 1846 3697 1917 ὅρη

2114 1935 2208 1988 τοῦ
2239 1935 2378 2000 Ἰὼϐ,
2414 1938 2498 2006 ἐφ’
2527 1936 2564 1992 ἃ.
2595 1937 2893 1991 ἀνέϐαινεν.

2116 2042 2230 2114 (12)
2263 2044 2409 2115 Στίχ.
2444 2045 2507 2110 ζ’.
2545 2046 2673 2099 Ὅτε
2703 2046 3146 2116 ἐξεπορευόμην
3174 2048 3368 2116 ὄρθιος
3394 2050 3464 2102 έν
3491 2051 3689 2105 πόλει.

2182 2136 2510 2209 Διδασκαλίᾳ
2553 2138 2811 2210 ἐσχόλαζε
2858 2140 2951 2194 καὶ
2989 2141 3246 2213 ὠφελείᾳ,
3276 2141 3448 2214 ἐρῶν,
3484 2144 3583 2213 οὐχ
3611 2144 3691 2208 ὡς

2114 2230 2389 2300 φίλαυτος,
2429 2230 2542 2284 ἀλλ’
2570 2232 2647 2296 ὡς
2675 2232 2897 2304 ἀγάπην
2937 2232 3076 2304 ἔχων
3112 2232 3380 2309 ζητοῦσαν
3427 2235 3488 2287 τὸ
3532 2239 3693 2324 κοινῇ

2114 2325 2407 2395 συμφέρον.

2148 2415 2261 2487 (15)
2293 2417 2449 2487 Στίχ.
2482 2417 2545 2470 θ’.
2577 2418 2884 2472 Δάκτυλον
2908 2418 3212 2486 ἐπιθέντες
3239 2420 3337 2473 ἐπὶ
3360 2423 3628 2490 στόματι.

2180 2508 2327 2573 Δόξει
2355 2510 2452 2579 μὲν
2478 2507 2571 2564 οὖν
2593 2512 2686 2563 κα)¹
2713 2513 2936 2583 σημεῖον
2960 2508 3095 2564 εῖναι
3122 2511 3201 2575 τὸ,
3237 2511 3545 2567 Δάκτυλον
3565 2513 3694 2568 ἐπι-κ

2110 2598 2314 2667 θέντες
2332 2602 2429 2655 ἐπὶ
2455 2603 2703 2672 στόματι
2720 2602 2938 2667 αὐτῶν,
2971 2605 3201 2676 σιωπῆς.
3234 2605 3385 2675 Τάχα
3408 2606 3464 2658 δὲ
3494 2606 3646 2675 δηλοῖ
3667 2647 3683 2671 ,

2109 2691 2231 2745 ἐπεὶ
2260 2694 2432 2764 ήχεὶρ
2447 2694 2563 2748 ἀντὶ
2581 2693 2756 2765 ἔργων
2784 2693 3139 2765 λαμϐάνεται,
3165 2696 3240 2760 ὼς
3268 2696 3529 2761 πολλάκις
3548 2698 3657 2750 ἐδεί
3671 2727 3688 2740 -

2108 2783 2314 2855 ξαμεν,
2371 2787 2453 2839 ὅτι
2497 2786 2558 2838 τὸ
2602 2786 2761 2859 ἔργον
2801 2787 2980 2843 αὐτῶν
3022 2788 3298 2860 ἐπέθηκαν
3336 2792 3428 2845 ἐπὶ
3485 2794 3693 2863 στόμα,

2109 2879 2488 2945 αἰσθανθὲντες
2524 2882 2582 2934 ἐν
2636 2880 2801 2951 ὀλίγῳ
2847 2879 3013 2952 ἔργῳ,
3064 2882 3146 2935 ὅτι
3197 2883 3297 2935 οὐκ
3347 2885 3487 2938 εἰσὶν
3538 2884 3694 2952 ἄξιοι..

2107 2970 2202 3025 τοῦ
2245 2971 2442 3037 λαλεῖν,
2488 2974 2755 3046 παρόντος
2795 2972 2888 3027 τοῦ
2943 2973 3082 3039 Ἰὼϐ,
3132 2973 3353 3045 μείζονα
3400 2976 3537 3048 ἔργα
3585 2995 3699 3039 πει

2109 3065 2414 3136 ποιηκότος.

2166 3156 2275 3227 (lli)
2305 3156 2452 3226 Στίχ.
2487 3164 2539 3210 ι’.
2575 3160 2639 3211 Οἱ
2663 3156 2729 3210 δὲ
2755 3157 3128 3225 ἀκούσαντες
3148 3159 3516 3229 ἑμιικάρισάν
3525 3178 3623 3230 με.

2120 3276 2127 3279 ·
2182 3249 2292 3305 Τοῦ
2319 3249 2528 3305 αὐτοῦ.
2559 3249 2825 3305 Τοσοῦτον
2847 3248 2916 3323 ἦν
2941 3253 3028 3305 ὅτε
3059 3252 3271 3306 οὐδέπω
3309 3253 3685 3321 ἐϐασανίζετο,

2102 3344 2244 3397 ὥστε
2266 3344 2314 3396 οἱ
2336 3343 2623 3407 ἀκούοντες
2646 3344 2809 3397 αὐτοῦ
2835 3343 3170 3417 ἐμακάριζον
3201 3346 3383 3417 αὐτὸν,
3406 3347 3503 3400 καὶ
3520 3345 3695 3410 ἐθαύη

2107 3433 2299 3507 μαζόν,
2325 3434 2447 3487 τίνα
2471 3436 2672 3506 τρόπον
2695 3434 2764 3488 τὰ
2795 3435 3033 3490 τοσαῦτα
3063 3440 3174 3492 νοεῖ
3202 3439 3295 3491 καὶ
3322 3438 3682 3508 καταλαμϐά-

2103 3545 2203 3591 νει,
2239 3528 2333 3580 καὶ
2364 3526 2585 3581 δύναται
2619 3529 2746 3591 τοὺς
2771 3528 3064 3593 ἀκούοντας
3092 3528 3337 3599 ὠφελεῖν.

2104 3711 2255 3782 Στίχ.
2284 3718 2335 3766 ι’.
2373 3711 2501 3765 Ὅτι
2537 3711 2791 3785 γλῶσσα
2825 3710 3024 3785 αὺτῷν
3059 3712 3141 3779 τῷ
3174 3714 3428 3785 λάρυγγι
3476 3714 3683 3771 αὐτῶν

2731 3783 3059 3837 ἐκολλήθη.

2731 3783 2917 3836 mu
2962 3786 2995 3837 θ
3046 3824 3059 3836 .
3343 3783 3388 3785 ﬂ

2173 3872 2295 3927 Τῶν
2318 3873 2620 3927 ἀκουόντων
2651 3890 2752 3944 μου
2775 3875 2869 3926 καὶ
2897 3783 3307 3946 μῖκίριζόντων
3340 3876 3426 3944 ἐφ’
3457 3869 3539 3959 οἷς

2103 3969 2272 4038 γον,ή
2298 3964 2520 4034 γλῶσσα
2537 3964 2616 4036 τῷ
2642 3964 2875 4037 λάρυγγι
2898 3965 3180 4038 ἐκολλήθη.

2105 4058 2219 4131 (15)
2243 4058 2392 4130 Στίχ.
2415 4065 2501 4111 ια’.
2531 4057 2649 4111 Ὅτι
2667 4058 2844 4113 ὠτίον
2855 4057 3103 4128 ἤκουσε,
3126 4058 3682 4130 καὶέμακὰρισέμε.

2185 4149 2296 4206 Τοῦ
2323 4148 2529 4204 αὐτοῦ.
2555 4149 2766 4220 Ὥσπερ
2787 4148 3093 4221 γέγραπται
3117 4150 3245 4221 περὶ
3259 4149 3354 4202 τοῦ
3379 4150 3685 4215 Μωῦσέως,

2109 4239 2192 4294 ὅτι
2219 4240 2538 4309 ηὐλαϐεἵτο
2571 4240 2971 4310 κατεμὸλέψαι
3008 4243 3371 4295 κατενώπιον
3393 4243 3498 4296 τοῦ
3525 4244 3687 4297 Θεοῦ

2108 4338 2195 4388 διὰ
2233 4333 2334 4404 τὴν
2376 4332 2680 4404 ὑπερϐολὴν
2720 4333 2818 4403 τῆς
2857 4334 3235 4405 λαμπρότητος
3280 4334 3461 4388 αὐτοῦ·
3500 4335 3682 4398 οὕτως

2105 4427 2301 4499 νοήσας
2343 4423 2453 4498 (16)
2496 4424 2584 4490 ἂν,
2621 4425 2711 4499 ὅτι,
2746 4423 3020 4496 ὑπερϐολὴ
3055 4420 3124 4495 ἦν
3170 4424 3451 4497 προκοπῆς
3489 4423 3594 4494 τῆς
3623 4426 3688 4479 ἐν

425 4485 528 4555 ipsi
559 4491 960 4557 auscultahaut,
996 4511 1100 4550 non
1131 4510 1361 4567 possent
1402 4505 1575 4557 aciem
1626 4508 1911 4567 intendere
1928 4485 2001 4568 vin

2132 4521 2271 4591 τοφίᾳ
2299 4517 2393 4572 τοῦ
2433 4517 2575 4584 Ἰὼϐ,
2611 4517 2753 4573 ὥστε
2793 4517 2919 4582 τοὺς
2953 4517 3251 4582 ἀκούοντας
3276 4515 3447 4581 αὑτοῦ,
3482 4518 3558 4590 μὴ
3586 4516 3699 4579 δύ-,

426 4580 694 4654 fulgorem
731 4590 1066 4657 cogitatuum
1121 4594 1287 4650 illius.
1347 4598 1501 4666 Quod
1558 4601 1680 4655 cum
1736 4619 1842 4658 non
1875 4620 2002 4674 pos-

423 4685 567 4740 sent,
600 4677 798 4732 idcirco
833 4683 1181 4742 declinabant
1210 4690 1402 4745 oculos
1430 4706 1579 4756 suos,
1620 4710 1725 4749 non
1760 4695 2001 4754 valentes

422 4774 805 4829 obsecundare
837 4777 1195 4845 profunditati
1251 4785 1604 4856 cogitationis
1657 4788 1821 4846 illius.
1863 4789 1998 4847 Pro-

422 4872 608 4934 pterea
644 4864 776 4921 dicit
802 4890 814 4923 ε

555 4953 623 5012 ν.
658 4957 745 5012 11.
781 4957 981 5016 Oculus
1006 4974 1182 5019 autem
1211 4982 1293 5020 me
1322 4968 1502 5025 ridens
1530 4972 1854 5029 declinabat.

496 5047 697 5118 Aquila
727 5061 784 5104 et
822 5051 1205 5125 Symmachus,
1243 5058 1486 5117 Testatus
1531 5077 1605 5118 est
1636 5069 1700 5120 de
1732 5085 1832 5133 me,
1878 5072 1996 5125 edi-

423 5141 641 5197 derunt.
672 5142 775 5197 Alii
804 5159 955 5213 vero,
989 5146 1187 5204 Oculus
1228 5165 1405 5209 autent
1438 5158 1620 5213 videns
1656 5160 1997 5221 declinabat:

424 5233 569 5304 quod
599 5244 703 5295 est,
736 5251 841 5292 non
882 5237 1060 5293 valeat
1085 5246 1482 5303 contradicere.

493 5346 542 5381 ⁷⁸
571 5346 741 5402 Exod.
780 5366 862 5416 Ill,
889 5352 942 5405 6.

494 5465 586 5543 (θ)
600 5463 768 5543 ld_es_t
790 5467 926 5521 κατὰ
948 5467 1237 5543 βούτυρον,
1273 5471 1481 5543 butyro.

500 5536 614 5601 (10)
647 5536 783 5593 Cod.
809 5554 920 5604 XXI,
943 5536 1246 5594 διώδευσεν.

499 5609 546 5681 tl
564 5608 614 5681 1)
642 5608 802 5681 μους
826 5611 962 5681 cod.
1003 5612 1190 5665 tribuit
1217 5611 1631 5681 Chrysostomo.

642 5679 797 5758 Qeest
824 5680 877 5758 i_n
918 5681 1040 5735 cod.
1072 5698 1192 5758 xxt._
1213 5678 1421 5758 Similia
1456 5684 1837 5758 apuflplymp.

500 5747 610 5821 (ᾗ)
641 5749 802 5821 βρίθει
838 5750 891 5805 in
921 5766 1030 5804 ut.
1086 5780 1125 5792 -
1154 5750 1352 5805 Confer
1389 5747 1520 5806 tum.
1559 5747 1807 5821 Xllfcul.
1847 5761 1995 5817 l059.

496 5814 609 5888 (N)
637 5818 794 5891 Deest
821 5822 875 5875 in
917 5837 1045 5877 uno.
1077 5821 1230 5879 Initio
1255 5823 1399 5890 legas
1422 5814 1691 5890 τοσοῦτος.
1886 5814 1925 5837 ⁷

2102 4610 2296 4665 νασθαι
2338 4613 2529 4684 ἐνορᾷν
2571 4613 2637 4683 τῇ
2673 4612 3007 4684 μαρμαρυγῇ
3034 4610 3143 4664 τῶν
3165 4610 3447 4681 νοημάτων
3481 4608 3697 4689 αὐτοῦ,

2104 4705 2198 4758 καὶ
2231 4703 2304 4775 μὴ
2345 4703 2676 4775 δυναμένους
2703 4703 2791 4758 διὰ
2818 4703 2975 4758 τοῦτο
2999 4702 3267 4758 ἐκκλίνειν
3314 4702 3440 4765 τοὺς
3473 4701 3694 4771 ὀφθαλοε

2107 4797 2241 4867 μοὺς
2268 4795 2467 4862 αὐτῶν,
2504 4794 2577 4867 μὴ
2605 4793 3146 4868 παρακολουθοῦντας
3172 4795 3239 4866 τῇ
3262 4792 3535 4864 βαθυτάτῃ
3565 4794 3684 4867 (17)

2101 4888 2202 4959 τῆς
2229 4887 2465 4950 διανοίας
2487 4886 2671 4940 αὐτοῦ.
2703 4886 2803 4940 Διὰ
2827 4887 2983 4941 τοῦτο
3012 4887 3183 4957 λέγει·

2147 4979 2260 5050 (18)
2287 4979 2435 5048 Στίχ.
2467 4984 2555 5031 ια’.
2599 4977 2931 5047 Ὀφθαλμὸς
2958 4977 3025 5032 δέ
3047 4994 3126 5048 με
3155 4975 3296 5032 ἕδὼν
3313 4977 3651 5043 ἐξέκλινεν.

2187 5074 2247 5125 '0
2272 5070 2371 5142 μὲν
2398 5069 2627 5133 Ἀκύλας
2655 5072 2750 5124 καὶ
2766 5070 3083 5142 Σύμμαχος,
3126 5071 3526 5140 Ἐμαρτύρησε
3544 5070 3695 5139 περὶ,

2104 5163 2272 5232 ἐμοῦ,
2302 5159 2676 5215 ἐκδεδώκασιν·
2715 5160 2893 5233 ἕτεροι
2917 5160 2993 5223 δὲ,
3047 5161 3383 5231 Ὄφθαλμός
3422 5160 3492 5214 δὲ
3537 5160 3697 5226 ἰδὼν,

2104 5251 2432 5317 ἐξέκλινεν,
2454 5251 2571 5304 ἀντὶ
2602 5249 2716 5303 τοῦ·
2755 5252 2866 5305 Οὐκ
2894 5251 3063 5322 ἰσχύω
3078 5252 3212 5325 (18“)
3240 5254 3527 5308 ἀντειπεῖν.

2182 5482 2296 5551 (15)
2329 5482 2484 5540 Deest
2522 5484 2573 5539 in
2599 5486 2718 5540 cod.
2748 5503 2860 5540 XXI.

2179 5553 2293 5631 (ibi)
2319 5553 2362 5631 ξ
2369 5566 2488 5610 orte
2506 5557 2777 5631 νοήσειας,
2812 5558 2894 5611 vel
2926 5559 3166 5631 νοήσαις.

2177 5624 2290 5697 (17)
2318 5624 2478 5697 Forte
2515 5624 2797 5697 βαθύτητι.

2178 5695 2289 5763 (I8)
2320 5696 2374 5749 lu
2402 5695 2523 5751 cod.
2555 5713 2667 5759 χχι,
2708 5695 2920 5766 iltymp.

2176 5766 2312 5837 (18‘)
2340 5768 2421 5821 An
2457 5768 2632 5838 ἴσχυε,
2660 5768 2927 5824 ιάίεὺαιὲη
