3880 6216
199 333 264 378 νυ
1414 333 1500 387 ΕΝ
1510 333 1757 388 ARRAT.‘

1882 333 1952 388 ES
1985 333 2049 387 IN
2086 332 2226 388 JOB.
3361 339 3428 394 ω

196 444 301 517 (19)
336 451 480 524 Στίχ.
509 452 598 507 ιε’.
625 454 1031 542 ριἐσωσαιγὰρ
1054 458 1296 525 πτωχὸν
1330 434 1404 509 ἐκ.
1431 454 1630 524 χειρὸς
1656 454 1757 508 δυ-

1906 455 1970 510 γ.
2018 455 2104 511 12.
2150 455 2360 510 Saleavi
2400 456 2536 509 enim
2574 472 2852 526 pauperem
2879 457 2941 510 de
2966 473 3125 510 manu
3149 433 3406 525 potentis;

844 542 966 580 νασ
969 545 1096 580 του.

264 614 488 685 Ἴδωμεν
518 614 683 668 αὐτοῦ
729 615 798 669 τὰ
831 617 1319 688 ἀνδραγαθήματα,
1356 617 1450 670 καὶ
1496 616 1761 670 ἀπλώσω-

198 725 307 778 μεν.
339 710 448 762 Καὶ
476 709 617 762 κατὰ
645 710 707 762 τὸ
737 709 900 780 ῥητὸν
927 709 1037 779 ἔχει
1081 710 1235 778 λόγον
1275 709 1433 762 τοῦτο
1453 750 1466 771 ,
1516 711 1607 762 καὶ
1643 710 1761 762 κατ’

1940 620 2225 673 Videamus
2251 619 2398 674 illius
2437 619 2598 673 fortia
2641 618 2802 680 facta,
2853 629 2909 672 et
2958 620 3313 686 explicemus.
3370 621 3434 674 Et

1864 716 1926 767 ad
1957 715 2188 767 litteram
2214 714 2314 766 huc
2341 710 2735 764 rationabiliter
2758 709 2928 776 accipi
2956 720 3150 777 potest,
3181 721 3234 763 et
3268 711 3432 764 multo

193 801 474 872 ἀναγωγὴν
527 800 637 871 ἔχει
669 801 849 872 πολλῷ
883 801 1080 871 μᾶλλον
1125 803 1442 873 ἑρμηνείαν.
1498 803 1656 856 Κατὰ
1703 804 1757 855 τὸ

1886 809 2039 876 nagis
2075 807 2369 875 anagogice
2403 803 2688 870 explicari.
2742 805 2823 856 Ad
2873 803 3125 862 litteram,
3165 819 3262 870 pro
3297 804 3432 857 viri-

192 893 367 964 ῥητὸν,
400 896 502 964 ὅση
530 894 777 966 δύναμις,
807 896 1092 966 ὀφείλομεν
1123 895 1336 964 βοηθεῖν
1360 898 1472 959 τοῖς
1503 897 1761 966 πτωχοῖς,

193 984 294 1037 ὑπὸ
320 985 430 1038 τῶν
452 986 695 1040 δυνατῶν
727 987 1372 1058 καταδυναστευομένοις.
1735 1001 1740 1008 ·

603 1081 749 1151 Στίχ.
782 1088 860 1133 ιε’.
885 1081 1044 1147 Ποῦς
1063 1080 1128 1134 δὲ
1161 1079 1350 1150 χωλῷ.

255 1172 422 1237 Αὐτὸς
445 1174 729 1245 ἐχαρίζετο
748 1175 840 1226 καὶ
865 1177 975 1236 τοῖς
999 1173 1413 1244 κεχωλωμένοις
1436 1172 1534 1234 τὰς
1557 1172 1760 1243 βάσεις,

185 1265 280 1335 τῆς
304 1265 482 1336 ψυχῆς
515 1264 710 1328 πόδας·
743 1264 838 1317 καὶ
875 1263 953 1335 τῷ
985 1263 1127 1333 λόγῳ
1160 1263 1370 1330 ἐγίνετο
1397 1263 1557 1325 αὐτὸς
1587 1262 1763 1314 αὐτῶν

189 1373 334 1418 πους.

187 1447 293 1518 (Ξο)
325 1448 472 1517 Στίχ.
510 1455 605 1513 ις’.
629 1449 812 1515 Δίκην
836 1448 904 1501 δὲ
932 1447 1010 1515 ἢν
1039 1449 1150 1500 οὐκ
1181 1446 1350 1517 ᾔδειν
1370 1488 1383 1508 ,
1422 1446 1758 1515 ἑξιχνίασιι.

255 1540 503 1594 Διδάσκει
529 1542 676 1611 ἡμᾶς
721 1540 840 1604 πῶς
867 1540 946 1592 δεῖ
973 1539 1233 1603 δικάζειν,
1293 1540 1386 1592 ἐάν
1441 1556 1572 1591 ποτε
1627 1537 1760 1608 κλη-

189 1630 364 1702 θῶμεν
388 1633 484 1685 ὲπὶ
509 1631 718 1686 δξαιταν
748 1631 1014 1700 ἀδελφῶν,
1043 1631 1184 1684 ὥστε
1224 1631 1498 1701 διαιτῆσαι
1536 1631 1605 1682 τὰ
1645 1632 1762 1682 κατ’

189 1724 398 1787 αὐτούς.

809 1817 969 1868 ΚΕΦ.
1006 1814 1128 1868 AB'.

186 1907 328 1976 Στεχ.
355 1913 424 1959 α’.
451 1905 564 1959 Καὶ
602 1908 908 1961 ἐπαύσατο
946 1907 1067 1961 Ἰὼϐ
1081 1907 1368 1975 ῥήμασιν.
1419 1905 1763 1976 Ήσύχαοήαν

252 1974 318 2046 δὲ
351 1977 451 2030 καὶ
476 1981 528 2030 οἱ
571 1978 726 2046 τρεῖς
758 1979 921 2046 φίλοι
949 1978 1136 2030 αὐτοῦ
1163 1974 1250 2029 ἔτι
1281 1975 1586 2030 ἀντειπεῖν
1619 1974 1755 2028 Ἰὼϐ.

245 2043 365 2102 Ἦν
393 2049 504 2116 γὰρ
546 2043 676 2102 Ἰὼό
692 2043 919 2113 δίᾶιαιος
950 2049 1228 2100 ἐναντίον
1256 2046 1470 2100 αὐτῶν.

253 2138 362 2207 Οὐκ
392 2139 580 2202 ἁπλῶς
609 2139 904 2192 ἐπαύσατο.
930 2140 1141 2210 Καρδία
1169 2139 1225 2192 δὲ
1260 2135 1327 2209 ἦν
1364 2138 1529 2192 αὐτοῦ
1564 2136 1761 2192 νοοῦσα

182 2229 248 2283 τὰ
273 2230 411 2297 Θεῖα,
455 2234 557 2285 οὐκ
605 2233 901 2286 ἐπαύσατο.
950 2234 1092 2303 Ἤδη
1126 2232 1235 2303 γὰρ
1275 2232 1464 2303 καιρὸς
1490 2232 1567 2302 τῷ
1599 2234 1761 2284 παντὶ

182 2325 465 2396 πράγματι
497 2327 602 2379 ὑπὸ
636 2327 730 2379 τὸν
785 2326 1042 2398 οὐρανὸν,
1093 2326 1285 2396 καιρὸς
1328 2323 1421 2376 τοῦ
1480 2325 1634 2394 σιγᾷν
1667 2323 1760 2376 καὶ

182 2420 366 2490 καιρὸς
392 2420 490 2472 τοῦ
521 2419 721 2472 λαλεῖν.
753 2419 879 2472 Ὅτε
908 2415 1000 2471 οὖν
1029 2420 1218 2490 καιρὸς
1240 2417 1334 2470 τοῦ
1362 2416 1758 2487 ἀποκρίνασθαι

184 2513 314 2582 πρὸς
340 2515 468 2576 τοὺς
493 2517 662 2584 τρεῖς,
697 2513 898 2580 ἔλεγεν·
930 2515 1020 2565 ὅτε
1043 2508 1110 2582 ἦν
1138 2511 1350 2582 καιρὸς,
1388 2508 1526 2581 μετὰ
1561 2511 1622 2561 τὸ
1641 2511 1761 2564 ἑπι-

184 2603 431 2672 στομισαι
480 2603 676 2666 αὐτοὺς
696 2643 710 2664 ,
754 2604 996 2672 ἐσίγησε.
1029 2603 1140 2654 Καὶ
1177 2597 1330 2672 οἶμαι
1353 2601 1410 2652 ὲν
1433 2599 1642 2670 ἐπαίνῳ
1674 2598 1762 2652 λέ-

181 2694 368 2758 γεσθαι
398 2695 485 2758 τὸ,
521 2695 860 2748 Ἐπιιύσατο
885 2697 917 2747 ό
959 2691 1106 2747 Ἰώὸ.

181 2788 322 2858 Στίχ.
356 2786 422 2851 ζ’.
456 2786 556 2858 Att)
606 2787 913 2858 ἡσύχασα,
945 2783 1222 2858 φοϐηθεὶς
1255 2783 1379 2858 τοῦ
1410 2783 1552 2858 ὑμῖν
1578 2784 1761 2852 ἀναγ-

385 2856 581 2927 γεῖλαι
608 2855 723 2924 τὴν
757 2856 1015 2925 ἐμαυτοῦ
1048 2855 1390 2923 ἐπιστήμην
1411 2854 1545 2924 (2-1).

256 2949 595 3020 Ἑπιστήμην
619 2947 752 3019 ἔχει,
785 2946 901 3011 πῶς
930 2947 1208 3018 ἄνθρωποι
1231 2947 1536 3017 πάσχουσι·
1573 2945 1663 2998 διὰ
1704 2946 1757 2998 τί

179 3032 452 3114 ἂνθρωποι
483 3042 542 3093 ὲν
565 3040 916 3112 περιστάσεσί
939 3056 1079 3092 τισιν
1101 3041 1158 3091 ἐν
1182 3038 1260 3108 τῷ
1282 3038 1382 3109 βίῳ
1406 3037 1582 3108 τούτῳ
1615 3037 1760 3108 μόνῳ

1864 900 1966 954 bus
1994 899 2257 952 debemus
2285 913 2441 966 opem
2476 897 2618 950 ferte
2635 895 2978 964 pauperibus,
3002 896 3093 964 qui
3119 884 3435 964 opprimun-

1867 1001 1953 1046 tur
1981 1006 2010 1044 a
2040 991 2373 1060 potentibus.
3327 993 3333 1000 '

2237 1083 2317 1136 ν.
2351 1083 2434 1136 15.
2475 1081 2574 1135 Pes
2617 1091 2790 1135 autem
2831 1081 3040 1134 claudo.

1936 1174 2052 1245 Ipse
2108 1174 2445 1246 largiebatur
2517 1176 2678 1227 etiam
2755 1174 3181 1227 clandicantibus
3238 1175 3430 1239 bases,

1867 1267 2065 1320 anima:
2101 1267 2264 1335 pedes
2291 1279 2307 1318 :
2338 1275 2392 1320 et
2421 1279 2671 1320 sermone
2703 1275 2824 1318 erat
2852 1265 2966 1331 ipse
2999 1280 3093 1333 pes
3128 1263 3359 1318 illorum.

1866 1455 1932 1509 V.
1969 1454 2056 1508 16.
2107 1452 2277 1508 Litem
2310 1470 2426 1508 vero
2456 1469 2614 1522 quam
2652 1468 2758 1505 non
2802 1468 3066 1515 nor-eram,
3109 1451 3427 1520 inrestigavi.

1938 1547 2105 1601 Docet
2143 1561 2240 1600 nos
2266 1542 2536 1614 quomodo
2555 1553 2805 1613 oporteat
2829 1545 2918 1613 jus
2953 1545 3158 1608 dicere,
3194 1545 3236 1597 si
3267 1559 3436 1610 quan-

1865 1639 1935 1694 do
1967 1653 2222 1694 vocemur
2250 1638 2316 1690 ad
2342 1636 2631 1708 arbitrium
2667 1637 2921 1695 fratrum,
2973 1651 3080 1703 quo
3128 1635 3437 1702 iudicemus

1867 1731 2079 1801 negotia
2105 1744 2312 1784 eorum.

2447 1819 2598 1874 CAP.
2653 1818 2864 1873 XXXII.

1869 1912 1930 1965 ν.
1994 1913 2045 1966 1.
2106 1911 2171 1964 Et
2231 1912 2445 1964 cessavit
2494 1910 2594 1963 Job
2647 1913 2812 1963 verbis
2852 1925 2868 1961 :
2908 1911 3213 1977 quiererunt
3253 1920 3429 1962 autem

1936 1994 2094 2035 etiam
2126 1998 2229 2034 tres
2254 1982 2409 2032 amici
2433 1981 2544 2049 ejus
2572 1982 2744 2033 adhuc
2776 1983 3085 2049 respondere
3129 1978 3251 2032 Job.
3295 1978 3431 2031 Erat

1935 2056 2073 2106 enim
2107 2052 2204 2105 Jot
2222 2052 2402 2120 justus
2436 2067 2609 2102 coram
2639 2050 2764 2102 illis.

1934 2144 2048 2198 Non
2085 2145 2333 2198 absolute
2375 2143 2630 2196 cessavit.
2666 2142 2801 2195 Cum
2856 2143 2999 2195 enim
3050 2157 3138 2195 cor
3201 2142 3432 2195 habere:

1862 2237 2167 2306 recogitans
2198 2235 2407 2298 divina,
2443 2249 2546 2287 non
2583 2235 2839 2286 cessavit.
2875 2234 3000 2285 Jam
3041 2235 3185 2286 enim
3228 2243 3431 2298 tempus

1862 2329 2004 2381 omni
2039 2327 2112 2378 rei
2147 2325 2242 2378 sub
2286 2324 2412 2378 caelo
2442 2340 2459 2377 :
2495 2332 2700 2390 tempus
2748 2325 2955 2375 tacendi
3012 2334 3058 2376 et
3101 2333 3302 2390 tenipus
3347 2323 3430 2374 lc-

1861 2419 2142 2481 auendi".
2174 2418 2406 2484 Quando
2451 2416 2612 2485 igitur
2641 2423 2854 2483 tempus
2900 2426 3018 2470 erat
3067 2412 3431 2484 respondendi

1865 2513 2036 2568 tribus
2073 2511 2200 2576 illis,
2232 2503 2592 2580 loquebatdr:
2628 2509 2840 2576 quando
2865 2507 2969 2560 fuit
3001 2516 3228 2574 tempus,
3275 2513 3433 2575 post-

1861 2621 2024 2675 quam
2057 2605 2437 2658 obmutescere
2460 2615 2557 2653 eos
2589 2599 2739 2664 fecit,
2771 2599 2940 2654 siluit.
2973 2599 3050 2652 Ac
3079 2607 3210 2667 puto
3239 2598 3306 2650 ad
3337 2612 3433 2651 en-

1862 2698 2096 2754 comium
2125 2696 2228 2749 dici
2264 2693 2416 2757 illud,
2453 2691 2684 2745 Cessavit
2723 2690 2846 2744 Job.

1899 2791 1964 2846 ν.
2001 2791 2054 2844 7.
2101 2788 2390 2856 Propterea
2412 2785 2601 2866 quievi,
2630 2785 2828 2838 ueritus
2873 2794 2929 2837 ut
2972 2783 3111 2837 vobis
3143 2783 3395 2852 referrem

2396 2868 2663 2910 sctenttam
2717 2871 2904 2907 meam.

1933 2946 2447 3018 ScientiamJiabet,
2479 2946 2756 3014 quomodo
2810 2944 3059 3000 homines
3107 2946 3431 3015 patiantur;

1862 3062 1961 3100 cur
1987 3044 2236 3102 homines
2262 3043 2315 3096 in
2342 3037 2749 3095 calamitatibus
2771 3038 3093 3106 quibusdam
3124 3038 3176 3091 in
3201 3040 3303 3093 hac
3322 3039 3434 3093 vita

181 3134 431 3204 γίνονταυ
479 3134 596 3186 ὅσοι
645 3132 814 3188 ἄδικοι
839 3133 991 3197 ὄντες
1035 3131 1373 3203 εὐτυχοῦσιν.
1415 3129 1596 3184 Εἶδον
1631 3128 1757 3182 ἀδι-

1882 3140 1977 3192 =ola
2013 3139 2122 3191 sint
2153 3155 2168 3203 ;
2215 3143 2349 3206 qnot
2376 3133 2560 3201 injusti
2592 3147 2713 3186 cum
2748 3133 2879 3193 sint,
2913 3130 3147 3184 feliciter
3187 3129 3435 3183 fortuna-

182 3229 435 3295 κοῦντας
465 3227 568 3280 καὶ
601 3227 1114 3296 παρανομοῦντας,
1156 3225 1255 3279 καὶ
1282 3225 1429 3294 ἐμοῦ
1475 3223 1634 3291 παρὰ
1666 3241 1760 3291 μι-

180 3322 322 3391 κρὸν
339 3322 769 3389 ἐσαλεύθησαν
788 3324 841 3374 οἱ
867 3321 1070 3386 πόδες.
1117 3320 1237 3373 Ἐάν
1271 3321 1327 3373 ἐν
1350 3317 1428 3389 τῷ
1465 3318 1564 3388 βίῳ
1585 3317 1760 3385 τούτῳ

186 3411 336 3481 μόνον
384 3412 572 3476 ὲνίδω,
617 3414 752 3480 παρ’
776 3412 984 3481 ὀλίγον
1016 3413 1272 3480 ἐξεχύθη
1315 3411 1388 3465 τὰ
1430 3407 1760 3479 mammam

177 3526 310 3577 μου.
823 3539 830 3547 -

346 3600 502 3671 Στίχ.
532 3606 584 3652 ι’.
621 3602 743 3670 Οὐχ
766 3603 819 3654 οἱ
840 3599 1230 3668 πολυχρόνιοί
1248 3600 1365 3651 εἱσι
1393 3597 1592 3666 σοφοί.

243 3689 352 3763 (22)
375 3692 453 3744 Ub
485 3690 596 3763 γὰρ
629 3691 863 3762 ἀνάγκη,
891 3691 1044 3761 φησι,
1077 3690 1204 3752 τοὺς
1229 3687 1540 3760 πρεσϐύτας
1567 3686 1759 3758 μόνους

182 3777 314 3835 εἶναι
347 3783 578 3852 σοφούς*
620 3781 735 3836 ἀλλ’
769 3781 882 3834 ἔστι
908 3782 1002 3834 xui.
1035 3781 1143 3833 ἀπὸ
1167 3780 1418 3851 νεότητος
1443 3778 1672 3832 ἀκοῦσαί
1706 3796 1756 3830 τι

181 3878 441 3944 γενναῖον.
474 3876 538 3928 ΕΞ
567 3877 676 3948 γὰρ
714 3875 903 3948 χρόνος
925 3876 1071 3927 ποιεῖ
1099 3874 1314 3941 σοφοὺς,
1349 3871 1528 3941 πολλῷ
1561 3871 1757 3940 μᾶλλον

182 3968 327 4032 Θεός.

182 4058 322 4129 Στίχ.
356 4067 448 4130 ιη’.
482 4059 708 4114 Ὦλέκει
738 4059 846 4128 γάρ
869 4076 946 4127 με
969 4059 1037 4111 τὸ
1059 4055 1296 4126 πνεῦμα
1325 4054 1432 4124 τῆς
1475 4056 1754 4124 γαστρός.

247 4152 355 4222 (25)
379 4154 558 4206 ’Ὧσπε
565 4171 597 4224 ρ
607 4171 691 4215 τις
705 4152 900 4221 ἔγκυος
915 4153 1141 4221 γίνεται,
1157 4152 1251 4203 καὶ
1273 4150 1648 4221 μορφωθὲντος
1661 4148 1757 4202 τοῦ

181 4245 521 4315 γεννωμένου
549 4245 607 4298 ὲν
638 4245 788 4314 αὐτῴ
816 4245 948 4316 (2i),
972 4245 1064 4297 ἐπὶ
1094 4244 1286 4307 ὠδῖνας
1305 4243 1542 4314 ἔρχεται,
1569 4241 1760 4312 μέχρις

181 4329 240 4388 οὗ
289 4336 637 4406 ἀπογεννήσῃ
685 4332 843 4387 τοῦτο
879 4334 906 4386 ὃ
937 4334 1199 4406 πρότερον
1247 4333 1552 4402 συνείληφε·
1588 4331 1760 4384 τοιοῦ-

182 4426 267 4479 τόν
286 4428 338 4480 τί
367 4445 460 4498 μοι
491 4427 600 4479 νόει
623 4425 877 4494 γενέσθαι
903 4425 1014 4496 (25)
1041 4426 1137 4478 καὶ
1174 4426 1266 4478 ἐπὶ
1288 4425 1386 4495 τῆς
1410 4422 1502 4478 τοῦ
1528 4423 1758 4494 φιλομα-

1864 3242 2023 3300 teque
2059 3238 2243 3299 agant.
2284 3227 2404 3281 Vidi
2428 3235 2614 3280 contra
2631 3225 2902 3292 justitiam
2933 3234 2981 3277 et
3016 3224 3176 3293 legem
3199 3235 3431 3293 agentes,

1861 3333 1907 3375 et
1947 3321 2047 3374 mei
2084 3319 2460 3389 prapemodum
2495 3315 2624 3368 moti
2661 3322 2781 3366 sunt
2823 3316 2978 3381 pedes
3005 3315 3071 3368 ".
3123 3314 3181 3368 Si
3229 3315 3280 3367 in
3327 3315 3431 3369 hac

1861 3415 1970 3468 vita
2019 3415 2277 3467 duntaxat
2313 3410 2619 3478 inspiciam,
2684 3415 3060 3478 prapemodum
3107 3408 3262 3472 elfusi
3307 3415 3434 3464 sunt

1860 3523 2068 3578 gressus
2100 3506 2199 3558 mei
2221 3505 2286 3558 τε.

2033 3595 2096 3648 ν.
2142 3595 2232 3649 10.
2263 3593 2389 3648 Non
2434 3592 2526 3662 qui
2560 3588 2783 3659 longaevi
2820 3598 2940 3643 sunt
2979 3589 3257 3656 sapientes.

1933 3686 2047 3742 Non
2076 3688 2219 3742 enim
2254 3700 2478 3742 necesse
2525 3693 2632 3753 est,
2663 3683 2861 3752 inquit,
2912 3691 2968 3736 ιιι
3013 3695 3171 3736 senes
3196 3679 3292 3735 soli
3319 3681 3434 3736 sint

1861 3782 2172 3850 sapientes;
2200 3781 2293 3836 sed
2331 3780 2456 3835 licet
2483 3778 2647 3833 etiam
2697 3778 2766 3830 ab
2800 3777 3083 3846 juventnte
3114 3775 3301 3828 audire
3332 3774 3431 3827 ali-

1861 3876 1992 3942 quid
2021 3887 2364 3942 generosum.
2415 3872 2472 3926 Si
2526 3872 2672 3925 enim
2729 3881 2943 3940 tempus
2975 3869 3248 3937 sapientes
3276 3867 3432 3932 facit,

1861 3965 2027 4018 multo
2045 3965 2210 4034 magis
2229 3965 2384 4019 Deus.

1968 4055 2031 4108 ν.
2067 4056 2152 4114 18.
2184 4056 2502 4110 Perdiderat
2540 4056 2679 4110 enim
2717 4071 2799 4109 me
2842 4055 3060 4124 spiritus
3104 4055 3319 4109 ventris.

1933 4147 2087 4203 Sicut
2115 4152 2361 4218 quaedam
2417 4149 2641 4220 gravida
2695 4147 2772 4210 fit,
2811 4156 2867 4201 et
2912 4147 3145 4200 formato
3193 4145 3325 4201 foeta
3375 4149 3430 4203 in

1863 4241 1979 4310 ipsa
2028 4241 2094 4294 ad
2151 4241 2382 4295 tormina
2438 4241 2609 4306 venit,
2665 4256 2836 4309 usque
2883 4241 3008 4294 dum
3064 4239 3246 4307 pariat
3287 4241 3432 4307 quod

1861 4333 2014 4402 prius
2038 4343 2406 4402 conceperat;
2441 4333 2547 4389 tale
2575 4335 2704 4404 quid
2739 4343 2794 4388 tu
2834 4334 2963 4386 mihi
2996 4331 3288 4398 contigisse
3329 4345 3429 4384 co-

1863 4425 1994 4495 gita,
2043 4434 2095 4481 et
2142 4427 2194 4480 in
2240 4427 2420 4480 anima
2475 4427 2781 4482 doctrinam
2831 4424 3128 4492 diligentis.
3185 4421 3434 4488 Concipit

183 4519 301 4584 θοῦς
319 4487 520 4592 ψυχῆς.
549 4487 919 4592 Συλλαμδάνει
950 4487 1060 4590 γάρ
1091 4516 1180 4572 τὸν
1209 4487 1364 4586 λόγον
1393 4517 1450 4570 ὃν
1480 4487 1757 4584 ἀτταγέελ-

1882 4517 2004 4569 ειιὶιιι
2033 4531 2361 4582 sermonem,
2390 4532 2548 4586 quem
2581 4518 2918 4573 ermntiatum
2944 4513 3193 4567 cﬂormat
3214 4523 3268 4567 et
3288 4512 3431 4580 ligu—

181 4609 398 4682 λόμενον
430 4616 630 4684 μορφοῖ
657 4613 752 4665 καὶ
773 4615 932 4666 τυποῖ
969 4612 1132 4665 αὑτὸν
1169 4612 1231 4680 τῇ
1258 4608 1426 4674 τάξει.
1463 4607 1578 4660 ”Οτ’
1609 4605 1674 4660 ἂν
1701 4605 1757 4657 δὲ

185 4706 317 4776 μετὰ
335 4707 396 4759 τὸ
429 4707 680 4759 τυπῶσαι
706 4707 796 4759 καὶ
819 4705 1103 4777 μορφῶσαι
1122 4703 1284 4756 αὐτὸν
1304 4702 1519 4772 ἕτοιμον
1541 4699 1760 4770 γενόμε-

182 4811 286 4857 νον,
318 4796 392 4866 μὴ
411 4795 490 4858 ὠς
511 4794 773 4866 ἐκτρωμα
803 4795 1083 4865 ἀνέτοιμον
1113 4794 1205 4846 καὶ
1228 4791 1413 4854 ἀτελὲς
1437 4788 1712 4860 παραδιδῷ
1737 4829 1752 4854 ,

183 4885 289 4937 ἀλλ’
314 4886 390 4949 ὡς
417 4886 816 4958 τελεσφορηθὲν
851 4889 944 4940 καὶ
979 4885 1393 4956 τετελειωμένον
1419 4883 1627 4953 εἴποιμι
1666 4884 1749 4936 ἄν.

184 4973 288 5047 (Ξϐ)
325 4977 479 5047 Στίχ.
523 4977 606 5030 ιϐ’.
666 4978 727 5031 Ἡ
773 4977 840 5031 δὲ
888 4978 1116 5046 γαστήρ
1154 4995 1273 5045 μου
1321 4977 1524 5042 ὥσπερ
1563 4973 1751 5039 ἀσκὸς

556 5049 852 5117 γλεύκους
885 5049 1024 5109 ζέων
1055 5049 1392 5117 δεδεμένος.

246 5141 401 5193 Δοκεῖ
440 5157 532 5210 μοι
565 5140 814 5193 ἐντεῦθεν
838 5143 1086 5213 εἰρῆσθαι
1113 5143 1172 5194 τὸ
1210 5145 1267 5194 ἐν
1299 5140 1378 5211 τῷ
1417 5139 1747 5210 Εὑαγγελίῳ·

273 5279 320 5318 ⁷⁸
349 5283 527 5339 Eccle.
554 5296 638 5346 ιιι,
672 5281 727 5345 l,
765 5281 818 5334 7.
895 5282 940 5312 ⁷⁷
965 5281 1109 5335 Psal.
1140 5297 1309 5346 Lxxn,
1331 5280 1388 5333 2.
1464 5280 1522 5311 ⁷⁸
1546 5280 1675 5334 ibid.

249 5475 357 5544 (19)
383 5479 552 5534 Deest
593 5479 646 5532 in
681 5495 793 5533 χιι.

255 5547 364 5620 (eo)
401 5549 536 5604 Vide
564 5548 876 5620 Olympiod.

251 5617 358 5687 (21)
390 5621 574 5688 Aqui].
602 5617 657 5676 ei.
685 5617 920 5681 Theod.,
954 5617 1176 5685 γνῶσιν.
1208 5646 1273 5656 —-
1313 5617 1514 5672 COnfeI‘
1561 5626 1598 5672 ι.
1641 5618 1751 5680 ΧΙΙ,

193 5687 287 5740 col.
316 5689 476 5742 1040.

257 5756 365 5830 (22)
403 5758 602 5816 Confer
620 5757 833 5829 Olymp.
869 5767 920 5813 et
958 5755 1102 5828 Orig.
1165 5755 1275 5812 t.-ll
1327 5757 1501 5829 (Patr.
1544 5769 1579 5812 ι.
1613 5759 1753 5830 ΧΠ),

1860 4618 1946 4660 rat
1973 4608 2186 4663 ordine.
2219 4610 2444 4674 Quando
2471 4620 2672 4674 autem,
2704 4619 2990 4679 p0stquam
3027 4606 3330 4660 eﬂormavit
3371 4615 3430 4660 et

1861 4697 2115 4769 figuravit
2158 4714 2282 4753 eum
2330 4701 2486 4766 edit;
2521 4701 2647 4770 quia
2675 4713 2949 4770 paratum,
3006 4715 3115 4757 non
3171 4710 3428 4768 tanquam

1857 4793 2165 4848 abortivum
2215 4792 2543 4864 imparatum
2575 4809 2639 4849 ac
2671 4795 3050 4864 imperfectum
3084 4795 3283 4860 tradat,
3331 4791 3426 4850 sed

1855 4891 1916 4938 ut
1947 4884 2252 4938 absolutum
2283 4885 2709 4956 perfectumque,
2758 4903 2856 4957 ego
2886 4888 3143 4941 dixerim.

1860 4975 1925 5029 V.
1981 4974 2070 5030 19.
2134 4973 2325 5030 Venter
2370 4985 2544 5048 autem
2576 4993 2748 5042 meus,
2779 4990 3030 5048 tanquam
3071 4986 3190 5032 uter
3238 4979 3423 5045 musti,

2420 5046 2622 5114 fervens
2647 5048 2866 5116 ligatus.

1931 5137 2153 5192 Videtur
2199 5139 2327 5192 mihi
2379 5137 2507 5191 hinc
2552 5138 2756 5193 dictum
2792 5139 2922 5193 illud
2970 5139 3022 5192 in
3076 5137 3373 5213 Evangelio
3405 5155 3424 5194 :

1853 5475 1958 5530 col.
1989 5476 2143 5530 1040.

1925 5545 2036 5614 (25)
2061 5547 2230 5600 Aliter
2253 5547 2372 5600 loco
2400 5548 2587 5600 citato.

1923 5616 2037 5680 (24)
2079 5615 2237 5669 Forte
2266 5617 2424 5686 αὐτῇ.

1929 5687 2040 5755 (‘25)
2073 5686 2124 5739 In
2159 5687 2280 5740 cod.
2319 5681 2434 5749 χιιι,
2463 5682 2702 5755 τοιοῦτόν
2738 5699 2826 5754 μοι
2858 5681 2967 5734 νόει
3003 5681 3266 5755 γίνεσθαι.

1929 5753 2037 5828 (26)
2081 5757 2313 5812 Dccstin
2339 5770 2444 5811 uno
2471 5755 2590 5809 cod.
2635 5753 2770 5807 Ilinc
2830 5754 3008 5807 hausit
3058 5753 3268 5821 Olymp.
