3878 6212
417 315 492 374 93
1299 324 1856 382 SUPPLEMENTUM
1889 325 1984 379 AD
2019 323 2342 382 ORIGENIS
2381 323 2795 381 EXEGETICA.
3600 316 3674 371 96

421 434 592 489 Nemo
639 436 815 489 vinum
883 453 1069 491 novum
1127 441 1182 490 in
1224 447 1366 492 utres
1434 447 1670 492 uetustos
1721 438 1864 508 ponit
1918 436 1984 490 "'.

2120 437 2304 504 ὶύδεὶς
2332 434 2500 491 οἶνον
2533 437 2675 491 νέον
2714 439 2801 502 εἰς
2841 432 3073 499 ἀσκοὺς
3108 433 3401 498 παλαιοὺς
3424 433 3649 497 ,ϐάλλει

419 569 486 623 γ.
517 570 609 624 ‘20.
653 569 885 641 Loquar,
931 581 987 625 ut
1033 559 1354 640 requiescam
1393 589 1512 627 cum
1546 573 1991 644 aperuerolabia.

490 683 590 738 Cui
650 687 882 756 contigit
932 686 1324 757 intelligentem
1384 686 1586 742 habere
1647 687 1992 752 auditorem,

420 793 545 833 cum
571 779 762 848 plenus
806 781 876 834 sit
922 795 1259 846 sermonum,
1309 779 1536 850 loquens
1585 781 1898 850 requiescit,
1939 789 1996 836 et

423 871 556 926 dicit
590 896 600 927 :
625 873 859 946 Loquar,
887 883 946 928 ut
975 875 1311 945 requiescam.

528 961 594 1018 ν.
641 963 730 1018 22.
781 963 962 1034 Neque
1003 965 1140 1016 enim
1193 966 1299 1016 scio
1347 965 1530 1017 mirari
1585 981 1889 1032 personam.

495 1053 678 1124 Neque
733 1057 872 1109 enim
917 1058 1027 1110 scio
1075 1059 1262 1110 mirari
1312 1071 1767 1126 personam:non
1821 1055 1996 1109 haheo

420 1148 565 1203 hanc
587 1147 898 1212 scientiam,
923 1157 980 1202 ut
1008 1163 1295 1217 personam
1319 1149 1588 1215 admirer;
1622 1149 1716 1202 sed
1747 1147 1996 1202 homines

419 1249 733 1304 contemno,
763 1248 817 1294 et
849 1241 1110 1309 pudorem
1137 1240 1380 1296 virorum
1398 1240 1539 1308 apud
1559 1239 1726 1310 ipsos,
1757 1247 1808 1292 et
1840 1252 1996 1291 vere—

420 1331 673 1385 cundiam
703 1332 842 1400 apud
869 1333 1033 1400 ipsos.

529 1419 596 1475 V.
620 1421 709 1476 2‘3.
749 1421 807 1475 Si
834 1433 1009 1476 autem
1041 1440 1186 1490 non;
1211 1433 1258 1478 et
1295 1441 1376 1478 me
1411 1425 1564 1478 tinea:
1599 1421 1888 1476 comedent.

493 1511 565 1570 Ut
592 1513 636 1568 si
679 1516 835 1566 tineae
859 1513 1226 1585 depascantur
1261 1530 1356 1570 eos
1393 1515 1484 1585 qui
1517 1515 1789 1584 accipiunt
1811 1525 1997 1584 perso-

420 1618 522 1662 nas
547 1605 848 1662 hominum.

992 1697 1146 1753 CAP.
1199 1697 1417 1752 XXXV.

704 1789 768 1844 V.
820 1787 872 1842 6.
935 1788 991 1844 Si
1051 1790 1308 1859 peccasti,
1351 1790 1477 1860 quid
1508 1788 1715 1859 facies?

495 1878 552 1935 Si
583 1881 888 1950 respexeris
916 1883 966 1935 in
1001 1883 1224 1948 caelum,
1249 1891 1304 1936 et
1325 1881 1762 1936 consideraveris
1796 1881 1990 1948 nubes,

420 1971 685 2044 intelliges
736 1975 864 2044 quid
919 1973 1250 2044 peccaveris.
1290 1974 1351 2028 Et
1389 1973 1515 2043 quid
1541 1981 1592 2028 te
1615 1973 1798 2028 facere
1827 1989 1993 2043 opor-

422 2067 538 2122 tet?
565 2067 948 2122 Accedendum
974 2077 1058 2121 est
1093 2068 1160 2122 ad
1192 2068 1504 2138 pontilicem
1526 2109 1542 2134 ,
1589 2079 1643 2122 et
1687 2068 1990 2137 deprecan-

419 2159 572 2226 dum,
613 2170 670 2214 ut
699 2159 938 2228 pontifex
983 2159 1176 2214 offerat
1209 2162 1484 2216 victimam
1531 2177 1628 2232 pro
1659 2171 1730 2214 te.
1780 2159 1837 2216 Si
1876 2163 1991 2231 quis

419 2254 564 2306 enim
610 2252 916 2318 peccauerit,
951 2253 1260 2306 advocatum
1293 2255 1541 2307 habemus
1589 2258 1728 2322 apud
1756 2252 1990 2318 Putrem,

425 2344 603 2400 Iesum
642 2343 911 2399 Christum
943 2345 1169 2413 justum,
1220 2355 1269 2400 et
1301 2346 1410 2413 ipse
1434 2347 1738 2416 propitiatio
1775 2357 1850 2401 est
1897 2365 1992 2416 pro

418 2438 643 2508 peccatis
671 2437 864 2492 nostris
900 2436 967 2490 3°.

421 2528 484 2581 V.
513 2526 564 2579 6.
598 2525 658 2582 Si
692 2537 866 2581 autem
897 2540 944 2582 et
975 2526 1142 2664 multis:
1178 2527 1454 2630 illeq’itima
1485 2530 1660 2600 egisti,
1696 2531 1820 2600 quid
1851 2540 1993 2598 poles

1125 2614 1297 2651 acere.

1125 2614 1297 2651 acere:

490 2687 638 2742 Istud
685 2688 926 2744 eﬂicies:
961 2688 1226 2743 dissolves
1278 2687 1475 2743 multas
1528 2691 1993 2760 transgressiones

421 2787 566 2835 tuas.
628 2781 836 2836 Idcirco
883 2790 1103 2851 propter
1161 2781 1527 2846 insanabilia,
1564 2796 1592 2834 a
1643 2783 1840 2850 quibus
1894 2797 1994 2836 nos

421 2887 618 2928 sanare
649 2886 752 2925 non
786 2887 1095 2942 possumus,
1141 2871 1286 2925 venit
1318 2870 1476 2926 Jesus
1507 2871 1754 2926 Christus
1788 2874 1852 2924 de
1883 2885 1995 2924 (‘03-

422 2962 514 3030 lis,
566 2974 623 3018 ut
676 2964 995 3018 insanabilia
1037 2973 1280 3026 sanaret,
1324 2963 1583 3033 ﬁeretque
1633 2965 1762 3017 illud
1797 2981 1809 3016 :
1842 2963 1993 3017 Beati

419 3075 640 3134 quorum
682 3058 910 3112 remisste
939 3067 1059 3112 sunt
1097 3059 1434 3128 iniquitates,
1466 3071 1511 3112 et
1559 3075 1785 3129 quorum
1820 3068 1995 3124 operta

419 3159 541 3203 sunt
572 3159 786 3216 peccata
819 3148 885 3202 ⁸¹.

495 3238 558 3292 ν.
589 3239 640 3290 7.
671 3236 936 3301 Quoniam
965 3239 1330 3310 igiturjustus
1365 3255 1453 3302 es,
1480 3239 1606 3309 quid
1645 3239 1799 3292 dabis
1831 3239 1926 3292 ei?

491 3330 556 3383 At
581 3331 623 3384 si
646 3329 826 3399 justus
845 3345 902 3382 es
933 3332 1339 3398 comparatione
1357 3331 1424 3383 ad
1444 3330 1635 3392 Deum,
1667 3331 1797 3400 quid
1828 3331 1996 3385 babes

429 3419 554 3474 dare
588 3423 880 3476 secundum
913 3421 1184 3492 justitiam
1226 3422 1410 3476 tuam?

492 3512 647 3579 Quod
683 3513 752 3581 si,
777 3522 834 3568 ut
866 3513 948 3568 ais
970 3555 985 3576 ,
1007 3513 1188 3584 justus
1224 3529 1316 3582 es;
1344 3514 1470 3584 quid
1501 3514 1730 3584 adjicies
1754 3515 1846 3571 ei?
1929 3506 1932 3508 ’

567 3696 629 3750 ν.
679 3697 764 3751 10.
815 3696 920 3763 Qui
961 3699 1191 3768 disponit
1232 3702 1500 3755 custodias
1547 3711 1852 3759 nocturnas.

497 3787 752 3843 Eucomia
780 3791 898 3855 Dei,
931 3801 987 3846 et
1018 3791 1206 3847 laudes
1227 3835 1241 3858 ,
1266 3801 1321 3846 et
1347 3795 1852 3848 commendationes
1881 3794 1998 3862 ejus

433 3879 613 3935 aﬂert.
649 3881 755 3946 Qui
784 3883 1015 3953 disponit
1041 3886 1310 3938 custodias
1339 3895 1626 3941 nocturnas
1649 3925 1664 3953 ,
1711 3887 1828 3958 ipse
1857 3886 1998 3943 Deus

424 3982 529 4028 est.

418 4143 422 4146 ς
501 4063 633 4121 Volo
685 4067 828 4122 scire
880 4068 1152 4137 quomodo
1207 4068 1348 4123 Deus
1412 4069 1663 4138 disponat
1717 4070 1997 4126 custodias

429 4170 747 4215 nocturnas.
788 4158 959 4216 Totus
993 4161 1078 4215 hic
1103 4163 1334 4215 mundus
1360 4179 1465 4215 nos
1497 4173 1600 4226 est,
1629 4167 1862 4218 teuehra:
1890 4174 1992 4218 est.

423 4248 540 4306 Lux
575 4263 884 4307 reservatur
912 4253 1030 4309 tibi.
1083 4253 1256 4320 Quam
1301 4256 1454 4310 vides
1497 4271 1638 4309 nunc
1671 4256 1864 4323 lucem,
1903 4272 1999 4326 per

424 4346 705 4416 speculum
766 4347 954 4401 vides:
999 4347 1062 4401 Et
1115 4349 1168 4400 in
1200 4347 1396 4401 lumine
1445 4359 1534 4402 tuo
1581 4349 1868 4403 videbimus
1911 4350 1998 4402 lu-

424 4455 542 4496 men
568 4439 634 4495 θ’.
671 4437 849 4494 Visuri
900 4455 1084 4495 sumus
1135 4440 1264 4494 illud
1315 4441 1622 4510 aliquando.
1679 4439 1846 4510 Igitur
1891 4457 1994 4494 uox

422 4541 507 4587 est
531 4533 786 4586 sarculum
831 4544 1000 4586 tomm
1031 4549 1045 4587 :
1079 4534 1206 4602 quia
1257 4549 1360 4587 nox
1397 4543 1513 4599 est,
1569 4533 1773 4588 inimici
1821 4533 1995 4602 multi,

424 4623 554 4679 fera!
582 4625 761 4679 multa:
794 4625 1244 4683 circumcursant.

496 4711 564 4767 V.
606 4715 690 4771 ll.
729 4715 831 4780 Qui
868 4717 1145 4787 distinguit
1172 4733 1252 4770 me
1291 4733 1321 4770 a
1365 4716 1788 4785 quadrupedibus
1823 4728 1996 4771 (errat.

418 4813 421 4816 ’
499 4809 556 4864 Si
588 4809 665 4863 sis
697 4821 970 4878 peccator,
1001 4827 1104 4864 nou
1131 4810 1278 4864 fuisti
1308 4809 1595 4863 distinctus
1636 4826 1664 4862 a
1695 4809 2001 4878 quadrupe-

426 4902 586 4958 dibus
615 4912 770 4956 lerraa
802 4919 815 4955 :
847 4901 1017 4956 Homo
1048 4904 1184 4956 enim
1220 4919 1338 4956 cum
1375 4903 1431 4956 in
1477 4901 1674 4955 honore
1700 4911 1860 4964 esset,
1894 4917 2001 4954 non

426 4993 709 5048 intellexit.
761 4993 1105 5059 Comparalns
1139 5004 1214 5047 est
1251 4995 1505 5064 jumentis
1536 4994 1924 5061 insipientibus,
1952 5003 1999 5045 et

427 5085 754 5141 assimilatus
793 5098 864 5139 est
889 5087 1014 5154 ipsis
1046 5087 1110 5139 ⁸³.
1149 5087 1204 5140 Si
1242 5089 1317 5141 sis
1372 5096 1644 5155 peccator,
1695 5101 1798 5138 uou
1843 5085 1996 5138 fuisti

431 5179 722 5235 distinctus
749 5195 778 5234 a
814 5180 1254 5250 quadrupedibus
1291 5192 1470 5246 terrar,
1505 5183 1597 5236 sed
1631 5181 1827 5236 dicitur
1859 5179 1950 5232 tibi
1984 5194 1999 5232 :

433 5270 520 5326 Ne
539 5273 745 5341 fueritis
768 5273 899 5327 sicut
921 5290 1081 5340 equus
1108 5285 1155 5328 et
1179 5275 1376 5341 mulus,
1399 5276 1584 5345 quibus
1608 5291 1710 5330 non
1737 5282 1813 5328 est
1847 5273 2006 5327 intel-

2093 529 2240 600 Στίχ.
2281 536 2348 583 κ’.
2379 528 2658 594 Λαλήσω,
2711 529 2810 581 ἵνα
2837 527 3267 650 (manducamus
3301 526 3546 593 ἀνοίξας
3600 529 3674 584 τὰ

2788 616 2854 650 γε
2922 615 2980 650 n.

2785 615 2980 667 χειλη.

2166 692 2277 763 ('27)
2329 694 2386 746 '0
2427 692 2710 760 τυγχάνων
2752 690 2972 744 συνετοῦ
3007 687 3297 761 ἀκροατοῦ,
3317 689 3411 742 καὶ
3430 687 3504 741 ὢν
3537 690 3678 761 πλήη

2098 804 2198 859 ρης
2229 785 2421 854 λόγων,
2456 782 2630 836 λαλῶν
2667 780 3019 845 ἀναπαύεται,
3054 777 3148 831 καὶ
3184 777 3350 846 λέγει·
3383 777 3669 844 Λαλήσω,

2096 877 2197 930 ἵνα
2225 875 2677 942 ἁναπαύσωμαι.

2094 969 2241 1038 Στίχ.
2267 968 2370 1020 κ6’.
2404 968 2484 1020 Οὐ
2511 966 2620 1036 γὰρ
2639 965 2961 1033 ἐπίσταμαι
2991 961 3292 1032 θαυμάσαι
3324 961 3670 1030 πρόσωπον.

2166 1062 2247 1113 Οὐ
2291 1059 2400 1129 γὰρ
2451 1059 2772 1128 ἐπίσταμαι
2812 1055 3113 1126 θαυμάσαι
3163 1056 3503 1123 πρόσωπον.
3556 1052 3676 1105 Οὐκ

2093 1151 2200 1221 ἔχω
2227 1152 2428 1221 ταύτην
2449 1151 2546 1222 τὴν
2590 1151 2780 1220 ὲπιστή
2791 1167 2918 1220 μην,
2948 1150 3035 1202 ἵνα
3065 1147 3328 1218 θαυμάσω
3358 1146 3669 1217 πρόσωπον·

2093 1245 2227 1298 ἀλλὰ
2257 1243 2579 1315 καταφρονῶ
2606 1241 2927 1308 ἀνθρώπων,
2953 1240 3048 1294 καὶ
3080 1240 3178 1309 τῆς
3211 1238 3337 1309 παρ’
3367 1238 3548 1300 αὐτοῖς
3589 1238 3675 1290 αἱ-

2096 1336 2294 1407 σχύνης
2324 1335 2549 1407 βροτῶν,
2586 1335 2678 1387 καὶ
2705 1334 2803 1404 τῆς
2831 1335 2960 1404 παρ’
2991 1332 3174 1394 αὐτοῖς
3208 1330 3489 1401 ἐντροπῆς.

2201 1429 2348 1499 Στίχ.
2377 1429 2482 1482 κδ’.
2511 1431 2580 1482 El
2603 1427 2670 1478 δὲ
2679 1425 2784 1495 μὴ,
2817 1425 2914 1478 καὶ
2945 1423 3049 1493 ἐμὲ
3079 1421 3265 1490 σ’ῆτες
3292 1421 3546 1474 ἔδονται.

2177 1522 2262 1586 Ὧς
2277 1521 2383 1575 τῶν
2401 1520 2577 1592 σητῶν
2607 1519 2944 1573 διεσθιόντων
2977 1517 3098 1580 τοὺς
3114 1515 3180 1568 λα
3188 1513 3489 1586 μϐάνοντας
3513 1513 3679 1586 πρόσ-

2093 1629 2218 1666 ωπα
2251 1611 2346 1666 ἀνθ
2354 1609 2571 1684 ρώπων.

2719 1703 2877 1756 ΚΕΦ.
2920 1700 3045 1758 ΛΕ’.

2341 1795 2492 1865 Στίχ.
2531 1802 2605 1862 ς’.
2637 1796 2704 1848 El
2733 1794 3013 1864 ἥμαρτες,
3059 1793 3116 1846 τί
3145 1790 3428 1861 πράξεις;

2180 1886 2304 1941 Ἐὰν
2334 1886 2640 1958 ἀναϐλέψῃς
2679 1888 2758 1950 εἰς
2786 1885 2876 1938 τὸν
2907 1884 3155 1956 οὐρανὸν,
3209 1884 3302 1936 καὶ
3333 1881 3678 1951 κατανοήσῃς

2095 1980 2166 2034 τὰ
2215 1981 2371 2052 νέφη,
2417 1981 2630 2052 νοήσεις
2677 1979 2730 2032 τί
2778 1979 3041 2049 ἥμαρτες.
3091 1975 3156 2028 Τί
3192 1992 3249 2028 σε
3312 1973 3513 2046 πρᾶξαι
3558 1971 3674 2032 δεῖ;

2096 2074 2498 2147 Προσέρχεσοαι
2541 2074 2618 2144 τῷ
2661 2073 2924 2145 ἀρχιερεῖ,
2970 2069 3064 2123 καὶ
3106 2067 3459 2140 παρακαλεῖν,
3513 2065 3598 2117 ἵνα
3645 2065 3677 2116 ὁ

2097 2166 2382 2237 ἀρχιερεὺς
2410 2165 2735 2237 προσαγάγῃ
2765 2163 2953 2216 Θυσίαν
2988 2162 3115 2232 περ).
3139 2159 3250 2212 σοῦ.
3295 2157 3430 2210 Ἐὰν
3455 2155 3563 2226 γάρ
3585 2171 3676 2219 τις

2096 2258 2348 2328 ἁμάρτῃ,
2409 2257 2795 2325 παράκλητον
2848 2256 3066 2325 ἔχομεν
3111 2250 3259 2320 πρὸς
3297 2249 3402 2303 τὸν
3444 2247 3680 2315 Πατέρα

2110 2352 2342 2418 Ἰησοῦν
2359 2348 2617 2419 Χριστὸν
2637 2348 2890 2409 δίκαιον,
2929 2345 3026 2399 καὶ
3056 2342 3238 2409 αὐτὸς
3269 2341 3523 2411 ἱλασμός
3545 2340 3678 2392 ἐστι

2098 2444 2229 2512 περὶ
2260 2441 2379 2496 τῶν
2393 2439 2822 2511 ἁμαρτημάτων
2852 2437 3039 2508 ἡμῶν.

2099 2535 2245 2604 Στίχ.
2280 2541 2350 2598 ς’.
2381 2534 2446 2585 El
2482 2531 2549 2585 δὲ
2573 2532 2668 2585 καὶ
2699 2531 2900 2609 πολλᾷ
2947 2531 3283 2598 ήνόμησας,
3321 2527 3378 2579 τί
3418 2524 3679 2578 δύνασαι

2745 2616 2994 2668 ποιησαι
3013 2613 3028 2662 ;

2171 2696 2280 2766 (28)
2319 2695 2391 2748 Τὸ
2437 2694 2750 2764 τηλικοῦτον
2800 2695 3066 2762 ποιήσειςο
3110 2689 3396 2751 ἀναλύσεις
3443 2705 3537 2740 σου
3577 2685 3680 2751 τὰς

2100 2789 2298 2851 πολλὰς
2326 2789 2574 2858 ἀνομίας.
2603 2787 2700 2840 Διὰ
2724 2785 2882 2839 τοῦτο
2906 2786 2998 2837 ἐπὶ
3025 2787 3137 2846 τοῖς
3173 2782 3432 2844 ἀνιάτοις,
3453 2775 3533 2842 οἷς
3554 2781 3682 2832 ἑαυ-

2099 2881 2224 2943 τοὺς
2271 2877 2522 2932 ἰάσασθαι
2567 2877 2628 2930 οὑ
2668 2875 2962 2946 δυνάμεθα,
3007 2869 3169 2944 ἦλθεν
3204 2868 3412 2940 Ἰησοῦς
3444 2867 3682 2939 Χριστὸς

2099 2970 2158 3037 ἐξ
2190 2969 2454 3041 οὐρανῶν,
2477 2969 2563 3021 ἵνα
2594 2968 2661 3022 τὰ
2693 2967 2886 3020 ἀνίατα
2922 2967 3163 3035 ἰάσηται,
3197 2963 3293 3017 καὶ
3323 2962 3538 3030 γίνηται
3594 2959 3676 3012 τό·

2098 3061 2406 3130 Μακάριοι,
2439 3055 2526 3114 ὧν
2547 3058 2859 3128 ἀφέθησαν
2901 3060 2961 3110 αὶ
3005 3055 3264 3126 ἀνομίαι,
3304 3052 3403 3108 καὶ
3430 3047 3684 3106 ὧνὰπε-

2025 3157 2066 3213 C
2101 3155 2504 3222 καλύερθησαν
2524 3150 2635 3220 (29)
2668 3153 2724 3203 al
2749 3148 3044 3217 ἁμαρτίαι.

2097 3247 2244 3316 Στίχ.
2287 3243 2351 3308 ζ’.
2401 3243 2632 3309 Ἐπειδὴ
2656 3236 2768 3295 οὖν
2794 3240 3022 3305 δίκαιος
3059 3233 3132 3300 εἶ,
3165 3236 3223 3290 τί
3253 3234 3465 3300 δώσεις
3485 3232 3686 3298 abab;

2181 3337 2318 3390 Ἀλλ’
2353 3338 2402 3388 εἱ
2442 3335 2646 3396 δίκαιος
2687 3329 2736 3385 εἷ
2764 3333 2837 3395 ὡς
2889 3333 3023 3404 πρὸς
3059 3329 3210 3394 Θεὸν,
3242 3329 3294 3382 τί
3324 3327 3466 3397 ἔχεις
3499 3325 3685 3379 δοῦναι

2096 3431 2239 3488 κατά
2272 3430 2368 3501 τὴν
2399 3428 2496 3500 σὴν
2515 3426 2894 3498 δικαιοσύνην;

2169 3525 2280 3596 (50)
2305 3525 2368 3577 Ei
2401 3521 2574 3576 δὲκαὶ
2604 3520 2679 3583 ὡς
2709 3518 2886 3586 λέγεις
2916 3517 3121 3579 δίκαιος
3163 3509 3235 3578 εἴ,
3270 3513 3321 3565 τί
3356 3509 3688 3582 προσθήσεις

2099 3619 2248 3690 αὐτῷ
2269 3636 2283 3683 ;

2167 3689 2312 3780 Στῐχ.
2339 3714 2390 3761 ι’.
2436 3707 2489 3759 Ὁ
2521 3701 2918 3759 κατατάσσων
2944 3699 3219 3769 φυλακὰς
3242 3689 3610 3762 νυκτερινάς.

2171 3804 2280 3874 (51)
2308 3821 2314 3828 ·
2340 3799 2622 3870 Ἐγκώμια
2666 3795 2759 3849 τοῦ
2801 3793 2960 3857 Θεοῦ,
3006 3791 3100 3846 κα).
3142 3790 3324 3851 αῐνους
3353 3788 3446 3840 καί
3480 3786 3690 3856 ὕμνους

2097 3893 2260 3950 αὑτοῦ
2279 3891 2629 3962 διεξέρχεται.
2673 3888 2726 3939 Ὁ
2754 3883 3153 3939 κατατάσσων
3180 3880 3457 3950 φυλακὰς
3477 3892 3689 3930 νυκτικ-

2090 3988 2288 4057 ρινὰς,
2325 3985 2486 4048 αὐτὸς
2517 3986 2544 4036 ὁ
2569 3981 2700 4044 Θεός
2731 3981 2868 4032 ἐστι.

2168 4078 2276 4150 (⁸52)
2309 4077 2460 4131 Θέλω
2495 4073 2776 4137 ἰδεῖν,πῶς
2808 4069 3163 4125 κατατάσσων
3195 4063 3342 4118 ἐστὶν
3374 4064 3403 4116 ὁ
3430 4060 3563 4122 Θεὸς
3583 4075 3691 4128 φυ-

2097 4171 2268 4234 λακὰς
2299 4167 2633 4238 νυκτερινὰς.
2663 4164 2836 4226 Ὄλως
2862 4164 2890 4215 ὁ
2922 4159 3054 4215 αἰὼν
3083 4154 3237 4220 οὗτος
3261 4154 3359 4221 νύξ
3386 4155 3523 4217 ἐστι,
3562 4151 3687 4204 σκιε-

2096 4281 2185 4327 τος
2211 4261 2346 4315 ὲστί.
2377 4260 2452 4313 Τὸ
2503 4258 2617 4328 φῶς
2651 4255 2897 4328 τηρεῖται
2929 4271 3028 4306 σοι.
3060 4254 3125 4305 Ὃ
3169 4249 3387 4322 βλέπεις
3419 4245 3515 4298 νῦν
3546 4243 3687 4312 φῶς,

2099 4354 2163 4407 δι’
2197 4353 2460 4424 ἐσόπτρου
2494 4350 2729 4420 βλέπεις·
2768 4345 2878 4402 Καὶ
2906 4345 2975 4398 ἐν
3004 4341 3083 4409 τῷ
3103 4340 3252 4412 φωτί
3277 4357 3394 4394 σου
3417 4336 3698 4404 ὀψόμεθα-

2103 4445 2246 4516 φῶς.
2275 4443 2557 4514 Μέλλομέν
2595 4458 2722 4496 ποτε
2763 4439 2978 4510 βλέπειν
3012 4436 3164 4490 αὐτό.
3196 4433 3402 4489 Οὐκοῦν
3440 4429 3536 4494 νύξ
3568 4431 3690 4481 ἐστι

2031 4499 2074 4553 D
2103 4499 2218 4599 ἓτᾱέ
2245 4499 2287 4591 bi
2311 4499 2606 4589 αἱὼνίὲπε),
2638 4534 2732 4600 νύξ
2763 4499 2902 4598 εστι,
2932 4529 3158 4594 πόλεμοι
3183 4527 3294 4599 (55)
3327 4522 3533 4586 πολλοὶ,
3563 4519 3694 4574 πολ-

2107 4631 2174 4684 λὰ
2208 4628 2372 4700 οηρία
2402 4627 2772 4700 περιέρχεται.

2177 4722 2323 4790 Στίχ.
2363 4726 2450 4773 ια’.
2481 4721 2533 4771 Ὀ
2551 4716 2814 4786 διορίζων
2835 4735 2910 4787 με
2933 4716 3052 4772 ἀπὸ
3085 4708 3460 4781 τετραπόδων
3481 4704 3616 4778 τῆς.

2180 4810 2292 4880 (⁸54)
2340 4809 2464 4863 Ἐὰν
2495 4804 2562 4883 ᾖς
2608 4807 2948 4878 ἁμαρτωλὸς,
2991 4805 3050 4858 οὐ
3086 4800 3374 4874 διωρίσθης
3426 4797 3536 4850 ἀπὸ
3581 4795 3697 4851 τῶν

2103 4901 2452 4974 τετραπόδων
2500 4901 2622 4970 γῆς.
2683 4900 3018 4966 Ἀνθρωπος
3049 4895 3157 4966 γὰρ
3201 4894 3271 4946 ἐν
3303 4888 3442 4960 τιμῇ
3470 4886 3576 4953 ὢν,
3621 4891 3697 4944 οὐ

2104 4993 2354 5063 συνῆκε.
2390 4989 2901 5062 Παρασυνεϐλὴθη
2937 4988 3059 5053 τοῖς
3081 4983 3327 5050 κτήνεσι
3362 4981 3484 5047 τοῖς
3512 4979 3699 5046 ἀνοή-

2103 5103 2250 5152 τοις,
2299 5083 2396 5138 καὶ
2423 5079 2689 5152 ὡμοιώθη
2720 5079 2944 5145 αὐτοῖς.
2989 5077 3111 5131 Ἐὰν
3138 5073 3204 5150 ᾗς
3234 5071 3577 5145 ἁμαρτωλὸς,
3635 5072 3698 5124 οὐ

2121 5178 2410 5251 διωρίσθης
2441 5178 2548 5231 ἀπὸ
2587 5177 2692 5230 τῶν
2722 5175 3062 5246 τετραπόδων
3097 5175 3193 5241 τῆς
3231 5171 3350 5239 γῆς·
3383 5168 3520 5221 ἀλλά
3539 5167 3702 5234 λέγε-

2121 5273 2210 5325 ταί
2231 5289 2330 5326 σοι·
2354 5271 2448 5338 Μὴ
2473 5272 2708 5340 γίνεσθε
2729 5270 2807 5334 ὠς
2832 5270 3012 5332 ἵππος
3040 5266 3136 5318 καὶ
3161 5265 3428 5333 ἡμίονος,
3458 5257 3551 5328 οἷς
3579 5263 3700 5314 οὐκ

502 5409 548 5442 ⁷⁹
583 5407 771 5464 Matth.
801 5425 876 5478 Ix,
913 5411 1000 5465 t7.
1072 5412 1117 5444 ⁸ο
1165 5409 1365 5468 Ηοιιη.
1418 5428 1477 5475 ιι,
1511 5413 1563 5476 1,
1591 5411 1646 5465 2.
1725 5411 1767 5442 "
1823 5409 1964 5464 Psal.

2120 5430 2146 5472 ἰ,
2193 5409 2241 5460 l.
2317 5405 2362 5436 "
2412 5402 2560 5458 Psal.
2606 5417 2766 5464 xxxv,
2818 5398 2904 5454 10.
2980 5399 3025 5430 ⁸³
3062 5395 3203 5452 Psal.
3240 5407 3427 5456 ιινιιι,
3476 5389 3564 5456 15,
3602 5385 3714 5446 21..

525 5523 619 5590 τ’.)
645 5522 846 5577 Confer
888 5534 926 5577 ι.
962 5523 1074 5587 Xll,
1103 5526 1210 5580 col.
1243 5525 1406 5580 1040.

525 5596 616 5660 28)
657 5594 817 5647 Deest
850 5596 902 5648 in
931 5595 1054 5650 cod.
1087 5613 1195 5650 XXI.

501 5663 616 5731 ('29)
649 5663 787 5734 Lege
820 5665 1043 5719 ἐπεκαλ.

508 5736 620 5801 (50)
655 5735 710 5788 lu
743 5739 865 5790 cod.
896 5753 1010 5796 sui,
1044 5736 1254 5804 Oiymp.
1381 5803 1405 5806 _
1495 5801 1511 5806 _
1721 5797 1756 5806 _,

510 5797 619 5878 ('51,
652 5805 811 5862 Dect
844 5808 896 5862 in
939 5823 1044 5861 uno
1089 5797 1214 5861 υύιὶξ
1249 5835 1311 5846 υ-
1369 5801 1571 5862 Confer
1630 5810 1669 5858 t.
1721 5797 1836 5865 XII,
1898 5797 2004 5854 col.

2122 5521 2298 5660 i0:592.)
2325 5585 2406 5660 Ex
2431 5584 2553 5638 cod.
2587 5598 2712 5660 δτι.
2749 5581 2805 5635 In
2833 5581 2942 5636 alio
2987 5581 3241 5636 tribuitur
3285 5577 3700 5648 ChrysostomJ.

2191 5651 2304 5728 15⁸5)
2325 5656 2483 5728 Forte
2515 5651 2784 5728 πολέμιοι.

2187 5717 2300 5802 (si)
2330 5725 2529 5783 Confer
2566 5733 2604 5779 ι.
2638 5717 2746 5788 xu,
2780 5719 2883 5778 col.
2913 5717 3068 5775 ιοιι.
