3880 6216
236 281 305 334 9ῖ
1480 289 2016 348 ENARRATIONES
2051 294 2120 349 IN
2157 293 2298 350 JOB.
3432 296 3505 352 98

232 400 375 454 ἐστι
397 401 855 468 aduecto—Kal
864 403 991 472 μετ’
1010 405 1199 476 ὀλίγα·
1220 406 1344 460 Ἐὰν
1384 402 1452 478 ᾗς
1480 409 1799 481 ἁμαρτωλὸς

1925 412 2141 482 ligentia
2179 409 2524 480 “.—--Etpost
2547 427 2756 482 pauca:
2783 411 2840 466 Si
2893 411 2970 466 sis
3010 419 3278 482 peccator,
3321 412 3366 466 si
3427 413 3504 466 sis

235 491 337 544 ὲάν
380 487 448 565 ᾖς
491 493 712 566 πόρνος,
753 494 846 548 ὲάν
895 499 1230 570 καταφερὴς,
1265 501 1326 552 οὐ
1375 499 1690 575 διορισθήσῃ
1721 501 1807 554 ἀπὶ

1933 503 2255 570 fornicator,
2284 506 2328 558 si
2363 520 2606 574 praeceps
2631 543 2646 567 ,
2683 519 2790 557 non
2824 503 3176 573 distiugueris
3197 518 3226 557 a
3263 503 3499 573 quadru-

232 584 351 638 τῶν
373 586 738 657 τετραπόδων.
771 588 965 641 Ἵπποι
1001 590 1365 660 θηλυμανεῖς
1391 591 1806 661 ἐγεννήθησαν

1929 595 2174 664 pedibus.
2223 594 2365 665 Equi
2418 595 2684 649 luxuriosi
2740 596 2851 649 nati
2905 605 3028 648 sunt
3073 595 3140 647 ⁸⁸.
3209 593 3510 664 Propterea.

234 676 340 729 Διά
357 677 515 731 τοῦτο
538 678 754 751 θαρρῶν
778 680 945 748 λέγει,
970 683 1051 735 ὅτι
1082 683 1372 756 ἐχωρίσθη·
1393 685 1456 737 '0
1479 684 1742 754 διορίζων
1751 703 1807 754 με

1929 689 2189 742 audacter
2217 690 2382 753 dicit,
2430 689 2555 757 quia
2589 699 2905 758 segregatus
2942 697 3053 743 est:
3077 687 3184 754 Qui
3222 683 3510 759 distingui?

233 768 360 822 ἀπὸ
395 771 775 838 τετραπόδων
797 771 872 842 γῆ
877 795 928 840 ς.

887 867 1044 920 ΚΕΦ.
1079 868 1166 919 Μ’.

234 954 392 1025 Στίχ.
423 963 494 1024 γ’.
531 956 647 1029 Μὴ,
671 957 828 1011 ἀλλὰ
862 957 1036 1018 ζῶσαι
1069 957 1268 1028 ὥσπερ
1298 959 1452 1028 ἀνὴρ
1469 961 1584 1026 τὴν
1623 962 1825 1029 ὀσφύν

309 1042 454 1099 cov.
485 1027 701 1099 Δίδωμί
729 1046 829 1082 σοι
845 1031 1208 1098 παρρησίαν.
1232 1027 1492 1099 “Equites
1522 1027 1820 1098 ἐρωτήσω·

301 1097 388 1150 σὺ
428 1097 496 1150 δέ
508 1115 608 1166 μοι
637 1100 972 1167 ἀπόκριναι.

265 1244 270 1248 ,
312 1188 429 1259 (55)
465 1189 602 1259 Ἤδη
638 1186 800 1244 ἆθλον
847 1190 997 1262 αὐτῷ
1027 1191 1288 1247 δίδωσινὸ
1317 1193 1466 1256 Θεός.
1501 1193 1823 1264 ’Ἄνθρωπον

230 1283 440 1355 ἐρωτᾷ,
481 1283 563 1335 ὅτι
595 1283 921 1338 πυνθάνεται
959 1285 1147 1348 αὑτοῦ,
1184 1287 1265 1338 ὅτι
1317 1286 1530 1339 δίδωσιν
1574 1284 1820 1352 ἐξουσίαν

227 1373 337 1442 τῆς
362 1372 724 1444 ἀποκρίσεως.
744 1375 806 1427 Εἰ
829 1375 903 1444 μὴ
921 1369 990 1445 ἦν
1011 1374 1330 1447 νενικηκὼς,
1360 1377 1460 1428 οὐκ
1487 1375 1552 1428 ἂν
1578 1375 1820 1445 ἐλάμϐα-

228 1484 348 1519 νεν·
379 1469 428 1520 εξ
480 1469 553 1538 μὴ
605 1463 675 1538 ἦν
729 1467 1046 1537 ὑπομείνας,
1101 1467 1201 1520 οὐκ
1243 1466 1308 1520 ἂν
1355 1468 1574 1538 ἤκουσε·
1621 1465 1818 1520 Ζῶσαι

227 1560 440 1629 ὥσπερ
456 1560 610 1628 ἀνὴρ
637 1561 752 1628 τὴν
773 1560 974 1628 ὀσφύν
1005 1575 1140 1614 σου.
1176 1559 1478 1628 Ἐρωτήσω
1516 1559 1584 1612 δέ
1606 1574 1697 1612 σε’
1736 1558 1818 1611 σὺ

228 1650 302 1704 δέ
318 1669 420 1720 μοι
453 1651 790 1720 ἀπόκριναι.

1926 794 2007 831 me
2037 795 2071 831 a
2096 780 2516 849 quadrupedibus
2537 792 2710 834 terrae.

2558 873 2710 928 CAP.
2741 871 2857 928 XL.

1927 961 2073 1035 V._5.
2109 961 2478 1032 Nequaquam,
2506 966 2597 1018 sed
2626 966 2837 1035 accinge
2878 975 2934 1020 ut
2967 967 3048 1020 vir
3071 965 3300 1019 lumbum
3328 976 3496 1018 tuum.

1996 1033 2080 1088 Do
2119 1035 2214 1087 tibi
2245 1035 2493 1104 loquendi
2521 1037 2745 1091 veniam.
2778 1033 2904 1106 'Ego
2943 1047 2992 1091 te
3034 1038 3367 1106 interrogabo
3391 1051 3409 1088 :
3439 1043 3498 1088 tu

1995 1115 2170 1158 autem
2203 1105 2331 1158 mihi
2358 1107 2633 1172 responde.

1993 1193 2112 1250 Jam
2137 1203 2411 1251 certamen
2442 1196 2490 1250 ei
2524 1197 2616 1250 dat
2653 1196 2818 1252 Deus.
2854 1197 3138 1254 Hominem
3172 1199 3498 1266 interrogat,

1923 1289 2050 1358 quia
2069 1289 2340 1358 dignoscit
2362 1288 2535 1353 illum,
2565 1289 2685 1357 quia
2713 1291 2900 1345 tribuit
2926 1291 3240 1346 facultatem
3276 1305 3501 1358 respon-

1922 1382 2104 1436 dendi.
2133 1382 2187 1436 Si
2216 1397 2320 1436 non
2347 1381 2583 1445 vicisset,
2611 1383 2795 1451 utique
2817 1400 2921 1440 non
2947 1384 3279 1452 accepisset:
3316 1383 3360 1435 si
3393 1397 3500 1438 non

1924 1475 2141 1530 tulisset
2175 1478 2473 1546 patienter,
2520 1497 2627 1536 non
2662 1483 2850 1550 utique
2900 1479 3196 1534 audivisset
3225 1499 3238 1533 :
3274 1478 3502 1546 Accinge

1921 1580 1975 1620 ut
2003 1569 2082 1622 uir
2124 1569 2355 1622 lumbum
2383 1581 2530 1626 tuum
2565 1591 2584 1628 :
2629 1574 2970 1643 interrogabo
2999 1583 3174 1626 autem
3195 1581 3273 1634 te,
3303 1581 3361 1624 tu
3381 1585 3501 1625 vero

1919 1660 2047 1712 mihi
2075 1663 2350 1728 responde.

311 1744 424 1798 Τοῦ
469 1744 674 1798 αὑτοῦ.
729 1745 820 1815 Μὴ
865 1745 1127 1816 πρότερον
1181 1743 1570 1815 ἀποκρινάσθω
1606 1759 1690 1805 τις
1740 1740 1807 1811 τᾷ

1991 1751 2268 1822 Ejusdem.
2322 1753 2402 1810 Ne
2443 1756 2597 1824 prius
2639 1756 2964 1826 respondeat
3030 1755 3154 1824 quis
3200 1752 3336 1817 Deo,
3393 1752 3498 1806 nisi

227 1835 376 1906 Θεῷ,
411 1836 507 1888 ὲάν
545 1835 640 1907 μὴ,
686 1836 973 1907 γενόμενος
1004 1834 1163 1906 ἀνὴρ,
1200 1832 1440 1906 ζώσηται
1461 1833 1650 1904 ὥσπερ
1680 1831 1819 1903 ἀνὴρ

223 1928 333 1999 τὴν
366 1929 538 1997 ὀσφὺν
568 1926 924 1982 αὑτοῦ.“οσον
955 1927 1065 1996 γὰρ
1092 1928 1126 1997 ἡ
1151 1927 1321 1996 ὀσφὺς
1349 1925 1512 1979 αὑτοῦ
1541 1925 1640 1978 οὐκ
1673 1923 1808 1986 ἕξω-

225 2038 378 2086 σται,
406 2022 538 2075 ἀλλά
585 2022 822 2084 λέλυται,
853 2022 946 2076 καὶ
973 2021 1094 2090 οὐχὶ
1139 2019 1496 2091 περιδέδεται,
1533 2017 1652 2070 οὐδὲ
1684 2033 1809 2068 συν-

222 2113 541 2181 ἐσφιγκται,
595 2114 654 2166 οὐ
711 2113 931 2167 δύναται
990 2112 1224 2181 εὐλόγως
1279 2109 1674 2183 ἀποκρίνασθαι
1735 2107 1811 2178 τῷ

221 2206 444 2277 Κυρίῳ.

221 2298 383 2367 Στίχ.
424 2303 492 2365 γ’.
537 2297 841 2366 Ἐρωτήσω
871 2296 936 2350 δέ
974 2312 1064 2350 σε·
1091 2296 1172 2349 σὺ
1195 2295 1261 2348 δέ
1303 2313 1402 2365 μοι
1438 2295 1808 2362 ἀποκρίθητι.

300 2391 386 2443 Τὰ
415 2392 510 2462 μὲν
537 2390 717 2444 τέλεια
744 2390 850 2443 τῶν
871 2391 1265 2460 ἀγωνισμάτων
1304 2392 1415 2451 τοῖς
1443 2388 1622 2451 καλῶς
1646 2385 1812 2458 ἀθλή-

222 2499 360 2535 σασι
391 2482 530 2552 μετά
550 2483 644 2536 τὸν
675 2481 787 2552 βίον
827 2483 1115 2534 ἀπόκειται
1142 2481 1350 2534 τοῦτον.
1384 2481 1548 2533 Οὐδὲν
1574 2479 1630 2532 δὲ
1651 2475 1811 2550 ἦττον

220 2576 323 2629 καὶ
371 2575 472 2646 ἥδη
517 2577 550 2646 ή
591 2575 749 2646 χάρις
805 2575 838 2644 ἡ
890 2574 983 2627 τοῦ
1027 2573 1162 2626 Θεοῦ
1210 2571 1640 2645 ἀρραϐωνίζεται
1687 2570 1813 2633 τοὺς

219 2668 488 2740 ἀθλητάς.
506 2668 618 2721 τΔιά
632 2666 808 2731 τοῦτο,
827 2667 914 2718 ὅτε
942 2667 1247 2735 ἠγωνίσατο
1272 2665 1338 2718 τὰ
1368 2665 1641 2736 μέγισταὸ
1669 2661 1809 2715 Ἰώϐ-

218 2763 340 2826 ὂτε,
375 2761 660 2814 ἀποϐαλὼν
704 2761 774 2814 τὰ
791 2761 1123 2831 ὑπάρχοντα,
1159 2758 1372 2823 ὲδόξασε
1404 2757 1492 2810 τὸν
1524 2757 1808 2810 δεδωκότα·

217 2856 340 2919 ὅτε,
369 2855 700 2925 ἀποθέμενος
730 2853 798 2907 τά
818 2854 1003 2916 τέκνα,
1032 2851 1400 2923 ηύχαρίστησε
1441 2849 1520 2920 τῷ
1554 2847 1812 2920 παρειλη-

222 2950 376 3017 φότι*
405 2950 515 3012 ὅτε,
563 2949 761 3020 νοήσας
792 2949 866 3012 ὡς
902 2947 1188 3018 σκώληκας
1230 2945 1448 3012 ἀνάγειν
1493 2943 1655 2998 αὑτοῦ
1705 2942 1814 2999 ἀπὸ

219 3039 322 3092 τοῦ
363 3039 630 3109 σώματος,
665 3039 725 3091 οὐ
761 3038 1037 3108 νενίκηται
1065 3037 1171 3091 ἀπὸ
1194 3036 1301 3088 τῶν
1325 3037 1519 3088 πόνων·
1555 3034 1814 3106 προοίμια

1911 1844 2091 1900 factus
2115 1846 2221 1910 vir,
2254 1847 2592 1902 succinxerit
2622 1858 2680 1902 ut
2709 1850 2791 1902 vir
2817 1847 3056 1902 lumbum
3081 1862 3260 1902 suum.
3299 1845 3500 1912 Quate-

1913 1951 2013 1990 nus
2035 1936 2180 1990 enim
2211 1936 2428 1993 lumbus
2455 1938 2599 1994 illius
2629 1955 2732 1994 non
2761 1949 2845 1993 est
2873 1941 3174 2004 accinctus,
3197 1938 3291 1993 sed
3321 1939 3497 1991 disso-

1912 2031 2078 2090 lutus,
2104 2043 2206 2084 nec
2235 2031 2662 2087 circumciuctus
2683 2073 2698 2098 ,
2737 2047 2916 2101 neque
2947 2032 3114 2088 etiam
3165 2031 3497 2084 constrictus

1914 2119 2034 2185 fuit,
2063 2135 2169 2173 non
2206 2130 2385 2190 potest
2432 2125 2830 2180 rationabiliter
2870 2125 3204 2196 respondere
3240 2123 3492 2176 Domino.

1919 2306 1980 2360 V.
2029 2308 2081 2362 5.
2129 2307 2475 2378 Interrogabo
2500 2319 2677 2363 autem
2702 2320 2748 2363 te
2777 2323 2795 2360 :
2815 2319 2870 2363 tu
2902 2327 3020 2363 vero
3063 2311 3190 2362 mihi
3217 2310 3490 2377 responde.

1983 2397 2225 2453 Perlecta
2271 2401 2626 2454 certaminum
2667 2401 2886 2470 praemia
2932 2401 2996 2456 iis
3035 2403 3123 2469 qui
3150 2400 3288 2456 bene
3315 2411 3492 2455 certa-

1915 2501 2108 2544 verunt
2131 2499 2254 2560 post
2272 2492 2417 2546 banc
2442 2492 2606 2546 vitam
2636 2501 2909 2546 reservata
2929 2501 3074 2547 sunt.
3103 2491 3282 2546 Nihilo
3305 2497 3488 2546 tamen

1917 2583 2096 2636 minus
2126 2582 2238 2650 jam
2274 2585 2438 2637 etiam
2470 2583 2643 2652 gratia
2679 2583 2772 2636 Dei
2815 2584 2968 2652 quasi
3016 2585 3238 2636 arrhatn
3284 2585 3489 2651 pra‘bet

1915 2676 2155 2730 athletis.
2187 2674 2482 2744 Propterea
2507 2676 2722 2744 quando
2747 2678 2980 2728 maxima
3003 2675 3297 2730 certamina
3325 2675 3492 2728 susti-

1916 2766 2182 2830 nuitJob;
2217 2769 2434 2836 quando
2461 2767 2720 2820 amittens
2765 2766 3055 2821 facultates
3085 2767 3331 2820 datorem
3368 2767 3484 2819 lau~

1916 2860 2100 2922 davit;
2157 2859 2374 2928 quando
2404 2858 2625 2913 amissis
2666 2859 2854 2913 liberis
2893 2859 3102 2929 gratias
3146 2860 3257 2929 egit
3303 2860 3352 2913 ei
3397 2859 3488 2927 qui

1915 2951 2249 3016 abstulerat;
2312 2953 2529 3021 quando
2574 2953 3015 3006 animadvertens
3059 2951 3215 3020 quasi
3268 2965 3492 3005 vermes

1917 3057 2264 3096 Succrescere
2289 3043 2357 3097 de
2381 3057 2611 3113 corpore
2645 3042 2782 3111 ejus,
2814 3055 2919 3094 non
2961 3039 3062 3094 fuit
3086 3041 3260 3094 victus
3283 3055 3311 3094 a
3340 3040 3490 3094 laboo

221 3132 321 3186 καὶ
361 3129 652 3201 ἀρραϐῶνα
705 3128 814 3182 τῶν
857 3129 1102 3200 ἀθλητῶν
1151 3128 1364 3181 δίδωσιν
1410 3124 1557 3196 αὐτῷ
1589 3128 1616 3178 ὁ
1658 3125 1807 3190 Θεὸς,

1918 3132 2108 3197 ribus;
2155 3133 2427 3201 primitias
2481 3131 2742 3202 quasdam
2801 3142 2855 3185 et
2889 3131 3107 3184 arrbam
3161 3133 3487 3186 certantium

219 3221 578 3294 χρηματίσας
607 3220 756 3291 αύτῷ
785 3220 872 3273 διὰ
892 3220 1149 3283 λαίλαπος
1183 3219 1276 3271 καὶ
1305 3215 1503 3287 νεφῶν.
1548 3214 1807 3278 Ἀκούσας

1917 3225 2124 3278 deditei
2157 3224 2317 3287 Deus,
2345 3224 2616 3277 allocutus
2644 3236 2768 3275 eum
2794 3238 2890 3292 per
2913 3221 3177 3277 turbinem
3208 3234 3262 3276 et
3293 3225 3485 3279 nubes.

219 3313 317 3370 οὖν
351 3317 628 3387 προτέρων
672 3316 864 3384 λόγων,
905 3315 1023 3368 δέον
1051 3313 1448 3386 ἀποκρίνασθαι
1485 3312 1620 3384 πρὸς
1655 3310 1807 3375 Θεὸν,

221 3411 432 3480 σιωπᾷ,
465 3409 540 3472 ὼς
571 3410 672 3462 οὐκ
717 3408 854 3479 ἔχων
891 3407 1203 3480 παρρησίαν
1237 3404 1634 3476 ἀποκρίνασθαι
1675 3401 1809 3473 πρὸς

220 3501 412 3554 αὐτόν.
446 3499 613 3554 Οὔπω
643 3500 750 3572 γὰρ
783 3501 899 3572 ᾔδει
933 3500 994 3553 τὸ
1032 3499 1256 3571 ὕστερον
1289 3496 1674 3568 γεγραμμένον
1703 3494 1808 3547 ὑπὸ

219 3594 528 3657 Μωῦσέως,
562 3594 640 3654 ὡς
671 3591 934 3660 Μωϋσῆς
966 3590 1190 3656 ἐλάλει,
1224 3595 1256 3644 d
1284 3589 1351 3642 δὲ
1387 3588 1532 3653 Θεὸς
1569 3586 1808 3654 ἀπεκρί-

220 3704 372 3741 νατο
399 3687 559 3752 αὐτῷ
587 3685 777 3754 φωνῇ.
820 3685 907 3748 Ὡς
933 3683 1006 3756 μὴ
1047 3683 1402 3752 ἐπιστάμενος
1423 3681 1601 3733 τοίνυν
1628 3678 1805 3739 τοῦτο,

221 3779 282 3832 οὐ
312 3778 459 3830 θέλει
478 3776 876 3850 ἀποκρίνασθαι
919 3775 1055 3848 πρὸς
1086 3775 1176 3827 τὸν
1218 3773 1370 3828 Θεόν.
1413 3773 1472 3826 Ὀ
1495 3771 1551 3824 δὲ
1573 3771 1702 3835 Θεὸς
1732 3770 1808 3824 δί-

221 3869 388 3924 δωσιν
421 3869 569 3941 αὐτῷ
608 3867 918 3941 παρρησίαν
949 3866 1044 3920 τοῦ
1071 3866 1272 3922 λαλεῖν.
1309 3865 1421 3920 Καὶ
1450 3864 1579 3934 μεθ’
1613 3864 1804 3932 ἕτερα·

223 3962 476 4033 Τοσαύτη
510 3963 657 4014 ἐστὶν
693 3964 727 4034 ἡ
765 3959 1068 4032 χρηστότης
1120 3958 1215 4013 τοῦ
1243 3957 1399 4022 Θεοῦ,
1435 3957 1576 4011 ὥστε
1610 3957 1808 4011 ἀναλα-

223 4054 340 4107 ϐεῖν
371 4054 534 4107 αὑτὸν
568 4053 854 4125 πρόσωπον
885 4053 945 4106 ού
980 4051 1274 4123 κρίνοντος,
1307 4049 1442 4102 ἀλλά
1486 4049 1805 4120 κρινομένου

226 4145 368 4217 μετά
399 4143 493 4198 τοῦ
527 4143 832 4215 ἀνθρώπου.
865 4145 974 4196 Καὶ
1005 4142 1194 4196 πολλαὶ
1219 4141 1374 4194 τοῦτο
1406 4139 1647 4206 ἐδίδαξαν
1667 4141 1808 4210 Γρα-

223 4236 344 4306 φαί.
375 4234 574 4299 Δεῦτε,
621 4234 717 4286 καὶ
739 4230 1162 4302 διαλεχθῶμεν,
1204 4231 1366 4300 λέγει
1397 4231 1630 4298 Κύριος.
1672 4229 1802 4294 Καὶ,

224 4330 382 4395 Λαός
390 4347 532 4398 μου,
563 4327 761 4399 μᾶλλον
794 4326 850 4379 δὲ
873 4326 902 4378 ὁ
928 4325 1059 4388 Θεὸς
1089 4323 1225 4395 μετά
1256 4322 1350 4377 τοῦ
1371 4321 1501 4376 λαοῦ
1530 4322 1807 4393 διαλεχθή-

223 4438 399 4484 σεται,
423 4421 572 4486 λίιός
585 4436 725 4489 μου,
741 4418 798 4471 τί
811 4414 1070 4483 ἐποίησὰ
1101 4414 1271 4483 σοι,ἧ
1288 4416 1346 4468 τί
1365 4414 1806 4484 παρηνόχλησά

222 4529 353 4576 σοι;
376 4511 729 4580 ἀποκρίθητέ
740 4527 859 4578 μοι,
892 4509 985 4561 καὶ
1005 4508 1073 4561 τὰ
1093 4507 1236 4577 ἑξῆς.

430 4606 577 4676 Στιχ.
611 4611 680 4672 γ’.
709 4602 805 4671 Μὴ
837 4601 1130 4657 ἀποποιοῦ
1155 4618 1273 4670 μου
1300 4600 1364 4654 τὸ
1390 4599 1586 4670 κρῖμα.

291 4698 404 4770 (⁸56)
435 4698 532 4765 Μὴ
580 4695 875 4751 ἀποποιοῦ
896 4713 1014 4764 μου
1036 4694 1212 4748 τοῦτο
1247 4693 1311 4746 τὸ
1354 4694 1551 4763 κρῖμα.
1593 4693 1793 4747 Τούτου

220 4792 313 4844 τοῦ
347 4790 511 4861 ῥητοῦ
533 4789 608 4852 ὡς
632 4789 904 4860 χρησίμου
937 4785 1415 4858 μνημονεύσωμεν.
1461 4785 1599 4839 Ἀλλ’
1627 4787 1702 4839 ὅτ’
1727 4787 1794 4840 ἂν

220 4882 382 4954 κρίνῃ
408 4883 437 4934 ὁ
462 4880 594 4943 Θεὸς
634 4879 824 4932 παθεῖν
847 4895 898 4930 τι
928 4879 1092 4948 ἡμᾶς,
1119 4877 1305 4931 τέκνον
1335 4877 1649 4939 ἀποϐαλεῖν,
1696 4877 1795 4948 ἀρ-

221 4990 384 5044 χοντα
410 4971 690 5035 ἀπολέσαι,
715 4970 935 5040 νοσῆσαι
958 4969 1099 5023 κατά
1129 4969 1190 5022 τὸ
1225 4968 1402 5039 σῶμα,
1437 4969 1464 5021 ὅ
1494 4986 1548 5021 τι
1599 4967 1796 5039 δήποτε

219 5063 423 5116 τούτων
452 5063 757 5132 ὑπομεῖναι·
788 5062 941 5114 οὐδὲν
971 5061 1174 5115 τούτων
1211 5057 1320 5114 οἷόν
1352 5061 1411 5114 τέ
1451 5063 1596 5114 ἐστιν
1649 5062 1795 5132 ἡμᾶς

219 5158 434 5220 παθεῖν,
473 5157 547 5228 μὴ
589 5159 859 5229 κρίνοντος
892 5157 984 5209 τοῦ
1006 5156 1161 5210 Θεοῦ.
1205 5157 1337 5208 Οὐδὲ
1373 5155 1480 5226 γὰρ
1517 5155 1794 5226 στρουθίον

219 5252 407 5302 πίπτει
437 5251 516 5313 είς
541 5250 744 5318 παγίδα
773 5251 898 5303 ἄνευ
943 5249 1104 5319 βουλή
1116 5266 1281 5318 ματος
1310 5247 1403 5300 τοῦ
1436 5248 1666 5319 Πατρὸς,
1702 5246 1794 5299 τοῦ

219 5344 274 5394 ἐν
296 5344 407 5404 τοῖς
433 5341 698 5413 οὐρανοῖς.
737 5341 889 5394 Ἐπεὶ
923 5337 1015 5395 οὖν
1045 5340 1194 5393 οὐδὲν
1226 5341 1427 5393 τούτων
1452 5340 1658 5408 γίνεται
1691 5357 1798 5409 χω-

224 5435 305 5501 ρὶς
342 5435 612 5504 κρίματος
651 5433 745 5488 τοῦ
797 5432 953 5498 Θεοῦ,
997 5433 1212 5502 λέγεται
1247 5433 1384 5505 πρὸς
1411 5432 1500 5485 τὸν
1532 5431 1791 5485 παθόντα’

1912 3314 2044 3368 Cum
2079 3315 2244 3385 igitur
2275 3315 2486 3384 priores
2510 3329 2790 3368 sermones
2819 3314 3078 3377 audisset,
3110 3331 3231 3368 cum
3263 3326 3488 3385 oporte-

1914 3418 1996 3460 ret
2035 3409 2361 3478 respondere
2397 3408 2546 3470 Deo,
2597 3406 2744 3472 silet,
2798 3406 2950 3475 quasi
3001 3406 3309 3460 facultatem
3379 3424 3484 3462 nou

1911 3499 2114 3555 habens
2173 3499 2421 3569 loquendi
2486 3515 2610 3555 cum
2664 3501 2778 3556 illo.
2827 3499 3076 3554 Nondum
3127 3503 3273 3556 enim
3320 3515 3486 3559 norat

1909 3591 2051 3658 quod
2085 3599 2269 3659 postea
2301 3591 2562 3660 scriptum
2591 3601 2676 3647 est
2719 3607 2748 3646 a
2783 3590 2968 3663 Moyse
3007 3613 3018 3646 :
3053 3593 3260 3664 Moyses
3300 3594 3483 3665 loque-

1910 3681 2087 3746 batur,
2119 3681 2258 3735 Deus
2294 3698 2411 3736 vero
2447 3683 2792 3751 respondebat
2828 3684 2874 3736 ei
2909 3698 3034 3736 uoce
3077 3681 3146 3736 ⁸⁸.
3198 3681 3483 3752 Tanquam

1911 3773 2072 3844 igitur
2102 3776 2191 3845 qui
2225 3773 2326 3830 hoc
2355 3775 2635 3839 nesciret,
2691 3789 2797 3829 non
2835 3775 2948 3828 vult
2989 3775 3314 3843 respondere
3349 3773 3482 3830 Deo.

1905 3867 1978 3920 At
2001 3866 2142 3922 Deus
2170 3866 2358 3922 tribuit
2389 3867 2438 3921 ei
2481 3866 2734 3938 loquendi
2772 3867 3008 3923 veniam.
3075 3865 3144 3921 Et
3183 3881 3301 3937 post
3335 3869 3482 3926 alia:

1909 3958 2080 4012 Tanta
2111 3969 2195 4014 est
2226 3959 2318 4015 Dei
2346 3961 2680 4031 benignitas,
2720 3968 2780 4014 ut
2822 3959 3014 4014 induat
3043 3974 3332 4030 personam
3374 3976 3478 4016 non

1900 4042 2217 4111 judicaulis,
2247 4045 2344 4101 sed
2367 4061 2590 4101 causam
2615 4047 2851 4103 dicentis
2884 4063 3006 4102 cum
3040 4048 3294 4117 bomine,
3318 4050 3483 4120 idque

1907 4135 2086 4189 multae
2118 4135 2412 4205 Scriptura:
2442 4137 2761 4192 docuerunt.
2797 4137 3012 4203 Venite,
3049 4147 3101 4192 et
3133 4141 3479 4208 disputemus,

1906 4231 2032 4283 dicit
2075 4229 2327 4284 Dominus
2383 4230 2450 4283 ⁸⁷.
2497 4229 2598 4296 Ει,
2661 4223 2865 4298 Papule
2911 4247 3082 4296 meus,
3133 4240 3295 4299 atque
3343 4227 3482 4287 adeo

1909 4325 2052 4378 Deus
2090 4339 2211 4377 cum
2265 4322 2462 4392 populo
2511 4321 2830 4393 disputabit,
2879 4322 3066 4391 popule
3118 4339 3298 4385 meus,
3348 4326 3479 4392 quid

1909 4416 2008 4484 feci
2035 4415 2152 4478 tibi,
2178 4425 2267 4467 aut
2296 4415 2423 4484 quid
2453 4413 2758 4469 conturbavi
2789 4413 2930 4466 tibi?
2954 4414 3208 4481 responde
3247 4415 3376 4467 mihi
3406 4415 3475 4477 ⁸⁸.

1835 4502 1878 4556 D
1907 4518 1960 4561 et
1991 4518 2209 4562 caetera.

2118 4599 2184 4653 ν.
2244 4599 2296 4653 5.
2351 4596 2433 4651 Ne
2487 4598 2730 4667 repudies
2761 4597 3023 4667 judicium
3065 4612 3258 4650 meum.

1974 4691 2056 4749 Ne
2097 4694 2336 4758 repudies
2388 4694 2487 4744 hoc
2534 4691 2806 4759 judicium
2864 4706 3059 4743 meum.
3117 4689 3284 4759 Hujus
3342 4691 3473 4747 dicti

1902 4796 2160 4855 tanquam
2210 4784 2358 4838 utilis
2412 4781 2841 4836 meminerinms.
2888 4782 2959 4835 At
3009 4783 3231 4851 quando
3266 4781 3475 4850 judicat

1899 4878 2042 4933 Deus
2065 4887 2122 4930 ut
2145 4875 2354 4944 aliquid
2385 4874 2679 4944 patiamur,
2718 4883 2778 4928 ut
2815 4873 2982 4927 ﬁlium
3015 4875 3365 4943 amittamus,
3414 4884 3474 4930 ut

1900 4973 2152 5042 princeps
2187 4970 2437 5034 intereat,
2469 4978 2524 5020 ut
2553 4982 2780 5035 corpore
2802 4977 3152 5036 :egrotemus,
3189 4980 3280 5022 aut
3303 4968 3476 5037 quod-

1901 5077 2118 5130 cunque
2168 5061 2312 5114 aliud
2372 5058 2680 5126 bujusmodi
2747 5059 3155 5113 sustineamus:
3190 5058 3310 5114 ﬁeri
3364 5076 3472 5116 non

1902 5163 2078 5225 potest
2107 5164 2166 5208 ιιι
2201 5153 2476 5222 quidpiam
2521 5154 2714 5206 borum
2757 5165 2854 5206 nos
2883 5153 3177 5222 patiamur,
3217 5153 3325 5206 Deo
3364 5167 3467 5207 non

1893 5247 2192 5318 judicaute.
2244 5247 2428 5314 Neque
2474 5244 2620 5298 enim
2668 5243 2878 5298 avicula
2925 5245 3070 5300 cadit
3123 5243 3177 5298 in
3219 5244 3472 5313 laqueum

1900 5340 2020 5397 sine
2047 5339 2327 5391 voluntate
2363 5335 2562 5397 Patris,
2590 5335 2678 5400 qui
2716 5334 2769 5388 in
2796 5334 2950 5389 cmlis
2979 5344 3084 5389 est.
3129 5333 3262 5401 Quia
3304 5337 3472 5406 igitur

1900 5429 2033 5486 nihil
2067 5429 2259 5483 borum
2292 5424 2354 5478 tit
2402 5425 2519 5479 sine
2564 5423 2770 5492 judicio
2805 5425 2939 5489 Dei,
2985 5424 3183 5481 dicitur
3235 5424 3304 5481 ad
3343 5437 3472 5482 eum

286 5617 336 5653 “
362 5617 511 5673 Psal.
543 5631 694 5684 nu,
743 5617 798 5672 9.
873 5617 1137 5689 "ﬁerem.
1177 5634 1226 5689 v,
1270 5618 1323 5676 8.
1399 5617 1443 5649 ⁸
1484 5613 1658 5674 Exod.
1694 5631 1807 5684 xix,

1920 5657 1932 5668 .
2008 5612 2052 5644 ⁸⁷
2087 5609 2279 5670 Isaia.
2309 5608 2396 5664 18.
2471 5608 2518 5640 ⁸⁸
2542 5607 2700 5665 Mich.
2739 5622 2814 5674 γι,
2846 5606 2900 5659 ’5.

291 5773 406 5846 (35)
429 5770 630 5829 Confer
651 5771 954 5843 Olympiod.

1974 5717 2089 5840 t56)
2128 5760 2329 5825 Confer
2361 5765 2613 5852 eumdem
2635 5759 2943 5834 Olympioni.
