  <div class='ocr_page' id='page_1' title='image "/cluster/home/n/w/nwhite01/storage/ocr_20150623/17/nnc1.0046978615/057.png"; bbox 0 0 3878 6212; ppageno 0'>
   <div class='ocr_carea' id='block_1_1' title="bbox 415 229 2823 306">
    <p class='ocr_par' dir='ltr' id='par_1_1' title="bbox 415 229 2823 306">
     <span class='ocr_line' id='line_1_1' title="bbox 415 229 2823 306; baseline -0.005 -10"><span class='ocrx_word' id='word_1_1' title='bbox 415 249 488 306; x_wconf 70' lang='lat'><strong><em>$9</em></strong></span> <span class='ocrx_word' id='word_1_2' title='bbox 1310 232 1878 296; x_wconf 78' lang='lat' dir='ltr'><strong><em>SUPPLEMENTUM</em></strong></span> <span class='ocrx_word' id='word_1_3' title='bbox 1919 230 2008 286; x_wconf 86' lang='lat' dir='ltr'><strong>AD</strong></span> <span class='ocrx_word' id='word_1_4' title='bbox 2048 229 2378 286; x_wconf 77' lang='lat' dir='ltr'><strong><em>ORIGENIS</em></strong></span> <span class='ocrx_word' id='word_1_5' title='bbox 2418 229 2823 286; x_wconf 79' lang='lat' dir='ltr'><strong><em>EXEGETICA.</em></strong></span> 
     </span>
    </p>
   </div>
   <div class='ocr_carea' id='block_1_2' title="bbox 3569 231 3674 288">
    <p class='ocr_par' dir='ltr' id='par_1_2' title="bbox 3569 231 3674 288">
     <span class='ocr_line' id='line_1_2' title="bbox 3569 231 3674 288; baseline 0.038 -4"><span class='ocrx_word' id='word_1_6' title='bbox 3569 231 3674 288; x_wconf 70' lang='grc'><strong><em>100</em></strong></span> 
     </span>
    </p>
   </div>
   <div class='ocr_carea' id='block_1_3' title="bbox 414 325 1978 434">
    <p class='ocr_par' dir='ltr' id='par_1_3' title="bbox 414 325 1978 434">
     <span class='ocr_line' id='line_1_3' title="bbox 414 325 1978 434; baseline -0.01 -15"><span class='ocrx_word' id='word_1_7' title='bbox 414 369 502 434; x_wconf 88' lang='lat' dir='ltr'><strong><em>qui</em></strong></span> <span class='ocrx_word' id='word_1_8' title='bbox 532 363 739 434; x_wconf 86' lang='lat' dir='ltr'><strong><em>patitur</em></strong></span> <span class='ocrx_word' id='word_1_9' title='bbox 764 360 892 415; x_wconf 83' lang='lat' dir='ltr'><strong><em>talia</em></strong></span> <span class='ocrx_word' id='word_1_10' title='bbox 929 325 964 413; x_wconf 41' lang='grc' dir='ltr'><strong><em>ε’</em></strong></span> <span class='ocrx_word' id='word_1_11' title='bbox 985 357 1068 412; x_wconf 88' lang='lat' dir='ltr'><strong><em>Ne</em></strong></span> <span class='ocrx_word' id='word_1_12' title='bbox 1091 356 1334 422; x_wconf 76' lang='lat' dir='ltr'><strong><em>repudies</em></strong></span> <span class='ocrx_word' id='word_1_13' title='bbox 1353 356 1616 423; x_wconf 76' lang='lat' dir='ltr'><strong><em>judicium</em></strong></span> <span class='ocrx_word' id='word_1_14' title='bbox 1643 336 1858 416; x_wconf 33' lang='lat' dir='ltr'><strong><em>meum,&#39;</em></strong></span> <span class='ocrx_word' id='word_1_15' title='bbox 1883 354 1978 404; x_wconf 86' lang='lat' dir='ltr'><strong><em>hoc</em></strong></span> 
     </span>
    </p>
   </div>
   <div class='ocr_carea' id='block_1_4' title="bbox 2102 325 3676 434">
    <p class='ocr_par' dir='ltr' id='par_1_4' title="bbox 2102 348 3676 422">
     <span class='ocr_line' id='line_1_4' title="bbox 2102 348 3676 422; baseline 0.001 -20"><span class='ocrx_word' id='word_1_16' title='bbox 2102 349 2183 415; x_wconf 65' lang='lat' dir='ltr'><strong><em>lli)</em></strong></span> <span class='ocrx_word' id='word_1_17' title='bbox 2209 348 2506 403; x_wconf 83' lang='grc' dir='ltr'>ἀποποιοῦ</span> <span class='ocrx_word' id='word_1_18' title='bbox 2526 368 2646 419; x_wconf 81' lang='grc' dir='ltr'><strong><em>μου</em></strong></span> <span class='ocrx_word' id='word_1_19' title='bbox 2675 351 2744 404; x_wconf 88' lang='grc' dir='ltr'>τὸ</span> <span class='ocrx_word' id='word_1_20' title='bbox 2789 349 2986 419; x_wconf 83' lang='grc' dir='ltr'>κρῖμα,</span> <span class='ocrx_word' id='word_1_21' title='bbox 3032 350 3106 421; x_wconf 85' lang='grc' dir='ltr'>μή</span> <span class='ocrx_word' id='word_1_22' title='bbox 3161 351 3378 422; x_wconf 84' lang='grc' dir='ltr'>ἀπαρνῇ</span> <span class='ocrx_word' id='word_1_23' title='bbox 3425 350 3561 420; x_wconf 83' lang='lat'><strong><em>(&#39;57),</em></strong></span> <span class='ocrx_word' id='word_1_24' title='bbox 3591 351 3676 403; x_wconf 83' lang='grc' dir='ltr'>ὃτι</span> 
     </span>
    </p>
   </div>
   <div class='ocr_carea' id='block_1_5' title="bbox 413 449 1560 523">
    <p class='ocr_par' dir='ltr' id='par_1_5' title="bbox 413 449 1560 523">
     <span class='ocr_line' id='line_1_5' title="bbox 413 449 1560 523; baseline -0.009 -12"><span class='ocrx_word' id='word_1_25' title='bbox 413 469 518 522; x_wconf 86' lang='lat' dir='ltr'><strong><em>est,</em></strong></span> <span class='ocrx_word' id='word_1_26' title='bbox 551 471 616 510; x_wconf 89' lang='lat' dir='ltr'><strong><em>ne</em></strong></span> <span class='ocrx_word' id='word_1_27' title='bbox 648 453 941 523; x_wconf 78' lang='lat' dir='ltr'><strong><em>negaveris</em></strong></span> <span class='ocrx_word' id='word_1_28' title='bbox 965 467 1052 506; x_wconf 88' lang='lat' dir='ltr'><strong><em>me</em></strong></span> <span class='ocrx_word' id='word_1_29' title='bbox 1091 451 1158 504; x_wconf 91' lang='lat' dir='ltr'><strong><em>de</em></strong></span> <span class='ocrx_word' id='word_1_30' title='bbox 1190 459 1242 516; x_wconf 81' lang='lat' dir='ltr'><strong><em>te</em></strong></span> <span class='ocrx_word' id='word_1_31' title='bbox 1267 449 1560 516; x_wconf 84' lang='lat' dir='ltr'><strong><em>jmlicasse.</em></strong></span> 
     </span>
    </p>
   </div>
   <div class='ocr_carea' id='block_1_6' title="bbox 416 537 1982 608">
    <p class='ocr_par' dir='ltr' id='par_1_6' title="bbox 416 537 1982 608">
     <span class='ocr_line' id='line_1_6' title="bbox 416 537 1982 608; baseline -0.008 -6"><span class='ocrx_word' id='word_1_32' title='bbox 416 549 476 606; x_wconf 81' lang='grc' dir='ltr'><strong><em>ν.</em></strong></span> <span class='ocrx_word' id='word_1_33' title='bbox 517 550 569 603; x_wconf 80' lang='lat'><strong><em>&#39;5.</em></strong></span> <span class='ocrx_word' id='word_1_34' title='bbox 624 549 910 602; x_wconf 82' lang='lat' dir='ltr'><strong><em>Arbitraris</em></strong></span> <span class='ocrx_word' id='word_1_35' title='bbox 956 561 1105 607; x_wconf 78' lang='lat' dir='ltr'><strong><em>vero,</em></strong></span> <span class='ocrx_word' id='word_1_36' title='bbox 1155 559 1236 596; x_wconf 89' lang='lat' dir='ltr'><strong><em>me</em></strong></span> <span class='ocrx_word' id='word_1_37' title='bbox 1289 541 1446 594; x_wconf 77' lang='lat' dir='ltr'><strong><em>aliter</em></strong></span> <span class='ocrx_word' id='word_1_38' title='bbox 1492 541 1586 592; x_wconf 86' lang='lat' dir='ltr'><strong><em>tibi</em></strong></span> <span class='ocrx_word' id='word_1_39' title='bbox 1630 537 1982 608; x_wconf 73' lang='lat' dir='ltr'><strong><em>respondisse,</em></strong></span> 
     </span>
    </p>
   </div>
   <div class='ocr_carea' id='block_1_7' title="bbox 821 610 1575 684">
    <p class='ocr_par' dir='ltr' id='par_1_7' title="bbox 821 610 1575 684">
     <span class='ocr_line' id='line_1_7' title="bbox 821 610 1575 684; baseline -0.008 -15"><span class='ocrx_word' id='word_1_40' title='bbox 821 633 979 684; x_wconf 88' lang='lat' dir='ltr'><strong><em>quam</em></strong></span> <span class='ocrx_word' id='word_1_41' title='bbox 1004 624 1060 667; x_wconf 89' lang='lat' dir='ltr'><strong><em>ut</em></strong></span> <span class='ocrx_word' id='word_1_42' title='bbox 1083 627 1334 681; x_wconf 86' lang='lat' dir='ltr'><strong><em>appareas</em></strong></span> <span class='ocrx_word' id='word_1_43' title='bbox 1355 610 1575 680; x_wconf 81' lang='lat' dir='ltr'><strong><em>justus?</em></strong></span> 
     </span>
    </p>
   </div>
   <div class='ocr_carea' id='block_1_8' title="bbox 479 694 1984 780">
    <p class='ocr_par' dir='ltr' id='par_1_8' title="bbox 479 694 1984 780">
     <span class='ocr_line' id='line_1_8' title="bbox 479 694 1984 780; baseline -0.009 -16"><span class='ocrx_word' id='word_1_44' title='bbox 479 694 798 780; x_wconf 63' lang='lat' dir='ltr'><strong><em>Apologiam</em></strong></span> <span class='ocrx_word' id='word_1_45' title='bbox 847 709 921 762; x_wconf 85' lang='lat' dir='ltr'><strong><em>tui</em></strong></span> <span class='ocrx_word' id='word_1_46' title='bbox 959 707 1120 761; x_wconf 82' lang='lat' dir='ltr'><strong><em>facio.</em></strong></span> <span class='ocrx_word' id='word_1_47' title='bbox 1153 704 1342 758; x_wconf 82' lang='lat' dir='ltr'><strong><em>Justus</em></strong></span> <span class='ocrx_word' id='word_1_48' title='bbox 1373 719 1453 766; x_wconf 89' lang='lat' dir='ltr'><strong><em>es,</em></strong></span> <span class='ocrx_word' id='word_1_49' title='bbox 1497 713 1551 756; x_wconf 88' lang='lat' dir='ltr'><strong><em>at</em></strong></span> <span class='ocrx_word' id='word_1_50' title='bbox 1583 716 1688 756; x_wconf 91' lang='lat' dir='ltr'><strong><em>non</em></strong></span> <span class='ocrx_word' id='word_1_51' title='bbox 1725 715 1784 756; x_wconf 90' lang='lat' dir='ltr'><strong><em>es</em></strong></span> <span class='ocrx_word' id='word_1_52' title='bbox 1807 700 1984 754; x_wconf 82' lang='lat' dir='ltr'><strong><em>mani-</em></strong></span> 
     </span>
    </p>
   </div>
   <div class='ocr_carea' id='block_1_9' title="bbox 411 798 1984 867">
    <p class='ocr_par' dir='ltr' id='par_1_9' title="bbox 411 798 1984 867">
     <span class='ocr_line' id='line_1_9' title="bbox 411 798 1984 867; baseline -0.007 -11"><span class='ocrx_word' id='word_1_53' title='bbox 411 802 600 857; x_wconf 79' lang='lat' dir='ltr'><strong><em>festus.</em></strong></span> <span class='ocrx_word' id='word_1_54' title='bbox 633 801 907 855; x_wconf 87' lang='lat' dir='ltr'><strong><em>Patienter</em></strong></span> <span class='ocrx_word' id='word_1_55' title='bbox 949 799 1140 854; x_wconf 92' lang='lat' dir='ltr'><strong><em>tulisti.</em></strong></span> <span class='ocrx_word' id='word_1_56' title='bbox 1192 798 1489 867; x_wconf 85' lang='lat' dir='ltr'><strong><em>Oportebat</em></strong></span> <span class='ocrx_word' id='word_1_57' title='bbox 1520 811 1604 849; x_wconf 91' lang='lat' dir='ltr'><strong><em>me</em></strong></span> <span class='ocrx_word' id='word_1_58' title='bbox 1636 809 1822 848; x_wconf 89' lang='lat' dir='ltr'><strong><em>ansam</em></strong></span> <span class='ocrx_word' id='word_1_59' title='bbox 1847 809 1984 860; x_wconf 71' lang='lat' dir='ltr'><strong><em>pra:-</em></strong></span> 
     </span>
    </p>
   </div>
   <div class='ocr_carea' id='block_1_10' title="bbox 411 886 1984 963">
    <p class='ocr_par' dir='ltr' id='par_1_10' title="bbox 411 886 1984 963">
     <span class='ocr_line' id='line_1_10' title="bbox 411 886 1984 963; baseline -0.006 -14"><span class='ocrx_word' id='word_1_60' title='bbox 411 894 561 959; x_wconf 87' lang='lat' dir='ltr'><strong><em>bere,</em></strong></span> <span class='ocrx_word' id='word_1_61' title='bbox 589 909 694 963; x_wconf 85' lang='lat' dir='ltr'><strong><em>quo</em></strong></span> <span class='ocrx_word' id='word_1_62' title='bbox 729 903 814 946; x_wconf 86' lang='lat' dir='ltr'><strong><em>tua</em></strong></span> <span class='ocrx_word' id='word_1_63' title='bbox 845 891 1106 961; x_wconf 77' lang='lat' dir='ltr'><strong><em>patientia</em></strong></span> <span class='ocrx_word' id='word_1_64' title='bbox 1142 891 1390 962; x_wconf 79' lang='lat' dir='ltr'><strong><em>fulgeret.</em></strong></span> <span class='ocrx_word' id='word_1_65' title='bbox 1426 888 1671 943; x_wconf 80' lang='lat' dir='ltr'><strong><em>Habuisti</em></strong></span> <span class='ocrx_word' id='word_1_66' title='bbox 1705 886 1984 941; x_wconf 75' lang='lat' dir='ltr'><strong><em>fortitudi-</em></strong></span> 
     </span>
    </p>
   </div>
   <div class='ocr_carea' id='block_1_11' title="bbox 408 982 1983 1050">
    <p class='ocr_par' dir='ltr' id='par_1_11' title="bbox 408 982 1983 1050">
     <span class='ocr_line' id='line_1_11' title="bbox 408 982 1983 1050; baseline -0.008 -8"><span class='ocrx_word' id='word_1_67' title='bbox 408 1003 557 1050; x_wconf 88' lang='lat' dir='ltr'><strong><em>nem,</em></strong></span> <span class='ocrx_word' id='word_1_68' title='bbox 604 988 697 1041; x_wconf 86' lang='lat' dir='ltr'><strong><em>sed</em></strong></span> <span class='ocrx_word' id='word_1_69' title='bbox 741 989 792 1040; x_wconf 89' lang='lat' dir='ltr'><strong><em>in</em></strong></span> <span class='ocrx_word' id='word_1_70' title='bbox 841 999 890 1040; x_wconf 91' lang='lat' dir='ltr'><strong><em>te</em></strong></span> <span class='ocrx_word' id='word_1_71' title='bbox 929 986 1326 1039; x_wconf 84' lang='lat' dir='ltr'><strong><em>occultabatur.</em></strong></span> <span class='ocrx_word' id='word_1_72' title='bbox 1372 983 1474 1050; x_wconf 87' lang='lat' dir='ltr'><strong><em>Qui</em></strong></span> <span class='ocrx_word' id='word_1_73' title='bbox 1517 983 1612 1036; x_wconf 90' lang='lat' dir='ltr'><strong><em>tibi</em></strong></span> <span class='ocrx_word' id='word_1_74' title='bbox 1641 982 1983 1036; x_wconf 83' lang='lat' dir='ltr'><strong><em>obvenerunt</em></strong></span> 
     </span>
    </p>
   </div>
   <div class='ocr_carea' id='block_1_12' title="bbox 409 1071 1981 1140">
    <p class='ocr_par' dir='ltr' id='par_1_12' title="bbox 409 1071 1981 1140">
     <span class='ocr_line' id='line_1_12' title="bbox 409 1071 1981 1140; baseline -0.004 -10"><span class='ocrx_word' id='word_1_75' title='bbox 409 1078 640 1140; x_wconf 86' lang='lat' dir='ltr'><strong><em>labores,</em></strong></span> <span class='ocrx_word' id='word_1_76' title='bbox 689 1079 1044 1132; x_wconf 83' lang='lat' dir='ltr'><strong><em>ostenderunt</em></strong></span> <span class='ocrx_word' id='word_1_77' title='bbox 1101 1077 1478 1131; x_wconf 80' lang='lat' dir='ltr'><strong><em>fortitudinem</em></strong></span> <span class='ocrx_word' id='word_1_78' title='bbox 1537 1083 1703 1128; x_wconf 84' lang='lat' dir='ltr'><strong><em>tuam.</em></strong></span> <span class='ocrx_word' id='word_1_79' title='bbox 1746 1071 1813 1124; x_wconf 88' lang='lat' dir='ltr'><strong><em>Et</em></strong></span> <span class='ocrx_word' id='word_1_80' title='bbox 1865 1080 1981 1140; x_wconf 89' lang='lat' dir='ltr'><strong><em>post</em></strong></span> 
     </span>
    </p>
   </div>
   <div class='ocr_carea' id='block_1_13' title="bbox 410 1162 1978 1234">
    <p class='ocr_par' dir='ltr' id='par_1_13' title="bbox 410 1162 1978 1234">
     <span class='ocr_line' id='line_1_13' title="bbox 410 1162 1978 1234; baseline -0.003 -16"><span class='ocrx_word' id='word_1_81' title='bbox 410 1182 580 1234; x_wconf 87' lang='lat' dir='ltr'><strong><em>pauca</em></strong></span> <span class='ocrx_word' id='word_1_82' title='bbox 607 1184 628 1218; x_wconf 87' lang='lat'><em>:</em></span> <span class='ocrx_word' id='word_1_83' title='bbox 655 1164 1062 1219; x_wconf 78' lang='lat' dir='ltr'><strong><em>Meminerimus</em></strong></span> <span class='ocrx_word' id='word_1_84' title='bbox 1082 1166 1272 1218; x_wconf 92' lang='lat' dir='ltr'><strong><em>horum</em></strong></span> <span class='ocrx_word' id='word_1_85' title='bbox 1315 1174 1553 1232; x_wconf 86' lang='lat' dir='ltr'><strong><em>tempore</em></strong></span> <span class='ocrx_word' id='word_1_86' title='bbox 1589 1162 1978 1225; x_wconf 78' lang='lat' dir='ltr'><strong><em>calamitatum,</em></strong></span> 
     </span>
    </p>
   </div>
   <div class='ocr_carea' id='block_1_14' title="bbox 409 1255 1979 1326">
    <p class='ocr_par' dir='ltr' id='par_1_14' title="bbox 409 1255 1979 1326">
     <span class='ocr_line' id='line_1_14' title="bbox 409 1255 1979 1326; baseline -0.002 -16"><span class='ocrx_word' id='word_1_87' title='bbox 409 1258 820 1326; x_wconf 88' lang='lat' dir='ltr'><strong><em>videbimurque</em></strong></span> <span class='ocrx_word' id='word_1_88' title='bbox 844 1259 1030 1312; x_wconf 89' lang='lat' dir='ltr'><strong><em>audire</em></strong></span> <span class='ocrx_word' id='word_1_89' title='bbox 1055 1258 1221 1314; x_wconf 90' lang='lat' dir='ltr'><strong><em>Deum</em></strong></span> <span class='ocrx_word' id='word_1_90' title='bbox 1255 1267 1572 1326; x_wconf 70' lang='lat' dir='ltr'><strong><em>prtesentem</em></strong></span> <span class='ocrx_word' id='word_1_91' title='bbox 1599 1265 1761 1324; x_wconf 86' lang='lat' dir='ltr'><strong><em>atque</em></strong></span> <span class='ocrx_word' id='word_1_92' title='bbox 1789 1255 1979 1309; x_wconf 82' lang='lat' dir='ltr'><strong><em>dicen-</em></strong></span> 
     </span>
    </p>
   </div>
   <div class='ocr_carea' id='block_1_15' title="bbox 408 1346 1980 1415">
    <p class='ocr_par' dir='ltr' id='par_1_15' title="bbox 408 1346 1980 1415">
     <span class='ocr_line' id='line_1_15' title="bbox 408 1346 1980 1415; baseline -0.001 -15"><span class='ocrx_word' id='word_1_93' title='bbox 408 1354 518 1400; x_wconf 89' lang='lat' dir='ltr'><strong><em>tem</em></strong></span> <span class='ocrx_word' id='word_1_94' title='bbox 568 1347 722 1402; x_wconf 90' lang='lat' dir='ltr'><strong><em>nobis</em></strong></span> <span class='ocrx_word' id='word_1_95' title='bbox 752 1363 766 1400; x_wconf 89' lang='lat'><strong>:</strong></span> <span class='ocrx_word' id='word_1_96' title='bbox 796 1348 1091 1401; x_wconf 75' lang='lat' dir='ltr'><strong><em>Arbitraris</em></strong></span> <span class='ocrx_word' id='word_1_97' title='bbox 1135 1364 1277 1412; x_wconf 86' lang='lat' dir='ltr'><strong><em>vero,</em></strong></span> <span class='ocrx_word' id='word_1_98' title='bbox 1313 1363 1394 1400; x_wconf 90' lang='lat' dir='ltr'><strong><em>me</em></strong></span> <span class='ocrx_word' id='word_1_99' title='bbox 1430 1346 1584 1400; x_wconf 86' lang='lat' dir='ltr'><strong><em>aliter</em></strong></span> <span class='ocrx_word' id='word_1_100' title='bbox 1625 1347 1720 1400; x_wconf 90' lang='lat' dir='ltr'><strong><em>tibi</em></strong></span> <span class='ocrx_word' id='word_1_101' title='bbox 1767 1362 1980 1415; x_wconf 87' lang='lat' dir='ltr'><strong><em>respon-</em></strong></span> 
     </span>
    </p>
   </div>
   <div class='ocr_carea' id='block_1_16' title="bbox 405 1438 1980 1510">
    <p class='ocr_par' dir='ltr' id='par_1_16' title="bbox 405 1438 1980 1510">
     <span class='ocr_line' id='line_1_16' title="bbox 405 1438 1980 1510; baseline 0.001 -20"><span class='ocrx_word' id='word_1_102' title='bbox 405 1438 566 1498; x_wconf 80' lang='lat' dir='ltr'><strong><em>disse.</em></strong></span> <span class='ocrx_word' id='word_1_103' title='bbox 604 1456 762 1509; x_wconf 86' lang='lat' dir='ltr'><strong><em>quam</em></strong></span> <span class='ocrx_word' id='word_1_104' title='bbox 803 1452 857 1494; x_wconf 87' lang='lat' dir='ltr'><strong><em>ut</em></strong></span> <span class='ocrx_word' id='word_1_105' title='bbox 903 1441 1082 1510; x_wconf 82' lang='lat' dir='ltr'><strong><em>justus</em></strong></span> <span class='ocrx_word' id='word_1_106' title='bbox 1117 1441 1414 1510; x_wconf 73' lang='lat' dir='ltr'><strong><em>apparens?</em></strong></span> <span class='ocrx_word' id='word_1_107' title='bbox 1460 1438 1575 1494; x_wconf 88' lang='lat' dir='ltr'><strong><em>Non</em></strong></span> <span class='ocrx_word' id='word_1_108' title='bbox 1621 1452 1980 1509; x_wconf 85' lang='lat' dir='ltr'><strong><em>appareamus</em></strong></span> 
     </span>
    </p>
   </div>
   <div class='ocr_carea' id='block_1_17' title="bbox 406 1530 1035 1602">
    <p class='ocr_par' dir='ltr' id='par_1_17' title="bbox 406 1530 1035 1602">
     <span class='ocr_line' id='line_1_17' title="bbox 406 1530 1035 1602; baseline 0 -16"><span class='ocrx_word' id='word_1_109' title='bbox 406 1530 613 1600; x_wconf 82' lang='lat' dir='ltr'><strong><em>injusti,</em></strong></span> <span class='ocrx_word' id='word_1_110' title='bbox 646 1546 823 1600; x_wconf 91' lang='lat' dir='ltr'><strong><em>neque</em></strong></span> <span class='ocrx_word' id='word_1_111' title='bbox 861 1533 1035 1602; x_wconf 89' lang='lat' dir='ltr'><strong><em>impii.</em></strong></span> 
     </span>
    </p>
   </div>
   <div class='ocr_carea' id='block_1_18' title="bbox 613 1621 1772 1677">
    <p class='ocr_par' dir='ltr' id='par_1_18' title="bbox 613 1621 1772 1677">
     <span class='ocr_line' id='line_1_18' title="bbox 613 1621 1772 1677; baseline -0.002 -1"><span class='ocrx_word' id='word_1_112' title='bbox 613 1621 676 1676; x_wconf 84' lang='lat' dir='ltr'><strong><em>V.</em></strong></span> <span class='ocrx_word' id='word_1_113' title='bbox 713 1622 765 1676; x_wconf 84' lang='lat'><strong><em>5.</em></strong></span> <span class='ocrx_word' id='word_1_114' title='bbox 792 1623 1010 1676; x_wconf 81' lang='lat' dir='ltr'><strong><em>Assume</em></strong></span> <span class='ocrx_word' id='word_1_115' title='bbox 1036 1639 1162 1676; x_wconf 86' lang='lat' dir='ltr'><strong><em>sane</em></strong></span> <span class='ocrx_word' id='word_1_116' title='bbox 1187 1622 1544 1677; x_wconf 83' lang='lat' dir='ltr'><strong><em>celsitudinem</em></strong></span> <span class='ocrx_word' id='word_1_117' title='bbox 1567 1633 1615 1675; x_wconf 91' lang='lat' dir='ltr'><strong><em>et</em></strong></span> <span class='ocrx_word' id='word_1_118' title='bbox 1649 1622 1772 1675; x_wconf 80' lang='lat' dir='ltr'><strong><em>vim.</em></strong></span> 
     </span>
    </p>
   </div>
   <div class='ocr_carea' id='block_1_19' title="bbox 2092 437 2591 512">
    <p class='ocr_par' dir='ltr' id='par_1_19' title="bbox 2092 437 2591 512">
     <span class='ocr_line' id='line_1_19' title="bbox 2092 437 2591 512; baseline 0.006 -23"><span class='ocrx_word' id='word_1_119' title='bbox 2092 437 2287 512; x_wconf 76' lang='grc' dir='ltr'>ἔκρινα</span> <span class='ocrx_word' id='word_1_120' title='bbox 2311 441 2444 511; x_wconf 68' lang='grc' dir='ltr'>περὶ</span> <span class='ocrx_word' id='word_1_121' title='bbox 2476 440 2591 493; x_wconf 78' lang='grc' dir='ltr'>σοῦ.</span> 
     </span>
    </p>
   </div>
   <div class='ocr_carea' id='block_1_20' title="bbox 2091 531 3675 606">
    <p class='ocr_par' dir='ltr' id='par_1_20' title="bbox 2091 531 3675 606">
     <span class='ocr_line' id='line_1_20' title="bbox 2091 531 3675 606; baseline 0.005 -25"><span class='ocrx_word' id='word_1_122' title='bbox 2091 531 2238 601; x_wconf 84' lang='grc' dir='ltr'>Στίχ.</span> <span class='ocrx_word' id='word_1_123' title='bbox 2269 538 2337 600; x_wconf 88' lang='grc' dir='ltr'><strong><em>γ’.</em></strong></span> <span class='ocrx_word' id='word_1_124' title='bbox 2370 531 2488 584; x_wconf 85' lang='grc' dir='ltr'><em>Οἴει</em></span> <span class='ocrx_word' id='word_1_125' title='bbox 2509 531 2580 606; x_wconf 65' lang='grc' dir='ltr'>δέ</span> <span class='ocrx_word' id='word_1_126' title='bbox 2610 549 2688 606; x_wconf 76' lang='grc' dir='ltr'><strong><em>με</em></strong></span> <span class='ocrx_word' id='word_1_127' title='bbox 2715 531 2928 606; x_wconf 49' lang='grc' dir='ltr'>ἄλλως</span> <span class='ocrx_word' id='word_1_128' title='bbox 2949 548 3058 606; x_wconf 78' lang='grc' dir='ltr'><strong><em>σοι</em></strong></span> <span class='ocrx_word' id='word_1_129' title='bbox 3073 536 3590 602; x_wconf 83' lang='grc' dir='ltr'>κεχρηματικέναι,</span> <span class='ocrx_word' id='word_1_130' title='bbox 3631 534 3675 606; x_wconf 80' lang='grc' dir='ltr'><em>ἢ</em></span> 
     </span>
    </p>
   </div>
   <div class='ocr_carea' id='block_1_21' title="bbox 2508 602 3266 671">
    <p class='ocr_par' dir='ltr' id='par_1_21' title="bbox 2508 602 3266 671">
     <span class='ocr_line' id='line_1_21' title="bbox 2508 602 3266 671; baseline 0.003 -17"><span class='ocrx_word' id='word_1_131' title='bbox 2508 603 2608 655; x_wconf 87' lang='grc' dir='ltr'>ἵνα</span> <span class='ocrx_word' id='word_1_132' title='bbox 2647 602 2965 671; x_wconf 64' lang='grc' dir='ltr'>ἀναφανῇς</span> <span class='ocrx_word' id='word_1_133' title='bbox 2997 603 3266 670; x_wconf 81' lang='grc' dir='ltr'>δίκαιος;</span> 
     </span>
    </p>
   </div>
   <div class='ocr_carea' id='block_1_22' title="bbox 2176 691 3676 768">
    <p class='ocr_par' dir='ltr' id='par_1_22' title="bbox 2176 691 3676 768">
     <span class='ocr_line' id='line_1_22' title="bbox 2176 691 3676 768; baseline 0.005 -25"><span class='ocrx_word' id='word_1_134' title='bbox 2176 692 2569 764; x_wconf 78' lang='grc' dir='ltr'>Ἀπολογοῦμαί</span> <span class='ocrx_word' id='word_1_135' title='bbox 2608 711 2711 747; x_wconf 89' lang='grc' dir='ltr'>σοι.</span> <span class='ocrx_word' id='word_1_136' title='bbox 2742 695 2957 758; x_wconf 77' lang='grc' dir='ltr'><strong><em>Δίκαιος</em></strong></span> <span class='ocrx_word' id='word_1_137' title='bbox 2986 691 3074 765; x_wconf 81' lang='grc' dir='ltr'>ἧς,</span> <span class='ocrx_word' id='word_1_138' title='bbox 3111 696 3225 748; x_wconf 77' lang='grc' dir='ltr'>ἀλλ’</span> <span class='ocrx_word' id='word_1_139' title='bbox 3269 697 3367 750; x_wconf 78' lang='grc' dir='ltr'><strong><em>οὐκ</em></strong></span> <span class='ocrx_word' id='word_1_140' title='bbox 3401 692 3470 768; x_wconf 83' lang='grc' dir='ltr'>ἦς</span> <span class='ocrx_word' id='word_1_141' title='bbox 3506 713 3676 766; x_wconf 83' lang='grc' dir='ltr'>φανε-</span> 
     </span>
    </p>
   </div>
   <div class='ocr_carea' id='block_1_23' title="bbox 2091 783 3678 862">
    <p class='ocr_par' dir='ltr' id='par_1_23' title="bbox 2091 783 3678 862">
     <span class='ocr_line' id='line_1_23' title="bbox 2091 783 3678 862; baseline 0.006 -26"><span class='ocrx_word' id='word_1_142' title='bbox 2091 785 2205 855; x_wconf 82' lang='grc' dir='ltr'>ρός.</span> <span class='ocrx_word' id='word_1_143' title='bbox 2247 786 2553 856; x_wconf 87' lang='grc' dir='ltr'>Ὑπομονὴν</span> <span class='ocrx_word' id='word_1_144' title='bbox 2592 783 2757 857; x_wconf 61' lang='grc' dir='ltr'>εἶχες</span> <span class='ocrx_word' id='word_1_145' title='bbox 2806 788 2912 840; x_wconf 78' lang='grc' dir='ltr'>ἔδει</span> <span class='ocrx_word' id='word_1_146' title='bbox 2955 806 3022 859; x_wconf 89' lang='grc' dir='ltr'><strong><em>με</em></strong></span> <span class='ocrx_word' id='word_1_147' title='bbox 3069 789 3321 862; x_wconf 80' lang='grc' dir='ltr'>ἀφορμὴν</span> <span class='ocrx_word' id='word_1_148' title='bbox 3367 795 3678 862; x_wconf 76' lang='grc' dir='ltr'>παρασχεῖν</span> 
     </span>
    </p>
   </div>
   <div class='ocr_carea' id='block_1_24' title="bbox 2087 877 3676 955">
    <p class='ocr_par' dir='ltr' id='par_1_24' title="bbox 2087 877 3676 955">
     <span class='ocr_line' id='line_1_24' title="bbox 2087 877 3676 955; baseline 0.006 -26"><span class='ocrx_word' id='word_1_149' title='bbox 2087 878 2182 930; x_wconf 81' lang='grc' dir='ltr'>τοῦ</span> <span class='ocrx_word' id='word_1_150' title='bbox 2206 878 2414 948; x_wconf 74' lang='grc' dir='ltr'>λάμψαι</span> <span class='ocrx_word' id='word_1_151' title='bbox 2452 897 2544 933; x_wconf 91' lang='grc' dir='ltr'><strong><em>σου</em></strong></span> <span class='ocrx_word' id='word_1_152' title='bbox 2572 880 2671 952; x_wconf 84' lang='grc' dir='ltr'><strong><em>τὴν</em></strong></span> <span class='ocrx_word' id='word_1_153' title='bbox 2700 882 2998 952; x_wconf 84' lang='grc' dir='ltr'>ὑπομονήν.</span> <span class='ocrx_word' id='word_1_154' title='bbox 3043 877 3202 952; x_wconf 80' lang='grc' dir='ltr'>Εἷχες</span> <span class='ocrx_word' id='word_1_155' title='bbox 3244 883 3515 955; x_wconf 82' lang='grc' dir='ltr'>ἀνδρείαν·</span> <span class='ocrx_word' id='word_1_156' title='bbox 3553 885 3676 938; x_wconf 86' lang='grc' dir='ltr'>ἀλλ’</span> 
     </span>
    </p>
   </div>
   <div class='ocr_carea' id='block_1_25' title="bbox 2087 970 3678 1045">
    <p class='ocr_par' dir='ltr' id='par_1_25' title="bbox 2087 970 3678 1045">
     <span class='ocr_line' id='line_1_25' title="bbox 2087 970 3678 1045; baseline 0.006 -23"><span class='ocrx_word' id='word_1_157' title='bbox 2087 970 2390 1041; x_wconf 79' lang='grc' dir='ltr'>ἐκέκρυπτο</span> <span class='ocrx_word' id='word_1_158' title='bbox 2445 973 2502 1024; x_wconf 82' lang='grc' dir='ltr'>ὲν</span> <span class='ocrx_word' id='word_1_159' title='bbox 2537 972 2636 1025; x_wconf 75' lang='grc' dir='ltr'>σοι’</span> <span class='ocrx_word' id='word_1_160' title='bbox 2668 975 2716 1025; x_wconf 76' lang='grc' dir='ltr'>οἱ</span> <span class='ocrx_word' id='word_1_161' title='bbox 2747 974 3150 1045; x_wconf 77' lang='grc' dir='ltr'>συμϐεϐηκὸτες</span> <span class='ocrx_word' id='word_1_162' title='bbox 3173 975 3324 1028; x_wconf 86' lang='grc' dir='ltr'>πόνοι</span> <span class='ocrx_word' id='word_1_163' title='bbox 3354 976 3560 1043; x_wconf 78' lang='grc' dir='ltr'>ἔδειξάν</span> <span class='ocrx_word' id='word_1_164' title='bbox 3577 992 3678 1030; x_wconf 87' lang='grc' dir='ltr'>σου</span> 
     </span>
    </p>
   </div>
   <div class='ocr_carea' id='block_1_26' title="bbox 2086 1064 3675 1140">
    <p class='ocr_par' dir='ltr' id='par_1_26' title="bbox 2086 1064 3675 1140">
     <span class='ocr_line' id='line_1_26' title="bbox 2086 1064 3675 1140; baseline 0.005 -25"><span class='ocrx_word' id='word_1_165' title='bbox 2086 1064 2182 1134; x_wconf 81' lang='grc' dir='ltr'>τὴν</span> <span class='ocrx_word' id='word_1_166' title='bbox 2207 1064 2478 1134; x_wconf 81' lang='grc' dir='ltr'>ἀνδρείαν.</span> <span class='ocrx_word' id='word_1_167' title='bbox 2539 1065 2649 1117; x_wconf 79' lang='grc' dir='ltr'><strong><em>Καὶ</em></strong></span> <span class='ocrx_word' id='word_1_168' title='bbox 2666 1067 2791 1134; x_wconf 83' lang='grc' dir='ltr'>μετ’</span> <span class='ocrx_word' id='word_1_169' title='bbox 2826 1067 3023 1136; x_wconf 75' lang='grc' dir='ltr'>ὀλίγαο</span> <span class='ocrx_word' id='word_1_170' title='bbox 3064 1067 3506 1140; x_wconf 78' lang='grc' dir='ltr'>Μνημονεὺωμεν</span> <span class='ocrx_word' id='word_1_171' title='bbox 3544 1067 3675 1122; x_wconf 83' lang='grc' dir='ltr'>τού-</span> 
     </span>
    </p>
   </div>
   <div class='ocr_carea' id='block_1_27' title="bbox 2086 1155 3675 1229">
    <p class='ocr_par' dir='ltr' id='par_1_27' title="bbox 2086 1155 3675 1229">
     <span class='ocr_line' id='line_1_27' title="bbox 2086 1155 3675 1229; baseline 0.003 -23"><span class='ocrx_word' id='word_1_172' title='bbox 2086 1171 2192 1207; x_wconf 89' lang='grc' dir='ltr'><strong><em>των</em></strong></span> <span class='ocrx_word' id='word_1_173' title='bbox 2219 1157 2276 1207; x_wconf 82' lang='grc' dir='ltr'><strong><em>ἐν</em></strong></span> <span class='ocrx_word' id='word_1_174' title='bbox 2311 1158 2424 1218; x_wconf 87' lang='grc' dir='ltr'>τοῖς</span> <span class='ocrx_word' id='word_1_175' title='bbox 2466 1155 2841 1226; x_wconf 72' lang='grc' dir='ltr'><strong><em>περιστάσεων</em></strong></span> <span class='ocrx_word' id='word_1_176' title='bbox 2897 1161 3128 1229; x_wconf 85' lang='grc' dir='ltr'>καιροῖς,</span> <span class='ocrx_word' id='word_1_177' title='bbox 3173 1158 3266 1210; x_wconf 79' lang='grc' dir='ltr'><strong><em>καὶ</em></strong></span> <span class='ocrx_word' id='word_1_178' title='bbox 3307 1157 3544 1223; x_wconf 80' lang='grc' dir='ltr'><strong><em>δόξωμεν</em></strong></span> <span class='ocrx_word' id='word_1_179' title='bbox 3574 1157 3675 1211; x_wconf 82' lang='grc' dir='ltr'>τοῦ</span> 
     </span>
    </p>
   </div>
   <div class='ocr_carea' id='block_1_28' title="bbox 2084 1248 3677 1322">
    <p class='ocr_par' dir='ltr' id='par_1_28' title="bbox 2084 1248 3677 1322">
     <span class='ocr_line' id='line_1_28' title="bbox 2084 1248 3677 1322; baseline 0.003 -22"><span class='ocrx_word' id='word_1_180' title='bbox 2084 1248 2218 1301; x_wconf 80' lang='grc' dir='ltr'>Θεοῦ</span> <span class='ocrx_word' id='word_1_181' title='bbox 2258 1249 2477 1302; x_wconf 74' lang='grc' dir='ltr'>ἀκούειν</span> <span class='ocrx_word' id='word_1_182' title='bbox 2513 1249 2798 1318; x_wconf 81' lang='grc' dir='ltr'>παρόντος,</span> <span class='ocrx_word' id='word_1_183' title='bbox 2833 1251 2926 1303; x_wconf 76' lang='grc' dir='ltr'><strong><em>καὶ</em></strong></span> <span class='ocrx_word' id='word_1_184' title='bbox 2969 1250 3216 1319; x_wconf 83' lang='grc' dir='ltr'>λέγοντος</span> <span class='ocrx_word' id='word_1_185' title='bbox 3256 1253 3407 1322; x_wconf 83' lang='grc' dir='ltr'>ἡμῖν·</span> <span class='ocrx_word' id='word_1_186' title='bbox 3463 1252 3581 1304; x_wconf 74' lang='grc' dir='ltr'>Οἴει</span> <span class='ocrx_word' id='word_1_187' title='bbox 3603 1250 3677 1307; x_wconf 74' lang='grc' dir='ltr'>δέ</span> 
     </span>
    </p>
   </div>
   <div class='ocr_carea' id='block_1_29' title="bbox 2079 1341 3676 1413">
    <p class='ocr_par' dir='ltr' id='par_1_29' title="bbox 2079 1341 3676 1413">
     <span class='ocr_line' id='line_1_29' title="bbox 2079 1341 3676 1413; baseline 0.002 -19"><span class='ocrx_word' id='word_1_188' title='bbox 2079 1359 2156 1410; x_wconf 86' lang='grc' dir='ltr'>με</span> <span class='ocrx_word' id='word_1_189' title='bbox 2196 1341 2395 1408; x_wconf 76' lang='grc' dir='ltr'>ἄλλως</span> <span class='ocrx_word' id='word_1_190' title='bbox 2426 1356 2525 1396; x_wconf 90' lang='grc' dir='ltr'><strong><em>σοι</em></strong></span> <span class='ocrx_word' id='word_1_191' title='bbox 2583 1342 3096 1411; x_wconf 73' lang='grc' dir='ltr'><strong><em>κεχρηματικέναι,</em></strong></span> <span class='ocrx_word' id='word_1_192' title='bbox 3140 1341 3178 1410; x_wconf 83' lang='grc' dir='ltr'><em>ἣ</em></span> <span class='ocrx_word' id='word_1_193' title='bbox 3222 1343 3322 1395; x_wconf 76' lang='grc' dir='ltr'>ἵνα</span> <span class='ocrx_word' id='word_1_194' title='bbox 3355 1341 3676 1413; x_wconf 68' lang='grc' dir='ltr'>ἀναφανῇς</span> 
     </span>
    </p>
   </div>
   <div class='ocr_carea' id='block_1_30' title="bbox 2083 1432 3546 1530">
    <p class='ocr_par' dir='ltr' id='par_1_30' title="bbox 2083 1432 3546 1530">
     <span class='ocr_line' id='line_1_30' title="bbox 2083 1432 3546 1530; baseline 0.001 -45"><span class='ocrx_word' id='word_1_195' title='bbox 2083 1432 2346 1499; x_wconf 83' lang='grc' dir='ltr'>δίκαιος;</span> <span class='ocrx_word' id='word_1_196' title='bbox 2374 1433 2464 1504; x_wconf 86' lang='grc' dir='ltr'><strong><em>Μὴ</em></strong></span> <span class='ocrx_word' id='word_1_197' title='bbox 2493 1433 2859 1503; x_wconf 84' lang='grc' dir='ltr'>ἀναφανῶμεν</span> <span class='ocrx_word' id='word_1_198' title='bbox 2894 1433 3088 1498; x_wconf 78' lang='grc' dir='ltr'>ἄδικοι,</span> <span class='ocrx_word' id='word_1_199' title='bbox 3124 1433 3257 1505; x_wconf 87' lang='grc' dir='ltr'>μηδὲ</span> <span class='ocrx_word' id='word_1_200' title='bbox 3285 1433 3546 1530; x_wconf 70' lang='grc' dir='ltr'><strong><em>ἀσεϐεῖς.Δ</em></strong></span> 
     </span>
    </p>
   </div>
   <div class='ocr_carea' id='block_1_31' title="bbox 2227 1618 3523 1689">
    <p class='ocr_par' dir='ltr' id='par_1_31' title="bbox 2227 1618 3523 1689">
     <span class='ocr_line' id='line_1_31' title="bbox 2227 1618 3523 1689; baseline 0.002 -19"><span class='ocrx_word' id='word_1_201' title='bbox 2227 1618 2377 1689; x_wconf 84' lang='grc' dir='ltr'>Στίχ.</span> <span class='ocrx_word' id='word_1_202' title='bbox 2414 1627 2473 1672; x_wconf 87' lang='grc' dir='ltr'><strong><em>ε’.</em></strong></span> <span class='ocrx_word' id='word_1_203' title='bbox 2520 1620 2797 1674; x_wconf 74' lang='grc' dir='ltr'>Ἇνάλαϐε</span> <span class='ocrx_word' id='word_1_204' title='bbox 2827 1619 2905 1687; x_wconf 82' lang='grc' dir='ltr'><strong><em>δὴ</em></strong></span> <span class='ocrx_word' id='word_1_205' title='bbox 2939 1620 3097 1688; x_wconf 72' lang='grc' dir='ltr'>ὕψος</span> <span class='ocrx_word' id='word_1_206' title='bbox 3122 1620 3220 1673; x_wconf 83' lang='grc' dir='ltr'>καὶ</span> <span class='ocrx_word' id='word_1_207' title='bbox 3248 1619 3523 1689; x_wconf 78' lang='grc' dir='ltr'>δύναμιν.</span> 
     </span>
    </p>
   </div>
   <div class='ocr_carea' id='block_1_32' title="bbox 473 1709 1978 1783">
    <p class='ocr_par' dir='ltr' id='par_1_32' title="bbox 473 1711 1978 1783">
     <span class='ocr_line' id='line_1_32' title="bbox 473 1711 1978 1783; baseline -0.001 -16"><span class='ocrx_word' id='word_1_208' title='bbox 473 1711 639 1783; x_wconf 83' lang='lat' dir='ltr'><strong><em>Cinge</em></strong></span> <span class='ocrx_word' id='word_1_209' title='bbox 673 1724 726 1766; x_wconf 88' lang='lat' dir='ltr'><strong><em>te</em></strong></span> <span class='ocrx_word' id='word_1_210' title='bbox 755 1729 980 1774; x_wconf 81' lang='lat' dir='ltr'><strong><em>corona.</em></strong></span> <span class='ocrx_word' id='word_1_211' title='bbox 1014 1714 1177 1768; x_wconf 90' lang='lat' dir='ltr'><strong><em>indue</em></strong></span> <span class='ocrx_word' id='word_1_212' title='bbox 1204 1714 1457 1782; x_wconf 79' lang='lat' dir='ltr'><strong><em>gloriam,</em></strong></span> <span class='ocrx_word' id='word_1_213' title='bbox 1501 1713 1666 1767; x_wconf 92' lang='lat' dir='ltr'><strong><em>indue</em></strong></span> <span class='ocrx_word' id='word_1_214' title='bbox 1698 1713 1978 1767; x_wconf 86' lang='lat' dir='ltr'><strong><em>honorem.</em></strong></span> 
     </span>
    </p>
   </div>
   <div class='ocr_carea' id='block_1_33' title="bbox 2102 1709 3453 1783">
    <p class='ocr_par' dir='ltr' id='par_1_33' title="bbox 2160 1709 3453 1780">
     <span class='ocr_line' id='line_1_33' title="bbox 2160 1709 3453 1780; baseline 0.002 -20"><span class='ocrx_word' id='word_1_215' title='bbox 2160 1709 2533 1777; x_wconf 77' lang='grc' dir='ltr'>Στεφάνωσαι,</span> <span class='ocrx_word' id='word_1_216' title='bbox 2565 1711 2780 1764; x_wconf 74' lang='grc' dir='ltr'>ἔνδυσαι</span> <span class='ocrx_word' id='word_1_217' title='bbox 2811 1710 2988 1775; x_wconf 83' lang='grc' dir='ltr'>δόξαν,</span> <span class='ocrx_word' id='word_1_218' title='bbox 3022 1710 3236 1764; x_wconf 77' lang='grc' dir='ltr'>ἔνδυσαι</span> <span class='ocrx_word' id='word_1_219' title='bbox 3266 1712 3453 1780; x_wconf 84' lang='grc' dir='ltr'>τιμήν.</span> 
     </span>
    </p>
   </div>
   <div class='ocr_carea' id='block_1_34' title="bbox 413 1803 1976 1875">
    <p class='ocr_par' dir='ltr' id='par_1_34' title="bbox 413 1803 1976 1875">
     <span class='ocr_line' id='line_1_34' title="bbox 413 1803 1976 1875; baseline 0.001 -16"><span class='ocrx_word' id='word_1_220' title='bbox 413 1803 474 1859; x_wconf 85' lang='lat' dir='ltr'><strong><em>V.</em></strong></span> <span class='ocrx_word' id='word_1_221' title='bbox 497 1805 552 1859; x_wconf 86' lang='lat'><strong><em>6.</em></strong></span> <span class='ocrx_word' id='word_1_222' title='bbox 589 1804 741 1859; x_wconf 85' lang='lat' dir='ltr'><strong><em>Mitte</em></strong></span> <span class='ocrx_word' id='word_1_223' title='bbox 773 1819 947 1860; x_wconf 89' lang='lat' dir='ltr'><strong><em>autem</em></strong></span> <span class='ocrx_word' id='word_1_224' title='bbox 985 1807 1200 1875; x_wconf 84' lang='lat' dir='ltr'><strong><em>angelos</em></strong></span> <span class='ocrx_word' id='word_1_225' title='bbox 1239 1810 1364 1860; x_wconf 89' lang='lat' dir='ltr'><strong><em>ira:</em></strong></span> <span class='ocrx_word' id='word_1_226' title='bbox 1400 1821 1605 1859; x_wconf 86' lang='lat' dir='ltr'><strong><em>omnem</em></strong></span> <span class='ocrx_word' id='word_1_227' title='bbox 1634 1822 1752 1860; x_wconf 86' lang='lat' dir='ltr'><strong><em>vero</em></strong></span> <span class='ocrx_word' id='word_1_228' title='bbox 1792 1817 1976 1860; x_wconf 86' lang='lat' dir='ltr'><strong><em>contu-</em></strong></span> 
     </span>
    </p>
   </div>
   <div class='ocr_carea' id='block_1_35' title="bbox 921 1877 1462 1930">
    <p class='ocr_par' dir='ltr' id='par_1_35' title="bbox 921 1877 1462 1930">
     <span class='ocr_line' id='line_1_35' title="bbox 921 1877 1462 1930; baseline 0.004 -2"><span class='ocrx_word' id='word_1_229' title='bbox 921 1879 1192 1930; x_wconf 84' lang='lat' dir='ltr'><strong><em>meliosum</em></strong></span> <span class='ocrx_word' id='word_1_230' title='bbox 1221 1877 1462 1930; x_wconf 85' lang='lat' dir='ltr'><strong><em>humilia.</em></strong></span> 
     </span>
    </p>
   </div>
   <div class='ocr_carea' id='block_1_36' title="bbox 686 1969 1723 2039">
    <p class='ocr_par' dir='ltr' id='par_1_36' title="bbox 686 1969 1723 2039">
     <span class='ocr_line' id='line_1_36' title="bbox 686 1969 1723 2039; baseline -0.002 -13"><span class='ocrx_word' id='word_1_231' title='bbox 686 1971 751 2026; x_wconf 86' lang='lat' dir='ltr'><strong><em>V.</em></strong></span> <span class='ocrx_word' id='word_1_232' title='bbox 781 1971 836 2025; x_wconf 89' lang='lat'><strong><em>7.</em></strong></span> <span class='ocrx_word' id='word_1_233' title='bbox 871 1969 1261 2039; x_wconf 73' lang='lat' dir='ltr'><strong><em>Supetzbientem</em></strong></span> <span class='ocrx_word' id='word_1_234' title='bbox 1288 1986 1407 2023; x_wconf 84' lang='lat' dir='ltr'><strong><em>vero</em></strong></span> <span class='ocrx_word' id='word_1_235' title='bbox 1433 1970 1723 2039; x_wconf 73' lang='lat' dir='ltr'><strong><em>exstingue.</em></strong></span> 
     </span>
    </p>
   </div>
   <div class='ocr_carea' id='block_1_37' title="bbox 479 2060 1982 2118">
    <p class='ocr_par' dir='ltr' id='par_1_37' title="bbox 479 2060 1982 2118">
     <span class='ocr_line' id='line_1_37' title="bbox 479 2060 1982 2118; baseline -0.001 0"><span class='ocrx_word' id='word_1_236' title='bbox 479 2061 918 2118; x_wconf 84' lang='lat' dir='ltr'><strong><em>Contumeliosus</em></strong></span> <span class='ocrx_word' id='word_1_237' title='bbox 959 2062 1416 2117; x_wconf 88' lang='lat' dir='ltr'><strong><em>militavitcontra</em></strong></span> <span class='ocrx_word' id='word_1_238' title='bbox 1452 2071 1526 2116; x_wconf 88' lang='lat' dir='ltr'><strong><em>te.</em></strong></span> <span class='ocrx_word' id='word_1_239' title='bbox 1553 2062 1700 2115; x_wconf 85' lang='lat' dir='ltr'><strong><em>Dixit</em></strong></span> <span class='ocrx_word' id='word_1_240' title='bbox 1727 2061 1856 2116; x_wconf 86' lang='lat' dir='ltr'><strong><em>mihi</em></strong></span> <span class='ocrx_word' id='word_1_241' title='bbox 1887 2060 1982 2116; x_wconf 86' lang='lat' dir='ltr'><strong><em>ali-</em></strong></span> 
     </span>
    </p>
   </div>
   <div class='ocr_carea' id='block_1_38' title="bbox 408 2154 1980 2224">
    <p class='ocr_par' dir='ltr' id='par_1_38' title="bbox 408 2154 1980 2224">
     <span class='ocr_line' id='line_1_38' title="bbox 408 2154 1980 2224; baseline 0 -16"><span class='ocrx_word' id='word_1_242' title='bbox 408 2155 626 2224; x_wconf 79' lang='lat' dir='ltr'><strong><em>quando</em></strong></span> <span class='ocrx_word' id='word_1_243' title='bbox 653 2155 1096 2222; x_wconf 86' lang='lat' dir='ltr'><strong><em>contumeliosus,</em></strong></span> <span class='ocrx_word' id='word_1_244' title='bbox 1127 2155 1280 2209; x_wconf 83' lang='lat' dir='ltr'><strong><em>Mitte</em></strong></span> <span class='ocrx_word' id='word_1_245' title='bbox 1303 2170 1516 2208; x_wconf 89' lang='lat' dir='ltr'><strong><em>manum</em></strong></span> <span class='ocrx_word' id='word_1_246' title='bbox 1546 2162 1693 2207; x_wconf 88' lang='lat' dir='ltr'><strong><em>tuam</em></strong></span> <span class='ocrx_word' id='word_1_247' title='bbox 1721 2154 1766 2186; x_wconf 70' lang='grc'><strong><em>⁸⁸</em></strong></span> <span class='ocrx_word' id='word_1_248' title='bbox 1805 2167 1821 2206; x_wconf 89' lang='lat'><strong>:</strong></span> <span class='ocrx_word' id='word_1_249' title='bbox 1845 2154 1980 2208; x_wconf 81' lang='lat' dir='ltr'><strong><em>dixit</em></strong></span> 
     </span>
    </p>
   </div>
   <div class='ocr_carea' id='block_1_39' title="bbox 408 2243 1976 2318">
    <p class='ocr_par' dir='ltr' id='par_1_39' title="bbox 408 2243 1976 2318">
     <span class='ocr_line' id='line_1_39' title="bbox 408 2243 1976 2318; baseline 0 -16"><span class='ocrx_word' id='word_1_250' title='bbox 408 2247 563 2312; x_wconf 84' lang='lat' dir='ltr'><strong><em>mihi,</em></strong></span> <span class='ocrx_word' id='word_1_251' title='bbox 593 2243 795 2317; x_wconf 33' lang='lat' dir='ltr'><strong><em>‘Tange</em></strong></span> <span class='ocrx_word' id='word_1_252' title='bbox 829 2249 1140 2318; x_wconf 72' lang='lat' dir='ltr'><strong><em>omniaquae</em></strong></span> <span class='ocrx_word' id='word_1_253' title='bbox 1176 2250 1328 2302; x_wconf 79' lang='lat' dir='ltr'><strong><em>habet</em></strong></span> <span class='ocrx_word' id='word_1_254' title='bbox 1358 2248 1443 2301; x_wconf 62' lang='lat'><strong><em>9°:</em></strong></span> <span class='ocrx_word' id='word_1_255' title='bbox 1477 2247 1616 2301; x_wconf 81' lang='lat' dir='ltr'><strong><em>dixit</em></strong></span> <span class='ocrx_word' id='word_1_256' title='bbox 1643 2248 1772 2301; x_wconf 90' lang='lat' dir='ltr'><strong><em>mihi</em></strong></span> <span class='ocrx_word' id='word_1_257' title='bbox 1805 2249 1869 2302; x_wconf 88' lang='lat' dir='ltr'><strong><em>de</em></strong></span> <span class='ocrx_word' id='word_1_258' title='bbox 1902 2257 1976 2312; x_wconf 87' lang='lat' dir='ltr'><strong><em>te,</em></strong></span> 
     </span>
    </p>
   </div>
   <div class='ocr_carea' id='block_1_40' title="bbox 409 2338 1978 2409">
    <p class='ocr_par' dir='ltr' id='par_1_40' title="bbox 409 2338 1978 2409">
     <span class='ocr_line' id='line_1_40' title="bbox 409 2338 1978 2409; baseline -0.001 -16"><span class='ocrx_word' id='word_1_259' title='bbox 409 2341 551 2409; x_wconf 92' lang='lat' dir='ltr'><strong><em>quod</em></strong></span> <span class='ocrx_word' id='word_1_260' title='bbox 575 2338 759 2407; x_wconf 85' lang='lat' dir='ltr'><strong><em>utique</em></strong></span> <span class='ocrx_word' id='word_1_261' title='bbox 781 2339 833 2392; x_wconf 92' lang='lat' dir='ltr'><strong><em>in</em></strong></span> <span class='ocrx_word' id='word_1_262' title='bbox 861 2339 1051 2407; x_wconf 81' lang='lat' dir='ltr'><strong><em>faciem</em></strong></span> <span class='ocrx_word' id='word_1_263' title='bbox 1084 2338 1354 2392; x_wconf 84' lang='lat' dir='ltr'><strong><em>benedices</em></strong></span> <span class='ocrx_word' id='word_1_264' title='bbox 1407 2355 1486 2393; x_wconf 90' lang='lat' dir='ltr'><strong><em>me</em></strong></span> <span class='ocrx_word' id='word_1_265' title='bbox 1512 2340 1580 2392; x_wconf 70' lang='lat'><strong><em>9‘.</em></strong></span> <span class='ocrx_word' id='word_1_266' title='bbox 1614 2339 1683 2392; x_wconf 84' lang='lat' dir='ltr'><strong><em>At</em></strong></span> <span class='ocrx_word' id='word_1_267' title='bbox 1709 2339 1852 2393; x_wconf 88' lang='lat' dir='ltr'><strong><em>enim</em></strong></span> <span class='ocrx_word' id='word_1_268' title='bbox 1895 2342 1978 2392; x_wconf 89' lang='lat' dir='ltr'><strong><em>vi-</em></strong></span> 
     </span>
    </p>
   </div>
   <div class='ocr_carea' id='block_1_41' title="bbox 407 2429 1978 2499">
    <p class='ocr_par' dir='ltr' id='par_1_41' title="bbox 407 2429 1978 2499">
     <span class='ocr_line' id='line_1_41' title="bbox 407 2429 1978 2499; baseline 0 -14"><span class='ocrx_word' id='word_1_269' title='bbox 407 2431 557 2486; x_wconf 82' lang='lat' dir='ltr'><strong><em>cisti.</em></strong></span> <span class='ocrx_word' id='word_1_270' title='bbox 586 2429 876 2499; x_wconf 87' lang='lat' dir='ltr'><strong><em>Propterea</em></strong></span> <span class='ocrx_word' id='word_1_271' title='bbox 903 2431 1020 2485; x_wconf 90' lang='lat' dir='ltr'><strong><em>dico</em></strong></span> <span class='ocrx_word' id='word_1_272' title='bbox 1045 2429 1138 2483; x_wconf 91' lang='lat' dir='ltr'><strong><em>tibi</em></strong></span> <span class='ocrx_word' id='word_1_273' title='bbox 1175 2450 1187 2484; x_wconf 91' lang='lat'>:</span> <span class='ocrx_word' id='word_1_274' title='bbox 1221 2429 1393 2484; x_wconf 83' lang='lat' dir='ltr'><strong><em>Macte</em></strong></span> <span class='ocrx_word' id='word_1_275' title='bbox 1423 2438 1576 2484; x_wconf 83' lang='lat' dir='ltr'><strong><em>esto:</em></strong></span> <span class='ocrx_word' id='word_1_276' title='bbox 1609 2431 1827 2485; x_wconf 89' lang='lat' dir='ltr'><strong><em>omnino</em></strong></span> <span class='ocrx_word' id='word_1_277' title='bbox 1851 2445 1978 2485; x_wconf 87' lang='lat' dir='ltr'><strong><em>vero</em></strong></span> 
     </span>
    </p>
   </div>
   <div class='ocr_carea' id='block_1_42' title="bbox 409 2521 1975 2591">
    <p class='ocr_par' dir='ltr' id='par_1_42' title="bbox 409 2521 1975 2591">
     <span class='ocr_line' id='line_1_42' title="bbox 409 2521 1975 2591; baseline -0.001 -14"><span class='ocrx_word' id='word_1_278' title='bbox 409 2523 861 2578; x_wconf 91' lang='lat' dir='ltr'><strong><em>contumeliosum</em></strong></span> <span class='ocrx_word' id='word_1_279' title='bbox 913 2521 1157 2586; x_wconf 87' lang='lat' dir='ltr'><strong><em>humilia,</em></strong></span> <span class='ocrx_word' id='word_1_280' title='bbox 1212 2531 1266 2576; x_wconf 90' lang='lat' dir='ltr'><strong><em>et</em></strong></span> <span class='ocrx_word' id='word_1_281' title='bbox 1301 2521 1522 2591; x_wconf 82' lang='lat' dir='ltr'><strong><em>angelos</em></strong></span> <span class='ocrx_word' id='word_1_282' title='bbox 1577 2521 1692 2590; x_wconf 89' lang='lat' dir='ltr'><strong><em>ejus</em></strong></span> <span class='ocrx_word' id='word_1_283' title='bbox 1731 2521 1975 2576; x_wconf 88' lang='lat' dir='ltr'><strong><em>humilia.</em></strong></span> 
     </span>
    </p>
   </div>
   <div class='ocr_carea' id='block_1_43' title="bbox 407 2612 1975 2690">
    <p class='ocr_par' dir='ltr' id='par_1_43' title="bbox 407 2612 1975 2690">
     <span class='ocr_line' id='line_1_43' title="bbox 407 2612 1975 2690; baseline -0.001 -23"><span class='ocrx_word' id='word_1_284' title='bbox 407 2613 502 2690; x_wconf 88' lang='lat' dir='ltr'><strong><em>llle</em></strong></span> <span class='ocrx_word' id='word_1_285' title='bbox 526 2622 713 2667; x_wconf 87' lang='lat' dir='ltr'><strong><em>contra</em></strong></span> <span class='ocrx_word' id='word_1_286' title='bbox 761 2623 814 2666; x_wconf 92' lang='lat' dir='ltr'><strong><em>te</em></strong></span> <span class='ocrx_word' id='word_1_287' title='bbox 849 2614 1114 2680; x_wconf 89' lang='lat' dir='ltr'><strong><em>superbus</em></strong></span> <span class='ocrx_word' id='word_1_288' title='bbox 1149 2612 1250 2666; x_wconf 80' lang='lat' dir='ltr'><strong><em>fuit</em></strong></span> <span class='ocrx_word' id='word_1_289' title='bbox 1299 2629 1313 2665; x_wconf 90' lang='lat'><strong>:</strong></span> <span class='ocrx_word' id='word_1_290' title='bbox 1362 2621 1418 2666; x_wconf 91' lang='lat' dir='ltr'><strong><em>at</em></strong></span> <span class='ocrx_word' id='word_1_291' title='bbox 1449 2622 1503 2665; x_wconf 93' lang='lat' dir='ltr'><strong><em>tu</em></strong></span> <span class='ocrx_word' id='word_1_292' title='bbox 1557 2613 1847 2681; x_wconf 81' lang='lat' dir='ltr'><strong><em>superbum</em></strong></span> <span class='ocrx_word' id='word_1_293' title='bbox 1879 2627 1975 2666; x_wconf 81' lang='lat' dir='ltr'><strong><em>ex-</em></strong></span> 
     </span>
    </p>
   </div>
   <div class='ocr_carea' id='block_1_44' title="bbox 407 2704 1974 2776">
    <p class='ocr_par' dir='ltr' id='par_1_44' title="bbox 407 2704 1974 2776">
     <span class='ocr_line' id='line_1_44' title="bbox 407 2704 1974 2776; baseline -0.001 -17"><span class='ocrx_word' id='word_1_294' title='bbox 407 2706 643 2776; x_wconf 78' lang='lat' dir='ltr'><strong><em>stingue.</em></strong></span> <span class='ocrx_word' id='word_1_295' title='bbox 691 2705 888 2774; x_wconf 88' lang='lat' dir='ltr'><strong><em>Impius</em></strong></span> <span class='ocrx_word' id='word_1_296' title='bbox 933 2705 1022 2759; x_wconf 88' lang='lat' dir='ltr'><strong><em>ille</em></strong></span> <span class='ocrx_word' id='word_1_297' title='bbox 1065 2714 1255 2760; x_wconf 87' lang='lat' dir='ltr'><strong><em>contra</em></strong></span> <span class='ocrx_word' id='word_1_298' title='bbox 1294 2714 1390 2770; x_wconf 87' lang='lat' dir='ltr'><strong><em>te;</em></strong></span> <span class='ocrx_word' id='word_1_299' title='bbox 1422 2714 1479 2759; x_wconf 88' lang='lat' dir='ltr'><strong><em>at</em></strong></span> <span class='ocrx_word' id='word_1_300' title='bbox 1531 2714 1585 2759; x_wconf 92' lang='lat' dir='ltr'><strong><em>tu</em></strong></span> <span class='ocrx_word' id='word_1_301' title='bbox 1608 2704 1830 2759; x_wconf 82' lang='lat' dir='ltr'><strong><em>fulmina</em></strong></span> <span class='ocrx_word' id='word_1_302' title='bbox 1871 2705 1974 2759; x_wconf 79' lang='lat' dir='ltr'><strong><em>im-</em></strong></span> 
     </span>
    </p>
   </div>
   <div class='ocr_carea' id='block_1_45' title="bbox 409 2799 814 2868">
    <p class='ocr_par' dir='ltr' id='par_1_45' title="bbox 409 2799 814 2868">
     <span class='ocr_line' id='line_1_45' title="bbox 409 2799 814 2868; baseline 0.002 -19"><span class='ocrx_word' id='word_1_303' title='bbox 409 2799 525 2868; x_wconf 87' lang='lat' dir='ltr'><strong><em>pios</em></strong></span> <span class='ocrx_word' id='word_1_304' title='bbox 553 2808 814 2852; x_wconf 86' lang='lat' dir='ltr'><strong><em>actutum.</em></strong></span> 
     </span>
    </p>
   </div>
   <div class='ocr_carea' id='block_1_46' title="bbox 480 2886 1900 2958">
    <p class='ocr_par' dir='ltr' id='par_1_46' title="bbox 480 2886 1900 2958">
     <span class='ocr_line' id='line_1_46' title="bbox 480 2886 1900 2958; baseline 0 -17"><span class='ocrx_word' id='word_1_305' title='bbox 480 2887 544 2943; x_wconf 83' lang='lat' dir='ltr'><strong><em>V.</em></strong></span> <span class='ocrx_word' id='word_1_306' title='bbox 569 2888 620 2943; x_wconf 91' lang='lat'><strong><em>8.</em></strong></span> <span class='ocrx_word' id='word_1_307' title='bbox 647 2886 834 2942; x_wconf 84' lang='lat' dir='ltr'><strong><em>Facies</em></strong></span> <span class='ocrx_word' id='word_1_308' title='bbox 867 2898 1036 2942; x_wconf 88' lang='lat' dir='ltr'><strong><em>autem</em></strong></span> <span class='ocrx_word' id='word_1_309' title='bbox 1078 2887 1310 2956; x_wconf 88' lang='lat' dir='ltr'><strong><em>ipsorum</em></strong></span> <span class='ocrx_word' id='word_1_310' title='bbox 1348 2886 1637 2958; x_wconf 85' lang='lat' dir='ltr'><strong><em>ignominia</em></strong></span> <span class='ocrx_word' id='word_1_311' title='bbox 1687 2888 1900 2957; x_wconf 79' lang='lat' dir='ltr'><strong><em>repleto.</em></strong></span> 
     </span>
    </p>
   </div>
   <div class='ocr_carea' id='block_1_47' title="bbox 477 2982 1974 3050">
    <p class='ocr_par' dir='ltr' id='par_1_47' title="bbox 477 2982 1974 3050">
     <span class='ocr_line' id='line_1_47' title="bbox 477 2982 1974 3050; baseline 0 -14"><span class='ocrx_word' id='word_1_312' title='bbox 477 2982 677 3036; x_wconf 82' lang='lat' dir='ltr'><strong><em>Evince</em></strong></span> <span class='ocrx_word' id='word_1_313' title='bbox 702 2996 795 3036; x_wconf 90' lang='lat' dir='ltr'><strong><em>eos</em></strong></span> <span class='ocrx_word' id='word_1_314' title='bbox 822 2996 942 3042; x_wconf 85' lang='lat' dir='ltr'><strong><em>esse</em></strong></span> <span class='ocrx_word' id='word_1_315' title='bbox 979 2989 1312 3050; x_wconf 88' lang='lat' dir='ltr'><strong><em>peccatores,</em></strong></span> <span class='ocrx_word' id='word_1_316' title='bbox 1339 2995 1433 3034; x_wconf 87' lang='lat' dir='ltr'><strong><em>eos</em></strong></span> <span class='ocrx_word' id='word_1_317' title='bbox 1459 2992 1772 3049; x_wconf 88' lang='lat' dir='ltr'><strong><em>peccatores</em></strong></span> <span class='ocrx_word' id='word_1_318' title='bbox 1792 2994 1974 3036; x_wconf 73' lang='lat' dir='ltr'><strong><em>osten-</em></strong></span> 
     </span>
    </p>
   </div>
   <div class='ocr_carea' id='block_1_48' title="bbox 2085 1800 3673 1872">
    <p class='ocr_par' dir='ltr' id='par_1_48' title="bbox 2085 1800 3673 1872">
     <span class='ocr_line' id='line_1_48' title="bbox 2085 1800 3673 1872; baseline 0.002 -18"><span class='ocrx_word' id='word_1_319' title='bbox 2085 1801 2232 1872; x_wconf 86' lang='grc' dir='ltr'>Στίχ.</span> <span class='ocrx_word' id='word_1_320' title='bbox 2260 1809 2332 1867; x_wconf 82' lang='grc' dir='ltr'>ς’.</span> <span class='ocrx_word' id='word_1_321' title='bbox 2371 1803 2754 1858; x_wconf 78' lang='grc' dir='ltr'><strong><em>Ἀπόστειλον</em></strong></span> <span class='ocrx_word' id='word_1_322' title='bbox 2781 1803 2850 1856; x_wconf 85' lang='grc' dir='ltr'>δὲ</span> <span class='ocrx_word' id='word_1_323' title='bbox 2885 1803 3179 1872; x_wconf 76' lang='grc' dir='ltr'><strong><em>ἀγγέλους</em></strong></span> <span class='ocrx_word' id='word_1_324' title='bbox 3194 1801 3360 1872; x_wconf 64' lang='grc' dir='ltr'>ἐργῇ·</span> <span class='ocrx_word' id='word_1_325' title='bbox 3388 1803 3584 1856; x_wconf 80' lang='grc' dir='ltr'>πάντα</span> <span class='ocrx_word' id='word_1_326' title='bbox 3597 1800 3673 1858; x_wconf 76' lang='grc' dir='ltr'>δὲ</span> 
     </span>
    </p>
   </div>
   <div class='ocr_carea' id='block_1_49' title="bbox 2520 1875 3231 1951">
    <p class='ocr_par' dir='ltr' id='par_1_49' title="bbox 2520 1875 3231 1944">
     <span class='ocr_line' id='line_1_49' title="bbox 2520 1875 3231 1944; baseline -0.003 -16"><span class='ocrx_word' id='word_1_327' title='bbox 2520 1875 2816 1944; x_wconf 75' lang='grc' dir='ltr'>ὑϐριστὴν</span> <span class='ocrx_word' id='word_1_328' title='bbox 2839 1875 3231 1928; x_wconf 85' lang='grc' dir='ltr'>ταπείνωσον.</span> 
     </span>
    </p>
   </div>
   <div class='ocr_carea' id='block_1_50' title="bbox 2350 1966 3412 2037">
    <p class='ocr_par' dir='ltr' id='par_1_50' title="bbox 2350 1966 3412 2037">
     <span class='ocr_line' id='line_1_50' title="bbox 2350 1966 3412 2037; baseline 0.003 -19"><span class='ocrx_word' id='word_1_329' title='bbox 2350 1966 2496 2037; x_wconf 86' lang='grc' dir='ltr'>Στίχ.</span> <span class='ocrx_word' id='word_1_330' title='bbox 2535 1968 2599 2032; x_wconf 83' lang='grc' dir='ltr'><strong><em>ζ’.</em></strong></span> <span class='ocrx_word' id='word_1_331' title='bbox 2638 1969 3041 2037; x_wconf 74' lang='grc' dir='ltr'>Ὑπερήφανον</span> <span class='ocrx_word' id='word_1_332' title='bbox 3071 1967 3138 2020; x_wconf 85' lang='grc' dir='ltr'>δὲ</span> <span class='ocrx_word' id='word_1_333' title='bbox 3167 1968 3412 2022; x_wconf 77' lang='grc' dir='ltr'>σϐέσον.</span> 
     </span>
    </p>
   </div>
   <div class='ocr_carea' id='block_1_51' title="bbox 2169 2056 3668 2132">
    <p class='ocr_par' dir='ltr' id='par_1_51' title="bbox 2169 2056 3668 2132">
     <span class='ocr_line' id='line_1_51' title="bbox 2169 2056 3668 2132; baseline 0.001 -22"><span class='ocrx_word' id='word_1_334' title='bbox 2169 2057 2226 2110; x_wconf 88' lang='grc' dir='ltr'>Ὁ</span> <span class='ocrx_word' id='word_1_335' title='bbox 2259 2057 2518 2130; x_wconf 78' lang='grc' dir='ltr'>ὑϐριστὴς</span> <span class='ocrx_word' id='word_1_336' title='bbox 2546 2061 2943 2132; x_wconf 77' lang='grc' dir='ltr'>ἐστρατεύσατο</span> <span class='ocrx_word' id='word_1_337' title='bbox 2969 2061 3110 2114; x_wconf 84' lang='grc' dir='ltr'><strong><em>κατά</em></strong></span> <span class='ocrx_word' id='word_1_338' title='bbox 3139 2058 3252 2112; x_wconf 78' lang='grc' dir='ltr'>σοῦ.</span> <span class='ocrx_word' id='word_1_339' title='bbox 3282 2056 3415 2112; x_wconf 78' lang='grc' dir='ltr'><strong><em>Εἷπὲ</em></strong></span> <span class='ocrx_word' id='word_1_340' title='bbox 3449 2060 3538 2129; x_wconf 85' lang='grc' dir='ltr'><strong><em>μοί</em></strong></span> <span class='ocrx_word' id='word_1_341' title='bbox 3569 2077 3668 2112; x_wconf 85' lang='grc' dir='ltr'>πο-</span> 
     </span>
    </p>
   </div>
   <div class='ocr_carea' id='block_1_52' title="bbox 2085 2149 3668 2222">
    <p class='ocr_par' dir='ltr' id='par_1_52' title="bbox 2085 2149 3668 2222">
     <span class='ocr_line' id='line_1_52' title="bbox 2085 2149 3668 2222; baseline 0.003 -20"><span class='ocrx_word' id='word_1_342' title='bbox 2085 2167 2144 2203; x_wconf 87' lang='grc' dir='ltr'><strong><em>τε</em></strong></span> <span class='ocrx_word' id='word_1_343' title='bbox 2171 2152 2199 2202; x_wconf 89' lang='grc' dir='ltr'>ὁ</span> <span class='ocrx_word' id='word_1_344' title='bbox 2238 2150 2519 2222; x_wconf 77' lang='grc' dir='ltr'>ὑϐριστὴς,</span> <span class='ocrx_word' id='word_1_345' title='bbox 2582 2152 2964 2206; x_wconf 70' lang='grc' dir='ltr'><strong><em>Ἀπόστειλον</em></strong></span> <span class='ocrx_word' id='word_1_346' title='bbox 2992 2151 3107 2218; x_wconf 82' lang='grc' dir='ltr'>τὴν</span> <span class='ocrx_word' id='word_1_347' title='bbox 3145 2151 3311 2219; x_wconf 80' lang='grc' dir='ltr'>χεῖρά</span> <span class='ocrx_word' id='word_1_348' title='bbox 3357 2168 3493 2206; x_wconf 84' lang='grc' dir='ltr'>σου·</span> <span class='ocrx_word' id='word_1_349' title='bbox 3542 2149 3668 2206; x_wconf 80' lang='grc' dir='ltr'>εἶπέ</span> 
     </span>
    </p>
   </div>
   <div class='ocr_carea' id='block_1_53' title="bbox 2089 2238 3666 2315">
    <p class='ocr_par' dir='ltr' id='par_1_53' title="bbox 2089 2238 3666 2315">
     <span class='ocr_line' id='line_1_53' title="bbox 2089 2238 3666 2315; baseline 0 -20"><span class='ocrx_word' id='word_1_350' title='bbox 2089 2260 2196 2314; x_wconf 89' lang='grc' dir='ltr'>μοι,</span> <span class='ocrx_word' id='word_1_351' title='bbox 2231 2243 2405 2310; x_wconf 60' lang='lat' dir='ltr'><strong><em>&quot;Ayz-at</em></strong></span> <span class='ocrx_word' id='word_1_352' title='bbox 2431 2243 2672 2297; x_wconf 81' lang='grc' dir='ltr'>πάντων</span> <span class='ocrx_word' id='word_1_353' title='bbox 2714 2238 2800 2296; x_wconf 83' lang='grc' dir='ltr'>ὧν</span> <span class='ocrx_word' id='word_1_354' title='bbox 2838 2243 2982 2310; x_wconf 73' lang='grc' dir='ltr'>ἔχει’</span> <span class='ocrx_word' id='word_1_355' title='bbox 3009 2240 3128 2295; x_wconf 81' lang='grc' dir='ltr'><strong><em>εἷπὲ</em></strong></span> <span class='ocrx_word' id='word_1_356' title='bbox 3164 2261 3253 2313; x_wconf 83' lang='grc' dir='ltr'><strong><em>μοι</em></strong></span> <span class='ocrx_word' id='word_1_357' title='bbox 3287 2243 3416 2315; x_wconf 75' lang='grc' dir='ltr'>περὶ</span> <span class='ocrx_word' id='word_1_358' title='bbox 3441 2241 3555 2308; x_wconf 81' lang='grc' dir='ltr'>σοῦ,</span> <span class='ocrx_word' id='word_1_359' title='bbox 3587 2243 3666 2307; x_wconf 78' lang='grc' dir='ltr'><strong><em>ὡς</em></strong></span> 
     </span>
    </p>
   </div>
   <div class='ocr_carea' id='block_1_54' title="bbox 2084 2333 3664 2406">
    <p class='ocr_par' dir='ltr' id='par_1_54' title="bbox 2084 2333 3664 2406">
     <span class='ocr_line' id='line_1_54' title="bbox 2084 2333 3664 2406; baseline 0.001 -18"><span class='ocrx_word' id='word_1_360' title='bbox 2084 2335 2191 2406; x_wconf 84' lang='grc' dir='ltr'>ἄρα</span> <span class='ocrx_word' id='word_1_361' title='bbox 2219 2337 2305 2400; x_wconf 84' lang='grc' dir='ltr'>εὶς</span> <span class='ocrx_word' id='word_1_362' title='bbox 2335 2337 2658 2402; x_wconf 81' lang='grc' dir='ltr'>πρόσωπόν</span> <span class='ocrx_word' id='word_1_363' title='bbox 2679 2353 2756 2404; x_wconf 81' lang='grc' dir='ltr'>με</span> <span class='ocrx_word' id='word_1_364' title='bbox 2777 2335 3152 2405; x_wconf 69' lang='grc' dir='ltr'>εὐλογήσεις.</span> <span class='ocrx_word' id='word_1_365' title='bbox 3195 2337 3333 2389; x_wconf 79' lang='grc' dir='ltr'>Ἀλλ’</span> <span class='ocrx_word' id='word_1_366' title='bbox 3361 2333 3452 2390; x_wconf 79' lang='grc' dir='ltr'><strong><em>οὖν</em></strong></span> <span class='ocrx_word' id='word_1_367' title='bbox 3480 2355 3543 2406; x_wconf 89' lang='grc' dir='ltr'><strong><em>γε</em></strong></span> <span class='ocrx_word' id='word_1_368' title='bbox 3573 2356 3664 2391; x_wconf 84' lang='grc' dir='ltr'>νε-</span> 
     </span>
    </p>
   </div>
   <div class='ocr_carea' id='block_1_55' title="bbox 2084 2425 3666 2500">
    <p class='ocr_par' dir='ltr' id='par_1_55' title="bbox 2084 2425 3666 2500">
     <span class='ocr_line' id='line_1_55' title="bbox 2084 2425 3666 2500; baseline 0.003 -23"><span class='ocrx_word' id='word_1_369' title='bbox 2084 2426 2333 2495; x_wconf 85' lang='grc' dir='ltr'>νίκηκας.</span> <span class='ocrx_word' id='word_1_370' title='bbox 2379 2426 2475 2479; x_wconf 88' lang='grc' dir='ltr'>Διά</span> <span class='ocrx_word' id='word_1_371' title='bbox 2512 2425 2667 2478; x_wconf 84' lang='grc' dir='ltr'>τοῦτό</span> <span class='ocrx_word' id='word_1_372' title='bbox 2703 2445 2785 2479; x_wconf 86' lang='grc' dir='ltr'><strong><em>σοι</em></strong></span> <span class='ocrx_word' id='word_1_373' title='bbox 2806 2427 2969 2495; x_wconf 65' lang='grc' dir='ltr'>λέγω</span> <span class='ocrx_word' id='word_1_374' title='bbox 3009 2428 3212 2500; x_wconf 73' lang='grc' dir='ltr'>Θάρρει</span> <span class='ocrx_word' id='word_1_375' title='bbox 3237 2445 3250 2458; x_wconf 89' lang='grc'><strong>·</strong></span> <span class='ocrx_word' id='word_1_376' title='bbox 3279 2430 3386 2481; x_wconf 80' lang='grc' dir='ltr'>πᾶν</span> <span class='ocrx_word' id='word_1_377' title='bbox 3427 2429 3483 2481; x_wconf 83' lang='grc' dir='ltr'><strong><em>δὲ</em></strong></span> <span class='ocrx_word' id='word_1_378' title='bbox 3507 2430 3666 2500; x_wconf 74' lang='grc' dir='ltr'>ὑϐρι-</span> 
     </span>
    </p>
   </div>
   <div class='ocr_carea' id='block_1_56' title="bbox 2089 2515 3666 2588">
    <p class='ocr_par' dir='ltr' id='par_1_56' title="bbox 2089 2515 3666 2588">
     <span class='ocr_line' id='line_1_56' title="bbox 2089 2515 3666 2588; baseline 0.004 -21"><span class='ocrx_word' id='word_1_379' title='bbox 2089 2515 2219 2586; x_wconf 81' lang='grc' dir='ltr'>στὴν</span> <span class='ocrx_word' id='word_1_380' title='bbox 2246 2516 2598 2580; x_wconf 87' lang='grc' dir='ltr'>ταπείνωσον,</span> <span class='ocrx_word' id='word_1_381' title='bbox 2629 2518 2722 2570; x_wconf 74' lang='grc' dir='ltr'><strong><em>καὶ</em></strong></span> <span class='ocrx_word' id='word_1_382' title='bbox 2748 2518 2872 2581; x_wconf 82' lang='grc' dir='ltr'>τοὺς</span> <span class='ocrx_word' id='word_1_383' title='bbox 2905 2518 3168 2588; x_wconf 80' lang='grc' dir='ltr'>ἀγγέλους</span> <span class='ocrx_word' id='word_1_384' title='bbox 3200 2519 3363 2572; x_wconf 80' lang='grc' dir='ltr'>αὑτοῦ</span> <span class='ocrx_word' id='word_1_385' title='bbox 3399 2521 3666 2574; x_wconf 87' lang='grc' dir='ltr'>ταπείνω-</span> 
     </span>
    </p>
   </div>
   <div class='ocr_carea' id='block_1_57' title="bbox 2085 2609 3666 2682">
    <p class='ocr_par' dir='ltr' id='par_1_57' title="bbox 2085 2609 3666 2682">
     <span class='ocr_line' id='line_1_57' title="bbox 2085 2609 3666 2682; baseline 0.004 -22"><span class='ocrx_word' id='word_1_386' title='bbox 2085 2626 2197 2660; x_wconf 93' lang='grc' dir='ltr'>σον.</span> <span class='ocrx_word' id='word_1_387' title='bbox 2242 2609 2619 2682; x_wconf 82' lang='grc' dir='ltr'>’Υπερήφανος</span> <span class='ocrx_word' id='word_1_388' title='bbox 2659 2611 2862 2673; x_wconf 79' lang='grc' dir='ltr'>ἐκεῖνος</span> <span class='ocrx_word' id='word_1_389' title='bbox 2900 2611 3187 2681; x_wconf 77' lang='grc' dir='ltr'>γεγένηται</span> <span class='ocrx_word' id='word_1_390' title='bbox 3217 2613 3357 2666; x_wconf 85' lang='grc' dir='ltr'><strong><em>κατά</em></strong></span> <span class='ocrx_word' id='word_1_391' title='bbox 3386 2612 3499 2666; x_wconf 79' lang='grc' dir='ltr'>σοῦ·</span> <span class='ocrx_word' id='word_1_392' title='bbox 3526 2613 3666 2666; x_wconf 86' lang='grc' dir='ltr'><strong><em>ἀλλά</em></strong></span> 
     </span>
    </p>
   </div>
   <div class='ocr_carea' id='block_1_58' title="bbox 2086 2700 3662 2772">
    <p class='ocr_par' dir='ltr' id='par_1_58' title="bbox 2086 2700 3662 2772">
     <span class='ocr_line' id='line_1_58' title="bbox 2086 2700 3662 2772; baseline 0.003 -20"><span class='ocrx_word' id='word_1_393' title='bbox 2086 2700 2148 2752; x_wconf 81' lang='grc' dir='ltr'><strong><em>σὺ</em></strong></span> <span class='ocrx_word' id='word_1_394' title='bbox 2179 2700 2524 2771; x_wconf 82' lang='grc' dir='ltr'>ὑπερήφανον</span> <span class='ocrx_word' id='word_1_395' title='bbox 2569 2701 2778 2754; x_wconf 76' lang='grc' dir='ltr'>σϐέσον.</span> <span class='ocrx_word' id='word_1_396' title='bbox 2826 2701 3050 2772; x_wconf 78' lang='grc' dir='ltr'>Ἀσεὸὴς</span> <span class='ocrx_word' id='word_1_397' title='bbox 3099 2705 3304 2766; x_wconf 75' lang='grc' dir='ltr'>ἐκεῖνος</span> <span class='ocrx_word' id='word_1_398' title='bbox 3355 2702 3497 2757; x_wconf 87' lang='grc' dir='ltr'><strong><em>κατά</em></strong></span> <span class='ocrx_word' id='word_1_399' title='bbox 3543 2704 3662 2757; x_wconf 80' lang='grc' dir='ltr'>σοῦ·</span> 
     </span>
    </p>
   </div>
   <div class='ocr_carea' id='block_1_59' title="bbox 2082 2789 3165 2864">
    <p class='ocr_par' dir='ltr' id='par_1_59' title="bbox 2082 2789 3165 2864">
     <span class='ocr_line' id='line_1_59' title="bbox 2082 2789 3165 2864; baseline 0.004 -22"><span class='ocrx_word' id='word_1_400' title='bbox 2082 2789 2218 2844; x_wconf 89' lang='grc' dir='ltr'>ἀλλά</span> <span class='ocrx_word' id='word_1_401' title='bbox 2238 2791 2300 2844; x_wconf 86' lang='grc' dir='ltr'><strong><em>σὺ</em></strong></span> <span class='ocrx_word' id='word_1_402' title='bbox 2329 2792 2532 2862; x_wconf 80' lang='grc' dir='ltr'>σκῆψον</span> <span class='ocrx_word' id='word_1_403' title='bbox 2559 2792 2772 2856; x_wconf 76' lang='grc' dir='ltr'>ἀσεϐεῖς</span> <span class='ocrx_word' id='word_1_404' title='bbox 2810 2794 3165 2864; x_wconf 84' lang='grc' dir='ltr'>παραχρῆμα.</span> 
     </span>
    </p>
   </div>
   <div class='ocr_carea' id='block_1_60' title="bbox 1997 2865 3660 2955">
    <p class='ocr_par' dir='ltr' id='par_1_60' title="bbox 1997 2865 3660 2955">
     <span class='ocr_line' id='line_1_60' title="bbox 1997 2865 3660 2955; baseline 0.004 -22"><span class='ocrx_word' id='word_1_405' title='bbox 1997 2893 2002 2906; x_wconf 81' lang='lat'>&#39;</span> <span class='ocrx_word' id='word_1_406' title='bbox 2083 2865 2228 2952; x_wconf 84' lang='grc' dir='ltr'>Στίχ.</span> <span class='ocrx_word' id='word_1_407' title='bbox 2250 2890 2321 2953; x_wconf 84' lang='grc' dir='ltr'>η’.</span> <span class='ocrx_word' id='word_1_408' title='bbox 2351 2883 2432 2937; x_wconf 91' lang='grc' dir='ltr'><strong><em>Τὰ</em></strong></span> <span class='ocrx_word' id='word_1_409' title='bbox 2443 2883 2510 2936; x_wconf 84' lang='grc' dir='ltr'>δὲ</span> <span class='ocrx_word' id='word_1_410' title='bbox 2524 2885 2814 2952; x_wconf 87' lang='grc' dir='ltr'>πρόσωπα</span> <span class='ocrx_word' id='word_1_411' title='bbox 2842 2885 3041 2938; x_wconf 83' lang='grc' dir='ltr'>αὐτῶν</span> <span class='ocrx_word' id='word_1_412' title='bbox 3059 2886 3296 2955; x_wconf 76' lang='grc' dir='ltr'>ἀτιμίας</span> <span class='ocrx_word' id='word_1_413' title='bbox 3311 2885 3660 2954; x_wconf 75' lang='grc' dir='ltr'>πλήρωσον.</span> 
     </span>
    </p>
   </div>
   <div class='ocr_carea' id='block_1_61' title="bbox 2159 2973 3661 3050">
    <p class='ocr_par' dir='ltr' id='par_1_61' title="bbox 2159 2973 3661 3050">
     <span class='ocr_line' id='line_1_61' title="bbox 2159 2973 3661 3050; baseline 0.003 -23"><span class='ocrx_word' id='word_1_414' title='bbox 2159 2973 2412 3042; x_wconf 82' lang='grc' dir='ltr'>Ἐλεγξον</span> <span class='ocrx_word' id='word_1_415' title='bbox 2440 2977 2814 3048; x_wconf 83' lang='grc' dir='ltr'>ἁμαρτωλοὺς,</span> <span class='ocrx_word' id='word_1_416' title='bbox 2833 2977 3044 3042; x_wconf 77' lang='grc' dir='ltr'>δεικνὺς</span> <span class='ocrx_word' id='word_1_417' title='bbox 3059 2979 3255 3043; x_wconf 80' lang='grc' dir='ltr'>αὐτοὺς</span> <span class='ocrx_word' id='word_1_418' title='bbox 3284 2979 3661 3050; x_wconf 78' lang='grc' dir='ltr'>ἁμαρτωλούς.</span> 
     </span>
    </p>
   </div>
   <div class='ocr_carea' id='block_1_62' title="bbox 406 3065 1978 3158">
    <p class='ocr_par' dir='ltr' id='par_1_62' title="bbox 406 3073 1978 3144">
     <span class='ocr_line' id='line_1_62' title="bbox 406 3073 1978 3144; baseline 0.001 -17"><span class='ocrx_word' id='word_1_419' title='bbox 406 3074 560 3128; x_wconf 83' lang='lat' dir='ltr'><strong><em>deus.</em></strong></span> <span class='ocrx_word' id='word_1_420' title='bbox 596 3073 822 3144; x_wconf 79' lang='lat' dir='ltr'><strong><em>Repleto</em></strong></span> <span class='ocrx_word' id='word_1_421' title='bbox 862 3073 1030 3128; x_wconf 82' lang='lat' dir='ltr'><strong><em>facies</em></strong></span> <span class='ocrx_word' id='word_1_422' title='bbox 1059 3089 1246 3128; x_wconf 86' lang='lat' dir='ltr'><strong><em>eorum</em></strong></span> <span class='ocrx_word' id='word_1_423' title='bbox 1279 3074 1594 3144; x_wconf 84' lang='lat' dir='ltr'><strong><em>ignominia,</em></strong></span> <span class='ocrx_word' id='word_1_424' title='bbox 1639 3082 1863 3144; x_wconf 85' lang='lat' dir='ltr'><strong><em>propter</em></strong></span> <span class='ocrx_word' id='word_1_425' title='bbox 1893 3090 1978 3130; x_wconf 88' lang='lat' dir='ltr'><strong><em>re-</em></strong></span> 
     </span>
    </p>
   </div>
   <div class='ocr_carea' id='block_1_63' title="bbox 2102 3065 3667 3158">
    <p class='ocr_par' dir='ltr' id='par_1_63' title="bbox 2102 3065 3667 3142">
     <span class='ocr_line' id='line_1_63' title="bbox 2102 3065 3667 3142; baseline 0.004 -24"><span class='ocrx_word' id='word_1_426' title='bbox 2102 3065 2374 3137; x_wconf 85' lang='grc' dir='ltr'>]λήρωσον</span> <span class='ocrx_word' id='word_1_427' title='bbox 2404 3067 2470 3120; x_wconf 80' lang='grc' dir='ltr'>τὰ</span> <span class='ocrx_word' id='word_1_428' title='bbox 2508 3067 2774 3138; x_wconf 81' lang='grc' dir='ltr'>πρόσωπα</span> <span class='ocrx_word' id='word_1_429' title='bbox 2812 3070 2990 3125; x_wconf 78' lang='grc' dir='ltr'>αὐτῶν</span> <span class='ocrx_word' id='word_1_430' title='bbox 3025 3071 3249 3142; x_wconf 82' lang='grc' dir='ltr'>ἀτιμίας</span> <span class='ocrx_word' id='word_1_431' title='bbox 3277 3071 3362 3125; x_wconf 85' lang='grc' dir='ltr'>διὰ</span> <span class='ocrx_word' id='word_1_432' title='bbox 3387 3071 3479 3125; x_wconf 83' lang='grc' dir='ltr'>τοῦ</span> <span class='ocrx_word' id='word_1_433' title='bbox 3509 3072 3667 3140; x_wconf 73' lang='grc' dir='ltr'><strong>ἐλέγ-</strong></span> 
     </span>
    </p>
   </div>
   <div class='ocr_carea' id='block_1_64' title="bbox 408 3165 1219 3233">
    <p class='ocr_par' dir='ltr' id='par_1_64' title="bbox 408 3165 1219 3233">
     <span class='ocr_line' id='line_1_64' title="bbox 408 3165 1219 3233; baseline 0.004 -17"><span class='ocrx_word' id='word_1_434' title='bbox 408 3165 780 3233; x_wconf 81' lang='lat' dir='ltr'><strong><em>dargutionem</em></strong></span> <span class='ocrx_word' id='word_1_435' title='bbox 809 3179 930 3232; x_wconf 68' lang='lat' dir='ltr'><strong><em>qum</em></strong></span> <span class='ocrx_word' id='word_1_436' title='bbox 954 3174 1038 3218; x_wconf 91' lang='lat' dir='ltr'><strong><em>est</em></strong></span> <span class='ocrx_word' id='word_1_437' title='bbox 1069 3165 1119 3216; x_wconf 91' lang='lat' dir='ltr'><strong><em>in</em></strong></span> <span class='ocrx_word' id='word_1_438' title='bbox 1148 3174 1219 3219; x_wconf 85' lang='lat' dir='ltr'><strong><em>te.</em></strong></span> 
     </span>
    </p>
   </div>
   <div class='ocr_carea' id='block_1_65' title="bbox 410 3252 1981 3324">
    <p class='ocr_par' dir='ltr' id='par_1_65' title="bbox 410 3252 1981 3324">
     <span class='ocr_line' id='line_1_65' title="bbox 410 3252 1981 3324; baseline 0.002 -18"><span class='ocrx_word' id='word_1_439' title='bbox 410 3252 473 3307; x_wconf 81' lang='grc' dir='ltr'><strong><em>ν.</em></strong></span> <span class='ocrx_word' id='word_1_440' title='bbox 505 3254 591 3309; x_wconf 76' lang='grc'><strong>10.</strong></span> <span class='ocrx_word' id='word_1_441' title='bbox 625 3254 870 3310; x_wconf 87' lang='lat' dir='ltr'><strong><em>Sedenim</em></strong></span> <span class='ocrx_word' id='word_1_442' title='bbox 902 3271 1016 3308; x_wconf 86' lang='lat' dir='ltr'><strong><em>ecce</em></strong></span> <span class='ocrx_word' id='word_1_443' title='bbox 1056 3254 1196 3323; x_wconf 79' lang='lat' dir='ltr'><strong><em>feras</em></strong></span> <span class='ocrx_word' id='word_1_444' title='bbox 1229 3256 1368 3321; x_wconf 87' lang='lat' dir='ltr'><strong><em>apud</em></strong></span> <span class='ocrx_word' id='word_1_445' title='bbox 1405 3265 1470 3308; x_wconf 92' lang='lat' dir='ltr'><strong><em>te.</em></strong></span> <span class='ocrx_word' id='word_1_446' title='bbox 1512 3252 1717 3308; x_wconf 87' lang='lat' dir='ltr'><strong><em>Fenum</em></strong></span> <span class='ocrx_word' id='word_1_447' title='bbox 1765 3257 1981 3324; x_wconf 85' lang='lat' dir='ltr'><strong><em>perinde</em></strong></span> 
     </span>
    </p>
   </div>
   <div class='ocr_carea' id='block_1_66' title="bbox 855 3329 1527 3394">
    <p class='ocr_par' dir='ltr' id='par_1_66' title="bbox 855 3329 1527 3394">
     <span class='ocr_line' id='line_1_66' title="bbox 855 3329 1527 3394; baseline 0 -17"><span class='ocrx_word' id='word_1_448' title='bbox 855 3335 1008 3394; x_wconf 86' lang='lat' dir='ltr'><strong><em>atque</em></strong></span> <span class='ocrx_word' id='word_1_449' title='bbox 1046 3329 1195 3379; x_wconf 79' lang='lat' dir='ltr'><strong><em>boves</em></strong></span> <span class='ocrx_word' id='word_1_450' title='bbox 1234 3329 1527 3378; x_wconf 86' lang='lat' dir='ltr'><strong><em>comedunt.</em></strong></span> 
     </span>
    </p>
   </div>
   <div class='ocr_carea' id='block_1_67' title="bbox 479 3416 1982 3486">
    <p class='ocr_par' dir='ltr' id='par_1_67' title="bbox 479 3416 1982 3486">
     <span class='ocr_line' id='line_1_67' title="bbox 479 3416 1982 3486; baseline 0 -15"><span class='ocrx_word' id='word_1_451' title='bbox 479 3416 630 3471; x_wconf 71' lang='lat' dir='ltr'><strong><em>Ferte</em></strong></span> <span class='ocrx_word' id='word_1_452' title='bbox 655 3425 783 3471; x_wconf 92' lang='lat' dir='ltr'><strong><em>sunt</em></strong></span> <span class='ocrx_word' id='word_1_453' title='bbox 814 3418 1104 3471; x_wconf 66' lang='lat' dir='ltr'><strong><em>contraria:</em></strong></span> <span class='ocrx_word' id='word_1_454' title='bbox 1154 3418 1404 3480; x_wconf 85' lang='lat' dir='ltr'><strong><em>virtutes,</em></strong></span> <span class='ocrx_word' id='word_1_455' title='bbox 1452 3432 1551 3486; x_wconf 92' lang='lat' dir='ltr'><strong><em>pro</em></strong></span> <span class='ocrx_word' id='word_1_456' title='bbox 1580 3417 1778 3486; x_wconf 90' lang='lat' dir='ltr'><strong><em>quibus</em></strong></span> <span class='ocrx_word' id='word_1_457' title='bbox 1805 3420 1982 3473; x_wconf 87' lang='lat' dir='ltr'><strong><em>oravit</em></strong></span> 
     </span>
    </p>
   </div>
   <div class='ocr_carea' id='block_1_68' title="bbox 411 3509 1982 3580">
    <p class='ocr_par' dir='ltr' id='par_1_68' title="bbox 411 3509 1982 3580">
     <span class='ocr_line' id='line_1_68' title="bbox 411 3509 1982 3580; baseline 0.001 -17"><span class='ocrx_word' id='word_1_458' title='bbox 411 3509 678 3580; x_wconf 71' lang='lat' dir='ltr'><strong><em>Propheta</em></strong></span> <span class='ocrx_word' id='word_1_459' title='bbox 709 3510 891 3563; x_wconf 89' lang='lat' dir='ltr'><strong><em>dicens</em></strong></span> <span class='ocrx_word' id='word_1_460' title='bbox 923 3527 935 3562; x_wconf 95' lang='lat'>:</span> <span class='ocrx_word' id='word_1_461' title='bbox 966 3509 1049 3562; x_wconf 80' lang='lat' dir='ltr'><strong><em>Ne</em></strong></span> <span class='ocrx_word' id='word_1_462' title='bbox 1077 3511 1261 3564; x_wconf 87' lang='lat' dir='ltr'><strong><em>tradas</em></strong></span> <span class='ocrx_word' id='word_1_463' title='bbox 1290 3510 1412 3572; x_wconf 79' lang='lat' dir='ltr'><strong><em>feris</em></strong></span> <span class='ocrx_word' id='word_1_464' title='bbox 1450 3510 1685 3563; x_wconf 88' lang='lat' dir='ltr'><strong><em>animam</em></strong></span> <span class='ocrx_word' id='word_1_465' title='bbox 1721 3511 1982 3577; x_wconf 76' lang='lat' dir='ltr'><strong><em>conﬁten-</em></strong></span> 
     </span>
    </p>
   </div>
   <div class='ocr_carea' id='block_1_69' title="bbox 412 3602 1978 3673">
    <p class='ocr_par' dir='ltr' id='par_1_69' title="bbox 412 3602 1978 3673">
     <span class='ocr_line' id='line_1_69' title="bbox 412 3602 1978 3673; baseline 0.003 -18"><span class='ocrx_word' id='word_1_466' title='bbox 412 3616 511 3658; x_wconf 86' lang='lat' dir='ltr'><strong><em>tem</em></strong></span> <span class='ocrx_word' id='word_1_467' title='bbox 545 3604 640 3656; x_wconf 85' lang='lat' dir='ltr'><strong><em>tibi</em></strong></span> <span class='ocrx_word' id='word_1_468' title='bbox 664 3604 729 3656; x_wconf 69' lang='grc' dir='ltr'><strong><em>θ’.</em></strong></span> <span class='ocrx_word' id='word_1_469' title='bbox 761 3602 961 3657; x_wconf 67' lang='lat' dir='ltr'><strong><em>Bestiae</em></strong></span> <span class='ocrx_word' id='word_1_470' title='bbox 994 3612 1122 3658; x_wconf 92' lang='lat' dir='ltr'><strong><em>sunt</em></strong></span> <span class='ocrx_word' id='word_1_471' title='bbox 1152 3604 1440 3657; x_wconf 70' lang='lat' dir='ltr'><strong><em>contraria:</em></strong></span> <span class='ocrx_word' id='word_1_472' title='bbox 1468 3605 1715 3667; x_wconf 86' lang='lat' dir='ltr'><strong><em>virtutes,</em></strong></span> <span class='ocrx_word' id='word_1_473' title='bbox 1750 3620 1978 3673; x_wconf 90' lang='lat' dir='ltr'><strong><em>quorum</em></strong></span> 
     </span>
    </p>
   </div>
   <div class='ocr_carea' id='block_1_70' title="bbox 414 3692 1977 3764">
    <p class='ocr_par' dir='ltr' id='par_1_70' title="bbox 414 3692 1977 3764">
     <span class='ocr_line' id='line_1_70' title="bbox 414 3692 1977 3764; baseline 0.001 -16"><span class='ocrx_word' id='word_1_474' title='bbox 414 3695 690 3764; x_wconf 88' lang='lat' dir='ltr'><strong><em>accepisti,</em></strong></span> <span class='ocrx_word' id='word_1_475' title='bbox 732 3710 765 3748; x_wconf 94' lang='grc' dir='ltr'><strong><em>ο</em></strong></span> <span class='ocrx_word' id='word_1_476' title='bbox 821 3695 1003 3756; x_wconf 87' lang='lat' dir='ltr'><strong><em>homo.</em></strong></span> <span class='ocrx_word' id='word_1_477' title='bbox 1056 3704 1400 3764; x_wconf 85' lang='lat' dir='ltr'><strong><em>potestatem.</em></strong></span> <span class='ocrx_word' id='word_1_478' title='bbox 1449 3692 1505 3748; x_wconf 92' lang='lat' dir='ltr'><strong><em>Si</em></strong></span> <span class='ocrx_word' id='word_1_479' title='bbox 1547 3694 1656 3748; x_wconf 89' lang='lat' dir='ltr'><strong><em>Deo</em></strong></span> <span class='ocrx_word' id='word_1_480' title='bbox 1702 3696 1977 3762; x_wconf 86' lang='lat' dir='ltr'><strong><em>servieris,</em></strong></span> 
     </span>
    </p>
   </div>
   <div class='ocr_carea' id='block_1_71' title="bbox 410 3788 1620 3857">
    <p class='ocr_par' dir='ltr' id='par_1_71' title="bbox 410 3788 1620 3857">
     <span class='ocr_line' id='line_1_71' title="bbox 410 3788 1620 3857; baseline 0.001 -15"><span class='ocrx_word' id='word_1_481' title='bbox 410 3804 566 3857; x_wconf 77' lang='lat' dir='ltr'><strong><em>super</em></strong></span> <span class='ocrx_word' id='word_1_482' title='bbox 590 3788 823 3856; x_wconf 86' lang='lat' dir='ltr'><strong><em>aspidem</em></strong></span> <span class='ocrx_word' id='word_1_483' title='bbox 860 3798 907 3841; x_wconf 88' lang='lat' dir='ltr'><strong><em>et</em></strong></span> <span class='ocrx_word' id='word_1_484' title='bbox 935 3788 1236 3842; x_wconf 83' lang='lat' dir='ltr'><strong><em>basiliscum</em></strong></span> <span class='ocrx_word' id='word_1_485' title='bbox 1271 3789 1521 3843; x_wconf 85' lang='lat' dir='ltr'><strong><em>ascendes</em></strong></span> <span class='ocrx_word' id='word_1_486' title='bbox 1555 3789 1620 3843; x_wconf 72' lang='grc'>⁸³.</span> 
     </span>
    </p>
   </div>
   <div class='ocr_carea' id='block_1_72' title="bbox 657 3970 1737 4040">
    <p class='ocr_par' dir='ltr' id='par_1_72' title="bbox 657 3970 1737 4040">
     <span class='ocr_line' id='line_1_72' title="bbox 657 3970 1737 4040; baseline 0.001 -16"><span class='ocrx_word' id='word_1_487' title='bbox 657 3970 723 4024; x_wconf 70' lang='grc' dir='ltr'><strong><em>ν.</em></strong></span> <span class='ocrx_word' id='word_1_488' title='bbox 749 3970 833 4026; x_wconf 78' lang='grc'><strong><em>10.</em></strong></span> <span class='ocrx_word' id='word_1_489' title='bbox 866 3971 1109 4025; x_wconf 87' lang='lat' dir='ltr'><strong><em>Sedenim</em></strong></span> <span class='ocrx_word' id='word_1_490' title='bbox 1135 3988 1248 4026; x_wconf 87' lang='lat' dir='ltr'><strong><em>ecce</em></strong></span> <span class='ocrx_word' id='word_1_491' title='bbox 1282 3973 1471 4026; x_wconf 85' lang='lat' dir='ltr'><strong><em>bestias</em></strong></span> <span class='ocrx_word' id='word_1_492' title='bbox 1501 3972 1642 4040; x_wconf 86' lang='lat' dir='ltr'><strong><em>apud</em></strong></span> <span class='ocrx_word' id='word_1_493' title='bbox 1667 3981 1737 4025; x_wconf 92' lang='lat' dir='ltr'><strong><em>te.</em></strong></span> 
     </span>
    </p>
   </div>
   <div class='ocr_carea' id='block_1_73' title="bbox 487 4060 1979 4134">
    <p class='ocr_par' dir='ltr' id='par_1_73' title="bbox 487 4060 1979 4134">
     <span class='ocr_line' id='line_1_73' title="bbox 487 4060 1979 4134; baseline 0.002 -18"><span class='ocrx_word' id='word_1_494' title='bbox 487 4062 756 4134; x_wconf 81' lang='lat' dir='ltr'><strong><em>Ejusdem.</em></strong></span> <span class='ocrx_word' id='word_1_495' title='bbox 799 4063 954 4133; x_wconf 85' lang='lat' dir='ltr'><strong><em>Apud</em></strong></span> <span class='ocrx_word' id='word_1_496' title='bbox 985 4073 1033 4116; x_wconf 91' lang='lat' dir='ltr'><strong><em>te</em></strong></span> <span class='ocrx_word' id='word_1_497' title='bbox 1074 4060 1294 4126; x_wconf 80' lang='lat' dir='ltr'><strong><em>Jobum,</em></strong></span> <span class='ocrx_word' id='word_1_498' title='bbox 1345 4063 1482 4130; x_wconf 92' lang='lat' dir='ltr'><strong><em>apud</em></strong></span> <span class='ocrx_word' id='word_1_499' title='bbox 1511 4078 1728 4117; x_wconf 88' lang='lat' dir='ltr'><strong><em>omnem</em></strong></span> <span class='ocrx_word' id='word_1_500' title='bbox 1774 4077 1979 4119; x_wconf 82' lang='lat' dir='ltr'><strong><em>memo-</em></strong></span> 
     </span>
    </p>
   </div>
   <div class='ocr_carea' id='block_1_74' title="bbox 414 4153 1253 4224">
    <p class='ocr_par' dir='ltr' id='par_1_74' title="bbox 414 4153 1253 4224">
     <span class='ocr_line' id='line_1_74' title="bbox 414 4153 1253 4224; baseline -0.002 -14"><span class='ocrx_word' id='word_1_501' title='bbox 414 4172 548 4220; x_wconf 88' lang='lat' dir='ltr'><strong><em>rem,</em></strong></span> <span class='ocrx_word' id='word_1_502' title='bbox 573 4159 710 4224; x_wconf 84' lang='lat' dir='ltr'><strong><em>apud</em></strong></span> <span class='ocrx_word' id='word_1_503' title='bbox 737 4170 950 4208; x_wconf 87' lang='lat' dir='ltr'><strong><em>omnem</em></strong></span> <span class='ocrx_word' id='word_1_504' title='bbox 975 4153 1253 4208; x_wconf 80' lang='lat' dir='ltr'><strong><em>victorem.</em></strong></span> 
     </span>
    </p>
   </div>
   <div class='ocr_carea' id='block_1_75' title="bbox 519 4242 1866 4311">
    <p class='ocr_par' dir='ltr' id='par_1_75' title="bbox 519 4242 1866 4311">
     <span class='ocr_line' id='line_1_75' title="bbox 519 4242 1866 4311; baseline -0.003 -12"><span class='ocrx_word' id='word_1_505' title='bbox 519 4245 583 4299; x_wconf 84' lang='lat' dir='ltr'><strong><em>V.</em></strong></span> <span class='ocrx_word' id='word_1_506' title='bbox 620 4243 706 4297; x_wconf 84' lang='grc'><strong>10.</strong></span> <span class='ocrx_word' id='word_1_507' title='bbox 742 4242 943 4296; x_wconf 70' lang='lat' dir='ltr'><strong><em>Fanum</em></strong></span> <span class='ocrx_word' id='word_1_508' title='bbox 976 4243 1188 4311; x_wconf 85' lang='lat' dir='ltr'><strong><em>perinde</em></strong></span> <span class='ocrx_word' id='word_1_509' title='bbox 1215 4252 1368 4311; x_wconf 89' lang='lat' dir='ltr'><strong><em>atque</em></strong></span> <span class='ocrx_word' id='word_1_510' title='bbox 1391 4243 1540 4297; x_wconf 83' lang='lat' dir='ltr'><strong><em>boves</em></strong></span> <span class='ocrx_word' id='word_1_511' title='bbox 1565 4243 1866 4296; x_wconf 77' lang='lat' dir='ltr'><strong><em>comedunt.</em></strong></span> 
     </span>
    </p>
   </div>
   <div class='ocr_carea' id='block_1_76' title="bbox 480 4335 1977 4404">
    <p class='ocr_par' dir='ltr' id='par_1_76' title="bbox 480 4335 1977 4404">
     <span class='ocr_line' id='line_1_76' title="bbox 480 4335 1977 4404; baseline -0.001 -12"><span class='ocrx_word' id='word_1_512' title='bbox 480 4339 556 4394; x_wconf 87' lang='lat' dir='ltr'><strong><em>De</em></strong></span> <span class='ocrx_word' id='word_1_513' title='bbox 587 4338 860 4392; x_wconf 80' lang='lat' dir='ltr'><strong><em>vermibus</em></strong></span> <span class='ocrx_word' id='word_1_514' title='bbox 887 4336 1148 4404; x_wconf 92' lang='lat' dir='ltr'><strong><em>loquitur,</em></strong></span> <span class='ocrx_word' id='word_1_515' title='bbox 1174 4335 1267 4404; x_wconf 89' lang='lat' dir='ltr'><strong><em>qui</em></strong></span> <span class='ocrx_word' id='word_1_516' title='bbox 1298 4350 1365 4389; x_wconf 79' lang='lat' dir='ltr'><strong><em>ex</em></strong></span> <span class='ocrx_word' id='word_1_517' title='bbox 1397 4335 1514 4402; x_wconf 88' lang='lat' dir='ltr'><strong><em>ipso</em></strong></span> <span class='ocrx_word' id='word_1_518' title='bbox 1543 4335 1646 4388; x_wconf 91' lang='lat' dir='ltr'><strong><em>orti</em></strong></span> <span class='ocrx_word' id='word_1_519' title='bbox 1675 4335 1849 4404; x_wconf 90' lang='lat' dir='ltr'><strong><em>ipsum</em></strong></span> <span class='ocrx_word' id='word_1_520' title='bbox 1879 4350 1977 4390; x_wconf 80' lang='lat' dir='ltr'><strong><em>co—</em></strong></span> 
     </span>
    </p>
   </div>
   <div class='ocr_carea' id='block_1_77' title="bbox 2081 3158 2516 3228">
    <p class='ocr_par' dir='ltr' id='par_1_77' title="bbox 2081 3158 2516 3228">
     <span class='ocr_line' id='line_1_77' title="bbox 2081 3158 2516 3228; baseline 0.002 -17"><span class='ocrx_word' id='word_1_521' title='bbox 2081 3177 2177 3228; x_wconf 90' lang='grc' dir='ltr'><strong><em>χου</em></strong></span> <span class='ocrx_word' id='word_1_522' title='bbox 2206 3158 2298 3212; x_wconf 79' lang='grc' dir='ltr'>τοῦ</span> <span class='ocrx_word' id='word_1_523' title='bbox 2321 3163 2379 3212; x_wconf 82' lang='grc' dir='ltr'>ἐν</span> <span class='ocrx_word' id='word_1_524' title='bbox 2414 3159 2516 3213; x_wconf 85' lang='grc' dir='ltr'>σοί.</span> 
     </span>
    </p>
   </div>
   <div class='ocr_carea' id='block_1_78' title="bbox 2084 3251 3665 3324">
    <p class='ocr_par' dir='ltr' id='par_1_78' title="bbox 2084 3251 3665 3324">
     <span class='ocr_line' id='line_1_78' title="bbox 2084 3251 3665 3324; baseline 0.005 -22"><span class='ocrx_word' id='word_1_525' title='bbox 2084 3251 2228 3321; x_wconf 89' lang='grc' dir='ltr'>Στίχ.</span> <span class='ocrx_word' id='word_1_526' title='bbox 2266 3258 2314 3304; x_wconf 91' lang='grc' dir='ltr'><strong><em>ι’.</em></strong></span> <span class='ocrx_word' id='word_1_527' title='bbox 2357 3252 2533 3307; x_wconf 77' lang='grc' dir='ltr'><strong><em>Ἀλλὰ</em></strong></span> <span class='ocrx_word' id='word_1_528' title='bbox 2552 3253 2628 3321; x_wconf 78' lang='grc' dir='ltr'>δὴ</span> <span class='ocrx_word' id='word_1_529' title='bbox 2651 3253 2779 3306; x_wconf 71' lang='grc' dir='ltr'>ἰδοὺ</span> <span class='ocrx_word' id='word_1_530' title='bbox 2797 3255 2970 3321; x_wconf 81' lang='grc' dir='ltr'><strong><em>θηρία</em></strong></span> <span class='ocrx_word' id='word_1_531' title='bbox 2998 3255 3156 3323; x_wconf 82' lang='grc' dir='ltr'><strong><em>παρά</em></strong></span> <span class='ocrx_word' id='word_1_532' title='bbox 3176 3255 3295 3308; x_wconf 84' lang='grc' dir='ltr'>σοί’</span> <span class='ocrx_word' id='word_1_533' title='bbox 3315 3258 3532 3324; x_wconf 85' lang='grc' dir='ltr'>χόρτον</span> <span class='ocrx_word' id='word_1_534' title='bbox 3555 3251 3665 3310; x_wconf 83' lang='grc' dir='ltr'>ἴσα</span> 
     </span>
    </p>
   </div>
   <div class='ocr_carea' id='block_1_79' title="bbox 2643 3326 3091 3388">
    <p class='ocr_par' dir='ltr' id='par_1_79' title="bbox 2643 3326 3091 3388">
     <span class='ocr_line' id='line_1_79' title="bbox 2643 3326 3091 3388; baseline -0.002 -10"><span class='ocrx_word' id='word_1_535' title='bbox 2643 3326 2872 3388; x_wconf 80' lang='grc' dir='ltr'>,βουσὶν</span> <span class='ocrx_word' id='word_1_536' title='bbox 2885 3326 3091 3378; x_wconf 82' lang='grc' dir='ltr'>ἐσθίει.</span> 
     </span>
    </p>
   </div>
   <div class='ocr_carea' id='block_1_80' title="bbox 2154 3413 3661 3490">
    <p class='ocr_par' dir='ltr' id='par_1_80' title="bbox 2154 3413 3661 3490">
     <span class='ocr_line' id='line_1_80' title="bbox 2154 3413 3661 3490; baseline 0.003 -23"><span class='ocrx_word' id='word_1_537' title='bbox 2154 3414 2325 3487; x_wconf 81' lang='grc' dir='ltr'>Θηρία</span> <span class='ocrx_word' id='word_1_538' title='bbox 2348 3416 2428 3469; x_wconf 59' lang='lat' dir='ltr'><strong><em>&quot;at</em></strong></span> <span class='ocrx_word' id='word_1_539' title='bbox 2460 3417 2828 3488; x_wconf 81' lang='grc' dir='ltr'>ἀντικείμεναι</span> <span class='ocrx_word' id='word_1_540' title='bbox 2861 3418 3118 3488; x_wconf 82' lang='grc' dir='ltr'>δυνάμεις</span> <span class='ocrx_word' id='word_1_541' title='bbox 3144 3418 3270 3482; x_wconf 74' lang='grc' dir='ltr'>εἶσὶ,</span> <span class='ocrx_word' id='word_1_542' title='bbox 3308 3419 3433 3489; x_wconf 77' lang='grc' dir='ltr'>περὶ</span> <span class='ocrx_word' id='word_1_543' title='bbox 3459 3413 3532 3472; x_wconf 84' lang='grc' dir='ltr'>ὧν</span> <span class='ocrx_word' id='word_1_544' title='bbox 3557 3418 3661 3490; x_wconf 81' lang='grc' dir='ltr'><strong><em>ηὔ-</em></strong></span> 
     </span>
    </p>
   </div>
   <div class='ocr_carea' id='block_1_81' title="bbox 2085 3505 3664 3580">
    <p class='ocr_par' dir='ltr' id='par_1_81' title="bbox 2085 3505 3664 3580">
     <span class='ocr_line' id='line_1_81' title="bbox 2085 3505 3664 3580; baseline 0.005 -22"><span class='ocrx_word' id='word_1_545' title='bbox 2085 3505 2212 3570; x_wconf 83' lang='grc' dir='ltr'>ξατο</span> <span class='ocrx_word' id='word_1_546' title='bbox 2240 3509 2268 3560; x_wconf 85' lang='grc' dir='ltr'>ὁ</span> <span class='ocrx_word' id='word_1_547' title='bbox 2301 3510 2590 3580; x_wconf 80' lang='grc' dir='ltr'>Προφήτης</span> <span class='ocrx_word' id='word_1_548' title='bbox 2631 3509 2822 3578; x_wconf 80' lang='grc' dir='ltr'>λέγων·</span> <span class='ocrx_word' id='word_1_549' title='bbox 2860 3510 2954 3578; x_wconf 81' lang='grc' dir='ltr'><strong><em>Μὴ</em></strong></span> <span class='ocrx_word' id='word_1_550' title='bbox 2985 3510 3260 3577; x_wconf 82' lang='grc' dir='ltr'>παραδῷς</span> <span class='ocrx_word' id='word_1_551' title='bbox 3281 3511 3404 3576; x_wconf 79' lang='grc' dir='ltr'>τοῖς</span> <span class='ocrx_word' id='word_1_552' title='bbox 3432 3513 3664 3580; x_wconf 84' lang='grc' dir='ltr'>θηρίοις</span> 
     </span>
    </p>
   </div>
   <div class='ocr_carea' id='block_1_82' title="bbox 2081 3599 3661 3673">
    <p class='ocr_par' dir='ltr' id='par_1_82' title="bbox 2081 3599 3661 3673">
     <span class='ocr_line' id='line_1_82' title="bbox 2081 3599 3661 3673; baseline 0.004 -23"><span class='ocrx_word' id='word_1_553' title='bbox 2081 3599 2195 3667; x_wconf 84' lang='grc' dir='ltr'>τὴν</span> <span class='ocrx_word' id='word_1_554' title='bbox 2215 3599 2425 3668; x_wconf 68' lang='grc' dir='ltr'>ψυχὴν</span> <span class='ocrx_word' id='word_1_555' title='bbox 2458 3600 3016 3671; x_wconf 74' lang='grc' dir='ltr'>ἐξομολογουμένην</span> <span class='ocrx_word' id='word_1_556' title='bbox 3039 3620 3158 3655; x_wconf 89' lang='grc' dir='ltr'>σοι.</span> <span class='ocrx_word' id='word_1_557' title='bbox 3201 3601 3376 3673; x_wconf 82' lang='grc' dir='ltr'>Θηρία</span> <span class='ocrx_word' id='word_1_558' title='bbox 3412 3605 3548 3656; x_wconf 81' lang='grc' dir='ltr'>εἰσὶν</span> <span class='ocrx_word' id='word_1_559' title='bbox 3600 3606 3661 3656; x_wconf 78' lang='grc' dir='ltr'>αἱ</span> 
     </span>
    </p>
   </div>
   <div class='ocr_carea' id='block_1_83' title="bbox 2081 3688 3662 3768">
    <p class='ocr_par' dir='ltr' id='par_1_83' title="bbox 2081 3688 3662 3768">
     <span class='ocr_line' id='line_1_83' title="bbox 2081 3688 3662 3768; baseline 0.004 -24"><span class='ocrx_word' id='word_1_560' title='bbox 2081 3691 2448 3762; x_wconf 86' lang='grc' dir='ltr'>ἀντικείμεναι</span> <span class='ocrx_word' id='word_1_561' title='bbox 2480 3692 2759 3762; x_wconf 87' lang='grc' dir='ltr'>δυνάμεις,</span> <span class='ocrx_word' id='word_1_562' title='bbox 2795 3689 2868 3746; x_wconf 82' lang='grc' dir='ltr'>ὧν</span> <span class='ocrx_word' id='word_1_563' title='bbox 2892 3694 3141 3765; x_wconf 73' lang='grc' dir='ltr'>εἴληφας,</span> <span class='ocrx_word' id='word_1_564' title='bbox 3176 3688 3221 3746; x_wconf 82' lang='grc' dir='ltr'><strong>ὦ</strong></span> <span class='ocrx_word' id='word_1_565' title='bbox 3263 3695 3534 3766; x_wconf 81' lang='grc' dir='ltr'>ἄνθρωπε,</span> <span class='ocrx_word' id='word_1_566' title='bbox 3559 3698 3662 3768; x_wconf 88' lang='grc' dir='ltr'><strong><em>τὴν</em></strong></span> 
     </span>
    </p>
   </div>
   <div class='ocr_carea' id='block_1_84' title="bbox 2080 3782 3662 3857">
    <p class='ocr_par' dir='ltr' id='par_1_84' title="bbox 2080 3782 3662 3857">
     <span class='ocr_line' id='line_1_84' title="bbox 2080 3782 3662 3857; baseline 0.006 -22"><span class='ocrx_word' id='word_1_567' title='bbox 2080 3782 2344 3847; x_wconf 80' lang='grc' dir='ltr'>ἐξουσίαν.</span> <span class='ocrx_word' id='word_1_568' title='bbox 2385 3785 2507 3838; x_wconf 89' lang='grc' dir='ltr'>Ἐἀν</span> <span class='ocrx_word' id='word_1_569' title='bbox 2523 3785 2642 3856; x_wconf 84' lang='grc' dir='ltr'>Θεῷ</span> <span class='ocrx_word' id='word_1_570' title='bbox 2664 3786 2971 3857; x_wconf 84' lang='grc' dir='ltr'>δουλεύσῃς,</span> <span class='ocrx_word' id='word_1_571' title='bbox 3006 3787 3099 3839; x_wconf 85' lang='grc' dir='ltr'><strong><em>ἐπ’</em></strong></span> <span class='ocrx_word' id='word_1_572' title='bbox 3125 3788 3354 3843; x_wconf 83' lang='grc' dir='ltr'>ἀσπίδα</span> <span class='ocrx_word' id='word_1_573' title='bbox 3417 3791 3514 3844; x_wconf 78' lang='grc' dir='ltr'>καὶ</span> <span class='ocrx_word' id='word_1_574' title='bbox 3542 3791 3662 3855; x_wconf 80' lang='grc' dir='ltr'>,Βα-</span> 
     </span>
    </p>
   </div>
   <div class='ocr_carea' id='block_1_85' title="bbox 2080 3877 2690 3945">
    <p class='ocr_par' dir='ltr' id='par_1_85' title="bbox 2080 3877 2690 3945">
     <span class='ocr_line' id='line_1_85' title="bbox 2080 3877 2690 3945; baseline 0.002 -17"><span class='ocrx_word' id='word_1_575' title='bbox 2080 3877 2364 3929; x_wconf 80' lang='grc' dir='ltr'>σιλίσκον</span> <span class='ocrx_word' id='word_1_576' title='bbox 2411 3877 2690 3945; x_wconf 73' lang='grc' dir='ltr'><strong><em>ἐπιϐήσῃ.</em></strong></span> 
     </span>
    </p>
   </div>
   <div class='ocr_carea' id='block_1_86' title="bbox 2229 3968 3500 4050">
    <p class='ocr_par' dir='ltr' id='par_1_86' title="bbox 2229 3968 3500 4050">
     <span class='ocr_line' id='line_1_86' title="bbox 2229 3968 3500 4050; baseline 0.007 -32"><span class='ocrx_word' id='word_1_577' title='bbox 2229 3969 2374 4038; x_wconf 85' lang='grc' dir='ltr'>Στίχ.</span> <span class='ocrx_word' id='word_1_578' title='bbox 2404 3975 2453 4021; x_wconf 85' lang='grc' dir='ltr'><strong><em>ι’.</em></strong></span> <span class='ocrx_word' id='word_1_579' title='bbox 2488 3970 2662 4023; x_wconf 74' lang='grc' dir='ltr'><em>Ἀλλὰ</em></span> <span class='ocrx_word' id='word_1_580' title='bbox 2699 3968 2773 4037; x_wconf 81' lang='grc' dir='ltr'>δὴ</span> <span class='ocrx_word' id='word_1_581' title='bbox 2803 3970 2930 4024; x_wconf 79' lang='grc' dir='ltr'>ἰδοὺ</span> <span class='ocrx_word' id='word_1_582' title='bbox 2971 3973 3146 4050; x_wconf 84' lang='grc' dir='ltr'>θηρία</span> <span class='ocrx_word' id='word_1_583' title='bbox 3176 3975 3337 4042; x_wconf 85' lang='grc' dir='ltr'>παρὰ</span> <span class='ocrx_word' id='word_1_584' title='bbox 3381 3976 3500 4028; x_wconf 82' lang='grc' dir='ltr'>σοί.</span> 
     </span>
    </p>
   </div>
   <div class='ocr_carea' id='block_1_87' title="bbox 2133 4059 3659 4138">
    <p class='ocr_par' dir='ltr' id='par_1_87' title="bbox 2133 4059 3659 4138">
     <span class='ocr_line' id='line_1_87' title="bbox 2133 4059 3659 4138; baseline 0.007 -26"><span class='ocrx_word' id='word_1_585' title='bbox 2133 4059 2262 4112; x_wconf 75' lang='grc' dir='ltr'><strong><em>’Τοῦ</em></strong></span> <span class='ocrx_word' id='word_1_586' title='bbox 2296 4059 2498 4114; x_wconf 82' lang='grc' dir='ltr'>αὑτοῦ.</span> <span class='ocrx_word' id='word_1_587' title='bbox 2535 4063 2695 4133; x_wconf 79' lang='grc' dir='ltr'>Παρὰ</span> <span class='ocrx_word' id='word_1_588' title='bbox 2725 4066 2806 4116; x_wconf 79' lang='grc' dir='ltr'><strong><em>σοὶ</em></strong></span> <span class='ocrx_word' id='word_1_589' title='bbox 2836 4064 2913 4134; x_wconf 83' lang='grc' dir='ltr'><strong><em>τῷ</em></strong></span> <span class='ocrx_word' id='word_1_590' title='bbox 2957 4066 3097 4127; x_wconf 80' lang='grc' dir='ltr'>Ἰὼϐ,</span> <span class='ocrx_word' id='word_1_591' title='bbox 3139 4069 3290 4138; x_wconf 79' lang='grc' dir='ltr'>παρὰ</span> <span class='ocrx_word' id='word_1_592' title='bbox 3325 4070 3487 4121; x_wconf 75' lang='grc' dir='ltr'>παντὶ</span> <span class='ocrx_word' id='word_1_593' title='bbox 3520 4072 3659 4124; x_wconf 85' lang='grc' dir='ltr'>ὑπο-</span> 
     </span>
    </p>
   </div>
   <div class='ocr_carea' id='block_1_88' title="bbox 2073 4153 3187 4228">
    <p class='ocr_par' dir='ltr' id='par_1_88' title="bbox 2073 4153 3187 4228">
     <span class='ocr_line' id='line_1_88' title="bbox 2073 4153 3187 4228; baseline 0.004 -21"><span class='ocrx_word' id='word_1_594' title='bbox 2073 4153 2532 4225; x_wconf 82' lang='grc' dir='ltr'>μνηστικῷ,παρά</span> <span class='ocrx_word' id='word_1_595' title='bbox 2558 4157 2720 4209; x_wconf 78' lang='grc' dir='ltr'>παντὶ</span> <span class='ocrx_word' id='word_1_596' title='bbox 2752 4155 2830 4225; x_wconf 84' lang='grc' dir='ltr'><strong><em>τῷ</em></strong></span> <span class='ocrx_word' id='word_1_597' title='bbox 2862 4160 3187 4228; x_wconf 76' lang='grc' dir='ltr'>νενικηκότι.</span> 
     </span>
    </p>
   </div>
   <div class='ocr_carea' id='block_1_89' title="bbox 2302 4245 3409 4316">
    <p class='ocr_par' dir='ltr' id='par_1_89' title="bbox 2302 4245 3409 4316">
     <span class='ocr_line' id='line_1_89' title="bbox 2302 4245 3409 4316; baseline 0.009 -20"><span class='ocrx_word' id='word_1_598' title='bbox 2302 4245 2448 4315; x_wconf 88' lang='grc' dir='ltr'>Στίχ.</span> <span class='ocrx_word' id='word_1_599' title='bbox 2475 4253 2525 4300; x_wconf 86' lang='grc' dir='ltr'>ι’.</span> <span class='ocrx_word' id='word_1_600' title='bbox 2554 4249 2778 4316; x_wconf 86' lang='grc' dir='ltr'>Χόρτον</span> <span class='ocrx_word' id='word_1_601' title='bbox 2812 4246 2918 4306; x_wconf 76' lang='grc' dir='ltr'>ἶσα</span> <span class='ocrx_word' id='word_1_602' title='bbox 2941 4251 3168 4315; x_wconf 77' lang='grc' dir='ltr'>,βουσὶν</span> <span class='ocrx_word' id='word_1_603' title='bbox 3201 4251 3409 4306; x_wconf 76' lang='grc' dir='ltr'>ἐσθίει.</span> 
     </span>
    </p>
   </div>
   <div class='ocr_carea' id='block_1_90' title="bbox 2151 4336 3661 4408">
    <p class='ocr_par' dir='ltr' id='par_1_90' title="bbox 2151 4336 3661 4408">
     <span class='ocr_line' id='line_1_90' title="bbox 2151 4336 3661 4408; baseline 0.009 -21"><span class='ocrx_word' id='word_1_604' title='bbox 2151 4336 2288 4400; x_wconf 79' lang='grc' dir='ltr'>Τοὺς</span> <span class='ocrx_word' id='word_1_605' title='bbox 2322 4336 2606 4407; x_wconf 84' lang='grc' dir='ltr'>σκώληκας</span> <span class='ocrx_word' id='word_1_606' title='bbox 2646 4339 2816 4408; x_wconf 81' lang='grc' dir='ltr'>λέγει,</span> <span class='ocrx_word' id='word_1_607' title='bbox 2846 4347 2969 4405; x_wconf 86' lang='grc' dir='ltr'>τοὺς</span> <span class='ocrx_word' id='word_1_608' title='bbox 3001 4342 3060 4407; x_wconf 80' lang='grc' dir='ltr'>ἐξ</span> <span class='ocrx_word' id='word_1_609' title='bbox 3101 4343 3264 4396; x_wconf 80' lang='grc' dir='ltr'>αὑτοῦ</span> <span class='ocrx_word' id='word_1_610' title='bbox 3296 4345 3457 4398; x_wconf 79' lang='grc' dir='ltr'>αὐτὸν</span> <span class='ocrx_word' id='word_1_611' title='bbox 3495 4363 3661 4400; x_wconf 85' lang='grc' dir='ltr'>κατε-</span> 
     </span>
    </p>
   </div>
   <div class='ocr_carea' id='block_1_91' title="bbox 413 4414 1978 4507">
    <p class='ocr_par' dir='ltr' id='par_1_91' title="bbox 413 4427 1975 4498">
     <span class='ocr_line' id='line_1_91' title="bbox 413 4427 1975 4498; baseline -0.003 -13"><span class='ocrx_word' id='word_1_612' title='bbox 413 4431 720 4486; x_wconf 84' lang='lat' dir='ltr'><strong><em>medebant.</em></strong></span> <span class='ocrx_word' id='word_1_613' title='bbox 767 4427 1030 4498; x_wconf 76' lang='lat' dir='ltr'><strong><em>Perfectio</em></strong></span> <span class='ocrx_word' id='word_1_614' title='bbox 1073 4428 1230 4493; x_wconf 84' lang='lat' dir='ltr'><strong><em>enim,</em></strong></span> <span class='ocrx_word' id='word_1_615' title='bbox 1278 4428 1500 4497; x_wconf 81' lang='lat' dir='ltr'><strong><em>inquit,‘</em></strong></span> <span class='ocrx_word' id='word_1_616' title='bbox 1535 4444 1745 4482; x_wconf 86' lang='lat' dir='ltr'><strong><em>manum</em></strong></span> <span class='ocrx_word' id='word_1_617' title='bbox 1808 4445 1975 4481; x_wconf 80' lang='lat' dir='ltr'><strong><em>nteant</em></strong></span> 
     </span>
    </p>
   </div>
   <div class='ocr_carea' id='block_1_92' title="bbox 2102 4414 3657 4507">
    <p class='ocr_par' dir='ltr' id='par_1_92' title="bbox 2102 4425 3657 4507">
     <span class='ocr_line' id='line_1_92' title="bbox 2102 4425 3657 4507; baseline 0.01 -30"><span class='ocrx_word' id='word_1_618' title='bbox 2102 4425 2349 4490; x_wconf 76' lang='grc' dir='ltr'>ςθίοντας.</span> <span class='ocrx_word' id='word_1_619' title='bbox 2375 4429 2697 4484; x_wconf 80' lang='grc' dir='ltr'>Συντέλειίι</span> <span class='ocrx_word' id='word_1_620' title='bbox 2716 4431 2846 4500; x_wconf 74' lang='grc' dir='ltr'>γὰρ,</span> <span class='ocrx_word' id='word_1_621' title='bbox 2880 4436 3033 4504; x_wconf 75' lang='grc' dir='ltr'>φησὶ,</span> <span class='ocrx_word' id='word_1_622' title='bbox 3054 4435 3166 4503; x_wconf 83' lang='grc' dir='ltr'><strong><em>τὴν</em></strong></span> <span class='ocrx_word' id='word_1_623' title='bbox 3195 4435 3362 4505; x_wconf 77' lang='grc' dir='ltr'>χεῖρά</span> <span class='ocrx_word' id='word_1_624' title='bbox 3379 4455 3497 4507; x_wconf 85' lang='grc' dir='ltr'>μου</span> <span class='ocrx_word' id='word_1_625' title='bbox 3534 4439 3657 4492; x_wconf 71' lang='grc' dir='ltr'><strong><em>ὑπὸ</em></strong></span> 
     </span>
    </p>
   </div>
   <div class='ocr_carea' id='block_1_93' title="bbox 409 4520 1315 4590">
    <p class='ocr_par' dir='ltr' id='par_1_93' title="bbox 409 4520 1315 4590">
     <span class='ocr_line' id='line_1_93' title="bbox 409 4520 1315 4590; baseline -0.006 -14"><span class='ocrx_word' id='word_1_626' title='bbox 409 4541 442 4576; x_wconf 75' lang='grc' dir='ltr'>ι</span> <span class='ocrx_word' id='word_1_627' title='bbox 476 4533 544 4589; x_wconf 87' lang='lat' dir='ltr'><strong><em>te,</em></strong></span> <span class='ocrx_word' id='word_1_628' title='bbox 568 4533 614 4576; x_wconf 90' lang='lat' dir='ltr'><strong><em>et</em></strong></span> <span class='ocrx_word' id='word_1_629' title='bbox 643 4537 757 4575; x_wconf 87' lang='lat' dir='ltr'><strong><em>ecce</em></strong></span> <span class='ocrx_word' id='word_1_630' title='bbox 789 4528 845 4574; x_wconf 89' lang='lat' dir='ltr'><strong><em>ut</em></strong></span> <span class='ocrx_word' id='word_1_631' title='bbox 873 4521 1049 4590; x_wconf 80' lang='lat' dir='ltr'><strong><em>fenum</em></strong></span> <span class='ocrx_word' id='word_1_632' title='bbox 1081 4520 1315 4573; x_wconf 87' lang='lat' dir='ltr'><strong><em>devorat.</em></strong></span> 
     </span>
    </p>
   </div>
   <div class='ocr_carea' id='block_1_94' title="bbox 549 4609 1831 4680">
    <p class='ocr_par' dir='ltr' id='par_1_94' title="bbox 549 4609 1831 4680">
     <span class='ocr_line' id='line_1_94' title="bbox 549 4609 1831 4680; baseline -0.002 -13"><span class='ocrx_word' id='word_1_633' title='bbox 549 4613 615 4667; x_wconf 68' lang='grc' dir='ltr'><strong><em>ν.</em></strong></span> <span class='ocrx_word' id='word_1_634' title='bbox 643 4613 726 4666; x_wconf 79' lang='grc' dir='ltr'><strong><em>Η.</em></strong></span> <span class='ocrx_word' id='word_1_635' title='bbox 772 4611 860 4665; x_wconf 87' lang='lat' dir='ltr'><strong><em>Vis</em></strong></span> <span class='ocrx_word' id='word_1_636' title='bbox 900 4622 1072 4666; x_wconf 90' lang='lat' dir='ltr'><strong><em>autem</em></strong></span> <span class='ocrx_word' id='word_1_637' title='bbox 1104 4611 1216 4680; x_wconf 86' lang='lat' dir='ltr'><strong><em>ejus</em></strong></span> <span class='ocrx_word' id='word_1_638' title='bbox 1250 4613 1306 4664; x_wconf 88' lang='lat' dir='ltr'><strong><em>in</em></strong></span> <span class='ocrx_word' id='word_1_639' title='bbox 1340 4609 1584 4664; x_wconf 87' lang='lat' dir='ltr'><strong><em>umbilico</em></strong></span> <span class='ocrx_word' id='word_1_640' title='bbox 1615 4610 1831 4665; x_wconf 84' lang='lat' dir='ltr'><strong><em>ventris.</em></strong></span> 
     </span>
    </p>
   </div>
   <div class='ocr_carea' id='block_1_95' title="bbox 481 4702 1977 4772">
    <p class='ocr_par' dir='ltr' id='par_1_95' title="bbox 481 4702 1977 4772">
     <span class='ocr_line' id='line_1_95' title="bbox 481 4702 1977 4772; baseline -0.001 -14"><span class='ocrx_word' id='word_1_641' title='bbox 481 4705 605 4760; x_wconf 57' lang='lat' dir='ltr'><strong><em>Hac</em></strong></span> <span class='ocrx_word' id='word_1_642' title='bbox 646 4703 814 4772; x_wconf 91' lang='lat' dir='ltr'><strong><em>prima</em></strong></span> <span class='ocrx_word' id='word_1_643' title='bbox 855 4703 936 4756; x_wconf 89' lang='lat' dir='ltr'><strong><em>vis</em></strong></span> <span class='ocrx_word' id='word_1_644' title='bbox 980 4713 1169 4758; x_wconf 87' lang='lat' dir='ltr'><strong><em>contra</em></strong></span> <span class='ocrx_word' id='word_1_645' title='bbox 1217 4704 1512 4758; x_wconf 88' lang='lat' dir='ltr'><strong><em>hominem.</em></strong></span> <span class='ocrx_word' id='word_1_646' title='bbox 1566 4702 1702 4757; x_wconf 90' lang='lat' dir='ltr'><strong><em>llinc</em></strong></span> <span class='ocrx_word' id='word_1_647' title='bbox 1743 4702 1977 4758; x_wconf 82' lang='lat' dir='ltr'><strong><em>fornica-</em></strong></span> 
     </span>
    </p>
   </div>
   <div class='ocr_carea' id='block_1_96' title="bbox 413 4796 1002 4864">
    <p class='ocr_par' dir='ltr' id='par_1_96' title="bbox 413 4796 1002 4864">
     <span class='ocr_line' id='line_1_96' title="bbox 413 4796 1002 4864; baseline -0.008 -11"><span class='ocrx_word' id='word_1_648' title='bbox 413 4799 550 4853; x_wconf 88' lang='lat' dir='ltr'><strong><em>rium</em></strong></span> <span class='ocrx_word' id='word_1_649' title='bbox 584 4797 761 4850; x_wconf 83' lang='lat' dir='ltr'><strong><em>facere</em></strong></span> <span class='ocrx_word' id='word_1_650' title='bbox 791 4796 1002 4864; x_wconf 89' lang='lat' dir='ltr'><strong><em>incipit.</em></strong></span> 
     </span>
    </p>
   </div>
   <div class='ocr_carea' id='block_1_97' title="bbox 481 4885 1974 4956">
    <p class='ocr_par' dir='ltr' id='par_1_97' title="bbox 481 4885 1974 4956">
     <span class='ocr_line' id='line_1_97' title="bbox 481 4885 1974 4956; baseline 0.001 -16"><span class='ocrx_word' id='word_1_651' title='bbox 481 4887 753 4956; x_wconf 79' lang='lat' dir='ltr'><strong><em>Ejusdem.</em></strong></span> <span class='ocrx_word' id='word_1_652' title='bbox 800 4885 870 4939; x_wconf 91' lang='lat' dir='ltr'><strong><em>Ut</em></strong></span> <span class='ocrx_word' id='word_1_653' title='bbox 912 4885 1187 4940; x_wconf 89' lang='lat' dir='ltr'><strong><em>mulierem</em></strong></span> <span class='ocrx_word' id='word_1_654' title='bbox 1228 4886 1476 4956; x_wconf 81' lang='lat' dir='ltr'><strong><em>indigitet</em></strong></span> <span class='ocrx_word' id='word_1_655' title='bbox 1521 4904 1534 4938; x_wconf 91' lang='lat'><strong>:</strong></span> <span class='ocrx_word' id='word_1_656' title='bbox 1594 4897 1654 4940; x_wconf 84' lang='lat' dir='ltr'><strong><em>ut</em></strong></span> <span class='ocrx_word' id='word_1_657' title='bbox 1700 4889 1974 4952; x_wconf 88' lang='lat' dir='ltr'><strong><em>ostendat,</em></strong></span> 
     </span>
    </p>
   </div>
   <div class='ocr_carea' id='block_1_98' title="bbox 411 4978 1975 5050">
    <p class='ocr_par' dir='ltr' id='par_1_98' title="bbox 411 4978 1975 5050">
     <span class='ocr_line' id='line_1_98' title="bbox 411 4978 1975 5050; baseline 0.003 -18"><span class='ocrx_word' id='word_1_658' title='bbox 411 4982 554 5048; x_wconf 90' lang='lat' dir='ltr'><strong><em>quod</em></strong></span> <span class='ocrx_word' id='word_1_659' title='bbox 581 4994 686 5033; x_wconf 93' lang='lat' dir='ltr'><strong><em>non</em></strong></span> <span class='ocrx_word' id='word_1_660' title='bbox 716 4979 912 5031; x_wconf 84' lang='lat' dir='ltr'><strong><em>militat</em></strong></span> <span class='ocrx_word' id='word_1_661' title='bbox 947 4978 1120 5031; x_wconf 89' lang='lat' dir='ltr'><strong><em>solum</em></strong></span> <span class='ocrx_word' id='word_1_662' title='bbox 1151 4988 1338 5032; x_wconf 89' lang='lat' dir='ltr'><strong><em>contra</em></strong></span> <span class='ocrx_word' id='word_1_663' title='bbox 1382 4980 1644 5034; x_wconf 85' lang='lat' dir='ltr'><strong><em>habentes</em></strong></span> <span class='ocrx_word' id='word_1_664' title='bbox 1679 4991 1975 5050; x_wconf 84' lang='lat' dir='ltr'><strong><em>spermata.</em></strong></span> 
     </span>
    </p>
   </div>
   <div class='ocr_carea' id='block_1_99' title="bbox 2083 4519 3313 4595">
    <p class='ocr_par' dir='ltr' id='par_1_99' title="bbox 2083 4519 3313 4595">
     <span class='ocr_line' id='line_1_99' title="bbox 2083 4519 3313 4595; baseline 0.009 -24"><span class='ocrx_word' id='word_1_665' title='bbox 2083 4519 2217 4571; x_wconf 83' lang='grc' dir='ltr'>σοῦ·</span> <span class='ocrx_word' id='word_1_666' title='bbox 2245 4521 2339 4572; x_wconf 82' lang='grc' dir='ltr'>καὶ</span> <span class='ocrx_word' id='word_1_667' title='bbox 2361 4520 2488 4573; x_wconf 80' lang='grc' dir='ltr'>ἰδοὺ</span> <span class='ocrx_word' id='word_1_668' title='bbox 2514 4522 2593 4587; x_wconf 90' lang='grc' dir='ltr'>ὠς</span> <span class='ocrx_word' id='word_1_669' title='bbox 2613 4524 2823 4590; x_wconf 49' lang='grc' dir='ltr'>χιῂτος</span> <span class='ocrx_word' id='word_1_670' title='bbox 2841 4524 2950 4595; x_wconf 78' lang='grc'><strong><em>(58)</em></strong></span> <span class='ocrx_word' id='word_1_671' title='bbox 2997 4529 3313 4584; x_wconf 87' lang='grc' dir='ltr'>κατεσθίει.</span> 
     </span>
    </p>
   </div>
   <div class='ocr_carea' id='block_1_100' title="bbox 2082 4609 3657 4691">
    <p class='ocr_par' dir='ltr' id='par_1_100' title="bbox 2082 4609 3657 4691">
     <span class='ocr_line' id='line_1_100' title="bbox 2082 4609 3657 4691; baseline 0.01 -29"><span class='ocrx_word' id='word_1_672' title='bbox 2082 4611 2228 4681; x_wconf 90' lang='grc' dir='ltr'>Στίχ.</span> <span class='ocrx_word' id='word_1_673' title='bbox 2251 4619 2336 4665; x_wconf 82' lang='grc' dir='ltr'>ια’.</span> <span class='ocrx_word' id='word_1_674' title='bbox 2365 4613 2424 4666; x_wconf 86' lang='grc' dir='ltr'><strong><em>Ἠ</em></strong></span> <span class='ocrx_word' id='word_1_675' title='bbox 2436 4613 2501 4666; x_wconf 85' lang='grc' dir='ltr'>δὲ</span> <span class='ocrx_word' id='word_1_676' title='bbox 2513 4613 2762 4685; x_wconf 78' lang='grc' dir='ltr'>δύναμις</span> <span class='ocrx_word' id='word_1_677' title='bbox 2781 4618 2964 4671; x_wconf 81' lang='grc' dir='ltr'>αὑτοῦ</span> <span class='ocrx_word' id='word_1_678' title='bbox 2979 4619 3070 4672; x_wconf 81' lang='grc' dir='ltr'><strong><em>ἐπ’</em></strong></span> <span class='ocrx_word' id='word_1_679' title='bbox 3084 4609 3355 4689; x_wconf 49' lang='grc' dir='ltr'>ὀμφαλοῦ</span> <span class='ocrx_word' id='word_1_680' title='bbox 3373 4624 3657 4691; x_wconf 76' lang='grc' dir='ltr'>γαστρός.</span> 
     </span>
    </p>
   </div>
   <div class='ocr_carea' id='block_1_101' title="bbox 2155 4701 3658 4787">
    <p class='ocr_par' dir='ltr' id='par_1_101' title="bbox 2155 4701 3658 4787">
     <span class='ocr_line' id='line_1_101' title="bbox 2155 4701 3658 4787; baseline 0.009 -33"><span class='ocrx_word' id='word_1_681' title='bbox 2155 4701 2263 4773; x_wconf 78' lang='grc'><strong><em>(59)</em></strong></span> <span class='ocrx_word' id='word_1_682' title='bbox 2295 4701 2442 4774; x_wconf 74' lang='grc' dir='ltr'>Αὕτη</span> <span class='ocrx_word' id='word_1_683' title='bbox 2479 4703 2666 4776; x_wconf 82' lang='grc' dir='ltr'>πρώτη</span> <span class='ocrx_word' id='word_1_684' title='bbox 2711 4706 2938 4777; x_wconf 77' lang='grc' dir='ltr'>δύναμις</span> <span class='ocrx_word' id='word_1_685' title='bbox 2969 4709 3109 4763; x_wconf 87' lang='grc' dir='ltr'><strong><em>κατά</em></strong></span> <span class='ocrx_word' id='word_1_686' title='bbox 3143 4710 3236 4764; x_wconf 80' lang='grc' dir='ltr'>τοῦ</span> <span class='ocrx_word' id='word_1_687' title='bbox 3269 4712 3474 4784; x_wconf 78' lang='grc' dir='ltr'>ἀνδρός.</span> <span class='ocrx_word' id='word_1_688' title='bbox 3512 4715 3658 4787; x_wconf 78' lang='grc' dir='ltr'>Πόρ-</span> 
     </span>
    </p>
   </div>
   <div class='ocr_carea' id='block_1_102' title="bbox 2081 4794 2950 4868">
    <p class='ocr_par' dir='ltr' id='par_1_102' title="bbox 2081 4794 2950 4868">
     <span class='ocr_line' id='line_1_102' title="bbox 2081 4794 2950 4868; baseline 0.008 -25"><span class='ocrx_word' id='word_1_689' title='bbox 2081 4808 2169 4844; x_wconf 90' lang='grc' dir='ltr'><strong><em>νον</em></strong></span> <span class='ocrx_word' id='word_1_690' title='bbox 2205 4796 2373 4846; x_wconf 85' lang='grc' dir='ltr'>ποιεῖν</span> <span class='ocrx_word' id='word_1_691' title='bbox 2420 4794 2666 4848; x_wconf 81' lang='grc' dir='ltr'>ἐντεῦθεν</span> <span class='ocrx_word' id='word_1_692' title='bbox 2703 4798 2950 4868; x_wconf 84' lang='grc' dir='ltr'>ἄρχεται.</span> 
     </span>
    </p>
   </div>
   <div class='ocr_carea' id='block_1_103' title="bbox 2159 4883 3658 4966">
    <p class='ocr_par' dir='ltr' id='par_1_103' title="bbox 2159 4883 3658 4966">
     <span class='ocr_line' id='line_1_103' title="bbox 2159 4883 3658 4966; baseline 0.008 -28"><span class='ocrx_word' id='word_1_693' title='bbox 2159 4883 2268 4938; x_wconf 88' lang='grc' dir='ltr'><strong><em>Τοῦ</em></strong></span> <span class='ocrx_word' id='word_1_694' title='bbox 2309 4887 2515 4942; x_wconf 81' lang='grc' dir='ltr'>αὐτοῦ.</span> <span class='ocrx_word' id='word_1_695' title='bbox 2563 4889 2677 4942; x_wconf 84' lang='grc' dir='ltr'>Ἵνα</span> <span class='ocrx_word' id='word_1_696' title='bbox 2707 4889 2767 4942; x_wconf 83' lang='grc' dir='ltr'><strong><em>τὸ</em></strong></span> <span class='ocrx_word' id='word_1_697' title='bbox 2804 4891 2935 4961; x_wconf 86' lang='grc' dir='ltr'><strong><em>Οῆλυ</em></strong></span> <span class='ocrx_word' id='word_1_698' title='bbox 2985 4893 3220 4966; x_wconf 85' lang='grc' dir='ltr'>σημάνῃ,</span> <span class='ocrx_word' id='word_1_699' title='bbox 3257 4894 3341 4947; x_wconf 84' lang='grc' dir='ltr'>ἵνα</span> <span class='ocrx_word' id='word_1_700' title='bbox 3375 4894 3544 4966; x_wconf 80' lang='grc' dir='ltr'>δείξῃ,</span> <span class='ocrx_word' id='word_1_701' title='bbox 3569 4896 3658 4950; x_wconf 69' lang='grc' dir='ltr'>ὅτι</span> 
     </span>
    </p>
   </div>
   <div class='ocr_carea' id='block_1_104' title="bbox 2080 4978 3660 5058">
    <p class='ocr_par' dir='ltr' id='par_1_104' title="bbox 2080 4978 3660 5058">
     <span class='ocr_line' id='line_1_104' title="bbox 2080 4978 3660 5058; baseline 0.007 -28"><span class='ocrx_word' id='word_1_702' title='bbox 2080 4978 2428 5050; x_wconf 83' lang='grc' dir='ltr'>στρατεύεται</span> <span class='ocrx_word' id='word_1_703' title='bbox 2458 4981 2516 5032; x_wconf 86' lang='grc' dir='ltr'><strong><em>οὐ</em></strong></span> <span class='ocrx_word' id='word_1_704' title='bbox 2555 4981 2713 5052; x_wconf 85' lang='grc' dir='ltr'>μόνον</span> <span class='ocrx_word' id='word_1_705' title='bbox 2750 4983 2889 5035; x_wconf 87' lang='grc' dir='ltr'><strong><em>κατά</em></strong></span> <span class='ocrx_word' id='word_1_706' title='bbox 2919 4985 3024 5036; x_wconf 82' lang='grc' dir='ltr'><strong><em>τῶν</em></strong></span> <span class='ocrx_word' id='word_1_707' title='bbox 3054 4985 3284 5054; x_wconf 80' lang='grc' dir='ltr'>ἐχόντων</span> <span class='ocrx_word' id='word_1_708' title='bbox 3313 4986 3379 5040; x_wconf 88' lang='grc' dir='ltr'><strong><em>τά</em></strong></span> <span class='ocrx_word' id='word_1_709' title='bbox 3410 4989 3660 5058; x_wconf 82' lang='grc' dir='ltr'>σπέρμα-</span> 
     </span>
    </p>
   </div>
   <div class='ocr_carea' id='block_1_105' title="bbox 411 5069 1978 5151">
    <p class='ocr_par' dir='ltr' id='par_1_105' title="bbox 411 5069 1977 5143">
     <span class='ocr_line' id='line_1_105' title="bbox 411 5069 1977 5143; baseline 0.002 -17"><span class='ocrx_word' id='word_1_710' title='bbox 411 5069 908 5139; x_wconf 79' lang='lat' dir='ltr'><strong><em>Congruentissime</em></strong></span> <span class='ocrx_word' id='word_1_711' title='bbox 948 5084 1078 5123; x_wconf 90' lang='lat' dir='ltr'><strong><em>vero</em></strong></span> <span class='ocrx_word' id='word_1_712' title='bbox 1124 5071 1423 5124; x_wconf 89' lang='lat' dir='ltr'><strong><em>nominavit</em></strong></span> <span class='ocrx_word' id='word_1_713' title='bbox 1457 5070 1699 5125; x_wconf 90' lang='lat' dir='ltr'><strong><em>lumlmm</em></strong></span> <span class='ocrx_word' id='word_1_714' title='bbox 1750 5072 1977 5143; x_wconf 84' lang='lat' dir='ltr'><strong><em>loquens</em></strong></span> 
     </span>
    </p>
   </div>
   <div class='ocr_carea' id='block_1_106' title="bbox 2102 5069 3658 5151">
    <p class='ocr_par' dir='ltr' id='par_1_106' title="bbox 2102 5071 3658 5151">
     <span class='ocr_line' id='line_1_106' title="bbox 2102 5071 3658 5151; baseline 0.008 -30"><span class='ocrx_word' id='word_1_715' title='bbox 2102 5087 2165 5123; x_wconf 71' lang='lat' dir='ltr'><strong><em>ra.</em></strong></span> <span class='ocrx_word' id='word_1_716' title='bbox 2190 5072 2336 5124; x_wconf 84' lang='grc' dir='ltr'>Πάνυ</span> <span class='ocrx_word' id='word_1_717' title='bbox 2355 5071 2410 5124; x_wconf 84' lang='grc' dir='ltr'>δὲ</span> <span class='ocrx_word' id='word_1_718' title='bbox 2432 5073 2846 5144; x_wconf 80' lang='grc' dir='ltr'>εὐπρεπέστατα</span> <span class='ocrx_word' id='word_1_719' title='bbox 2880 5075 3157 5146; x_wconf 85' lang='grc' dir='ltr'>ὠνόμασεν</span> <span class='ocrx_word' id='word_1_720' title='bbox 3185 5080 3352 5146; x_wconf 81' lang='grc' dir='ltr'>ὀσφὺν</span> <span class='ocrx_word' id='word_1_721' title='bbox 3382 5079 3475 5131; x_wconf 74' lang='grc' dir='ltr'><strong><em>ἐπὶ</em></strong></span> <span class='ocrx_word' id='word_1_722' title='bbox 3495 5079 3658 5151; x_wconf 65' lang='lat' dir='ltr'><strong><em>appe-</em></strong></span> 
     </span>
    </p>
   </div>
   <div class='ocr_carea' id='block_1_107' title="bbox 409 5160 1978 5240">
    <p class='ocr_par' dir='ltr' id='par_1_107' title="bbox 409 5160 1976 5227">
     <span class='ocr_line' id='line_1_107' title="bbox 409 5160 1976 5227; baseline 0.003 -10"><span class='ocrx_word' id='word_1_723' title='bbox 409 5165 478 5217; x_wconf 75' lang='lat' dir='ltr'><strong><em>tle</em></strong></span> <span class='ocrx_word' id='word_1_724' title='bbox 510 5163 748 5227; x_wconf 88' lang='lat' dir='ltr'><strong><em>homine,</em></strong></span> <span class='ocrx_word' id='word_1_725' title='bbox 784 5171 838 5214; x_wconf 91' lang='lat' dir='ltr'><strong><em>et</em></strong></span> <span class='ocrx_word' id='word_1_726' title='bbox 869 5160 1186 5215; x_wconf 88' lang='lat' dir='ltr'><strong><em>umbilicum</em></strong></span> <span class='ocrx_word' id='word_1_727' title='bbox 1231 5165 1438 5218; x_wconf 83' lang='lat' dir='ltr'><strong><em>ventris</em></strong></span> <span class='ocrx_word' id='word_1_728' title='bbox 1465 5167 1532 5218; x_wconf 89' lang='lat' dir='ltr'><strong><em>de</em></strong></span> <span class='ocrx_word' id='word_1_729' title='bbox 1567 5165 1765 5219; x_wconf 77' lang='lat' dir='ltr'><strong><em>femina</em></strong></span> <span class='ocrx_word' id='word_1_730' title='bbox 1796 5188 1806 5221; x_wconf 95' lang='lat'>:</span> <span class='ocrx_word' id='word_1_731' title='bbox 1840 5165 1976 5222; x_wconf 88' lang='lat' dir='ltr'><strong><em>Ecce</em></strong></span> 
     </span>
    </p>
   </div>
   <div class='ocr_carea' id='block_1_108' title="bbox 2102 5160 3657 5240">
    <p class='ocr_par' dir='ltr' id='par_1_108' title="bbox 2102 5163 3657 5240">
     <span class='ocr_line' id='line_1_108' title="bbox 2102 5163 3657 5240; baseline 0.006 -24"><span class='ocrx_word' id='word_1_732' title='bbox 2102 5181 2185 5225; x_wconf 70' lang='grc' dir='ltr'>νος,</span> <span class='ocrx_word' id='word_1_733' title='bbox 2209 5163 2304 5216; x_wconf 74' lang='grc' dir='ltr'><strong><em>καὶ</em></strong></span> <span class='ocrx_word' id='word_1_734' title='bbox 2334 5163 2572 5233; x_wconf 79' lang='grc' dir='ltr'>ὀμφαλὸν</span> <span class='ocrx_word' id='word_1_735' title='bbox 2605 5165 2837 5235; x_wconf 87' lang='grc' dir='ltr'>γαστρὸς</span> <span class='ocrx_word' id='word_1_736' title='bbox 2877 5168 2968 5219; x_wconf 76' lang='grc' dir='ltr'>ἐπὶ</span> <span class='ocrx_word' id='word_1_737' title='bbox 2990 5169 3264 5234; x_wconf 82' lang='grc' dir='ltr'>γυναικός·</span> <span class='ocrx_word' id='word_1_738' title='bbox 3316 5168 3460 5222; x_wconf 82' lang='grc' dir='ltr'>Ἰδοὺ</span> <span class='ocrx_word' id='word_1_739' title='bbox 3509 5169 3579 5222; x_wconf 83' lang='grc' dir='ltr'>δὲ</span> <span class='ocrx_word' id='word_1_740' title='bbox 3612 5174 3657 5240; x_wconf 78' lang='grc' dir='ltr'><strong><em>ἠ</em></strong></span> 
     </span>
    </p>
   </div>
   <div class='ocr_carea' id='block_1_109' title="bbox 409 5253 1978 5332">
    <p class='ocr_par' dir='ltr' id='par_1_109' title="bbox 409 5253 1973 5326">
     <span class='ocr_line' id='line_1_109' title="bbox 409 5253 1973 5326; baseline 0.002 -19"><span class='ocrx_word' id='word_1_741' title='bbox 409 5273 537 5308; x_wconf 76' lang='lat' dir='ltr'><strong><em>sane</em></strong></span> <span class='ocrx_word' id='word_1_742' title='bbox 576 5255 827 5322; x_wconf 86' lang='lat' dir='ltr'><strong><em>potentia,</em></strong></span> <span class='ocrx_word' id='word_1_743' title='bbox 873 5253 1077 5305; x_wconf 88' lang='lat' dir='ltr'><strong><em>lumbus</em></strong></span> <span class='ocrx_word' id='word_1_744' title='bbox 1129 5253 1236 5322; x_wconf 87' lang='lat' dir='ltr'><strong><em>ejus</em></strong></span> <span class='ocrx_word' id='word_1_745' title='bbox 1270 5255 1325 5306; x_wconf 88' lang='lat' dir='ltr'><strong><em>in</em></strong></span> <span class='ocrx_word' id='word_1_746' title='bbox 1363 5255 1595 5323; x_wconf 85' lang='lat' dir='ltr'><strong><em>potentia</em></strong></span> <span class='ocrx_word' id='word_1_747' title='bbox 1625 5257 1756 5326; x_wconf 87' lang='lat' dir='ltr'><strong><em>:_vis</em></strong></span> <span class='ocrx_word' id='word_1_748' title='bbox 1798 5266 1973 5310; x_wconf 88' lang='lat' dir='ltr'><strong><em>autem</em></strong></span> 
     </span>
    </p>
   </div>
   <div class='ocr_carea' id='block_1_110' title="bbox 2102 5253 3661 5332">
    <p class='ocr_par' dir='ltr' id='par_1_110' title="bbox 2102 5255 3661 5332">
     <span class='ocr_line' id='line_1_110' title="bbox 2102 5255 3661 5332; baseline 0.006 -24"><span class='ocrx_word' id='word_1_749' title='bbox 2102 5255 2258 5324; x_wconf 87' lang='grc' dir='ltr'>σχὺς</span> <span class='ocrx_word' id='word_1_750' title='bbox 2304 5256 2504 5324; x_wconf 70' lang='grc' dir='ltr'>ὀσφὺς</span> <span class='ocrx_word' id='word_1_751' title='bbox 2544 5257 2728 5310; x_wconf 84' lang='grc' dir='ltr'>αὐτοῦ</span> <span class='ocrx_word' id='word_1_752' title='bbox 2761 5258 2829 5310; x_wconf 85' lang='grc' dir='ltr'>ἐν</span> <span class='ocrx_word' id='word_1_753' title='bbox 2865 5261 3048 5326; x_wconf 75' lang='grc' dir='ltr'><strong><em>ἰσχύϊ·</em></strong></span> <span class='ocrx_word' id='word_1_754' title='bbox 3076 5263 3114 5328; x_wconf 76' lang='grc' dir='ltr'>ἡ</span> <span class='ocrx_word' id='word_1_755' title='bbox 3144 5260 3212 5314; x_wconf 79' lang='grc' dir='ltr'>δὲ</span> <span class='ocrx_word' id='word_1_756' title='bbox 3255 5262 3506 5332; x_wconf 82' lang='grc' dir='ltr'>δύναμις</span> <span class='ocrx_word' id='word_1_757' title='bbox 3548 5268 3661 5319; x_wconf 83' lang='grc' dir='ltr'><strong><em>αὐ-</em></strong></span> 
     </span>
    </p>
   </div>
   <div class='ocr_carea' id='block_1_111' title="bbox 409 5346 1978 5423">
    <p class='ocr_par' dir='ltr' id='par_1_111' title="bbox 409 5346 1196 5417">
     <span class='ocr_line' id='line_1_111' title="bbox 409 5346 1196 5417; baseline -0.003 -15"><span class='ocrx_word' id='word_1_758' title='bbox 409 5351 522 5417; x_wconf 85' lang='lat' dir='ltr'><strong><em>ejus</em></strong></span> <span class='ocrx_word' id='word_1_759' title='bbox 552 5348 604 5401; x_wconf 90' lang='lat' dir='ltr'><strong><em>in</em></strong></span> <span class='ocrx_word' id='word_1_760' title='bbox 638 5346 881 5400; x_wconf 85' lang='lat' dir='ltr'><strong><em>umbilico</em></strong></span> <span class='ocrx_word' id='word_1_761' title='bbox 910 5347 1102 5400; x_wconf 84' lang='lat' dir='ltr'><strong><em>ventris</em></strong></span> <span class='ocrx_word' id='word_1_762' title='bbox 1132 5346 1196 5400; x_wconf 70' lang='grc'><strong><em>⁸⁸.</em></strong></span> 
     </span>
    </p>
   </div>
   <div class='ocr_carea' id='block_1_112' title="bbox 2102 5346 2898 5423">
    <p class='ocr_par' dir='ltr' id='par_1_112' title="bbox 2102 5351 2898 5423">
     <span class='ocr_line' id='line_1_112' title="bbox 2102 5351 2898 5423; baseline 0.004 -19"><span class='ocrx_word' id='word_1_763' title='bbox 2102 5351 2182 5404; x_wconf 84' lang='grc' dir='ltr'>ὀὗ</span> <span class='ocrx_word' id='word_1_764' title='bbox 2217 5351 2310 5404; x_wconf 78' lang='grc' dir='ltr'><strong><em>ἐπ’</em></strong></span> <span class='ocrx_word' id='word_1_765' title='bbox 2341 5353 2611 5421; x_wconf 69' lang='grc' dir='ltr'>ὀμφαλοῦ</span> <span class='ocrx_word' id='word_1_766' title='bbox 2626 5355 2898 5423; x_wconf 82' lang='grc' dir='ltr'>γαστρός.</span> 
     </span>
    </p>
   </div>
   <div class='ocr_carea' id='block_1_113' title="bbox 481 5461 3323 5543">
    <p class='ocr_par' dir='ltr' id='par_1_113' title="bbox 481 5461 3323 5543">
     <span class='ocr_line' id='line_1_113' title="bbox 481 5461 3323 5543; baseline 0.003 -24"><span class='ocrx_word' id='word_1_767' title='bbox 481 5466 524 5497; x_wconf 72' lang='grc'><strong><em>⁸⁸</em></strong></span> <span class='ocrx_word' id='word_1_768' title='bbox 570 5461 689 5519; x_wconf 85' lang='lat' dir='ltr'><strong><em>Job.</em></strong></span> <span class='ocrx_word' id='word_1_769' title='bbox 740 5478 781 5528; x_wconf 83' lang='grc' dir='ltr'><strong><em>ι,</em></strong></span> <span class='ocrx_word' id='word_1_770' title='bbox 831 5461 1036 5525; x_wconf 69' lang='lat'><strong><em>11,12.</em></strong></span> <span class='ocrx_word' id='word_1_771' title='bbox 1113 5462 1180 5499; x_wconf 81' lang='lat'><strong><em>°°-</em></strong></span> <span class='ocrx_word' id='word_1_772' title='bbox 1215 5462 1344 5516; x_wconf 85' lang='lat' dir='ltr'><strong><em>ibid.</em></strong></span> <span class='ocrx_word' id='word_1_773' title='bbox 1421 5463 1466 5494; x_wconf 85' lang='grc'><strong><em>³¹</em></strong></span> <span class='ocrx_word' id='word_1_774' title='bbox 1527 5463 1656 5520; x_wconf 89' lang='lat' dir='ltr'><strong><em>ibid.</em></strong></span> <span class='ocrx_word' id='word_1_775' title='bbox 1734 5465 1778 5498; x_wconf 83' lang='grc'><strong>⁹²</strong></span> <span class='ocrx_word' id='word_1_776' title='bbox 1825 5465 1967 5524; x_wconf 85' lang='lat' dir='ltr'><strong><em>Psal.</em></strong></span> <span class='ocrx_word' id='word_1_777' title='bbox 2009 5481 2200 5533; x_wconf 77' lang='lat' dir='ltr'><strong><em>Lxxm,</em></strong></span> <span class='ocrx_word' id='word_1_778' title='bbox 2231 5467 2317 5522; x_wconf 83' lang='lat' dir='ltr'><strong><em>l9.</em></strong></span> <span class='ocrx_word' id='word_1_779' title='bbox 2391 5468 2438 5502; x_wconf 81' lang='grc'><strong><em>’³</em></strong></span> <span class='ocrx_word' id='word_1_780' title='bbox 2473 5471 2836 5531; x_wconf 75' lang='lat' dir='ltr'><strong><em>Psal.xc,|5.</em></strong></span> <span class='ocrx_word' id='word_1_781' title='bbox 2917 5471 2973 5502; x_wconf 55' lang='grc' dir='ltr'><strong><em>’δν</em></strong></span> <span class='ocrx_word' id='word_1_782' title='bbox 3014 5473 3121 5543; x_wconf 89' lang='lat' dir='ltr'><strong><em>hic,</em></strong></span> <span class='ocrx_word' id='word_1_783' title='bbox 3157 5473 3323 5528; x_wconf 82' lang='lat' dir='ltr'><strong><em>v.H.</em></strong></span> 
     </span>
    </p>
   </div>
   <div class='ocr_carea' id='block_1_114' title="bbox 479 5602 1512 5746">
    <p class='ocr_par' dir='ltr' id='par_1_114' title="bbox 479 5602 1512 5746">
     <span class='ocr_line' id='line_1_114' title="bbox 479 5602 1512 5746; baseline 0.004 -91"><span class='ocrx_word' id='word_1_784' title='bbox 479 5603 592 5746; x_wconf 51' lang='lat'><strong><em>{57)</em></strong></span> <span class='ocrx_word' id='word_1_785' title='bbox 625 5602 787 5658; x_wconf 88' lang='lat' dir='ltr'><strong><em>Forte</em></strong></span> <span class='ocrx_word' id='word_1_786' title='bbox 817 5602 1060 5672; x_wconf 79' lang='grc' dir='ltr'>ἀπαρνοῦ</span> <span class='ocrx_word' id='word_1_787' title='bbox 1098 5605 1178 5660; x_wconf 84' lang='lat' dir='ltr'><strong><em>vel</em></strong></span> <span class='ocrx_word' id='word_1_788' title='bbox 1204 5605 1512 5679; x_wconf 82' lang='grc' dir='ltr'>ἀπαρνήσῃ.</span> 
     </span>
     <span class='ocr_line' id='line_1_115' title="bbox 500 5673 1007 5746; baseline -0.006 -16"><span class='ocrx_word' id='word_1_789' title='bbox 500 5675 591 5746; x_wconf 75' lang='lat'><strong><em>58)</em></strong></span> <span class='ocrx_word' id='word_1_790' title='bbox 617 5674 778 5732; x_wconf 87' lang='lat' dir='ltr'><strong><em>Forte</em></strong></span> <span class='ocrx_word' id='word_1_791' title='bbox 800 5673 1007 5744; x_wconf 86' lang='grc' dir='ltr'>χόρτον.</span> 
     </span>
    </p>
   </div>
   <div class='ocr_carea' id='block_1_115' title="bbox 500 5611 1978 5746">
    <p class='ocr_par' dir='ltr' id='par_1_115' title="bbox 500 5611 1512 5746">
     <span class='ocr_line' id='line_1_116' title="bbox 502 5611 1512 5679; baseline 0.004 -24"><span class='ocrx_word' id='word_1_792' title='bbox 502 5611 592 5674; x_wconf 74' lang='lat'><strong><em>:57)</em></strong></span> <span class='ocrx_word' id='word_1_793' title='bbox 627 5611 787 5658; x_wconf 83' lang='lat' dir='ltr'><strong><em>Forte</em></strong></span> <span class='ocrx_word' id='word_1_794' title='bbox 817 5611 1060 5672; x_wconf 80' lang='grc' dir='ltr'>ἀπαρνου</span> <span class='ocrx_word' id='word_1_795' title='bbox 1098 5611 1178 5660; x_wconf 84' lang='lat' dir='ltr'><strong><em>vel</em></strong></span> <span class='ocrx_word' id='word_1_796' title='bbox 1204 5611 1512 5679; x_wconf 81' lang='grc' dir='ltr'>ἀπαρνήσῃ.</span> 
     </span>
     <span class='ocr_line' id='line_1_117' title="bbox 500 5673 1007 5746; baseline -0.006 -16"><span class='ocrx_word' id='word_1_797' title='bbox 500 5675 591 5746; x_wconf 69' lang='grc'><strong><em>58)</em></strong></span> <span class='ocrx_word' id='word_1_798' title='bbox 617 5674 778 5732; x_wconf 87' lang='lat' dir='ltr'><strong><em>Forte</em></strong></span> <span class='ocrx_word' id='word_1_799' title='bbox 800 5673 1007 5744; x_wconf 86' lang='grc' dir='ltr'>χόρτον.</span> 
     </span>
    </p>
   </div>
   <div class='ocr_carea' id='block_1_116' title="bbox 2102 5611 3310 5746">
    <p class='ocr_par' dir='ltr' id='par_1_116' title="bbox 2150 5611 3310 5689">
     <span class='ocr_line' id='line_1_118' title="bbox 2150 5611 3310 5689; baseline 0.009 -25"><span class='ocrx_word' id='word_1_800' title='bbox 2150 5611 2262 5683; x_wconf 81' lang='grc'><strong><em>(59)</em></strong></span> <span class='ocrx_word' id='word_1_801' title='bbox 2294 5611 2452 5671; x_wconf 87' lang='lat' dir='ltr'><strong><em>Deest</em></strong></span> <span class='ocrx_word' id='word_1_802' title='bbox 2477 5611 2530 5669; x_wconf 90' lang='lat' dir='ltr'><strong><em>in</em></strong></span> <span class='ocrx_word' id='word_1_803' title='bbox 2557 5613 2680 5672; x_wconf 89' lang='lat' dir='ltr'><strong><em>cod.</em></strong></span> <span class='ocrx_word' id='word_1_804' title='bbox 2712 5628 2826 5669; x_wconf 74' lang='lat' dir='ltr'><strong><em>ut.</em></strong></span> <span class='ocrx_word' id='word_1_805' title='bbox 2851 5613 3068 5673; x_wconf 79' lang='lat' dir='ltr'><strong><em>Confer.</em></strong></span> <span class='ocrx_word' id='word_1_806' title='bbox 3100 5616 3310 5689; x_wconf 85' lang='lat' dir='ltr'><strong><em>Olymp.</em></strong></span> 
     </span>
    </p>
   </div>
  </div>
