3880 6216
204 300 295 360 *101

1431 299 1970 356 ENARBATIONES
2005 298 2071 354 IN
2109 300 2270 356 JOB.‘

3360 300 3467 354 102

205 411 350 483 Στίχ.
383 411 933 478 κεύΜεριτεύονται
978 410 1046 464 δὲ
1093 413 1240 466 αὐτὸ
1289 415 1578 467 Φοινίκων
1616 415 1760 480 ἔθνη

1893 413 1952 465 ν.
1996 414 2083 467 25.
2122 411 2440 467 l’uttiunlur
2484 408 2660 467 auténi
2709 413 2861 466 illum
2906 412 3214 467 Phoenicum
3263 427 3464 484 gentes.

181 526 190 582 ε
269 505 378 574 (40)
421 504 574 556 Ἐπεὶ
607 503 842 575 πονηρίᾳ
874 504 1085 576 μεγάλῃ
1117 505 1497 560 διαϐάλλονται
1518 511 1565 561 οἱ
1599 509 1778 560 Χανα-

179 583 353 658 (vniat,
381 597 430 648 οἱ
453 595 545 647 καὶ
566 595 830 659 Φοίνικες·
859 595 947 650 διὰ
979 595 1136 650 τοῦτό
1158 615 1311 669 φησι·
1341 599 1780 666 Μεριοῦνταιδὲ

199 685 380 739 αὐτὸν
406 684 696 738 Φοινίκων
720 686 886 752 ἔθνη.
923 686 1194 749 ’Ἕκαστος
1236 685 1399 756 μέρος
1433 704 1482 738 τι
1513 686 1779 756 λαμϐάνει

198 773 302 827 ἀπὸ
346 773 442 827 τοῦ
490 774 802 846 δράκοντος,
838 775 935 828 ἐὰν
979 771 1102 846 ᾕτὸ
1144 779 1297 845 γένος
1328 778 1629 839 Χαναναῖος
1685 776 1779 828 καὶ

196 867 392 933 Φοῖνιξ.

196 959 344 1030 Στίχ.
383 966 496 1024 κς’.
526 958 748 1033 Πᾶνᾼδὲ
773 958 1012 1033 πλωτὸν
1049 961 1352 1033 συνεᾼθὸν
1379 960 1564 1033 οὺίμὴ
1607 961 1776 1033 ἐνέγ-

466 1043 610 1082 κωσι
635 1030 884 1098 ,ϐύρσαν
901 1031 1050 1098 μίαν
1085 1029 1270 1098 οὐρᾶς
1300 1029 1505 1087 αὐτοῦς

225 1195 232 1199 _
263 1121 374 1190 (4|)
402 1121 482 1174 Ti
512 1122 794 1174 τελευταῖα
827 1121 920 1174 τοῦ
945 1121 1236 1193 δράκοντος
1257 1124 1350 1176 καὶ
1383 1124 1449 1177 τὰ
1483 1123 1683 1194 ἔσχατα
1712 1126 1772 1178 οὐ

191 1213 445 1268 δύνανται
478 1215 749 1286 νεκρῶσαι
774 1215 951 1268 πάντα
988 1216 1104 1287 ἅμα
1132 1217 1337 1271 πλωτά.
1380 1218 1443 1269 Οἱ
1475 1217 1771 1290 ἄνθρωποι,

191 1307 393 1370 πλοίοις
413 1307 685 1378 χρώμενοι
715 1312 827 1371 τοῖς
859 1308 1126 1380 σώμασιν,
1163 1311 1223 1363 οὐ
1249 1310 1502 1365 δύνανται
1529 1314 1772 1381 ἐνεγκεῖν

190 1399 394 1470 βύρσαν
428 1402 556 1470 μίαν
588 1402 754 1472 οὐρᾶς
789 1400 974 1454 αὑτοῦ.
1004 1401 1164 1453 Αὐτοὶ
1198 1400 1319 1455 καθ’
1351 1403 1574 1466 ἑαυτοὺς
1607 1404 1667 1456 οὐ
1684 1403 1773 1456 δύ-

188 1510 394 1547 νανται·
430 1493 579 1556 Θείας
614 1494 671 1546 δὲ
708 1494 989 1565 δυνάμεως
1033 1495 1459 1566 ἐπισκοπούσης,
1495 1495 1771 1567 δυνάμεθα

187 1585 247 1638 οὐ
282 1586 444 1656 μόνον
484 1585 686 1660 βύρσαν
725 1587 852 1658 μίαν
894 1588 1062 1659 οὐρᾶς
1114 1586 1301 1652 αὑτοῦ,
1328 1588 1462 1642 ἀλλὰ
1505 1589 1600 1643 καὶ
1650 1589 1770 1643 ὅλον

186 1681 349 1733 αὐτὸν
385 1680 631 1750 κομίσαι,
682 1679 776 1732 καὶ
823 1681 943 1733 ὅλον
996 1680 1158 1734 αὐτὸν
1197 1680 1490 1752 νεκρῶσαι.
1528 1681 1770 1753 Νεκροῡ-

1955 507 2090 571 Quia
2139 505 2408 575 pravitate
2453 522 2652 575 magna
2726 506 3088 560 traducuntur
3145 506 3462 572 Chanantei,

1881 599 1969 666 qui
2001 609 2055 651 et
2088 597 2393 661 Phoenices,
2421 609 2707 668 propterea
2732 599 2865 654 dicit
2901 615 2915 651 :
2953 598 3262 651 Partientur
3287 605 3466 654 autem

1879 689 2027 742 illum
2077 686 2388 743 Phoenicum
2428 699 2629 760 gentes.
2672 689 2914 758 Quisque
2961 703 3170 759 partem
3220 689 3460 758 aliquam

1878 782 2080 850 accipit
2105 798 2133 835 a
2156 784 2416 847 dracone,
2448 783 2492 837 si
2517 784 2588 836 sit
2618 798 2817 852 genere
2847 783 3191 838 Chauatneus
3216 792 3272 837 et
3298 780 3464 837 Phoe-

1879 888 1992 925 IIIX.

1878 963 1943 1020 ν.
1984 962 2076 1018 26.
2115 963 2278 1034 Omne
2314 974 2488 1017 autem
2533 963 2828 1033 navigabile
2879 964 3212 1024 conveniens,
3265 979 3462 1034 nequa-

2052 1051 2209 1102 quam
2239 1033 2412 1101 [erattt
2448 1035 2651 1088 corium
2692 1051 2857 1088 unum
2892 1036 3078 1088 cauda:
3118 1035 3283 1089 illius.

1947 1124 2202 1178 Extrema
2238 1141 2600 1195 supremaque
2633 1127 2887 1181 draconis
2920 1141 3025 1180 non
3061 1136 3285 1196 possunt
3317 1142 3462 1180 mor-

1878 1216 2089 1272 tiﬁcare
2121 1219 2301 1271 omnia
2335 1218 2496 1272 simul
2543 1219 2893 1288 navigabilia.
2950 1217 3212 1274 Homines
3243 1229 3459 1275 utentes

1875 1310 2194 1377 corporibus
2243 1325 2341 1363 ceu
2390 1310 2653 1380 navigiis,
2722 1322 2997 1380 nequeunt
3057 1311 3198 1367 ferre
3246 1313 3457 1368 corium

1876 1417 2041 1455 unum
2073 1403 2255 1456 cauda:
2281 1402 2442 1457 illius.
2483 1403 2589 1470 Ipsi
2613 1419 2708 1471 per
2730 1419 2790 1459 se
2821 1414 3095 1475 nequeunt
3124 1424 3137 1459 :
3179 1417 3234 1460 at
3265 1407 3453 1461 divina

1876 1493 2090 1550 favente
2119 1496 2338 1562 virtute,
2374 1513 2662 1566 possumus
2703 1513 2810 1551 non
2842 1498 3014 1552 solum
3045 1500 3257 1554 corium
3287 1515 3454 1554 unum

1874 1589 2057 1642 cauda}
2089 1588 2252 1653 illius,
2285 1589 2380 1642 sed
2415 1598 2469 1642 ct
2504 1599 2673 1642 totum
2705 1591 2880 1658 ipsum
2916 1600 3157 1659 portare,
3190 1599 3244 1644 et
3278 1602 3452 1646 totum

1874 1678 2048 1750 ipsum
2102 1681 2454 1735 mortiﬁcare.
2529 1679 2918 1737 Mortificamus
2963 1693 3146 1736 autem
3201 1684 3452 1753 quisque.

188 1788 288 1842 μεν
313 1771 371 1825 δὲ
400 1773 648 1835 ἕκαστος,
676 1773 738 1826 τὺ
767 1773 889 1826 ὅσον
919 1775 1005 1844 ἐφ’
1039 1772 1235 1844 ἐαυτῷ,
1258 1773 1348 1826 τὸν
1377 1773 1642 1838 διάϐολον,
1673 1793 1764 1828 κα-

1878 1782 2131 1840 quantum
2181 1773 2234 1826 in
2283 1787 2342 1826 se
2381 1784 2485 1836 est,
2550 1773 2852 1836 diabolum,
2905 1774 3059 1843 juxta
3115 1778 3258 1842 quod
3311 1776 3454 1843 apud

182 1863 251 1915 τὰ
286 1862 350 1914 τὸ
391 1862 682 1932 εἰρημένον
735 1863 884 1934 παρὰ
923 1863 1000 1934 τῷ
1056 1863 1382 1934 Ἀποστόλῳ’
1435 1863 1496 1916 ’0
1531 1862 1599 1915 δὲ
1626 1864 1770 1931 Θεὸς

180 1956 511 2022 συντρίψω
542 1953 647 2007 τὸν
678 1954 951 2011 Σατανᾶν
985 1955 1103 2010 ὑπὸ
1136 1955 1278 2021 τοὺς
1300 1956 1489 2022 πόδας
1506 1955 1672 2026 ὑμῶν
1701 1961 1770 2010 ἐν

181 2047 375 2115 τάχει.

822 2141 980 2193 ΚΕΦ.
997 2141 1133 2194 MA’.

179 2229 332 2300 Στίχ.
390 2230 452 2283 δ’.
517 2232 610 2298 Τίς
655 2233 1037 2300 ἀποκαλύψει
1088 2232 1414 2300 πρόσωπον
1465 2232 1768 2299 ἐνδύσεως

865 2303 1052 2356 αὐτοῦ
1071 2319 1089 2367 ;

242 2393 346 2446 Διὰ
378 2393 426 2446 τί
448 2395 547 2447 οὐκ
569 2389 708 2448 εἷπε·
751 2395 846 2458 Τίς
870 2395 1205 2466 ἀποκαλύψει
1236 2397 1526 2468 πρόσωπον
1566 2396 1764 2464 αὐτοῦ;

173 2484 402 2538 Τίποιεῖ
417 2487 602 2540 ἐνθάδε
620 2488 766 2558 καὶὴ
795 2488 1075 2556 ἐνδυσις;
1104 2491 1197 2556 Τίς
1222 2491 1328 2562 γὰρ
1361 2493 1764 2561 ἀποκαλύψει,

171 2577 333 2646 φησὶ,
360 2578 684 2644 πρόσωπον
726 2579 1025 2646 ἐνδύσεως
1054 2582 1274 2646 αὐτοῦ;
1326 2582 1440 2635 Ἵνα
1486 2583 1650 2655 νοηθῇ
1706 2582 1766 2636 τὸ

171 2666 490 2739 λεγόμενον,
522 2670 925 2741 παραδείγματι
971 2673 1308 2742 χρησώμεθα
1336 2674 1442 2726 τῶν
1491 2673 1766 2745 περιτιθε-

175 2763 359 2834 μένων
389 2763 766 2834 προσωπείων,
797 2765 890 2818 καὶ
922 2764 996 2836 μὴ
1013 2767 1350 2836 φαινομένων
1368 2766 1524 2820 τοῦτο
1554 2767 1581 2819 ὃ
1607 2769 1764 2829 εἰσιν,

169 2854 312 2908 ἀλλὰ
347 2854 560 2909 θέλουσι
587 2857 780 2910 δοκεῖν.
809 2859 1274 2929 Ἀναλαμϐάνουσι
1296 2861 1402 2930 γὰρ
1425 2862 1762 2931 προσωπεῖα,

172 2950 310 3022 φέρε
343 2951 542 3013 εἰπεῖν,
569 2945 712 3004 οὗτοι
745 2953 801 3003 ἐν
838 2955 958 3014 ταῖς
1000 2952 1259 3022 θυμέλαις
1293 2952 1602 3024 ὑποκριταὶ,
1635 2953 1766 3004 ποτὲ

176 3045 280 3113 μὲν
341 3043 680 3114 ἡγουμένων,
739 3043 870 3096 ποτὲ
920 3043 975 3096 δὲ
1007 3043 1180 3097 ἄλλων
1225 3043 1507 3114 βασιλέων,
1540 3045 1668 3096 ποτὲ
1708 3043 1764 3096 δὲ

1871 1862 2184 1930 Apostoluut
2232 1865 2435 1918 dicitur
2466 1883 2480 1918 :
2517 1864 2658 1918 Deus
2706 1879 2882 1920 autem
2923 1879 3160 1922 conterat
3195 1867 3453 1923 Satanam

1870 1953 1962 2004 sub
1993 1956 2148 2022 pedes
2177 1965 2368 2008 vestros
2393 1957 2446 2008 in
2472 1959 2738 2011 celeritate
2763 1958 2832 2010 θ’.

2495 2137 2644 2193 ΟΜ).
2693 2137 2824 2192 XLI.

2014 2247 2077 2303 V.
2111 2248 2165 2302 4.
2207 2250 2335 2314 Quis
2365 2262 2552 2319 reteget
2589 2252 2778 2320 faciem
2815 2254 3109 2308 indumenti
3139 2256 3254 2321 eius
3279 2257 3304 2308 ?

1939 2388 2048 2444 Cur
2083 2405 2187 2443 non
2237 2389 2394 2454 dixit,
2430 2388 2564 2456 Quis
2614 2398 2827 2460 reteget
2864 2390 3058 2446 faciem
3105 2393 3262 2460 ejus?
3305 2395 3447 2462 Quid

1868 2477 2002 2533 facit
2049 2479 2138 2533 hic
2180 2488 2235 2533 et
2291 2479 2710 2533 indumentum?
2751 2482 2881 2547 Quis
2911 2482 3054 2537 enim
3094 2494 3304 2554 releget,
3347 2487 3446 2552 ait,

1869 2568 2054 2637 facient
2079 2571 2372 2624 indumenti
2392 2571 2550 2639 ejus?
2586 2571 2656 2628 Ut
2696 2575 2840 2642 quod
2865 2573 3067 2628 dicilur
3095 2575 3445 2647 intelligatur,

1868 2670 2084 2716 utamur
2114 2663 2360 2733 exemplo
2394 2664 2674 2718 larvarum
2710 2681 2850 2735 quas
2883 2668 3136 2731 induunt,
3173 2685 3273 2724 nec
3305 2685 3449 2725 com-

1867 2762 2058 2822 parent
2107 2756 2249 2821 quod
2283 2767 2430 2818 sunt,
2472 2757 2565 2810 sed
2611 2758 2756 2825 quod
2797 2759 2970 2812 videri
3012 2761 3215 2814 volunt.
3272 2762 3445 2816 Assu-

1869 2854 2022 2899 munt
2058 2847 2202 2899 enim
2244 2845 2425 2902 larvas
2459 2850 2760 2918 generatim
2811 2851 2846 2904 ii
2895 2851 2986 2919 qui
3025 2852 3080 2905 in
3117 2856 3296 2908 scenis
3325 2869 3449 2924 per-

1869 2950 2056 2990 sonam
2098 2935 2334 3004 aliquam
2373 2938 2656 3005 simulant,
2691 2940 2987 3008 aliquando
3031 2943 3256 3007 ducunt,
3313 2944 3448 3000 alias

1869 3025 2096 3078 aliorum
2140 3042 2364 3096 regum,
2415 3044 2800 3098 nonnunquam
2840 3031 3153 3086 mulierum.
3197 3034 3274 3088 Ac
3309 3049 3441 3102 pro-

167 3134 474 3204 γυναικῶν.
513 3136 623 3188 Καὶ
644 3135 704 3187 τὸ
744 3136 842 3206 μὲν
885 3136 1015 3188 ἴδιον
1039 3136 1218 3189 αὐτῶν
1245 3137 1531 3207 πρόσωπον
1567 3137 1764 3190 ἀποκέ-

1878 3118 1986 3188 prie
2021 3119 2239 3188 quidem
2275 3133 2463 3174 eorum
2491 3119 2658 3175 facies
2696 3121 3020 3188 occultatur,
3053 3132 3108 3178 et
3136 3125 3279 3194 quod
3322 3133 3449 3178 sunt

168 3247 439 3299 κρυπται,
471 3230 565 3283 καὶ
588 3231 616 3282 ὃ
651 3231 784 3300 εἰσιν
806 3229 866 3280 ού
898 3228 1194 3298 φαίνονται·
1225 3229 1253 3281 ὃ
1281 3229 1338 3282 δὲ
1362 3229 1596 3292 δοκοῦσι,
1637 3229 1759 3299 βλέ-

168 3325 393 3374 nov-cat.
424 3319 676 3383 Τοιοῦτός
707 3322 852 3373 ἐστιν
879 3322 907 3372 ὁ
930 3319 1163 3390 δράκων.
1210 3320 1476 3374 Οὐδέποτε
1503 3321 1564 3373 τὸ
1595 3321 1762 3391 πρόσ-

167 3432 323 3468 ωπον
349 3413 516 3466 αὑτοῦ
538 3413 823 3466 δείκνυσιν·
861 3411 997 3464 ἀλλὰ
1029 3413 1076 3464 εξ
1111 3411 1222 3482 (42)
1262 3412 1552 3483 πρόσωπον
1581 3410 1760 3465 λαϐὼν

161 3507 249 3567 εἰς
282 3504 507 3574 ἀπάτην
525 3504 633 3556 τῶν
661 3501 984 3575 ἀνθρώπων,
1018 3505 1193 3554 ἐκεῖνο
1230 3501 1340 3573 (45)
1370 3503 1607 3573 χρῆται.’
1650 3504 1760 3555 Καὶ

167 3595 286 3665 ἔχει
320 3611 388 3664 γε
427 3597 456 3646 ὁ
483 3595 673 3667 ἐχθρὸς
715 3590 870 3657 οὗτος
905 3594 1075 3647 πολλὰ
1121 3597 1464 3665 προσωπεῖα,
1509 3595 1602 3647 καὶ
1638 3595 1761 3647 καθ’

170 3687 415 3758 ἑκάστην
442 3688 639 3742 κακίαν
667 3688 955 3759 πρόσωπον
969 3687 1234 3758 λαμϐάνει
1265 3685 1484 3757 ἀρετῆς.
1502 3687 1608 3740 Καὶ
1635 3687 1762 3755 μετ’

169 3782 350 3850 ὀλίγα
368 3784 455 3846 εἰς
484 3781 546 3834 τὸ
565 3781 733 3849 ἑξῆς.

320 3875 400 3929 Τὰ
445 3877 746 3929 ὑπόλοιπα
772 3876 877 3929 τοῦ
906 3875 1352 3945 προγραφέντος
1381 3875 1617 3944 στίχου.

239 3967 360 4036 (44)
391 3968 463 4020 Τὸ
499 3968 788 4038 πρόσωπον
817 3968 845 4020 ὃ
876 3959 1159 4022 ἐνεδύσατο
1186 3969 1269 4031 τίς
1303 3967 1483 4030 ἱκανὸς
1514 3966 1761 4034 ἐλέγξαις

171 4061 255 4124 τίς
282 4061 465 4124 ἱκανὸς
488 4062 834 4131 ἀποκαλύψαι
872 4063 964 4115 καὶ
1005 4062 1160 4132 λῆξαι
1192 4061 1299 4132 (45)
1324 4062 1351 4113 ὃ
1382 4078 1435 4112 τι
1472 4059 1614 4112 ἔνδον
1637 4059 1765 4131 δρά-

171 4171 285 4206 κων
319 4154 470 4218 sati;
506 4153 746 4207 Τοιοῦτοί
768 4155 871 4206 εἰσί
907 4171 1050 4217 τινες
1080 4154 1173 4206 καὶ
1212 4153 1360 4206 ἄλλοι
1392 4145 1635 4222 ’μαθηταὶ
1670 4153 1766 4204 αύ-

171 4245 288 4308 τού,
345 4247 573 4312 Οἵτινες
620 4247 895 4316 ἔρχονται
951 4246 1100 4314 πρὸς
1141 4243 1297 4314 ὑμᾶς
1336 4245 1407 4297 ὲν
1468 4243 1762 4319 ἐνδύμασι

169 4339 510 4407 προϐάτων,
529 4339 775 4393 ὢρδοθεν
797 4338 862 4391 δέ
889 4341 1006 4392 εἰσι
1032 4339 1209 4392 λύκοι
1248 4337 1527 4406 ἅρπαγες.

169 4432 368 4502 Στίχ.δ’
379 4434 497 4498 ,Εἰς
507 4431 574 4483 δὲ
590 4431 805 4496 πτύειν
815 4430 1075 4498 θώρακος
1088 4428 1273 4484 αὐτοῦ
1289 4429 1378 4494 τίς
1395 4427 1469 4480 ἂν
1483 4428 1762 4489 εἰσέλθοι;

1864 3225 1972 3264 non
2006 3221 2360 3278 comparent;
2409 3213 2553 3280 quod
2609 3227 2737 3267 vero
2772 3214 2940 3267 videri
2973 3215 3180 3279 volunt,
3211 3231 3448 3269 cernun-

1866 3313 1973 3359 tur.
2033 3302 2178 3358 Talis
2224 3314 2311 3358 est
2355 3313 2411 3358 et
2460 3305 2646 3359 draco.
2699 3305 2986 3375 Nunquam
3041 3307 3236 3361 faciem
3291 3324 3446 3363 suam

1864 3396 2101 3450 ostendit
2138 3415 2150 3449 :
2188 3396 2285 3450 sed
2312 3398 2515 3452 larvam
2542 3414 2823 3454 assumens
2855 3403 2923 3454 ad
2969 3401 3316 3470 decipiendos
3349 3402 3448 3456 ho-

1864 3490 2058 3553 mines,
2092 3489 2178 3542 illa
2207 3491 2395 3544 utitur.
2428 3490 2610 3545 Habet
2641 3507 2802 3559 porro
2832 3495 3176 3548 adversarius
3203 3494 3302 3548 iste
3335 3493 3448 3548 lar-

1865 3596 1960 3636 vas
1993 3581 2213 3645 multas,
2259 3591 2315 3635 et
2351 3582 2417 3636 ad
2453 3585 2726 3650 quodlibet
2759 3585 2946 3638 vitium
2997 3585 3199 3638 larvam
3233 3588 3445 3642 virtutis

1865 3671 2113 3726 assumit.
2157 3672 2219 3726 Et
2247 3687 2363 3742 post
2393 3693 2564 3744 pauca
2601 3677 2659 3730 in
2700 3677 2756 3730 id
2794 3678 2936 3747 quod
2976 3679 3228 3747 sequitur.

2231 3857 2509 3928 Reliquum
2544 3862 2842 3929 prazscripti
2876 3878 3072 3915 versus.

1937 3949 2164 4004 Larvam
2192 3965 2355 4019 quam
2391 3953 2582 4015 induit,
2634 3953 2755 4021 quis
2783 3945 3038 4008 evin'cere
3065 3954 3273 4022 possit?
3307 3954 3442 4021 Quis

1866 4044 2034 4111 possit
2063 4045 2313 4113 detegere
2341 4060 2403 4099 ac
2432 4046 2724 4099 ostendere
2771 4047 2900 4114 quid
2936 4045 3104 4101 draco
3143 4047 3291 4101 intus
3340 4049 3445 4102 sit?

1867 4134 2026 4189 Tales
2056 4146 2183 4189 sunt
2212 4146 2266 4189 et
2301 4136 2496 4206 reliqui
2539 4137 2791 4205 discipuli
2839 4137 2976 4205 ejus,
3002 4140 3091 4208 qui
3135 4141 3343 4193 veniunt
3371 4141 3440 4192 ad

1865 4243 1955 4280 vos
1983 4229 2036 4279 in
2069 4229 2384 4283 vestimentis
2425 4230 2616 4297 ovium,
2650 4232 2790 4284 intus
2825 4242 2999 4284 autem
3037 4243 3156 4285 sunt
3196 4232 3308 4300 lupi
3351 4250 3440 4286 ra-

1865 4339 2016 4389 paces
2043 4323 2108 4374 ⁸⁸.

1867 4416 1930 4471 ν.
1954 4415 2007 4468 4.
2034 4414 2306 4483 lnplicam
2328 4433 2444 4469 vero
2476 4416 2706 4469 thoracis
2727 4416 2843 4484 ejus
2873 4417 2992 4485 quis
3019 4416 3224 4485 ingredi
3249 4415 3444 4484 queat?

253 4526 454 4594 Ὁρᾷςῖ
511 4521 690 4594 θώραξ
721 4516 876 4587 οὗτος
903 4521 1250 4594 ὀνομάζεται,
1292 4521 1385 4574 καὶ
1422 4519 1632 4590 στῆθος·
1660 4517 1752 4570 καὶ

1927 4508 2151 4564 Viden“?
2203 4510 2397 4564 thorax
2455 4510 2557 4564 iste
2613 4511 2943 4571 nominatur,
3005 4519 3058 4560 et
3113 4517 3442 4576 pectus:et

170 4615 377 4688 θώραξ.
409 4617 542 4669 ὅπου
575 4616 689 4668 ἐστὶ
734 4616 793 4668 τὸ
815 4615 1150 4687 ἡγεμονικόν.
1189 4614 1299 4682 Οὐχ
1330 4611 1533 4674 ἁπλοῦς
1554 4612 1700 4663 ἐστιν
1729 4611 1757 4662 ὁ

170 4707 358 4779 Θώραξ
390 4708 572 4760 αὑτοῦ.
603 4708 768 4761 Ούδὲν
797 4707 909 4776 ἕχει
939 4707 1162 4760 ἁπλοῦν.
1194 4705 1375 4768 Δόλιός
1403 4705 1569 4766 ἐστιν,
1592 4705 1758 4754 ἐπτυ-

171 4803 376 4871 γμένος
410 4802 578 4856 ἐστίν.
611 4803 713 4867 Εἰς
747 4796 838 4853 οὖν
864 4800 976 4868 τὴν
1010 4799 1230 4862 πτύειν
1265 4795 1527 4866 θώρακος
1570 4793 1754 4848 αὐτοῦ

171 4895 263 4959 τίς
281 4893 360 4947 ἂν
377 4893 676 4956 εὶσέλθοι;
705 4895 892 4961 ’Ἄγιος
933 4892 987 4944 δὲ
1030 4891 1272 4962 ἐλέγχειν
1305 4889 1464 4942 αὐτὸν
1506 4887 1752 4950 δύναται,

168 4985 266 5039 καὶ
290 4986 488 5051 δεῖξαι,
519 4986 600 5038 ὅτι
628 4985 887 5039 έπτυκται
913 4984 1075 5037 αὑτοῦ
1109 4987 1136 5038 ὁ
1169 4982 1368 5055 θώραξ·
1404 4980 1498 5034 τοῦ
1521 4980 1575 5033 δὲ
1596 4979 1751 5049 ἁγίου

172 5075 274 5127 οὐκ
301 5074 588 5127 έπτυκται.

247 5167 398 5237 Στίχ.
436 5166 500 5221 ε’.
530 5169 738 5233 Πύλας
761 5165 1083 5236 προσώπου
1105 5163 1291 5218 αὑτοῦ
1321 5163 1412 5228 τίς
1437 5160 1661 5224 ἀνοίξει
1682 5175 1699 5222 ;

244 5259 498 5331 Κρύπτει
546 5259 614 5311 τὰ
660 5259 805 5312 ἔνδον
847 5259 1204 5328 ἀποκείμενα.
1261 5256 1357 5320 Τίς
1389 5250 1489 5306 οὖν
1520 5251 1752 5314 ἀνοίξει

168 5355 277 5421 τὰς
299 5354 502 5417 πύλας
534 5352 641 5405 τοῦ
668 5351 993 5419 προσώπου
1020 5349 1206 5402 αὑτοῦ
1236 5365 1252 5408 ;
1275 5347 1370 5410 Τίς
1397 5338 1549 5408 οὗτός
1578 5344 1748 5407 ἐστιν,

260 5493 326 5573 ’⁵⁸
349 5490 627 5552 Βοιιωινι,
656 5489 747 5544 20.
824 5491 869 5523 ’⁸
894 5490 1080 5544 Matth.
1115 5504 1209 5555 νει,
1244 5488 1330 5542 15.

249 5652 358 5725 (40)
387 5647 820 5725 ConferOlymp.
956 5716 1017 5725 ___
1425 5713 1445 5725 _
1533 5711 1590 5725 Α,
1747 5709 1751 5712 ,

249 5711 357 5794 fit}
393 5723 558 5794 l_)eest
587 5711 938 5794 inﬂati-nx“.
956 5716 1054 5775 llic
1078 5729 1290 5788 quoque
1316 5713 1504 5772 confer
1530 5711 1741 5783 Olymp.

151 5855 156 5866 ί
247 5787 357 5866 (42)
392 5792 557 5848 Forte
585 5789 696 5845 ἀλλ’
731 5790 838 5845 ἀεί.

1860 4602 2184 4667 thorax,ubi
2223 4613 2305 4658 est
2356 4603 2686 4657 moderatrix
2739 4604 2933 4657 anima:
2983 4602 3235 4657 facultas.
3287 4601 3441 4658 llaud

1859 4694 2090 4764 simplex
2130 4703 2213 4748 est
2243 4695 2434 4750 thorax
2464 4695 2629 4749 illius.
2658 4693 2806 4748 Nihil
2840 4695 3001 4748 habet
3028 4695 3280 4764 simplex.
3337 4695 3440 4749 Do—

1857 4782 2005 4839 losus
2029 4794 2131 4849 est,
2165 4784 2394 4853 plicatus
2423 4795 2524 4838 est.
2561 4785 2624 4837 In
2647 4785 2844 4854 plicam
2880 4785 3046 4853 igitur
3078 4784 3304 4839 (Ituraeis
3326 4786 3440 4856 ejus

1856 4878 1972 4947 quis
1997 4877 2201 4946 ingredi
2249 4878 2445 4946 queat?
2503 4878 2737 4931 Sanctus
2785 4891 3015 4945 arguere
3063 4890 3184 4930 eum
3237 4889 3438 4946 potest,

1860 4977 2022 5037 atque
2046 4969 2332 5024 ostendere
2357 4969 2611 5037 plicatum
2643 4984 2764 5023 esse
2795 4971 3074 5024 thoracem
3105 4968 3241 5036 ejus,
3268 4970 3439 5025 sancti

1859 5075 1990 5114 vero
2022 5074 2127 5113 non
2152 5075 2269 5114 esse
2301 5060 2580 5127 plicatum.

2075 5152 2138 5206 V.
2178 5152 2232 5205 5.
2276 5151 2462 5206 Portus
2495 5152 2650 5220 faciei
2688 5152 2803 5222 ejus
2828 5153 2943 5222 quis
2984 5152 3230 5217 aperiet?

1933 5244 2190 5300 Oecultat
2220 5260 2342 5314 qute
2369 5246 2515 5299 intus
2542 5249 2774 5315 reposita
2815 5254 2962 5299 sunt.
2999 5245 3127 5308 Quis
3166 5259 3294 5314 ergo
3319 5259 3440 5307 ape-

1861 5341 2155 5407 rietportas
2194 5341 2353 5406 [aciei
2403 5340 2515 5408 ejus
2547 5341 2569 5392 ?
2601 5341 2733 5406 Quis
2779 5341 2879 5394 isle
2928 5348 3034 5405 est,
3066 5347 3122 5392 ut
3151 5347 3344 5409 arguat
3385 5346 3441 5392 et

1925 5635 2035 5704 (45)
2069 5632 2208 5704 Lege
2237 5631 2447 5704 ἐκείνῳ.

1932 5699 2044 5776 (44)
2069 5699 2172 5776 ﬂio
2202 5699 2414 5776 etint'ra
2443 5701 2629 5759 confer
2653 5699 2868 5770 Olymp.

1951 5771 2040 5846 45)
2067 5773 2227 5831 Forte
2256 5771 2446 5840 δεῖξαι.
