3880 6216
476 284 498 335 1
510 284 577 337 05

1355 284 1920 343 SUPPLEMENTUM
1960 286 2050 341 AD
2089 283 2413 343 ORIGENIS
2448 284 2859 341 EXEGETICA.

3635 290 3731 344 illi

472 402 742 465 ostendat,
793 410 1050 471 quantam
1102 401 1372 466 fraudem,
1429 413 1696 473 quantum
1754 421 2043 472 venenum,

2165 404 2288 456 ὒστε
2314 402 2527 471 ἐλέγξαι
2549 402 2640 455 καὶ
2661 400 2829 466 δεῖξαι
2848 402 2971 455 ὅσον
2998 401 3167 469 δόλον,
3193 402 3318 457 ὅσον
3346 403 3444 470 ἰὸν,
3465 405 3568 460 ὃσα
3591 409 3737 461 κακὰ

472 506 674 570 quanta
701 496 837 549 mala
870 495 1065 549 habeat
1096 496 1419 550 recondita?

806 582 871 639 V.
905 586 959 639 5.
1001 583 1155 638 Circa
1186 587 1365 639 dentes
1400 586 1515 656 ejus
1547 586 1724 642 timor.

541 677 617 730 De
663 678 859 746 quibus
892 678 1137 732 dicitur:
1188 677 1376 731 Dentes
1435 691 1767 747 peccatorum
1807 683 2047 737 contrivi-

469 772 535 825 sti
560 771 627 824 ".
664 769 751 833 Et,
785 770 1038 824 Dominus
1061 779 1285 824 conteret
1309 771 1474 825 molas
1508 773 1799 826 leonum”.
1822 772 1934 828 Non
1966 785 2048 829 est

471 861 577 917 iste
616 863 778 917 timor
834 863 924 917 Dei
963 878 979 915 :
1014 863 1107 917 sed
1145 864 1305 916 timor
1332 866 1474 917 circa
1518 865 1697 919 dentes
1737 866 1870 933 ejus.
1902 865 1972 921 At
2001 868 2044 921 si

471 956 726 1010 habueris
755 955 1031 1011 Christum
1069 959 1123 1010 in
1151 957 1345 1027 teipso,
1379 973 1445 1012 ne
1480 973 1667 1012 curam
1697 974 1853 1026 geras
1904 960 2047 1013 illius

471 1049 683 1104 timoris
725 1068 736 1102 :
774 1048 1055 1103 Dominum
1100 1054 1240 1104 enim
1272 1049 1440 1104 Deum
1488 1062 1639 1105 tuum
1688 1052 1892 1106 timebis
1930 1068 1948 1105 :
1986 1069 2047 1105 ac

467 1154 660 1213 prwter
688 1143 855 1212 ipsum
883 1159 947 1197 ne
972 1143 1157 1196 timeas
1187 1145 1352 1197 alium
1384 1144 1450 1199 ³⁸.

720 1320 781 1376 ν.
824 1322 878 1379 6.
922 1323 1189 1378 Interiora
1228 1324 1341 1393 ejus
1376 1327 1583 1394 aspides
1628 1345 1797 1385 a'rea'.

544 1417 893 1480 Documenta,
951 1419 1186 1488 cogitata
1243 1419 1476 1473 occulta.
1532 1419 1726 1476 Omnia
1780 1437 2045 1477 venenum

469 1512 715 1579 aSpidum
761 1520 909 1576 sunt,
944 1514 1198 1565 universa
1245 1528 1367 1581 quae
1420 1523 1544 1567 sunt
1593 1516 1735 1568 intra
1773 1515 1942 1569 illutn.
1981 1516 2048 1570 Et

471 1603 684 1672 aspides
716 1611 876 1668 sunt,
910 1618 1015 1657 non
1074 1604 1261 1659 molles
1298 1606 1563 1675 quamam,
1614 1608 1709 1661 sed
1761 1608 2043 1677 prazdurte.

470 1694 739 1751 Prmduraz
768 1696 911 1750 enim
943 1708 1062 1750 sunt
1100 1699 1337 1767 aspidas.

969 1786 1148 1841 v.10.
1181 1788 1265 1842 Fx
1296 1805 1382 1842 ore
1417 1788 1559 1858 ejus.

544 1879 924 1950 Blasphemiaz,
951 1889 1006 1934 et
1036 1895 1319 1935 sermones
1356 1882 1668 1951 impiorum,
1707 1892 1867 1954 atque
1915 1884 2049 1940 irre-

472 1971 790 2041 ligit:sorum
816 1973 1124 2026 doctorum.
1906 1980 1912 1987 '

474 2061 540 2117 ν.
570 2061 657 2121 10.
693 2060 780 2115 Ex
807 2078 895 2116 ore
925 2060 1039 2131 ejus
1071 2061 1359 2127 procedunt
1404 2061 1673 2127 lampades
1701 2065 1965 2130 ardentes,
1998 2073 2047 2119 et

930 2134 1235 2185 evibrantur
1270 2133 1373 2201 foci
1409 2133 1560 2201 ignis.

501 2282 791 2341 'Arbitror
828 2287 1078 2356 equidem
1122 2288 1406 2341 universos
1454 2288 1617 2342 etiam
1670 2290 1861 2357 impios
1914 2294 2052 2345 irre-

474 2377 790 2449 ligiosorum
844 2378 1154 2447 dogmatum
1189 2377 1467 2443 doctores,
1510 2381 1727 2448 prOprie
1755 2397 1875 2434 esse
1921 2385 2049 2436 dra-

474 2470 629 2526 conis
657 2471 898 2525 membra
929 2487 942 2521 :
990 2486 1054 2524 ac
1085 2471 1457 2525 membrorum
1502 2473 1754 2526 draconis
1830 2476 2048 2529 nomina

474 2562 520 2617 si
556 2563 640 2616 vis
683 2561 894 2621 audire.
940 2562 1126 2629 quales
1170 2570 1298 2615 sunt
1329 2560 1452 2615 isti?
1486 2560 1558 2616 Os
1589 2563 1845 2619 draconis
1882 2571 2053 2632 possit

470 2665 527 2710 et
557 2656 762 2724 tropice
801 2655 1028 2719 intelligi
1059 2667 1318 2723 praeterea
1354 2656 1427 2717 id,
1457 2658 1598 2709 unde
1627 2667 1750 2710 sunt
1772 2673 2052 2714 sermones

474 2747 787 2817 perniciosi.
826 2745 933 2816 (Ea:
975 2763 1064 2800 ore
1101 2749 1235 2801 enim
1282 2748 1396 2817 ejus
1437 2750 1705 2815 lampades
1749 2751 2050 2817 dispereunt

471 2842 656 2912 ignis.)
697 2838 837 2904 Quia
877 2855 941 2892 ea:
972 2855 1060 2893 ore
1104 2839 1218 2908 ejus
1269 2840 1371 2907 foci
1416 2841 1716 2908 dispereunt
1773 2845 1928 2911 ignis.
1992 2840 2048 2895 Si

475 2929 693 2996 quando
740 2928 917 2981 audivi
966 2927 1387 2983 calumniantem
1437 2944 1744 2984 sermonem
1786 2942 2047 3001 przetextu

2155 496 2267 568 ἔχει
2301 496 2642 565 ἀποκείμενα
2664 510 2680 557 ;

2330 586 2476 656 Στίχ.
2503 584 2563 637 ε’.
2586 586 2803 647 Κύκλῳ
2838 581 3103 636 ὀδόντων
3133 581 3320 637 αὐτοῦ
3344 584 3552 651 φόϐος.

2223 676 2359 747 Περὶ
2390 671 2465 730 ὧν
2512 677 2767 745 λέγεταιο
2817 674 3092 740 Ὀδόντας
3133 673 3497 744 ἁμαρτωλῶν
3546 674 3732 729 συνέ-

2153 771 2387 837 τριψας.
2435 769 2568 831 Καὶ,
2600 769 2815 836 Κύριος
2865 768 3184 835 συντρίψει
3223 767 3331 833 τὰς
3373 769 3575 838 μύλας
3613 767 3733 821 τῶν

2152 861 2437 914 λεόντων.
2471 860 2585 912 Οὐκ
2618 858 2763 912 ἔστιν
2796 857 2954 921 οὗτος
2994 860 3022 911 ὁ
3051 858 3215 927 φόϐος
3259 858 3354 911 τοῦ
3405 858 3541 913 Θεοῦ
3565 877 3578 890 ·
3614 859 3729 913 ἀλλ’

2153 952 2187 1003 ό
2212 950 2416 1018 φόϐος,
2453 952 2485 1002 ό
2526 950 2729 1016 κύκλῳ
2764 947 2882 1002 τῶν
2908 947 3170 1003 ὀδόντων
3190 950 3397 1006 αὐτοῦ.
3443 950 3582 1004 Ἀλλ’
3633 951 3730 1005 ὲάν

2154 1041 2282 1113 ἔχῃς
2314 1042 2403 1094 τὸν
2436 1041 2668 1112 Χριστὸν
2690 1042 2748 1094 ἐν
2782 1040 3013 1112 σεαυτῷ,
3048 1043 3121 1114 μὴ
3146 1042 3394 1114 φρόντιζε
3421 1045 3610 1098 τούτου
3633 1044 3727 1099 τοῦ

2154 1130 2338 1201 φόῦου.
2383 1133 2600 1200 Κύριον
2635 1134 2745 1201 γὰρ
2771 1132 2876 1185 τὸν
2920 1134 3066 1187 Θεόν
3110 1150 3229 1190 σου
3260 1136 3593 1209 φοϐηθήσῃ,
3628 1142 3728 1195 καὶ

2154 1222 2322 1291 πλὴν
2357 1222 2546 1276 αὑτοῦ
2559 1223 2646 1292 μὴ
2679 1224 2866 1293 φοϐοῦ
2894 1225 3001 1280 τὸν
3032 1227 3242 1282 ἄλλον.

2224 1315 2371 1386 Στίχ.
2426 1320 2500 1380 ς’.
2536 1315 2611 1369 Τὰ
2637 1316 2858 1385 ἔγκατα
2887 1320 3072 1373 αὐτοῦ
3103 1322 3359 1391 ἀσπίδες
3414 1330 3654 1395 χαλκαῖ.

2222 1408 2303 1461 Τὰ
2358 1408 2625 1478 δόγματα,
2684 1408 2751 1463 τὰ
2812 1412 3060 1483 νοήματα
3118 1416 3187 1470 τὰ
3236 1418 3724 1490 ἀποκεκρυμμένα.

2154 1499 2337 1552 Πάντα
2376 1500 2452 1563 ἰὸς
2481 1500 2720 1554 ἀσπίδων
2761 1502 2899 1567 ἐστὶ,
2931 1505 3108 1560 πάντα
3121 1506 3189 1560 τὰ
3219 1508 3365 1562 ἔνδον
3397 1509 3582 1564 αὐτοῦ.
3619 1513 3730 1567 Καὶ
3818 1577 3829 1585 ,

2152 1591 2374 1656 ἀσπίδες
2395 1592 2531 1645 εἰσὶν
2563 1594 2659 1665 οὐχ
2683 1594 2885 1649 ἁπαλαί
2905 1614 3067 1663 τινες,
3094 1599 3231 1654 ἀλλά
3260 1601 3511 1675 σκληραί.
3545 1604 3731 1657 ’Δσπί-

2151 1682 2241 1748 δες
2273 1686 2382 1756 γάρ
2409 1687 2513 1738 είσι
2556 1686 2807 1759 σκληραί.

2475 1778 2624 1849 Στίχ.
2657 1777 2708 1835 ι’.
2747 1781 2842 1835 Ἐκ
2877 1784 3175 1853 στόματος
3215 1784 3422 1838 αὐτοῦ.

2220 1872 2284 1923 Ai
2324 1869 2662 1943 βλασφημίαι
2697 1874 2789 1929 καὶ
2815 1877 2865 1929 oi
2888 1876 3034 1947 λόγοι
3061 1877 3170 1932 τῶν
3199 1879 3411 1933 ἀσεϐῶν
3430 1881 3523 1934 καὶ
3549 1878 3728 1935 ἀθέων

2148 1962 2509 2017 διδασκάλων.

2150 2052 2297 2123 Στίχ.
2323 2050 2377 2124 ι’.
2420 2054 2523 2106 Ἐκ
2569 2054 2865 2123 στόματος
2905 2054 3092 2108 αὐτοῦ
3116 2054 3539 2123 ἐκπορεύονται
3579 2058 3729 2124 λαμ-

2222 2123 2409 2189 πάδες
2453 2124 2780 2193 καιόμεναι,
2820 2126 2921 2179 καὶ
2978 2125 3422 2193 διαριπτοῦνται
3472 2123 3730 2194 ἐσχάραι
3826 2174 3829 2177 ,

2221 2197 2434 2260 πυρός.

2222 2212 2539 2355 ῧέςοόίμαι
2570 2284 2669 2354 μὲν
2722 2282 2813 2336 καὶ
2846 2279 3052 2341 πάντας
3101 2276 3227 2341 τοὺς
3278 2275 3493 2337 ἀσεϐεῖς
3545 2276 3725 2330 ἀθέων

2150 2378 2433 2448 δογμάτων
2462 2376 2761 2448 εἰσηγητὰς
2786 2373 2990 2444 κυρίως
3018 2371 3084 2424 ἂν
3118 2367 3258 2423 εἶναι
3287 2370 3419 2441 μέλη
3453 2368 3548 2423 τοῦ
3593 2368 3727 2441 δρά-

2151 2483 2336 2529 κοντος
2360 2482 2373 2497 ⁸
2422 2466 2515 2520 καὶ
2567 2466 2674 2519 τῶν
2715 2463 2890 2536 μελῶν
2929 2462 3021 2515 τοῦ
3067 2461 3358 2532 δράκοντος
3405 2461 3642 2533 ὀνόματα
3672 2462 3725 2515 εί

2151 2557 2325 2621 θέλεις
2383 2555 2638 2621 ἀκοῦσαι,
2693 2555 2834 2608 ποῖοί
2878 2557 3016 2607 εἰσιν
3062 2546 3242 2618 sinon;
3290 2552 3366 2606 Τὸ
3417 2553 3590 2623 στόμα
3625 2552 3724 2606 τοῦ

2150 2651 2439 2721 δράκοντος
2483 2650 2566 2721 εἴη
2598 2650 2645 2702 δ’
2669 2648 2733 2702 ἄν
2760 2666 2816 2700 τι
2858 2648 2953 2702 καὶ¹
2994 2646 3268 2718 τροπικῶς
3292 2646 3595 2716 νοούμενον,
3629 2647 3725 2699 καὶ

2151 2738 2301 2812 παρὰ
2332 2738 2488 2792 τοῦτο
2520 2739 2641 2793 ὅθεν
2673 2740 2722 2792 oi
2754 2739 2899 2806 λόγοι
2930 2739 2987 2794 ,οί
3027 2737 3373 2800 ἀπολλύντες.
3408 2735 3545 2809 [Ἐκ
3583 2738 3729 2791 στό-

2147 2847 2333 2899 ματος
2358 2829 2465 2899 γὰρ
2497 2830 2684 2883 αὑτοῦ
2712 2828 3021 2898 λαμπάδες
3043 2829 3451 2882 ἁπολλύονται
3486 2827 3725 2901 πυρός.]

2155 2921 2275 2973 Ὅτι
2317 2921 2387 2973 ἐκ
2438 2922 2736 2989 στόματος
2786 2921 2974 2975 αὐτοῦ
3019 2920 3273 2990 ἐσχάραι
3315 2920 3727 2974 ἀπολλύονται

472 3019 913 3084 Christianismi,
969 3020 1391 3076 calumniantem
1432 3021 1789 3088 Creatorem,
1834 3024 1940 3089 vel,
1993 3035 2051 3078 ut

2165 3016 2361 3081 πυρός.
2399 3013 2467 3066 El
2516 3030 2649 3066 ποτε
2697 3014 2903 3085 ἤκουσα
2946 3013 3039 3066 τοῦ
3071 3012 3498 3086 κατηγοροῦντος
3542 3011 3723 3079 λόγου,

472 3110 641 3166 verbo
673 3112 870 3175 dicam,
897 3114 1237 3181 proﬁtentem
1275 3114 1468 3183 placita
1510 3114 1823 3181 Marcionis,
1849 3116 2043 3171 Valen-
2070 3135 2072 3148 π

2165 3106 2413 3176 τροφάσει
2427 3105 2872 3176 Χριστιανισμοῦ,
2891 3105 3321 3176 κατηγοροῦντος
3344 3104 3437 3158 τοῦ
3455 3106 3728 3174 Δημιουρ-

474 3203 704 3271 lentini,
764 3204 1518 3276 Basilidis:quandocunque
1576 3208 1939 3277 obloquantur
1987 3210 2053 3264 de

2165 3195 2273 3266 γοῦ,
2323 3196 2457 3267 φέρε
2477 3196 2672 3260 εἰπεῖν,
2707 3196 3100 3269 πρεσϐεύοντος
3128 3197 3196 3250 τά
3224 3196 3564 3269 Μαρκίωνος,
3588 3212 3730 3266 πρε-

472 3295 762 3351 Conditore
782 3297 905 3353 cmli
932 3307 988 3352 et
1013 3307 1169 3352 terrae
1188 3315 1203 3358 ;
1222 3301 1655 3369 quandocunque
1675 3303 1858 3357 dicant
1878 3305 2052 3373 ipsum

2165 3287 2435 3352 τϐεύοντος
2480 3287 2550 3340 τά
2582 3288 2955 3351 Οὐαλεντίνου,
3006 3288 3100 3342 καὶ
3144 3287 3215 3342 τὰ
3254 3286 3586 3341 Βασιλείδου·
3642 3285 3728 3341 ὅτ’

474 3406 583 3445 non
613 3391 871 3455 existere,
929 3407 1031 3447 nec
1058 3396 1352 3448 essentiam
1381 3396 1717 3464 spiritualem
1751 3398 1972 3461 habere,
1995 3407 2051 3451 ut

2165 3377 2216 3431 iv
2272 3375 2455 3438 κακῶς
2508 3375 2738 3445 λέγωσιν
2787 3377 2876 3430 τὸν
2929 3378 3163 3449 Ποιητὴν
3192 3376 3419 3448 οὐρανοῦ
3462 3378 3556 3431 καὶ
3594 3377 3728 3447 γῆς,

474 3482 565 3537 isti
596 3482 821 3547 dicunt;
857 3484 1066 3538 videbis
1094 3501 1159 3540 ex
1211 3500 1305 3541 ore
1342 3486 1531 3541 talium
1569 3490 1868 3557 procedere
1915 3490 2051 3544 lam-

473 3575 642 3643 pades
671 3577 943 3642 ardentes,
969 3586 1023 3631 et
1070 3578 1309 3632 evibrari
1359 3578 1513 3635 focos
1548 3581 1711 3650 ignis.
1756 3581 2048 3652 Propterea

475 3685 576 3726 nos
623 3671 860 3726 scientes
892 3672 1028 3735 haec,
1063 3672 1434 3727 custodiamus
1482 3689 1582 3728 nos
1629 3676 1795 3745 ipsos,
1826 3690 1893 3729 ne
1944 3691 2048 3728 un—

474 3776 637 3829 quam
687 3762 965 3831 lampades
1004 3762 1112 3818 illm
1144 3778 1244 3820 nos
1274 3772 1529 3831 exurant,
1568 3779 1639 3822 ne
1667 3781 1906 3837 unquam
1940 3767 2048 3825 foci

474 3851 617 3922 ignis
636 3867 737 3907 nos
766 3855 1060 3923 attingant.

690 4105 752 4161 ιτ.
788 4108 873 4163 15.
907 4107 975 4164 In
1007 4108 1142 4165 collo
1187 4121 1360 4165 autem
1391 4112 1505 4180 ejus
1540 4113 1677 4182 degit
1703 4115 1799 4170 vis.

546 4259 641 4317 ESt
668 4263 913 4332 quaedam
938 4262 1024 4318 vis
1054 4265 1217 4319 mala.
1237 4266 1305 4321 At
1326 4268 1616 4324 inﬁrmitas
1645 4285 1806 4339 quam
1835 4287 2046 4328 assum-

472 4352 585 4421 psit
610 4362 831 4423 propter
858 4369 942 4408 me
958 4354 1206 4410 Salvator
1229 4370 1381 4412 meus
1404 4367 1461 4412 et
1496 4358 1778 4423 Dominus,
1820 4376 1941 4431 qua:
1963 4363 2045 4415 di-

2147 3469 2225 3522 ὃτ’
2258 3467 2323 3521 ἂν
2373 3467 2604 3537 λέγωσιν
2634 3467 2795 3523 αὐτὸν
2832 3468 2907 3540 μὴ
2952 3464 3108 3534 εἶναι,
3170 3469 3302 3539 μηδὲ
3348 3469 3728 3539 πνευματικῆς

2147 3559 2358 3624 οὐσίας,
2403 3561 2565 3614 ὁποῖά
2598 3577 2762 3629 φασιν
2789 3556 2967 3614 οὗτοι⁸
3017 3561 3143 3633 ὖψῃ,
3193 3563 3257 3614 ὲκ
3299 3562 3564 3625 στόματος
3612 3560 3728 3614 τῶν

2146 3651 2402 3704 τοιούτων
2433 3650 2742 3721 ἐξέρχονται
2780 3652 3059 3723 λαμπάδες
3088 3652 3390 3722 καιόμεναι,
3432 3653 3525 3704 καὶ
3546 3651 3727 3723 διαρι-

2148 3741 2408 3796 πτοῦνται
2450 3741 2679 3813 ἐσχάραι
2712 3744 2899 3814 πυρός.
2949 3744 3050 3797 Διά
3092 3743 3248 3798 τοῦτο
3276 3746 3454 3815 ἡμεῖς,
3495 3742 3725 3809 εἰδότες,

2146 3833 2402 3904 τηρῶμεν
2464 3832 2711 3896 ἑαυτοὺς,
2774 3834 2985 3904 μήποτε
3045 3835 3250 3889 ἐκεῖναι
3314 3836 3368 3887 αἱ
3440 3832 3727 3903 λαμπάδες

2145 3922 2296 3992 ἡμᾶς
2342 3920 2607 3985 καύσωσι,
2647 3921 2857 3991 μήποτε
2887 3923 2945 3975 αἱ
2979 3922 3207 3994 ἐσχάραι
3237 3922 3331 3975 τοῦ
3359 3922 3527 3993 πυρὸς
3560 3922 3727 3994 ἡμῶν

2147 4013 2410 4082 ἅψωνται.

2145 4105 2295 4177 Στίχ.
2332 4112 2421 4173 ιγ’.
2470 4105 2572 4159 Ἔν
2617 4101 2687 4155 δὲ
2720 4098 3000 4168 τραχήλῳ
3034 4095 3223 4151 αὑτοῦ
3265 4095 3561 4156 αὐλίζεται
3609 4097 3722 4151 δύ-

2826 4186 3019 4238 ναμις.

2217 4265 2374 4317 Ἔστι
2414 4280 2498 4327 τις
2549 4261 2778 4331 δύναμις
2822 4256 3052 4329 πονηρά.
3093 4254 3232 4308 Ἀλλ’
3264 4258 3297 4326 ὴ
3347 4255 3617 4319 ἀσθένεια,
3648 4256 3721 4329 ἢν

2145 4356 2370 4411 ἀνέλαϐε
2402 4354 2470 4407 δι’
2507 4353 2607 4424 ἐμὲ
2629 4350 2862 4421 ὁΣωτήρ
2905 4365 3006 4418 μου
3040 4348 3133 4402 καὶ
3154 4346 3379 4419 Κύριος,
3414 4348 3533 4418 ἥεις
3564 4346 3721 4417 λέχε-

474 4444 618 4497 citur
668 4444 955 4500 infirmitas
1008 4445 1122 4512 Dei,
1180 4452 1456 4517 superavit
1501 4453 1609 4504 vim
1670 4453 1835 4508 illius.
1882 4455 2042 4522 Inﬁr-

2165 4466 2232 4503 :at
2258 4447 2511 4501 ἀσθένεια
2534 4443 2691 4507 Θεοῦ,
2726 4442 2974 4512 ἐνίκησεν
3007 4440 3216 4495 ἐκείνου
3239 4439 3337 4510 τὴν
3357 4438 3604 4510 δύναμιν.
3642 4441 3720 4496 Τὸ

472 4555 615 4592 mum
642 4540 781 4593 enim
812 4539 925 4603 Dei,
957 4539 1133 4611 inquit
1152 4542 1369 4611 quidem
1392 4545 1680 4612 Apostolus
1702 4588 1716 4608 ,
1748 4549 1936 4616 fortius
1965 4558 2045 4603 est

474 4630 768 4685 hominibus
798 4632 812 4661 ⁸
854 4649 867 4685 :
903 4646 1002 4703 ego
1039 4633 1205 4688 etiam
1222 4634 1448 4688 dixerim
1469 4635 1660 4692 fortius
1680 4639 1731 4692 vi
1769 4640 2042 4695 draconis.

544 4788 608 4841 V.
639 4788 727 4842 M.
754 4788 949 4843 Carnes
982 4801 1157 4845 autem
1201 4794 1434 4862 corporis
1471 4795 1585 4864 ejus
1621 4797 1972 4855 adlamserunt.

541 4880 762 4936 Poterat
788 4883 989 4951 dicere,
1007 4883 1214 4940 Carnes
1233 4897 1412 4941 autem
1435 4889 1679 4958 corporis
1701 4890 1862 4942 uuiue
1887 4898 2041 4943 sunt:

471 4986 528 5030 at
565 4976 667 5030 hoc
698 4993 803 5031 non
827 4978 985 5033 dixit.
1016 4980 1129 5034 Non
1156 4982 1298 5035 enim
1326 4983 1487 5037 unite
1506 4994 1667 5050 sunt;
1703 5000 1805 5038 non
1839 4985 1907 5038 ita
1936 4996 2035 5041 est.

472 5067 650 5124 Unum
687 5071 827 5138 apud
859 5070 1005 5125 illum
1050 5073 1213 5126 multa
1250 5086 1399 5138 sunt,
1432 5077 1514 5129 vel
1542 5091 1705 5130 unum
1737 5088 1886 5141 sunt,
1920 5095 2040 5149 qua:

2147 4540 2259 4611 γὰρ
2300 4536 2554 4603 ἀσθενὲς
2601 4534 2708 4589 τοῦ
2766 4532 2938 4596 Θεοῦ,
2967 4534 2996 4585 ὁ
3049 4538 3146 4601 μὲν
3196 4530 3513 4593 Ἀπόστολος
3542 4529 3715 4599 λέγει,

2149 4630 2540 4699 ἰσχυρότερον
2580 4624 2697 4679 τῶν
2733 4624 3087 4692 ἀνθρώπων
3145 4621 3255 4691 ἐγὼ
3299 4621 3355 4675 δὲ
3397 4621 3461 4675 ἂν
3506 4623 3717 4692 εἴποιμι

2151 4719 2495 4790 ἰσχυρότερον
2522 4717 2621 4786 τῆς
2645 4715 2924 4785 δυνάμεως
2944 4713 3038 4765 τοῦ
3069 4712 3375 4783 δράκοντος.

2148 4807 2297 4877 Στίχ.
2330 4807 2408 4859 ιδ’.
2435 4806 2659 4873 Σάρκες
2684 4802 2751 4856 δὲ
2777 4803 3048 4871 σώματος
3071 4800 3256 4855 αὐτοῦ
3290 4802 3714 4868 κεκόλληνται.

2236 4897 2484 4952 Ἐδύνατο
2509 4896 2785 4968 εἰρηκέναι
2807 4913 2819 4925 ο
2863 4895 3069 4966 Σάρκες
3096 4893 3153 4946 δὲ
3185 4893 3432 4963 σώματος
3457 4894 3712 4964 ῆνωνται.

2161 4990 2217 5043 '0
2244 4990 2299 5042 δὲ
2333 4991 2432 5043 οὐκ
2476 4985 2660 5042 εἶπεν·
2711 4989 2771 5041 οὐ
2819 4988 2926 5059 γὰρ
2954 4988 3186 5057 ἧνωνται
3207 5003 3221 5015 ·
3257 4986 3355 5038 οὑκ
3391 4984 3527 5040 ἔστι.
3555 4985 3627 5039 Τὸ
3654 4985 3715 5041 ἓν

2147 5084 2275 5153 παρ’
2305 5084 2497 5154 ἐκείνῳ
2518 5082 2688 5136 πολλά
2716 5084 2862 5135 ἐστιν
2883 5098 2895 5111 ·
2925 5082 2957 5151 ἢ
2980 5080 3036 5135 ἒν
3053 5080 3307 5133 δοκοῦντα
3328 5079 3710 5151 κεκολλῆσθαι,

469 5159 722 5214 videntur
754 5162 1082 5228 adhaesisse;
1114 5176 1395 5233 proiiterea
1445 5168 1588 5235 quod
1627 5168 1759 5223 dicit
1805 5170 2038 5224 adhaese-

2165 5175 2227 5226 ῖιά
2259 5175 2353 5227 τοῦ
2386 5175 2630 5245 λέγοντος
2661 5176 3073 5241 κεκόλληνται,
3102 5174 3198 5242 οὐχ
3235 5172 3509 5240 ἦνωνται.

470 5264 616 5316 runt,
653 5268 758 5307 non
797 5256 957 5310 unita:
982 5266 1122 5310 sunt.

469 5338 535 5398 Ὗ.
564 5343 651 5398 15.
688 5343 794 5399 Cor
820 5345 933 5416 ejus
957 5348 1213 5429 concrevit
1245 5360 1299 5430 ut
1332 5350 1466 5430 lapis
1495 5369 1513 5407 :
1543 5352 1679 5405 stetit
1710 5362 1882 5407 autem
1902 5354 2035 5409 sicut

2165 5360 2289 5430 Ξτίχ.
2338 5365 2419 5430 ιε’.
2460 5359 2522 5411 Ἠ
2572 5357 2788 5430 καρδία
2822 5358 3006 5430 αὐτοῦ
3060 5356 3321 5430 πέπηγεν

1029 5420 1175 5471 incus
1196 5420 1472 5475 indomita.

539 5505 657 5561 Non
690 5510 1058 5577 exercitatus,
1107 5529 1210 5567 non
1244 5515 1551 5585 obsequens
1576 5517 1765 5581 verbo,
1808 5518 2028 5588 proprie

3382 5358 3461 5423 ὡς
3519 5359 3707 5425 λίθος.

2350 5429 2572 5496 ἕστηκε
2608 5428 2676 5481 δὲ
2701 5427 2901 5495 ὥσπερ
2941 5427 3145 5496 ἄκμων
3174 5426 3496 5494 ἀνήλατος.

2202 5521 2323 5574 Οὐκ
2340 5520 2714 5591 ἐλαυνόμενος,
2734 5520 2834 5572 οὐκ
2862 5518 3164 5573 ἀκολουθῶν
3180 5519 3347 5591 λόγῳ,
3378 5521 3565 5573 οἰκεῖοι
3594 5518 3706 5592 (ιτ)

533 5658 578 5691 ⁸⁷
600 5656 740 5713 Psal.
781 5673 860 5725 nt,
885 5658 941 5714 8.
1015 5660 1061 5693 '°
1089 5659 1227 5719 Psal.
1273 5677 1409 5733 ml,
1432 5664 1485 5719 7.
1565 5666 1610 5700 ’°
1644 5665 1901 5737 Deutuw,
1952 5664 2036 5722 15.
2117 5666 2132 5697 ²
2163 5664 2181 5719 l
2212 5663 2340 5719 Cor.
2367 5680 2406 5729 I,
2430 5662 2518 5717 25.

537 5773 651 5847 (46)
680 5776 1070 5852 ϐοιιῐοτνοᾱίιει.

2212 5776 2321 5850 (i7)
2351 5779 2432 5834 An
2462 5776 2715 5841 οἰκείωςῖ
