3878 6212
256 278 349 333 [05
1158 320 1161 323 ,
1418 270 1781 330 EXCERPTA

1940 266 2283 325 PSALMOS.

3380 265 3482 320 106

246 396 300 448 δὲ
351 393 582 465 σκληρός
637 395 784 448 ἐστιν
828 393 1112 464 ἀνήλατος,
1140 392 1437 458 ἀνένδοτος.
1474 394 1587 449 Καὶ
1636 393 1688 445 εἴ
1724 410 1806 455 τις

1934 400 2093 447 ιυιεηι
2131 387 2433 459 praeduros,
2486 385 2779 441 indomitus
2828 391 2933 451 est,
2984 399 3089 439 non
3141 384 3360 440 cedens.
3406 384 3487 439 Ac

246 486 351 540 ἀπὸ
371 485 614 539 διαϐόλου
640 484 925 539 ἀπέσπασε
947 485 1195 554 δύναμιν,
1219 484 1315 539 καὶ
1336 484 1529 538 τούτου
1565 483 1657 537 τοῦ
1681 483 1809 555 apa-

246 596 451 643 κοντος,
483 578 648 641 αὐτὸς
700 578 814 647 ἔχει
860 576 958 650 τὴν
987 576 1213 647 καρδίαν
1249 576 1533 646 ἀνήλατον,
1580 574 1675 628 καὶ
1710 574 1810 627 οὐκ

243 670 631 741 ἐλαυνομένην.
668 671 730 723 Εἰ
753 670 809 723 δέ
841 687 923 733 τις
967 669 1165 741 χρυσός
1195 672 1361 734 ἐστιν,
1396 667 1703 723 ἀκολουθῶν
1732 665 1812 737 τῷ

242 763 385 833 λόγῳ
406 762 657 834 χρυσοκῷ
681 761 815 831 (48)·
846 761 1019 826 οὕτως
1048 762 1203 827 εῐκει,
1243 762 1346 825 ἕως
1375 759 1441 815 ἂν
1466 759 1689 831 γένηται
1715 758 1811 812 πέ-

240 854 400 908 ταλον
424 853 677 926 χρυσοῦν,
711 853 803 906 καὶ
833 851 1048 924 δέξηται
1071 854 1198 917 τοὺς
1238 851 1448 914 ,τύπους
1487 851 1597 903 τῶν
1634 865 1812 921 γραμ-

242 946 433 1016 μάτων
465 943 561 997 τοῦ
609 943 766 1005 Θεοῦ,
812 944 870 998 ὲν
921 944 1143 1016 Χριστῷ
1181 940 1390 1014 Ἱησοῦο
1423 933 1467 1010 ᾧ
1502 943 1536 1012 ἡ
1567 940 1694 1005 δόξα
1732 941 1813 1003 είς

236 1037 368 1100 τοὺς
388 1035 613 1101 αἰῶνας,
639 1035 807 1107 ἀμήν.

871 1125 1027 1178 ΚΕΦ.
1058 1125 1191 1179 MB'.

236 1219 391 1290 Στὶχ.
441 1225 492 1272 ι’.
525 1217 788 1272 Ἔδωκεν
816 1216 885 1290 δὲ
914 1219 946 1290 ό
972 1217 1185 1290 Κύριος
1226 1213 1431 1277 διπλᾶ,
1460 1212 1577 1290 ὅσα
1606 1202 1688 1285 ἦν
1713 1215 1815 1284 ἐμ-

532 1293 796 1357 προσθεν
823 1288 943 1342 Ἰὼϐ
972 1290 1060 1354 εὶς
1081 1286 1549 1355 διπλασιασμόν.

306 1382 420 1451 (49)
457 1382 516 1435 '0
567 1384 812 1451 γενναῖος
857 1380 1116 1452 ἀθλητὴς,
1160 1380 1255 1433 καὶ
1288 1379 1463 1433 πάντα
1506 1376 1810 1449 πειρασμὸν

235 1473 508 1540 ὑποστὰς,
571 1475 941 1546 ἀνδρειότατος
996 1473 1137 1537 Ἰὼὸ,
1207 1468 1344 1526 ἆθλα
1397 1471 1662 1543 λαμϐάνει
1715 1469 1814 1541 τῆς

234 1566 520 1636 ὑπομονῆς
549 1566 737 1633 αὐτοῦ,
769 1566 844 1630 ὡς
877 1568 909 1638 ἠ
959 1564 1149 1637 Γραφή
1192 1582 1387 1637 φησιν’
1430 1565 1614 1618 Πάντα
1654 1562 1816 1616 διπλᾶ

234 1659 395 1730 παρὰ
422 1657 490 1711 τὰ
518 1659 774 1730 πρότερα.
794 1659 854 1711 '0
882 1657 938 1710 δὲ
970 1656 1173 1727 Κύριος
1200 1655 1406 1728 Ἰησοῦς
1430 1653 1663 1728 Χριστὸς
1678 1650 1815 1708 ἆθλα

1915 487 1959 538 si
2010 486 2133 555 quis
2178 499 2206 536 a
2252 481 2465 537 diabolo
2519 481 2573 533 in
2617 493 2674 534 se
2733 477 2998 533 derivavit
3043 476 3170 539 vim,
3212 484 3376 544 atque
3416 478 3486 530 ab

1915 578 2019 632 hoc
2064 577 2296 629 dracone
2324 612 2340 637 ,
2375 572 2462 626 hic
2506 572 2674 627 habet
2721 584 2815 625 cor
2867 567 3222 631 indomitum,
3263 575 3319 621 et
3375 582 3483 622 nou

1916 669 2242 725 exercitum.
2275 665 2333 721 Si
2375 664 2501 733 quis
2547 672 2727 717 autem
2763 676 2957 717 aurum
3002 669 3131 723 est,
3177 662 3488 729 obsequens

1916 762 2081 817 verbo
2108 760 2249 829 quod
2297 759 2460 814 veluti
2508 772 2703 812 aurum
2738 752 2935 812 conﬁat
2961 772 2974 809 :
3002 755 3047 809 is
3076 754 3149 808 ita
3198 753 3362 821 cedit,
3391 756 3488 808 do-

1918 870 2020 910 nec
2082 854 2175 907 liat
2213 852 2418 907 lamina
2465 866 2665 916 aurea,
2698 859 2754 904 et
2809 849 3070 918 suscipiat
3108 847 3312 902 formas
3339 846 3487 902 litte-

1919 962 2100 1001 rarum
2132 945 2225 1000 Dei
2263 949 2315 999 in
2360 944 2578 999 Christo
2621 941 2746 999 Jesu
2783 960 2798 1010 ;
2851 942 2937 998 cui
2972 941 3142 1010 gloria
3175 940 3227 994 iu
3260 938 3487 1006 saecula,

1918 1053 2093 1093 amen.

2530 1127 2687 1183 CAP.
2719 1124 2875 1181 XLII.

1919 1222 1985 1283 ν.
2020 1223 2102 1280 10.
2140 1222 2291 1279 Dedit
2323 1239 2441 1278 vero
2476 1220 2729 1276 Dominus
2758 1221 2988 1288 duplicia
3014 1260 3029 1283 ,
3056 1224 3308 1288 quotquot
3338 1222 3489 1270 erant

2270 1304 2425 1348 antea
2458 1292 2591 1347 Jobo
2628 1294 2682 1345 in
2708 1292 3137 1358 duplicationem.

1991 1388 2301 1444 Generosus
2358 1386 2559 1441 athleta
2582 1427 2597 1452 ,
2631 1386 2832 1455 quique
2865 1400 3078 1439 omnem
3134 1384 3489 1440 teutationem

1920 1482 2195 1547 sustinuit,
2233 1480 2562 1536 fortissimus
2591 1476 2709 1546 Job,
2760 1479 2985 1548 praemia
3015 1478 3367 1549 consequitur
3394 1494 3493 1547 pa-

1922 1576 2123 1631 tientiae
2155 1589 2304 1641 sum,
2345 1583 2407 1629 ut
2456 1573 2735 1642 Scriptura
2794 1570 2923 1627 dicit
2956 1589 2970 1625 :
3011 1571 3201 1627 Omnia
3256 1572 3492 1642 duplicia

1922 1681 2032 1735 pne
2061 1665 2353 1736 prioribus.
2373 1666 2444 1718 At
2475 1663 2733 1719 Dominus
2761 1661 2918 1718 Jesus
2968 1660 3219 1718 Christus
3268 1664 3492 1733 prmmia

233 1751 456 1806 δίδωσιν
488 1752 606 1823 οὐχὶ
631 1752 966 1817 διπλασίονα,
992 1751 1107 1805 ἀλλ’
1144 1750 1685 1804 ἑκατονταπλασίονα.
1710 1750 1815 1820 Φη-

1934 1760 2009 1812 lat
2040 1772 2145 1812 non
2164 1757 2217 1811 in
2242 1755 2593 1826 duplum,sed
2618 1756 2670 1809 in
2698 1753 3130 1822 centuplum.Ait
3154 1754 3296 1809 enim
3326 1753 3493 1819 κραί-

235 1843 325 1896 civ
356 1844 484 1916 γάρ’
529 1846 624 1911 Ὃς
666 1844 775 1899 ἐὰν
803 1845 1132 1914 καταλείπῃ
1154 1843 1378 1913 πατέρα
1404 1842 1441 1913 ἢ
1459 1841 1705 1913 μητέρα,
1731 1844 1814 1896 ol-

230 1935 735 2005 κ-ίαν,ἁδελφοὺς,
784 1936 1052 2006 ἀδελφὰς
1090 1936 1297 1991 ἕνεκεν
1333 1935 1500 2005 ἐμοῦ,
1541 1934 1575 2006 ἢ
1607 1933 1814 1988 ἕνεκεν

230 2025 346 2083 τοῦ
363 2028 754 2096 Εὐαγγελίου,
771 2028 847 2092 ὼς
878 2028 1040 2099 ἐνοτῷ
1065 2027 1207 2082 κατά
1233 2028 1458 2099 Μάρκον
1478 2026 1809 2099 γέγραπται,

1922 1866 2122 1919 cunque
2160 1847 2427 1918 reliquerit
2474 1859 2673 1913 patrem
2720 1845 2797 1900 vel
2848 1854 3091 1908 matrem,
3121 1846 3352 1909 domum,
3383 1845 3496 1911 fra-

1920 1952 2043 2005 tres,
2074 1956 2276 1994 sorores
2313 1949 2526 2008 propter
2550 1954 2650 2002 me,
2678 1938 2761 1992 vel
2794 1946 3004 2007 propter
3033 1934 3495 2008 Evnngelium’,ut

1918 2030 1974 2084 in
2029 2029 2214 2084 Marco
2260 2026 2563 2092 scribitur,
2609 2028 2903 2097 centuplum
2953 2029 3199 2097 recipiet,
3241 2036 3286 2082 et
3334 2027 3495 2079 vitam

231 2116 837 2174 ἑκατονταπλασίονα
886 2119 1145 2188 λήψεται
1166 2160 1182 2185 ,
1236 2120 1333 2173 καὶ
1385 2117 1537 2188 ζωὴν
1572 2117 1811 2171 αἰώνιον

1934 2133 2167 2178 eternam
2211 2121 2538 2177 hwreditabit
2568 2121 2610 2175 ³.
2642 2121 2759 2177 Non
2795 2122 2983 2191 utique
3010 2121 3244 2190 duplicia
3280 2128 3496 2174 antece-

233 2208 699 2279 κληρονομήσει.
731 2210 844 2264 Οὐκ
877 2211 943 2265 ἂν
970 2212 1223 2266 διπλάσια
1245 2212 1352 2265 τῶν
1381 2210 1659 2282 προτέρων
1689 2208 1812 2263 ἔλα-

232 2299 361 2364 ϐεν,
385 2303 434 2354 εί
468 2302 544 2373 μὴ
575 2302 895 2359 διπλασίονα
917 2304 1017 2377 τὴν
1045 2304 1247 2375 ἀρετὴν
1272 2301 1602 2369 ἐπεδείξατο.

1921 2215 2166 2270 dentium
2222 2213 2560 2283 accepisset,
2618 2214 2721 2269 nisi
2784 2213 3115 2285 duplicatam
3165 2212 3495 2269 ostendisset

1922 2299 2209 2355 virtutem.

493 2439 601 2461 ,,,,,
986 2444 991 2445 ,
2314 2442 2317 2443 ν

971 2589 1916 2724 ΩΡΙΓΕΝΟΥΣ
2002 2588 2749 2726 ΕΚΛΟΓΑΙ

1209 2832 1379 2919 ΕΙΣ
1415 2828 1703 2919 ΤΟΥΣ
1740 2825 2287 2919 ΨΑΛΜΟΥΣ
2351 2822 2499 2921 (⁵ο).

1810 3014 1880 3022 ἠ

799 3142 1380 3239 ORIGENIS
1450 3142 2081 3235 EXCERPTA
2156 3147 2283 3235 IN
2362 3082 2938 3239 PSALMOS.

1475 3335 1572 3399 (Ex
1594 3335 1900 3387 Bibliotheca
1920 3335 2277 3401 Gallandiana.)

884 3641 1054 3699 ΨΑΛ.
1109 3644 1185 3697 Θ’.

236 3737 396 3811 Στίχ.
425 3744 495 3810 η’.
527 3732 875 3805 Ἠτοίμασεν
905 3738 977 3789 ὲν
1003 3736 1194 3803 κρίσει
1226 3734 1335 3789 τὸν
1365 3733 1580 3805 θρόνον
1612 3736 1819 3793 αὐτοῦ.

237 3828 395 3899 Στίχ.
429 3827 495 3880 θ’.
531 3826 641 3880 Καὶ
671 3826 859 3899 αὐτὸς
884 3823 1081 3899 xpusz
1102 3823 1217 3899 τὴν
1246 3822 1608 3899 οἰκουμένην
1635 3825 1706 3879 ἐν
1737 3826 1821 3880 δι-

468 3897 783 3964 καιοσύνῃ.
817 3892 1020 3963 Κρινεῖ
1034 3894 1222 3960 λαοὺς
1244 3894 1312 3947 ὲν
1332 3892 1628 3963 εὐθύτητα.

320 3987 589 4059 ὼϐητέον
616 3986 722 4057 ἀρα
746 3984 837 4038 τὸν
863 3984 1100 4038 τοιοῦτον
1121 3985 1334 4056 κριτὴν,
1356 3984 1560 4053 ψεκτάς
1592 3999 1650 4039 τε
1680 3986 1823 4062 πρά-

240 4080 363 4147 ξεις
394 4080 488 4132 καὶ
531 4077 724 4140 ἀσεδὲς
764 4076 1028 4149 φεύγοντα
1074 4074 1347 4147 φρόνημα.
1379 4076 1717 4149 Οἰκουμένην
1766 4078 1824 4132 δὲ

2554 3642 2751 3700 PSAL.
2786 3643 2876 3699 IX.

2072 3728 2133 3789 ν.
2164 3736 2218 3790 8.
2257 3732 2588 3806 Pratparavit
2619 3736 2673 3789 in
2694 3734 2899 3804 judicio
2923 3732 3162 3786 thronum
3184 3747 3358 3785 suum.

1926 3827 1990 3881 ν.
2033 3826 2084 3883 9.
2117 3824 2188 3880 Ει
2230 3827 2340 3894 ipse
2367 3826 2634 3896 judicablt
2684 3823 2856 3879 orbem
2889 3835 3144 3877 terrarum
3176 3825 3230 3877 in
3262 3826 3497 3894 jaetitia.

2205 3896 2479 3951 Judicabit
2524 3896 2745 3967 populos
2780 3898 2834 3950 in
2874 3897 3202 3949 rectitudine.

1999 3989 2293 4045 Timendus
2321 3997 2406 4044 est
2452 3989 2617 4059 igitur
2663 3988 2970 4059 hujusmodi
2998 3987 3186 4056 judex,
3227 3990 3317 4060 qui
3353 3990 3497 4045 vitu-

1928 4081 2199 4153 perabiles
2225 4084 2490 4147 actiones,
2517 4091 2572 4137 et
2601 4081 2765 4152 impia
2798 4082 3036 4151 cogitata
3073 4093 3377 4139 aversatur.
3399 4082 3498 4140 Or-

242 4173 467 4242 νοήσεις
493 4169 592 4240 τὴν
625 4167 968 4239 Ἐκκλησίαν,
1017 4166 1346 4237 οἰκουμένην
1379 4166 1484 4220 ὑπό
1521 4185 1580 4220 τε
1612 4169 1818 4241 Πατρὸς

1934 4177 2055 4231 beru
2088 4185 2355 4231 terrarum
2391 4175 2691 4231 Ecclesiam
2736 4175 2994 4245 intellige,
3020 4190 3140 4243 quae
3186 4176 3440 4231 incolitur
3467 4192 3498 4230 a

239 4265 345 4317 καὶ
366 4260 518 4325 Υίοῦ,
544 4261 685 4314 κατά
714 4260 802 4314 τό·
852 4260 991 4330 Ἐγὼ
1022 4259 1121 4313 καὶ
1150 4262 1182 4312 ό
1210 4256 1411 4328 Πατήρ
1436 4275 1556 4328 μου
1582 4261 1828 4314 ἐλευσό-

234 4359 420 4427 μεθα,
447 4354 547 4407 καὶ
567 4352 765 4423 μονὴν
796 4354 930 4421 παρ’
963 4351 1123 4416 αὐτῷ
1154 4353 1552 4422 ποιησόμεθα·
1584 4352 1745 4417 λαοὺς
1766 4353 1824 4406 δὲ

240 4448 376 4511 τοὺς
402 4446 622 4509 λοιποὺς
648 4444 797 4517 παρὰ
817 4444 915 4516 τὴν
952 4442 1293 4513 Ἐκκλησίαν.

244 4539 403 4609 Eat-£1.
462 4538 548 4593 ιδ’.
578 4536 817 4593 Ψάλατε
859 4535 941 4602 τῷ
978 4536 1193 4609 κυρίῳ,
1232 4534 1313 4600 τῷ
1350 4536 1725 4592 κατοικοῦντι
1756 4539 1827 4593 ἐν

962 4610 1006 4661 Σ
1010 4608 1133 4661 ιών.

325 4702 439 4754 Καὶ
468 4698 641 4763 ἄλλως
663 4699 719 4752 δέ
737 4716 749 4729 ⁸
804 4701 862 4753 ὲν
892 4700 1043 4771 πάσῃ
1063 4699 1208 4771 ψυχῇ
1240 4700 1379 4753 Σιὼν
1404 4699 1539 4771 οὔσῃ
1578 4700 1672 4753 καὶ
1696 4716 1823 4753 σκο-

245 4792 536 4862 πευτηρίῳ
563 4792 695 4856 Θεὸς
728 4794 989 4846 κατοικεῖ.
1033 4792 1282 4864 Ἐκζητεῖ
1308 4793 1364 4846 δὲ
1392 4792 1459 4847 τὰ
1484 4794 1689 4864 αἵματα
1714 4793 1822 4847 τῶν

1929 4264 2095 4321 Patre
2118 4274 2176 4321 et-
2205 4264 2363 4330 Filio,
2398 4266 2554 4336 juxta
2598 4265 2733 4320 illud
2774 4282 2788 4319 :
2824 4262 2937 4335 Ego
2981 4273 3030 4318 et
3064 4262 3227 4319 Pater
3242 4281 3387 4321 meus
3416 4283 3500 4321 vc-

1932 4357 2131 4410 niemus
2155 4367 2203 4411 et
2224 4358 2549 4410 mansionem
2586 4356 2730 4424 apud
2766 4370 2885 4409 eum
2910 4353 3168 4423 faciemus
3196 4354 3240 4420 ⁵;
3276 4353 3500 4424 populos

1930 4461 2059 4502 vero
2088 4446 2327 4519 iutellige
2355 4448 2594 4517 reliquos
2631 4456 2831 4517 praeter
2856 4446 3181 4503 Ecclesiam.

2094 4559 2160 4615 V.
2191 4560 2278 4614 l2.
2308 4556 2531 4614 Psallite
2562 4554 2789 4614 Domino
2815 4559 3077 4613 habitanti
3101 4559 3157 4613 in
3183 4557 3332 4614 Sion.

1998 4694 2064 4750 Et
2096 4695 2256 4748 aliter
2286 4710 2414 4750 vero
2439 4712 2453 4749 :
2494 4696 2546 4749 in
2571 4694 2716 4749 omni
2745 4693 2924 4748 anima
2952 4707 3074 4764 quae
3112 4693 3241 4747 Sion
3272 4702 3357 4749 est
3387 4695 3502 4749 sive

1930 4785 2171 4855 specula,
2223 4783 2367 4839 Deus
2428 4786 2657 4841 habitat.
2688 4785 2934 4856 Requirit
2983 4793 3163 4840 autem
3206 4786 3500 4856 sanguines

245 4884 424 4939 ὲονῶν
451 4885 884 4938 ἀποκτεινάντων
921 4884 1092 4949 αὐτὰ,
1124 4886 1217 4937 καὶ
1248 4886 1610 4957 μιμνήσκεται
1646 4886 1818 4940 αὐτῶν

1934 4878 2168 4948 gentium
2212 4878 2657 4933 interlicieutium
2687 4894 2802 4945 eos,
2841 4888 2895 4933 et
2924 4878 3245 4934 recordatur
3289 4890 3500 4942 earum,

245 4975 492 5040 ἀναστὰς
520 4976 677 5030 αὐτά.
732 4976 942 5029 Οὐκοῦν
973 4979 1034 5029 τό
1056 4993 1068 5006 ’
1112 4976 1396 5031 Ἀπώλετο
1428 4976 1495 5030 τὸ
1512 4978 1825 5047 μνημόσυ-

246 5086 366 5124 νον
389 5066 588 5122 αὐτῶν
608 5068 734 5137 μετ’
758 5068 933 5138 ἤχου,
970 5069 1060 5122 ἐπὶ
1100 5069 1199 5133 τὰς
1234 5070 1505 5141 ῥομφαίας
1535 5070 1825 5141 ἀνενεχθῆ-

253 5177 432 5213 σεται.
478 5160 731 5213 Ἐκείνων
754 5160 812 5213 δὲ
846 5160 1140 5232 μέμνηται,
1161 5154 1237 5214 ὧν
1260 5161 1474 5230 ἐγένετο
1515 5161 1824 5230 καταφυγή.

1930 4970 2265 5025 resuscitans
2298 4985 2411 5026 eos.
2430 4969 2596 5041 Igitur
2620 4971 2775 5035 illud,
2799 4969 2967 5025 Periit
2994 4970 3298 5025 memoriale
3319 4984 3501 5024 eorum

1933 5083 2049 5120 cum
2079 5080 2205 5121 sono
2232 5068 2276 5134 ⁸,
2296 5068 2361 5121 ad
2394 5066 2600 5136 gladios
2628 5066 2818 5121 referri
2846 5077 3080 5137 oportet.
3110 5067 3310 5122 Eorum
3340 5076 3502 5135 porro

1935 5159 2202 5225 meminit,
2233 5174 2464 5227 quorum
2498 5159 2601 5214 fuit
2634 5159 2923 5231 refugium.

250 5252 405 5323 Στίχ.
431 5252 532 5320 λγ.
563 5251 891 5323 Ἀνάστηθι,
917 5255 1092 5321 Κύριε
1131 5256 1163 5308 ό
1194 5256 1338 5319 Θεὸς
1354 5269 1501 5323 μου·
1533 5252 1818 5321 ὺψωθήτιι.

1937 5246 2000 5301 ν.
2031 5248 2118 5302 53.
2162 5249 2359 5323 δατ-σε,
2385 5248 2603 5323 Domine
2623 5249 2765 5305 Deus
2795 5267 2943 5304 meus
2968 5267 2985 5303 :
3015 5249 3283 5323 exaltetur
3316 5264 3504 5303 manus

324 5326 376 5446 fil
603 5338 755 5377 000'
809 5322 895 5393 μὴ
936 5323 1190 5394 ἐπιλάϐῃ
1235 5322 1663 5393 τῶν-έπετυήτων
1709 5338 1826 5377 σου

325 5410 355 5447 ε
382 5414 415 5447 c
444 5410 477 5446 τ
550 5410 637 5447 oc.

325 5410 415 5459 εις
444 5410 637 5459 tunc.

338 5485 434 5537 Ἐκ
459 5484 515 5537 δὲ
536 5484 644 5541 τῶν
676 5481 949 5537 δυσσεϐὦν
983 5480 1184 5535 τούτων
1216 5482 1476 5554 ῥημάτων
1510 5480 1751 5543 ἀνιαθεὶς
1798 5482 1826 5533 ὁ

2006 5333 2095 5373 tua
2119 5336 2138 5385 ;
2167 5335 2229 5373 ne
2255 5320 2579 5374 obliviscaris
2605 5336 2894 5391 pauperum
2934 5329 3145 5375 tuorum
3167 5324 3223 5375 in
3248 5321 3429 5391 ﬁnem.

2006 5480 2084 5534 Ex
2118 5481 2295 5550 impiis
2323 5481 2503 5537 verbis
2538 5483 2659 5537 istis
2691 5483 2881 5541 dolore
2936 5483 3161 5541 aﬂectus
3206 5482 3500 5552 Propheta,

345 5580 367 5612 ²
406 5576 579 5633 Marc.
622 5591 680 5642 ι,
706 5575 797 5630 29.
878 5573 898 5604 ³
938 5571 1128 5627 Matth.
1185 5589 1305 5640 XIX,
1336 5573 1429 5630 29.
1507 5572 1706 5647 "LJoan.
1738 5585 1818 5627 sn

1934 5571 1975 5627 5.
2054 5574 2075 5604 ⁵
2110 5591 2157 5628 v.
2199 5573 2253 5625 8.

333 5668 444 5742 (48)
478 5668 641 5742 Eone
666 5666 1022 5742 χριρ.σρχοῖκῷο

332 5735 441 5809 (49)
482 5735 907 5794 Μυιιιιιὶῖύίίίὶὲη
926 5735 995 5792 ab
1013 5738 1173 5793 editis
1197 5735 1368 5795 Rumi.

579 5837 850 5898 ΡΑτιιοι..
875 5833 994 5898 Gtt.
1026 5832 1225 5897 XVII.

2004 5667 2116 5741 (50)
2144 5667 2221 5724 Ex
2244 5670 2363 5726 cod.
2390 5671 2592 5730 Veneto
2614 5688 2746 5729 xvu.
