3878 6212
366 278 464 335 19⁵1

1206 274 1775 333 'SUPPLEMENTUM
1812 275 1903 330 AD
1942 276 2266 333 ORIGENIS
2296 276 2705 334 EXEGETICA.

3506 285 3603 340 108

362 406 556 460 iterum
585 413 704 460 orat
730 404 842 459 haec
863 403 1078 468 dicens;
1102 402 1433 472 experientia
1454 401 1768 456 ostenderet
1785 414 1933 470 quae-

2046 402 2341 472 προφήτης,
2393 402 2553 455 πάλιν
2594 400 2808 472 εὔχεται
2857 401 3031 471 λέγων
3074 404 3267 470 ταῦτα,
3314 404 3480 471 δεῖξαι
3536 409 3604 480 τῇ

361 508 487 550 rens
524 494 693 559 Deus,
741 509 798 550 se
861 493 1090 549 necdum
1134 492 1360 548 oblitum
1398 491 1568 546 fuisse
1612 505 1934 559 pauperum.

358 588 500 655 Quin
556 588 720 644 etiam
775 586 1120 657 blasphemiae
1168 586 1316 655 impii
1360 582 1934 640 commemorationem

361 680 488 736 fecit
532 681 808 751 inquiens:

364 772 429 827 ν.
474 772 563 829 '58.
608 772 937 826 Desiderium
978 788 1268 837 pauperum
1319 768 1615 829 exaudiui,
1666 766 1932 822 Domine:

424 843 810 914 .prreparationi
838 843 1011 896 cordis
1048 857 1224 895 eorum
1256 840 1445 894 adhibe
1469 854 1652 893 aurem
1690 847 1858 892 tuam.

434 1002 825 1059 Desiderabant
883 1000 1026 1055 enim
1084 1007 1143 1053 ut
1196 1005 1568 1053 contereretur
1645 994 1931 1050 brachium

364 1095 683 1165 peccatoris,
721 1108 784 1147 ac
811 1092 1155 1161 eriperentur
1179 1090 1243 1144 de
1284 1090 1567 1161 tyrannide
1607 1090 1761 1157 ejus:
1788 1088 1931 1158 quod

366 1194 420 1240 et
466 1184 708 1252 contigit.
754 1182 1091 1237 Desiderium
1148 1194 1314 1250 porro
1367 1180 1521 1232 bona:
1591 1177 1933 1247 cogitationis

356 1279 559 1335 ‘ellicax
592 1285 674 1332 est
705 1275 900 1331 oratio.
934 1273 1105 1341 Quam
1144 1275 1334 1327 videns
1383 1270 1631 1341 cognitor
1656 1270 1925 1335 cordium,

367 1370 626 1441 implevit.
660 1368 916 1423 Paratum
949 1368 1089 1422 enim
1129 1365 1400 1420 habebant
1430 1378 1525 1417 cor
1556 1371 1614 1417 ut
1657 1361 1934 1417 salvaren—

367 1475 477 1529 tur,
513 1473 566 1520 et
593 1462 844 1534 promissi
874 1461 1021 1531 regni
1047 1466 1320 1529 compotes
1352 1457 1564 1513 ﬁerent.

965 1551 1158 1608 PSAL.
1194 1548 1334 1603 XIII.

364 1652 430 1709 V.
471 1654 524 1708 2.
567 1652 823 1706 Dominus
854 1647 917 1700 de
947 1645 1071 1698 caelo
1100 1643 1365 1712 prospexit
1395 1656 1549 1708 super
1592 1637 1730 1712 ﬁlios
1769 1637 1933 1712 Itami-

2037 494 2203 567 πείρᾳ
2233 495 2323 549 τὸν
2349 493 2481 549 Θεδν
2513 494 2699 560 αίτῶν,
2724 496 2799 559 ὡς
2831 497 3013 551 οὐκέτι
3047 498 3299 571 λέλησται
3322 501 3430 554 τῶν
3463 520 3607 556 πτω-

2036 583 2165 729 χὲὖν.
2191 585 2300 639 Καὶ
2332 585 2432 655 τῆς
2450 585 2545 639 τοῦ
2579 585 2810 650 ἀσεϐοῦς
2838 588 2895 641 δὲ
2934 589 3283 663 βλασφημίας
3321 594 3604 667 ὑπέμνησε

2098 692 2228 745 γων-

2037 769 2185 839 Στίχ.
2216 768 2316 841 λη’.
2360 771 2478 838 Τὴν·
2516 771 2834 842 ἐπιθυμίαν
2874 769 2992 842 τῶν
3030 768 3308 842 πενήτων
3332 767 3627 842 simiaequ

2106 837 2243 905 σας,
2270 837 2478 908 ’Κύριεο
2521 840 2597 911 τῇ
2636 837 2947 911 ἑτοιμασίᾳ
2983 838 3094 908 τῆς
3134 838 3384 907 καρδίας
3408 837 3607 892 αὐτῶν

2106 902 2375 979 πρόσεχέ
2393 911 2455 965 τὸ
2483 902 2592 977 οὗξ
2612 902 2770 966 σου.’
2918 902 2929 908 ⁷
3042 902 3084 908 μ
3206 902 3223 907 ⁷
3356 902 3372 904 “
3612 902 3622 975 Ι

2115 994 2448 1070 Ἐπεθύμουν
2490 1000 2598 1073 γὰρ
2643 1002 2991 1074 συντριϐῆναι
3034 1002 3128 1056 τοῦ
3156 998 3482 1073 ἀμαρτωλοῢ
3515 1000 3608 1055 τὸν

2038 1093 2316 1166 βραχίονα,
2346 1095 2440 1147 καὶ
2470 1096 2569 1165 τῆς
2597 1094 2759 1148 αὐτοῦ
2802 1094 3111 1166 τυραννίδος
3141 1091 3603 1164 ἐλευθερωθῆναιο

2035 1185 2063 1236 ὃ
2117 1183 2179 1256 δὴ
2221 1185 2314 1237 καὶ
2355 1184 2593 1253 γέγονεν.
2636 1184 2931 1255 Ἐπιθυμία
2984 1184 3041 1237 δὲ
3104 1184 3340 1247 διανοίας
3388 1185 3600 1255 ἀγαθῆς

2035 1275 2263 1346 ἐνεργής
2294 1277 2408 1327 ἐστι
2436 1276 2732 1346 προσευχὴ.
2767 1278 2868 1329 Ἢν
2910 1275 3030 1329 ἰδὼν
3078 1277 3106 1328 ὁ
3148 1275 3605 1348 καρδιογνώστης,

2032 1369 2364 1441 ἐπλήρωσεν.
2393 1370 2646 1442 Ἐτοίμην
2672 1371 2778 1442 γάρ
2801 1367 2942 1441 εἶχον
2976 1370 3109 1442 πρὸς
3137 1371 3198 1424 τὸ
3217 1372 3449 1440 σωθῆναι
3471 1388 3608 1443 καρ-

2031 1460 2167 1527 δίαν,
2191 1462 2285 1514 καὶ
2308 1462 2406 1532 τῆς
2428 1462 2842 1533 ἐπηγγελμένης
2870 1445 3141 1534 βασιλείας
3168 1467 3369 1534 τυχεῖν.

2643 1554 2785 1606 ΨΑΛ
2800 1595 2811 1607 .
2872 1554 2967 1606 II".

2032 1642 2192 1714 Στίχ.
2220 1643 2281 1714 β’.
2334 1643 2560 1714 ΚύριοςΔ
2595 1644 2663 1697 ἐκ
2708 1644 2837 1714 toi}
2869 1644 3134 1714 obparoii
3177 1642 3465 1712 διέκυψεν
3488 1642 3606 1714 ,ἐπι

436 1740 581 1806 rium,
614 1733 666 1775 ut
722 1720 915 1774 videret
949 1718 996 1769 si
1040 1709 1116 1769 est
1183 1713 1500 1782 intelligens,
1542 1710 1619 1763 vel
1664 1709 1930 1779 requirens

2106 1709 2615 1806 ἶουὲλυὶοίέςλτῶν
2641 1709 2999 1806 amerinum)?
3045 1713 3151 1769 τοῦ
3187 1714 3334 1768 ἰδεῖν
3357 1709 3439 1767 ἐί
3474 1713 3610 1769 ἔστι

435 1795 624 1849 Deum.

433 1887 780 1954 Quaecunque
821 1877 1175 1950 corporaliter
1218 1878 1285 1931 de
1335 1875 1653 1943 incorporeo
1695 1872 1805 1927 Deo
1833 1869 1938 1926 dici

363 1979 590 2049 possint,
610 1990 675 2030 eo
705 1975 862 2028 modo
890 1968 1240 2041 intelligenda
1271 1966 1506 2035 suntqui
1536 1965 1701 2018 Deum
1729 1962 1934 2017 deceat.

363 2065 536 2135 Puta,
569 2067 623 2123 in
664 2065 818 2121 cretis
847 2061 1050 2118 dicitur
1092 2058 1365 2121 habitare,
1397 2069 1494 2111 ceu
1545 2052 1747 2122 templo
1780 2061 1937 2105 utens

363 2161 561 2216 divinis
609 2156 971 2226 potestatibus
1017 2167 1137 2221 qua:
1183 2151 1237 2205 in
1274 2148 1417 2205 caelo
1465 2156 1613 2203 sunt.
1664 2145 1757 2201 Sic
1789 2143 1935 2199 enim

363 2262 629 2309 vocantur
664 2264 763 2321 per
807 2242 1334 2318 cognominationem
1378 2256 1443 2296 ex
1492 2238 1628 2295 locis
1656 2239 1706 2293 in
1741 2238 1937 2307 quibus

362 2355 510 2411 sunt,
567 2352 627 2399 ut
660 2352 716 2397 et
743 2340 1020 2404 homines,
1063 2336 1192 2391 dum
1229 2344 1374 2388 terra
1411 2332 1660 2387 audiunt.
1703 2328 1935 2385 Sicutin

362 2439 455 2494 illo
480 2454 494 2491 :
520 2436 705 2491 Omnis
736 2444 878 2488 terra
910 2431 1128 2484 adorent
1153 2441 1205 2482 te
1232 2427 1274 2481 ⁸.
1311 2425 1398 2489 Ει,
1432 2423 1616 2478 Omnis
1641 2432 1779 2477 terra
1820 2421 1935 2475 cla-

361 2536 470 2583 mat
488 2543 603 2580 cum
627 2523 864 2579 lwtitia'.
889 2519 1282 2587 lncoelisporro
1300 2513 1680 2569 habitatetiam
1704 2512 1826 2566 dum
1849 2519 1935 2567 est

356 2622 417 2675 in
447 2618 755 2675 hominibus
779 2614 870 2684 qui
896 2618 1109 2682 portant
1134 2608 1412 2677 imaginem
1435 2606 1651 2660 caelestis
1674 2604 1715 2659 ⁸.
1734 2604 1932 2660 Verum

370 2714 535 2768 etiam
580 2708 876 2766 creationis
924 2719 987 2759 ac
1032 2699 1389 2771 providentiae
1419 2698 1647 2763 ratione,
1688 2695 1743 2749 in
1784 2694 1933 2749 omni

373 2813 620 2862 creatura
647 2798 876 2857 exsistit.
914 2794 1067 2863 Quod
1112 2807 1181 2849 ex
1232 2788 1611 2861 pulcherrimis
1642 2787 1760 2841 istis
1798 2785 1934 2842 Iocis

368 2896 572 2967 liquido
599 2900 857 2964 apparet:
888 2887 1050 2942 Pater
1085 2893 1258 2939 noster
1310 2881 1400 2952 qui
1431 2897 1483 2935 es
1506 2880 1582 2950 in]
1601 2878 1803 2935 culis”.
1828 2879 1931 2931 Et:

362 2990 504 3044 Deus
530 2988 586 3040 in
603 2984 729 3038 cado
755 2997 915 3051 supra
935 2978 1003 3033 ‘°.
1039 2976 1176 3044 Quin
1202 2973 1365 3029 etiam
1398 2972 1581 3026 multis
1604 2971 1657 3025 in
1686 2970 1819 3025 locis
1848 2969 1932 3023 di-

362 3085 502 3138 vina:
550 3074 933 3136 institutionis,
959 3068 1083 3125 cceli
1119 3064 1527 3122 nomenclatura
1558 3062 1824 3132 signiﬁcat
1857 3060 1936 3116 in-

364 3173 723 3231 tellectualem
756 3164 1066 3225 essentiam,
1102 3161 1156 3215 in
1185 3172 1291 3228 qua
1328 3156 1564 3210 maxime
1591 3155 1758 3208 Deum
1779 3169 1930 3223 qure-

364 3282 486 3323 rere
513 3271 749 3336 oportet.
788 3258 987 3313 Caelum
1012 3252 1156 3307 enim
1184 3248 1297 3304 εικίὶ
1325 3246 1551 3302 Domino
1571 3244 1609 3276 “
1647 3262 1660 3298 :
1688 3244 1811 3298 inde
1836 3257 1931 3312 per

362 3352 910 3415 condescendentiam
954 3348 1177 3419 respicit
1228 3356 1323 3398 eos
1372 3342 1464 3410 qui
1512 3337 1750 3409 sequiori
1805 3346 1931 3391 sunt

364 3450 702 3512 conditione,
730 3444 795 3501 Ut
823 3444 996 3499 videat
1046 3441 1091 3495 si
1127 3438 1242 3509 quis
1275 3443 1351 3491 est
1384 3433 1635 3502 prudens,
1661 3428 1928 3498 requirens

366 3546 556 3597 Deum.
593 3539 814 3597 Scilicet
850 3546 908 3591 ut
941 3549 1063 3589 eum
1095 3530 1375 3587 inveniens
1405 3524 1721 3593 participem
1764 3521 1933 3576 faciat

365 3638 629 3691 bonorum
657 3645 897 3688 suorum.
931 3629 1000 3682 At
1035 3625 1178 3681 enim
1219 3619 1508 3690 contingit,
1534 3626 1593 3671 ut
1626 3616 1776 3669 vitiis
1807 3629 1928 3668 cum

366 3727 648 3797 impietate
677 3718 1046 3777 obtinentibus
1083 3715 1316 3776 dicatur,
1351 3707 1476 3763 Non
1520 3716 1595 3761 est
1626 3705 1929 3759 misericor-

362 3795 476 3885 dia,
506 3832 666 3887 neque
698 3814 905 3875 veritas,
942 3824 1104 3878 neque
1128 3805 1353 3876 cognitio
1382 3802 1478 3856 Dei
1513 3815 1669 3866 super
1696 3809 1835 3850 terra
1856 3795 1926 3859 ¹¹,

361 3922 418 3966 et
438 3926 558 3981 quae
583 3917 900 3976 sequuntur.
935 3903 1069 3958 Cum
1103 3898 1352 3954 homines
1380 3908 1551 3964 usque
1596 3890 1731 3945 adeo
1756 3888 1929 3944 vitiati

361 4010 567 4067 essent,
598 3996 867 4068 quomodo
898 4010 1002 4050 non
1034 3992 1352 4063 Oportebat,
1388 3997 1449 4041 ut
1489 3986 1664 4039 bonus
1695 3981 1929 4050 sospita-

362 4103 447 4149 tor
474 4090 828 4164 prospiceret,
859 4100 964 4157 quo
1003 4090 1322 4155 argumento
1348 4079 1528 4147 aliquo
1563 4073 1930 4144 intelligentiae

361 4189 599 4252 reperto,
630 4179 733 4233 hoc
768 4176 1154 4244 multiplicaret
1174 4180 1528 4241 augeretque,
1564 4179 1618 4221 et
1648 4165 1931 4233 requiren-

361 4273 507 4327 tibus
539 4285 599 4326 se
639 4267 988 4324 manifestum
1029 4261 1268 4320 faceret?
1309 4259 1622 4328 Manifestat
1647 4259 1787 4311 enim
1819 4270 1930 4309 sese

361 4366 447 4431 iis,
485 4364 575 4431 qui
604 4380 708 4417 non
731 4370 851 4416 sunt
879 4356 1141 4414 increduli
1164 4354 1266 4424 ipsi
1288 4352 1352 4409 ¹³.

359 4458 426 4513 ν.
464 4456 518 4510 5.
563 4454 754 4510 Omnes
782 4452 1166 4506 declinaverunt
1189 4464 1206 4501 :
1231 4461 1338 4499 una
1366 4442 1579 4496 inutiles
1602 4441 1769 4509 effecti
1786 4448 1927 4513 sunt.

432 4527 558 4581 Non
608 4534 683 4580 est
744 4524 941 4592 faciens
995 4520 1301 4581 bonitatem,
1367 4529 1473 4565 non
1521 4522 1595 4565 est
1640 4526 1801 4580 usque
1858 4510 1926 4560 ad

431 4614 612 4651 unum.

431 4687 773 4744 Vaticinatur
813 4683 1169 4738 mutationem
1210 4678 1450 4748 gentium
1477 4676 1531 4729 in
1561 4670 1928 4728 mansuetudi-

359 4793 484 4835 nem
517 4786 570 4832 et
594 4777 868 4847 pietatem.
921 4772 1125 4827 Idcirco
1180 4770 1345 4825 etiam
1405 4769 1725 4836 interrogat,
1758 4761 1925 4816 Num-

360 4884 487 4927 nam
517 4867 837 4923 adveniente
865 4863 1093 4918 Domino
1125 4860 1504 4930 temperabunt
1530 4873 1560 4910 a
1585 4856 1758 4910 ferina
1788 4854 1921 4915 vita,

360 4972 415 5021 et
449 4961 751 5030 cognitum
780 4958 888 5012 sint
931 4955 1252 5010 Deum?Ait
1287 4954 1431 5009 enim
1460 4964 1679 5021 quoque
1711 4948 1920 5003 Isaias:

362 5054 563 5121 Quibus
600 5067 705 5105 non
741 5049 916 5117 fuerat
963 5045 1259 5099 nuntiatum
1290 5047 1369 5104 de.
1398 5044 1517 5109 illo,
1549 5039 1795 5095 videbunt
1827 5051 1847 5089 :
1875 5046 1925 5091 et

357 5146 447 5216 qui
482 5161 586 5197 non
612 5141 916 5204 audierant,
946 5136 1238 5206 intelligent
1265 5134 1327 5187 ⁵⁸.

361 5230 648 5301 V.5,6.Ibi
686 5238 1004 5296 expaverunt
1054 5228 1261 5291 timore,
1293 5226 1391 5301 ubi
1443 5242 1546 5301 non
1585 5232 1699 5278 erat
1745 5220 1921 5274 timor.

536 5304 675 5367 Quia
701 5301 957 5355 Dominus
984 5301 1039 5353 in
1068 5296 1407 5368 generatione
1438 5296 1722 5361 iustorum.

426 5395 546 5452 Erit
578 5394 724 5450 enim
754 5392 1059 5461 aliquando,
1090 5392 1185 5457 ait,
1213 5400 1270 5446 ut
1297 5388 1537 5461 praedicti
1564 5388 1792 5442 timeant
1815 5384 1925 5440 Do-

353 5489 588 5551 minum,
638 5498 807 5558 penes
854 5499 991 5554 quos
1039 5497 1147 5539 non
1173 5492 1290 5537 erat
1310 5489 1467 5537 antea
1495 5480 1678 5535 timor.
1706 5477 1795 5531 Ibi
1829 5491 1927 5532 au-

425 5662 608 5719 oPsal.
645 5676 768 5727 va,
806 5663 859 5717 4.
956 5660 1115 5715 'Isai.
1152 5674 1262 5725 xw,
1292 5660 1349 5713 7.

356 5732 444 5789 16.
513 5732 729 5808 ,³³0866
754 5726 832 5802 tv,
864 5733 917 5791 1.
1003 5732 1045 5765 ³³
1073 5731 1203 5800 Sap.
1234 5748 1274 5800 ι,
1306 5732 1359 5783 2.
1412 5795 1430 5806 Δ
1469 5728 1511 5760 ¹¹⁶
1538 5727 1663 5783 lsai.
1701 5742 1797 5790 LII,
1830 5726 1919 5784 l5.

1437 5659 1501 5737 ‘_l
1534 5657 1657 5737 Dor.
1693 5671 1780 5719 xv,
1803 5656 1896 5737 ιρι.
1972 5657 1993 5687 ⁹
2021 5654 2212 5709 Matth.
2267 5670 2344 5737 vt,
2402 5654 2458 5708 9.

2109 1782 2356 1848 συνιὼν,
2391 1783 2428 1852 ἢ
2457 1782 2712 1851 ἐκζητῶν
2732 1785 2839 1837 τὸν
2878 1784 3046 1839 Θεόν.
3613 1798 3620 1854 τ

2114 1878 2253 1931 Ὅσα
2288 1876 2611 1947 σωματικῶς
2664 1878 2956 1948 ἀσωμάτου
2999 1878 3352 1948 τυγχάνοντος
3401 1878 3608 1948 λέγοιτο

2040 1970 2167 2041 περὶ
2208 1968 2302 2022 τοῦ
2351 1968 2506 2031 Θεοῦ,
2537 1967 2857 2041 θεοπρεπῶς
2906 1970 3220 2024 ἀκουστέον.
3254 1965 3397 2034 Οἴον,
3433 1973 3490 2024 ὲν
3517 1972 3609 2024 οὐ-

2041 2064 2222 2133 ρανοῖς
2274 2060 2486 2129 λέγεται
2528 2063 2823 2127 κατοικεῖν,
2882 2061 2958 2125 ὼς
3004 2061 3116 2133 ναῷ
3171 2060 3449 2134 χρώμενος
3486 2064 3608 2127 ταῖς

2037 2154 2207 2217 θείαις
2252 2153 2530 2223 δυνάμεσι,
2578 2156 2699 2216 ταῖς
2744 2153 2802 2205 ὲν
2848 2152 3077 2224 οὐρανῷ.
3143 2152 3445 2207 Καλοῦνται
3498 2153 3607 2222 γάρ

2035 2243 2339 2315 ὁμωνύμως
2376 2246 2488 2307 τοῖς
2513 2244 2569 2296 ὲν
2594 2238 2674 2305 οἷς
2705 2242 2809 2295 εἰσι
2837 2242 3050 2306 τόποις⁶
3092 2242 3167 2307 ὡς
3199 2244 3291 2297 καὶ
3334 2243 3610 2315 ἄνθρωποι

2034 2337 2103 2407 γῆ
2125 2334 2571 2408 χρηματίζοντες.
2606 2334 2692 2399 Ὡς
2714 2336 2770 2387 ὲν
2794 2335 2873 2405 τῷ
2892 2352 2905 2365 ·
2948 2334 3123 2389 Πᾶσα
3155 2336 3193 2404 ἡ
3234 2333 3308 2406 γῆ
3344 2349 3608 2405 προσκυο

2034 2426 2396 2495 νησάτωσάν
2434 2443 2531 2482 σοι
2548 2469 2562 2493 ,
2595 2428 2710 2480 καί·
2741 2425 2916 2482 Πᾶσα
2937 2428 2975 2496 ἡ
3005 2426 3082 2496 γῆ
3106 2425 3225 2494 βοᾷ
3242 2429 3368 2497 μετ’
3394 2429 3608 2496 εὐφρο-

2034 2521 2248 2587 σύνης.
2289 2520 2378 2572 Ἐν
2408 2520 2657 2589 οὐρανοῖς
2695 2518 2751 2571 δὲ
2798 2521 2935 2572 οίκέῖ
2957 2521 3051 2573 καὶ
3081 2521 3138 2571 ὲν
3171 2519 3478 2592 ἀνθρώποις
3510 2519 3607 2585 ὢν,

2032 2615 2144 2675 τοῖς
2175 2608 2429 2682 φοροῦσι
2479 2611 2592 2678 τὴν
2633 2613 2837 2667 εἰκόνα
2886 2611 2992 2666 τοῦ
3034 2612 3414 2680 ἐπουρανίου.
3449 2610 3610 2663 Ἀλλὰ

2033 2704 2127 2756 καὶ
2156 2702 2231 2766 ὡς
2260 2702 2619 2775 δημιουργίας
2668 2702 2811 2774 λόγῳ
2857 2702 2950 2755 καὶ
2994 2703 3248 2773 προνοίας
3280 2706 3339 2758 ὲν
3369 2704 3517 2776 πάσῃ
3538 2704 3607 2774 τῇ

2032 2794 2206 2848 κτίσει
2229 2796 2604 2867 τυγχάνοντος.
2648 2796 2743 2848 Ἐκ
2771 2794 2877 2848 τῶν
2906 2795 3205 2850 καλλίστων
3235 2796 3391 2849 τοῦτο
3416 2794 3607 2866 δηλοῦ-

2032 2902 2121 2938 ται
2159 2886 2365 2957 μερῶν·
2402 2886 2459 2939 ἐν
2482 2904 2540 2939 τε
2569 2884 2665 2956 τῷ,
2697 2884 2886 2955 Πάτερ
2910 2885 3077 2956 ἡμῶν
3110 2890 3143 2940 ό
3165 2888 3234 2939 ἐν
3259 2886 3380 2953 τοῖς
3423 2889 3602 2955 οὐρα-

2033 2979 2179 3045 νοῖς·
2214 2979 2327 3045 καὶ,
2361 2980 2505 3045 Θεὸς
2542 2980 2612 3033 ἐν
2639 2976 2719 3043 τῷ
2738 2977 2971 3046 οὐρανῷ
2996 2977 3137 3031 ἅνω.
3178 2977 3335 3031 Ἀλλά
3363 2980 3454 3031 καὶ
3481 2979 3609 3031 πολ-

2036 3068 2197 3141 λαχοῦ
2231 3072 2328 3141 τῆς
2349 3070 2499 3133 θείας
2535 3068 2869 3132 παιδεύσεως
2896 3071 2928 3141 ὴ
2958 3068 3051 3123 τοῦ
3075 3068 3301 3141 οὐρανοῦ
3336 3086 3610 3139 προσηγο-

2039 3162 2126 3232 ρία
2145 3162 2293 3233 δηλοῖ
2311 3161 2408 3233 τὴν
2431 3161 2623 3232 νοητὴν
2649 3160 2854 3223 οὐσίαν,
2877 3161 2931 3213 ὲν
3031 3160 3260 3231 μάλιστα
3285 3160 3414 3212 Θεὸν
3439 3177 3609 3231 προσ-

2033 3256 2154 3325 ήκει
2217 3253 2414 3326 ζητεῖν.
2486 3254 2538 3305 Ὁ
2599 3252 2853 3321 οὐρανὸς
2893 3252 3001 3323 γὰρ
3066 3251 3171 3305 τοῦ
3219 3249 3475 3319 οὐρανοῦ
3524 3249 3609 3315 τῷ

2034 3347 2246 3413 Κυρίῳ.
2290 3346 2382 3398 Ἐκ
2426 3345 2614 3399 τούτου
2656 3343 3005 3415 συμϐατικῶς
3040 3344 3329 3397 ἐπισκοπεῖ
3350 3344 3475 3406 τοὺς
3503 3342 3605 3413 τῆς

2033 3437 2422 3508 ὑποδεεστέρας
2448 3435 2849 3501 καταστάσεως,
2889 3436 2998 3489 Τοῦ
3041 3433 3205 3498 ἰδεῖν,
3239 3435 3295 3488 ετ
3343 3434 3433 3500 τίς
3470 3433 3606 3488 ἐστι

2032 3527 2309 3593 συνετὸς,
2334 3526 2592 3595 ἐκζητῶν
2637 3526 2744 3581 τὸν
2774 3529 2953 3580 Θεόν·
3012 3527 3087 3590 ὡς
3131 3525 3196 3580 ἂν
3229 3524 3402 3596 εὑρὼν
3448 3529 3603 3595 τύχοι

2031 3618 2138 3672 τῶν
2169 3621 2298 3689 παρ’
2347 3617 2509 3671 αὐτοῦ
2552 3618 2786 3688 δωρεῶν.
2838 3618 3048 3671 Γίνεται
3088 3619 3145 3671 δὲ
3176 3617 3355 3682 τοῦτο,
3405 3617 3607 3680 κακίας

2034 3715 2130 3767 σὺν
2182 3712 2407 3782 ἀσεϐείᾳ
2450 3710 2778 3781 κρατούσης,
2813 3710 2888 3772 ὡς
2929 3709 3217 3779 λεχθῆναι·
3271 3711 3391 3763 Οὐκ
3432 3708 3607 3762 ἐστιν

2032 3804 2227 3869 ἔλεος,
2251 3802 2393 3857 οὐδὲ
2445 3802 2718 3868 ἀλήθεια,
2759 3800 2902 3854 οὐδὲ
2945 3802 3269 3870 ἐπίγνωσις
3308 3802 3455 3855 Θεοῦ
3503 3800 3606 3855 ἐπὶ

2031 3895 2141 3965 τῆς
2170 3894 2299 3967 γῆς,
2329 3895 2423 3949 καὶ
2453 3894 2520 3948 τά
2550 3895 2641 3947 ἐπὶ
2666 3893 2895 3957 τούτοις.
2936 3893 3091 3946 Οὕτω
3146 3893 3253 3946 τῶν
3303 3892 3605 3963 ἀνθρώπων

2035 3986 2360 4057 βλαϐέντων,
2389 3982 2504 4047 πῶς
2530 3983 2629 4036 οὐκ
2657 3983 2764 4036 ἔδει
2790 3983 2879 4036 τὸν
2914 3982 3115 4051 ἀγαθὸν
3149 3981 3439 4051 ἐπιϐλέψαι
3480 3983 3598 4034 Σω-

2031 4080 2190 4150 τῆρα,
2222 4077 2297 4141 ὡς
2325 4077 2411 4143 ἂν,
2446 4076 2701 4147 ἀφορμήν
2732 4092 2853 4128 τινα
2879 4075 3143 4137 συνέσεως
3172 4072 3365 4145 εὑρὼν,
3400 4074 3604 4145 ταύτην

2032 4171 2300 4243 πληθύνῃ,
2348 4170 2579 4233 καὶτοῖς
2632 4167 2951 4239 ἐκζητοῦσιν
2981 4167 3324 4238 ὲμφανίσειεν
3369 4166 3599 4233 ἑαυτόν;

2046 4260 2447 4333 Ἐμφανιζεται
2488 4257 2598 4328 γὰρ
2640 4257 2763 4325 τοῖς
2782 4257 2867 4328 μὴ
2899 4256 3267 4311 ἀπιστοῦσιν
3309 4256 3489 4321 αὐτῷ.

2035 4444 2191 4513 Στίχ.
2236 4448 2308 4513 γ’.
2356 4438 2586 4513 Πάντες
2615 4435 2959 4513 ὲξέκλιναγ·
3004 4433 3124 4503 ἅμα
3164 4431 3597 4513 ἠχρειώθησειν.

2094 4497 2410 4637 ῥ(ἑῖίἑλίὲστι
2448 4497 2632 4563 ποιῶν
2667 4497 3080 4575 ’χρηστότητὼ
3128 4497 3448 4562 οὔὶῖἕστιν
3490 4497 3602 4566 ἓως

2116 4630 2119 4633 ‹
2198 4604 2249 4637 (ἰ

2116 4604 2249 4649 voc.

2105 4674 2440 4747 Προφητεύει
2476 4669 2775 4743 μεταϐολὴν
2808 4668 2916 4721 τῶν
2968 4667 3135 4721 ἐθνῶν
3166 4668 3244 4728 εἰς
3286 4665 3601 4737 ἡμερότητα

2035 4770 2127 4822 καὶ
2176 4766 2476 4821 εὐσέϐειαν.
2502 4763 2591 4815 Διὸ
2619 4762 2713 4816 καὶ
2761 4760 2960 4832 ἐρωτᾷ,
3005 4758 3116 4829 Μὴ,
3150 4755 3243 4810 τοῦ
3274 4757 3479 4827 Κυρίου
3508 4756 3599 4808 ὲλ-

2030 4858 2315 4925 θόντος,οὐ
2351 4851 2771 4908 παύσονταιτοῦ
2826 4848 3121 4921 θηριώδους
3166 4847 3299 4918 βίου,
3340 4846 3431 4899 καὶ
3482 4846 3601 4898 ὲπι-

2028 4950 2325 5019 γνώσονται
2356 4947 2446 5000 τὸν
2479 4944 2713 5015 Κύριον;
2738 4941 2894 5010 Αὲγει
2941 4939 3047 5010 γὰρ
3076 4940 3168 4991 καὶ
3210 4938 3434 4999 Ἡσαΐας
3453 4954 3467 4967 ⁸
3497 4933 3599 5004 Οἷς

2025 5045 2138 5098 οὐκ
2169 5039 2470 5109 ἀνηγγέλη
2514 5039 2645 5104 περὶ
2673 5031 2859 5088 αὐτοῦ
2907 5032 3176 5099 ὄψονται·
3209 5028 3266 5081 oi
3304 5030 3411 5082 οὐκ
3446 5028 3596 5095 ἀκη-

2029 5135 2205 5187 κόασι
2233 5128 2634 5196 συνήσουσιν.

2035 5217 2835 5294 Στίχ.ε’,ς’,Ἐκεῖεδειλίασαν
2857 5208 3124 5294 φόϐῳ,οὗ
3154 5213 3265 5294 οὐκ
3292 5208 3369 5277 ἦν
3391 5208 3597 5277 φόϐος·

2349 5290 2437 5342 ὅτι
2474 5288 2686 5355 Κύριος
2718 5287 2787 5340 ἐν·
2809 5282 2983 5355 γενεᾴ
3014 5282 3278 5335 δικαίων.

2106 5387 2296 5437 Ἔσται
2324 5382 2451 5452 γὰρ,
2496 5380 2680 5451 φησὶν,
2725 5379 2813 5431 ὅτε
2839 5380 2887 5429 οἱ
2929 5373 3327 5446 προρρηθέντες
3360 5368 3602 5442 φοϐηθή-

2037 5493 2217 5530 σονται
2265 5473 2489 5545 Κύριον,
2540 5472 2667 5542 παρ’
2721 5464 2801 5533 οἷς
2844 5468 2943 5521 οὐκ
2984 5462 3051 5536 ἦν
3108 5464 3361 5536 πρότεροκ
3414 5460 3598 5531 φόϐος.

2533 5650 2605 5723 ,³⁸
2631 5648 2796 5731 Deut.
2836 5662 2921 5729 tv,
2978 5644 3109 5709 39.,
3170 5644 3209 5676 “
3237 5640 3376 5701 PsaI.
3443 5654 3602 5707 cxnt,
