  <div class='ocr_page' id='page_1' title='image "/cluster/home/n/w/nwhite01/storage/ocr_20150623/17/nnc1.0046978615/062.png"; bbox 0 0 3878 6212; ppageno 0'>
   <div class='ocr_carea' id='block_1_1' title="bbox 320 232 418 288">
    <p class='ocr_par' dir='ltr' id='par_1_1' title="bbox 320 232 418 288">
     <span class='ocr_line' id='line_1_1' title="bbox 320 232 418 288; baseline 0.02 -2"><span class='ocrx_word' id='word_1_1' title='bbox 320 232 418 288; x_wconf 72' lang='grc'><strong>109</strong></span> 
     </span>
    </p>
   </div>
   <div class='ocr_carea' id='block_1_2' title="bbox 1486 236 2334 307">
    <p class='ocr_par' dir='ltr' id='par_1_2' title="bbox 1486 236 2334 307">
     <span class='ocr_line' id='line_1_2' title="bbox 1486 236 2334 307; baseline 0.004 -6"><span class='ocrx_word' id='word_1_2' title='bbox 1486 236 1849 307; x_wconf 79' lang='lat' dir='ltr'><strong>EXCERPTA</strong></span> <span class='ocrx_word' id='word_1_3' title='bbox 1886 249 1953 305; x_wconf 84' lang='lat' dir='ltr'><strong>IN</strong></span> <span class='ocrx_word' id='word_1_4' title='bbox 1992 246 2334 307; x_wconf 81' lang='lat' dir='ltr'><strong>PSALMOS.</strong></span> 
     </span>
    </p>
   </div>
   <div class='ocr_carea' id='block_1_3' title="bbox 3460 263 3566 322">
    <p class='ocr_par' dir='ltr' id='par_1_3' title="bbox 3460 263 3566 322">
     <span class='ocr_line' id='line_1_3' title="bbox 3460 263 3566 322; baseline 0.019 -2"><span class='ocrx_word' id='word_1_5' title='bbox 3460 263 3566 322; x_wconf 75' lang='grc' dir='ltr'>ΗΟ</span> 
     </span>
    </p>
   </div>
   <div class='ocr_carea' id='block_1_4' title="bbox 324 350 1845 450">
    <p class='ocr_par' dir='ltr' id='par_1_4' title="bbox 324 350 1845 439">
     <span class='ocr_line' id='line_1_4' title="bbox 324 350 1845 439; baseline 0.01 -31"><span class='ocrx_word' id='word_1_6' title='bbox 324 350 483 408; x_wconf 82' lang='grc' dir='ltr'><strong>Ἐ’κεῖ</strong></span> <span class='ocrx_word' id='word_1_7' title='bbox 498 351 556 407; x_wconf 75' lang='grc' dir='ltr'><strong>δέ</strong></span> <span class='ocrx_word' id='word_1_8' title='bbox 581 353 642 409; x_wconf 86' lang='grc' dir='ltr'><strong>ἐν</strong></span> <span class='ocrx_word' id='word_1_9' title='bbox 668 353 736 429; x_wconf 77' lang='grc' dir='ltr'>τῇ</span> <span class='ocrx_word' id='word_1_10' title='bbox 782 354 975 427; x_wconf 79' lang='grc' dir='ltr'>μελλού</span> <span class='ocrx_word' id='word_1_11' title='bbox 986 364 1053 432; x_wconf 61' lang='lat' dir='ltr'><strong>an</strong></span> <span class='ocrx_word' id='word_1_12' title='bbox 1074 358 1408 433; x_wconf 78' lang='grc' dir='ltr'><strong>’συστήσεται</strong></span> <span class='ocrx_word' id='word_1_13' title='bbox 1449 368 1633 438; x_wconf 82' lang='grc' dir='ltr'><strong>γενεᾷ,</strong></span> <span class='ocrx_word' id='word_1_14' title='bbox 1668 368 1796 439; x_wconf 88' lang='grc' dir='ltr'><strong>περί</strong></span> <span class='ocrx_word' id='word_1_15' title='bbox 1822 363 1845 423; x_wconf 71' lang='grc' dir='ltr'><strong>ιί</strong></span> 
     </span>
    </p>
   </div>
   <div class='ocr_carea' id='block_1_5' title="bbox 1960 350 3557 450">
    <p class='ocr_par' dir='ltr' id='par_1_5' title="bbox 1960 368 3557 450">
     <span class='ocr_line' id='line_1_5' title="bbox 1960 368 3557 450; baseline 0.012 -30"><span class='ocrx_word' id='word_1_16' title='bbox 1960 422 1962 430; x_wconf 54' lang='lat'><strong>,</strong></span> <span class='ocrx_word' id='word_1_17' title='bbox 1996 377 2126 432; x_wconf 90' lang='lat' dir='ltr'><strong>tem,</strong></span> <span class='ocrx_word' id='word_1_18' title='bbox 2161 368 2212 421; x_wconf 91' lang='lat' dir='ltr'><strong>in</strong></span> <span class='ocrx_word' id='word_1_19' title='bbox 2242 368 2418 422; x_wconf 84' lang='lat' dir='ltr'><strong>futura</strong></span> <span class='ocrx_word' id='word_1_20' title='bbox 2458 370 2720 427; x_wconf 74' lang='lat' dir='ltr'><strong>consistet</strong></span> <span class='ocrx_word' id='word_1_21' title='bbox 2759 374 3136 444; x_wconf 87' lang='lat' dir='ltr'><strong>generatione,</strong></span> <span class='ocrx_word' id='word_1_22' title='bbox 3168 377 3234 434; x_wconf 87' lang='lat' dir='ltr'><strong>de</strong></span> <span class='ocrx_word' id='word_1_23' title='bbox 3262 394 3367 450; x_wconf 85' lang='lat' dir='ltr'><strong>qua</strong></span> <span class='ocrx_word' id='word_1_24' title='bbox 3393 383 3557 438; x_wconf 87' lang='lat' dir='ltr'><strong>etiam</strong></span> 
     </span>
    </p>
   </div>
   <div class='ocr_carea' id='block_1_6' title="bbox 308 446 525 515">
    <p class='ocr_par' dir='ltr' id='par_1_6' title="bbox 308 446 525 515">
     <span class='ocr_line' id='line_1_6' title="bbox 308 446 525 515; baseline 0.005 -17"><span class='ocrx_word' id='word_1_25' title='bbox 308 454 309 457; x_wconf 69' lang='lat'>‘</span> <span class='ocrx_word' id='word_1_26' title='bbox 340 446 525 515; x_wconf 74' lang='grc' dir='ltr'>πάγει.</span> 
     </span>
    </p>
   </div>
   <div class='ocr_carea' id='block_1_7' title="bbox 937 538 1252 594">
    <p class='ocr_par' dir='ltr' id='par_1_7' title="bbox 937 538 1252 594">
     <span class='ocr_line' id='line_1_7' title="bbox 937 538 1252 594; baseline 0.013 -4"><span class='ocrx_word' id='word_1_27' title='bbox 937 538 1105 593; x_wconf 81' lang='grc' dir='ltr'>ΨΑΛ.</span> <span class='ocrx_word' id='word_1_28' title='bbox 1153 540 1252 594; x_wconf 83' lang='grc' dir='ltr'><strong>1Ε⁹.</strong></span> 
     </span>
    </p>
   </div>
   <div class='ocr_carea' id='block_1_8' title="bbox 545 623 1632 701">
    <p class='ocr_par' dir='ltr' id='par_1_8' title="bbox 545 623 1632 701">
     <span class='ocr_line' id='line_1_8' title="bbox 545 623 1632 701; baseline 0.005 -20"><span class='ocrx_word' id='word_1_29' title='bbox 545 623 696 699; x_wconf 73' lang='grc' dir='ltr'>Έτίχ.</span> <span class='ocrx_word' id='word_1_30' title='bbox 734 627 803 682; x_wconf 83' lang='grc' dir='ltr'>α’.</span> <span class='ocrx_word' id='word_1_31' title='bbox 838 632 1257 701; x_wconf 68' lang='grc' dir='ltr'>Στηλογραερία</span> <span class='ocrx_word' id='word_1_32' title='bbox 1286 631 1378 701; x_wconf 70' lang='grc' dir='ltr'><strong>ξτῷ</strong></span> <span class='ocrx_word' id='word_1_33' title='bbox 1430 634 1632 687; x_wconf 79' lang='grc' dir='ltr'>Δαϐίδ.</span> 
     </span>
    </p>
   </div>
   <div class='ocr_carea' id='block_1_9' title="bbox 380 719 1885 796">
    <p class='ocr_par' dir='ltr' id='par_1_9' title="bbox 380 719 1885 796">
     <span class='ocr_line' id='line_1_9' title="bbox 380 719 1885 796; baseline 0.005 -23"><span class='ocrx_word' id='word_1_34' title='bbox 380 719 490 780; x_wconf 56' lang='lat' dir='ltr'><strong>fat”)</strong></span> <span class='ocrx_word' id='word_1_35' title='bbox 512 721 689 775; x_wconf 79' lang='grc' dir='ltr'>Δαϐὶδ</span> <span class='ocrx_word' id='word_1_36' title='bbox 708 722 1028 794; x_wconf 76' lang='grc' dir='ltr'>ἐπέγραψαν</span> <span class='ocrx_word' id='word_1_37' title='bbox 1049 724 1098 777; x_wconf 86' lang='grc' dir='ltr'><strong>οἰ</strong></span> <span class='ocrx_word' id='word_1_38' title='bbox 1123 724 1297 777; x_wconf 80' lang='grc' dir='ltr'>λοιποί</span> <span class='ocrx_word' id='word_1_39' title='bbox 1318 742 1330 754; x_wconf 79' lang='grc'><em>’</em></span> <span class='ocrx_word' id='word_1_40' title='bbox 1351 729 1801 796; x_wconf 72' lang='grc' dir='ltr'>στηλογραερίαν</span> <span class='ocrx_word' id='word_1_41' title='bbox 1829 728 1885 781; x_wconf 86' lang='grc' dir='ltr'><strong>δὲ</strong></span> 
     </span>
    </p>
   </div>
   <div class='ocr_carea' id='block_1_10' title="bbox 294 817 1882 895">
    <p class='ocr_par' dir='ltr' id='par_1_10' title="bbox 294 817 1882 895">
     <span class='ocr_line' id='line_1_10' title="bbox 294 817 1882 895; baseline 0.006 -27"><span class='ocrx_word' id='word_1_42' title='bbox 294 817 501 887; x_wconf 68' lang='grc' dir='ltr'>ὁμοίως</span> <span class='ocrx_word' id='word_1_43' title='bbox 530 818 821 883; x_wconf 79' lang='grc' dir='ltr'><strong>ἐξέδωκαν,</strong></span> <span class='ocrx_word' id='word_1_44' title='bbox 852 820 930 891; x_wconf 82' lang='grc' dir='ltr'>τῷ</span> <span class='ocrx_word' id='word_1_45' title='bbox 971 822 1243 893; x_wconf 78' lang='grc' dir='ltr'>περιέχειν</span> <span class='ocrx_word' id='word_1_46' title='bbox 1285 823 1623 895; x_wconf 73' lang='grc' dir='ltr'>προφητείαν</span> <span class='ocrx_word' id='word_1_47' title='bbox 1661 826 1882 879; x_wconf 77' lang='grc' dir='ltr'>αἰωνίου</span> 
     </span>
    </p>
   </div>
   <div class='ocr_carea' id='block_1_11' title="bbox 297 912 1883 987">
    <p class='ocr_par' dir='ltr' id='par_1_11' title="bbox 297 912 1883 987">
     <span class='ocr_line' id='line_1_11' title="bbox 297 912 1883 987; baseline -0.008 -4"><span class='ocrx_word' id='word_1_48' title='bbox 297 912 523 981; x_wconf 70' lang='grc' dir='ltr'>μνήμης</span> <span class='ocrx_word' id='word_1_49' title='bbox 559 912 737 976; x_wconf 73' lang='grc' dir='ltr'>ἀξίαν·</span> <span class='ocrx_word' id='word_1_50' title='bbox 775 913 984 982; x_wconf 80' lang='grc' dir='ltr'>Ὥσπερ</span> <span class='ocrx_word' id='word_1_51' title='bbox 1019 914 1126 985; x_wconf 80' lang='grc' dir='ltr'><strong>γὰρ</strong></span> <span class='ocrx_word' id='word_1_52' title='bbox 1160 916 1208 967; x_wconf 73' lang='grc' dir='ltr'><strong>οἱ</strong></span> <span class='ocrx_word' id='word_1_53' title='bbox 1259 916 1503 986; x_wconf 79' lang='grc' dir='ltr'>μέγιστοι</span> <span class='ocrx_word' id='word_1_54' title='bbox 1538 916 1645 969; x_wconf 85' lang='grc' dir='ltr'><strong>τῶν</strong></span> <span class='ocrx_word' id='word_1_55' title='bbox 1681 920 1883 987; x_wconf 87' lang='grc' dir='ltr'>ἀγωνι-</span> 
     </span>
    </p>
   </div>
   <div class='ocr_carea' id='block_1_12' title="bbox 290 1001 1882 1076">
    <p class='ocr_par' dir='ltr' id='par_1_12' title="bbox 290 1001 1882 1076">
     <span class='ocr_line' id='line_1_12' title="bbox 290 1001 1882 1076; baseline 0.006 -23"><span class='ocrx_word' id='word_1_56' title='bbox 290 1001 537 1070; x_wconf 82' lang='grc' dir='ltr'>ζομένων</span> <span class='ocrx_word' id='word_1_57' title='bbox 568 1003 625 1055; x_wconf 88' lang='grc' dir='ltr'><strong>ἐν</strong></span> <span class='ocrx_word' id='word_1_58' title='bbox 657 1003 887 1068; x_wconf 81' lang='grc' dir='ltr'>σταδίοις</span> <span class='ocrx_word' id='word_1_59' title='bbox 918 1004 1147 1076; x_wconf 80' lang='grc' dir='ltr'><strong>ἀθληταί⁸</strong></span> <span class='ocrx_word' id='word_1_60' title='bbox 1192 1005 1428 1073; x_wconf 76' lang='grc' dir='ltr'>στήλης</span> <span class='ocrx_word' id='word_1_61' title='bbox 1450 1006 1743 1073; x_wconf 80' lang='grc' dir='ltr'>ἀξιοῦνται,</span> <span class='ocrx_word' id='word_1_62' title='bbox 1788 1009 1882 1062; x_wconf 78' lang='grc' dir='ltr'>καὶ</span> 
     </span>
    </p>
   </div>
   <div class='ocr_carea' id='block_1_13' title="bbox 288 1095 1880 1171">
    <p class='ocr_par' dir='ltr' id='par_1_13' title="bbox 288 1095 1880 1171">
     <span class='ocr_line' id='line_1_13' title="bbox 288 1095 1880 1171; baseline 0.004 -24"><span class='ocrx_word' id='word_1_63' title='bbox 288 1095 403 1148; x_wconf 84' lang='grc' dir='ltr'>τῶν</span> <span class='ocrx_word' id='word_1_64' title='bbox 435 1096 493 1148; x_wconf 90' lang='grc' dir='ltr'><strong>ἐν</strong></span> <span class='ocrx_word' id='word_1_65' title='bbox 521 1095 777 1167; x_wconf 79' lang='grc' dir='ltr'><strong>πολέμοις</strong></span> <span class='ocrx_word' id='word_1_66' title='bbox 810 1098 1254 1170; x_wconf 79' lang='grc' dir='ltr'>κατωρθωμένων</span> <span class='ocrx_word' id='word_1_67' title='bbox 1279 1101 1358 1162; x_wconf 89' lang='grc' dir='ltr'><strong>εἰς</strong></span> <span class='ocrx_word' id='word_1_68' title='bbox 1385 1099 1485 1170; x_wconf 80' lang='grc' dir='ltr'><strong>τὴν</strong></span> <span class='ocrx_word' id='word_1_69' title='bbox 1533 1101 1672 1171; x_wconf 81' lang='grc' dir='ltr'>μετὰ</span> <span class='ocrx_word' id='word_1_70' title='bbox 1707 1100 1880 1155; x_wconf 85' lang='grc' dir='ltr'>ταῦτα</span> 
     </span>
    </p>
   </div>
   <div class='ocr_carea' id='block_1_14' title="bbox 290 1187 1877 1265">
    <p class='ocr_par' dir='ltr' id='par_1_14' title="bbox 290 1187 1877 1265">
     <span class='ocr_line' id='line_1_14' title="bbox 290 1187 1877 1265; baseline 0.005 -26"><span class='ocrx_word' id='word_1_71' title='bbox 290 1187 519 1257; x_wconf 89' lang='grc' dir='ltr'>μνήμην</span> <span class='ocrx_word' id='word_1_72' title='bbox 548 1188 763 1242; x_wconf 77' lang='grc' dir='ltr'>ἵσταται</span> <span class='ocrx_word' id='word_1_73' title='bbox 787 1189 1047 1261; x_wconf 83' lang='grc' dir='ltr'>τρόπαια·</span> <span class='ocrx_word' id='word_1_74' title='bbox 1076 1190 1217 1245; x_wconf 79' lang='grc' dir='ltr'>οὕτω</span> <span class='ocrx_word' id='word_1_75' title='bbox 1237 1191 1298 1245; x_wconf 85' lang='grc' dir='ltr'><strong>τὸ</strong></span> <span class='ocrx_word' id='word_1_76' title='bbox 1324 1193 1466 1263; x_wconf 84' lang='grc' dir='ltr'>μέγα</span> <span class='ocrx_word' id='word_1_77' title='bbox 1498 1195 1759 1265; x_wconf 70' lang='grc' dir='ltr'>τρόπαιον</span> <span class='ocrx_word' id='word_1_78' title='bbox 1783 1193 1877 1249; x_wconf 90' lang='grc' dir='ltr'><strong>τοῦ</strong></span> 
     </span>
    </p>
   </div>
   <div class='ocr_carea' id='block_1_15' title="bbox 284 1277 1877 1358">
    <p class='ocr_par' dir='ltr' id='par_1_15' title="bbox 284 1277 1877 1358">
     <span class='ocr_line' id='line_1_15' title="bbox 284 1277 1877 1358; baseline 0.006 -28"><span class='ocrx_word' id='word_1_79' title='bbox 284 1277 565 1348; x_wconf 82' lang='grc' dir='ltr'>Σωτῆρος,</span> <span class='ocrx_word' id='word_1_80' title='bbox 602 1277 740 1351; x_wconf 80' lang='grc' dir='ltr'>ὅπερ</span> <span class='ocrx_word' id='word_1_81' title='bbox 758 1282 944 1353; x_wconf 73' lang='grc' dir='ltr'>ἤγειρε</span> <span class='ocrx_word' id='word_1_82' title='bbox 974 1282 1215 1337; x_wconf 88' lang='grc' dir='ltr'>καθελὼν</span> <span class='ocrx_word' id='word_1_83' title='bbox 1248 1282 1340 1337; x_wconf 83' lang='grc' dir='ltr'>τὸν</span> <span class='ocrx_word' id='word_1_84' title='bbox 1366 1284 1428 1337; x_wconf 86' lang='grc' dir='ltr'><strong>τὸ</strong></span> <span class='ocrx_word' id='word_1_85' title='bbox 1458 1286 1656 1356; x_wconf 87' lang='grc' dir='ltr'>κράτος</span> <span class='ocrx_word' id='word_1_86' title='bbox 1688 1285 1877 1358; x_wconf 78' lang='grc' dir='ltr'>ἔχοντα</span> 
     </span>
    </p>
   </div>
   <div class='ocr_carea' id='block_1_16' title="bbox 282 1363 1877 1445">
    <p class='ocr_par' dir='ltr' id='par_1_16' title="bbox 282 1363 1877 1445">
     <span class='ocr_line' id='line_1_16' title="bbox 282 1363 1877 1445; baseline 0.017 -27"><span class='ocrx_word' id='word_1_87' title='bbox 282 1363 385 1420; x_wconf 85' lang='grc' dir='ltr'><strong>τοῦ</strong></span> <span class='ocrx_word' id='word_1_88' title='bbox 421 1368 676 1433; x_wconf 84' lang='grc' dir='ltr'>θανάτου,</span> <span class='ocrx_word' id='word_1_89' title='bbox 724 1371 764 1422; x_wconf 89' lang='grc' dir='ltr'><strong>Γ</strong></span> <span class='ocrx_word' id='word_1_90' title='bbox 772 1372 968 1442; x_wconf 80' lang='grc' dir='ltr'>ραφαῖς</span> <span class='ocrx_word' id='word_1_91' title='bbox 999 1371 1206 1425; x_wconf 77' lang='grc' dir='ltr'>ἄνωθεν</span> <span class='ocrx_word' id='word_1_92' title='bbox 1235 1372 1627 1441; x_wconf 79' lang='grc' dir='ltr'>ἐστηλιτεύθη</span> <span class='ocrx_word' id='word_1_93' title='bbox 1664 1391 1877 1445; x_wconf 81' lang='grc' dir='ltr'>προφη-</span> 
     </span>
    </p>
   </div>
   <div class='ocr_carea' id='block_1_17' title="bbox 281 1460 1870 1535">
    <p class='ocr_par' dir='ltr' id='par_1_17' title="bbox 281 1460 1870 1535">
     <span class='ocr_line' id='line_1_17' title="bbox 281 1460 1870 1535; baseline 0.004 -25"><span class='ocrx_word' id='word_1_94' title='bbox 281 1462 489 1523; x_wconf 86' lang='grc' dir='ltr'>τικαῖς.</span> <span class='ocrx_word' id='word_1_95' title='bbox 532 1460 622 1512; x_wconf 79' lang='grc' dir='ltr'><strong>Διὸ</strong></span> <span class='ocrx_word' id='word_1_96' title='bbox 652 1461 749 1514; x_wconf 77' lang='grc' dir='ltr'><strong>καὶ</strong></span> <span class='ocrx_word' id='word_1_97' title='bbox 793 1461 1015 1532; x_wconf 87' lang='grc' dir='ltr'>Πέτρος,</span> <span class='ocrx_word' id='word_1_98' title='bbox 1036 1461 1142 1515; x_wconf 82' lang='grc' dir='ltr'><strong>τῶν</strong></span> <span class='ocrx_word' id='word_1_99' title='bbox 1175 1463 1231 1515; x_wconf 89' lang='grc' dir='ltr'><strong>ἐν</strong></span> <span class='ocrx_word' id='word_1_100' title='bbox 1272 1462 1423 1532; x_wconf 78' lang='grc' dir='ltr'>αὐτῷ</span> <span class='ocrx_word' id='word_1_101' title='bbox 1468 1462 1870 1535; x_wconf 81' lang='grc' dir='ltr'>μνημονεύσας,</span> 
     </span>
    </p>
   </div>
   <div class='ocr_carea' id='block_1_18' title="bbox 280 1552 1872 1627">
    <p class='ocr_par' dir='ltr' id='par_1_18' title="bbox 280 1552 1872 1627">
     <span class='ocr_line' id='line_1_18' title="bbox 280 1552 1872 1627; baseline 0.004 -24"><span class='ocrx_word' id='word_1_102' title='bbox 280 1552 569 1622; x_wconf 76' lang='grc' dir='ltr'>ἐπήγαγεν</span> <span class='ocrx_word' id='word_1_103' title='bbox 596 1569 608 1581; x_wconf 90' lang='grc'><strong>·</strong></span> <span class='ocrx_word' id='word_1_104' title='bbox 641 1571 663 1604; x_wconf 86' lang='grc'><strong>‹</strong></span> <span class='ocrx_word' id='word_1_105' title='bbox 702 1552 923 1625; x_wconf 74' lang='grc' dir='ltr'>’Ἄνδρες</span> <span class='ocrx_word' id='word_1_106' title='bbox 949 1553 1187 1623; x_wconf 75' lang='grc' dir='ltr'>ἀδελφοὶ,</span> <span class='ocrx_word' id='word_1_107' title='bbox 1214 1553 1332 1618; x_wconf 80' lang='grc' dir='ltr'>ἐξὸν</span> <span class='ocrx_word' id='word_1_108' title='bbox 1360 1555 1530 1609; x_wconf 86' lang='grc' dir='ltr'>εἰπεῖν</span> <span class='ocrx_word' id='word_1_109' title='bbox 1563 1555 1701 1626; x_wconf 83' lang='grc' dir='ltr'>μετὰ</span> <span class='ocrx_word' id='word_1_110' title='bbox 1732 1558 1872 1627; x_wconf 78' lang='grc' dir='ltr'>παῤ-</span> 
     </span>
    </p>
   </div>
   <div class='ocr_carea' id='block_1_19' title="bbox 1990 460 2467 529">
    <p class='ocr_par' dir='ltr' id='par_1_19' title="bbox 1990 460 2467 529">
     <span class='ocr_line' id='line_1_19' title="bbox 1990 460 2467 529; baseline 0.002 -15"><span class='ocrx_word' id='word_1_111' title='bbox 1990 467 2179 529; x_wconf 84' lang='lat' dir='ltr'><strong>postea</strong></span> <span class='ocrx_word' id='word_1_112' title='bbox 2204 460 2467 528; x_wconf 87' lang='lat' dir='ltr'><strong>loquitur.</strong></span> 
     </span>
    </p>
   </div>
   <div class='ocr_carea' id='block_1_20' title="bbox 2587 555 2945 614">
    <p class='ocr_par' dir='ltr' id='par_1_20' title="bbox 2587 555 2945 614">
     <span class='ocr_line' id='line_1_20' title="bbox 2587 555 2945 614; baseline 0.014 -5"><span class='ocrx_word' id='word_1_113' title='bbox 2587 555 2780 611; x_wconf 78' lang='lat' dir='ltr'><strong>PSAL.</strong></span> <span class='ocrx_word' id='word_1_114' title='bbox 2826 557 2945 614; x_wconf 78' lang='lat' dir='ltr'><strong>XV.</strong></span> 
     </span>
    </p>
   </div>
   <div class='ocr_carea' id='block_1_21' title="bbox 2370 642 3179 718">
    <p class='ocr_par' dir='ltr' id='par_1_21' title="bbox 2370 642 3179 718">
     <span class='ocr_line' id='line_1_21' title="bbox 2370 642 3179 718; baseline 0.009 -22"><span class='ocrx_word' id='word_1_115' title='bbox 2370 642 2430 696; x_wconf 83' lang='lat' dir='ltr'><strong>V.</strong></span> <span class='ocrx_word' id='word_1_116' title='bbox 2480 645 2527 700; x_wconf 74' lang='grc' dir='ltr'><strong>ἰ.</strong></span> <span class='ocrx_word' id='word_1_117' title='bbox 2572 644 2945 718; x_wconf 79' lang='lat' dir='ltr'><strong>Stelographia</strong></span> <span class='ocrx_word' id='word_1_118' title='bbox 2970 650 3179 705; x_wconf 85' lang='lat' dir='ltr'><strong>Dnvidi.</strong></span> 
     </span>
    </p>
   </div>
   <div class='ocr_carea' id='block_1_22' title="bbox 2059 734 3556 808">
    <p class='ocr_par' dir='ltr' id='par_1_22' title="bbox 2059 734 3556 808">
     <span class='ocr_line' id='line_1_22' title="bbox 2059 734 3556 808; baseline 0.009 -20"><span class='ocrx_word' id='word_1_119' title='bbox 2059 734 2273 807; x_wconf 80' lang='lat' dir='ltr'><strong>Reliqui</strong></span> <span class='ocrx_word' id='word_1_120' title='bbox 2305 736 2700 808; x_wconf 75' lang='lat' dir='ltr'><strong>inscripserunt</strong></span> <span class='ocrx_word' id='word_1_121' title='bbox 2728 742 2970 808; x_wconf 79' lang='lat' dir='ltr'><strong>Davidis,</strong></span> <span class='ocrx_word' id='word_1_122' title='bbox 2998 743 3185 798; x_wconf 90' lang='lat' dir='ltr'><strong>itidem</strong></span> <span class='ocrx_word' id='word_1_123' title='bbox 3212 760 3339 800; x_wconf 89' lang='lat' dir='ltr'><strong>vero</strong></span> <span class='ocrx_word' id='word_1_124' title='bbox 3372 754 3556 802; x_wconf 50' lang='lat' dir='ltr'><strong>trans.</strong></span> 
     </span>
    </p>
   </div>
   <div class='ocr_carea' id='block_1_23' title="bbox 1989 828 3558 906">
    <p class='ocr_par' dir='ltr' id='par_1_23' title="bbox 1989 828 3558 906">
     <span class='ocr_line' id='line_1_23' title="bbox 1989 828 3558 906; baseline 0.01 -28"><span class='ocrx_word' id='word_1_125' title='bbox 1989 828 2227 884; x_wconf 86' lang='lat' dir='ltr'><strong>tulerunt</strong></span> <span class='ocrx_word' id='word_1_126' title='bbox 2262 830 2671 900; x_wconf 82' lang='lat' dir='ltr'><strong>stelographiam</strong></span> <span class='ocrx_word' id='word_1_127' title='bbox 2692 872 2705 896; x_wconf 91' lang='lat'><strong>,</strong></span> <span class='ocrx_word' id='word_1_128' title='bbox 2738 848 2803 888; x_wconf 89' lang='lat' dir='ltr'><strong>eo</strong></span> <span class='ocrx_word' id='word_1_129' title='bbox 2840 836 2981 903; x_wconf 88' lang='lat' dir='ltr'><strong>quod</strong></span> <span class='ocrx_word' id='word_1_130' title='bbox 3013 837 3293 891; x_wconf 83' lang='lat' dir='ltr'><strong>contineat</strong></span> <span class='ocrx_word' id='word_1_131' title='bbox 3322 840 3558 906; x_wconf 86' lang='lat' dir='ltr'><strong>prophe-</strong></span> 
     </span>
    </p>
   </div>
   <div class='ocr_carea' id='block_1_24' title="bbox 1986 921 3555 994">
    <p class='ocr_par' dir='ltr' id='par_1_24' title="bbox 1986 921 3555 994">
     <span class='ocr_line' id='line_1_24' title="bbox 1986 921 3555 994; baseline 0.008 -21"><span class='ocrx_word' id='word_1_132' title='bbox 1986 921 2112 973; x_wconf 84' lang='lat' dir='ltr'><strong>tiam</strong></span> <span class='ocrx_word' id='word_1_133' title='bbox 2134 930 2336 975; x_wconf 68' lang='lat' dir='ltr'><strong>teterna</strong></span> <span class='ocrx_word' id='word_1_134' title='bbox 2362 923 2621 977; x_wconf 84' lang='lat' dir='ltr'><strong>memoria</strong></span> <span class='ocrx_word' id='word_1_135' title='bbox 2652 924 2889 993; x_wconf 80' lang='lat' dir='ltr'><strong>dignam.</strong></span> <span class='ocrx_word' id='word_1_136' title='bbox 2916 926 3380 994; x_wconf 79' lang='lat' dir='ltr'><strong>Quemadmodum</strong></span> <span class='ocrx_word' id='word_1_137' title='bbox 3407 930 3555 987; x_wconf 85' lang='lat' dir='ltr'><strong>enim</strong></span> 
     </span>
    </p>
   </div>
   <div class='ocr_carea' id='block_1_25' title="bbox 1981 1012 3555 1089">
    <p class='ocr_par' dir='ltr' id='par_1_25' title="bbox 1981 1012 3555 1089">
     <span class='ocr_line' id='line_1_25' title="bbox 1981 1012 3555 1089; baseline 0.006 -25"><span class='ocrx_word' id='word_1_138' title='bbox 1981 1012 2177 1065; x_wconf 88' lang='lat' dir='ltr'><strong>smnmi</strong></span> <span class='ocrx_word' id='word_1_139' title='bbox 2238 1012 2330 1083; x_wconf 85' lang='lat' dir='ltr'><strong>qui</strong></span> <span class='ocrx_word' id='word_1_140' title='bbox 2382 1013 2433 1067; x_wconf 95' lang='lat' dir='ltr'><strong>in</strong></span> <span class='ocrx_word' id='word_1_141' title='bbox 2476 1012 2669 1068; x_wconf 81' lang='lat' dir='ltr'><strong>stadiis</strong></span> <span class='ocrx_word' id='word_1_142' title='bbox 2709 1024 3064 1072; x_wconf 86' lang='lat' dir='ltr'><strong>certaverunt</strong></span> <span class='ocrx_word' id='word_1_143' title='bbox 3118 1017 3359 1082; x_wconf 68' lang='lat' dir='ltr'><strong>athletae,</strong></span> <span class='ocrx_word' id='word_1_144' title='bbox 3404 1019 3555 1089; x_wconf 77' lang='lat' dir='ltr'><strong>stelc,</strong></span> 
     </span>
    </p>
   </div>
   <div class='ocr_carea' id='block_1_26' title="bbox 1981 1103 3553 1179">
    <p class='ocr_par' dir='ltr' id='par_1_26' title="bbox 1981 1103 3553 1179">
     <span class='ocr_line' id='line_1_26' title="bbox 1981 1103 3553 1179; baseline 0.008 -24"><span class='ocrx_word' id='word_1_145' title='bbox 1981 1116 2074 1155; x_wconf 84' lang='lat' dir='ltr'><strong>seu</strong></span> <span class='ocrx_word' id='word_1_146' title='bbox 2109 1103 2359 1158; x_wconf 88' lang='lat' dir='ltr'><strong>columna</strong></span> <span class='ocrx_word' id='word_1_147' title='bbox 2390 1104 2707 1174; x_wconf 71' lang='lat' dir='ltr'><strong>dignantur,</strong></span> <span class='ocrx_word' id='word_1_148' title='bbox 2736 1117 2795 1161; x_wconf 90' lang='lat' dir='ltr'><strong>et</strong></span> <span class='ocrx_word' id='word_1_149' title='bbox 2825 1122 3013 1162; x_wconf 90' lang='lat' dir='ltr'><strong>eorum</strong></span> <span class='ocrx_word' id='word_1_150' title='bbox 3042 1109 3135 1179; x_wconf 90' lang='lat' dir='ltr'><strong>qui</strong></span> <span class='ocrx_word' id='word_1_151' title='bbox 3168 1110 3219 1164; x_wconf 93' lang='lat' dir='ltr'><strong>in</strong></span> <span class='ocrx_word' id='word_1_152' title='bbox 3256 1110 3407 1165; x_wconf 85' lang='lat' dir='ltr'><strong>bellis</strong></span> <span class='ocrx_word' id='word_1_153' title='bbox 3440 1111 3553 1167; x_wconf 88' lang='lat' dir='ltr'><strong>for-</strong></span> 
     </span>
    </p>
   </div>
   <div class='ocr_carea' id='block_1_27' title="bbox 1984 1195 3550 1268">
    <p class='ocr_par' dir='ltr' id='par_1_27' title="bbox 1984 1195 3550 1268">
     <span class='ocr_line' id='line_1_27' title="bbox 1984 1195 3550 1268; baseline 0.008 -22"><span class='ocrx_word' id='word_1_154' title='bbox 1984 1196 2107 1248; x_wconf 78' lang='lat' dir='ltr'><strong>titer</strong></span> <span class='ocrx_word' id='word_1_155' title='bbox 2148 1195 2484 1266; x_wconf 77' lang='lat' dir='ltr'><strong>feliciterque</strong></span> <span class='ocrx_word' id='word_1_156' title='bbox 2538 1210 2941 1268; x_wconf 80' lang='lat' dir='ltr'><strong>pugnaverunt,</strong></span> <span class='ocrx_word' id='word_1_157' title='bbox 2989 1201 3055 1256; x_wconf 92' lang='lat' dir='ltr'><strong>ad</strong></span> <span class='ocrx_word' id='word_1_158' title='bbox 3105 1204 3183 1257; x_wconf 86' lang='lat' dir='ltr'><strong>rei</strong></span> <span class='ocrx_word' id='word_1_159' title='bbox 3233 1204 3550 1259; x_wconf 85' lang='lat' dir='ltr'><strong>memoriam</strong></span> 
     </span>
    </p>
   </div>
   <div class='ocr_carea' id='block_1_28' title="bbox 1981 1286 3553 1360">
    <p class='ocr_par' dir='ltr' id='par_1_28' title="bbox 1981 1286 3553 1360">
     <span class='ocr_line' id='line_1_28' title="bbox 1981 1286 3553 1360; baseline 0.008 -23"><span class='ocrx_word' id='word_1_160' title='bbox 1981 1294 2183 1354; x_wconf 65' lang='lat' dir='ltr'><strong>tropaea</strong></span> <span class='ocrx_word' id='word_1_161' title='bbox 2216 1286 2533 1357; x_wconf 85' lang='lat' dir='ltr'><strong>eriguntur:</strong></span> <span class='ocrx_word' id='word_1_162' title='bbox 2562 1289 2702 1344; x_wconf 89' lang='lat' dir='ltr'><strong>haud</strong></span> <span class='ocrx_word' id='word_1_163' title='bbox 2744 1290 2909 1344; x_wconf 86' lang='lat' dir='ltr'><strong>aliter</strong></span> <span class='ocrx_word' id='word_1_164' title='bbox 2954 1306 3208 1360; x_wconf 90' lang='lat' dir='ltr'><strong>magnum</strong></span> <span class='ocrx_word' id='word_1_165' title='bbox 3250 1292 3553 1349; x_wconf 81' lang='lat' dir='ltr'><strong>Salvatoris</strong></span> 
     </span>
    </p>
   </div>
   <div class='ocr_carea' id='block_1_29' title="bbox 1979 1379 3548 1453">
    <p class='ocr_par' dir='ltr' id='par_1_29' title="bbox 1979 1379 3548 1453">
     <span class='ocr_line' id='line_1_29' title="bbox 1979 1379 3548 1453; baseline 0.006 -23"><span class='ocrx_word' id='word_1_166' title='bbox 1979 1387 2263 1446; x_wconf 80' lang='lat' dir='ltr'><strong>tropaeum,</strong></span> <span class='ocrx_word' id='word_1_167' title='bbox 2306 1380 2452 1447; x_wconf 92' lang='lat' dir='ltr'><strong>quod</strong></span> <span class='ocrx_word' id='word_1_168' title='bbox 2484 1381 2681 1444; x_wconf 85' lang='lat' dir='ltr'><strong>erexit,</strong></span> <span class='ocrx_word' id='word_1_169' title='bbox 2715 1379 3004 1451; x_wconf 84' lang='lat' dir='ltr'><strong>proﬂigato</strong></span> <span class='ocrx_word' id='word_1_170' title='bbox 3036 1397 3101 1437; x_wconf 82' lang='lat' dir='ltr'><strong>eo</strong></span> <span class='ocrx_word' id='word_1_171' title='bbox 3130 1383 3223 1452; x_wconf 90' lang='lat' dir='ltr'><strong>qui</strong></span> <span class='ocrx_word' id='word_1_172' title='bbox 3264 1384 3548 1453; x_wconf 88' lang='lat' dir='ltr'><strong>imperium</strong></span> 
     </span>
    </p>
   </div>
   <div class='ocr_carea' id='block_1_30' title="bbox 1976 1469 3545 1545">
    <p class='ocr_par' dir='ltr' id='par_1_30' title="bbox 1976 1469 3545 1545">
     <span class='ocr_line' id='line_1_30' title="bbox 1976 1469 3545 1545; baseline 0.006 -22"><span class='ocrx_word' id='word_1_173' title='bbox 1976 1469 2211 1525; x_wconf 86' lang='lat' dir='ltr'><strong>habebat</strong></span> <span class='ocrx_word' id='word_1_174' title='bbox 2253 1471 2466 1539; x_wconf 87' lang='lat' dir='ltr'><strong>mortis,</strong></span> <span class='ocrx_word' id='word_1_175' title='bbox 2506 1472 2811 1543; x_wconf 87' lang='lat' dir='ltr'><strong>Scripturis</strong></span> <span class='ocrx_word' id='word_1_176' title='bbox 2862 1482 2942 1527; x_wconf 91' lang='lat' dir='ltr'><strong>tot</strong></span> <span class='ocrx_word' id='word_1_177' title='bbox 2976 1483 3107 1529; x_wconf 82' lang='lat' dir='ltr'><strong>ante</strong></span> <span class='ocrx_word' id='word_1_178' title='bbox 3146 1475 3345 1529; x_wconf 69' lang='lat' dir='ltr'><strong>sarcula</strong></span> <span class='ocrx_word' id='word_1_179' title='bbox 3390 1476 3545 1545; x_wconf 84' lang='lat' dir='ltr'><strong>quasi</strong></span> 
     </span>
    </p>
   </div>
   <div class='ocr_carea' id='block_1_31' title="bbox 1972 1560 3546 1634">
    <p class='ocr_par' dir='ltr' id='par_1_31' title="bbox 1972 1560 3546 1634">
     <span class='ocr_line' id='line_1_31' title="bbox 1972 1560 3546 1634; baseline 0.007 -22"><span class='ocrx_word' id='word_1_180' title='bbox 1972 1560 2152 1615; x_wconf 73' lang='lat' dir='ltr'><strong>stelail</strong></span> <span class='ocrx_word' id='word_1_181' title='bbox 2224 1561 2564 1616; x_wconf 89' lang='lat' dir='ltr'><strong>nobilitatum</strong></span> <span class='ocrx_word' id='word_1_182' title='bbox 2608 1572 2693 1618; x_wconf 88' lang='lat' dir='ltr'><strong>est</strong></span> <span class='ocrx_word' id='word_1_183' title='bbox 2751 1565 3106 1634; x_wconf 82' lang='lat' dir='ltr'><strong>propheticis.</strong></span> <span class='ocrx_word' id='word_1_184' title='bbox 3169 1566 3546 1634; x_wconf 87' lang='lat' dir='ltr'><strong>Quamobrem</strong></span> 
     </span>
    </p>
   </div>
   <div class='ocr_carea' id='block_1_32' title="bbox 278 1646 1845 1731">
    <p class='ocr_par' dir='ltr' id='par_1_32' title="bbox 278 1646 1845 1719">
     <span class='ocr_line' id='line_1_32' title="bbox 278 1646 1845 1719; baseline 0.003 -22"><span class='ocrx_word' id='word_1_185' title='bbox 278 1646 483 1716; x_wconf 81' lang='grc' dir='ltr'>ρησίας</span> <span class='ocrx_word' id='word_1_186' title='bbox 516 1646 653 1716; x_wconf 78' lang='grc' dir='ltr'>πρὸς</span> <span class='ocrx_word' id='word_1_187' title='bbox 686 1647 829 1717; x_wconf 82' lang='grc' dir='ltr'>ὑμᾶς</span> <span class='ocrx_word' id='word_1_188' title='bbox 872 1647 1001 1717; x_wconf 74' lang='grc' dir='ltr'>περὶ</span> <span class='ocrx_word' id='word_1_189' title='bbox 1045 1646 1139 1699; x_wconf 85' lang='grc' dir='ltr'><strong>τοῦ</strong></span> <span class='ocrx_word' id='word_1_190' title='bbox 1186 1647 1523 1719; x_wconf 84' lang='grc' dir='ltr'>πατριάρχου</span> <span class='ocrx_word' id='word_1_191' title='bbox 1574 1646 1758 1711; x_wconf 73' lang='grc' dir='ltr'>Δαθίδ,</span> <span class='ocrx_word' id='word_1_192' title='bbox 1787 1649 1845 1702; x_wconf 86' lang='grc' dir='ltr'>ὅτ</span> 
     </span>
    </p>
   </div>
   <div class='ocr_carea' id='block_1_33' title="bbox 1960 1646 3547 1731">
    <p class='ocr_par' dir='ltr' id='par_1_33' title="bbox 1972 1651 3547 1731">
     <span class='ocr_line' id='line_1_33' title="bbox 1972 1651 3547 1731; baseline 0.006 -24"><span class='ocrx_word' id='word_1_193' title='bbox 1972 1652 2136 1707; x_wconf 88' lang='lat' dir='ltr'><strong>etiam</strong></span> <span class='ocrx_word' id='word_1_194' title='bbox 2172 1651 2392 1713; x_wconf 76' lang='lat' dir='ltr'><strong>Petrus.</strong></span> <span class='ocrx_word' id='word_1_195' title='bbox 2417 1653 2562 1709; x_wconf 87' lang='lat' dir='ltr'><strong>facta</strong></span> <span class='ocrx_word' id='word_1_196' title='bbox 2610 1656 2889 1712; x_wconf 88' lang='lat' dir='ltr'><strong>mentione</strong></span> <span class='ocrx_word' id='word_1_197' title='bbox 2943 1674 3135 1715; x_wconf 87' lang='lat' dir='ltr'><strong>eorum</strong></span> <span class='ocrx_word' id='word_1_198' title='bbox 3173 1675 3296 1729; x_wconf 69' lang='lat' dir='ltr'><strong>qum</strong></span> <span class='ocrx_word' id='word_1_199' title='bbox 3331 1661 3385 1715; x_wconf 92' lang='lat' dir='ltr'><strong>in</strong></span> <span class='ocrx_word' id='word_1_200' title='bbox 3429 1660 3547 1731; x_wconf 87' lang='lat' dir='ltr'><strong>ipso</strong></span> 
     </span>
    </p>
   </div>
   <div class='ocr_carea' id='block_1_34' title="bbox 279 1728 1845 1812">
    <p class='ocr_par' dir='ltr' id='par_1_34' title="bbox 279 1738 1845 1811">
     <span class='ocr_line' id='line_1_34' title="bbox 279 1738 1845 1811; baseline 0.001 -21"><span class='ocrx_word' id='word_1_201' title='bbox 279 1739 380 1791; x_wconf 72' lang='grc' dir='ltr'><strong>καὶ</strong></span> <span class='ocrx_word' id='word_1_202' title='bbox 404 1739 720 1809; x_wconf 55' lang='grc' dir='ltr'>ἐτελεύησε</span> <span class='ocrx_word' id='word_1_203' title='bbox 750 1739 842 1792; x_wconf 77' lang='grc' dir='ltr'><strong>καὶ</strong></span> <span class='ocrx_word' id='word_1_204' title='bbox 864 1740 1059 1809; x_wconf 75' lang='grc' dir='ltr'>ἐτάφη,</span> <span class='ocrx_word' id='word_1_205' title='bbox 1095 1740 1191 1793; x_wconf 75' lang='grc' dir='ltr'><strong>καὶ</strong></span> <span class='ocrx_word' id='word_1_206' title='bbox 1222 1740 1282 1792; x_wconf 84' lang='grc' dir='ltr'><strong>τὸ</strong></span> <span class='ocrx_word' id='word_1_207' title='bbox 1313 1739 1502 1811; x_wconf 81' lang='grc' dir='ltr'>μνῆμα</span> <span class='ocrx_word' id='word_1_208' title='bbox 1531 1738 1694 1793; x_wconf 83' lang='grc' dir='ltr'>αὑτοῦ</span> <span class='ocrx_word' id='word_1_209' title='bbox 1721 1739 1845 1792; x_wconf 65' lang='grc' dir='ltr'>ἔστι</span> 
     </span>
    </p>
   </div>
   <div class='ocr_carea' id='block_1_35' title="bbox 1960 1728 3546 1812">
    <p class='ocr_par' dir='ltr' id='par_1_35' title="bbox 1971 1728 3546 1812">
     <span class='ocr_line' id='line_1_35' title="bbox 1971 1728 3546 1812; baseline 0.008 -18"><span class='ocrx_word' id='word_1_210' title='bbox 1971 1742 2339 1809; x_wconf 85' lang='lat' dir='ltr'><strong>continentur,</strong></span> <span class='ocrx_word' id='word_1_211' title='bbox 2368 1743 2616 1811; x_wconf 83' lang='lat' dir='ltr'><strong>adjunxit</strong></span> <span class='ocrx_word' id='word_1_212' title='bbox 2645 1763 2660 1802; x_wconf 88' lang='lat'><strong>:</strong></span> <span class='ocrx_word' id='word_1_213' title='bbox 2694 1764 2714 1797; x_wconf 80' lang='grc' dir='ltr'><strong>ι</strong></span> <span class='ocrx_word' id='word_1_214' title='bbox 2750 1746 2856 1802; x_wconf 81' lang='lat' dir='ltr'><strong>Viri</strong></span> <span class='ocrx_word' id='word_1_215' title='bbox 2896 1749 3114 1812; x_wconf 81' lang='lat' dir='ltr'><strong>fratres,</strong></span> <span class='ocrx_word' id='word_1_216' title='bbox 3141 1728 3223 1805; x_wconf 80' lang='lat' dir='ltr'><strong>fas</strong></span> <span class='ocrx_word' id='word_1_217' title='bbox 3252 1758 3335 1806; x_wconf 88' lang='lat' dir='ltr'><strong>est</strong></span> <span class='ocrx_word' id='word_1_218' title='bbox 3365 1728 3546 1807; x_wconf 81' lang='lat' dir='ltr'><strong>dicere</strong></span> 
     </span>
    </p>
   </div>
   <div class='ocr_carea' id='block_1_36' title="bbox 275 1826 1867 1903">
    <p class='ocr_par' dir='ltr' id='par_1_36' title="bbox 275 1826 1867 1903">
     <span class='ocr_line' id='line_1_36' title="bbox 275 1826 1867 1903; baseline 0.001 -20"><span class='ocrx_word' id='word_1_219' title='bbox 275 1832 341 1883; x_wconf 86' lang='grc' dir='ltr'><strong>ἐν</strong></span> <span class='ocrx_word' id='word_1_220' title='bbox 384 1832 515 1901; x_wconf 73' lang='grc' dir='ltr'>ἡμῖν</span> <span class='ocrx_word' id='word_1_221' title='bbox 566 1829 696 1901; x_wconf 74' lang='grc' dir='ltr'>ἄχρι</span> <span class='ocrx_word' id='word_1_222' title='bbox 754 1830 856 1900; x_wconf 78' lang='grc' dir='ltr'>τῆς</span> <span class='ocrx_word' id='word_1_223' title='bbox 906 1830 1122 1903; x_wconf 81' lang='grc' dir='ltr'>ἡμέρας</span> <span class='ocrx_word' id='word_1_224' title='bbox 1162 1830 1386 1902; x_wconf 85' lang='grc' dir='ltr'>ταύτης.</span> <span class='ocrx_word' id='word_1_225' title='bbox 1441 1832 1736 1903; x_wconf 81' lang='grc' dir='ltr'>Προφήτης</span> <span class='ocrx_word' id='word_1_226' title='bbox 1773 1826 1867 1885; x_wconf 85' lang='grc' dir='ltr'><strong>οῦν</strong></span> 
     </span>
    </p>
   </div>
   <div class='ocr_carea' id='block_1_37' title="bbox 274 1922 1861 1996">
    <p class='ocr_par' dir='ltr' id='par_1_37' title="bbox 274 1922 1861 1996">
     <span class='ocr_line' id='line_1_37' title="bbox 274 1922 1861 1996; baseline -0.001 -19"><span class='ocrx_word' id='word_1_227' title='bbox 274 1924 567 1995; x_wconf 74' lang='grc' dir='ltr'>ὑπάρχων,</span> <span class='ocrx_word' id='word_1_228' title='bbox 598 1925 691 1978; x_wconf 79' lang='grc' dir='ltr'>καὶ</span> <span class='ocrx_word' id='word_1_229' title='bbox 728 1923 902 1989; x_wconf 88' lang='grc' dir='ltr'>εἰδὼς,</span> <span class='ocrx_word' id='word_1_230' title='bbox 934 1925 1017 1977; x_wconf 85' lang='grc' dir='ltr'>ὅτι</span> <span class='ocrx_word' id='word_1_231' title='bbox 1049 1926 1198 1996; x_wconf 86' lang='grc' dir='ltr'>ὅρκῳ</span> <span class='ocrx_word' id='word_1_232' title='bbox 1224 1922 1440 1994; x_wconf 75' lang='grc' dir='ltr'>ὤμοσεν</span> <span class='ocrx_word' id='word_1_233' title='bbox 1470 1922 1619 1993; x_wconf 83' lang='grc' dir='ltr'>αὐτῷ</span> <span class='ocrx_word' id='word_1_234' title='bbox 1647 1924 1676 1975; x_wconf 83' lang='grc' dir='ltr'>ὁ</span> <span class='ocrx_word' id='word_1_235' title='bbox 1707 1922 1861 1987; x_wconf 84' lang='grc' dir='ltr'>Θεὸς,</span> 
     </span>
    </p>
   </div>
   <div class='ocr_carea' id='block_1_38' title="bbox 273 2014 1866 2089">
    <p class='ocr_par' dir='ltr' id='par_1_38' title="bbox 273 2014 1866 2089">
     <span class='ocr_line' id='line_1_38' title="bbox 273 2014 1866 2089; baseline -0.001 -21"><span class='ocrx_word' id='word_1_236' title='bbox 273 2015 345 2069; x_wconf 84' lang='grc' dir='ltr'><strong>ἐκ</strong></span> <span class='ocrx_word' id='word_1_237' title='bbox 371 2014 587 2089; x_wconf 89' lang='grc' dir='ltr'>καρποῦ</span> <span class='ocrx_word' id='word_1_238' title='bbox 616 2016 714 2086; x_wconf 82' lang='grc' dir='ltr'>τῆς</span> <span class='ocrx_word' id='word_1_239' title='bbox 737 2015 935 2084; x_wconf 81' lang='grc' dir='ltr'>ὀσφύος</span> <span class='ocrx_word' id='word_1_240' title='bbox 964 2016 1127 2069; x_wconf 81' lang='grc' dir='ltr'>αὑτοῦ</span> <span class='ocrx_word' id='word_1_241' title='bbox 1162 2016 1223 2068; x_wconf 85' lang='grc' dir='ltr'><strong>τὸ</strong></span> <span class='ocrx_word' id='word_1_242' title='bbox 1254 2016 1393 2069; x_wconf 84' lang='grc' dir='ltr'>κατὰ</span> <span class='ocrx_word' id='word_1_243' title='bbox 1424 2016 1601 2086; x_wconf 84' lang='grc' dir='ltr'>σάρκα</span> <span class='ocrx_word' id='word_1_244' title='bbox 1631 2016 1866 2086; x_wconf 84' lang='grc' dir='ltr'>ἀναστή-</span> 
     </span>
    </p>
   </div>
   <div class='ocr_carea' id='block_1_39' title="bbox 272 2105 1856 2181">
    <p class='ocr_par' dir='ltr' id='par_1_39' title="bbox 272 2105 1856 2181">
     <span class='ocr_line' id='line_1_39' title="bbox 272 2105 1856 2181; baseline -0.004 -17"><span class='ocrx_word' id='word_1_245' title='bbox 272 2127 397 2164; x_wconf 82' lang='grc' dir='ltr'>σειν</span> <span class='ocrx_word' id='word_1_246' title='bbox 452 2110 542 2165; x_wconf 83' lang='grc' dir='ltr'><strong>τὸν</strong></span> <span class='ocrx_word' id='word_1_247' title='bbox 592 2109 825 2181; x_wconf 82' lang='grc' dir='ltr'>Χριστὸν</span> <span class='ocrx_word' id='word_1_248' title='bbox 873 2108 1093 2162; x_wconf 85' lang='grc' dir='ltr'>καθίσαι</span> <span class='ocrx_word' id='word_1_249' title='bbox 1140 2108 1232 2160; x_wconf 79' lang='grc' dir='ltr'>ἐπὶ</span> <span class='ocrx_word' id='word_1_250' title='bbox 1291 2107 1381 2160; x_wconf 84' lang='grc' dir='ltr'><strong>τὸν</strong></span> <span class='ocrx_word' id='word_1_251' title='bbox 1428 2106 1617 2177; x_wconf 85' lang='grc' dir='ltr'>θρόνον</span> <span class='ocrx_word' id='word_1_252' title='bbox 1660 2105 1856 2159; x_wconf 79' lang='grc' dir='ltr'>αὐτοῦ’</span> 
     </span>
    </p>
   </div>
   <div class='ocr_carea' id='block_1_40' title="bbox 270 2199 1861 2275">
    <p class='ocr_par' dir='ltr' id='par_1_40' title="bbox 270 2199 1861 2275">
     <span class='ocr_line' id='line_1_40' title="bbox 270 2199 1861 2275; baseline -0.004 -18"><span class='ocrx_word' id='word_1_253' title='bbox 270 2204 516 2275; x_wconf 80' lang='grc' dir='ltr'>προῑδὼν</span> <span class='ocrx_word' id='word_1_254' title='bbox 558 2204 613 2256; x_wconf 84' lang='grc' dir='ltr'>δὲ</span> <span class='ocrx_word' id='word_1_255' title='bbox 646 2202 873 2274; x_wconf 85' lang='grc' dir='ltr'>ἐλάλησε</span> <span class='ocrx_word' id='word_1_256' title='bbox 905 2202 1032 2271; x_wconf 83' lang='grc' dir='ltr'><strong>περί</strong></span> <span class='ocrx_word' id='word_1_257' title='bbox 1070 2201 1169 2271; x_wconf 80' lang='grc' dir='ltr'>τῆς</span> <span class='ocrx_word' id='word_1_258' title='bbox 1222 2201 1565 2264; x_wconf 77' lang='grc' dir='ltr'>ἀναστάσεως</span> <span class='ocrx_word' id='word_1_259' title='bbox 1602 2199 1697 2253; x_wconf 86' lang='grc' dir='ltr'><strong>τοῦ</strong></span> <span class='ocrx_word' id='word_1_260' title='bbox 1725 2200 1861 2271; x_wconf 90' lang='grc' dir='ltr'>Χρι-</span> 
     </span>
    </p>
   </div>
   <div class='ocr_carea' id='block_1_41' title="bbox 270 2290 1855 2363">
    <p class='ocr_par' dir='ltr' id='par_1_41' title="bbox 270 2290 1855 2363">
     <span class='ocr_line' id='line_1_41' title="bbox 270 2290 1855 2363; baseline -0.003 -14"><span class='ocrx_word' id='word_1_261' title='bbox 270 2290 428 2358; x_wconf 81' lang='grc' dir='ltr'>στοῦ,</span> <span class='ocrx_word' id='word_1_262' title='bbox 466 2296 547 2348; x_wconf 75' lang='grc' dir='ltr'>ὅτι</span> <span class='ocrx_word' id='word_1_263' title='bbox 590 2293 713 2347; x_wconf 74' lang='grc' dir='ltr'>οὔτε</span> <span class='ocrx_word' id='word_1_264' title='bbox 754 2291 1144 2363; x_wconf 76' lang='grc' dir='ltr'>ἐγκατελείφθη</span> <span class='ocrx_word' id='word_1_265' title='bbox 1193 2294 1271 2356; x_wconf 82' lang='grc' dir='ltr'><strong>εἰς</strong></span> <span class='ocrx_word' id='word_1_266' title='bbox 1311 2292 1466 2363; x_wconf 80' lang='grc' dir='ltr'>ᾅδην,</span> <span class='ocrx_word' id='word_1_267' title='bbox 1500 2291 1627 2345; x_wconf 70' lang='grc' dir='ltr'>οὔτε</span> <span class='ocrx_word' id='word_1_268' title='bbox 1657 2293 1690 2363; x_wconf 82' lang='grc' dir='ltr'>ἡ</span> <span class='ocrx_word' id='word_1_269' title='bbox 1721 2290 1855 2362; x_wconf 81' lang='grc' dir='ltr'>σὰρξ</span> 
     </span>
    </p>
   </div>
   <div class='ocr_carea' id='block_1_42' title="bbox 266 2382 1854 2455">
    <p class='ocr_par' dir='ltr' id='par_1_42' title="bbox 266 2382 1854 2455">
     <span class='ocr_line' id='line_1_42' title="bbox 266 2382 1854 2455; baseline -0.002 -17"><span class='ocrx_word' id='word_1_270' title='bbox 266 2384 441 2439; x_wconf 72' lang='grc' dir='ltr'>αὑτοῦ</span> <span class='ocrx_word' id='word_1_271' title='bbox 472 2382 579 2438; x_wconf 80' lang='grc' dir='ltr'>εἶδε</span> <span class='ocrx_word' id='word_1_272' title='bbox 604 2384 917 2455; x_wconf 79' lang='grc' dir='ltr'>διαφθοράν.</span> <span class='ocrx_word' id='word_1_273' title='bbox 950 2383 1150 2435; x_wconf 88' lang='grc' dir='ltr'>Τοῦτον</span> <span class='ocrx_word' id='word_1_274' title='bbox 1180 2382 1270 2435; x_wconf 78' lang='grc' dir='ltr'><strong>τὸν</strong></span> <span class='ocrx_word' id='word_1_275' title='bbox 1314 2382 1519 2453; x_wconf 80' lang='grc' dir='ltr'>Ἰησοῦν</span> <span class='ocrx_word' id='word_1_276' title='bbox 1556 2382 1854 2454; x_wconf 81' lang='grc' dir='ltr'>ἀνέστησεν</span> 
     </span>
    </p>
   </div>
   <div class='ocr_carea' id='block_1_43' title="bbox 265 2470 1549 2548">
    <p class='ocr_par' dir='ltr' id='par_1_43' title="bbox 265 2470 1549 2548">
     <span class='ocr_line' id='line_1_43' title="bbox 265 2470 1549 2548; baseline -0.003 -17"><span class='ocrx_word' id='word_1_277' title='bbox 265 2476 297 2531; x_wconf 78' lang='grc' dir='ltr'><strong>ὁ</strong></span> <span class='ocrx_word' id='word_1_278' title='bbox 329 2478 487 2543; x_wconf 84' lang='grc' dir='ltr'>Θεὸς,</span> <span class='ocrx_word' id='word_1_279' title='bbox 509 2470 571 2531; x_wconf 75' lang='grc' dir='ltr'>οὗ</span> <span class='ocrx_word' id='word_1_280' title='bbox 596 2477 796 2541; x_wconf 88' lang='grc' dir='ltr'>πάντες</span> <span class='ocrx_word' id='word_1_281' title='bbox 830 2479 989 2548; x_wconf 79' lang='grc' dir='ltr'>ἡμεῖς</span> <span class='ocrx_word' id='word_1_282' title='bbox 1016 2477 1182 2546; x_wconf 80' lang='grc' dir='ltr'>ἐσμεν</span> <span class='ocrx_word' id='word_1_283' title='bbox 1208 2476 1499 2547; x_wconf 87' lang='grc' dir='ltr'>μάρτυρες.</span> <span class='ocrx_word' id='word_1_284' title='bbox 1531 2494 1549 2526; x_wconf 73' lang='grc' dir='ltr'><strong>ι</strong></span> 
     </span>
    </p>
   </div>
   <div class='ocr_carea' id='block_1_44' title="bbox 1975 1834 3544 1911">
    <p class='ocr_par' dir='ltr' id='par_1_44' title="bbox 1975 1834 3544 1911">
     <span class='ocr_line' id='line_1_44' title="bbox 1975 1834 3544 1911; baseline 0.008 -26"><span class='ocrx_word' id='word_1_285' title='bbox 1975 1845 2097 1887; x_wconf 87' lang='lat' dir='ltr'><strong>cum</strong></span> <span class='ocrx_word' id='word_1_286' title='bbox 2130 1834 2381 1891; x_wconf 88' lang='lat' dir='ltr'><strong>libertate</strong></span> <span class='ocrx_word' id='word_1_287' title='bbox 2421 1837 2561 1905; x_wconf 87' lang='lat' dir='ltr'><strong>apud</strong></span> <span class='ocrx_word' id='word_1_288' title='bbox 2599 1852 2693 1893; x_wconf 87' lang='lat' dir='ltr'><strong>vos</strong></span> <span class='ocrx_word' id='word_1_289' title='bbox 2727 1840 2793 1895; x_wconf 89' lang='lat' dir='ltr'><strong>de</strong></span> <span class='ocrx_word' id='word_1_290' title='bbox 2832 1840 3142 1909; x_wconf 88' lang='lat' dir='ltr'><strong>patriarcha</strong></span> <span class='ocrx_word' id='word_1_291' title='bbox 3188 1840 3377 1906; x_wconf 87' lang='lat' dir='ltr'><strong>David,</strong></span> <span class='ocrx_word' id='word_1_292' title='bbox 3400 1842 3544 1911; x_wconf 93' lang='lat' dir='ltr'><strong>quod</strong></span> 
     </span>
    </p>
   </div>
   <div class='ocr_carea' id='block_1_45' title="bbox 1972 1930 3544 1998">
    <p class='ocr_par' dir='ltr' id='par_1_45' title="bbox 1972 1930 3544 1998">
     <span class='ocr_line' id='line_1_45' title="bbox 1972 1930 3544 1998; baseline 0.006 -19"><span class='ocrx_word' id='word_1_293' title='bbox 1972 1935 2027 1979; x_wconf 89' lang='lat' dir='ltr'><strong>et</strong></span> <span class='ocrx_word' id='word_1_294' title='bbox 2070 1936 2314 1981; x_wconf 90' lang='lat' dir='ltr'><strong>mortuus</strong></span> <span class='ocrx_word' id='word_1_295' title='bbox 2355 1936 2441 1982; x_wconf 90' lang='lat' dir='ltr'><strong>est</strong></span> <span class='ocrx_word' id='word_1_296' title='bbox 2482 1938 2535 1983; x_wconf 88' lang='lat' dir='ltr'><strong>et</strong></span> <span class='ocrx_word' id='word_1_297' title='bbox 2570 1930 2837 1998; x_wconf 88' lang='lat' dir='ltr'><strong>sepultus,</strong></span> <span class='ocrx_word' id='word_1_298' title='bbox 2864 1940 2920 1985; x_wconf 91' lang='lat' dir='ltr'><strong>et</strong></span> <span class='ocrx_word' id='word_1_299' title='bbox 2947 1940 3358 1987; x_wconf 87' lang='lat' dir='ltr'><strong>monumentum</strong></span> <span class='ocrx_word' id='word_1_300' title='bbox 3399 1933 3544 1988; x_wconf 80' lang='lat' dir='ltr'><strong>illius</strong></span> 
     </span>
    </p>
   </div>
   <div class='ocr_carea' id='block_1_46' title="bbox 1972 2020 3540 2092">
    <p class='ocr_par' dir='ltr' id='par_1_46' title="bbox 1972 2020 3540 2092">
     <span class='ocr_line' id='line_1_46' title="bbox 1972 2020 3540 2092; baseline 0.004 -20"><span class='ocrx_word' id='word_1_301' title='bbox 1972 2028 2151 2073; x_wconf 83' lang='lat' dir='ltr'><strong>exstat</strong></span> <span class='ocrx_word' id='word_1_302' title='bbox 2186 2020 2330 2076; x_wconf 88' lang='lat' dir='ltr'><strong>inter</strong></span> <span class='ocrx_word' id='word_1_303' title='bbox 2380 2035 2480 2075; x_wconf 87' lang='lat' dir='ltr'><strong>nos</strong></span> <span class='ocrx_word' id='word_1_304' title='bbox 2524 2035 2695 2091; x_wconf 91' lang='lat' dir='ltr'><strong>usque</strong></span> <span class='ocrx_word' id='word_1_305' title='bbox 2742 2023 2794 2076; x_wconf 92' lang='lat' dir='ltr'><strong>in</strong></span> <span class='ocrx_word' id='word_1_306' title='bbox 2834 2034 3153 2092; x_wconf 83' lang='lat' dir='ltr'><strong>praesentem</strong></span> <span class='ocrx_word' id='word_1_307' title='bbox 3204 2025 3369 2080; x_wconf 90' lang='lat' dir='ltr'><strong>diem.</strong></span> <span class='ocrx_word' id='word_1_308' title='bbox 3403 2026 3540 2079; x_wconf 88' lang='lat' dir='ltr'><strong>Cum</strong></span> 
     </span>
    </p>
   </div>
   <div class='ocr_carea' id='block_1_47' title="bbox 1971 2110 3540 2184">
    <p class='ocr_par' dir='ltr' id='par_1_47' title="bbox 1971 2110 3540 2184">
     <span class='ocr_line' id='line_1_47' title="bbox 1971 2110 3540 2184; baseline 0.003 -21"><span class='ocrx_word' id='word_1_309' title='bbox 1971 2110 2141 2180; x_wconf 84' lang='lat' dir='ltr'><strong>igitur</strong></span> <span class='ocrx_word' id='word_1_310' title='bbox 2178 2114 2442 2181; x_wconf 85' lang='lat' dir='ltr'><strong>propheta</strong></span> <span class='ocrx_word' id='word_1_311' title='bbox 2481 2123 2647 2179; x_wconf 85' lang='lat' dir='ltr'><strong>esset,</strong></span> <span class='ocrx_word' id='word_1_312' title='bbox 2691 2114 2965 2183; x_wconf 87' lang='lat' dir='ltr'><strong>sciretque</strong></span> <span class='ocrx_word' id='word_1_313' title='bbox 3010 2115 3151 2183; x_wconf 89' lang='lat' dir='ltr'><strong>quod</strong></span> <span class='ocrx_word' id='word_1_314' title='bbox 3185 2111 3540 2184; x_wconf 85' lang='lat' dir='ltr'><strong>jurejurando</strong></span> 
     </span>
    </p>
   </div>
   <div class='ocr_carea' id='block_1_48' title="bbox 1961 2200 3539 2272">
    <p class='ocr_par' dir='ltr' id='par_1_48' title="bbox 1961 2200 3539 2272">
     <span class='ocr_line' id='line_1_48' title="bbox 1961 2200 3539 2272; baseline 0.004 -19"><span class='ocrx_word' id='word_1_315' title='bbox 1961 2200 2245 2269; x_wconf 82' lang='lat' dir='ltr'><strong>jnraverat</strong></span> <span class='ocrx_word' id='word_1_316' title='bbox 2276 2203 2327 2255; x_wconf 90' lang='lat' dir='ltr'><strong>ei</strong></span> <span class='ocrx_word' id='word_1_317' title='bbox 2368 2204 2535 2267; x_wconf 84' lang='lat' dir='ltr'><strong>Deus,</strong></span> <span class='ocrx_word' id='word_1_318' title='bbox 2575 2218 2644 2258; x_wconf 77' lang='lat' dir='ltr'><strong>ex</strong></span> <span class='ocrx_word' id='word_1_319' title='bbox 2680 2206 2859 2258; x_wconf 88' lang='lat' dir='ltr'><strong>fructu</strong></span> <span class='ocrx_word' id='word_1_320' title='bbox 2890 2204 3053 2258; x_wconf 88' lang='lat' dir='ltr'><strong>lumbi</strong></span> <span class='ocrx_word' id='word_1_321' title='bbox 3081 2203 3199 2272; x_wconf 88' lang='lat' dir='ltr'><strong>ejus</strong></span> <span class='ocrx_word' id='word_1_322' title='bbox 3241 2201 3539 2260; x_wconf 88' lang='lat' dir='ltr'><strong>secundum</strong></span> 
     </span>
    </p>
   </div>
   <div class='ocr_carea' id='block_1_49' title="bbox 1965 2293 3540 2364">
    <p class='ocr_par' dir='ltr' id='par_1_49' title="bbox 1965 2293 3540 2364">
     <span class='ocr_line' id='line_1_49' title="bbox 1965 2293 3540 2364; baseline 0.003 -18"><span class='ocrx_word' id='word_1_323' title='bbox 1965 2306 2185 2346; x_wconf 83' lang='lat' dir='ltr'><strong>carnem</strong></span> <span class='ocrx_word' id='word_1_324' title='bbox 2228 2303 2603 2349; x_wconf 88' lang='lat' dir='ltr'><strong>surrecturum</strong></span> <span class='ocrx_word' id='word_1_325' title='bbox 2643 2294 2941 2355; x_wconf 87' lang='lat' dir='ltr'><strong>Christum,</strong></span> <span class='ocrx_word' id='word_1_326' title='bbox 2969 2293 3060 2362; x_wconf 90' lang='lat' dir='ltr'><strong>qui</strong></span> <span class='ocrx_word' id='word_1_327' title='bbox 3115 2295 3331 2350; x_wconf 87' lang='lat' dir='ltr'><strong>sederet</strong></span> <span class='ocrx_word' id='word_1_328' title='bbox 3377 2309 3540 2364; x_wconf 89' lang='lat' dir='ltr'><strong>super</strong></span> 
     </span>
    </p>
   </div>
   <div class='ocr_carea' id='block_1_50' title="bbox 1965 2383 3540 2455">
    <p class='ocr_par' dir='ltr' id='par_1_50' title="bbox 1965 2383 3540 2455">
     <span class='ocr_line' id='line_1_50' title="bbox 1965 2383 3540 2455; baseline 0.003 -20"><span class='ocrx_word' id='word_1_329' title='bbox 1965 2383 2158 2437; x_wconf 92' lang='lat' dir='ltr'><strong>throno</strong></span> <span class='ocrx_word' id='word_1_330' title='bbox 2195 2383 2337 2439; x_wconf 92' lang='lat' dir='ltr'><strong>illius</strong></span> <span class='ocrx_word' id='word_1_331' title='bbox 2372 2385 2715 2455; x_wconf 73' lang='lat' dir='ltr'><strong>:praavidens</strong></span> <span class='ocrx_word' id='word_1_332' title='bbox 2760 2392 2939 2438; x_wconf 90' lang='lat' dir='ltr'><strong>autem</strong></span> <span class='ocrx_word' id='word_1_333' title='bbox 2982 2384 3195 2439; x_wconf 89' lang='lat' dir='ltr'><strong>locutus</strong></span> <span class='ocrx_word' id='word_1_334' title='bbox 3242 2396 3325 2440; x_wconf 87' lang='lat' dir='ltr'><strong>est</strong></span> <span class='ocrx_word' id='word_1_335' title='bbox 3358 2384 3424 2439; x_wconf 92' lang='lat' dir='ltr'><strong>de</strong></span> <span class='ocrx_word' id='word_1_336' title='bbox 3454 2399 3540 2439; x_wconf 89' lang='lat' dir='ltr'><strong>re-</strong></span> 
     </span>
    </p>
   </div>
   <div class='ocr_carea' id='block_1_51' title="bbox 1961 2473 3535 2543">
    <p class='ocr_par' dir='ltr' id='par_1_51' title="bbox 1961 2473 3535 2543">
     <span class='ocr_line' id='line_1_51' title="bbox 1961 2473 3535 2543; baseline 0.001 -17"><span class='ocrx_word' id='word_1_337' title='bbox 1961 2474 2301 2530; x_wconf 91' lang='lat' dir='ltr'><strong>surrectione</strong></span> <span class='ocrx_word' id='word_1_338' title='bbox 2336 2474 2559 2542; x_wconf 89' lang='lat' dir='ltr'><strong>Christi,</strong></span> <span class='ocrx_word' id='word_1_339' title='bbox 2596 2475 2723 2543; x_wconf 92' lang='lat' dir='ltr'><strong>quia</strong></span> <span class='ocrx_word' id='word_1_340' title='bbox 2785 2488 2964 2542; x_wconf 85' lang='lat' dir='ltr'><strong>neque</strong></span> <span class='ocrx_word' id='word_1_341' title='bbox 3016 2473 3308 2529; x_wconf 90' lang='lat' dir='ltr'><strong>derelictus</strong></span> <span class='ocrx_word' id='word_1_342' title='bbox 3346 2481 3430 2528; x_wconf 91' lang='lat' dir='ltr'><strong>est</strong></span> <span class='ocrx_word' id='word_1_343' title='bbox 3478 2474 3535 2528; x_wconf 91' lang='lat' dir='ltr'><strong>in</strong></span> 
     </span>
    </p>
   </div>
   <div class='ocr_carea' id='block_1_52' title="bbox 264 2565 3535 2641">
    <p class='ocr_par' dir='ltr' id='par_1_52' title="bbox 264 2565 3535 2641">
     <span class='ocr_line' id='line_1_52' title="bbox 264 2565 3535 2641; baseline -0.001 -18"><span class='ocrx_word' id='word_1_344' title='bbox 264 2569 509 2634; x_wconf 85' lang='lat' dir='ltr'><strong>inferno,</strong></span> <span class='ocrx_word' id='word_1_345' title='bbox 538 2584 717 2641; x_wconf 89' lang='lat' dir='ltr'><strong>neque</strong></span> <span class='ocrx_word' id='word_1_346' title='bbox 750 2584 879 2626; x_wconf 90' lang='lat' dir='ltr'><strong>caro</strong></span> <span class='ocrx_word' id='word_1_347' title='bbox 918 2567 1038 2639; x_wconf 86' lang='lat' dir='ltr'><strong>ejus</strong></span> <span class='ocrx_word' id='word_1_348' title='bbox 1097 2568 1236 2622; x_wconf 83' lang='lat' dir='ltr'><strong>vidit</strong></span> <span class='ocrx_word' id='word_1_349' title='bbox 1275 2569 1703 2638; x_wconf 89' lang='lat' dir='ltr'><strong>corruptionem.</strong></span> <span class='ocrx_word' id='word_1_350' title='bbox 1752 2566 1909 2623; x_wconf 82' lang='lat' dir='ltr'><strong>Hunc</strong></span> <span class='ocrx_word' id='word_1_351' title='bbox 1955 2565 2138 2622; x_wconf 84' lang='lat' dir='ltr'><strong>Jesum</strong></span> <span class='ocrx_word' id='word_1_352' title='bbox 2198 2569 2545 2624; x_wconf 86' lang='lat' dir='ltr'><strong>resuscitavit</strong></span> <span class='ocrx_word' id='word_1_353' title='bbox 2589 2569 2749 2633; x_wconf 88' lang='lat' dir='ltr'><strong>Deus,</strong></span> <span class='ocrx_word' id='word_1_354' title='bbox 2792 2566 2945 2636; x_wconf 86' lang='lat' dir='ltr'><strong>cujus</strong></span> <span class='ocrx_word' id='word_1_355' title='bbox 2985 2582 3173 2623; x_wconf 88' lang='lat' dir='ltr'><strong>omnes</strong></span> <span class='ocrx_word' id='word_1_356' title='bbox 3217 2582 3315 2622; x_wconf 92' lang='lat' dir='ltr'><strong>nos</strong></span> <span class='ocrx_word' id='word_1_357' title='bbox 3348 2580 3535 2623; x_wconf 88' lang='lat' dir='ltr'><strong>sumus</strong></span> 
     </span>
    </p>
   </div>
   <div class='ocr_carea' id='block_1_53' title="bbox 258 2661 578 2717">
    <p class='ocr_par' dir='ltr' id='par_1_53' title="bbox 258 2661 578 2717">
     <span class='ocr_line' id='line_1_53' title="bbox 258 2661 578 2717; baseline -0.006 -1"><span class='ocrx_word' id='word_1_358' title='bbox 258 2671 441 2717; x_wconf 68' lang='lat' dir='ltr'><strong>testes</strong></span> <span class='ocrx_word' id='word_1_359' title='bbox 460 2661 524 2715; x_wconf 80' lang='lat'><strong>&quot;.</strong></span> <span class='ocrx_word' id='word_1_360' title='bbox 558 2682 578 2714; x_wconf 81' lang='grc'><strong>›</strong></span> 
     </span>
    </p>
   </div>
   <div class='ocr_carea' id='block_1_54' title="bbox 898 2760 1229 2826">
    <p class='ocr_par' dir='ltr' id='par_1_54' title="bbox 898 2760 1229 2826">
     <span class='ocr_line' id='line_1_54' title="bbox 898 2760 1229 2826; baseline 0.003 -14"><span class='ocrx_word' id='word_1_361' title='bbox 898 2760 1068 2813; x_wconf 82' lang='grc' dir='ltr'><strong>ΨΑΛ.</strong></span> <span class='ocrx_word' id='word_1_362' title='bbox 1110 2760 1229 2826; x_wconf 73' lang='lat' dir='ltr'><strong>Iq&#39;.</strong></span> 
     </span>
    </p>
   </div>
   <div class='ocr_carea' id='block_1_55' title="bbox 258 2850 1849 2923">
    <p class='ocr_par' dir='ltr' id='par_1_55' title="bbox 258 2850 1849 2923">
     <span class='ocr_line' id='line_1_55' title="bbox 258 2850 1849 2923; baseline 0.001 -19"><span class='ocrx_word' id='word_1_363' title='bbox 258 2850 419 2922; x_wconf 65' lang='grc' dir='ltr'>Σπτίχ.</span> <span class='ocrx_word' id='word_1_364' title='bbox 442 2851 505 2904; x_wconf 88' lang='grc' dir='ltr'><strong>δ’.</strong></span> <span class='ocrx_word' id='word_1_365' title='bbox 553 2854 656 2905; x_wconf 85' lang='grc' dir='ltr'><strong>Διὰ</strong></span> <span class='ocrx_word' id='word_1_366' title='bbox 696 2853 838 2918; x_wconf 80' lang='grc' dir='ltr'>τοὺς</span> <span class='ocrx_word' id='word_1_367' title='bbox 875 2854 1097 2923; x_wconf 71' lang='grc' dir='ltr'>λόγους</span> <span class='ocrx_word' id='word_1_368' title='bbox 1133 2853 1253 2906; x_wconf 80' lang='grc' dir='ltr'><strong>τῶν</strong></span> <span class='ocrx_word' id='word_1_369' title='bbox 1281 2852 1530 2923; x_wconf 75' lang='grc' dir='ltr'>χειλέων</span> <span class='ocrx_word' id='word_1_370' title='bbox 1568 2867 1707 2916; x_wconf 84' lang='grc' dir='ltr'>σου,</span> <span class='ocrx_word' id='word_1_371' title='bbox 1735 2851 1849 2921; x_wconf 76' lang='grc' dir='ltr'><strong>ἐγὼ</strong></span> 
     </span>
    </p>
   </div>
   <div class='ocr_carea' id='block_1_56' title="bbox 646 2922 1460 2992">
    <p class='ocr_par' dir='ltr' id='par_1_56' title="bbox 646 2922 1460 2992">
     <span class='ocr_line' id='line_1_56' title="bbox 646 2922 1460 2992; baseline 0.001 -17"><span class='ocrx_word' id='word_1_372' title='bbox 646 2925 719 2992; x_wconf 66' lang='grc' dir='ltr'>ἐφ</span> <span class='ocrx_word' id='word_1_373' title='bbox 728 2924 919 2988; x_wconf 73' lang='grc' dir='ltr'>ὐλαξα</span> <span class='ocrx_word' id='word_1_374' title='bbox 958 2922 1137 2989; x_wconf 76' lang='grc' dir='ltr'>ὁδοὺς</span> <span class='ocrx_word' id='word_1_375' title='bbox 1164 2922 1460 2991; x_wconf 80' lang='grc' dir='ltr'>σκληράς.</span> 
     </span>
    </p>
   </div>
   <div class='ocr_carea' id='block_1_57' title="bbox 346 3013 1843 3086">
    <p class='ocr_par' dir='ltr' id='par_1_57' title="bbox 346 3013 1843 3086">
     <span class='ocr_line' id='line_1_57' title="bbox 346 3013 1843 3086; baseline 0.001 -21"><span class='ocrx_word' id='word_1_376' title='bbox 346 3013 746 3085; x_wconf 77' lang='grc' dir='ltr'>’Υπογραμμὸν</span> <span class='ocrx_word' id='word_1_377' title='bbox 776 3018 907 3086; x_wconf 79' lang='grc' dir='ltr'>ἡμῖν</span> <span class='ocrx_word' id='word_1_378' title='bbox 937 3016 1031 3068; x_wconf 69' lang='grc' dir='ltr'><strong>καὶ</strong></span> <span class='ocrx_word' id='word_1_379' title='bbox 1064 3014 1151 3067; x_wconf 82' lang='grc' dir='ltr'>διὰ</span> <span class='ocrx_word' id='word_1_380' title='bbox 1192 3014 1395 3068; x_wconf 83' lang='grc' dir='ltr'>τούτων</span> <span class='ocrx_word' id='word_1_381' title='bbox 1425 3014 1640 3067; x_wconf 85' lang='grc' dir='ltr'>δίδωσιν</span> <span class='ocrx_word' id='word_1_382' title='bbox 1673 3016 1700 3067; x_wconf 87' lang='grc' dir='ltr'>ὁ</span> <span class='ocrx_word' id='word_1_383' title='bbox 1732 3014 1843 3065; x_wconf 90' lang='grc' dir='ltr'>Σω-</span> 
     </span>
    </p>
   </div>
   <div class='ocr_carea' id='block_1_58' title="bbox 254 3104 1845 3177">
    <p class='ocr_par' dir='ltr' id='par_1_58' title="bbox 254 3104 1845 3177">
     <span class='ocr_line' id='line_1_58' title="bbox 254 3104 1845 3177; baseline 0.001 -20"><span class='ocrx_word' id='word_1_384' title='bbox 254 3104 388 3176; x_wconf 77' lang='grc' dir='ltr'>τὴρ,</span> <span class='ocrx_word' id='word_1_385' title='bbox 422 3105 496 3176; x_wconf 79' lang='grc' dir='ltr'><strong>μὴ</strong></span> <span class='ocrx_word' id='word_1_386' title='bbox 525 3104 738 3177; x_wconf 77' lang='grc' dir='ltr'>φρονεῖν</span> <span class='ocrx_word' id='word_1_387' title='bbox 755 3108 835 3175; x_wconf 76' lang='grc' dir='ltr'><strong>ἐφ’</strong></span> <span class='ocrx_word' id='word_1_388' title='bbox 866 3109 1077 3169; x_wconf 84' lang='grc' dir='ltr'>ἐαυτοῖς</span> <span class='ocrx_word' id='word_1_389' title='bbox 1109 3107 1382 3177; x_wconf 81' lang='grc' dir='ltr'>δεομένοις</span> <span class='ocrx_word' id='word_1_390' title='bbox 1405 3106 1503 3177; x_wconf 85' lang='grc' dir='ltr'><strong>τῆς</strong></span> <span class='ocrx_word' id='word_1_391' title='bbox 1529 3104 1682 3177; x_wconf 81' lang='grc' dir='ltr'>παρὰ</span> <span class='ocrx_word' id='word_1_392' title='bbox 1710 3104 1845 3158; x_wconf 86' lang='grc' dir='ltr'>Θεοῦ</span> 
     </span>
    </p>
   </div>
   <div class='ocr_carea' id='block_1_59' title="bbox 256 3196 1844 3270">
    <p class='ocr_par' dir='ltr' id='par_1_59' title="bbox 256 3196 1844 3270">
     <span class='ocr_line' id='line_1_59' title="bbox 256 3196 1844 3270; baseline -0.003 -20"><span class='ocrx_word' id='word_1_393' title='bbox 256 3198 535 3270; x_wconf 79' lang='grc' dir='ltr'>βοηθείας.</span> <span class='ocrx_word' id='word_1_394' title='bbox 552 3198 738 3269; x_wconf 80' lang='grc' dir='ltr'>Τρίϐοι</span> <span class='ocrx_word' id='word_1_395' title='bbox 773 3197 828 3250; x_wconf 86' lang='grc' dir='ltr'><strong>δέ</strong></span> <span class='ocrx_word' id='word_1_396' title='bbox 853 3198 1056 3269; x_wconf 84' lang='grc' dir='ltr'>Κυρίου</span> <span class='ocrx_word' id='word_1_397' title='bbox 1080 3197 1187 3249; x_wconf 85' lang='grc' dir='ltr'><strong>τῶν</strong></span> <span class='ocrx_word' id='word_1_398' title='bbox 1225 3196 1451 3255; x_wconf 84' lang='grc' dir='ltr'>ἐντολῶν</span> <span class='ocrx_word' id='word_1_399' title='bbox 1475 3196 1531 3247; x_wconf 88' lang='grc' dir='ltr'>αἱ</span> <span class='ocrx_word' id='word_1_400' title='bbox 1554 3196 1812 3267; x_wconf 80' lang='grc' dir='ltr'>τηρήσεις</span> <span class='ocrx_word' id='word_1_401' title='bbox 1831 3212 1844 3224; x_wconf 91' lang='grc'>·</span> 
     </span>
    </p>
   </div>
   <div class='ocr_carea' id='block_1_60' title="bbox 256 3288 1845 3363">
    <p class='ocr_par' dir='ltr' id='par_1_60' title="bbox 256 3288 1845 3363">
     <span class='ocr_line' id='line_1_60' title="bbox 256 3288 1845 3363; baseline -0.002 -21"><span class='ocrx_word' id='word_1_402' title='bbox 256 3291 469 3361; x_wconf 79' lang='grc' dir='ltr'>μᾶλλον</span> <span class='ocrx_word' id='word_1_403' title='bbox 494 3291 549 3343; x_wconf 83' lang='grc' dir='ltr'>δὲ</span> <span class='ocrx_word' id='word_1_404' title='bbox 578 3292 633 3345; x_wconf 81' lang='grc' dir='ltr'>αἱ</span> <span class='ocrx_word' id='word_1_405' title='bbox 664 3291 784 3344; x_wconf 82' lang='grc' dir='ltr'>κατ’</span> <span class='ocrx_word' id='word_1_406' title='bbox 809 3290 1007 3363; x_wconf 74' lang='grc' dir='ltr'>ἀρετὴν</span> <span class='ocrx_word' id='word_1_407' title='bbox 1042 3290 1332 3361; x_wconf 76' lang='grc' dir='ltr'>ἐνέργειαι,</span> <span class='ocrx_word' id='word_1_408' title='bbox 1350 3288 1550 3359; x_wconf 75' lang='grc' dir='ltr'>ὁμαλαὶ</span> <span class='ocrx_word' id='word_1_409' title='bbox 1584 3288 1679 3341; x_wconf 80' lang='grc' dir='ltr'><strong>καὶ</strong></span> <span class='ocrx_word' id='word_1_410' title='bbox 1706 3288 1845 3341; x_wconf 88' lang='grc' dir='ltr'>λεῖαι</span> 
     </span>
    </p>
   </div>
   <div class='ocr_carea' id='block_1_61' title="bbox 251 3380 1846 3455">
    <p class='ocr_par' dir='ltr' id='par_1_61' title="bbox 251 3380 1846 3455">
     <span class='ocr_line' id='line_1_61' title="bbox 251 3380 1846 3455; baseline -0.001 -19"><span class='ocrx_word' id='word_1_411' title='bbox 251 3383 552 3455; x_wconf 86' lang='grc' dir='ltr'>δειχθεῖσαι</span> <span class='ocrx_word' id='word_1_412' title='bbox 584 3386 648 3436; x_wconf 83' lang='grc' dir='ltr'><strong>ἐκ</strong></span> <span class='ocrx_word' id='word_1_413' title='bbox 695 3382 787 3436; x_wconf 85' lang='grc' dir='ltr'><strong>τοῦ</strong></span> <span class='ocrx_word' id='word_1_414' title='bbox 817 3382 1053 3453; x_wconf 84' lang='grc' dir='ltr'>συνεχῶς</span> <span class='ocrx_word' id='word_1_415' title='bbox 1087 3381 1374 3435; x_wconf 87' lang='grc' dir='ltr'>πατεῖσθαι</span> <span class='ocrx_word' id='word_1_416' title='bbox 1408 3382 1543 3452; x_wconf 81' lang='grc' dir='ltr'>πρὸς</span> <span class='ocrx_word' id='word_1_417' title='bbox 1573 3380 1681 3435; x_wconf 84' lang='grc' dir='ltr'>τῶν</span> <span class='ocrx_word' id='word_1_418' title='bbox 1715 3380 1846 3449; x_wconf 81' lang='grc' dir='ltr'>φθά-</span> 
     </span>
    </p>
   </div>
   <div class='ocr_carea' id='block_1_62' title="bbox 256 3470 1842 3541">
    <p class='ocr_par' dir='ltr' id='par_1_62' title="bbox 256 3470 1842 3541">
     <span class='ocr_line' id='line_1_62' title="bbox 256 3470 1842 3541; baseline -0.002 -16"><span class='ocrx_word' id='word_1_419' title='bbox 256 3490 354 3527; x_wconf 83' lang='grc' dir='ltr'><strong>σαι</strong></span> <span class='ocrx_word' id='word_1_420' title='bbox 408 3473 743 3527; x_wconf 83' lang='grc' dir='ltr'>σπευδόντων</span> <span class='ocrx_word' id='word_1_421' title='bbox 776 3474 867 3527; x_wconf 75' lang='grc' dir='ltr'><strong>ἐπὶ</strong></span> <span class='ocrx_word' id='word_1_422' title='bbox 889 3473 950 3525; x_wconf 81' lang='grc' dir='ltr'><strong>τὸ</strong></span> <span class='ocrx_word' id='word_1_423' title='bbox 989 3472 1137 3536; x_wconf 82' lang='grc' dir='ltr'>τέλος</span> <span class='ocrx_word' id='word_1_424' title='bbox 1190 3470 1391 3537; x_wconf 81' lang='grc' dir='ltr'>αὐτῶν,</span> <span class='ocrx_word' id='word_1_425' title='bbox 1430 3472 1567 3541; x_wconf 82' lang='grc' dir='ltr'>ὅπερ</span> <span class='ocrx_word' id='word_1_426' title='bbox 1615 3470 1761 3523; x_wconf 75' lang='grc' dir='ltr'>ἐστὶν</span> <span class='ocrx_word' id='word_1_427' title='bbox 1809 3472 1842 3541; x_wconf 85' lang='grc' dir='ltr'><strong>ή</strong></span> 
     </span>
    </p>
   </div>
   <div class='ocr_carea' id='block_1_63' title="bbox 254 3561 1843 3637">
    <p class='ocr_par' dir='ltr' id='par_1_63' title="bbox 254 3561 1843 3637">
     <span class='ocr_line' id='line_1_63' title="bbox 254 3561 1843 3637; baseline -0.004 -17"><span class='ocrx_word' id='word_1_428' title='bbox 254 3566 623 3637; x_wconf 79' lang='grc' dir='ltr'>μακαριότης,</span> <span class='ocrx_word' id='word_1_429' title='bbox 673 3566 766 3619; x_wconf 79' lang='grc' dir='ltr'><strong>καί</strong></span> <span class='ocrx_word' id='word_1_430' title='bbox 798 3565 906 3618; x_wconf 81' lang='grc' dir='ltr'><strong>τῶν</strong></span> <span class='ocrx_word' id='word_1_431' title='bbox 938 3564 1275 3633; x_wconf 72' lang='grc' dir='ltr'>ἐπαγγελιῶν</span> <span class='ocrx_word' id='word_1_432' title='bbox 1320 3566 1353 3635; x_wconf 85' lang='grc' dir='ltr'>ὴ</span> <span class='ocrx_word' id='word_1_433' title='bbox 1388 3563 1665 3627; x_wconf 85' lang='grc' dir='ltr'>ἀπόδοσις.</span> <span class='ocrx_word' id='word_1_434' title='bbox 1700 3561 1843 3633; x_wconf 86' lang='grc' dir='ltr'>Δρά-</span> 
     </span>
    </p>
   </div>
   <div class='ocr_carea' id='block_1_64' title="bbox 256 3652 1841 3728">
    <p class='ocr_par' dir='ltr' id='par_1_64' title="bbox 256 3652 1841 3728">
     <span class='ocr_line' id='line_1_64' title="bbox 256 3652 1841 3728; baseline -0.003 -19"><span class='ocrx_word' id='word_1_435' title='bbox 256 3674 456 3728; x_wconf 82' lang='grc' dir='ltr'>μωμεν</span> <span class='ocrx_word' id='word_1_436' title='bbox 486 3658 665 3711; x_wconf 83' lang='grc' dir='ltr'>τοίνυν</span> <span class='ocrx_word' id='word_1_437' title='bbox 689 3659 806 3709; x_wconf 81' lang='grc' dir='ltr'>κατ’</span> <span class='ocrx_word' id='word_1_438' title='bbox 839 3656 1054 3721; x_wconf 74' lang='grc' dir='ltr'>αὐτοὺς,</span> <span class='ocrx_word' id='word_1_439' title='bbox 1082 3656 1141 3708; x_wconf 86' lang='grc' dir='ltr'><strong>οὐ</strong></span> <span class='ocrx_word' id='word_1_440' title='bbox 1171 3654 1557 3725; x_wconf 79' lang='grc' dir='ltr'>σφαλλομένων</span> <span class='ocrx_word' id='word_1_441' title='bbox 1582 3653 1690 3706; x_wconf 88' lang='grc' dir='ltr'>τῶν</span> <span class='ocrx_word' id='word_1_442' title='bbox 1724 3652 1841 3705; x_wconf 87' lang='grc' dir='ltr'>δια-</span> 
     </span>
    </p>
   </div>
   <div class='ocr_carea' id='block_1_65' title="bbox 251 3746 1838 3821">
    <p class='ocr_par' dir='ltr' id='par_1_65' title="bbox 251 3746 1838 3821">
     <span class='ocr_line' id='line_1_65' title="bbox 251 3746 1838 3821; baseline -0.003 -20"><span class='ocrx_word' id='word_1_443' title='bbox 251 3750 519 3819; x_wconf 77' lang='grc' dir='ltr'>δημάτων</span> <span class='ocrx_word' id='word_1_444' title='bbox 545 3752 576 3821; x_wconf 84' lang='grc' dir='ltr'>ἡ</span> <span class='ocrx_word' id='word_1_445' title='bbox 588 3750 721 3820; x_wconf 86' lang='grc' dir='ltr'>μῶν,</span> <span class='ocrx_word' id='word_1_446' title='bbox 752 3752 799 3802; x_wconf 82' lang='grc' dir='ltr'><strong>εἰ</strong></span> <span class='ocrx_word' id='word_1_447' title='bbox 823 3748 1024 3819; x_wconf 85' lang='grc' dir='ltr'>Κύριος</span> <span class='ocrx_word' id='word_1_448' title='bbox 1057 3748 1196 3800; x_wconf 79' lang='grc' dir='ltr'>αὐτὰ</span> <span class='ocrx_word' id='word_1_449' title='bbox 1218 3746 1596 3817; x_wconf 87' lang='grc' dir='ltr'>καταρτίσειεν</span> <span class='ocrx_word' id='word_1_450' title='bbox 1628 3746 1687 3797; x_wconf 88' lang='grc' dir='ltr'><strong>ἐν</strong></span> <span class='ocrx_word' id='word_1_451' title='bbox 1716 3746 1838 3808; x_wconf 81' lang='grc' dir='ltr'>ταῖς</span> 
     </span>
    </p>
   </div>
   <div class='ocr_carea' id='block_1_66' title="bbox 250 3838 1833 3913">
    <p class='ocr_par' dir='ltr' id='par_1_66' title="bbox 250 3838 1833 3913">
     <span class='ocr_line' id='line_1_66' title="bbox 250 3838 1833 3913; baseline 0 -22"><span class='ocrx_word' id='word_1_452' title='bbox 250 3841 468 3912; x_wconf 77' lang='grc' dir='ltr'>τρίϐοις</span> <span class='ocrx_word' id='word_1_453' title='bbox 500 3838 684 3894; x_wconf 78' lang='grc' dir='ltr'>αὑτοῦ.</span> <span class='ocrx_word' id='word_1_454' title='bbox 715 3842 930 3912; x_wconf 81' lang='grc' dir='ltr'>Ταύτης</span> <span class='ocrx_word' id='word_1_455' title='bbox 954 3843 1051 3913; x_wconf 75' lang='grc' dir='ltr'>τῆς</span> <span class='ocrx_word' id='word_1_456' title='bbox 1083 3844 1349 3913; x_wconf 78' lang='grc' dir='ltr'>αἰτήσεως</span> <span class='ocrx_word' id='word_1_457' title='bbox 1373 3843 1400 3893; x_wconf 88' lang='grc' dir='ltr'>ὁ</span> <span class='ocrx_word' id='word_1_458' title='bbox 1426 3838 1601 3910; x_wconf 84' lang='grc' dir='ltr'>τυχών</span> <span class='ocrx_word' id='word_1_459' title='bbox 1638 3855 1833 3909; x_wconf 74' lang='grc' dir='ltr'>φησιν’</span> 
     </span>
    </p>
   </div>
   <div class='ocr_carea' id='block_1_67' title="bbox 254 3932 1826 4002">
    <p class='ocr_par' dir='ltr' id='par_1_67' title="bbox 254 3932 1826 4002">
     <span class='ocr_line' id='line_1_67' title="bbox 254 3932 1826 4002; baseline -0.001 -17"><span class='ocrx_word' id='word_1_460' title='bbox 254 3934 432 3985; x_wconf 77' lang='grc' dir='ltr'>Ἄνευ</span> <span class='ocrx_word' id='word_1_461' title='bbox 466 3933 715 4002; x_wconf 80' lang='grc' dir='ltr'>ἀνομίας</span> <span class='ocrx_word' id='word_1_462' title='bbox 753 3932 1014 4002; x_wconf 78' lang='grc' dir='ltr'>ἔδραμον</span> <span class='ocrx_word' id='word_1_463' title='bbox 1052 3933 1152 3986; x_wconf 81' lang='grc' dir='ltr'>καὶ</span> <span class='ocrx_word' id='word_1_464' title='bbox 1195 3934 1573 4001; x_wconf 79' lang='grc' dir='ltr'>κατηύθυνα·</span> <span class='ocrx_word' id='word_1_465' title='bbox 1606 3933 1701 3986; x_wconf 77' lang='grc' dir='ltr'><strong>καὶ</strong></span> <span class='ocrx_word' id='word_1_466' title='bbox 1743 3932 1826 3996; x_wconf 80' lang='grc' dir='ltr'>τὸ,</span> 
     </span>
    </p>
   </div>
   <div class='ocr_carea' id='block_1_68' title="bbox 264 4022 1833 4096">
    <p class='ocr_par' dir='ltr' id='par_1_68' title="bbox 264 4022 1833 4096">
     <span class='ocr_line' id='line_1_68' title="bbox 264 4022 1833 4096; baseline -0.001 -19"><span class='ocrx_word' id='word_1_467' title='bbox 264 4023 446 4077; x_wconf 80' lang='grc' dir='ltr'><em>Ὀδὸν</em></span> <span class='ocrx_word' id='word_1_468' title='bbox 479 4023 740 4078; x_wconf 72' lang='grc' dir='ltr'>ἐντολῶν</span> <span class='ocrx_word' id='word_1_469' title='bbox 766 4040 881 4079; x_wconf 86' lang='grc' dir='ltr'>σου</span> <span class='ocrx_word' id='word_1_470' title='bbox 908 4025 1190 4096; x_wconf 78' lang='grc' dir='ltr'>ἔδραμον,</span> <span class='ocrx_word' id='word_1_471' title='bbox 1237 4025 1335 4079; x_wconf 86' lang='grc' dir='ltr'>ὅτε</span> <span class='ocrx_word' id='word_1_472' title='bbox 1382 4023 1458 4078; x_wconf 80' lang='grc' dir='ltr'><strong>ἂν</strong></span> <span class='ocrx_word' id='word_1_473' title='bbox 1486 4022 1833 4091; x_wconf 77' lang='grc' dir='ltr'>ἐπλάτυνας</span> 
     </span>
    </p>
   </div>
   <div class='ocr_carea' id='block_1_69' title="bbox 251 4114 821 4184">
    <p class='ocr_par' dir='ltr' id='par_1_69' title="bbox 251 4114 821 4184">
     <span class='ocr_line' id='line_1_69' title="bbox 251 4114 821 4184; baseline -0.004 -15"><span class='ocrx_word' id='word_1_474' title='bbox 251 4114 375 4183; x_wconf 74' lang='grc' dir='ltr'><strong>τὴν</strong></span> <span class='ocrx_word' id='word_1_475' title='bbox 401 4114 653 4182; x_wconf 79' lang='grc' dir='ltr'>καρδίαν</span> <span class='ocrx_word' id='word_1_476' title='bbox 681 4132 821 4184; x_wconf 82' lang='grc' dir='ltr'>μου.</span> 
     </span>
    </p>
   </div>
   <div class='ocr_carea' id='block_1_70' title="bbox 886 4211 1190 4266">
    <p class='ocr_par' dir='ltr' id='par_1_70' title="bbox 886 4211 1190 4266">
     <span class='ocr_line' id='line_1_70' title="bbox 886 4211 1190 4266; baseline 0 -1"><span class='ocrx_word' id='word_1_477' title='bbox 886 4212 1055 4266; x_wconf 82' lang='grc' dir='ltr'><strong>ΨΑΛ.</strong></span> <span class='ocrx_word' id='word_1_478' title='bbox 1095 4211 1190 4266; x_wconf 86' lang='grc' dir='ltr'>1Ζ¹.</span> 
     </span>
    </p>
   </div>
   <div class='ocr_carea' id='block_1_71' title="bbox 247 4300 1831 4376">
    <p class='ocr_par' dir='ltr' id='par_1_71' title="bbox 247 4300 1831 4376">
     <span class='ocr_line' id='line_1_71' title="bbox 247 4300 1831 4376; baseline -0.003 -19"><span class='ocrx_word' id='word_1_479' title='bbox 247 4304 400 4376; x_wconf 70' lang='grc' dir='ltr'>Στίχ.</span> <span class='ocrx_word' id='word_1_480' title='bbox 430 4310 504 4369; x_wconf 85' lang='grc' dir='ltr'>ς’.</span> <span class='ocrx_word' id='word_1_481' title='bbox 549 4304 768 4376; x_wconf 82' lang='grc' dir='ltr'>Ὠδῖνες</span> <span class='ocrx_word' id='word_1_482' title='bbox 805 4304 953 4371; x_wconf 77' lang='grc' dir='ltr'>ᾅδου</span> <span class='ocrx_word' id='word_1_483' title='bbox 994 4300 1507 4376; x_wconf 65' lang='grc' dir='ltr'><strong>περἐνιύκλωσὰικ·¹</strong></span> <span class='ocrx_word' id='word_1_484' title='bbox 1542 4318 1648 4371; x_wconf 79' lang='grc' dir='ltr'>με’</span> <span class='ocrx_word' id='word_1_485' title='bbox 1689 4313 1831 4369; x_wconf 80' lang='grc' dir='ltr'>προ-</span> 
     </span>
    </p>
   </div>
   <div class='ocr_carea' id='block_1_72' title="bbox 558 4373 1521 4444">
    <p class='ocr_par' dir='ltr' id='par_1_72' title="bbox 558 4373 1521 4444">
     <span class='ocr_line' id='line_1_72' title="bbox 558 4373 1521 4444; baseline 0 -15"><span class='ocrx_word' id='word_1_486' title='bbox 558 4374 834 4444; x_wconf 71' lang='grc' dir='ltr'>ἐφθασάν</span> <span class='ocrx_word' id='word_1_487' title='bbox 864 4392 940 4444; x_wconf 85' lang='grc' dir='ltr'><strong>με</strong></span> <span class='ocrx_word' id='word_1_488' title='bbox 976 4374 1223 4443; x_wconf 77' lang='grc' dir='ltr'>παγιδες</span> <span class='ocrx_word' id='word_1_489' title='bbox 1241 4373 1521 4429; x_wconf 75' lang='grc' dir='ltr'>θανάτου.</span> 
     </span>
    </p>
   </div>
   <div class='ocr_carea' id='block_1_73' title="bbox 327 4462 1821 4538">
    <p class='ocr_par' dir='ltr' id='par_1_73' title="bbox 327 4462 1821 4538">
     <span class='ocr_line' id='line_1_73' title="bbox 327 4462 1821 4538; baseline -0.003 -19"><span class='ocrx_word' id='word_1_490' title='bbox 327 4468 582 4538; x_wconf 82' lang='grc' dir='ltr'>Ἀρμόσει</span> <span class='ocrx_word' id='word_1_491' title='bbox 612 4468 669 4520; x_wconf 85' lang='grc' dir='ltr'><strong>δὲ</strong></span> <span class='ocrx_word' id='word_1_492' title='bbox 692 4466 862 4521; x_wconf 89' lang='grc' dir='ltr'>ταῦτα</span> <span class='ocrx_word' id='word_1_493' title='bbox 896 4468 990 4521; x_wconf 76' lang='grc' dir='ltr'><strong>καὶ</strong></span> <span class='ocrx_word' id='word_1_494' title='bbox 1021 4466 1100 4537; x_wconf 82' lang='grc' dir='ltr'>τῷ</span> <span class='ocrx_word' id='word_1_495' title='bbox 1132 4466 1366 4538; x_wconf 83' lang='grc' dir='ltr'>Σωτῆρι,</span> <span class='ocrx_word' id='word_1_496' title='bbox 1398 4465 1590 4536; x_wconf 77' lang='grc' dir='ltr'>ἔχοντα</span> <span class='ocrx_word' id='word_1_497' title='bbox 1622 4462 1821 4534; x_wconf 84' lang='grc' dir='ltr'>πολλὴν</span> 
     </span>
    </p>
   </div>
   <div class='ocr_carea' id='block_1_74' title="bbox 242 4554 1817 4626">
    <p class='ocr_par' dir='ltr' id='par_1_74' title="bbox 242 4554 1817 4626">
     <span class='ocr_line' id='line_1_74' title="bbox 242 4554 1817 4626; baseline -0.003 -17"><span class='ocrx_word' id='word_1_498' title='bbox 242 4556 551 4626; x_wconf 76' lang='grc' dir='ltr'>οἰκειότητα</span> <span class='ocrx_word' id='word_1_499' title='bbox 580 4555 717 4626; x_wconf 70' lang='grc' dir='ltr'>πρὸς</span> <span class='ocrx_word' id='word_1_500' title='bbox 746 4556 826 4620; x_wconf 88' lang='grc' dir='ltr'><strong>τὸ,</strong></span> <span class='ocrx_word' id='word_1_501' title='bbox 856 4556 985 4610; x_wconf 79' lang='grc' dir='ltr'><strong>Νῦν</strong></span> <span class='ocrx_word' id='word_1_502' title='bbox 1020 4557 1059 4622; x_wconf 73' lang='grc' dir='ltr'>ἡ</span> <span class='ocrx_word' id='word_1_503' title='bbox 1092 4554 1263 4624; x_wconf 70' lang='grc' dir='ltr'>ψυχή</span> <span class='ocrx_word' id='word_1_504' title='bbox 1300 4573 1419 4624; x_wconf 83' lang='grc' dir='ltr'><strong>μου</strong></span> <span class='ocrx_word' id='word_1_505' title='bbox 1440 4554 1817 4622; x_wconf 73' lang='grc' dir='ltr'>τετάρακταιο</span> 
     </span>
    </p>
   </div>
   <div class='ocr_carea' id='block_1_75' title="bbox 240 4646 1817 4717">
    <p class='ocr_par' dir='ltr' id='par_1_75' title="bbox 240 4646 1817 4717">
     <span class='ocr_line' id='line_1_75' title="bbox 240 4646 1817 4717; baseline 0 -17"><span class='ocrx_word' id='word_1_506' title='bbox 240 4648 358 4709; x_wconf 71' lang='grc' dir='ltr'>καὶ,</span> <span class='ocrx_word' id='word_1_507' title='bbox 392 4648 727 4715; x_wconf 68' lang='grc' dir='ltr'>Περίλυπός</span> <span class='ocrx_word' id='word_1_508' title='bbox 748 4648 917 4702; x_wconf 83' lang='grc' dir='ltr'>ἐστιν</span> <span class='ocrx_word' id='word_1_509' title='bbox 944 4650 981 4717; x_wconf 76' lang='grc' dir='ltr'><strong>η</strong></span> <span class='ocrx_word' id='word_1_510' title='bbox 1022 4647 1192 4716; x_wconf 66' lang='grc' dir='ltr'><strong>ψυχή</strong></span> <span class='ocrx_word' id='word_1_511' title='bbox 1225 4666 1343 4716; x_wconf 84' lang='grc' dir='ltr'><strong>μου</strong></span> <span class='ocrx_word' id='word_1_512' title='bbox 1370 4648 1480 4713; x_wconf 79' lang='grc' dir='ltr'>ἕως</span> <span class='ocrx_word' id='word_1_513' title='bbox 1525 4646 1781 4701; x_wconf 82' lang='grc' dir='ltr'>θανάτου</span> <span class='ocrx_word' id='word_1_514' title='bbox 1804 4687 1817 4700; x_wconf 95' lang='grc'><strong>.</strong></span> 
     </span>
    </p>
   </div>
   <div class='ocr_carea' id='block_1_76' title="bbox 240 4738 1818 4808">
    <p class='ocr_par' dir='ltr' id='par_1_76' title="bbox 240 4738 1818 4808">
     <span class='ocr_line' id='line_1_76' title="bbox 240 4738 1818 4808; baseline -0.001 -17"><span class='ocrx_word' id='word_1_515' title='bbox 240 4740 391 4808; x_wconf 72' lang='grc' dir='ltr'>Στίχ.</span> <span class='ocrx_word' id='word_1_516' title='bbox 417 4738 488 4808; x_wconf 87' lang='grc' dir='ltr'><strong>η’.</strong></span> <span class='ocrx_word' id='word_1_517' title='bbox 517 4739 626 4793; x_wconf 79' lang='grc' dir='ltr'><strong>Καὶ</strong></span> <span class='ocrx_word' id='word_1_518' title='bbox 679 4741 1001 4805; x_wconf 77' lang='grc' dir='ltr'>ἐσαλεύθη,</span> <span class='ocrx_word' id='word_1_519' title='bbox 1046 4742 1141 4793; x_wconf 80' lang='grc' dir='ltr'>καὶ</span> <span class='ocrx_word' id='word_1_520' title='bbox 1165 4740 1449 4808; x_wconf 74' lang='grc' dir='ltr'>ἔντρομος</span> <span class='ocrx_word' id='word_1_521' title='bbox 1492 4738 1744 4806; x_wconf 76' lang='grc' dir='ltr'>ἐγενήθη</span> <span class='ocrx_word' id='word_1_522' title='bbox 1779 4740 1818 4807; x_wconf 80' lang='grc' dir='ltr'>ἡ</span> 
     </span>
    </p>
   </div>
   <div class='ocr_carea' id='block_1_77' title="bbox 307 4801 1816 4949">
    <p class='ocr_par' dir='ltr' id='par_1_77' title="bbox 307 4801 1816 4949">
     <span class='ocr_line' id='line_1_77' title="bbox 314 4801 1816 4879; baseline -0.001 -17"><span class='ocrx_word' id='word_1_523' title='bbox 314 4801 411 4879; x_wconf 54' lang='grc' dir='ltr'>γεῆ.</span> <span class='ocrx_word' id='word_1_524' title='bbox 443 4801 555 4862; x_wconf 67' lang='grc' dir='ltr'><strong>Καὶ</strong></span> <span class='ocrx_word' id='word_1_525' title='bbox 609 4810 682 4863; x_wconf 85' lang='grc' dir='ltr'>τὰ</span> <span class='ocrx_word' id='word_1_526' title='bbox 719 4801 1108 4879; x_wconf 64' lang='grc' dir='ltr'>θεμέλιατῶν</span> <span class='ocrx_word' id='word_1_527' title='bbox 1157 4801 1351 4877; x_wconf 64' lang='grc' dir='ltr'>ὀρέξοιῖ</span> <span class='ocrx_word' id='word_1_528' title='bbox 1374 4801 1816 4878; x_wconf 65' lang='grc' dir='ltr'>ἐταράχθησαν,</span> 
     </span>
     <span class='ocr_line' id='line_1_78' title="bbox 307 4879 1811 4949; baseline 0 -17"><span class='ocrx_word' id='word_1_529' title='bbox 307 4880 409 4933; x_wconf 75' lang='grc' dir='ltr'>καὶ</span> <span class='ocrx_word' id='word_1_530' title='bbox 442 4881 881 4947; x_wconf 71' lang='grc' dir='ltr'>ἐσαλεύθησαν,</span> <span class='ocrx_word' id='word_1_531' title='bbox 926 4880 1012 4933; x_wconf 84' lang='grc' dir='ltr'>ὅτι</span> <span class='ocrx_word' id='word_1_532' title='bbox 1042 4880 1299 4949; x_wconf 75' lang='grc' dir='ltr'>ὠργίσθη</span> <span class='ocrx_word' id='word_1_533' title='bbox 1332 4879 1535 4944; x_wconf 77' lang='grc' dir='ltr'>αὐτοῖς</span> <span class='ocrx_word' id='word_1_534' title='bbox 1571 4882 1602 4932; x_wconf 88' lang='grc' dir='ltr'><strong><em>ό</em></strong></span> <span class='ocrx_word' id='word_1_535' title='bbox 1649 4880 1811 4944; x_wconf 82' lang='grc' dir='ltr'>Θεός.</span> 
     </span>
    </p>
   </div>
   <div class='ocr_carea' id='block_1_78' title="bbox 304 4969 1814 5044">
    <p class='ocr_par' dir='ltr' id='par_1_78' title="bbox 304 4969 1814 5044">
     <span class='ocr_line' id='line_1_79' title="bbox 304 4969 1814 5044; baseline -0.001 -19"><span class='ocrx_word' id='word_1_536' title='bbox 304 4973 601 5043; x_wconf 79' lang='grc' dir='ltr'>Προδήλως</span> <span class='ocrx_word' id='word_1_537' title='bbox 624 4972 862 5025; x_wconf 85' lang='grc' dir='ltr'>δείκνυσι</span> <span class='ocrx_word' id='word_1_538' title='bbox 894 4974 987 5026; x_wconf 87' lang='grc' dir='ltr'><strong>τοῦ</strong></span> <span class='ocrx_word' id='word_1_539' title='bbox 1015 4973 1149 5026; x_wconf 85' lang='grc' dir='ltr'>Θεοῦ</span> <span class='ocrx_word' id='word_1_540' title='bbox 1185 4974 1284 5044; x_wconf 79' lang='grc' dir='ltr'><strong>τὴν</strong></span> <span class='ocrx_word' id='word_1_541' title='bbox 1318 4971 1617 5029; x_wconf 80' lang='grc' dir='ltr'>κατάϐασιν</span> <span class='ocrx_word' id='word_1_542' title='bbox 1645 4971 1731 5023; x_wconf 78' lang='grc' dir='ltr'><strong>διὰ</strong></span> <span class='ocrx_word' id='word_1_543' title='bbox 1747 4969 1814 5023; x_wconf 84' lang='grc' dir='ltr'>τὰ</span> 
     </span>
    </p>
   </div>
   <div class='ocr_carea' id='block_1_79' title="bbox 237 5060 1811 5137">
    <p class='ocr_par' dir='ltr' id='par_1_79' title="bbox 237 5060 1811 5137">
     <span class='ocr_line' id='line_1_80' title="bbox 237 5060 1811 5137; baseline -0.003 -18"><span class='ocrx_word' id='word_1_544' title='bbox 237 5065 634 5137; x_wconf 81' lang='grc' dir='ltr'>προειρημένα,</span> <span class='ocrx_word' id='word_1_545' title='bbox 668 5065 759 5117; x_wconf 83' lang='grc' dir='ltr'>τόν</span> <span class='ocrx_word' id='word_1_546' title='bbox 809 5083 867 5119; x_wconf 87' lang='grc' dir='ltr'><strong>τε</strong></span> <span class='ocrx_word' id='word_1_547' title='bbox 907 5064 1133 5118; x_wconf 87' lang='grc' dir='ltr'>θάνατον</span> <span class='ocrx_word' id='word_1_548' title='bbox 1179 5065 1274 5118; x_wconf 81' lang='grc' dir='ltr'><strong>καὶ</strong></span> <span class='ocrx_word' id='word_1_549' title='bbox 1322 5062 1420 5129; x_wconf 84' lang='grc' dir='ltr'><strong>τὰς</strong></span> <span class='ocrx_word' id='word_1_550' title='bbox 1469 5064 1662 5126; x_wconf 83' lang='grc' dir='ltr'>ὠδῖνας</span> <span class='ocrx_word' id='word_1_551' title='bbox 1717 5060 1811 5115; x_wconf 82' lang='grc' dir='ltr'><strong>τοῦ</strong></span> 
     </span>
    </p>
   </div>
   <div class='ocr_carea' id='block_1_80' title="bbox 234 5148 1810 5225">
    <p class='ocr_par' dir='ltr' id='par_1_80' title="bbox 234 5148 1810 5225">
     <span class='ocr_line' id='line_1_81' title="bbox 234 5148 1810 5225; baseline -0.001 -18"><span class='ocrx_word' id='word_1_552' title='bbox 234 5155 381 5225; x_wconf 80' lang='grc' dir='ltr'>ᾅδου.</span> <span class='ocrx_word' id='word_1_553' title='bbox 423 5154 514 5218; x_wconf 78' lang='grc' dir='ltr'><strong>Ἐξ</strong></span> <span class='ocrx_word' id='word_1_554' title='bbox 538 5148 600 5207; x_wconf 75' lang='grc' dir='ltr'><strong>οῦ</strong></span> <span class='ocrx_word' id='word_1_555' title='bbox 626 5155 682 5207; x_wconf 84' lang='grc' dir='ltr'><strong>δὲ</strong></span> <span class='ocrx_word' id='word_1_556' title='bbox 709 5156 1066 5220; x_wconf 81' lang='grc' dir='ltr'>καταϐάντος,</span> <span class='ocrx_word' id='word_1_557' title='bbox 1096 5155 1237 5209; x_wconf 84' lang='grc' dir='ltr'>κατὰ</span> <span class='ocrx_word' id='word_1_558' title='bbox 1273 5157 1364 5210; x_wconf 78' lang='grc' dir='ltr'><strong>τὸν</strong></span> <span class='ocrx_word' id='word_1_559' title='bbox 1406 5155 1659 5219; x_wconf 85' lang='grc' dir='ltr'>Ἀκύλαν,</span> <span class='ocrx_word' id='word_1_560' title='bbox 1688 5156 1810 5208; x_wconf 76' lang='grc' dir='ltr'>ἐκι-</span> 
     </span>
    </p>
   </div>
   <div class='ocr_carea' id='block_1_81' title="bbox 234 5242 1812 5317">
    <p class='ocr_par' dir='ltr' id='par_1_81' title="bbox 234 5242 1812 5317">
     <span class='ocr_line' id='line_1_82' title="bbox 234 5242 1812 5317; baseline -0.001 -19"><span class='ocrx_word' id='word_1_561' title='bbox 234 5248 392 5313; x_wconf 78' lang='grc' dir='ltr'>νήθη</span> <span class='ocrx_word' id='word_1_562' title='bbox 430 5247 529 5298; x_wconf 79' lang='grc' dir='ltr'>καὶ</span> <span class='ocrx_word' id='word_1_563' title='bbox 564 5246 810 5314; x_wconf 82' lang='grc' dir='ltr'>ἐσείσθη</span> <span class='ocrx_word' id='word_1_564' title='bbox 842 5248 877 5316; x_wconf 82' lang='grc' dir='ltr'><strong><em>ἠ</em></strong></span> <span class='ocrx_word' id='word_1_565' title='bbox 912 5244 1006 5316; x_wconf 74' lang='grc' dir='ltr'>γῆ.</span> <span class='ocrx_word' id='word_1_566' title='bbox 1035 5242 1192 5300; x_wconf 79' lang='grc' dir='ltr'>Πᾶσα</span> <span class='ocrx_word' id='word_1_567' title='bbox 1214 5246 1322 5317; x_wconf 83' lang='grc' dir='ltr'>γὰρ</span> <span class='ocrx_word' id='word_1_568' title='bbox 1357 5245 1493 5316; x_wconf 82' lang='grc' dir='ltr'>ἀκοὴ</span> <span class='ocrx_word' id='word_1_569' title='bbox 1529 5244 1812 5316; x_wconf 82' lang='grc' dir='ltr'>Ἑλληνικὴ</span> 
     </span>
    </p>
   </div>
   <div class='ocr_carea' id='block_1_82' title="bbox 234 5328 1814 5410">
    <p class='ocr_par' dir='ltr' id='par_1_82' title="bbox 234 5328 1814 5410">
     <span class='ocr_line' id='line_1_83' title="bbox 234 5328 1814 5410; baseline -0.002 -19"><span class='ocrx_word' id='word_1_570' title='bbox 234 5340 323 5391; x_wconf 68' lang='grc' dir='ltr'><strong>καὶ</strong></span> <span class='ocrx_word' id='word_1_571' title='bbox 355 5338 628 5410; x_wconf 77' lang='grc' dir='ltr'>βάρὸαρος</span> <span class='ocrx_word' id='word_1_572' title='bbox 654 5338 954 5409; x_wconf 82' lang='grc' dir='ltr'>ἐπληροῦτο</span> <span class='ocrx_word' id='word_1_573' title='bbox 977 5340 1074 5409; x_wconf 82' lang='grc' dir='ltr'>τῆς</span> <span class='ocrx_word' id='word_1_574' title='bbox 1101 5338 1228 5410; x_wconf 85' lang='grc' dir='ltr'><strong>περί</strong></span> <span class='ocrx_word' id='word_1_575' title='bbox 1253 5338 1416 5391; x_wconf 84' lang='grc' dir='ltr'>αὐτοῦ</span> <span class='ocrx_word' id='word_1_576' title='bbox 1445 5339 1648 5408; x_wconf 74' lang='grc' dir='ltr'>φήμης.</span> <span class='ocrx_word' id='word_1_577' title='bbox 1682 5328 1814 5404; x_wconf 76' lang='grc' dir='ltr'><em>Γῆν</em></span> 
     </span>
    </p>
   </div>
   <div class='ocr_carea' id='block_1_83' title="bbox 233 5428 1812 5501">
    <p class='ocr_par' dir='ltr' id='par_1_83' title="bbox 233 5428 1812 5501">
     <span class='ocr_line' id='line_1_84' title="bbox 233 5428 1812 5501; baseline -0.001 -20"><span class='ocrx_word' id='word_1_578' title='bbox 233 5431 337 5499; x_wconf 69' lang='grc' dir='ltr'><strong>γὰρ</strong></span> <span class='ocrx_word' id='word_1_579' title='bbox 391 5428 494 5499; x_wconf 71' lang='grc' dir='ltr'><strong>ἔφη</strong></span> <span class='ocrx_word' id='word_1_580' title='bbox 550 5430 677 5492; x_wconf 68' lang='grc' dir='ltr'>τοὺς</span> <span class='ocrx_word' id='word_1_581' title='bbox 741 5430 832 5482; x_wconf 79' lang='grc' dir='ltr'><strong>ἐπὶ</strong></span> <span class='ocrx_word' id='word_1_582' title='bbox 885 5430 1008 5501; x_wconf 84' lang='grc' dir='ltr'>γῆς.</span> <span class='ocrx_word' id='word_1_583' title='bbox 1045 5430 1257 5497; x_wconf 81' lang='grc' dir='ltr'>Ὀρέων</span> <span class='ocrx_word' id='word_1_584' title='bbox 1298 5429 1377 5491; x_wconf 79' lang='grc' dir='ltr'><strong>δέ,</strong></span> <span class='ocrx_word' id='word_1_585' title='bbox 1423 5428 1532 5481; x_wconf 80' lang='grc' dir='ltr'>τῶν</span> <span class='ocrx_word' id='word_1_586' title='bbox 1575 5430 1812 5480; x_wconf 88' lang='grc' dir='ltr'>ἀντικει-</span> 
     </span>
    </p>
   </div>
   <div class='ocr_carea' id='block_1_84' title="bbox 237 5519 1812 5593">
    <p class='ocr_par' dir='ltr' id='par_1_84' title="bbox 237 5519 1812 5593">
     <span class='ocr_line' id='line_1_85' title="bbox 237 5519 1812 5593; baseline 0.008 -22"><span class='ocrx_word' id='word_1_587' title='bbox 237 5522 410 5587; x_wconf 72' lang='grc' dir='ltr'>μένων</span> <span class='ocrx_word' id='word_1_588' title='bbox 439 5519 718 5592; x_wconf 87' lang='grc' dir='ltr'>δυνάμεων</span> <span class='ocrx_word' id='word_1_589' title='bbox 738 5538 751 5551; x_wconf 88' lang='grc'><strong>·</strong></span> <span class='ocrx_word' id='word_1_590' title='bbox 788 5521 843 5574; x_wconf 84' lang='grc' dir='ltr'>αἳ</span> <span class='ocrx_word' id='word_1_591' title='bbox 868 5524 936 5593; x_wconf 82' lang='grc' dir='ltr'>τῇ</span> <span class='ocrx_word' id='word_1_592' title='bbox 968 5521 1145 5592; x_wconf 84' lang='grc' dir='ltr'>πλάνῃ</span> <span class='ocrx_word' id='word_1_593' title='bbox 1177 5521 1285 5577; x_wconf 82' lang='grc' dir='ltr'><strong>τῶν</strong></span> <span class='ocrx_word' id='word_1_594' title='bbox 1307 5520 1540 5575; x_wconf 84' lang='grc' dir='ltr'>εἰδώλων</span> <span class='ocrx_word' id='word_1_595' title='bbox 1565 5521 1692 5582; x_wconf 82' lang='grc' dir='ltr'>τοὺς</span> <span class='ocrx_word' id='word_1_596' title='bbox 1718 5520 1812 5571; x_wconf 79' lang='grc' dir='ltr'><strong>ἀν·</strong></span> 
     </span>
    </p>
   </div>
   <div class='ocr_carea' id='block_1_85' title="bbox 2550 2752 2927 2809">
    <p class='ocr_par' dir='ltr' id='par_1_85' title="bbox 2550 2752 2927 2809">
     <span class='ocr_line' id='line_1_86' title="bbox 2550 2752 2927 2809; baseline -0.005 -1"><span class='ocrx_word' id='word_1_597' title='bbox 2550 2752 2744 2808; x_wconf 83' lang='lat' dir='ltr'><strong>PSAL.</strong></span> <span class='ocrx_word' id='word_1_598' title='bbox 2788 2752 2927 2809; x_wconf 82' lang='lat' dir='ltr'><strong>XVI.</strong></span> 
     </span>
    </p>
   </div>
   <div class='ocr_carea' id='block_1_86' title="bbox 1956 2848 3524 2919">
    <p class='ocr_par' dir='ltr' id='par_1_86' title="bbox 1956 2848 3524 2919">
     <span class='ocr_line' id='line_1_87' title="bbox 1956 2848 3524 2919; baseline -0.003 -13"><span class='ocrx_word' id='word_1_599' title='bbox 1956 2851 2022 2906; x_wconf 71' lang='grc' dir='ltr'><strong>ν.</strong></span> <span class='ocrx_word' id='word_1_600' title='bbox 2061 2851 2115 2904; x_wconf 75' lang='grc'>4.</span> <span class='ocrx_word' id='word_1_601' title='bbox 2162 2849 2387 2919; x_wconf 84' lang='lat' dir='ltr'><strong>Propter</strong></span> <span class='ocrx_word' id='word_1_602' title='bbox 2411 2865 2673 2903; x_wconf 76' lang='lat' dir='ltr'><strong>sermones</strong></span> <span class='ocrx_word' id='word_1_603' title='bbox 2704 2848 2966 2901; x_wconf 76' lang='lat' dir='ltr'><strong>(abierunt</strong></span> <span class='ocrx_word' id='word_1_604' title='bbox 2995 2858 3231 2913; x_wconf 89' lang='lat' dir='ltr'><strong>tuorum,</strong></span> <span class='ocrx_word' id='word_1_605' title='bbox 3264 2864 3356 2919; x_wconf 85' lang='lat' dir='ltr'><strong>ego</strong></span> <span class='ocrx_word' id='word_1_606' title='bbox 3383 2858 3524 2917; x_wconf 69' lang='lat' dir='ltr'><strong>prc-</strong></span> 
     </span>
    </p>
   </div>
   <div class='ocr_carea' id='block_1_87' title="bbox 2505 2919 2980 2973">
    <p class='ocr_par' dir='ltr' id='par_1_87' title="bbox 2505 2919 2980 2973">
     <span class='ocr_line' id='line_1_88' title="bbox 2505 2919 2980 2973; baseline -0.002 -1"><span class='ocrx_word' id='word_1_607' title='bbox 2505 2922 2621 2973; x_wconf 83' lang='lat' dir='ltr'><strong>cavi</strong></span> <span class='ocrx_word' id='word_1_608' title='bbox 2652 2921 2765 2973; x_wconf 79' lang='lat' dir='ltr'><strong>uias</strong></span> <span class='ocrx_word' id='word_1_609' title='bbox 2796 2919 2980 2972; x_wconf 81' lang='lat' dir='ltr'><strong>duras.</strong></span> 
     </span>
    </p>
   </div>
   <div class='ocr_carea' id='block_1_88' title="bbox 2025 3010 3526 3080">
    <p class='ocr_par' dir='ltr' id='par_1_88' title="bbox 2025 3010 3526 3080">
     <span class='ocr_line' id='line_1_89' title="bbox 2025 3010 3526 3080; baseline -0.001 -15"><span class='ocrx_word' id='word_1_610' title='bbox 2025 3011 2417 3066; x_wconf 88' lang='lat' dir='ltr'><strong>Documentum</strong></span> <span class='ocrx_word' id='word_1_611' title='bbox 2454 3011 2609 3066; x_wconf 91' lang='lat' dir='ltr'><strong>nobis</strong></span> <span class='ocrx_word' id='word_1_612' title='bbox 2641 3011 2806 3065; x_wconf 85' lang='lat' dir='ltr'><strong>etiam</strong></span> <span class='ocrx_word' id='word_1_613' title='bbox 2835 3026 2932 3080; x_wconf 92' lang='lat' dir='ltr'><strong>per</strong></span> <span class='ocrx_word' id='word_1_614' title='bbox 2974 3011 3088 3065; x_wconf 88' lang='lat' dir='ltr'><strong>haec</strong></span> <span class='ocrx_word' id='word_1_615' title='bbox 3122 3012 3217 3065; x_wconf 84' lang='lat' dir='ltr'><strong>dat</strong></span> <span class='ocrx_word' id='word_1_616' title='bbox 3252 3010 3526 3077; x_wconf 84' lang='lat' dir='ltr'><strong>Salvator,</strong></span> 
     </span>
    </p>
   </div>
   <div class='ocr_carea' id='block_1_89' title="bbox 1952 3102 3527 3173">
    <p class='ocr_par' dir='ltr' id='par_1_89' title="bbox 1952 3102 3527 3173">
     <span class='ocr_line' id='line_1_90' title="bbox 1952 3102 3527 3173; baseline 0.001 -16"><span class='ocrx_word' id='word_1_617' title='bbox 1952 3116 2009 3158; x_wconf 91' lang='lat' dir='ltr'><strong>ut</strong></span> <span class='ocrx_word' id='word_1_618' title='bbox 2045 3104 2095 3158; x_wconf 93' lang='lat' dir='ltr'><strong>in</strong></span> <span class='ocrx_word' id='word_1_619' title='bbox 2127 3103 2285 3158; x_wconf 92' lang='lat' dir='ltr'><strong>nobis</strong></span> <span class='ocrx_word' id='word_1_620' title='bbox 2311 3102 2411 3170; x_wconf 87' lang='lat' dir='ltr'><strong>ipsi</strong></span> <span class='ocrx_word' id='word_1_621' title='bbox 2439 3118 2544 3157; x_wconf 91' lang='lat' dir='ltr'><strong>non</strong></span> <span class='ocrx_word' id='word_1_622' title='bbox 2578 3102 2685 3157; x_wconf 90' lang='lat' dir='ltr'><strong>alte</strong></span> <span class='ocrx_word' id='word_1_623' title='bbox 2705 3103 3005 3170; x_wconf 87' lang='lat' dir='ltr'><strong>sapiamus,</strong></span> <span class='ocrx_word' id='word_1_624' title='bbox 3038 3103 3238 3172; x_wconf 83' lang='lat' dir='ltr'><strong>quippe</strong></span> <span class='ocrx_word' id='word_1_625' title='bbox 3266 3103 3357 3173; x_wconf 92' lang='lat' dir='ltr'><strong>qui</strong></span> <span class='ocrx_word' id='word_1_626' title='bbox 3383 3103 3527 3158; x_wconf 84' lang='lat' dir='ltr'><strong>indi—</strong></span> 
     </span>
    </p>
   </div>
   <div class='ocr_carea' id='block_1_90' title="bbox 1950 3198 3526 3269">
    <p class='ocr_par' dir='ltr' id='par_1_90' title="bbox 1950 3198 3526 3269">
     <span class='ocr_line' id='line_1_91' title="bbox 1950 3198 3526 3269; baseline 0.001 -16"><span class='ocrx_word' id='word_1_627' title='bbox 1950 3210 2174 3267; x_wconf 78' lang='lat' dir='ltr'><strong>geamns</strong></span> <span class='ocrx_word' id='word_1_628' title='bbox 2228 3198 2412 3253; x_wconf 85' lang='lat' dir='ltr'><strong>divino</strong></span> <span class='ocrx_word' id='word_1_629' title='bbox 2473 3199 2699 3253; x_wconf 81' lang='lat' dir='ltr'><strong>auxilio.</strong></span> <span class='ocrx_word' id='word_1_630' title='bbox 2742 3199 2856 3254; x_wconf 79' lang='lat' dir='ltr'><strong>Viae</strong></span> <span class='ocrx_word' id='word_1_631' title='bbox 2903 3214 3065 3269; x_wconf 89' lang='lat' dir='ltr'><strong>porro</strong></span> <span class='ocrx_word' id='word_1_632' title='bbox 3123 3200 3337 3255; x_wconf 88' lang='lat' dir='ltr'><strong>Domini</strong></span> <span class='ocrx_word' id='word_1_633' title='bbox 3397 3208 3526 3255; x_wconf 90' lang='lat' dir='ltr'><strong>sunt</strong></span> 
     </span>
    </p>
   </div>
   <div class='ocr_carea' id='block_1_91' title="bbox 1948 3291 3524 3360">
    <p class='ocr_par' dir='ltr' id='par_1_91' title="bbox 1948 3291 3524 3360">
     <span class='ocr_line' id='line_1_92' title="bbox 1948 3291 3524 3360; baseline 0.001 -15"><span class='ocrx_word' id='word_1_634' title='bbox 1948 3292 2326 3345; x_wconf 87' lang='lat' dir='ltr'><strong>mandatorum</strong></span> <span class='ocrx_word' id='word_1_635' title='bbox 2378 3291 2786 3345; x_wconf 78' lang='lat' dir='ltr'><strong>observationes</strong></span> <span class='ocrx_word' id='word_1_636' title='bbox 2820 3309 2835 3344; x_wconf 91' lang='lat'><strong>:</strong></span> <span class='ocrx_word' id='word_1_637' title='bbox 2867 3299 3027 3360; x_wconf 89' lang='lat' dir='ltr'><strong>atque</strong></span> <span class='ocrx_word' id='word_1_638' title='bbox 3082 3293 3215 3345; x_wconf 87' lang='lat' dir='ltr'><strong>adeo</strong></span> <span class='ocrx_word' id='word_1_639' title='bbox 3268 3292 3524 3347; x_wconf 66' lang='lat' dir='ltr'><strong>virtuosaa</strong></span> 
     </span>
    </p>
   </div>
   <div class='ocr_carea' id='block_1_92' title="bbox 1946 3381 3520 3451">
    <p class='ocr_par' dir='ltr' id='par_1_92' title="bbox 1946 3381 3520 3451">
     <span class='ocr_line' id='line_1_93' title="bbox 1946 3381 3520 3451; baseline 0.001 -16"><span class='ocrx_word' id='word_1_640' title='bbox 1946 3383 2289 3451; x_wconf 85' lang='lat' dir='ltr'><strong>operationes</strong></span> <span class='ocrx_word' id='word_1_641' title='bbox 2309 3424 2325 3449; x_wconf 91' lang='lat'><strong>,</strong></span> <span class='ocrx_word' id='word_1_642' title='bbox 2356 3397 2476 3451; x_wconf 66' lang='lat' dir='ltr'><strong>qua:</strong></span> <span class='ocrx_word' id='word_1_643' title='bbox 2516 3381 2689 3449; x_wconf 71' lang='lat' dir='ltr'><strong>planae</strong></span> <span class='ocrx_word' id='word_1_644' title='bbox 2745 3397 2808 3436; x_wconf 93' lang='lat' dir='ltr'><strong>ac</strong></span> <span class='ocrx_word' id='word_1_645' title='bbox 2836 3382 2995 3438; x_wconf 69' lang='lat' dir='ltr'><strong>laeves</strong></span> <span class='ocrx_word' id='word_1_646' title='bbox 3033 3382 3329 3437; x_wconf 90' lang='lat' dir='ltr'><strong>redduntur</strong></span> <span class='ocrx_word' id='word_1_647' title='bbox 3357 3399 3424 3438; x_wconf 76' lang='lat' dir='ltr'><strong>ex</strong></span> <span class='ocrx_word' id='word_1_648' title='bbox 3453 3398 3520 3437; x_wconf 89' lang='lat' dir='ltr'><strong>eo</strong></span> 
     </span>
    </p>
   </div>
   <div class='ocr_carea' id='block_1_93' title="bbox 1946 3473 3519 3544">
    <p class='ocr_par' dir='ltr' id='par_1_93' title="bbox 1946 3473 3519 3544">
     <span class='ocr_line' id='line_1_94' title="bbox 1946 3473 3519 3544; baseline 0.002 -18"><span class='ocrx_word' id='word_1_649' title='bbox 1946 3476 2090 3542; x_wconf 83' lang='lat' dir='ltr'><strong>quod</strong></span> <span class='ocrx_word' id='word_1_650' title='bbox 2118 3473 2320 3544; x_wconf 89' lang='lat' dir='ltr'><strong>jngiter</strong></span> <span class='ocrx_word' id='word_1_651' title='bbox 2347 3474 2628 3530; x_wconf 89' lang='lat' dir='ltr'><strong>calcentur</strong></span> <span class='ocrx_word' id='word_1_652' title='bbox 2660 3476 2728 3530; x_wconf 91' lang='lat' dir='ltr'><strong>ab</strong></span> <span class='ocrx_word' id='word_1_653' title='bbox 2768 3475 2834 3529; x_wconf 93' lang='lat' dir='ltr'><strong>iis</strong></span> <span class='ocrx_word' id='word_1_654' title='bbox 2880 3475 2971 3544; x_wconf 91' lang='lat' dir='ltr'><strong>qni</strong></span> <span class='ocrx_word' id='word_1_655' title='bbox 3008 3474 3271 3530; x_wconf 83' lang='lat' dir='ltr'><strong>festinant</strong></span> <span class='ocrx_word' id='word_1_656' title='bbox 3305 3475 3519 3544; x_wconf 88' lang='lat' dir='ltr'><strong>pertin-</strong></span> 
     </span>
    </p>
   </div>
   <div class='ocr_carea' id='block_1_94' title="bbox 1944 3566 3522 3637">
    <p class='ocr_par' dir='ltr' id='par_1_94' title="bbox 1944 3566 3522 3637">
     <span class='ocr_line' id='line_1_95' title="bbox 1944 3566 3522 3637; baseline 0.003 -19"><span class='ocrx_word' id='word_1_657' title='bbox 1944 3578 2073 3635; x_wconf 88' lang='lat' dir='ltr'><strong>gere</strong></span> <span class='ocrx_word' id='word_1_658' title='bbox 2105 3566 2172 3619; x_wconf 89' lang='lat' dir='ltr'><strong>ad</strong></span> <span class='ocrx_word' id='word_1_659' title='bbox 2211 3566 2374 3619; x_wconf 86' lang='lat' dir='ltr'><strong>finem</strong></span> <span class='ocrx_word' id='word_1_660' title='bbox 2414 3581 2594 3631; x_wconf 87' lang='lat' dir='ltr'><strong>suum,</strong></span> <span class='ocrx_word' id='word_1_661' title='bbox 2622 3582 2742 3635; x_wconf 85' lang='lat' dir='ltr'><strong>quae</strong></span> <span class='ocrx_word' id='word_1_662' title='bbox 2774 3576 2859 3621; x_wconf 90' lang='lat' dir='ltr'><strong>est</strong></span> <span class='ocrx_word' id='word_1_663' title='bbox 2890 3566 3188 3632; x_wconf 90' lang='lat' dir='ltr'><strong>beatitudo,</strong></span> <span class='ocrx_word' id='word_1_664' title='bbox 3217 3578 3269 3622; x_wconf 87' lang='lat' dir='ltr'><strong>et</strong></span> <span class='ocrx_word' id='word_1_665' title='bbox 3292 3568 3522 3637; x_wconf 88' lang='lat' dir='ltr'><strong>promis-</strong></span> 
     </span>
    </p>
   </div>
   <div class='ocr_carea' id='block_1_95' title="bbox 1943 3656 3519 3727">
    <p class='ocr_par' dir='ltr' id='par_1_95' title="bbox 1943 3656 3519 3727">
     <span class='ocr_line' id='line_1_96' title="bbox 1943 3656 3519 3727; baseline 0.002 -17"><span class='ocrx_word' id='word_1_666' title='bbox 1943 3656 2155 3711; x_wconf 87' lang='lat' dir='ltr'><strong>sionum</strong></span> <span class='ocrx_word' id='word_1_667' title='bbox 2208 3657 2502 3711; x_wconf 89' lang='lat' dir='ltr'><strong>assecutio.</strong></span> <span class='ocrx_word' id='word_1_668' title='bbox 2545 3657 2846 3713; x_wconf 80' lang='lat' dir='ltr'><strong>Curramus</strong></span> <span class='ocrx_word' id='word_1_669' title='bbox 2873 3658 3039 3727; x_wconf 92' lang='lat' dir='ltr'><strong>igitur</strong></span> <span class='ocrx_word' id='word_1_670' title='bbox 3076 3674 3197 3713; x_wconf 91' lang='lat' dir='ltr'><strong>cum</strong></span> <span class='ocrx_word' id='word_1_671' title='bbox 3250 3657 3381 3726; x_wconf 88' lang='lat' dir='ltr'><strong>illis,</strong></span> <span class='ocrx_word' id='word_1_672' title='bbox 3410 3674 3519 3715; x_wconf 90' lang='lat' dir='ltr'><strong>non</strong></span> 
     </span>
    </p>
   </div>
   <div class='ocr_carea' id='block_1_96' title="bbox 1942 3748 3518 3819">
    <p class='ocr_par' dir='ltr' id='par_1_96' title="bbox 1942 3748 3518 3819">
     <span class='ocr_line' id='line_1_97' title="bbox 1942 3748 3518 3819; baseline 0.004 -19"><span class='ocrx_word' id='word_1_673' title='bbox 1942 3748 2330 3803; x_wconf 88' lang='lat' dir='ltr'><strong>aberrantibus</strong></span> <span class='ocrx_word' id='word_1_674' title='bbox 2356 3749 2637 3818; x_wconf 80' lang='lat' dir='ltr'><strong>gressibus</strong></span> <span class='ocrx_word' id='word_1_675' title='bbox 2663 3750 2884 3814; x_wconf 81' lang='lat' dir='ltr'><strong>nostris,</strong></span> <span class='ocrx_word' id='word_1_676' title='bbox 2910 3750 2955 3804; x_wconf 91' lang='lat' dir='ltr'><strong>si</strong></span> <span class='ocrx_word' id='word_1_677' title='bbox 3004 3750 3220 3819; x_wconf 88' lang='lat' dir='ltr'><strong>quidem</strong></span> <span class='ocrx_word' id='word_1_678' title='bbox 3258 3750 3518 3806; x_wconf 71' lang='lat' dir='ltr'><strong>Dominus</strong></span> 
     </span>
    </p>
   </div>
   <div class='ocr_carea' id='block_1_97' title="bbox 1938 3841 3517 3911">
    <p class='ocr_par' dir='ltr' id='par_1_97' title="bbox 1938 3841 3517 3911">
     <span class='ocr_line' id='line_1_98' title="bbox 1938 3841 3517 3911; baseline 0.001 -16"><span class='ocrx_word' id='word_1_679' title='bbox 1938 3855 2032 3895; x_wconf 89' lang='lat' dir='ltr'><strong>eos</strong></span> <span class='ocrx_word' id='word_1_680' title='bbox 2056 3841 2324 3909; x_wconf 83' lang='lat' dir='ltr'><strong>aptaverit</strong></span> <span class='ocrx_word' id='word_1_681' title='bbox 2352 3841 2405 3895; x_wconf 89' lang='lat' dir='ltr'><strong>in</strong></span> <span class='ocrx_word' id='word_1_682' title='bbox 2456 3842 2667 3896; x_wconf 89' lang='lat' dir='ltr'><strong>semitis</strong></span> <span class='ocrx_word' id='word_1_683' title='bbox 2697 3842 2832 3896; x_wconf 91' lang='lat' dir='ltr'><strong>suis.</strong></span> <span class='ocrx_word' id='word_1_684' title='bbox 2874 3842 2976 3909; x_wconf 87' lang='lat' dir='ltr'><strong>Qui</strong></span> <span class='ocrx_word' id='word_1_685' title='bbox 3012 3842 3173 3911; x_wconf 89' lang='lat' dir='ltr'><strong>hujus</strong></span> <span class='ocrx_word' id='word_1_686' title='bbox 3201 3842 3517 3911; x_wconf 90' lang='lat' dir='ltr'><strong>postulatio-</strong></span> 
     </span>
    </p>
   </div>
   <div class='ocr_carea' id='block_1_98' title="bbox 1938 3932 3516 4004">
    <p class='ocr_par' dir='ltr' id='par_1_98' title="bbox 1938 3932 3516 4004">
     <span class='ocr_line' id='line_1_99' title="bbox 1938 3932 3516 4004; baseline 0.001 -18"><span class='ocrx_word' id='word_1_687' title='bbox 1938 3933 2023 3986; x_wconf 88' lang='lat' dir='ltr'><strong>nis</strong></span> <span class='ocrx_word' id='word_1_688' title='bbox 2055 3932 2111 3985; x_wconf 81' lang='lat' dir='ltr'><strong>ilt</strong></span> <span class='ocrx_word' id='word_1_689' title='bbox 2144 3947 2386 4002; x_wconf 90' lang='lat' dir='ltr'><strong>compos,</strong></span> <span class='ocrx_word' id='word_1_690' title='bbox 2418 3933 2553 3987; x_wconf 92' lang='lat' dir='ltr'><strong>dicit</strong></span> <span class='ocrx_word' id='word_1_691' title='bbox 2591 3951 2604 3985; x_wconf 87' lang='lat'><strong>:</strong></span> <span class='ocrx_word' id='word_1_692' title='bbox 2636 3932 2765 3988; x_wconf 83' lang='lat' dir='ltr'><strong>Sine</strong></span> <span class='ocrx_word' id='word_1_693' title='bbox 2810 3934 3085 4004; x_wconf 80' lang='lat' dir='ltr'><strong>iniquitate</strong></span> <span class='ocrx_word' id='word_1_694' title='bbox 3120 3934 3332 3988; x_wconf 83' lang='lat' dir='ltr'><strong>cucurri</strong></span> <span class='ocrx_word' id='word_1_695' title='bbox 3360 3944 3407 3988; x_wconf 82' lang='lat' dir='ltr'><strong>et</strong></span> <span class='ocrx_word' id='word_1_696' title='bbox 3431 3935 3516 3987; x_wconf 82' lang='lat' dir='ltr'><strong>di-</strong></span> 
     </span>
    </p>
   </div>
   <div class='ocr_carea' id='block_1_99' title="bbox 1936 4023 3511 4094">
    <p class='ocr_par' dir='ltr' id='par_1_99' title="bbox 1936 4023 3511 4094">
     <span class='ocr_line' id='line_1_100' title="bbox 1936 4023 3511 4094; baseline 0.002 -18"><span class='ocrx_word' id='word_1_697' title='bbox 1936 4026 2050 4078; x_wconf 77' lang='lat' dir='ltr'><strong>rexi</strong></span> <span class='ocrx_word' id='word_1_698' title='bbox 2076 4025 2138 4077; x_wconf 81' lang='grc'>¹⁶.</span> <span class='ocrx_word' id='word_1_699' title='bbox 2180 4023 2425 4094; x_wconf 83' lang='lat' dir='ltr'><strong>Itemque</strong></span> <span class='ocrx_word' id='word_1_700' title='bbox 2465 4024 2596 4079; x_wconf 90' lang='lat' dir='ltr'><strong>illud</strong></span> <span class='ocrx_word' id='word_1_701' title='bbox 2634 4043 2647 4077; x_wconf 89' lang='lat'><strong>:</strong></span> <span class='ocrx_word' id='word_1_702' title='bbox 2682 4024 2829 4079; x_wconf 85' lang='lat' dir='ltr'><strong>Viam</strong></span> <span class='ocrx_word' id='word_1_703' title='bbox 2878 4028 3251 4081; x_wconf 85' lang='lat' dir='ltr'><strong>mandatorum</strong></span> <span class='ocrx_word' id='word_1_704' title='bbox 3299 4037 3511 4081; x_wconf 88' lang='lat' dir='ltr'><strong>tuorum</strong></span> 
     </span>
    </p>
   </div>
   <div class='ocr_carea' id='block_1_100' title="bbox 1935 4118 3295 4187">
    <p class='ocr_par' dir='ltr' id='par_1_100' title="bbox 1935 4118 3295 4187">
     <span class='ocr_line' id='line_1_101' title="bbox 1935 4118 3295 4187; baseline 0.004 -18"><span class='ocrx_word' id='word_1_705' title='bbox 1935 4118 2169 4182; x_wconf 81' lang='lat' dir='ltr'><strong>cucurri,</strong></span> <span class='ocrx_word' id='word_1_706' title='bbox 2195 4120 2615 4187; x_wconf 79' lang='lat' dir='ltr'><strong>quandocunque</strong></span> <span class='ocrx_word' id='word_1_707' title='bbox 2645 4119 2883 4171; x_wconf 78' lang='lat' dir='ltr'><strong>dilatasti</strong></span> <span class='ocrx_word' id='word_1_708' title='bbox 2918 4136 3009 4173; x_wconf 88' lang='lat' dir='ltr'><strong>cor</strong></span> <span class='ocrx_word' id='word_1_709' title='bbox 3040 4136 3211 4174; x_wconf 85' lang='lat' dir='ltr'><strong>meum</strong></span> <span class='ocrx_word' id='word_1_710' title='bbox 3231 4120 3295 4173; x_wconf 86' lang='grc'>¹⁷.</span> 
     </span>
    </p>
   </div>
   <div class='ocr_carea' id='block_1_101' title="bbox 2511 4209 2923 4266">
    <p class='ocr_par' dir='ltr' id='par_1_101' title="bbox 2511 4209 2923 4266">
     <span class='ocr_line' id='line_1_102' title="bbox 2511 4209 2923 4266; baseline -0.002 -1"><span class='ocrx_word' id='word_1_711' title='bbox 2511 4210 2706 4265; x_wconf 84' lang='lat' dir='ltr'><strong>PSAL.</strong></span> <span class='ocrx_word' id='word_1_712' title='bbox 2760 4209 2923 4266; x_wconf 82' lang='lat' dir='ltr'><strong>XVII.</strong></span> 
     </span>
    </p>
   </div>
   <div class='ocr_carea' id='block_1_102' title="bbox 1935 4298 3507 4375">
    <p class='ocr_par' dir='ltr' id='par_1_102' title="bbox 1935 4298 3507 4375">
     <span class='ocr_line' id='line_1_103' title="bbox 1935 4298 3507 4375; baseline 0.004 -21"><span class='ocrx_word' id='word_1_713' title='bbox 1935 4298 1997 4356; x_wconf 72' lang='grc' dir='ltr'><strong>ν.</strong></span> <span class='ocrx_word' id='word_1_714' title='bbox 2039 4300 2092 4355; x_wconf 90' lang='grc'><strong>6.</strong></span> <span class='ocrx_word' id='word_1_715' title='bbox 2131 4300 2349 4355; x_wconf 83' lang='lat' dir='ltr'><strong>Dolores</strong></span> <span class='ocrx_word' id='word_1_716' title='bbox 2382 4303 2579 4371; x_wconf 75' lang='lat' dir='ltr'><strong>inferni</strong></span> <span class='ocrx_word' id='word_1_717' title='bbox 2610 4303 3065 4375; x_wconf 84' lang='lat' dir='ltr'><strong>circumdederunt</strong></span> <span class='ocrx_word' id='word_1_718' title='bbox 3096 4321 3176 4359; x_wconf 90' lang='lat' dir='ltr'><strong>me</strong></span> <span class='ocrx_word' id='word_1_719' title='bbox 3199 4321 3219 4358; x_wconf 88' lang='lat'><em>:</em></span> <span class='ocrx_word' id='word_1_720' title='bbox 3243 4322 3507 4375; x_wconf 77' lang='lat' dir='ltr'><strong>prazoccu-</strong></span> 
     </span>
    </p>
   </div>
   <div class='ocr_carea' id='block_1_103' title="bbox 2322 4374 3113 4440">
    <p class='ocr_par' dir='ltr' id='par_1_103' title="bbox 2322 4374 3113 4440">
     <span class='ocr_line' id='line_1_104' title="bbox 2322 4374 3113 4440; baseline 0.004 -15"><span class='ocrx_word' id='word_1_721' title='bbox 2322 4383 2575 4440; x_wconf 84' lang='lat' dir='ltr'><strong>paverunt</strong></span> <span class='ocrx_word' id='word_1_722' title='bbox 2601 4389 2681 4426; x_wconf 89' lang='lat' dir='ltr'><strong>me</strong></span> <span class='ocrx_word' id='word_1_723' title='bbox 2702 4374 2870 4440; x_wconf 88' lang='lat' dir='ltr'><strong>laquei</strong></span> <span class='ocrx_word' id='word_1_724' title='bbox 2908 4376 3113 4427; x_wconf 83' lang='lat' dir='ltr'><strong>mortis.</strong></span> 
     </span>
    </p>
   </div>
   <div class='ocr_carea' id='block_1_104' title="bbox 2001 4462 3503 4535">
    <p class='ocr_par' dir='ltr' id='par_1_104' title="bbox 2001 4462 3503 4535">
     <span class='ocr_line' id='line_1_105' title="bbox 2001 4462 3503 4535; baseline 0.004 -18"><span class='ocrx_word' id='word_1_725' title='bbox 2001 4462 2317 4532; x_wconf 86' lang='lat' dir='ltr'><strong>Congruent</strong></span> <span class='ocrx_word' id='word_1_726' title='bbox 2358 4466 2473 4519; x_wconf 63' lang='lat' dir='ltr'><strong>haec</strong></span> <span class='ocrx_word' id='word_1_727' title='bbox 2513 4466 2680 4518; x_wconf 90' lang='lat' dir='ltr'><strong>etiam</strong></span> <span class='ocrx_word' id='word_1_728' title='bbox 2709 4465 3005 4528; x_wconf 86' lang='lat' dir='ltr'><strong>Salvatori,</strong></span> <span class='ocrx_word' id='word_1_729' title='bbox 3039 4481 3161 4520; x_wconf 91' lang='lat' dir='ltr'><strong>cum</strong></span> <span class='ocrx_word' id='word_1_730' title='bbox 3212 4466 3503 4535; x_wconf 86' lang='lat' dir='ltr'><strong>plurimum</strong></span> 
     </span>
    </p>
   </div>
   <div class='ocr_carea' id='block_1_105' title="bbox 1932 4555 3503 4613">
    <p class='ocr_par' dir='ltr' id='par_1_105' title="bbox 1932 4555 3503 4613">
     <span class='ocr_line' id='line_1_106' title="bbox 1932 4555 3503 4613; baseline 0.003 -5"><span class='ocrx_word' id='word_1_731' title='bbox 1932 4556 2262 4608; x_wconf 84' lang='lat' dir='ltr'><strong>conveniant</strong></span> <span class='ocrx_word' id='word_1_732' title='bbox 2321 4571 2444 4609; x_wconf 90' lang='lat' dir='ltr'><strong>cum</strong></span> <span class='ocrx_word' id='word_1_733' title='bbox 2516 4556 2665 4609; x_wconf 89' lang='lat' dir='ltr'><strong>illis:</strong></span> <span class='ocrx_word' id='word_1_734' title='bbox 2704 4555 2862 4609; x_wconf 87' lang='lat' dir='ltr'><strong>Nunc</strong></span> <span class='ocrx_word' id='word_1_735' title='bbox 2906 4558 3084 4609; x_wconf 86' lang='lat' dir='ltr'><strong>anima</strong></span> <span class='ocrx_word' id='word_1_736' title='bbox 3138 4574 3250 4610; x_wconf 91' lang='lat' dir='ltr'><strong>mea</strong></span> <span class='ocrx_word' id='word_1_737' title='bbox 3291 4559 3503 4613; x_wconf 83' lang='lat' dir='ltr'><strong>turbata</strong></span> 
     </span>
    </p>
   </div>
   <div class='ocr_carea' id='block_1_106' title="bbox 1931 4646 3499 4717">
    <p class='ocr_par' dir='ltr' id='par_1_106' title="bbox 1931 4646 3499 4717">
     <span class='ocr_line' id='line_1_107' title="bbox 1931 4646 3499 4717; baseline 0.005 -17"><span class='ocrx_word' id='word_1_738' title='bbox 1931 4660 2003 4700; x_wconf 79' lang='lat' dir='ltr'><strong>est</strong></span> <span class='ocrx_word' id='word_1_739' title='bbox 2033 4648 2095 4699; x_wconf 72' lang='grc'><strong>’⁸.</strong></span> <span class='ocrx_word' id='word_1_740' title='bbox 2124 4647 2187 4701; x_wconf 87' lang='grc' dir='ltr'>Ει</span> <span class='ocrx_word' id='word_1_741' title='bbox 2215 4666 2227 4700; x_wconf 90' lang='lat'>:</span> <span class='ocrx_word' id='word_1_742' title='bbox 2262 4646 2450 4702; x_wconf 78' lang='lat' dir='ltr'><strong>Tristis</strong></span> <span class='ocrx_word' id='word_1_743' title='bbox 2478 4660 2553 4702; x_wconf 84' lang='lat' dir='ltr'><strong>est</strong></span> <span class='ocrx_word' id='word_1_744' title='bbox 2583 4650 2759 4701; x_wconf 85' lang='lat' dir='ltr'><strong>anima</strong></span> <span class='ocrx_word' id='word_1_745' title='bbox 2795 4664 2907 4701; x_wconf 86' lang='lat' dir='ltr'><strong>mea</strong></span> <span class='ocrx_word' id='word_1_746' title='bbox 2930 4664 3089 4717; x_wconf 79' lang='lat' dir='ltr'><strong>usque</strong></span> <span class='ocrx_word' id='word_1_747' title='bbox 3106 4650 3173 4701; x_wconf 88' lang='lat' dir='ltr'><strong>ad</strong></span> <span class='ocrx_word' id='word_1_748' title='bbox 3197 4661 3413 4704; x_wconf 86' lang='lat' dir='ltr'><strong>mortem</strong></span> <span class='ocrx_word' id='word_1_749' title='bbox 3433 4654 3499 4708; x_wconf 87' lang='grc'>¹⁹.</span> 
     </span>
    </p>
   </div>
   <div class='ocr_carea' id='block_1_107' title="bbox 1934 4740 3500 4810">
    <p class='ocr_par' dir='ltr' id='par_1_107' title="bbox 1934 4740 3500 4810">
     <span class='ocr_line' id='line_1_108' title="bbox 1934 4740 3500 4810; baseline 0.002 -17"><span class='ocrx_word' id='word_1_750' title='bbox 1934 4742 1998 4796; x_wconf 76' lang='grc' dir='ltr'><strong>ν.</strong></span> <span class='ocrx_word' id='word_1_751' title='bbox 2043 4741 2094 4795; x_wconf 91' lang='lat'><strong>8.</strong></span> <span class='ocrx_word' id='word_1_752' title='bbox 2138 4741 2202 4794; x_wconf 90' lang='lat' dir='ltr'><strong>Et</strong></span> <span class='ocrx_word' id='word_1_753' title='bbox 2230 4742 2432 4810; x_wconf 83' lang='lat' dir='ltr'><strong>agitata</strong></span> <span class='ocrx_word' id='word_1_754' title='bbox 2455 4750 2551 4803; x_wconf 82' lang='lat' dir='ltr'><strong>est,</strong></span> <span class='ocrx_word' id='word_1_755' title='bbox 2584 4752 2629 4793; x_wconf 90' lang='lat' dir='ltr'><strong>et</strong></span> <span class='ocrx_word' id='word_1_756' title='bbox 2663 4752 2883 4793; x_wconf 81' lang='lat' dir='ltr'><strong>tremens</strong></span> <span class='ocrx_word' id='word_1_757' title='bbox 2914 4740 3097 4808; x_wconf 70' lang='lat' dir='ltr'><strong>eﬁ&#39;ecta</strong></span> <span class='ocrx_word' id='word_1_758' title='bbox 3125 4752 3198 4793; x_wconf 78' lang='lat' dir='ltr'><strong>est</strong></span> <span class='ocrx_word' id='word_1_759' title='bbox 3232 4752 3394 4796; x_wconf 86' lang='lat' dir='ltr'><strong>terra.</strong></span> <span class='ocrx_word' id='word_1_760' title='bbox 3433 4742 3500 4797; x_wconf 76' lang='lat' dir='ltr'><strong>Et</strong></span> 
     </span>
    </p>
   </div>
   <div class='ocr_carea' id='block_1_108' title="bbox 1997 4811 3500 4881">
    <p class='ocr_par' dir='ltr' id='par_1_108' title="bbox 1997 4811 3500 4881">
     <span class='ocr_line' id='line_1_109' title="bbox 1997 4811 3500 4881; baseline 0.002 -17"><span class='ocrx_word' id='word_1_761' title='bbox 1997 4813 2341 4881; x_wconf 74' lang='lat' dir='ltr'><strong>fundamenta</strong></span> <span class='ocrx_word' id='word_1_762' title='bbox 2383 4813 2640 4863; x_wconf 84' lang='lat' dir='ltr'><strong>montium</strong></span> <span class='ocrx_word' id='word_1_763' title='bbox 2689 4811 2901 4881; x_wconf 63' lang='lat' dir='ltr'><strong>turbata</strong></span> <span class='ocrx_word' id='word_1_764' title='bbox 2950 4822 3092 4881; x_wconf 80' lang='lat' dir='ltr'><strong>sunt,</strong></span> <span class='ocrx_word' id='word_1_765' title='bbox 3143 4820 3191 4864; x_wconf 85' lang='grc' dir='ltr'><strong>ει</strong></span> <span class='ocrx_word' id='word_1_766' title='bbox 3241 4828 3500 4867; x_wconf 75' lang='lat' dir='ltr'><strong>concussa</strong></span> 
     </span>
    </p>
   </div>
   <div class='ocr_carea' id='block_1_109' title="bbox 1997 4880 2909 4951">
    <p class='ocr_par' dir='ltr' id='par_1_109' title="bbox 1997 4880 2909 4951">
     <span class='ocr_line' id='line_1_110' title="bbox 1997 4880 2909 4951; baseline 0 -17"><span class='ocrx_word' id='word_1_767' title='bbox 1997 4880 2139 4943; x_wconf 62' lang='lat' dir='ltr'><strong>aunt,</strong></span> <span class='ocrx_word' id='word_1_768' title='bbox 2176 4884 2298 4951; x_wconf 86' lang='lat' dir='ltr'><strong>quia</strong></span> <span class='ocrx_word' id='word_1_769' title='bbox 2334 4882 2501 4934; x_wconf 81' lang='lat' dir='ltr'><strong>iratus</strong></span> <span class='ocrx_word' id='word_1_770' title='bbox 2531 4891 2607 4935; x_wconf 81' lang='lat' dir='ltr'><strong>est</strong></span> <span class='ocrx_word' id='word_1_771' title='bbox 2648 4883 2719 4933; x_wconf 81' lang='lat' dir='ltr'><strong>eis</strong></span> <span class='ocrx_word' id='word_1_772' title='bbox 2747 4880 2909 4934; x_wconf 80' lang='lat' dir='ltr'><strong>Deus.</strong></span> 
     </span>
    </p>
   </div>
   <div class='ocr_carea' id='block_1_110' title="bbox 1994 4970 3497 5041">
    <p class='ocr_par' dir='ltr' id='par_1_110' title="bbox 1994 4970 3497 5041">
     <span class='ocr_line' id='line_1_111' title="bbox 1994 4970 3497 5041; baseline 0.001 -16"><span class='ocrx_word' id='word_1_773' title='bbox 1994 4971 2277 5025; x_wconf 81' lang='lat' dir='ltr'><strong>Manifeste</strong></span> <span class='ocrx_word' id='word_1_774' title='bbox 2308 4972 2546 5026; x_wconf 89' lang='lat' dir='ltr'><strong>ostendit</strong></span> <span class='ocrx_word' id='word_1_775' title='bbox 2579 4970 2673 5024; x_wconf 92' lang='lat' dir='ltr'><strong>Dei</strong></span> <span class='ocrx_word' id='word_1_776' title='bbox 2716 4971 3041 5025; x_wconf 88' lang='lat' dir='ltr'><strong>descensum</strong></span> <span class='ocrx_word' id='word_1_777' title='bbox 3082 4986 3179 5041; x_wconf 89' lang='lat' dir='ltr'><strong>per</strong></span> <span class='ocrx_word' id='word_1_778' title='bbox 3204 4973 3497 5041; x_wconf 62' lang='lat' dir='ltr'><strong>prwdicta;</strong></span> 
     </span>
    </p>
   </div>
   <div class='ocr_carea' id='block_1_111' title="bbox 1925 5061 3498 5131">
    <p class='ocr_par' dir='ltr' id='par_1_111' title="bbox 1925 5061 3498 5131">
     <span class='ocr_line' id='line_1_112' title="bbox 1925 5061 3498 5131; baseline -0.001 -13"><span class='ocrx_word' id='word_1_779' title='bbox 1925 5073 2151 5118; x_wconf 90' lang='lat' dir='ltr'><strong>mortem</strong></span> <span class='ocrx_word' id='word_1_780' title='bbox 2190 5064 2342 5126; x_wconf 89' lang='lat' dir='ltr'><strong>item,</strong></span> <span class='ocrx_word' id='word_1_781' title='bbox 2379 5071 2433 5115; x_wconf 87' lang='lat' dir='ltr'><strong>et</strong></span> <span class='ocrx_word' id='word_1_782' title='bbox 2463 5061 2678 5115; x_wconf 88' lang='lat' dir='ltr'><strong>dolores</strong></span> <span class='ocrx_word' id='word_1_783' title='bbox 2724 5061 2943 5119; x_wconf 89' lang='lat' dir='ltr'><strong>inferni.</strong></span> <span class='ocrx_word' id='word_1_784' title='bbox 2991 5062 3069 5115; x_wconf 76' lang='lat' dir='ltr'><strong>Ex</strong></span> <span class='ocrx_word' id='word_1_785' title='bbox 3118 5077 3225 5131; x_wconf 89' lang='lat' dir='ltr'><strong>quo</strong></span> <span class='ocrx_word' id='word_1_786' title='bbox 3278 5064 3498 5119; x_wconf 88' lang='lat' dir='ltr'><strong>descen-</strong></span> 
     </span>
    </p>
   </div>
   <div class='ocr_carea' id='block_1_112' title="bbox 1922 5151 3492 5220">
    <p class='ocr_par' dir='ltr' id='par_1_112' title="bbox 1922 5151 3492 5220">
     <span class='ocr_line' id='line_1_113' title="bbox 1922 5151 3492 5220; baseline 0.001 -14"><span class='ocrx_word' id='word_1_787' title='bbox 1922 5154 2100 5215; x_wconf 88' lang='lat' dir='ltr'><strong>dente,</strong></span> <span class='ocrx_word' id='word_1_788' title='bbox 2150 5154 2444 5207; x_wconf 88' lang='lat' dir='ltr'><strong>secundum</strong></span> <span class='ocrx_word' id='word_1_789' title='bbox 2482 5151 2764 5220; x_wconf 86' lang='lat' dir='ltr'><strong>Aquilam,</strong></span> <span class='ocrx_word' id='word_1_790' title='bbox 2795 5161 3055 5206; x_wconf 89' lang='lat' dir='ltr'><strong>commota</strong></span> <span class='ocrx_word' id='word_1_791' title='bbox 3086 5162 3161 5205; x_wconf 75' lang='lat' dir='ltr'><strong>est</strong></span> <span class='ocrx_word' id='word_1_792' title='bbox 3204 5163 3250 5205; x_wconf 86' lang='lat' dir='ltr'><strong>et</strong></span> <span class='ocrx_word' id='word_1_793' title='bbox 3278 5156 3492 5208; x_wconf 82' lang='lat' dir='ltr'><strong>tremuit</strong></span> 
     </span>
    </p>
   </div>
   <div class='ocr_carea' id='block_1_113' title="bbox 1925 5240 3494 5298">
    <p class='ocr_par' dir='ltr' id='par_1_113' title="bbox 1925 5240 3494 5298">
     <span class='ocr_line' id='line_1_114' title="bbox 1925 5240 3494 5298; baseline 0.004 -7"><span class='ocrx_word' id='word_1_794' title='bbox 1925 5248 2063 5294; x_wconf 85' lang='lat' dir='ltr'><strong>terra</strong></span> <span class='ocrx_word' id='word_1_795' title='bbox 2087 5242 2153 5294; x_wconf 85' lang='grc'><strong>¹⁰.</strong></span> <span class='ocrx_word' id='word_1_796' title='bbox 2188 5240 2379 5297; x_wconf 89' lang='lat' dir='ltr'><strong>Omnis</strong></span> <span class='ocrx_word' id='word_1_797' title='bbox 2408 5244 2550 5295; x_wconf 87' lang='lat' dir='ltr'><strong>enim</strong></span> <span class='ocrx_word' id='word_1_798' title='bbox 2592 5243 2811 5297; x_wconf 86' lang='lat' dir='ltr'><strong>auditus</strong></span> <span class='ocrx_word' id='word_1_799' title='bbox 2858 5243 3082 5297; x_wconf 68' lang='lat' dir='ltr'><strong>Graecus</strong></span> <span class='ocrx_word' id='word_1_800' title='bbox 3124 5255 3180 5297; x_wconf 90' lang='lat' dir='ltr'><strong>et</strong></span> <span class='ocrx_word' id='word_1_801' title='bbox 3228 5244 3494 5298; x_wconf 90' lang='lat' dir='ltr'><strong>barbarus</strong></span> 
     </span>
    </p>
   </div>
   <div class='ocr_carea' id='block_1_114' title="bbox 1921 5334 3492 5405">
    <p class='ocr_par' dir='ltr' id='par_1_114' title="bbox 1921 5334 3492 5405">
     <span class='ocr_line' id='line_1_115' title="bbox 1921 5334 3492 5405; baseline 0.002 -17"><span class='ocrx_word' id='word_1_802' title='bbox 1921 5335 2228 5402; x_wconf 85' lang='lat' dir='ltr'><strong>replebatur</strong></span> <span class='ocrx_word' id='word_1_803' title='bbox 2253 5334 2393 5388; x_wconf 82' lang='lat' dir='ltr'><strong>fama</strong></span> <span class='ocrx_word' id='word_1_804' title='bbox 2422 5335 2488 5389; x_wconf 86' lang='lat' dir='ltr'><strong>de</strong></span> <span class='ocrx_word' id='word_1_805' title='bbox 2524 5336 2639 5392; x_wconf 90' lang='lat' dir='ltr'><strong>illo.</strong></span> <span class='ocrx_word' id='word_1_806' title='bbox 2684 5337 2855 5391; x_wconf 90' lang='lat' dir='ltr'><strong>Porro</strong></span> <span class='ocrx_word' id='word_1_807' title='bbox 2885 5346 3080 5389; x_wconf 80' lang='lat' dir='ltr'><strong>terram</strong></span> <span class='ocrx_word' id='word_1_808' title='bbox 3129 5336 3364 5405; x_wconf 88' lang='lat' dir='ltr'><strong>appellat</strong></span> <span class='ocrx_word' id='word_1_809' title='bbox 3400 5351 3492 5391; x_wconf 87' lang='lat' dir='ltr'><strong>eos</strong></span> 
     </span>
    </p>
   </div>
   <div class='ocr_carea' id='block_1_115' title="bbox 1920 5428 3494 5497">
    <p class='ocr_par' dir='ltr' id='par_1_115' title="bbox 1920 5428 3494 5497">
     <span class='ocr_line' id='line_1_116' title="bbox 1920 5428 3494 5497; baseline 0.001 -19"><span class='ocrx_word' id='word_1_810' title='bbox 1920 5428 2011 5495; x_wconf 88' lang='lat' dir='ltr'><strong>qni</strong></span> <span class='ocrx_word' id='word_1_811' title='bbox 2053 5438 2180 5481; x_wconf 88' lang='lat' dir='ltr'><strong>sunt</strong></span> <span class='ocrx_word' id='word_1_812' title='bbox 2226 5428 2277 5481; x_wconf 93' lang='lat' dir='ltr'><strong>in</strong></span> <span class='ocrx_word' id='word_1_813' title='bbox 2332 5437 2497 5483; x_wconf 87' lang='lat' dir='ltr'><strong>terra.</strong></span> <span class='ocrx_word' id='word_1_814' title='bbox 2538 5428 2746 5483; x_wconf 78' lang='lat' dir='ltr'><strong>Montes</strong></span> <span class='ocrx_word' id='word_1_815' title='bbox 2802 5437 2929 5483; x_wconf 91' lang='lat' dir='ltr'><strong>sunt</strong></span> <span class='ocrx_word' id='word_1_816' title='bbox 2980 5428 3220 5481; x_wconf 77' lang='lat' dir='ltr'><strong>adversa:</strong></span> <span class='ocrx_word' id='word_1_817' title='bbox 3252 5436 3494 5497; x_wconf 75' lang='lat' dir='ltr'><strong>potesta-</strong></span> 
     </span>
    </p>
   </div>
   <div class='ocr_carea' id='block_1_116' title="bbox 1920 5518 3487 5590">
    <p class='ocr_par' dir='ltr' id='par_1_116' title="bbox 1920 5518 3487 5590">
     <span class='ocr_line' id='line_1_117' title="bbox 1920 5518 3487 5590; baseline -0.003 -17"><span class='ocrx_word' id='word_1_818' title='bbox 1920 5530 2018 5585; x_wconf 82' lang='lat' dir='ltr'><strong>tes,</strong></span> <span class='ocrx_word' id='word_1_819' title='bbox 2059 5536 2180 5590; x_wconf 66' lang='lat' dir='ltr'><strong>quae</strong></span> <span class='ocrx_word' id='word_1_820' title='bbox 2226 5536 2417 5577; x_wconf 88' lang='lat' dir='ltr'><strong>errore</strong></span> <span class='ocrx_word' id='word_1_821' title='bbox 2460 5521 2729 5576; x_wconf 89' lang='lat' dir='ltr'><strong>idolorum</strong></span> <span class='ocrx_word' id='word_1_822' title='bbox 2784 5521 3036 5576; x_wconf 88' lang='lat' dir='ltr'><strong>homines</strong></span> <span class='ocrx_word' id='word_1_823' title='bbox 3106 5518 3487 5585; x_wconf 80' lang='lat' dir='ltr'><strong>conﬁciebant,</strong></span> 
     </span>
    </p>
   </div>
   <div class='ocr_carea' id='block_1_117' title="bbox 304 5636 1845 5710">
    <p class='ocr_par' dir='ltr' id='par_1_117' title="bbox 304 5638 1839 5710">
     <span class='ocr_line' id='line_1_118' title="bbox 304 5638 1839 5710; baseline 0.002 -18"><span class='ocrx_word' id='word_1_824' title='bbox 304 5639 346 5669; x_wconf 84' lang='lat'>&quot;</span> <span class='ocrx_word' id='word_1_825' title='bbox 369 5640 571 5710; x_wconf 78' lang='lat' dir='ltr'><strong>Act.u,</strong></span> <span class='ocrx_word' id='word_1_826' title='bbox 606 5641 699 5710; x_wconf 71' lang='lat'><strong>29,</strong></span> <span class='ocrx_word' id='word_1_827' title='bbox 727 5638 815 5697; x_wconf 52' lang='grc' dir='ltr'><strong>δῇ.</strong></span> <span class='ocrx_word' id='word_1_828' title='bbox 895 5643 938 5675; x_wconf 75' lang='grc' dir='ltr'>η</span> <span class='ocrx_word' id='word_1_829' title='bbox 968 5641 1111 5698; x_wconf 83' lang='lat' dir='ltr'><strong>Psal.</strong></span> <span class='ocrx_word' id='word_1_830' title='bbox 1148 5656 1300 5709; x_wconf 78' lang='lat' dir='ltr'><strong>LVIII,</strong></span> <span class='ocrx_word' id='word_1_831' title='bbox 1336 5640 1389 5695; x_wconf 83' lang='lat'><strong>5.</strong></span> <span class='ocrx_word' id='word_1_832' title='bbox 1461 5641 1501 5672; x_wconf 88' lang='grc'>¹⁷</span> <span class='ocrx_word' id='word_1_833' title='bbox 1533 5639 1678 5696; x_wconf 87' lang='lat' dir='ltr'><strong>Psal.</strong></span> <span class='ocrx_word' id='word_1_834' title='bbox 1714 5652 1839 5695; x_wconf 74' lang='lat' dir='ltr'><strong>CXVI</strong></span> 
     </span>
    </p>
   </div>
   <div class='ocr_carea' id='block_1_118' title="bbox 1960 5636 3485 5710">
    <p class='ocr_par' dir='ltr' id='par_1_118' title="bbox 1962 5636 3485 5710">
     <span class='ocr_line' id='line_1_119' title="bbox 1962 5636 3485 5710; baseline -0.003 -14"><span class='ocrx_word' id='word_1_835' title='bbox 1962 5642 2015 5698; x_wconf 72' lang='lat'><strong>9.</strong></span> <span class='ocrx_word' id='word_1_836' title='bbox 2087 5643 2129 5675; x_wconf 82' lang='grc'><strong>¹⁸</strong></span> <span class='ocrx_word' id='word_1_837' title='bbox 2160 5642 2318 5697; x_wconf 80' lang='lat' dir='ltr'><strong>Joan.</strong></span> <span class='ocrx_word' id='word_1_838' title='bbox 2339 5658 2438 5708; x_wconf 80' lang='lat' dir='ltr'><strong>xu,</strong></span> <span class='ocrx_word' id='word_1_839' title='bbox 2461 5641 2553 5698; x_wconf 73' lang='lat'><strong>27.</strong></span> <span class='ocrx_word' id='word_1_840' title='bbox 2632 5641 2673 5674; x_wconf 79' lang='grc'><strong>²⁹</strong></span> <span class='ocrx_word' id='word_1_841' title='bbox 2705 5641 2894 5697; x_wconf 81' lang='lat' dir='ltr'><strong>Matth.</strong></span> <span class='ocrx_word' id='word_1_842' title='bbox 2925 5656 3077 5701; x_wconf 73' lang='lat' dir='ltr'><strong>xxvx,</strong></span> <span class='ocrx_word' id='word_1_843' title='bbox 3101 5638 3189 5695; x_wconf 83' lang='lat'><strong>&#39;58.</strong></span> <span class='ocrx_word' id='word_1_844' title='bbox 3268 5638 3313 5671; x_wconf 82' lang='grc'><strong>²⁰</strong></span> <span class='ocrx_word' id='word_1_845' title='bbox 3338 5636 3485 5710; x_wconf 58' lang='lat' dir='ltr'><strong>Psa_l:</strong></span> 
     </span>
    </p>
   </div>
   <div class='ocr_carea' id='block_1_119' title="bbox 241 5712 445 5776">
    <p class='ocr_par' dir='ltr' id='par_1_119' title="bbox 241 5712 445 5776">
     <span class='ocr_line' id='line_1_120' title="bbox 241 5712 445 5776; baseline 0.01 -11"><span class='ocrx_word' id='word_1_846' title='bbox 241 5724 365 5776; x_wconf 81' lang='lat' dir='ltr'><strong>xm,</strong></span> <span class='ocrx_word' id='word_1_847' title='bbox 392 5712 445 5767; x_wconf 82' lang='lat'><strong>8.</strong></span> 
     </span>
    </p>
   </div>
  </div>
