3878 6212
392 300 489 355 ll!
1237 295 1790 353 SUPPLEMENTUM
1833 294 1921 349 AD
1959 295 2281 353 OlilGENlS
2314 296 2728 354 EXEGETICA.
3524 312 3624 366 υς,

393 429 590 473 erecta:
624 422 813 469 contra
855 414 946 468 Dei
984 414 1375 483 cognitionem.
1420 414 1808 478 Fundamenta,
1844 431 1892 483 qi

2008 426 2038 483 Α
2067 414 2315 486 θρώπους
2336 416 2610 481 ἐνέμοντο,
2631 417 2729 487 τῆς
2747 417 2839 470 τοῦ
2864 417 2997 471 Θεοῦ
3022 422 3484 493 κατεπαιρόμεναι
3501 428 3632 495 γνώ-

393 517 518 563 sont
550 504 828 576 profundae
866 506 1220 575 cogitationes
1247 546 1262 571 ,
1305 512 1430 560 dum
1478 508 1719 560 sentiunt
1746 506 1892 560 Domi

2060 525 2215 570 σεως.
2247 508 2319 561 Τὰ
2345 504 2600 577 θεμέλια,
2633 511 2725 562 καὶ
2752 511 2801 562 oi
2829 511 3010 581 βαθεῖς
3042 513 3404 585 διαλογισμοὶ,
3438 520 3630 573 αἰσθα-

390 600 706 670 potentiam,
732 598 1020 667 indignatae
1048 599 1354 653 turbantur.
1372 598 1578 665 Quibus
1604 614 1892 654 succenseo

2057 601 2255 670 νόμενα
2305 601 2404 669 τῆς
2454 601 2548 654 τοῦ
2597 603 2800 676 Κυρίου
2868 604 3181 675 δυνάμεως,
3246 609 3629 682 ἐταράχθησαν

392 693 522 757 Deo,
544 691 784 747 ascendit
810 691 955 746 velut
979 691 1157 746 fumus
1186 694 1251 746 de
1286 702 1464 757 torre;
1499 692 1782 747 exstinctis
1807 707 1892 746 net

2055 691 2347 761 ἀχθόμενοι.
2382 688 2477 757 Αἶς
2535 694 2646 764 (51)
2695 696 3037 766 ὀργισθέντος
3093 700 3185 753 τοῦ
3243 701 3378 755 Θεοῦ
3406 743 3419 766 ,
3463 705 3626 777 ἀνέϐη

390 797 457 854 pe
484 784 592 839 illis
632 794 685 837 et
712 798 739 837 a
770 784 1141 838 combustione
1168 784 1524 848 cessantibus,
1556 799 1663 853 qua
1710 785 1891 838 homin

2054 783 2260 846 καπνὸς
2304 783 2553 855 καθάπερ
2607 786 2700 838 ἐπὶ
2734 788 2925 842 δαλοῦ·
2981 791 3353 862 σϐεννυμένων
3404 796 3498 848 καὶ
3533 796 3626 849 τοῦ

388 875 704 929 exurebant.
744 873 898 928 Hunc
942 889 1073 928 vero
1121 873 1300 943 ignem
1351 875 1613 929 exstinxit
1665 875 1787 944 igne
1831 890 1892 930 su

2055 872 2224 942 πυρὸς
2256 874 2636 945 παυσαμένων,
2667 870 2710 945 ᾧ
2747 879 2872 943 τοὺς
2912 880 3229 951 ἀνθρώπους
3275 869 3641 955 κατέφλεγον]

387 965 663 1035 Tanquam
709 967 843 1036 ignis
877 981 1180 1021 consumens
1209 966 1254 997 ²¹
1283 967 1464 1021 dictus
1504 978 1586 1021 est
1621 967 1762 1022 Deus
1812 982 1892 1038 apl

2054 964 2126 1016 Τὸ
2178 964 2288 1037 πῦρ
2324 966 2380 1019 δὲ
2418 967 2576 1021 τοῦτο
2632 970 2927 1025 κατέσϐεσε
2988 972 3065 1043 τῷ
3113 975 3228 1046 ἰδίῳ
3270 978 3426 1048 πυρί.
3477 976 3627 1031 Καθὸ

384 1057 627 1129 Moysen.
659 1058 726 1112 Et
758 1060 811 1112 in
838 1058 1065 1113 Psalmis
1094 1075 1110 1110 :
1137 1058 1284 1127 Ignis
1320 1075 1495 1112 coram
1522 1059 1634 1127 ipso
1668 1062 1892 1129 praecede

2051 1053 2169 1121 πῦρ
2202 1058 2643 1111 καταναλίσκον
2666 1059 2879 1129 εἴρηται
2915 1061 3045 1126 Θεὸς
3082 1063 3233 1134 παρὰ
3267 1065 3345 1137 τῷ
3390 1064 3622 1138 Μωῦσῇ.

382 1158 432 1204 et
460 1150 809 1219 inﬂammabit
844 1151 897 1204 in
928 1167 1054 1221 gyro
1087 1151 1330 1205 inimicos
1366 1152 1564 1220 ejus“.
1602 1153 1670 1206 Et
1698 1154 1892 1209 iterum

2038 1141 2163 1197 Καὶ
2202 1145 2260 1197 ὲν
2290 1146 2534 1216 Ψαλμοῖς
2573 1163 2586 1176 ο
2611 1147 2737 1216 Πῦρ
2761 1150 3039 1204 ἐναντίον
3086 1153 3269 1207 αὐτοῦ
3300 1157 3625 1222 προπορεύ-

381 1241 524 1298 Deus
554 1245 829 1313 conspicue
859 1244 1021 1299 veniet
1056 1260 1075 1298 :
1117 1243 1259 1298 Deus
1294 1254 1488 1310 noster,
1513 1254 1563 1299 et
1594 1260 1699 1300 non
1741 1247 1892 1302 silent

2048 1248 2249 1299 σεται,
2275 1234 2372 1287 καὶ
2412 1235 2647 1304 φλογιεῒ
2688 1228 2890 1301 κύκλῳ
2936 1240 3075 1304 τοὺς
3120 1241 3371 1311 ἐχθροὺς
3410 1242 3621 1300 αὐτοῦ.

380 1335 687 1403 ρτωιετὶὺὶι.
717 1334 863 1405 Ignis
892 1352 1072 1389 coram
1123 1336 1236 1403 ipso
1278 1338 1646 1401 succendetur,
1675 1346 1725 1391 et
1752 1338 1805 1403 in
1843 1338 1891 1391 ci

2047 1323 2157 1376 Καὶ
2185 1324 2344 1379 πάλιν
2364 1343 2377 1356 ⁸
2424 1328 2487 1379 '0
2538 1327 2680 1393 Θεὸς
2710 1330 2984 1398 ἐμφανῶς
3011 1331 3162 1399 ἥξει,
3198 1336 3230 1386 d
3257 1334 3402 1400 Θεὸς
3432 1334 3620 1403 ἡμῶν,

381 1425 525 1477 cuitu
567 1424 679 1493 ejus
718 1424 946 1493 procella
991 1426 1255 1481 vehemens
1302 1428 1370 1481 ³³.
1417 1426 1649 1497 ldeoque
1698 1426 1892 1483 Salvati

2046 1415 2142 1468 καί
2165 1418 2235 1471 οὐ
2259 1421 2800 1486 παρασιωπήσεται.
2834 1423 2961 1491 Πῦρ
2988 1422 3242 1478 ἐνώπιον
3269 1426 3455 1479 αὐτοῦ
3478 1444 3622 1481 καυ-

381 1518 595 1573 dicebat
632 1535 646 1572 :
694 1517 870 1587 Ignem
910 1519 1023 1573 veni
1066 1520 1324 1588 projicere
1363 1521 1417 1573 in
1454 1532 1668 1574 terram.
1713 1521 1780 1574 Et
1819 1538 1886 1590 qu

2045 1506 2315 1575 θήσεται,
2351 1511 2447 1564 καί
2478 1513 2679 1580 κύκλῳ
2712 1515 2895 1569 αὑτοῦ
2924 1517 3188 1586 καταιγὶς
3231 1516 3485 1585 σφοδρά.
3528 1516 3620 1571 Διὸ

377 1610 495 1664 volo
522 1650 536 1675 ,
566 1610 612 1662 si
634 1610 751 1679 jam
827 1626 1075 1665 accensus
1102 1623 1175 1665 est
1216 1612 1262 1644 “
1287 1613 1308 1665 ?
1336 1612 1461 1667 Haec
1497 1611 1626 1667 fecit
1674 1612 1892 1667 inclinat

2045 1604 2137 1654 καὶ
2167 1601 2403 1671 ἔφασκεν
2430 1605 2458 1655 ὁ
2487 1604 2677 1676 Σωτήρ
2703 1623 2715 1636 ·
2759 1606 2882 1675 Πῦρ
2920 1604 3109 1677 ἦλθον
3122 1609 3343 1672 ,βαλεῖν
3372 1609 3467 1661 ἐπὶ
3499 1608 3614 1677 τὴν

378 1708 437 1755 ει
472 1701 826 1768 descendens,
859 1716 966 1756 non
1002 1717 1166 1757 unum
1201 1703 1359 1758 modo
1383 1704 1607 1768 coelum,
1635 1703 1727 1758 sed
1754 1718 1892 1758 omni

2042 1693 2178 1763 γῆν.
2208 1696 2317 1749 Kal
2348 1696 2405 1749 τί
2433 1696 2603 1761 θέλω,
2630 1700 2684 1751 εὶ
2722 1696 2837 1767 ἤδη
2872 1700 3153 1771 ἀνήφθτυ
3181 1700 3363 1754 Ταῦτα
3396 1701 3617 1772 ἐποίησε

377 1799 729 1861 quotcunque
772 1803 934 1859 sunt;
965 1793 1255 1848 inclinandi
1291 1795 1458 1849 verbo
1488 1796 1805 1850 ostendente
1846 1798 1892 1850 hi

2008 1784 2229 1850 ικλίνας
2274 1789 2365 1840 καὶ
2408 1788 2652 1853 καταϐὰς
2698 1789 2795 1860 οὐχ
2846 1790 2939 1844 ἕνα
2971 1792 3128 1861 μόνον
3178 1792 3440 1862 οὐρανὸν,
3483 1792 3617 1847 ἀλλὰ

375 1883 733 1939 miliationem
761 1883 1095 1939 celsitudinis
1126 1884 1240 1953 ejus
1268 1926 1282 1951 ,
1315 1895 1369 1940 ει
1410 1887 1830 1943 exinanitionem
1855 1889 1888 1942 d

2042 1878 2279 1944 πάντας,
2325 1880 2437 1933 ὅσοι
2471 1881 2600 1933 ποτέ
2640 1883 2777 1933 εἰσιν
2802 1900 2815 1912 ν
2845 1882 2937 1936 τοῦ
2975 1884 3150 1937 κλῖναι
3182 1884 3468 1956 δηλοῦντος
3514 1887 3615 1958 τὴν

357 1975 638 2030 Δνίιιίιιιιίε.
668 1974 1027 2032 Providentiae
1056 1991 1183 2031 vero
1211 1978 1329 2047 ejus
1349 1978 1615 2033 occultam
1647 1990 1892 2035 secretan

2040 1970 2367 2025 ταπείνωσιν
2402 1971 2494 2024 τοῦ
2526 1971 2691 2041 ὕψους
2733 1974 2929 2037 αὑτοῦ,
2966 1976 3058 2029 καὶ
3100 1976 3195 2047 τὴν
3244 1976 3471 2029 κένωσιν
3510 1974 3614 2049 τῆς

373 2083 482 2138 que
530 2069 792 2123 rationem
845 2071 1084 2125 tenebris
1116 2080 1171 2126 et
1198 2072 1396 2126 nebula
1442 2072 1705 2129 declarat.
1735 2074 1892 2128 Deinc‘

2041 2060 2309 2131 θεότητος.
2337 2065 2448 2135 Τῆς
2474 2066 2530 2119 δὲ
2573 2067 2886 2137 οἰκονομίας
2934 2066 3097 2121 αὐτοῦ
3148 2068 3208 2120 τὸ
3248 2068 3467 2141 λεληθὸς
3519 2069 3615 2125 καὶ

373 2173 535 2227 super
573 2159 856 2216 cherubim
891 2170 1198 2230 assumptus
1232 2172 1315 2217 est
1345 2202 1361 2229 ,
1396 2164 1644 2232 quamvis
1673 2180 1794 2219 cum
1827 2164 1892 2219 ill

2036 2157 2367 2228 ἀπόκρυφον,
2395 2157 2471 2227 τῷ
2500 2158 2683 2229 γνόφῳ
2717 2160 2808 2212 καὶ
2838 2162 2907 2230 τῇ
2941 2160 3138 2231 ὁμίχλῃ
3156 2160 3322 2231 δηλοῖ.
3358 2158 3486 2214 Εἶτα
3519 2162 3615 2216 ἐπὶ

371 2268 478 2307 non
504 2253 889 2309 descendisset.
920 2253 1088 2320 Quem
1119 2268 1244 2307 eum
1290 2270 1520 2325 corpore
1549 2257 1892 2311 ascendente:

2035 2248 2127 2301 τοῦ
2157 2250 2420 2321 χερουόὶμ
2450 2251 2720 2323 ἀνελήφθη
2744 2292 2758 2316 ,
2798 2253 2976 2306 καίτοι
3015 2254 3088 2324 μὴ
3131 2254 3227 2306 σὺν
3260 2254 3407 2325 αὐτῷ
3440 2272 3611 2307 καται

369 2347 566 2401 ἀίνίιιεε
610 2346 819 2401 intuitte
876 2360 1059 2402 essent
1107 2358 1439 2416 potestates,
1494 2349 1892 2418 agglomerante

2034 2342 2153 2406 ϐάς.
2186 2345 2280 2396 Ὃν
2316 2345 2451 2415 μετὰ
2497 2346 2747 2416 σώματος
2798 2349 3154 2403 ἀναϐαίνοντα
3194 2351 3251 2403 αἱ
3303 2348 3442 2403 θεῖαι
3477 2349 3613 2404 θεω-

368 2438 442 2492 illi
478 2438 750 2506 stipabant
793 2436 910 2507 ejus
937 2438 1200 2503 reditum,
1235 2440 1481 2495 dicentes
1516 2460 1528 2494 :
1567 2438 1755 2495 Tollite
1802 2457 1892 2511 por

2034 2435 2223 2506 ροῦσαι
2250 2437 2524 2508 δυνάμεις,
2551 2442 2826 2507 γεγονυῖαι
2854 2442 2981 2511 περὶ
3012 2441 3203 2506 αὐτὸν,
3248 2440 3607 2513 ἐδορυφόρουν

368 2541 450 2584 tas
475 2570 491 2596 ,
514 2547 544 2584 ο
577 2532 835 2600 principes
857 2570 872 2595 ,
914 2541 1111 2585 vestras
1137 2549 1154 2584 :
1176 2543 1220 2585 et
1245 2533 1752 2602 extollimini,portre
1778 2546 1892 2590 teter

2031 2526 2194 2579 αὑτοῦ
2221 2528 2319 2598 τὴν
2359 2528 2570 2595 ἄνοδον,
2605 2531 2953 2599 ὲπιλέγουσαι
2977 2549 2989 2562 °
3037 2533 3247 2599 Ἀρατε
3286 2534 3518 2597 πύλας,
3552 2534 3609 2584 οἱ

365 2637 470 2685 nte,
495 2632 542 2675 et
574 2621 900 2692 ingredietur
926 2620 1037 2676 Rea:
1066 2623 1248 2693 gloria:
1270 2626 1335 2677 ’⁵.
1372 2624 1502 2692 Quae
1534 2628 1751 2695 quidem
1786 2638 1892 2683 tum

2028 2618 2338 2688 ἄρχοντες,
2396 2621 2581 2691 ὑμῶν,
2625 2624 2719 2676 καὶ
2767 2623 3098 2691 ἐπάρθητε,
3133 2626 3316 2678 πύλαι
3361 2622 3605 2688 alme-tor,

363 2711 507 2766 facta
536 2721 679 2775 sunt,
699 2712 1013 2782 quando,’ut
1045 2714 1096 2767 in
1124 2713 1274 2770 Actis
1300 2717 1664 2786 apostolorum
1699 2719 1892 2774 relatu:

2029 2712 2126 2765 καὶ
2169 2714 2579 2768 εἰσελεύσεται
2618 2718 2651 2769 d
2703 2716 3003 2782 Βασιλεὺς
3036 2716 3144 2785 τῆς
3186 2716 3386 2785 δόξης.
3436 2714 3503 2768 Ἃ
3539 2714 3607 2788 δὴ

362 2812 476 2870 est,
517 2804 807 2859 videntibus
848 2805 954 2860 illis
985 2806 1213 2860 elevatus
1242 2817 1359 2874 est,
1405 2820 1452 2863 et
1487 2809 1647 2865 nubes
1696 2811 1892 2880 suscepi

2012 2804 2283 2874 ιγέγονεν,
2335 2806 2530 2877 ἡνίκα,
2583 2807 2657 2871 ὡς
2702 2809 2759 2860 ὲν
2806 2811 2927 2871 ταῖς
2977 2809 3214 2880 Πράξεσι
3268 2813 3441 2862 κεῖται
3491 2809 3603 2862 τῶν

362 2909 480 2948 eum
504 2892 567 2947 ab
600 2894 764 2949 oculis
790 2910 973 2948 eorum
1010 2894 1077 2950 ³⁸.

2024 2898 2354 2963 ἀποστόλων,
2380 2894 2736 2962 βλεπόντων
2766 2899 2961 2953 αὐτῶν
2980 2899 3229 2968 ἐπήρθη,
3253 2902 3351 2953 καί
3370 2902 3600 2971 νεφέλη

2023 2986 2326 3041 ὑπέλαϐεν
2353 2988 2539 3041 αὐτὸν
2564 2988 2683 3042 ἀπὸ
2713 2987 2829 3041 τῶν
2861 2988 3182 3059 ὀφθαλμῶν
3210 2990 3428 3043 αὐτῶν.

368 3075 546 3133 v.12.
586 3073 869 3150 Etposuit
897 3076 1144 3150 tenebras
1186 3077 1578 3150 absconsionem
1619 3092 1768 3130 suam
1807 3094 1825 3130 :
1864 3079 1892 3132 i.

2022 3077 2171 3149 Στίχ.
2206 3077 2296 3131 ιϐ’.
2330 3078 2441 3131 Kal
2481 3078 2647 3131 ἔθετο
2694 3081 2918 3150 σκότος
2951 3082 3312 3150 ἀποκρυφὴν
3371 3085 3557 3139 αὑτοῦ
3579 3101 3597 3117 ·

634 3142 858 3199 circuitu
890 3146 1033 3199 illius
1064 3146 1455 3199 tabernaculum
1488 3147 1619 3215 ejus.

2119 3142 2150 3149 ”
2336 3151 2539 3213 κύκλῳ
2558 3149 2742 3203 αὐτοῦ
2768 3151 2806 3216 ἡ
2835 3142 3032 3217 σκηνὴ
3058 3142 3267 3205 αἶιτὸῦξ
3610 3164 3615 3185 ⁸

434 3240 572 3295 Eum
600 3239 691 3309 qui
724 3239 776 3293 in
807 3237 1155 3294 tabernaculo
1183 3247 1303 3306 est,
1336 3239 1459 3309 quis
1483 3241 1662 3293 videat
1692 3240 1794 3295 nisi
1841 3242 1892 3295 in

2097 3238 2201 3291 Τὸν
2232 3236 2294 3313 ἐν,
2324 3241 2491 3310 σκηνῇ
2536 3240 2617 3301 τίς
2658 3239 2758 3291 οὐκ
2803 3238 2915 3309 (52)
2962 3238 3148 3307 ὄψεται
3195 3240 3268 3312 μὴ
3307 3243 3601 3313 γενόμενος

364 3340 455 3387 tus
482 3330 691 3386 fuerit?
732 3332 824 3387 Sic
849 3346 1026 3400 neque
1058 3333 1250 3397 Deum,
1286 3332 1391 3386 nisi
1436 3332 1558 3401 quis
1588 3333 1889 3402 ingrediatu

2023 3330 2204 3394 ἔνδον;
2236 3329 2421 3393 Οῦοτως
2450 3330 2570 3384 οὐδὲ
2612 3330 2701 3383 τὸν
2750 3330 2880 3384 Θεὸν
2903 3374 2917 3397 ,
2952 3331 3001 3383 εί
3031 3333 3102 3402 μή
3128 3350 3211 3395 τις
3243 3332 3469 3386 εἰσέλθοι
3497 3335 3597 3389 τοῦ

360 3426 502 3480 intra
535 3423 712 3479 velum
739 3423 1247 3493 incomprensionis.
1284 3422 1494 3494 Moyses
1529 3438 1763 3494 namque
1791 3425 1891 3479 cali

2021 3422 2118 3493 τῆς
2136 3421 2568 3492 δυσκαταληψίας
2590 3421 2732 3476 ένδον
2756 3422 3268 3493 παραπετάσματος.
3300 3424 3407 3477 Καὶ
3427 3426 3600 3478 Μωῦ-

360 3517 540 3585 ginem
570 3516 759 3581 subiit,
792 3516 884 3571 ubi
917 3524 1036 3571 erat
1078 3515 1240 3572 Deus.
1291 3515 1557 3571 lnsistens
1586 3517 1730 3571 enim
1760 3517 1891 3572 mini

2023 3512 2121 3583 σῆς
2146 3511 2254 3583 γὰρ
2284 3514 2363 3575 είς
2382 3513 2471 3567 τὸν
2492 3512 2686 3581 γνόφον
2710 3512 2954 3582 εἰσῆλθεν
2970 3553 2985 3577 ,
3024 3506 3084 3565 οῦ
3111 3509 3178 3584 ἦν
3199 3515 3227 3567 ό
3250 3513 3400 3577 Θεός.
3442 3516 3598 3569 Ἐπι-

358 3605 526 3660 sterio
569 3606 711 3659 circa
739 3606 906 3660 Deum
939 3606 1165 3676 ejusque
1210 3606 1584 3675 providentius,
1628 3608 1771 3661 intra
1806 3607 1892 3662 hie

2021 3605 2221 3674 στήσας
2244 3603 2351 3675 γὰρ
2375 3607 2439 3675 τῇ
2465 3604 2590 3676 περὶ
2620 3603 2754 3657 Θεοῦ
2780 3604 3110 3676 δημιουργίᾳ
3137 3622 3197 3657 τε
3225 3606 3315 3658 καὶ
3344 3607 3591 3679 προνοίᾳ,

355 3696 626 3753 intellexit
652 3699 918 3753 contineri
955 3698 1142 3754 Deum.
1178 3699 1461 3754 Paululum
1499 3700 1768 3770 siquidem
1797 3716 1892 3756 ean

2018 3695 2148 3748 εἴσω
2195 3696 2397 3749 τούτων
2453 3696 2594 3763 ἔγνω
2634 3696 2985 3768 περιέχεσθαι
3032 3695 3123 3749 τὸν
3165 3696 3315 3749 Θεόν.
3380 3697 3594 3766 Ὀλίγον

330 3788 671 3858 ‘adaperiens
693 3829 708 3854 ,
748 3789 897 3844 illum
926 3790 1077 3858 cuius
1118 3798 1202 3845 est
1242 3790 1456 3859 imago,
1485 3804 1554 3845 ex
1578 3804 1641 3845 eo
1674 3791 1816 3860 quod
1848 3806 1892 3844 at

2017 3783 2124 3855 γὰρ
2151 3785 2319 3857 αὐτὴν
2340 3786 2626 3851 διανοίξας,
2662 3787 2753 3840 τὸν
2781 3780 2839 3840 οῦ
2872 3786 3017 3839 ἐστιν
3040 3784 3223 3851 είκὼν,
3253 3790 3315 3840 ὲκ
3342 3786 3433 3840 τοῦ
3467 3791 3590 3841 κατ’

351 3878 640 3949 imaginem
666 3891 802 3945 erat,
829 3881 1095 3936 intellexit
1132 3903 1143 3937 :
1182 3891 1345 3953 atque
1364 3897 1429 3937 ex
1459 3881 1679 3953 opiﬁcio
1707 3890 1763 3937 et
1791 3896 1891 3951 pro

2015 3876 2197 3929 εἰκόνα
2230 3878 2543 3949 μεμάθηκεν
2566 3894 2580 3907 ·
2611 3880 2675 3930 ὲκ
2704 3878 2759 3930 δὲ
2803 3877 2901 3946 τῆς
2939 3878 3298 3949 δημιουργίας
3332 3879 3423 3931 καὶ
3456 3894 3595 3948 προ-

350 3970 608 4036 videntia,
641 3971 885 4041 opiﬁcem
913 3981 967 4027 et
996 3972 1353 4041 provisorem.

2015 3967 2161 4031 νοίας
2186 3969 2275 4021 τὸν
2298 3968 2628 4041 δημιουργὸν
2661 3967 2755 4022 καὶ
2782 3969 3107 4039 προνοητὴν.

936 4063 1129 4119 PSAL.
1166 4062 1333 4120 XXII.

2607 4062 2776 4114 ΨΑΛ.
2824 4061 2949 4113 KB'.

727 4156 793 4211 γ’.
822 4157 876 4210 5.
911 4154 1137 4224 Propter
1159 4172 1345 4211 nomen
1367 4173 1541 4213 suum.

2223 4152 2312 4204 Στ.
2347 4158 2415 4220 γ’.
2460 4152 2699 4213 Ἕνεκεν
2715 4150 2820 4205 τοῦ
2842 4153 3131 4221 ὀνόματος
3160 4152 3366 4207 αὑτοῦ.

346 4243 412 4299 ν.
450 4245 505 4300 4.
537 4245 678 4300 Nam
709 4248 806 4300 etsi
832 4246 1163 4300 ambulavero
1192 4250 1245 4299 in
1268 4248 1438 4300 medio
1480 4248 1678 4303 umbra:
1703 4249 1888 4302 mortis

2012 4244 2139 4314 Στίχ
2187 4245 2249 4299 δ’.
2284 4244 2423 4298 Ἐὰν
2455 4244 2563 4315 γὰρ
2588 4245 2694 4315 καὶ,
2711 4243 2974 4313 πορευθῶ
3006 4244 3264 4315 ἐνμέσῳ
3284 4243 3458 4315 σκιᾶς
3481 4248 3589 4315 θατ

555 4332 661 4369 non
701 4317 887 4370 timebo
917 4317 1081 4381 mala,
1125 4319 1247 4385 quia
1276 4328 1333 4370 tu
1380 4334 1578 4371 mecum
1619 4336 1695 4373 es.

2076 4312 2312 4437 ιὲἑάτοςυζ
2345 4318 2415 4369 οὐ
2464 4312 2880 4384 ’φοϐηθήσομαι
2938 4312 3124 4368 κακάή·
3176 4317 3265 4367 ὅτι
3316 4314 3397 4368 σὺ
3455 4312 3584 4384 μετ’

2111 4402 2223 4437 ιιου
2253 4401 2324 4437 ει.

2105 4402 2223 4454 μου
2253 4401 2324 4439 ει.

409 4473 545 4528 llinc
597 4475 663 4529 ad
693 4473 860 4529 Deum
894 4477 1167 4531 convertit
1220 4479 1544 4531 orationem.
1595 4476 1695 4545 Qui
1740 4477 1892 4547 igitur

2077 4474 2189 4549 (55)
2217 4474 2491 4529 Ἐντεῦθεν
2517 4475 2649 4547 πρὸς
2675 4474 2806 4528 Θεὸν
2835 4475 3163 4547 ἀποστρέφει
3192 4476 3280 4530 τὸν
3312 4476 3486 4546 λόγον,
3523 4477 3587 4532 Ὁ

342 4566 494 4620 sedet
532 4566 587 4622 in
619 4569 808 4621 umbra
840 4568 1056 4633 mortis,
1099 4568 1289 4624 ﬁrmus
1315 4578 1397 4624 est
1420 4569 1472 4623 in
1509 4569 1624 4634 illa.
1662 4570 1892 4625 obdura-

2013 4567 2111 4636 μὲν
2126 4561 2217 4619 οὖν
2240 4565 2596 4637 καθεζόμενος
2620 4569 2679 4619 ὲν
2696 4568 2822 4637 σκιᾷ
2838 4566 3091 4632 θανάτου,
3114 4567 3320 4639 ἵδρυται
3341 4570 3397 4621 ἐν
3420 4569 3582 4640 αὐτῇ,

340 4667 429 4711 tus
444 4658 493 4711 in
511 4655 744 4727 ﬂagitiis,
763 4657 1116 4729 indigensque
1134 4659 1335 4715 lumine
1350 4660 1493 4730 quod
1510 4676 1573 4716 ex
1593 4661 1892 4717 misericor-

2009 4655 2324 4726 βεϐαιωθεὶς
2352 4659 2409 4710 ὲν
2440 4656 2627 4727 κακία,
2662 4658 2754 4709 καὶ
2772 4656 3022 4727 δεόμενος
3044 4655 3150 4709 τοῦ⁸
3169 4657 3229 4721 ἐξ
3249 4658 3429 4720 ἐλέους
3445 4659 3583 4710 ἁναο

340 4746 426 4799 dia
459 4747 653 4801 oritur.
688 4748 758 4800 At
787 4748 880 4816 qui
924 4748 1205 4813 ambulat,
1234 4750 1721 4820 prastergreditur;
1759 4767 1892 4821 quo-

2008 4746 2285 4809 τέλλοντος
2312 4746 2504 4815 φωτός·
2541 4749 2569 4799 ὁ
2600 4745 2657 4797 δὲ
2685 4745 3047 4816 πορευόμενος
3072 4746 3423 4817 παρατρέχει·
3460 4746 3582 4817 μεθ’

332 4852 462 4890 cum
507 4837 669 4891 etiam
723 4838 923 4893 incedit
967 4840 1245 4895 Dominus.
1288 4840 1363 4897 De
1404 4844 1653 4897 sessione
1695 4843 1892 4896 dictum

2008 4832 2067 4890 οῦ
2101 4839 2195 4891 καὶ
2223 4838 2488 4894 συνοδεύει
2516 4840 2544 4891 ὁ
2573 4836 2794 4908 Κύριος.
2824 4837 2959 4909 Περὶ
2988 4837 3045 4890 δὲ
3070 4837 3170 4907 τῆς
3204 4838 3471 4901 καθίσεως
3502 4838 3581 4891 εἴ·

334 4940 419 4982 est
451 4948 464 4983 :
494 4928 801 4984 Sedenlibus
828 4932 879 4985 in
905 4934 1112 5003 regione
1134 4943 1183 4987 et
1216 4936 1400 4988 umbra
1434 4936 1634 5002 mortis,
1666 4934 1761 4988 lux
1781 4944 1892 4989 orta

2010 4947 2165 5001 ρηται
2188 4948 2199 4960 ·
2241 4929 2609 4999 Καθημένοις
2647 4929 2716 4982 ἐν
2762 4928 2920 4997 χώρᾳ
2960 4930 3057 4983 καὶ
3110 4928 3253 4997 σκιᾷ
3292 4929 3578 4996 θανάτου,

326 5030 407 5073 est
442 5021 514 5075 eis
547 5021 615 5075 ”.

2008 5022 2133 5090 φῶς
2162 5023 2464 5077 ἀνέτειλεν
2486 5021 2708 5087 αὐτοῖς.
3348 5028 3351 5033 ’

2008 5112 2155 5182 Στιχ.
2181 5112 2241 5165 δ’.
2270 5113 2330 5169 Ἡ
2351 5112 2573 5180 ῥάϐδος
2598 5127 2736 5176 σου,
2762 5111 2857 5165 καὶ
2876 5112 2914 5179 ἠ
2929 5112 3225 5182 βακτηρία
3247 5107 3583 5179 σου,αὗταί

2069 5199 2145 5250 με
2173 5182 2612 5251 παρεκάλεσαν.

404 5263 645 5337 Utraque
672 5269 727 5323 in
760 5268 1008 5341 ﬂagellis,
1038 5269 1203 5341 'juxta
1251 5270 1380 5326 illud
1415 5290 1428 5326 :
1465 5269 1524 5325 Si
1563 5271 1892 5325 deseruerint

2087 5260 2391 5346 Ἀμφότερα
2418 5274 2508 5326 ἐπὶ
2533 5274 2829 5344 μαστίγων,
2863 5274 3004 5329 κατὰ
3037 5274 3096 5327 τό
3116 5293 3128 5305 ·
3172 5274 3313 5329 Ἐὰν
3332 5274 3579 5343 ἐγκατα-

326 5355 425 5423 ﬁlii
454 5359 531 5411 tui
564 5358 727 5430 legem
761 5379 950 5427 meam,
988 5373 1035 5418 et
1071 5364 1455 5433 judiciis.meis
1483 5380 1587 5418 non
1627 5365 1892 5432 incedant,

2008 5367 2261 5420 λίπωσιν
2286 5369 2337 5420 oi
2357 5366 2475 5421 υἱοί
2499 5382 2616 5420 σου
2644 5366 2749 5419 τὸν
2777 5367 2963 5436 νόμον
2976 5383 3116 5436 μου,
3149 5367 3246 5421 καὶ
3292 5367 3417 5435 τοῖς
3450 5368 3558 5436 κρί-

332 5133 396 5188 V.
427 5134 480 5187 ι.
517 5133 678 5207 Virga
695 5147 808 5204 tua,
824 5146 872 5191 et
901 5137 1116 5193 baculus
1139 5147 1279 5206 tuus,
1300 5140 1410 5194 hinc
1428 5153 1509 5193 me
1533 5129 1892 5193 evocaverunt.

406 5489 450 5519 ἰ
484 5488 641 5545 Βειιι.
668 5507 743 5558 ιν,
772 5494 860 5549 24.
941 5496 985 5526 ²¹
1018 5495 1158 5552 Psal.
1190 5514 1329 5563 xcvr,
1362 5498 1415 5552 5.
1498 5498 1543 5531 ’³
1572 5497 1713 5553 Psal.
1742 5514 1888 5565 xux,

324 5570 370 5623 »1,
395 5560 450 5614 9.
539 5562 582 5592 ³⁷
624 5563 747 5618 lsai.
778 5582 853 5623 Ix.
882 5566 936 5622 2.

2032 5500 2078 5531 “
2109 5498 2235 5556 Luc.
2270 5517 2379 5568 ιιιι,
2404 5502 2473 5555 49
2574 5502 2621 5534 ’⁸
2648 5501 2790 5556 Psal.
2829 5517 2968 5556 xxm
2993 5543 3007 5568 ,
3035 5502 3091 5569 7,
3126 5502 3179 5556 9.
3218 5510 3237 5558 1
3326 5504 3371 5537 ’⁸
3439 5504 3560 5561 Act.

394 5673 508 5757 Q1)
537 5673 662 5757 (ὶῖςο.
764 5750 774 5757 .
906 5752 916 5757 _
1084 5751 1171 5757 __
1532 5754 1543 5757 _

2076 5686 2187 5757 (5:25)
2217 5686 2313 5744 llic
2343 5687 2566 5744 etint‘ra
2611 5687 2796 5744 confer
2848 5697 2980 5746 tom.
3012 5689 3123 5757 ΧΠ,
3176 5692 3279 5747 col.
3322 5692 3461 5749 l259
3513 5700 3576 5747 et

394 5745 513 5820 {52)
551 5746 835 5836 Bedundat
867 5751 1096 5833 obevel
1121 5752 1181 5807 ob
1208 5754 1637 5825 p05tponeudum
1674 5763 1779 5811 cst.
1995 5745 2109 5817 sou.
