3880 6216
283 346 386 401 113

1448 326 1816 404 excusem
1854 343 1920 402 ιιι
1954 343 2293 401 PSALMOS.

3417 341 3528 398 ιιι

264 460 414 531 μασί
437 478 561 531 μου
574 459 661 531 μὴ
683 460 1055 529 πορευθῶσιν
1071 476 1085 491 ⁸
1111 461 1221 516 ἐὰν
1242 461 1313 516 τὰ
1351 461 1711 533 δικαιώματά
1732 481 1834 534 μοι

1956 465 2001 516 si
2026 462 2158 531 jura
2196 478 2311 517 mea
2339 476 2443 515 non
2476 457 2818 516 custodierint
2848 473 2867 513 :
2900 457 3121 513 uisitabo
3153 455 3209 510 in
3239 456 3381 526 uirga
3415 456 3521 510 ini-

263 553 345 622 μὴ
377 553 765 622 φυλάξωσιν·
798 553 1201 623 ἐπισκέψομαι
1232 554 1302 607 ἐν
1333 555 1533 622 ῥάϐδῳ
1563 556 1672 623 τὰς
1716 558 1851 611 ἀγο-

262 645 402 713 μίας
430 643 630 697 αὐτῶν
649 683 663 707 ,
690 643 789 697 καὶ
817 645 887 697 ἐν
908 643 1152 713 μάστιγι
1182 645 1290 711 τὰς
1312 646 1599 715 ἁμαρτίας
1625 647 1842 702 αὐτῶν.

270 736 339 789 Τὸ
378 735 449 788 δέ
476 737 648 802 ἔλεός
688 754 808 803 μου
854 739 926 791 οὺ
949 736 1035 805 μὴ
1068 737 1442 792 διασκεδάσω
1479 741 1581 793 ἀπ’
1625 740 1843 795 αὐτῶν.

264 827 338 878 0'3
362 826 739 880 διεσκέδασται
771 826 879 901 γὰρ
902 829 961 880 τὸ
989 828 1128 884 θεῖον
1148 829 1295 893 ἔλεος
1323 831 1430 883 ἀπὸ
1457 832 1549 884 τοῦ
1579 833 1647 885 δι’
1668 834 1847 904 ἁμαρ-

261 920 385 981 τίας
432 918 847 990 μαστιζομένου.
907 922 980 973 06
1015 919 1127 990 (54)
1174 922 1281 992 γὰρ
1342 924 1721 995 ἁμαρτάνοντα
1772 924 1847 997 μὴ

266 1009 543 1079 μαστίξειε
571 1051 585 1076 ,
641 1012 700 1064 οὐ
758 1013 1151 1083 παραδέχεται’
1208 1016 1513 1085 μαστιγῶν
1584 1017 1717 1071 υἱὸν
1773 1018 1846 1071 ὃν

260 1101 675 1169 παραδέχεται.
702 1103 839 1174 Περὶ⁵
862 1096 936 1156 ὧν
965 1104 1020 1157 δὲ
1055 1105 1131 1176 μὴ
1167 1106 1416 1175 μαστίζει
1436 1144 1453 1171 ,
1488 1105 1705 1175 λέγεται
1746 1108 1807 1160 τό
1827 1127 1839 1137 ·

274 1193 447 1262 Ἐμοῦ
468 1194 535 1246 δέ
555 1194 713 1263 παρὰ
724 1196 939 1263 μικρὸν
958 1197 1380 1263 ἐσαλεύθησαν
1396 1201 1449 1252 οἱ
1471 1199 1651 1265 πόδες
1670 1217 1681 1229 ·
1707 1200 1843 1267 παρ’

261 1284 471 1354 ὀλίγον
499 1285 756 1355 ἐξεχύθη
784 1288 856 1342 τὰ
879 1287 1207 1357 διαϐήματά
1222 1307 1360 1358 μου.
1386 1291 1512 1344 Ὅτι
1543 1293 1653 1345 οὐκ
1675 1290 1844 1345 ἔστιν

259 1374 590 1442 ἀνάνευσις
624 1376 694 1430 ἐν
736 1377 816 1443 τῷ
852 1376 1081 1441 θανάτῳ
1124 1376 1341 1444 αὐτῶν,
1398 1380 1493 1434 καὶ
1542 1379 1842 1449 στερέωμα

257 1466 329 1523 ἐν
363 1466 439 1536 τῇ
460 1468 707 1542 μάστιγι
743 1469 961 1525 αὐτῶν.
1020 1471 1122 1525 Διὰ
1158 1470 1335 1524 τοῦτο
1372 1471 1705 1541 ἐκράτησεν
1743 1475 1841 1527 αὺ-

257 1559 402 1625 τοὺς
452 1562 492 1628 ἠ
526 1564 930 1631 ὑπερηφανία*
984 1563 1404 1632 περιεϐάλοντο
1460 1565 1697 1619 ἀδικίαν
1739 1565 1838 1619 καὶ

258 1650 541 1705 ἀσέϐειαν
572 1653 821 1707 ἑαυτῶν.
876 1654 999 1707 Ἐὰν
1053 1656 1150 1726 μὲν
1200 1650 1292 1709 οὖν
1427 1673 1511 1721 τις
1570 1656 1838 1727 πρόϐατον

257 1745 613 1815 ἁμαρτωλὸν,
672 1745 852 1817 ῥάϐδῳ
905 1747 1199 1819 πλήσσεται
1220 1766 1233 1779 ·
1286 1750 1380 1801 ἐὰν
1427 1749 1485 1803 δὲ
1530 1748 1833 1821 ἄνθρωπος,

1954 553 2177 621 quitates
2212 568 2413 617 eorum,
2447 559 2497 605 et
2520 551 2575 605 in
2605 549 2832 621 ﬂagellis
2874 560 3086 619 peccata
3118 563 3321 603 eorum.
3363 546 3522 601 Mise-

1954 642 2241 696 ricordiam
2298 652 2474 695 autem
2525 658 2693 696 meam
2752 657 3082 712 nequaquam
3131 640 3399 704 dissipabo
3452 641 3519 693 ab

1953 735 2027 787 eis
2065 735 2129 786 ".
2166 734 2282 788 Non
2313 743 2397 789 est
2425 736 2573 789 enim
2619 736 2877 805 dissipata
2911 733 3092 788 divina
3140 731 3521 787 misericordia

1953 827 2020 880 ab
2056 842 2121 882 eo
2166 828 2257 898 qui
2307 839 2530 901 propter
2576 839 2795 900 peccata
2841 828 3166 896 ﬂagellatur.
3198 826 3519 881 Peccantem

1954 918 2095 971 enim
2160 935 2265 972 non
2330 921 2596 988 suscipit,
2656 921 2756 976 nisi
2814 919 3161 989 ﬂagellaverit
3195 935 3210 973 :
3247 919 3519 987 ﬂagellans

1951 1009 2117 1077 ﬁlium
2143 1028 2291 1078 quem
2327 1014 2544 1082 suscipit
2569 1015 2634 1068 ²⁹.
2664 1014 2737 1069 Ι)ε
2765 1015 2831 1067 iis
2859 1028 2991 1068 vero
3019 1027 3155 1082 quos
3195 1026 3301 1065 non
3327 1010 3517 1081 ﬂagel-

1952 1100 2026 1155 lat
2050 1102 2243 1156 dicitur
2271 1102 2400 1156 illud
2436 1122 2449 1156 :
2490 1103 2597 1157 Mei
2618 1112 2791 1158 autem
2815 1120 2943 1172 pene
2979 1104 3157 1174 quassi
3182 1112 3303 1157 sunt
3333 1102 3517 1169 pedes,

1948 1194 2319 1263 propemodum
2352 1196 2505 1265 effusi
2533 1208 2652 1250 sunt
2679 1213 2885 1265 gressus
2929 1197 3050 1249 mei.
3095 1195 3235 1261 Quia
3284 1211 3389 1249 non
3439 1203 3517 1247 est

1949 1286 2171 1339 arrectio
2204 1286 2256 1339 in
2290 1296 2456 1341 morte
2491 1305 2695 1353 eorum,
2722 1300 2768 1343 et
2797 1289 3189 1357 ﬁrmamentum
3218 1288 3273 1341 in
3303 1287 3515 1358 ﬂagello

1947 1390 2150 1434 eorum.
2192 1373 2481 1447 Propterea
2544 1379 2771 1433 obtinuit
2814 1394 2901 1432 eos
2938 1377 3219 1432 insolentia
3247 1392 3265 1429 :
3289 1376 3515 1429 circum-

1945 1467 2125 1521 amicti
2164 1478 2286 1521 sunt
2329 1470 2608 1538 iniquitate
2631 1479 2677 1523 et
2723 1470 2988 1537 impietate
3010 1485 3109 1523 sua
3148 1468 3214 1520 '°.
3250 1466 3309 1521 Si
3352 1467 3515 1521 fuerit

1945 1572 2075 1629 ergo
2102 1560 2225 1631 quis
2257 1560 2375 1615 ovis
2406 1575 2661 1629 peccans,
2694 1560 2845 1631 virga
2876 1559 3193 1629 vapulabit;
3228 1569 3284 1613 at
3319 1558 3362 1613 si
3394 1557 3513 1611 fue-

1947 1651 2014 1705 rit
2045 1652 2227 1717 homo,
2254 1652 2471 1715 baculo,
2503 1653 2794 1706 secundum
2833 1650 3178 1705 Salomonem
3213 1669 3227 1704 :
3262 1648 3365 1716 Qui
3385 1667 3511 1718 par-

1944 1742 2018 1797 cit
2055 1744 2263 1810 baculo,
2298 1745 2407 1799 odit
2437 1744 2607 1812 ﬁlium
2645 1760 2800 1799 suum
2835 1744 2902 1798 “.
2931 1743 3057 1799 Haec
3088 1758 3253 1815 porro
3283 1750 3513 1799 evocant

259 1832 534 1906 βακτηρίᾳ
552 1877 566 1899 ,
592 1836 730 1890 κατὰ
754 1836 818 1889 τὸ
840 1836 1181 1908 Σολομῶντος
1203 1856 1216 1869 ·
1265 1839 1327 1892 '0
1354 1839 1705 1909 φειδόμενος
1732 1838 1834 1909 τῆς

1946 1836 2290 1906 vapulantem
2339 1854 2354 1891 :
2398 1850 2695 1907 persuasus
2741 1845 2825 1892 est
2870 1838 3056 1904 enim,
3104 1838 3231 1907 quia
3277 1836 3512 1907 ﬂagellat

251 1924 590 1993 βακτηρίας
609 1927 781 1995 μισεῖ
796 1927 903 1981 τὸν
927 1928 1143 1983 ἑαυτοῦ
1168 1931 1322 1984 υἱόν.
1364 1930 1545 1984 Ταῦτα
1584 1931 1639 1985 δὲ
1669 1948 1845 2003 παρα-

256 2016 419 2068 καλεῖ
449 2016 540 2070 τὸν
573 2020 935 2089 τυπτόμενον·
969 2021 1259 2075 πέπεισται
1299 2023 1406 2095 γὰρ
1425 2065 1440 2090 ,
1472 2022 1547 2087 ὡς
1564 2024 1849 2095 μαστιγοῖ

257 2110 459 2162 πάντα
486 2110 620 2165 υἱὸν
641 2111 715 2166 ὃν
741 2114 1156 2183 παραδέχεται.

908 2207 1076 2260 ΨΑΛ.
1111 2208 1216 2260 ΚΓ
1229 2248 1243 2263 .

326 2291 482 2361 Στίχ.
513 2290 577 2361 β’.
607 2292 718 2346 Καὶ
752 2294 851 2348 ἐπὶ
890 2295 1170 2367 ποταμῶν
1202 2301 1529 2370 ἡτοίμασεν
1556 2302 1766 2371 αὐτήν.

326 2382 443 2452 (55)
493 2385 603 2438 Καὶ
630 2384 804 2449 ἄλλως
839 2387 896 2441 δέ
950 2389 1056 2459 πρὸ
1116 2390 1216 2461 τῆς
1270 2392 1560 2463 ἐπιδημίας
1604 2395 1837 2465 Χριστοῦ

247 2472 525 2540 ¹Γνωστὸς
552 2474 713 2545 ἐντῇ
754 2477 1001 2545 Ἰουδαίᾳ
1039 2480 1201 2551 μόνον
1233 2478 1301 2554 ἦν
1332 2488 1365 2538 d
1392 2485 1567 2551 Θεόςο
1599 2490 1716 2555 μετ’
1743 2488 1839 2541 αὑ-

248 2562 353 2632 τὴν
399 2564 477 2627 δὲ,
517 2566 624 2620 τοῦ
652 2569 874 2635 Kvplov
900 2570 937 2638 ἠ
964 2570 1062 2639 γῆ.
1121 2572 1257 2625 Ἀλλ’
1272 2574 1393 2628 οὐδὲ
1410 2575 1682 2648 πλήρωμα
1732 2580 1839 2651 πρὸ

247 2655 464 2727 ταύτης
491 2653 559 2728 ἦν
591 2660 649 2714 ὲν
685 2660 833 2735 πάσῃ
862 2666 928 2733 τῇ
974 2667 1075 2735 γῇ·
1127 2666 1299 2737 μεστὰ
1342 2668 1398 2722 δὲ
1440 2664 1509 2740 ἦν
1556 2671 1725 2742 αὐτῆς
1768 2672 1836 2727 τὰ

246 2746 481 2801 πλεῖστα
520 2752 837 2822 κακότητος.
889 2756 1022 2808 Μετ’
1052 2757 1219 2829 αὐτὴν
1265 2759 1321 2812 δὲ
1358 2760 1543 2814 πολλοὶ
1586 2762 1693 2816 τῶν
1735 2782 1834 2817 πε-

245 2842 624 2895 πιστευκότων
656 2843 882 2899 ἐθνικῶν
917 2846 1120 2903 εἴποιεν
1155 2851 1221 2905 ἄν
1244 2868 1257 2881 °
1321 2853 1419 2907 Ἐκ
1460 2854 1564 2907 τοῦ
1603 2857 1835 2925 πληρώ-

240 2949 439 3001 ματος
462 2935 647 2987 αὑτοῦ
684 2936 853 3005 ἡμεῖς
885 2938 1109 3007 πάντες
1153 2942 1464 3012 ἐλάϐομεν.
1510 2946 1705 3019 Διόπερ
1740 2949 1835 3000 αὑ-

242 3021 347 3075 τοῦ
386 3024 480 3075 καὶ
520 3024 791 3097 πλήρωμα
836 3028 1095 3098 λέγοιντο.
1154 3033 1290 3086 Ἀλλ’
1320 3035 1417 3106 οὐχ
1463 3037 1513 3089 οἱ
1555 3038 1700 3090 κενοὶ
1736 3038 1835 3110 τῆς

242 3115 615 3187 εὖαγγελικῆς
646 3118 937 3184 πολιτείας.
971 3123 1129 3177 Ἀλλὰ
1163 3126 1253 3178 καὶ
1288 3127 1344 3178 ὲν
1375 3128 1565 3199 ἐρήμῳ
1592 3130 1619 3182 6
1653 3130 1833 3200 ἀμαρ-

240 3206 421 3270 τωλὸς
462 3213 737 3262 κατοικεῖ⁹
790 3213 1115 3285 οἰκουμένην
1168 3215 1246 3281 δὲ,
1282 3220 1309 3270 6
1352 3218 1449 3289 τὴν
1510 3220 1832 3284 Ἐκκλησίαν

241 3298 417 3351 οἰκῶν
458 3301 898 3373 πεπληρωμένην
951 3308 1051 3374 τῆς
1097 3308 1257 3376 ἁγίας
1283 3310 1547 3381 Τριάδοςο’
1576 3313 1669 3365 καὶ
1719 3313 1832 3366 ἐστι

240 3390 342 3443 τοῦ
382 3392 607 3462 Κυρίου.
653 3394 790 3446 Ἀλλ’
822 3397 918 3465 οὐχ
943 3397 971 3449 6
997 3401 1389 3471 γεγεννημένος
1426 3403 1490 3455 ἐκ
1527 3402 1621 3455 τοῦ
1655 3403 1833 3458 διαϐό-

242 3481 369 3546 λου,
404 3484 498 3536 καὶ
524 3485 682 3555 μερὶς
715 3487 923 3540 ἐκείνου
958 3490 1265 3561 γενόμενος.

243 3570 398 3657 Στίχ.
427 3579 494 3641 γ’.
520 3574 615 3657 Ίςίς
637 3577 995 3657 ἀναϐήσεται
1018 3583 1105 3657 είς
1126 3582 1188 3657 τὸ
1226 3582 1487 3657 ὄρος-τοῦ
1503 3587 1724 3654 Κυρίου
1746 3604 1764 3651 ;
1791 3587 1828 3657 ἢ

318 3643 415 3707 τίς
441 3643 731 3709 στήσεται
761 3646 830 3699 ἐν
853 3650 1011 3713 τόπῳ
1040 3643 1183 3719 ἁγίῳ
1212 3643 1435 3719 uibrat};

320 3732 438 3802 (56)
472 3735 541 3787 Ἦ
572 3737 666 3789 καὶ
694 3736 818 3807 ὅρος
844 3740 1046 3813 Κυρίου
1067 3743 1127 3795 τὸ
1147 3744 1358 3799 τελικὸν
1393 3748 1592 3816 ἀγαθὸν
1617 3750 1711 3804 καὶ
1740 3752 1829 3806 τὸν

241 3823 381 3877 Θεὸν
407 3826 597 3893 Λόγον.
635 3827 864 3892 Σπὰνιος
896 3831 1003 3902 γὰρ
1028 3835 1056 3886 6
1088 3835 1224 3905 πρὸς
1267 3837 1365 3908 τὴν
1396 3838 1703 3911 ἀκρώρειαν
1730 3842 1827 3894 αὐ·-

243 3915 340 3968 τοῦ
370 3915 459 3969 διὰ
494 3920 773 3991 προκοπῆς
802 3922 1066 3993 ἀναϐῆναι
1105 3926 1417 3999 δυνάμενος.

306 4087 420 4181 (57)
440 4088 497 4143 Ὀ
512 4090 620 4161 γὰρ
634 4093 958 4162 τελειωθεὶς,
978 4100 1172 4169 μηκέτι
1190 4105 1495 4179 περαιτέρω
1509 4113 1703 4181 χωρεῖν
1717 4107 1828 4178 οἷός

242 4197 302 4232 τε
338 4180 437 4245 ὣν,
467 4182 678 4237 ἵσταται
709 4184 943 4254 βέϐαιος,
969 4191 1062 4243 καὶ
1085 4195 1434 4265 χρηματίζων
1476 4180 1629 4269 ἅγιος
1664 4204 1827 4268 τόπος

243 4272 405 4326 Θεοῦ.
455 4274 659 4328 Ὀπίσω
698 4276 807 4349 γὰρ
846 4280 1051 4350 Κυρίου
1096 4287 1488 4358 πορευόμενος,
1516 4292 1822 4349 ἀναϐαίνει·

241 4362 366 4415 τῶν
396 4362 515 4431 μὲν
552 4364 803 4420 ὄπισθεν
847 4369 1392 4445 ἐπιλανθανόμενος
1410 4421 1423 4443 ,
1480 4382 1604 4451 τοῖς
1628 4382 1696 4436 δὲ
1720 4384 1824 4454 ἐμ-

242 4458 534 4546 προσϐενᾉ
566 4456 1086 4529 ἐπεκτεινόμενος,
1136 4466 1289 4531 τέλος
1338 4470 1476 4541 ἔχων
1539 4474 1600 4527 τὸ
1634 4476 1824 4546 στῆναι

1948 1946 2148 1984 omnem
2174 1930 2346 1999 ﬁlium
2371 1947 2523 1999 quem
2542 1931 2759 2000 suscipit
2790 1930 2878 2001 “.3

2502 2200 2699 2256 PSAL.
2740 2201 2783 2257 X
2798 2200 2933 2256 Xlll.

2136 2293 2197 2348 V.
2228 2292 2283 2346 2.
2318 2290 2384 2347 Et
2410 2296 2465 2349 in
2494 2293 2797 2364 ﬂuminibus
2827 2294 3141 2364 praeparavit
3178 2309 3317 2347 eam.

2010 2382 2182 2440 Aliter
2219 2394 2390 2440 :ante
2436 2387 2723 2442 adventum
2766 2386 2965 2442 Christi
3022 2395 3176 2440 notus
3206 2386 3260 2441 in
3306 2384 3502 2440 Iudaea

1940 2478 2205 2534 duntaxat
2241 2490 2359 2534 erat
2403 2479 2540 2534 Deus
2571 2480 2616 2511 ³³
2650 2498 2664 2535 :
2706 2488 2761 2533 at
2792 2489 2913 2547 post
2942 2478 3257 2542 adventum,
3292 2476 3506 2531 Domini

1936 2581 2013 2625 est
2038 2582 2181 2626 terra
2210 2571 2272 2627 ⁸⁸.
2307 2571 2413 2627 Sed
2446 2586 2622 2642 neque
2649 2572 2926 2642 plenitudo
2953 2577 3080 2625 ante
3104 2570 3256 2627 illum
3296 2582 3415 2627 erat
3450 2575 3505 2628 in

1936 2664 2190 2719 universa
2240 2672 2387 2719 terra
2433 2682 2446 2718 :
2496 2663 2739 2733 quinimo
2787 2664 2946 2735 plena
2996 2674 3115 2718 erat
3162 2678 3261 2733 pro
3314 2666 3505 2735 majori

1935 2766 2093 2827 parte
2125 2754 2471 2826 ﬂagitiorum.
2505 2756 2631 2812 Post
2665 2756 2816 2811 illum
2850 2770 2981 2810 vero
3006 2794 3021 2819 ,
3056 2757 3208 2811 multi
3255 2757 3507 2813 ethnico-

1936 2862 2054 2901 rum
2083 2846 2174 2915 qui
2203 2846 2595 2911 crediderunt,
2639 2848 2822 2901 dicere
2866 2857 3131 2914 possunt:
3166 2845 3242 2900 De
3280 2846 3506 2911 plenitu-

1934 2938 2055 2992 dine
2096 2937 2210 3006 ejus
2250 2954 2342 2991 nos
2380 2954 2559 2993 omnes
2597 2938 2891 3006 accepimus
2922 2937 2989 2990 ".
3037 2936 3219 3004 Quare
3250 2938 3412 2993 etiam
3451 2946 3507 2994 et

1932 3027 2136 3084 Christi
2189 3028 2469 3099 plenitudo
2514 3030 2620 3085 dici
2672 3038 2899 3099 queunt.
2936 3028 3043 3084 Sed
3078 3044 3184 3083 non
3218 3030 3309 3099 qui
3340 3032 3499 3084 vacui

1932 3130 2062 3178 sunt
2092 3123 2403 3193 evangelica
2435 3121 2649 3176 vivendi
2683 3124 2913 3177 ratione.
2950 3123 3088 3189 Quin
3117 3124 3294 3191 potius
3325 3122 3377 3177 in
3404 3123 3505 3177 de-

1934 3222 2082 3268 serto
2104 3223 2356 3283 peccator
2382 3215 2609 3269 habitat.
2656 3213 2857 3269 Contra
2897 3225 3075 3268 autem
3102 3214 3285 3269 orbem
3327 3224 3511 3269 terra-

1936 3322 2055 3361 rum
2083 3306 2295 3372 incolit,
2318 3308 2410 3377 qui
2455 3308 2645 3363 incolit
2686 3306 3274 3375 Ecclcsiam'repletam
3311 3316 3500 3361 sancta

1935 3394 2223 3465 Trinitate,
2260 3407 2452 3467 estque
2478 3397 2711 3453 Domini.
2747 3396 2866 3452 Non
2897 3399 3024 3451 item
3050 3399 3141 3469 qui
3182 3413 3247 3451 ex
3288 3397 3505 3453 diabolo

1934 3498 2094 3543 natus
2127 3499 2231 3552 est,
2263 3498 2355 3543 aut
2386 3504 2513 3558 pars
2546 3489 2691 3544 illius
2715 3488 2939 3544 eﬂ‘ectus
2974 3489 3095 3545 fuit.

1986 3580 2052 3636 Υ.
2086 3583 2139 3636 5.
2173 3580 2302 3646 Quis
2331 3582 2570 3635 ascendet
2600 3582 2653 3633 in
2684 3592 2908 3635 montem
2946 3583 3189 3653 Domini?
3231 3582 3309 3636 vel
3329 3585 3446 3653 quis

2320 3653 2475 3705 stabit
2501 3654 2556 3705 in
2586 3654 2699 3704 loco
2732 3664 2914 3705 saneto
2956 3652 3115 3721 ejus?

2005 3739 2097 3794 Vel
2132 3741 2295 3796 etiam
2331 3742 2706 3813 interpreteris
2732 3750 2967 3797 montem
3010 3745 3220 3798 Domini
3250 3744 3502 3813 perfecti-

1932 3847 2058 3887 vum
2085 3833 2308 3898 bonum,
2344 3843 2394 3889 et
2428 3835 2715 3903 ipsummet
2737 3835 2902 3891 Deum
2934 3834 3190 3889 Verbum.
3219 3836 3394 3891 Rarus
3414 3844 3501 3891 est

1932 3925 2080 3978 enim
2124 3924 2218 3994 qui
2258 3926 2325 3980 ad
2368 3926 2628 3981 verticem
2659 3926 2774 3995 ejus
2803 3940 2871 3981 ex
2917 3925 3158 3995 profectu
3206 3928 3501 3983 ascendere

1929 4026 2116 4087 queat.

2002 4109 2103 4175 Qui
2133 4110 2277 4165 enim
2303 4119 2712 4167 consummatus
2735 4118 2834 4173 est,
2869 4126 2975 4165 non
3006 4111 3238 4182 amplius
3274 4111 3500 4167 ulterius

1929 4203 2182 4273 progredi
2213 4202 2418 4266 valens.
2446 4214 2552 4259 stat
2584 4204 2794 4271 ﬁrmus,
2826 4215 2881 4262 et
2912 4217 3140 4260 vocatur
3165 4216 3389 4262 sanctus
3414 4208 3497 4263 lo-

1928 4312 2026 4352 cus
2056 4297 2170 4351 Dei.
2208 4296 2353 4353 Pone
2390 4298 2534 4353 enim
2562 4299 2845 4353 Dominum
2887 4300 3166 4365 incedens,
3202 4300 3495 4355 ascendit:

1928 4404 2107 4443 eorum
2129 4406 2246 4460 qua:
2270 4399 2409 4443 retro
2449 4400 2591 4451 sunt,
2624 4390 2857 4456 oblitus;
2888 4391 2957 4444 ad
2989 4407 3052 4445 ea
3078 4407 3195 4444 vero
3232 4406 3348 4459 qua:
3374 4401 3496 4445 sunt

1930 4488 2071 4541 ante,
2094 4479 2245 4532 enixe
2276 4480 2596 4533 contendens
2621 4479 2684 4543 ³⁸,
2711 4479 2870 4533 linem
2896 4478 2998 4534 sibi
3026 4493 3329 4549 proponens
3348 4488 3498 4534 stare

244 4542 387 4611 μετά
414 4542 549 4597 Θεοῦ
574 4548 633 4599 ἐν
661 4548 810 4617 τόπῳ
841 4550 978 4622 ἁγίῳ
1013 4554 1176 4608 αὐτοῦ
1198 4575 1211 4587 ο
1236 4559 1321 4627 ἐφ’
1347 4560 1405 4615 ὃν
1442 4562 1524 4615 δεῖ
1556 4542 1822 4634 ἀναϐῆναι

1946 4584 2054 4624 :um
2102 4568 2211 4623 Deo
2260 4570 2312 4623 in
2359 4569 2480 4624 loco
2524 4580 2711 4624 sancto
2755 4572 2869 4638 ejus
2902 4589 2913 4625 :
2951 4570 3019 4624 ad
3067 4584 3225 4638 quem
3279 4580 3497 4639 oportet

240 4636 337 4687 καὶ
375 4636 568 4705 στῆναι
606 4638 695 4690 τὸν
738 4642 1219 4717 εὐαγγελιζόμενον
1252 4653 1317 4720 τῇ
1366 4654 1532 4718 Σιὼν,
1573 4657 1711 4729 πρὸς
1762 4660 1822 4712 ὃν

238 4734 501 4801 ὲφθακότι
549 4738 627 4808 τῷ
673 4742 877 4813 Μωῦσῇ
922 4761 1084 4815 φησιν
1136 4747 1163 4798 6
1217 4747 1385 4809 856;°
1418 4748 1503 4802 Σὺ
1533 4748 1601 4801 δέ
1633 4750 1821 4805 αὐτοῦ

237 4824 421 4892 στῆοι
452 4830 583 4894 μετ’
618 4830 783 4898 ἐμοῦ.
828 4834 989 4886 Ἀλλὰ
1019 4836 1108 4888 καὶ
1138 4838 1444 4906 Ἐστησεν
1470 4840 1570 4892 ἐπὶ
1598 4839 1821 4909 πέτραν

238 4919 385 4983 τοὺς
414 4921 606 4987 πόδας
650 4942 799 4991 μου,
831 4926 905 4989 ὡς
940 4930 1025 4996 ἐφ’
1058 4928 1243 5000 ἕτερον
1284 4931 1534 5002 ἀγίασμά
1565 4951 1729 5001 φασιν
1768 4936 1817 4987 οἱ

239 5009 539 5079 προφῆται.
592 5012 749 5067 Ἐπεὶ
774 5014 958 5083 πέτρα
984 5012 1062 5086 ἦν
1088 5022 1121 5071 ό
1156 5020 1427 5087 Χριστός.
1484 5021 1641 5075 Ἀλλὰ
1680 5023 1763 5086 τίς
1790 5024 1818 5075 6

235 5098 347 5151 τῶν
375 5103 718 5171 ἐπαγγελιῶν
750 5106 952 5161 τούτων
968 5110 1303 5181 τευξόμενος,
1329 5113 1540 5186 εἴρηται
1564 5116 1817 5169 τελεώτε-

241 5212 332 5265 ρον
367 5198 425 5249 ὲν
459 5197 538 5268 τῷ
572 5201 1147 5275 τεσσαρεσκαιδεκάτη)
1166 5205 1385 5277 ψαλμῷ.

299 5422 347 5452 ’⁸
376 5422 514 5478 Psal.
556 5440 794 5481 unvm
819 5468 832 5490 ,
870 5428 969 5495 51,
1008 5430 1096 5484 5-1.
1158 5433 1201 5466 ’⁸
1236 5432 1394 5487 llcbr.
1431 5450 1532 5495 xu.
1572 5434 1625 5489 6.
1710 5434 1754 5465 ’θ
1786 5434 1925 5488 Psal.
1960 5452 2126 5495 LXHI.
2159 5437 2213 5493 2.
2252 5437 2306 5501 4,
2336 5436 2387 5490 6.

329 5492 474 5545 Psal.
519 5511 682 5555 un,
719 5496 775 5548 2.
858 5497 903 5529 ³⁵
1013 5500 1155 5559 Psal.
1188 5520 1342 5560 nui.
1378 5507 1426 5560 1.
1522 5504 1566 5537 ³⁸
1598 5504 1749 5560 Joan.
1786 5521 1826 5560 ι.
1854 5504 1939 5558 16.
2024 5507 2068 5536 ³⁸
2097 5506 2330 5560 ΡΙιιΙίιιι).
2360 5524 2387 5560 ιι

1736 5545 1749 5559 ο
1786 5544 1939 5570 1,·νσ

239 5489 288 5522 ³³
329 5492 474 5545 Psal.
519 5511 682 5555 uxr,
719 5496 775 5548 2.
858 5497 903 5529 ³⁵

1013 5500 1155 5559 Psal.
1188 5520 1342 5571 um,
1378 5507 1426 5563 1.

242 5578 431 5626 xxxu,
453 5565 507 5619 5.
590 5565 634 5597 ³³
662 5566 823 5620 lCor.
849 5583 906 5632 ι,
934 5568 987 5622 4.

460 5720 625 5793 Forte
657 5724 703 5774 εἰ
744 5740 838 5793 pro
861 5724 944 5776 οὐ.

313 5790 425 5859 (55)
468 5790 869 5863 Confer-LXII,
899 5795 1001 5850 loc.
1027 5795 1118 5849 cit.

1931 4662 2191 4716 ascendat
2228 4671 2281 4716 et
2308 4672 2415 4717 stet
2445 4664 2536 4730 qui
2585 4662 2925 4732 evangelizat
2970 4661 3122 4727 Sion,
3153 4671 3207 4716 et
3231 4661 3297 4715 ad
3333 4677 3495 4731 quem

1929 4769 2094 4822 quum
2125 4754 2459 4824 pervenisset
2505 4753 2718 4825 Moyses
2739 4793 2754 4818 ,
2783 4754 2859 4809 ait
2892 4752 2965 4807 illi
2991 4752 3135 4809 Deus
3164 4770 3178 4807 :
3210 4753 3287 4807 Tu
3317 4764 3496 4807 autem

1927 4845 1998 4899 ibi
2030 4854 2111 4898 sla
2151 4861 2351 4898 meeum
2385 4845 2449 4897 ³⁷.
2481 4842 2621 4910 Quin
2660 4845 2821 4899 etiam
2844 4842 3079 4910 ,Statuit
3105 4860 3261 4914 super
3291 4854 3496 4909 petram

1926 4940 2081 5007 pedes
2127 4953 2267 4991 nteos
2309 4936 2378 5001 ³⁸,
2423 4946 2679 5006 tanquam
2722 4933 2885 5004 supei‘
2935 4934 3079 4989 aliud
3124 4935 3495 4989 sanctuariuin

1927 5028 2113 5082 dicunt
2169 5028 2472 5097 prophetas.
2540 5025 2703 5081 Petra
2750 5036 2924 5080 autem
2968 5035 3079 5080 erat
3132 5026 3371 5081 Christus
3424 5025 3490 5079 ".

1922 5116 2041 5173 Jam
2080 5133 2206 5173 vero
2241 5118 2363 5186 quis
2400 5118 2592 5171 harum
2642 5118 3061 5187 promissionum
3109 5131 3330 5186 compos
3376 5116 3492 5182 ﬁat,

1922 5211 2123 5264 dictum
2157 5220 2240 5263 est
2268 5210 2459 5263 melius
2495 5211 2546 5262 in
2581 5211 2788 5277 psalmo
2814 5211 3025 5265 decimo
3058 5221 3275 5280 quarto.

2474 5438 2514 5466 ³¹
2548 5434 2833 5497 Prnv.xm,
2866 5435 2956 5488 ΞΛ.
3019 5435 3062 5465 ³⁸
3106 5434 3269 5490 llebr.
3302 5450 3399 5501 xu,
3435 5434 3491 5490 6.

2024 5507 2068 5536 ³⁸
2097 5506 2330 5575 Philipp.
2360 5524 2442 5573 tu,
2482 5507 2562 5565 15.
2649 5506 2692 5535 ³⁷
2731 5506 2902 5559 Exod.
2937 5520 3122 5571 xxxrv,
3147 5506 3201 5561 2.
3262 5505 3308 5537 ³⁸
3346 5502 3495 5560 Psal.

2140 5723 2489 5800 inscribitur,
2516 5726 2783 5800 Origems,
2819 5728 3046 5800 Didymi,
3079 5730 3311 5785 Eusebii.

1996 5794 2106 5866 (57)
2133 5794 2404 5866 Origcnis,
2436 5794 2668 5865 Didymi.
