3880 6216
363 340 468 394 Hb

482 475 550 531 Υ.
578 474 630 531 6.
664 471 795 527 Htrc
834 474 1102 543 generatio
1138 472 1485 543 qua'rentium
1534 470 1838 543 Dominum,

714 540 1057 613 quwi‘enlium
1087 540 1275 612 [aciem
1298 541 1394 595 Dei
1421 540 1612 594 Iacob.

444 637 707 708 Equidem
732 635 931 689 dictum
960 644 1042 689 est
1074 652 1086 685 :
1122 632 1289 687 Nemo
1321 632 1508 685 videbit
1538 630 1728 699 faciem
1756 642 1945 691 meam,

374 740 422 786 et
455 731 585 784 vivet
602 728 670 783 “.
704 727 913 781 Revera
942 726 1088 779 enim
1121 739 1278 778 nemo
1314 723 1519 777 videbit
1546 724 1636 789 qui
1670 722 1737 774 sit
1762 720 1947 782 homo,

375 830 430 877 et
455 820 599 891 quod
630 820 926 874 humanum
961 824 1044 871 est
1070 824 1237 868 totum
1265 829 1371 868 non
1413 813 1651 875 exuerit,
1683 820 1738 864 et
1772 819 1950 862 muta-

378 926 465 967 tus
510 912 675 967 fuerit
724 911 776 964 in
822 907 1072 978 angelum
1113 916 1166 960 et
1194 905 1387 968 Deum,
1420 903 1563 972 quod
1593 903 1681 957 hic
1724 916 1827 955 non
1865 900 1945 952 tit.

376 1005 452 1059 De
492 1004 699 1073 angelis
729 1017 859 1057 vero
908 1000 1258 1071 parvulorum
1298 998 1391 1066 qui
1428 1004 1554 1050 sunt
1581 996 1632 1048 in
1678 994 1947 1054 Ecclesia,

376 1094 632 1149 Salvator
681 1094 813 1149 dicit
851 1110 866 1148 :
911 1092 1129 1161 Semper
1176 1092 1347 1146 vident
1395 1089 1584 1159 faciem
1633 1086 1814 1140 Patris
1861 1085 1950 1153 qui

374 1198 449 1243 est
476 1189 534 1241 in
567 1188 710 1242 caelis
756 1188 827 1239 δι.

375 1348 442 1401 γ.
474 1348 527 1402 9.
563 1345 755 1399 Tollite
781 1354 982 1410 portas,
1017 1361 1045 1397 ο
1083 1344 1366 1411 principes.
1411 1351 1631 1411 vestras,
1661 1350 1709 1411 et
1739 1335 1948 1411 extolli-

515 1418 838 1485 mint’,portae
866 1410 1095 1477 (etei-me,
1135 1424 1183 1466 et
1218 1413 1454 1465 introibit
1492 1410 1605 1463 Rex
1633 1410 1835 1478 gloria’.

376 1509 441 1567 γ.
476 1508 561 1564 10.
605 1508 735 1578 Quis
763 1520 835 1562 est
864 1509 959 1560 iste
986 1506 1094 1561 Rea:
1124 1506 1308 1578 gloriaj
1335 1503 1641 1578 ?Dominus
1677 1502 1946 1564 virtutum,

885 1581 991 1646 ipse
1021 1589 1092 1631 cst
1120 1576 1228 1628 Rea:
1255 1575 1455 1645 gloriaz.

446 1738 605 1793 Velut
632 1737 822 1791 ducem
850 1735 1206 1796 exercituum,
1231 1732 1639 1802 appellaverunt
1668 1728 1950 1782 Dominum

1234 349 1795 411 SUPPLEMENTUM
1833 348 1923 403 AD
1958 343 2284 403 ORIGENIS
2315 341 2724 398 EXEGETICA.

1971 473 2017 528 A
2045 462 2193 533 Στίχ-
2232 468 2304 526 ς’.
2326 459 2481 533 Αὕτη.
2501 460 2537 526 ἡ
2562 456 2733 533 γενεὰ
2755 454 3086 533 ζητούντων
3118 450 3237 533 τὸν
3262 452 3511 533 Κήριον,
3541 446 3633 515 ζη-

3525 332 3628 388 illi

2124 521 2387 586 τούντων
2424 521 2489 582 τὸ
2524 521 2845 596 πρόσωπον
2866 526 2969 578 τοῦ
2998 522 3146 577 Θεοῦ
3187 521 3406 576 Ἰακώϐ.

2126 624 2237 694 (58)
2268 624 2377 677 Καὶ
2415 622 2518 694 μὴν
2543 618 2693 674 εἶπεν
2712 637 2725 649 ⁸
2763 618 2971 684 Οὐδεὶς
2991 618 3199 686 ὄψεται
3219 616 3285 668 τὸ
3308 612 3633 682 πρόσωπόν

2050 733 2202 784 μου,
2234 716 2329 768 καὶ
2366 712 2628 781 ζήσεται.
2668 713 2753 776 Ὡς
2786 710 2999 782 ἀληθῶς
3028 708 3138 781 γὰρ
3180 708 3282 761 οὐκ
3324 704 3511 776 ὄψεταί
3547 720 3630 766 τις

2056 808 2338 879 ἄνθρωπος
2376 806 2451 859 ὣν
2475 846 2489 869 ,
2518 806 2609 859 καὶ
2641 805 2713 876 μὴ
2754 806 2860 859 πᾶν
2897 802 3235 875 ἀνθρώπινον
3272 798 3627 868 ἀποθέμενος,

2057 901 2153 954 καὶ
2186 899 2501 970 μεταϐαλὼν
2531 899 2610 962 εἰς
2640 898 2867 967 ἄγγελον
2896 898 2989 950 καὶ
3017 895 3170 958 Θεὸν,
3198 896 3333 965 ὅπερ
3356 893 3457 945 οὑκ
3484 890 3629 943 ἐστιν

2056 993 2265 1048 ἐνθάδε.
2309 994 2445 1064 Περ¹ί⁸
2480 994 2536 1046 δὲ
2581 992 2689 1045 τῶν
2734 991 2977 1060 ἀγγέλων
3016 989 3121 1043 τῶν
3148 990 3205 1040 ὲν
3234 990 3299 1059 τῇ
3336 982 3631 1055 Ἐκκλησία

2060 1087 2293 1160 μικρῶν,
2325 1090 2353 1140 6
2402 1088 2592 1157 Σωτήρ
2636 1103 2833 1155 φησιν,
2881 1086 2962 1138 ὅτι
2992 1082 3317 1147 Διαπαντός
3348 1079 3529 1149 ὁρῶσι
3562 1076 3630 1131 τὸ

2058 1183 2382 1247 πρόσωπον
2414 1178 2518 1231 τοῦ
2556 1177 2804 1245 Πατρός,
2833 1176 2941 1230 τοῦ
2980 1177 3048 1230 ἐν
3079 1174 3203 1236 τοῖς
3222 1170 3518 1241 οὐρανοῖς.

2057 1274 2205 1343 Στίχ.
2233 1273 2295 1326 θ’.
2337 1274 2549 1339 Ἀρατε
2579 1273 2811 1343 πύλας,
2854 1273 2907 1324 οἱ
2935 1270 3224 1343 ἄρχοντες
3248 1308 3261 1333 ,
3297 1263 3493 1343 υμῶν,
3530 1258 3628 1343 καί

2126 1333 2447 1411 ἐῖτάρθητὲ,
2496 1344 2681 1396 πύλαι
2722 1333 2984 1407 αἰώνιοιξ
3010 1333 3108 1393 καὶ
3151 1333 3557 1392 εἰσελεύσεται
3596 1333 3631 1385 ο

2123 1414 2423 1479 ,ϐασιλεὺς
2470 1413 2574 1481 τῆς
2602 1412 2808 1481 δόξης.

2059 1507 2204 1571 Στίχ.
2234 1513 2283 1560 ι’.
2323 1506 2417 1571 Τίς
2463 1506 2632 1557 ἐστιν
2673 1502 2849 1570 οὗτος
2879 1508 2911 1558 ό
2938 1500 3238 1568 βασιλεὺς
3274 1497 3384 1567 τῆς
3412 1494 3632 1571 δόξηςῖ

2136 1527 2149 1559 ι
2194 1548 2204 1558 ·
2234 1527 2283 1560 ι’·
2326 1527 2417 1571 ιις
2463 1527 2632 1557 εστιν
2673 1527 2849 1570 Ουτος
2879 1527 2910 1558 0
2938 1527 3238 1568 ,βασιλευς
3274 1527 3384 1567 της
3412 1527 3589 1561 υυῳμ,
3612 1535 3627 1556 ,

2128 1527 2483 1711 Ῑέέριὲἓξτῶν
2507 1575 2834 1644 δυνάμεων,
2872 1576 3053 1640 αὐτός
3093 1574 3261 1627 ἐστιν
3281 1573 3313 1625 ό
3333 1565 3635 1630 Βασιλεὺς

2129 1666 2238 1716 της
2330 1684 2336 1693 ί
2382 1666 2475 1713 ης.

2131 1738 2240 1809 (59)
2283 1738 2369 1800 Ὠς
2402 1737 2636 1808 ἄρχοντα
2666 1732 2721 1786 δὲ
2758 1727 3153 1801 στρατοπέδων,
3182 1723 3491 1793 δυνάμεων
3516 1718 3631 1773 ἐκά-

377 1833 651 1897 virtutum,
691 1831 832 1899 quod
860 1830 914 1882 in
936 1826 1207 1882 Hebraico
1238 1825 1437 1879 dicitur
1470 1822 1708 1879 Sabaoth
1731 1838 1749 1875 :
1790 1837 1951 1889 quam

2068 1840 2216 1887 λεσαν
2244 1833 2482 1899 Κύριον,
2517 1830 2652 1896 ὅπερ
2684 1828 2739 1880 ὲν
2771 1825 2847 1894 τῷ
2891 1820 3164 1893 Ἑϐραῖκῷ
3206 1816 3444 1873 Σαϐαὼθ
3482 1814 3631 1885 εἴρη-

375 1938 569 1979 vocem
600 1920 951 1989 Septuaginta
982 1920 1410 1986 interpretantur
1443 1916 1495 1967 in
1529 1912 1831 1983 Scripturis
1850 1912 1954 1965 Do.

377 2017 580 2069 minum
639 2014 895 2075 mimum,
926 2008 1010 2064 vel
1045 2010 1209 2064 etiam
1260 2008 1619 2076 Omnipotens.
1674 2003 1827 2071 Quod
1871 2004 1955 2057 hic

379 2108 577 2163 dicitur
620 2120 773 2175 ergo,
823 2103 1248 2172 omnipotentem
1309 2100 1543 2154 ostendit
1595 2098 1951 2153 Salvatorem.

380 2197 469 2256 Sic
495 2198 622 2252 dicit
666 2197 921 2250 Dominus
973 2195 1295 2259 omnipotens
1330 2206 1348 2243 :
1370 2187 1515 2244 Pone
1542 2189 1763 2257 gloriam
1817 2188 1953 2239 misit

378 2308 463 2351 me
481 2294 547 2344 ad
572 2301 619 2343 te
649 2289 715 2341 ".
734 2287 867 2343 Cum
899 2285 1042 2341 enim
1072 2284 1414 2352 omnipotens
1452 2283 1522 2335 sit
1554 2279 1737 2342 Pater,
1762 2278 1954 2331 Filium

380 2382 809 2451 omnipotentem
850 2380 1018 2433 misit.
1048 2375 1285 2431 Joannes
1315 2388 1532 2442 quoque
1561 2374 1617 2428 in
1636 2372 1954 2441 Apocalypsi

380 2476 458 2529 ait
486 2496 498 2529 :
531 2471 661 2527 Haec
690 2474 813 2525 dicit
851 2472 998 2523 testis
1035 2469 1208 2537 fidelis
1267 2475 1316 2519 et
1380 2480 1558 2529 verax,
1606 2465 1695 2533 qui
1744 2464 1864 2533 fuit,
1907 2474 1955 2516 et

380 2569 469 2640 qui
508 2578 608 2633 est,
648 2576 696 2620 et
732 2568 820 2636 qui
863 2565 1064 2619 veniens
1088 2563 1155 2627 “,
1193 2562 1258 2615 de
1289 2560 1570 2614 Salvatore
1592 2558 1710 2612 sine
1736 2567 1956 2611 contro-

386 2658 566 2715 versia
597 2657 843 2727 loquens.

449 2840 677 2909 Quidam
716 2853 820 2892 non
852 2836 918 2889 ad
955 2833 1301 2890 sublimiores
1332 2841 1536 2902 portas,
1570 2830 1663 2885 sed
1716 2829 1782 2884 ad
1839 2844 1958 2883 eas-

382 2931 506 2987 dem
540 2944 661 3000 quze
688 2928 981 2998 dupliciter
1006 2928 1149 2981 dicta
1197 2936 1352 2989 sunt,
1393 2926 1534 2980 dicta
1578 2924 1745 2978 fuisse
1778 2923 1954 2981 aiunt.

935 3018 1133 3073 PSAL.
1185 3015 1394 3071 XXVII.

387 3112 452 3171 V.
480 3114 529 3168 Ι.
560 3112 642 3166 Ad
695 3120 765 3175 te,
808 3109 1048 3174 Domine,
1079 3110 1357 3162 clamabo:
1404 3107 1543 3162 Deus
1570 3109 1663 3175 mi,
1707 3124 1769 3162 ne
1798 3106 1958 3161 sileas

1083 3198 1114 3233 α
1149 3196 1250 3233 me.

452 3274 513 3332 Si
544 3284 759 3330 terrena
795 3273 972 3343 quisa
1006 3271 1117 3325 Deo
1154 3270 1409 3341 postulet,
1456 3270 1603 3325 brevi
1657 3271 1827 3324 utitur
1860 3286 1956 3323 vo-

382 3385 446 3425 ce
472 3386 488 3424 :
517 3377 573 3422 at
596 3369 642 3423 si
672 3365 937 3428 coelestia,
980 3363 1181 3418 clamat
1205 3374 1259 3417 et
1286 3362 1639 3417 vociferatur.
1674 3362 1855 3429 Quare
1905 3365 1957 3417 in

384 3460 712 3530 Scripturis,
750 3457 923 3512 sancti
955 3455 1021 3509 ad
1080 3454 1248 3509 Deum
1298 3454 1688 3510 clamaverunt.
1748 3453 1961 3507 Clamat

384 3566 514 3611 vero
531 3548 655 3620 quis
672 3548 945 3619 ingressus
969 3545 1397 3615 promptuarium
1418 3560 1597 3610 suum,
1626 3554 1682 3600 et
1703 3544 1962 3599 claudens

378 3644 623 3715 januam.
658 3641 772 3696 Non
807 3639 931 3694 silet
958 3648 1136 3700 autem
1169 3637 1370 3691 sanctis
1399 3636 1561 3691 Deus.
1611 3636 1961 3707 Loquebatur

383 3736 569 3802 itaque
601 3732 771 3803 Moysi
800 3741 854 3785 et
886 3731 1093 3791 Aaron,
1130 3739 1184 3783 et
1218 3727 1344 3783 Jesu
1381 3728 1490 3783 lilio
1526 3726 1695 3782 Nave.
1745 3727 1959 3798 Loque-

383 3826 546 3880 batur
577 3825 740 3877 etiam
792 3838 886 3890 per
932 3822 1249 3891 pr0phetas,
1301 3820 1521 3889 quando
1579 3829 1695 3874 erat
1729 3820 1961 3891 populus

382 3915 520 3984 ejus.
556 3913 686 3980 Qua:
726 3927 889 3981 porro
935 3912 1173 3980 loquitur
1206 3910 1369 3975 Deus,
1402 3925 1507 3965 non
1541 3919 1765 3964 externa
1814 3919 1957 3977 sunt,

377 4007 478 4061 sed
512 4015 724 4069 sancta,
774 4018 895 4073 quae
944 4003 996 4057 in
1026 4018 1122 4057 cor
1173 4012 1421 4056 nostrum
1458 4001 1778 4065 ascendunt,
1805 4000 1959 4070 juxta

383 4099 561 4155 illud:
609 4098 801 4151 Beatus
846 4098 945 4163 vir,
980 4096 1131 4165 cujus
1180 4102 1255 4147 est
1312 4094 1574 4146 auxilium
1628 4093 1773 4147 illius
1824 4109 1855 4145 α
1888 4103 1957 4160 te,

384 4195 605 4249 Domine
628 4209 646 4247 :
678 4194 1006 4247 ascensiones
1040 4194 1092 4246 in
1116 4209 1204 4246 cor
1231 4193 1371 4249 illius
1394 4194 1458 4248 “.
1486 4192 1756 4249 Habemus
1780 4202 1958 4247 autem

390 4288 555 4343 alium
597 4289 835 4342 auditum
870 4296 925 4339 et
958 4302 1175 4341 sensum
1212 4289 1475 4350 divinum,
1517 4288 1811 4341 secundum
1860 4286 1960 4341 Sa-

392 4380 689 4443 lomonem,
716 4381 937 4434 verbum
983 4379 1075 4433 Dei
1127 4381 1456 4441 audientem,
1487 4378 1694 4447 ipsique
1726 4380 1955 4433 unitum.

384 4473 459 4527 At
493 4473 579 4527 cui
610 4472 732 4525 silet
775 4473 933 4535 Deus,
964 4470 1293 4524 assimilatur
1322 4470 1750 4523 descendentibus
1796 4472 1848 4523 in
1876 4471 1956 4523 la-

383 4579 502 4616 cum
527 4562 592 4616 ⁸⁸.
626 4561 838 4615 Nullum
870 4576 1104 4630 namque
1152 4569 1463 4613 sanctorum
1516 4560 1719 4615 scimus
1773 4561 1951 4615 lacum

382 4654 671 4710 eﬁ‘odisse:
704 4656 799 4708 sed
840 4664 1056 4722 puteum
1090 4651 1403 4717 eﬁodiebat,
1453 4653 1544 4722 qui
1578 4668 1715 4722 aqua
1746 4652 1953 4723 indige-

382 4748 495 4803 bat.
526 4745 775 4814 Praecipit
795 4746 957 4799 etiam
985 4745 1238 4799 Salomon
1288 4745 1356 4800 de
1404 4744 1579 4813 puteis
1624 4745 1834 4801 bibere.
1888 4744 1955 4799 Et

381 4836 528 4892 Deus
560 4854 655 4906 per
684 4837 1001 4906 prophetam
1036 4837 1101 4891 de
1133 4837 1252 4891 lacu
1306 4837 1615 4892 bibentibus
1650 4837 1953 4902 minitatur,

381 4930 633 4999 inquiens
657 4943 672 4981 :
708 4928 795 4983 Me
816 4929 1203 4999 dereliquerunt
1228 4930 1421 4998 fontem
1446 4944 1595 4998 aqua:
1622 4929 1768 4993 υὶυιε,
1802 4940 1847 4982 et
1872 4928 1951 4996 {o-

378 5024 570 5076 derunt
630 5021 731 5075 sibi
809 5021 957 5075 lacus
1004 5022 1254 5074 contritas
1286 5020 1349 5074 “.
1398 5018 1741 5075 Descendunt
1791 5034 1953 5089 porro

379 5116 435 5171 in
466 5116 665 5179 lacum,
709 5115 798 5183 qui
852 5115 1076 5186 frigidas
1120 5117 1215 5169 has
1264 5113 1571 5167 materiales
1605 5128 1691 5166 res
1724 5112 1953 5167 sollicite

379 5216 573 5262 curant
600 5224 615 5260 :
652 5206 741 5260 ubi
766 5206 932 5261 etiam
959 5208 1236 5261 hominum
1267 5204 1517 5258 inimicus
1546 5204 1733 5268 draco,
1770 5203 1862 5271 qui
1897 5212 1951 5257 et

379 5297 611 5368 frigidus
640 5297 947 5351 nominatus
976 5308 1079 5361 εει,
1118 5296 1321 5352 incolit.
1354 5295 1618 5350 Omnibus
1646 5294 1791 5350 enim
1835 5296 1955 5348 ani-

381 5389 653 5444 mantibus
683 5404 802 5458 qua:
832 5399 959 5444 sunt
1014 5390 1066 5443 in
1121 5398 1286 5454 terra,
1332 5390 1497 5445 draco
1546 5388 1794 5456 frigidior
1849 5396 1950 5441 est.

379 5480 554 5535 Omne
604 5481 768 5551 igitur
822 5490 1106 5551 peccatum
1150 5482 1407 5552 frigidum
1440 5489 1559 5547 est;
1591 5480 1783 5536 divina.-
1824 5494 1952 5534 vero

2057 1944 2165 1980 ται.
2206 1923 2376 1977 Τοῦτο
2402 1923 2459 1976 δὲ
2493 1920 2587 1974 καὶ⁵
2619 1920 2836 1986 Κύριον
2872 1908 3243 1982 στρατιωτῶν
3279 1910 3329 1961 οἱ
3372 1904 3631 1974 Ἐὅδομή-

2057 2037 2217 2073 κοντα
2238 2018 2331 2072 καὶ
2348 2013 2771 2082 Παντοκράτωρ
2788 2013 2843 2063 ὲν
2864 2010 2979 2071 ταῖς
2996 2007 3235 2075 Γραφαϊς
3257 1999 3633 2073 ὲρμηνεύουσι.

2056 2114 2167 2167 Καὶ
2202 2112 2263 2164 τὸ
2296 2109 2391 2164 νῦν
2430 2109 2537 2180 ἄρα
2580 2105 2789 2177 λεχθὲν,
2824 2099 3237 2172 παντοκράτορα
3269 2096 3359 2149 τὸν
3404 2093 3634 2163 Σωτῆρα

2056 2205 2223 2276 δηλοῖ.
2253 2204 2451 2268 Οὕτως
2477 2201 2639 2269 ,λέγει
2666 2201 2883 2267 Κύριος
2924 2191 3344 2260 παντοκράτωρ
3365 2205 3377 2217 °
3421 2185 3636 2276 Ὀπίσω

2057 2275 2241 2363 δόξης
2280 2291 2600 2348 ἀπέστειλέ
2638 2308 2713 2361 με
2760 2290 2908 2358 πρὸς
2952 2285 3045 2340 σέ.
3094 2280 3494 2352 Παντοκράτωρ
3527 2275 3636 2346 γὰρ

2057 2389 2133 2442 ὣν
2165 2391 2193 2440 6
2222 2388 2432 2458 Πατὴρ,
2463 2386 2552 2439 τὸν
2588 2385 2715 2438 Υίὸν
2743 2381 3029 2437 ἀπέστειλε
3060 2376 3489 2447 παντοκράτορα.
3526 2370 3636 2423 Καὶ

2071 2481 2323 2551 Ἰωάννης
2349 2480 2405 2531 δὲ
2430 2480 2487 2530 ὲν
2549 2480 2615 2548 τῇ
2651 2472 3031 2541 Ἀποκαλύψει,
3067 2468 3209 2524 Τάδε
3240 2466 3420 2534 λέγει,
3448 2460 3633 2532 φησιν,

2059 2575 2092 2625 ὁ
2120 2571 2353 2640 μάρτυς
2378 2573 2410 2623 ό
2439 2568 2655 2633 πιστὸς
2690 2567 2785 2621 καὶ
2828 2564 3133 2632 ἀληθινὸς,
3170 2564 3201 2615 ὀ
3236 2556 3315 2629 ἦν
3354 2556 3449 2609 καὶ
3486 2557 3517 2608 ό
3551 2551 3635 2603 ὢν

2060 2663 2158 2716 καὶ
2187 2666 2219 2715 ό
2244 2663 2592 2732 ἐρχόμενος·
2630 2662 2757 2731 περὶ
2784 2657 2879 2711 τοῦ
2913 2656 3161 2726 Σωτῆρος
3194 2646 3635 2723 ὁμολογουμένως

2060 2752 2247 2807 εἰπών.

2132 2846 2240 2917 (60)
2277 2844 2432 2905 Τινὲς
2464 2841 2520 2893 δὲ
2551 2840 2611 2892 οὐ
2650 2838 2782 2910 πρὸς
2813 2836 3148 2909 ὑψηλοτέρας
3189 2833 3379 2899 πύλας,
3416 2831 3549 2905 πρὸς
3579 2832 3634 2885 δὲ

2060 2936 2158 3000 τὰς
2196 2935 2367 2998 αὑτάς
2398 2933 2469 2986 τὰ
2493 2930 2684 2995 διττῶς
2715 2932 2981 3001 εἰρημένα
3011 2929 3164 2998 φασί.

2691 3023 2857 3075 ΨΑΛ.
2894 3023 3019 3075 ΚΖ’.

2062 3118 2209 3188 Στίχ.
2254 3122 2322 3170 α’.
2367 3116 2523 3188 Πρὸς
2575 3114 2681 3175 σὲ,
2734 3114 2931 3188 Κύριε,
2979 3110 3374 3188 κεκράξομαι;
3416 3111 3450 3162 ὁ
3495 3110 3632 3174 Θειτς

2302 3180 2428 3256 μου
2450 3180 2535 3255 μὴ
2572 3183 3052 3252 παρασιωπήσῃς
3094 3183 3195 3234 ἀπ’
3231 3180 3395 3249 ἐμοῦ.

2130 3280 2193 3331 Εἰ
2232 3279 2330 3350 μὲν
2376 3277 2595 3345 ὲπίγειά
2632 3294 2715 3339 τις
2758 3277 2989 3331 αἰτεῖται
3024 3273 3174 3345 παρὰ
3214 3273 3367 3336 Θεοῦ,
3405 3271 3635 3344 βραχείᾳ

2060 3371 2256 3442 χρῆται
2308 3373 2491 3441 φωνῇ·
2528 3371 2575 3422 εί
2607 3369 2664 3423 δὲ
2716 3368 2784 3421 τὰ
2828 3368 3155 3438 ἐπουράνια,
3200 3364 3392 3437 κράζει
3438 3383 3496 3417 τε
3545 3364 3636 3418 καὶ

2063 3464 2181 3533 βοᾷ.
2212 3464 2371 3517 Ὅθεν
2418 3465 2474 3515 ὲν
2513 3464 2630 3525 ταῖς
2661 3462 2905 3533 Γραφαῖς
2936 3462 2987 3513 οἱ
3021 3460 3166 3527 ἅγιοι
3203 3459 3338 3531 πρὸς
3378 3458 3469 3512 τὸν
3506 3456 3636 3512 Θεὸν

2060 3552 2382 3624 ὲκέκραξαν.
2427 3552 2634 3624 Κράζει
2679 3552 2736 3605 δέ
2772 3568 2855 3613 τις
2896 3548 3152 3602 εἰσελθὼν
3186 3553 3265 3612 εὶς
3306 3549 3367 3601 τὸ
3397 3550 3636 3618 ταμιεῖον

2061 3642 2289 3706 ἑαυτοῦ,
2333 3645 2426 3696 καὶ
2466 3642 2685 3706 κλείσας
2729 3641 2826 3713 τὴν
2866 3640 3053 3712 θύραν.
3095 3640 3169 3693 Οὐ
3218 3641 3549 3712 παρασιωπᾷ
3580 3638 3634 3691 δὲ

2060 3741 2173 3801 τοῖς
2206 3738 2380 3806 ἁγίοις
2420 3739 2448 3789 6
2480 3737 2627 3800 Θεός.
2676 3737 2883 3790 Ἐλάλει
2929 3735 3058 3805 γοῦν
3097 3736 3304 3807 Μωσῇ,
3351 3737 3446 3789 καὶ
3508 3736 3625 3791 ’Λαο

2064 3831 2193 3902 ρὼν,
2237 3831 2332 3884 καὶ
2366 3830 2541 3901 Ἰησοῦ
2574 3829 2653 3900 τῷ
2683 3830 2775 3883 τοῦ
2810 3831 2987 3901 Ναυῆ,
3029 3830 3237 3883 Ἐλάλει
3268 3829 3365 3883 καὶ
3393 3830 3480 3883 διὰ
3509 3843 3641 3896 προ-

2063 3920 2269 3992 φητῶν,
2312 3922 2479 3992 ἡνίκα
2504 3917 2572 3992 ἦν
2620 3922 2647 3971 6
2680 3920 2808 3983 λαὸς
2840 3921 3023 3976 αὐτοῦ.
3050 3922 3116 3973 "A
3162 3922 3218 3974 δὲ
3251 3921 3402 3975 λαλεῖ
3426 3924 3453 3975 6
3476 3922 3633 3987 Θεὸς,

2063 4013 2161 4065 οὐκ
2187 4010 2387 4077 ἔξωθέν
2417 4014 2583 4075 ἐστιν,
2611 4012 2746 4065 ἀλλὰ
2775 4012 2843 4065 τὰ
2877 4013 3027 4081 ἅγια,
3063 4012 3131 4065 τὰ
3164 4012 3256 4065 ἐπὶ
3281 4014 3379 4084 τὴν
3413 4012 3634 4083 καρδίαν

2060 4103 2219 4174 ήμῶν
2264 4102 2640 4166 ἀναϐαίνοντα,
2682 4102 2823 4155 κατὰ
2865 4104 2956 4155 τό·
3008 4101 3310 4169 Μακάριος
3360 4101 3535 4170 ἀνὴρ,
3565 4100 3633 4153 οὗ

2059 4195 2231 4249 ἐστιν
2283 4194 2605 4261 ἀντίληψις
2642 4194 2827 4247 αὐτοῦ
2875 4193 3031 4263 παρὰ
3082 4193 3219 4255 σοῦ,
3252 4195 3453 4262 Κύριε·
3497 4194 3626 4249 ἀνα·

2060 4285 2264 4353 ϐάσεις
2310 4289 2397 4352 εἰς
2438 4286 2552 4355 τὴν
2585 4287 2836 4356 καρδίαν
2879 4286 3083 4341 αὐτοῦ.
3116 4288 3351 4357 Ἕχομεν
3380 4287 3436 4339 δὲ
3474 4286 3634 4354 ἀλλην

2058 4378 2225 4449 ἀκοὴν
2252 4380 2345 4431 καὶ
2384 4378 2534 4433 θείαν
2564 4379 2814 4450 αἴσθησιν
2835 4419 2848 4443 ,
2893 4378 3031 4431 κατὰ
3078 4379 3396 4448 Σολομῶντα
3418 4422 3431 4445 ,
3479 4380 3622 4446 λόγοι

2057 4468 2191 4521 Θεοῦ
2221 4468 2542 4532 ἀκούουσαν,
2584 4470 2868 4541 ἡνωμένην
2912 4468 3077 4539 αὐτῷ.
3105 4462 3174 4540 ’ᾯ
3218 4468 3274 4522 δὲ
3308 4472 3635 4542 impactum?

2060 4560 2209 4624 Θεὸς,
2250 4561 2549 4630 ὁμοιοῦται
2584 4560 2707 4627 τοῖς
2754 4562 3222 4616 καταϐαίνουσιν
3253 4565 3341 4628 εἰς
3383 4561 3635 4616 λάκκον.

2059 4656 2261 4710 Οὺδένα
2309 4656 2417 4727 γάρ
2477 4656 2584 4709 τῶν
2635 4656 2805 4722 ἁγίων
2858 4654 3016 4726 ἴσμεν
3080 4654 3279 4707 λάκκον
3335 4654 3633 4725 ὀρύξανταθ

2060 4750 2237 4821 φρέαρ
2282 4750 2337 4802 δὲ
2384 4748 2621 4819 ὤρυττεν
2654 4748 2681 4798 6
2730 4747 2979 4817 δεόμενος
3034 4746 3244 4810 ὓδατος.
3307 4747 3635 4800 Ἐντέλλεται

2061 4845 2155 4895 καὶ
2190 4846 2218 4896 6
2249 4842 2497 4912 Σολομῶν
2531 4841 2640 4894 ἀπὸ
2670 4842 2919 4912 φρεάτων
2949 4840 3141 4893 πίνειν.
3178 4839 3309 4903 Θεὸς
3336 4841 3391 4893 δὲ
3430 4839 3517 4893 διὰ
3544 4840 3635 4893 τοῦ

2060 4936 2339 5006 προφήτου
2366 4936 2477 4997 τοῖς
2522 4936 2585 4985 ὲκ
2613 4931 2832 4985 λάκκων
2865 4932 3108 4987 πίνουσιν
3146 4932 3387 4995 ἀπειλεῖ,
3423 4932 3597 4999 λέγων
3622 4951 3635 4964 ”

2073 5025 2203 5094 Ἐμέ
2268 5024 2661 5093 ἐγκατέλιπον
2702 5023 2907 5093 πηγὴν
2969 5022 3186 5087 ὕδατος
3246 5021 3479 5087 ζῶντος,
3538 5024 3636 5078 κο)

2058 5120 2297 5189 ὤρυξαν
2330 5121 2564 5186 ἑαυτοῖς
2606 5120 2875 5184 λάκκους
2922 5119 3483 5188 συντετριμμένους.
3524 5120 3613 5173 Κα

2059 5212 2369 5265 ταϐαίνουσι
2406 5212 2463 5265 δὲ
2501 5214 2580 5275 είς
2617 5212 2817 5264 λάκκον
2850 5213 2897 5263 οἱ
2929 5208 2998 5262 τὰ
3028 5208 3212 5279 ψυχρὰ
3253 5210 3351 5279 τῆς
3382 5209 3513 5280 ὕλης
3545 5228 3614 5263 πε

2066 5303 2341 5375 ριέποντες
2382 5303 2708 5373 πράγματα’
2739 5301 2867 5355 ἔνθα
2893 5304 2986 5354 καὶ
3018 5301 3125 5354 τῶν
3151 5298 3452 5371 ἀνθρώπων
3478 5302 3506 5352 6
3540 5318 3633 5352 πο-

2061 5396 2247 5465 λέμιος
2278 5395 2513 5466 δράκων,
2540 5396 2599 5458 ὃς
2629 5394 2721 5448 καὶ
2757 5393 2961 5464 ψυχρὸς
2994 5392 3339 5463 ὠνόμασται,
3369 5394 3636 5447 κατοικεῖ.

2060 5488 2283 5545 Πάντων
2314 5489 2422 5560 γὰρ
2456 5486 2628 5553 ζώων,
2670 5486 2775 5540 τῶν
2806 5485 2899 5538 ἐπὶ
2937 5485 3075 5555 γῆς,
3110 5487 3139 5537 6
3178 5484 3395 5557 δράκων
3426 5484 3629 5557 ψυχρό-

426 5620 472 5652 “
502 5620 673 5675 Exod.
706 5636 901 5694 κκξιιι,
934 5620 1140 5694 20.7_M
1177 5621 1365 5683 Matth.
1402 5636 1555 5686 xvm,
1583 5621 1671 5676 10.
1745 5622 1791 5654 ⁸³
1815 5620 1970 5689 Zach.

2068 5625 2158 5685 .8.
2222 5624 2465 5694 “Apoc.
2491 5623 2682 5691 "1,14.
2758 5620 3216 5689 ⁸⁵Ρ8ί11.ι.ςιιιιι,
3244 5620 3299 5676 6.
3373 5618 3633 5677 “Psalm.

381 5705 547 5758 xxv",
582 5700 635 5748 1.
708 5689 756 5721 ⁸⁸
781 5690 894 5745 Jer.
937 5707 997 5755 ιι,
1034 5692 1120 5744 1⁵5.

451 5760 564 5897 (58ἷ
589 5758 937 5815 Confertom.
978 5760 1064 5814 XII
1100 5762 1229 5832 ibid.

451 5830 541 5897 (ἷξε)
592 5829 827 5897 Didymi.
859 5830 1129 5897 Origcuis.

451 5829 564 5907 (ἴξῆ
592 5829 827 5918 Didymi.
859 5830 1129 5920 Origcqis.

2133 5763 2244 5839 ((30)
2276 5763 2520 5839 Qrigen.,
2553 5760 3114 5833 Euseb,,Theodoret.
