3878 6212
314 295 411 351 H7

1474 286 1843 357 EXCERPTA
1875 291 1942 347 ΙΝ
1984 288 2319 346 PSALMOS.

3450 290 3568 345 “8'

270 408 478 487 τερος.
524 419 679 473 Πᾶσα
720 413 813 474 οὖν
855 419 1100 491 ἁμαρτία
1141 419 1349 491 ψυχρά·
1403 418 1469 471 τὰ
1515 416 1573 471 δὲ
1618 418 1766 477 θεῖα,
1812 414 1855 467 ὼ

1991 428 2097 477 res,
2127 422 2184 466 ut
2210 426 2306 482 par
2327 418 2430 473 est,
2468 407 2653 463 calidae
2682 415 2831 463 sunt.
2868 407 2972 474 Qui
3021 407 3145 476 facit
3188 408 3399 478 angelos
3433 423 3557 461 suos

301 505 465 575 ἔοικε,
501 510 693 581 θερμά.
733 511 786 563 Ὁ
814 510 998 565 ποιῶν
1020 511 1161 577 τοὺς
1186 509 1478 580 ἀγγέλους
1506 507 1692 562 αὐτοῦ
1713 507 1883 559 πνεύ-

277 596 285 604 ’
296 615 488 666 ματα,
519 602 615 655 καὶ
646 601 788 669 τοὺς
816 602 1197 672 λειτουργοὺς
1229 600 1415 655 αὐτοῦ
1448 600 1635 669 πυρὸς
1662 600 1877 669 φλόγα.

300 687 577 759 Καὶ,πῦρ
630 686 819 762 ἦλθον
846 692 1065 758 ,ϐαλεῖν
1115 692 1216 747 ἐπὶ
1260 692 1375 760 τὴν
1434 690 1585 761 γῆν·
1622 692 1751 755 καὶ,
1800 691 1881 757 τῷ

299 781 595 851 πνεύματι
640 781 887 850 ζέοντες.
922 785 1041 839 Ὀτι
1077 785 1134 838 δὲ
1160 786 1210 837 οἱ
1240 784 1551 855 ἁμαρτωλοὶ
1578 783 1729 855 παρὰ
1757 783 1881 837 λάκ-

299 888 411 935 κοις
440 874 601 938 εἰσὶν,
624 876 683 927 ὲν
710 878 776 946 τῇ
815 876 1007 947 Ἐξόδῳ
1052 876 1244 949 φησιν’
1278 876 1641 931 Ἀπέκτεινεν
1668 879 1700 931 ὁ
1736 876 1877 942 Θεὸς

296 961 415 1020 ἀπὸ
452 965 776 1034 προσώπου
806 967 1032 1037 Φαραὼ,
1076 968 1145 1034 ὃς
1175 966 1421 1035 κάθηται
1460 966 1560 1022 ἐπὶ
1602 967 1709 1022 τοῦ
1746 970 1876 1036 θρό-

294 1070 428 1118 νου,
462 1056 574 1123 ἕως
605 1059 975 1124 πρωτοτόκου
1007 1058 1119 1128 τῆς
1148 1060 1614 1130 αἱχμαλωτίδος,
1658 1058 1765 1128 τῆς
1806 1060 1876 1113 ἐν

295 1144 522 1209 λάκκῳ.
568 1146 752 1213 Οὕτως
785 1152 832 1203 οἱ
877 1151 1290 1214 καταϐαίνοντες
1323 1154 1402 1215 εἰς
1450 1152 1649 1207 λάκκον
1693 1153 1873 1224 ἀμαρ-

292 1240 452 1292 τωλοί
487 1243 624 1295 εἰσιν
660 1243 755 1295 καὶ
788 1244 1136 1314 αἰχμάλωτοι.
1175 1245 1311 1298 Ἀλλ’
1335 1248 1364 1299 6
1390 1245 1592 1314 ἀγαθὸς
1619 1246 1751 1309 Θεὸς
1781 1248 1875 1301 καὶ

292 1330 514 1396 τούτους
574 1333 756 1399 καλεῖ,
810 1337 900 1388 καὶ
944 1336 1156 1391 δίδωσιν
1210 1337 1422 1406 ἄφεσιν.
1463 1338 1705 1409 Πνεῦμα
1763 1339 1872 1409 γὰρ

290 1424 517 1491 Κυρίου
548 1426 641 1479 ἐπ’
676 1427 800 1495 ἐμὲ,
831 1424 903 1485 οὗ
949 1428 1156 1483 ἕνεκεν
1201 1428 1411 1498 ἐχρισέ
1447 1447 1523 1500 με
1562 1432 1870 1501 εὐαγγελί-

291 1519 515 1570 σασθαι
552 1521 827 1588 πτωχοῖς.
876 1520 1238 1576 Ἀπέσταλκέ
1257 1540 1333 1592 με
1362 1523 1616 1591 κηρύξαι
1658 1525 1867 1594 αἰχμα-

292 1605 505 1675 λώτοις
539 1607 777 1677 ἄφεσιν,
809 1610 908 1664 καὶ
950 1612 1200 1682 τυφλοῖς
1233 1614 1588 1684 ἀνάϐλεψιν.

293 1696 437 1769 Στίχ.
466 1698 531 1768 β’.
559 1699 987 1776 βισάκουσονη
998 1704 1193 1776 Κύριε,
1224 1703 1333 1773 τῆς
1359 1705 1566 1775 φωνῆς
1594 1704 1703 1773 τῆς
1733 1705 1868 1776 δεή-

460 1768 617 1835 σεώς
635 1788 775 1839 μου,
812 1772 882 1825 ἐν
915 1772 994 1839 τῷ
1030 1768 1291 1829 δέεσθαί
1417 1768 1565 1845 πρὸς
1601 1768 1695 1831 σέ.

358 1857 471 1929 (61)
496 1855 593 1924 Οἷς
618 1861 695 1915 ἔτι
727 1863 865 1917 ὲνδεί
895 1881 1033 1929 τινα,
1059 1866 1259 1921 τούτων
1287 1868 1433 1922 ἐστὶν
1459 1869 1492 1941 ἡ
1517 1869 1717 1939 δέησις.
1742 1869 1869 1921 Ὅτε

288 1950 364 2015 δὲ,
387 1951 447 2004 τὺ
473 1951 691 2025 ἀξίωμα
722 1956 813 2009 τοῦ
845 1957 980 2012 Θεοῦ
1014 1961 1232 2031 νοήσας,
1269 1961 1405 2014 αἰτῶ
1437 1980 1488 2014 τι
1531 1961 1680 2035 παρὰ
1710 1960 1865 2026 Θεοῦ,

286 2042 404 2095 τότε
432 2046 828 2119 προσεύχομαι.
856 2050 985 2104 Ὅτε
1009 2052 1065 2105 δὲ
1092 2052 1240 2122 φίλος
1276 2054 1367 2106 ἐπὶ
1414 2053 1574 2107 πλέον
1602 2053 1864 2124 γένωμαι,

287 2134 404 2188 τότε
434 2138 742 2211 εὐχαριστῶ
774 2141 849 2212 τῷ
881 2142 1018 2214 Θεῷ.
1056 2146 1207 2198 Ἐπεὶ
1237 2147 1330 2199 καὶ
1358 2146 1589 2211 Παῦλος,
1621 2144 1729 2199 ἀπὸ
1759 2144 1867 2199 τῶν

285 2227 523 2297 ἡττόνων
553 2232 644 2285 ἐπὶ
672 2232 738 2287 τὰ
769 2235 939 2304 μείζω
971 2237 1299 2304 προϐαίνων,
1334 2239 1466 2308 φησί
1487 2256 1499 2269 ·
1530 2235 1865 2306 Παρακαλῶ

286 2318 516 2386 πρῶτον
558 2324 796 2380 πάντων
845 2328 1140 2385 ποιεῖσθαι
1192 2330 1452 2399 δεήσεις,
1486 2329 1861 2399 προσευχὰς,

283 2408 602 2479 ἐντεύξεις,
633 2416 1039 2485 εὐχαριστίας.

283 2498 425 2571 Στίχ.
457 2502 523 2573 β’.
573 2506 669 2558 Ἐν
697 2505 775 2572 τῷ
807 2509 1104 2633 (ripam-(£8
1150 2508 1354 2577 χεῖράς
1378 2527 1497 2578 μου
1530 2509 1680 2577 πρὸς
1714 2512 1863 2565 ναὸν

906 2597 1001 2633 art
1107 2595 1242 2633 σου.

906 2595 1076 2648 arta?
1107 2595 1242 2633 σου.

360 2660 750 2734 Ἐπαιρόμεναι
783 2671 962 2740 χεῖρες
1001 2669 1137 2739 πρὸς
1181 2668 1407 2737 πράξεις
1456 2668 1751 2737 θεοσεϐεῖς,
1804 2673 1861 2725 ἐν

278 2750 491 2824 οὐρανῷ
549 2755 1004 2831 θησαυριζόμεναί
1064 2763 1202 2815 εἱσι·
1238 2763 1305 2815 δι’
1336 2755 1410 2816 ὧν
1460 2764 1586 2833 νικᾷ
1632 2781 1715 2826 τις
1770 2764 1861 2818 τὸν

278 2844 465 2915 νοητὸν
504 2848 781 2922 Ἀμαλήκ·
846 2853 923 2917 ὡς
964 2857 993 2908 6
1036 2856 1271 2927 Μωσῆς,
1316 2856 1478 2928 ἡνίκα
1526 2856 1623 2920 τὰς
1672 2860 1859 2929 χεῖρας

276 2934 562 3007 ἀνέφερεν,
593 2941 622 2992 6
649 2942 775 3006 λαὸς
807 2944 964 2998 ἐνίκα
985 2962 997 2976 ·
1024 2946 1112 2999 ὅτε
1145 2946 1202 3000 δὲ
1233 2947 1502 3010 κατέσπα,
1531 2948 1559 3000 6
1591 2949 1855 3019 Ἀμαλήκ.

276 3027 367 3099 Μὴ
412 3032 834 3105 κατενέγκωμεν
878 3033 970 3091 οὖν
1014 3038 1115 3103 τὰς
1149 3042 1357 3111 χεῖρας,
1397 3040 1520 3093 ἐπεὶ
1566 3038 1855 3111 νικηθησό-

278 3119 437 3189 μεθα.

273 3209 419 3282 Στξχ.
441 3211 504 3265 ε’.
535 3212 658 3292 Ὅςει
680 3214 759 3292 ὀὐ
788 3213 1179 3292 συνῆκαν-εις
1207 3217 1280 3271 τὰ
1307 3218 1449 3292 gora
1485 3222 1590 3276 τοῦ
1614 3224 1852 3292 Κυρίου,

511 3283 615 3336 καὶ
643 3285 730 3348 εὶς
756 3283 829 3337 τὰ
856 3284 1000 3353 ἔργα
1023 3285 1147 3359 τῶν¹
1170 3283 1394 3357 χειρῶν
1412 3291 1619 3346 αὐτοῦ.

341 3373 531 3437 Οὐδεὶς
560 3374 670 3445 γὰρ
693 3374 997 3446 ἄμεμπτος,
1039 3377 1098 3430 οὐ
1129 3380 1326 3450 νοήσας
1353 3382 1421 3436 τὰ
1457 3382 1593 3455 ἔργα
1626 3386 1850 3456 Κυρίου.

272 3466 525 3535 Ποίησιν
555 3467 670 3536 γὰρ
722 3467 934 3537 χειρῶν
987 3468 1174 3524 αὐτοῦ
1223 3472 1576 3544 ἀναγγέλλει
1604 3476 1671 3530 τὸ
1718 3494 1855 3533 στε-

267 3558 477 3629 ρέωμα.
529 3559 724 3612 Δίδωσι
772 3560 880 3632 γὰρ
922 3561 1201 3631 ἀναλόγως
1235 3565 1295 3616 τὸ
1339 3566 1535 3620 τούτου
1581 3567 1851 3643 θεωρῆσαι

274 3653 629 3723 Δημιουργόν.

476 3745 629 3815 Στὶχ.
659 3744 725 3810 ζ’.
759 3744 865 3798 Καὶ
897 3744 1193 3801 ἁνέθαλεν
1233 3750 1272 3816 ἠ
1302 3750 1460 3819 σάρξ
1496 3770 1634 3820 μου.

336 3835 468 3889 Ποία
499 3837 559 3890 δὲ
606 3837 741 3908 σὰρξ
783 3837 1073 3904 άνέθαλεν;
1107 3840 1347 3908 Ὅψεται
1381 3844 1550 3899 πᾶσα
1593 3847 1749 3915 σὰρξ
1783 3851 1848 3903 τὸ

273 3926 563 3997 σωτήριον
590 3930 696 3984 τοῦ
732 3931 900 3986 Θεοῦ.

882 4023 1048 4078 ΨΑΛ.
1087 4026 1224 4091 Δεῖν.

337 4108 512 4190 Στίχκ
530 4117 639 4190 9".“
663 4110 759 4190 μὴ
813 4112 1153 4190 πᾳραξήλου
1205 4117 1274 4169 ἐν
1311 4120 1841 4190 σξογηρευομένοις,

389 4178 548 4249 μηδὲ
578 4178 758 4247 ζήλου
788 4178 930 4248 τοὺς
954 4178 1276 4252 ποιοῦντας
1303 4186 1416 4255 τὴν
1440 4178 1713 4259 ἇνομῖαν.

335 4272 588 4345 Διαφέρει
618 4274 678 4325 τὸ
707 4273 901 4345 ζηλοῦν
931 4276 1023 4328 καὶ
1058 4277 1422 4347 παραζηλοῦν.
1456 4279 1844 4350 Παραζηλοῦν

273 4362 365 4433 μὲν
395 4364 501 4437 γὰρ
530 4365 751 4434 λέγεται
794 4366 854 4420 τὸ
896 4367 1183 4439 ἐρεθίζειν,
1222 4370 1314 4423 καὶ
1353 4374 1524 4424 κινεῖν
1561 4373 1639 4436 εἰς
1679 4373 1840 4445 ζηλο-

266 4456 475 4521 τυπίαν,
514 4458 701 4510 ὁποῖον
733 4458 794 4511 τό
814 4477 827 4489 ·
866 4461 1046 4513 Αὐτοὶ
1091 4462 1517 4530 παρεζήλωσάν
1540 4482 1616 4534 με
1645 4466 1738 4519 ἐπ’
1768 4470 1839 4522 οὐ

272 4547 414 4614 Θεῷ·
458 4550 739 4603 τουτέστιν
782 4553 1036 4622 ἐκίνησαν
1080 4556 1137 4606 ὲν
1181 4556 1303 4625 ἐμοὶ
1352 4556 1533 4626 ζῆλον,
1585 4560 1679 4611 καὶ
1724 4554 1834 4613 οἷον

267 4639 342 4703 εις
382 4643 552 4714 ὀργήν
606 4661 672 4714 με
719 4644 980 4714 ἠρέθισαν
1025 4646 1548 4718 εἰδωλολατροῦντες.
1597 4652 1835 4719 Ζηλσῦν

266 4728 320 4781 δέ
352 4731 496 4784 ἐστιν
526 4732 589 4785 τὸ
621 4732 903 4803 βούλεσθαι
930 4736 1021 4787 καὶ
1053 4735 1229 4807 ἐαυτῷ
1265 4739 1550 4810 ὑπάρχειν,
1578 4740 1607 4792 ὂ
1644 4743 1836 4812 παρεῖ-

265 4837 348 4874 ναι
390 4822 467 4893 τῷ
521 4824 690 4889 πέλας
736 4827 1017 4897 νενόμικεν
1060 4828 1283 4896 ἀγαθόν.
1326 4830 1495 4883 Τοῦτο
1525 4827 1617 4886 οὖν
1657 4832 1833 4901 λέγει’

263 4912 410 4985 Μήτε
449 4916 636 4988 ἕτερον
683 4919 892 4990 ἐρέθιζε
938 4923 1369 4993 πονηρευόμενον
1414 4924 1551 4995 πρὸς
1596 4925 1658 4978 τὸ
1702 4927 1834 4979 ἁνα-

268 5007 446 5077 στῆναι
469 5010 630 5062 αὑτὸν
658 5011 799 5065 κατά
825 5012 939 5065 σοῦ.
968 5014 1191 5082 Ἠγουν,
1216 5015 1309 5086 Μὴ
1336 5016 1564 5089 ποιήσῃς
1591 5018 1832 5085 τοιαῦτα,

267 5097 335 5162 ὡς
361 5100 449 5154 τὸν
483 5104 717 5175 πονηρὸν
744 5104 902 5176 ζῆλον
938 5106 1119 5160 λαϐεῖν
1142 5110 1280 5163 κατὰ
1319 5108 1436 5174 σοῦ,
1466 5111 1588 5163 ἐπεὶ
1617 5112 1837 5165 ἐπιϐου-

272 5191 398 5245 «sua:
452 5211 551 5248 σοι.
605 5191 761 5251 Οἷοψ
813 5198 876 5252 El
936 5198 1077 5270 μετὰ
1129 5200 1349 5273 γνώμης
1397 5200 1489 5255 τοῦ
1519 5202 1683 5256 Δαϐὶδ
1734 5204 1831 5257 τὸν

266 5278 421 5352 ὕμνον
468 5286 654 5355 ἔλεγον
687 5291 743 5342 αἱ
790 5291 1051 5355 νεάνιδες,
1094 5293 1175 5358 τὸ,
1224 5294 1557 5359 Ἐπάταξεν
1592 5297 1627 5351 ό
1660 5295 1837 5349 Δαϐὶδ

264 5372 326 5426 ἐν
347 5378 633 5445 μυριάσιν
660 5383 877 5438 αὐτοῦ’
916 5385 1077 5450 αὐτὸς
1104 5382 1174 5458 ἦν
1213 5390 1243 5442 6
1272 5388 1603 5459 παραζηλῶν
1636 5389 1695 5441 ὲν
1739 5406 1835 5442 πο-

265 5469 665 5539 νηρευομὲνοις,
704 5474 781 5545 τῷ
810 5476 1000 5531 Σαούλ.
1047 5480 1203 5551 Μήτε
1236 5479 1397 5535 πάλιν
1443 5479 1610 5553 μιμοῦ
1653 5481 1687 5553 ἢ
1734 5499 1836 5553 μα-

329 5561 370 5645 ζ⁷
395 5563 554 5645 Hebr.
585 5583 623 5631 ι,
653 5570 741 5645 7._
817 5572 1021 5645 ‘f_L_uc.
1056 5591 1155 5640 xu,
1186 5576 1276 5632 49.
1380 5576 1426 5610 δ’
1459 5576 1614 5632 Rom.
1637 5594 1735 5645 xu,
1763 5578 1847 5632 Η.

1987 507 2223 575 spiritus,
2268 514 2316 558 et
2358 503 2776 569 ministros,suos
2810 504 2942 573 ignis
2980 502 3247 570 ﬂammam
3277 501 3345 555 "’.
3382 501 3556 571 Etsig-

1988 614 2104 651 nem
2143 598 2257 651 ueni
2271 597 2448 666 jacere
2470 596 2525 648 in
2552 606 2744 648 terram
2762 593 2829 647 ⁸⁸.
2861 593 2943 658 Et,
2972 594 3162 663 spiritu
3191 593 3443 662 {eruentes
3485 590 3552 647 δ’.

1986 690 2139 758 Quod
2181 699 2360 745 autem
2392 698 2710 755 peccatores
2736 687 2876 755 apud
2906 687 3056 741 lacus
3090 685 3219 752 sint,
3274 685 3329 739 in
3366 683 3555 738 Exodo

1986 780 2118 835 dicit
2148 799 2162 835 :
2207 780 2411 835 Occidit
2438 780 2578 835 Deus
2614 796 2646 833 a
2676 778 2810 847 facie
2842 778 3173 843 Pharaonis,
3205 776 3293 847 qui
3320 775 3461 830 sedet
3498 777 3555 829 in

1985 874 2192 936 throno,
2227 890 2390 944 usque
2422 874 2490 927 ad
2520 874 2923 943 primogenitum
2955 872 3192 939 captivae,
3214 886 3329 940 qua:
3360 878 3471 922 erat
3496 870 3555 922 in

1982 965 2188 1021 lacu”.
2219 966 2310 1022 Sic
2357 967 2449 1037 qui
2501 966 2831 1023 descendunt
2874 962 2929 1017 in
2976 963 3177 1029 lacum,
3238 971 3555 1032 peccatores

1981 1068 2108 1115 sunt
2140 1068 2195 1114 et
2222 1060 2441 1131 captivi.
2470 1058 2575 1114 Sed
2603 1059 2778 1116 bonus
2808 1061 2949 1115 Deus
2982 1057 3082 1113 bos
3115 1070 3329 1125 quoque
3369 1062 3550 1121 vocat,

1980 1152 2167 1223 eisque
2194 1153 2408 1207 veniam
2436 1152 2702 1223 indulget.
2732 1153 2963 1222 Spiritus
2990 1152 3126 1206 enim
3161 1148 3374 1203 Domini
3396 1163 3553 1215 super

1978 1261 2078 1309 me,
2117 1245 2270 1314 cujus
2311 1261 2473 1299 causa
2503 1248 2652 1300 unxit
2709 1262 2787 1300 me
2816 1242 3170 1315 evangelisare
3211 1240 3548 1310 pauperibus.

1981 1335 2130 1391 Misit
2158 1352 2239 1391 me
2260 1338 2550 1407 pra’dicare
2576 1338 2792 1407 captivis
2816 1336 3203 1401 dimissionem,
3226 1342 3276 1387 et
3302 1332 3455 1387 cacis
3476 1332 3550 1386 vi-

1976 1442 2089 1479 sum
2112 1426 2178 1479 ⁵¹.

1974 1694 2037 1751 γ.
2069 1694 2124 1750 2.
2155 1693 2392 1762 Exaudi,
2428 1696 2665 1761 Domine,
2697 1713 2870 1820 vocet:
2920 1696 3176 1750 orationis
3219 1710 3369 1761 mete,
3417 1694 3546 1747 dum

2552 1784 2645 1820 eao
2673 1784 2765 1820 oro
2792 1785 2823 1820 a
2887 1777 2958 1820 te.

2552 1784 2645 1837 ego
2673 1784 2765 1822 oro
2792 1777 2861 1821 ad
2887 1777 2958 1823 te.

2047 1859 2252 1927 Quibus
2279 1859 2455 1915 adhuc
2481 1859 2759 1930 quidpiam
2783 1860 2956 1925 deest,
3000 1860 3194 1914 horum
3226 1870 3312 1915 est
3343 1858 3538 1914 oratio.

1975 1948 2107 2004 Cum
2148 1964 2277 2005 vero
2311 1949 2403 2004 Dei
2432 1950 2771 2019 maiestatem
2816 1951 3148 2020 recogitans,
3200 1949 3415 2020 postulo
3445 1948 3543 2002 ali-

1974 2041 2099 2112 quid
2129 2056 2159 2095 a
2186 2042 2319 2106 Deo,
2361 2050 2487 2096 tunc
2535 2042 2817 2111 deprecor.
2859 2040 3083 2108 Quando
3139 2041 3311 2111 magis
3345 2039 3544 2111 magis-

1972 2146 2077 2203 que
2106 2134 2312 2189 amicus
2342 2132 2411 2188 ﬁo
2436 2172 2451 2197 ,
2490 2140 2618 2187 tunc
2647 2133 2852 2202 gratias
2883 2147 2984 2203 ago
3015 2132 3145 2187 Deo.
3199 2132 3336 2199 Quia
3375 2132 3541 2187 etiam

1970 2223 2166 2279 Paulus
2196 2239 2224 2277 a
2263 2224 2563 2280 minoribus
2585 2224 2650 2279 ad
2678 2224 2880 2293 majora
2908 2226 3226 2294 procedens,
3260 2225 3368 2278 ait:
3394 2223 3538 2276 lior-

1971 2326 2054 2370 tor
2084 2317 2311 2382 primum
2341 2317 2573 2369 omnium
2620 2315 2738 2384 ﬁeri
2791 2315 3078 2382 orationes,
3125 2315 3539 2383 deprecationes,

1969 2406 2403 2476 supplicationes,
2426 2407 2722 2477 gratiarum
2744 2408 2974 2462 actiones
3009 2407 3074 2461 ".

1968 2501 2035 2556 ν.
2071 2500 2127 2553 2.
2163 2498 2300 2552 Dum
2328 2498 2454 2552 tollo
2482 2515 2669 2553 manus
2705 2515 2850 2553 meas
2892 2500 2961 2552 ad
3003 2498 3254 2569 templum
3294 2508 3537 2555 sanctum

2665 2579 2832 2623 tuum.

2039 2658 2277 2715 Sublatae
2313 2676 2503 2715 manus
2531 2662 2597 2715 ad
2625 2660 2870 2715 actiones
2900 2660 3203 2732 religiosas,
3239 2664 3291 2717 in
3316 2663 3538 2718 thesau-

1966 2752 2042 2808 ris
2067 2752 2376 2809 caalestibus
2431 2753 2725 2809 reconditae
2771 2764 2936 2820 sunt;
2991 2770 3087 2824 per
3137 2771 3273 2825 quas
3317 2764 3538 2825 superat

1965 2847 2086 2917 quis
2125 2846 2543 2902 intellectualem
2581 2846 2843 2901 Amalec:
2877 2849 3019 2902 sicut
3053 2847 3281 2917 Moyses,
3320 2848 3538 2917 quando

1965 2953 2156 2993 manus
2185 2938 2526 3005 sustollebat,
2553 2937 2805 2994 vincebat
2838 2939 3071 3009 populus
3100 2958 3114 3007 ;
3155 2941 3370 3008 quando
3404 2954 3534 2995 vero

1964 3030 2296 3096 dimittebat,
2334 3030 2670 3087 Amalecitas.
2720 3029 2797 3085 Ne
2842 3031 3180 3087 dimittamus
3223 3032 3389 3103 igitur
3421 3048 3535 3087 ma-

1886 3138 1928 3196 c
1963 3139 2085 3188 nus,
2120 3124 2244 3194 quia
2280 3124 2583 3179 vincemur.

1969 3213 2024 3273 V.
2052 3214 2106 3270 5.
2140 3214 2415 3299 Quoniam
2450 3231 2556 3297 non
2584 3215 2953 3270 intellexerunt
2988 3218 3048 3299 in
3089 3233 3250 3285 opera
3291 3215 3532 3283 Domini,

2368 3297 2417 3341 et
2449 3302 2505 3339 tn
2531 3302 2688 3355 opera
2717 3302 2970 3340 manuum
2995 3297 3130 3349 ejus.

2031 3378 2199 3433 Nemo
2223 3379 2366 3433 enim
2396 3378 2725 3448 inculpatus,
2762 3381 2853 3448 qui
2888 3395 2992 3433 non
3031 3381 3337 3435 considerat
3366 3394 3531 3449 opera

1962 3469 2194 3527 Domini.
2236 3469 2381 3537 Opus
2419 3472 2558 3525 enim
2585 3489 2838 3527 manuum
2870 3472 2983 3543 ejus
3022 3475 3306 3527 annuntiat
3340 3474 3529 3542 ﬁrma-

1959 3573 2191 3619 mentum
2221 3564 2291 3617 ⁵⁸.
2332 3564 2544 3618 Tribuit
2572 3564 2715 3618 enim
2745 3574 2802 3619 υι
2846 3579 2969 3620 cum
2996 3565 3347 3635 proportione
3395 3582 3529 3622 con-

1960 3656 2279 3724 templemur
2295 3656 2412 3725 ejus
2428 3655 2793 3711 Conditorem.

2333 3747 2390 3800 V.
2423 3748 2475 3799 7.
2508 3745 2573 3799 Ει
2600 3748 2835 3818 refloruit
2868 3766 2991 3803 caro
3024 3767 3159 3805 mea.

2026 3838 2280 3902 Quarnam
2311 3853 2442 3893 vero
2474 3854 2600 3894 caro
2635 3838 2919 3895 reﬂoruit?
2965 3841 3172 3897 Videbit
3203 3845 3368 3897 onmis
3403 3859 3526 3896 caro

1954 3932 2183 3985 salutare
2210 3930 2308 3985 Dei
2334 3931 2397 3984 ⁸⁸.

2508 4023 2701 4079 PSAL.
2736 4024 2977 4080 XXXVI.

1956 4112 2018 4169 V.
2045 4114 2094 4167 1.
2124 4112 2208 4168 Ne
2237 4113 2513 4195 exstimula
2540 4116 2595 4166 in
2624 4113 3058 4195 malignantibus,
3089 4130 3253 4184 neque
3291 4114 3404 4168 zela
3435 4116 3521 4182 [a—

2440 4195 2631 4237 olentes
2682 4196 3028 4253 tntquttatem.

2021 4275 2286 4332 Diﬂ‘erunt
2311 4275 2491 4332 zelare
2512 4284 2568 4331 et
2585 4276 2960 4332 exstimulare.
3003 4276 3358 4332 Exstimulare
3377 4278 3523 4333 enim

1950 4373 2172 4441 perinde
2201 4380 2286 4429 est
2315 4382 2478 4440 atque
2503 4371 2740 4435 irritare,
2764 4380 2820 4424 et
2842 4387 3059 4426 movere
3086 4373 3153 4426 ad
3176 4372 3518 4442 zelotypiam,

1948 4464 2251 4534 cuiusmodi
2277 4474 2362 4518 est
2389 4462 2517 4516 illud
2545 4479 2558 4516 :
2585 4462 2697 4526 Ipsi
2722 4463 3189 4517 exstimulaverunt
3216 4480 3301 4518 me
3334 4465 3389 4517 in
3419 4481 3521 4523 non

1947 4555 2055 4610 Deo
2080 4556 2147 4621 ⁸⁵,
2184 4556 2236 4610 id
2262 4565 2363 4621 est,
2391 4564 2805 4609 commoverunt
2832 4555 2882 4607 in
2915 4569 3001 4608 me
3026 4555 3227 4621 zelum,
3256 4558 3523 4625 quasique

1941 4649 2008 4703 ad
2048 4649 2383 4703 iracundiam
2420 4664 2505 4703 me
2540 4647 2897 4702 irritaverunt
2926 4647 3040 4702 suis
3074 4647 3340 4702 idolorum
3365 4649 3520 4702 culti-

1944 4738 2066 4796 bus.
2100 4737 2288 4791 Zelare
2311 4754 2439 4793 vero
2470 4748 2555 4793 est
2589 4736 2723 4793 velle
2752 4737 2951 4793 habere
2981 4739 3366 4808 bonum,quod
3396 4754 3520 4809 pro-

1946 4830 2150 4883 ximum
2184 4830 2387 4885 habere
2432 4831 2557 4899 quis
2588 4831 2889 4886 existimat.
2930 4830 3137 4886 Sensus
3179 4831 3362 4900 itaque
3393 4840 3515 4884 est:

1946 4918 2024 4974 Ne
2048 4919 2212 4974 alium
2246 4921 2429 4975 irrites
2455 4921 2862 4992 malignantem,
2888 4937 2996 4992 quo
3042 4923 3288 4992 insurgat
3320 4932 3518 4977 contra

1945 5023 2014 5067 te.
2052 5013 2169 5080 Vel,
2202 5015 2284 5069 Ne
2315 5013 2515 5071 feceris
2540 5015 2691 5080 talia,
2730 5025 2789 5069 ut
2819 5014 3021 5069 malum
3048 5015 3221 5070 zelum
3256 5016 3518 5070 adversus

1943 5119 1994 5163 te
2024 5109 2277 5178 accipiat,
2308 5109 2745 5179 quandoquidem
2776 5110 2872 5165 tibi
2897 5109 3122 5164 insidias
3146 5108 3511 5164 struit.Puta:

1942 5202 1997 5256 Si
2032 5218 2099 5257 ex
2143 5203 2413 5258 sententia
2470 5201 2691 5258 Davidis
2738 5204 3001 5272 hymnum
3033 5204 3291 5259 dicebant
3323 5204 3515 5275 puella:

1940 5296 2113 5361 illum,
2157 5292 2426 5350 Percussit
2473 5294 2644 5349 Dauid
2676 5297 2730 5349 in
2764 5297 2940 5350 decem
2990 5295 3225 5349 millibus
3270 5295 3387 5367 ejus
3421 5297 3508 5361 ⁸⁶;

1942 5387 2173 5457 ipsemet
2200 5396 2320 5441 erat
2345 5386 2728 5443 exstimulator
2758 5389 2811 5441 in
2850 5385 3299 5456 malignantibus,
3344 5383 3513 5442 Saulo

1944 5495 2153 5549 nempe.
2185 5478 2295 5534 Nec
2331 5494 2520 5536 rursus
2544 5480 2763 5533 imitare
2795 5478 2880 5533 vel
2914 5480 3103 5533 beatos
3132 5478 3392 5549 praedices
3413 5480 3512 5533 hu-

1954 5577 1999 5611 ⁸⁸
2027 5575 2195 5646 Exod.
2218 5591 2317 5639 xu,
2358 5576 2447 5631 29.
2559 5576 2604 5608 ⁵¹
2636 5576 2757 5632 lsai.
2793 5592 2905 5643 ut,
2934 5578 2987 5633 l.
3063 5579 3108 5610 "
3140 5576 3160 5631 Ι
3190 5575 3332 5634 Tim.
3370 5595 3429 5646 ιι,
3457 5580 3507 5634 1.

270 5629 462 5688 "Psal.
521 5629 673 5706 xviii,
712 5643 769 5699 2.
843 5642 1044 5701 "Luc.
1083 5629 1164 5715 ui,
1196 5629 1275 5704 li.
1344 5650 1390 5683 ⁸⁸
1425 5629 1855 5717 οέιῆζὶἱῖιιζέ

2006 5629 2134 5703 ’ἷῙ
2155 5642 2285 5718 Reg.
2306 5629 2468 5712 'miu,
2508 5647 2559 5699 'l.

333 5774 438 5845 (6!)
468 5773 613 5849 Orig.
656 5787 711 5834 et
737 5775 1062 5835 Theodorei.
