3878 6212
423 270 524 326 119
1269 281 1832 348 SUPPLEMENTUM
1865 293 1955 349 AD
1985 295 2311 356 ORIGENIS
2346 299 2757 362 EXEGETICA.
2996 343 3003 350 -
3563 326 3667 384 120

410 389 670 460 jusmodi,
705 392 890 457 felices
915 411 1009 454 eos
1032 400 1240 458 videns.
1276 403 1572 479 Parumper
1600 414 1741 468 enim
1783 415 1941 472 ﬂore"

416 491 494 515 Inc
557 499 682 515 annv
709 501 956 515 nun-Ann“...
1015 489 1198 515 n---..:-
1229 496 1305 515 -uf
1330 514 1350 515 η
1563 503 1582 515 ι
1758 508 1796 515 __
1857 507 1885 515 Α
1935 510 1941 515 .

2049 464 2058 481 ι
2084 419 2274 493 κάριζε
2301 423 2430 488 τοὺς
2461 425 2755 494 τοιούτους,
2791 430 3151 504 εὐθηνοῦντας
3179 437 3341 509 ὀρῶν.
3374 443 3516 515 Πρὸς
3549 447 3662 500 ὀλί-

416 491 518 550 ιεεν
557 499 683 542 ηιοΧ
708 501 982 542 ειέεευηι-
1013 489 1198 548 Omnis
1219 496 1357 551 enim
1377 515 1520 565 caro,
1552 503 1729 572 fenum
1755 508 1820 562 ⁵⁷.
1849 507 1941 576 Qui

416 588 541 610 nrnn
571 577 859 610 -ιιιιιηηιωηςι
903 582 1099 610 halm...
1160 587 1248 610 -..ι
1285 590 1348 610 -J
1391 591 1544 610 L_.,,,
1617 596 1651 610 ..
1786 601 1800 610 .

2091 489 2184 582 you
2219 515 2326 586 γὰρ
2357 515 2672 588 ἀνθοῦντες,
2713 489 3455 607 ξηραίνονταιςὴῶσῖινῶιϋ
3477 489 3658 610 (idet.
3760 519 3763 521 ί

411 588 541 646 ergo
569 577 860 634 zelatorem
901 582 1124 651 habent,
1155 587 1248 655 qui
1281 590 1349 643 ad
1388 591 1554 650 breve
1581 596 1800 668 aliquod
1839 610 1981 655 tem-

411 680 509 734 pus
537 679 848 737 vernantes,
881 686 1004 727 cras
1063 675 1114 731 in
1159 675 1432 739 clibanum
1476 686 1804 745 mittuntur?
1843 692 1982 747 sicut

409 757 539 812 dicit
573 757 841 816 Salvator.
905 761 1090 834 Neque
1141 772 1285 829 enim
1339 773 1425 831 las
1461 785 1546 834 est
1585 779 1765 837 dicere
1813 798 1982 842 annu-

408 848 621 906 laudam
649 869 770 911 esse
801 856 1101 919 volentibus
1134 863 1294 936 digne
1319 867 1525 936 vivere,
1547 882 1975 932 momentaneam

405 942 816 1014 malignantium
848 949 1185 1015 felicitatem.
1223 958 1362 1025 Quin
1389 963 1572 1030 potius
1619 966 1974 1023 considerau-

403 1036 553 1100 dum,
586 1053 747 1108 quem
775 1041 934 1104 ﬁnem
968 1046 1222 1108 habitura
1255 1053 1328 1108 sit
1345 1056 1499 1126 optio
1529 1056 1652 1116 vitae
1673 1056 1970 1132 ﬂagitios:e.

400 1125 480 1184 Ne
513 1127 677 1201 igitur
706 1132 846 1201 zela,
889 1135 1086 1206 inquit,
1125 1125 1396 1199 homines?
1421 1125 1772 1214 huiusmodi:
1799 1164 1972 1221 neque

399 1221 656 1279 exciteris
704 1226 772 1280 ad
819 1227 1182 1287 imitationem
1231 1249 1421 1296 eorum
1467 1238 1559 1307 qui
1595 1249 1812 1308 peccata
1845 1243 1970 1298 dili-

398 1321 550 1383 gunt,
593 1319 806 1376 tametsi
840 1320 1126 1378 videantur
1175 1325 1382 1386 habere
1432 1328 1592 1400 hujus
1620 1337 1743 1388 vitae
1781 1334 1967 1392 oblec-

400 1413 659 1463 tamenta.
693 1409 837 1480 Fuge
866 1412 1030 1482 igitur
1083 1417 1292 1474 similes
1334 1420 1502 1475 animi
1557 1426 1964 1493 propensiones,

396 1511 515 1566 quae
541 1497 727 1555 futura
757 1513 882 1558 sunt
911 1509 1286 1565 considerans.
1321 1510 1441 1566 Non
1477 1514 1621 1568 enim
1653 1516 1705 1570 in
1734 1517 1851 1572 istis
1878 1535 1966 1575 res

394 1602 659 1661 perpetuo
695 1606 875 1650 erunt.
912 1596 1205 1668 Propterea
1230 1601 1818 1676 subjuugitzguoniam
1845 1621 1964 1666 tan-

391 1700 548 1753 quam
576 1686 755 1754 fenum
805 1689 910 1744 cito
954 1703 1209 1759 arescent,
1262 1706 1314 1754 et
1347 1707 1404 1752 ut
1450 1697 1594 1753 olera
1645 1700 1818 1756 herba:
1857 1705 1956 1758 cito

389 1776 630 1832 excident
656 1779 723 1834 ⁸⁸.

389 1888 454 1944 ν.
483 1890 538 1946 '5.
564 1889 731 1962 Spera
759 1895 813 1950 in
841 1894 1148 1961 Dominum.
1176 1909 1224 1954 et
1262 1901 1346 1968 [ac
1377 1903 1683 1968 bonitatem,
1709 1913 1759 1960 et
1788 1907 1958 1966 incole

646 1972 862 2033 terram,
892 1975 942 2021 et
973 1973 1204 2038 pasceris
1243 1973 1296 2024 in
1323 1973 1519 2030 divitiis
1547 1975 1682 2045 ejus.

453 2091 510 2150 Id
534 2105 638 2161 est,
670 2099 832 2176 dilige
859 2112 1142 2174 acceptum
1161 2107 1496 2179 probumque
1514 2111 1682 2167 videri
1709 2131 1724 2179 ;
1755 2115 1842 2169 siti
1868 2132 1956 2172 sa—

381 2198 601 2242 crorum
631 2188 1020 2248 charismatum
1051 2197 1450 2266 possessionem
1480 2220 1495 2257 :
1531 2217 1651 2257 ama
1673 2220 1791 2273 qua:
1814 2209 1952 2276 apud

383 2288 602 2335 sanctos
649 2280 705 2335 in
748 2282 956 2340 honore
1003 2298 1149 2354 sunt,
1185 2298 1240 2345 et
1290 2306 1456 2360 penes
1505 2294 1672 2350 Deum
1719 2299 1863 2354 velut
1897 2301 1949 2355 iu

382 2372 638 2428 thesauro
676 2377 979 2434 recondita.
1009 2376 1080 2435 Et
1122 2381 1208 2452 fac
1239 2383 1522 2438 bonitatem
1550 2401 1567 2441 .'
1598 2397 1656 2441 ut
1694 2388 1738 2442 si
1779 2391 1948 2445 dixis-

376 2473 463 2518 set
491 2464 664 2520 telluri
697 2485 710 2522 :
742 2467 850 2522 Fac
890 2471 1031 2525 hunc
1069 2473 1326 2528 fructum.
1369 2476 1460 2532 Sic
1493 2479 1584 2534 tibi
1619 2482 1851 2536 auditori
1869 2485 1948 2540 di-

377 2545 624 2611 vitiorum
650 2559 1127 2631 documentorum,
1175 2564 1249 2619 Da
1293 2582 1456 2637 agro,
1484 2568 1615 2624 dicit
1663 2570 1897 2627 Verbum
1929 2593 1942 2628 :

373 2647 461 2703 fac
483 2649 806 2718 bonitatem,
847 2667 968 2722 quae
1009 2669 1148 2710 unus
1176 2664 1260 2712 est
1286 2674 1349 2712 ex
1390 2659 1654 2717 fructibus
1685 2660 1942 2739 Spiritus.

371 2739 640 2799 Bonitatis
669 2759 866 2799 nomen
895 2745 997 2800 hoc
1033 2745 1152 2801 loco
1189 2748 1459 2822 signiﬁcat
1485 2765 1701 2808 omnem
1727 2756 1940 2810 modum

369 2835 611 2890 virtutis.
645 2834 713 2891 Et
743 2836 910 2891 incole
941 2855 1090 2894 secus
1120 2850 1314 2896 terram
1348 2841 1416 2909 l’9;
1452 2843 1713 2902 insistens
1737 2847 1944 2905 sollici-

372 2927 545 2981 tudini
571 2937 625 2982 et
651 2928 821 2982 cultui
843 2929 1042 2988 animae
1074 2948 1086 2984 :
1113 2932 1251 2997 Quia
1281 2935 1626 3010 quodcunque
1648 2941 1940 2998 seminave-

369 3019 439 3076 rit
467 3021 643 3087 homo,
676 3021 810 3076 illud
849 3032 896 3077 et
926 3034 1078 3077 metet
1116 3025 1182 3079 ⁸ο.
1215 3025 1471 3085 Fortasse
1513 3038 1718 3087 terram
1757 3034 1938 3103 appel-

369 3103 447 3159 lat
468 3107 728 3164 divinitus
755 3109 1078 3178 inspiratam
1111 3111 1472 3185 Scripturam,
1515 3119 1568 3174 in
1595 3135 1700 3191 qua
1734 3123 1936 3180 divitia:
1964 3124 2005 3181 C

367 3208 684 3255 sanctorum
713 3212 858 3270 suni,
890 3204 943 3258 id
969 3207 1934 3274 estpromissiones.Admonetetiam

368 3298 426 3345 ut
453 3290 656 3362 jugiter
683 3305 957 3350 sectemur
996 3298 1174 3354 divina
1198 3301 1436 3371 eloquia,
1461 3320 1648 3362 amore
1670 3308 1933 3366 bonorum

363 3399 486 3452 quae
537 3386 590 3439 in
628 3386 736 3442 illis
769 3391 1003 3458 reposita
1055 3401 1179 3446 sunt
1218 3408 1316 3462 pro
1362 3397 1587 3454 sanctis.
1625 3399 1721 3456 Vel
1756 3403 1936 3471 posuit

362 3476 530 3531 incola
554 3493 652 3548 pro
669 3479 886 3536 incolas.
929 3481 1154 3538 Terram
1184 3499 1314 3542 vero
1344 3502 1463 3544 eam
1499 3489 1787 3562 diemque:
1825 3495 1932 3550 mi-

363 3568 509 3623 tibus
539 3571 747 3626 scilicet
779 3574 1043 3642 promissa
1077 3587 1202 3644 est;
1239 3578 1291 3632 in
1320 3595 1426 3649 qua
1461 3596 1582 3638 cum
1615 3583 1800 3650 fueris,
1833 3601 1930 3656 pa-

360 3663 550 3729 sceris,
577 3663 768 3734 inquit,
791 3667 842 3720 in
873 3667 1075 3724 divitiis
1093 3669 1232 3740 ejus.
1253 3672 1463 3728 Divitiae
1479 3689 1640 3745 porro
1667 3690 1932 3746 suprema:

359 3753 620 3821 civitatis,
650 3765 729 3812 est
771 3757 1076 3816 divinorum
1109 3761 1380 3820 donorum
1417 3765 1656 3838 locuples
1686 3769 1925 3841 largitio.

357 3845 593 3902 Forteau
650 3850 1005 3908 tabernaculo
1045 3855 1312 3911 assimilat
1356 3860 1742 3928 temporariam
1788 3863 1929 3921 hanc

360 3939 550 4007 vitam,
597 3941 816 4010 vultque
862 3953 921 3997 ut
962 3960 1060 4001 nos
1084 3960 1148 4000 ea
1179 3957 1429 4013 utamur,
1464 3951 1630 4010 veluti
1672 3956 1927 4012 taberna-

358 4031 481 4086 culo
521 4031 574 4087 in
616 4034 870 4102 transitu,
915 4037 1246 4106 imperantes
1285 4041 1393 4107 illi,
1429 4057 1766 4115 nequaquam
1796 4064 1926 4106 vero

355 4125 530 4179 eidem
567 4127 824 4196 subjecti,
851 4138 1177 4200 utentesque
1203 4148 1267 4189 ea
1296 4136 1361 4188 ad
1385 4135 1436 4190 id
1466 4137 1610 4206 quod
1639 4139 1792 4204 utile,
1817 4157 1922 4198 non

353 4219 496 4284 quod
524 4219 717 4288 volupe
756 4219 940 4276 fuerit.
989 4223 1100 4280 Hoc
1125 4227 1269 4280 enim
1304 4237 1464 4296 pacto
1505 4245 1788 4299 pascemur
1823 4233 1925 4288 sub

351 4307 581 4366 Pastore
621 4312 764 4368 bono
799 4332 813 4368 :
843 4317 886 4370 si
932 4331 1052 4386 quae
1095 4329 1220 4372 sunt
1264 4319 1569 4376 divinorqu
1616 4323 1919 4394 dogmatqu

351 4401 572 4468 divitiae,
608 4403 872 4473 ejusmodi
906 4406 1115 4463 fructus
1143 4410 1485 4481 colligentes,
1527 4423 1584 4468 ut
1619 4415 1865 4473 dicamus
1901 4437 1912 4472 :

349 4493 606 4551 Dominus
625 4499 796 4565 pascit
817 4516 919 4566 me,
947 4510 997 4554 et
1026 4502 1159 4556 nihil
1179 4504 1305 4559 mihi
1327 4507 1492 4562 deerit
1520 4507 1587 4565 “.

392 4675 454 4732 V.
488 4677 544 4731 4.
605 4677 876 4737 Oblectarc
905 4684 959 4738 in
989 4684 1257 4762 Domino,
1279 4698 1328 4741 et
1364 4690 1451 4744 det
1485 4691 1578 4745 tibi
1608 4695 1883 4762 petitiones

983 4758 1156 4810 cordis
1181 4760 1280 4813 tui.

416 4843 533 4900 Mos
558 4854 642 4900 est
675 4843 972 4915 Scriptura:
1002 4847 1347 4904 introducere
1379 4850 1516 4907 duos
1547 4853 1826 4923 homines;
1860 4869 1915 4914 et

345 4937 731 5006 propemodum
751 4939 933 5009 omnia
950 4953 1070 5007 quae
1093 4949 1221 4995 sunt
1248 4942 1536 5012 sequioris,
1565 4945 1728 5003 habet
1751 4949 1912 5005 etiam

345 5029 437 5100 qui
479 5027 827 5098 prastantior
867 5038 970 5084 est.
1013 5031 1108 5085 Est
1142 5033 1286 5088 enim
1326 5035 1543 5104 quidam
1591 5038 1747 5093 cibus
1775 5037 1916 5096 ἰηιοέ

345 5125 510 5180 rioris
554 5139 775 5194 quoque
821 5123 1095 5188 hominis,
1139 5139 1248 5193 quo
1296 5126 1362 5182 de
1405 5127 1648 5184 dicitur:
1683 5129 1809 5186 Non
1851 5133 1915 5187 de

344 5233 480 5285 pane
506 5217 619 5270 solo
653 5218 777 5272 vivet
806 5218 982 5284 homo,
1020 5217 1110 5270 sed
1146 5217 1201 5270 in
1229 5219 1372 5272 omni
1413 5220 1565 5274 uerbo
1601 5227 1913 5289 procedente

341 5325 408 5363 ex
441 5325 530 5364 ore
555 5309 652 5362 Dei
674 5310 740 5362 ⁸³.
766 5310 861 5364 Est
892 5321 947 5365 et
965 5311 1184 5380 quidam
1207 5320 1366 5379 putus
1395 5310 1670 5369 :Bibimus
1692 5316 1826 5369 enim
1849 5318 1912 5372 de

338 5399 568 5467 spiritali
591 5407 833 5468 sequente
856 5410 1003 5468 petra
1029 5401 1097 5455 “.
1130 5399 1318 5458 Itidem
1346 5403 1748 5460 vestimentum.
1773 5411 1912 5473 Qttu-
1946 5399 1953 5406 ’

341 5493 582 5545 mohrem
624 5501 878 5560 peccator
927 5493 1098 5546 induit
1133 5493 1551 5551 maledictionem
1586 5497 1723 5550 sicut
1764 5501 1910 5554 vesti-

2085 607 2320 674 χόρτος.
2357 609 2421 662 Τί
2453 605 2544 666 οὖν
2589 611 2769 683 ἔχουσι
2807 617 3066 690 ζηλωτὸν,
3109 605 3342 694 οἵτινες,
3370 605 3506 700 πρὸς
3543 605 3656 686 όλίέ

2083 714 2178 765 γον
2218 700 2550 772 άνθήσαντες
2575 746 2589 770 ,
2643 706 2831 780 αὔριον
2881 712 2961 774 είς
3009 712 3260 772 κλίϐανον
3331 720 3650 793 βάλ).ονταῖ;

2083 790 2224 846 καθά
2253 811 2416 866 φησιν
2437 800 2466 851 ό
2495 799 2704 873 Σωτήρ.
2734 802 2806 856 Ού
2841 804 2949 876 γάρ
2978 822 3060 858 τοι
3095 809 3260 880 φαίην
3285 811 3350 866 ἂν
3373 810 3510 870 εἶναί
3533 790 3652 887 πως

2080 883 2436 956 ἀξιοζήλωτον
2475 893 2588 956 τοῖς
2618 892 2860 949 ἐθέλουσι
2900 896 2998 968 ζῇν
3039 898 3384 974 ἀξιοπρεπῶς
3418 911 3516 981 τὴν
3541 883 3650 969 τῶν

2078 982 2523 1053 πονηρευομένων
2569 986 2903 1061 πρόσκαιρον
2949 993 3266 1066 εὐημερίαν.
3323 1000 3552 1058 Ἐννοεῖν
3589 1007 3648 1062 δὲ

2074 1070 2178 1144 χρὴ
2221 1073 2418 1140 μᾶλλον
2463 1079 2542 1145 είς
2587 1075 2697 1134 οἷον
2727 1081 3020 1155 ἐκϐήσεται
3073 1087 3246 1159 πέρας
3305 1090 3368 1145 τὸ
3405 1093 3647 1151 διαϐιοῦν

2073 1159 2285 1218 ἑλέσθαι
2334 1168 2538 1232 κακῶς.
2583 1171 2672 1242 Μή
2723 1173 2902 1229 τοίνυν
2959 1174 3120 1249 ζήλου
3167 1182 3293 1246 τοὺς
3341 1186 3643 1256 τοιούτους,

2071 1255 2236 1324 φησι,
2290 1259 2426 1330 μηδὲ
2476 1266 2821 1337 κατερεθίζου
2871 1271 3006 1339 πρὸς
3061 1273 3289 1346 μίμησιν
3333 1278 3442 1332 τῶν
3483 1283 3643 1351 φιλα-

2071 1350 2454 1420 μαρτημόνων,
2481 1353 2586 1410 κᾶν
2615 1359 2662 1410 εἰ
2693 1357 2896 1415 δοκοῖεν
2926 1362 3068 1433 ἔχειν
3100 1365 3200 1430 τὰς
3226 1369 3283 1424 ἐν
3309 1371 3387 1442 τῷ
3415 1375 3642 1446 παρόντι

2067 1435 2168 1508 βίῳ
2196 1441 2424 1514 τρυφάς.
2450 1443 2620 1515 Φεῦγε
2663 1443 2756 1506 οὖν
2799 1450 2896 1522 τὴν
2931 1454 3265 1526 ἰσορροπίαν,
3301 1435 3380 1524 εἰς
3414 1435 3638 1522 τάιὲσό-

2067 1547 2202 1602 μενα
2243 1532 2455 1600 βλέπων
2475 1553 2489 1567 ·
2525 1539 2588 1597 οὐ
2625 1540 2734 1613 γὰρ
2766 1543 2823 1596 ἐν
2855 1545 3064 1610 τούτοις
3096 1547 3245 1606 ἔσται
3272 1552 3531 1626 διηνεκῶς
3568 1559 3638 1612 τά

2063 1622 2381 1694 πράγματα.
2429 1627 2521 1685 Διὸ
2569 1630 2796 1700 ἐπάγει·
2849 1635 2967 1690 Ὅτι
3019 1638 3161 1698 ὡσεὶ
3208 1622 3423 1713 χόρτος
3483 1651 3635 1720 ταχὺ

2060 1712 2684 1788 ἀποξηρανθήσονται,
2718 1725 2815 1782 καὶ
2841 1727 2981 1783 ὡσεὶ
3010 1730 3248 1802 λάχανα
3267 1739 3458 1812 χλόης
3480 1712 3634 1812 ταξύ

1992 1785 2033 1839 Β
2060 1805 2527 1870 ἀποπεσοῦνται.

2059 1897 2298 1992 Στίχζγκ
2338 1902 2632 1992 iligneae-
2657 1908 2755 1992 ἐπ)
2787 1913 3025 1992 Κύριον,
3058 1917 3154 1992 καὶ
3188 1919 3342 1992 ποίει
3376 1927 3636 1992 χρηστό-

2126 1985 2293 2068 ἷητα,
2337 1972 2437 2050 κίκι
2473 1972 2886 2068 κμτΙασκήνοιί
2910 1972 3023 2053 τὴν
3062 1972 3216 2057 γῆν,
3243 1972 3345 2045 καὶ
3376 1972 3630 2068 ἧψαν-

2125 2041 2284 2107 θήσῃ
2319 2041 2398 2106 τῷ
2438 2048 2678 2112 πλούτῳ
2710 2041 2919 2120 αὐτῆς.

2123 2127 2231 2201 (62)
2268 2132 2576 2204 Τουτέστιν,
2616 2140 2922 2216 Ἀγάπησον
2948 2147 3008 2202 τὸ
3041 2149 3371 2224 εὐδοκιμεῖν·
3402 2155 3626 2229 δίψησον

2051 2221 2159 2276 τῶν
2186 2223 2344 2294 ίερῶν
2369 2231 2718 2301 χαρισμάτων
2740 2235 2838 2310 τὴν
2860 2239 3048 2310 κτῆσιν
3065 2261 3079 2276 ·
3107 2221 3389 2319 ἀγάπησω
3416 2221 3484 2305 τά
3511 2221 3625 2317 τοῖς

2050 2313 2227 2383 ἁγίοις
2270 2323 2614 2392 τετηρημένα
2660 2328 2753 2380 καὶ
2786 2331 2934 2402 παρά
2966 2333 3085 2405 Θεῷ
3129 2313 3622 2417 τεθησαυρισμένα.

2052 2407 2158 2460 Καὶ
2205 2411 2359 2465 ποίει
2406 2419 2818 2488 χρηστότητα·
2873 2425 2946 2488 ὡς
2997 2429 3044 2481 εἰ
3097 2407 3256 2498 ἔλεγε⁷
3296 2407 3382 2505 τῷ,
3430 2407 3621 2507 ἀγρῷο

2049 2501 2196 2556 Ποίει
2234 2505 2382 2558 τόνδε
2415 2508 2506 2562 τὸν
2538 2513 2768 2583 καρπόν.
2805 2515 2988 2583 Οὕτως
3029 2523 3213 2594 σοιτῷ
3241 2501 3623 2600 ἀκροατῇῗ

2047 2590 2202 2646 θείων
2232 2595 2569 2668 μαθημάτων
2591 2620 2621 2652 ·.
2647 2604 2744 2669 Δὸς
2772 2607 2956 2680 ἀγρῷ,
2985 2613 3149 2684 φησὶν
3235 2590 3404 2686 Λόγος
3424 2590 3622 2675 ·“ποίει

2045 2689 2406 2762 χρηστότητα,
2435 2694 2556 2764 ἥτις
2590 2696 2687 2768 μία
2712 2701 2828 2754 ἐστὶ
2857 2705 2965 2757 τῶν
2998 2708 3226 2780 καρπῶν
3248 2710 3342 2764 τοῦ
3369 2712 3621 2784 Πνεύμα-

2042 2795 2150 2842 τος.
2197 2781 2270 2834 Τὸ
2313 2781 2420 2852 τῆς
2465 2793 2879 2861 χρηστότητος
2919 2797 3088 2870 ὄνομα
3119 2801 3349 2858 ἐνταῦθα
3377 2781 3619 2880 καταση-

2045 2870 2225 2940 μαίνει
2273 2875 2453 2932 πάντα
2493 2881 2694 2952 τρόπον
2735 2886 2950 2960 ἀρετῆς.
2998 2893 3106 2945 Καὶ
3154 2897 3411 2951 κατοίκει
3457 2870 3620 2970 παρά

2040 2960 2155 3030 τὴν
2195 2965 2338 3034 γῆν·
2369 2971 2798 3046 προσδιατρίϐων
2847 2983 2912 3052 τῇ
2965 2981 3066 3052 τῆς
3110 2983 3286 3058 ψυχῆς
3331 2960 3618 3064 ἐπιμελείᾳ

2039 3056 2134 3148 κα)Ϊ
2163 3061 2405 3134 γεωργίᾳ
2424 3080 2437 3092 ·
2475 3063 2602 3120 Ὅτι
2630 3065 2791 3130 ὰέὰν
2821 3074 3041 3144 σπείρῃ
3066 3056 3394 3148 ἅνθρωπος,
3421 3056 3617 3138 έκεῖνο

2038 3145 2138 3199 καὶ
2161 3151 2400 3217 θερίσει.
2431 3154 2590 3220 Ἴσως
2619 3156 2674 3209 δὲ
2702 3159 2827 3229 γῆν,
2854 3162 2950 3234 τὴν
2979 3145 3330 3224 θεόπνευστον
3348 3145 3615 3244 ῖόνομάζει

2037 3237 2292 3329 Γραφὴν,
2322 3245 2378 3297 ἐν
2507 3249 2536 3300 ό
2575 3248 2800 3317 πλοῦτος
2843 3255 2952 3311 τῶν
3001 3258 3202 3326 ἁγίων,
3250 3237 3524 3321 τουτέστιν
3555 3268 3614 3329 ai

2036 3326 2375 3430 ἐπαγγελίαι.
2408 3335 2516 3388 Καὶ
2547 3345 2803 3411 παραινεῖ
2842 3344 3134 3412 διαπαντὸς
3172 3352 3281 3406 τῶν
3311 3353 3468 3410 θείων
3493 3326 3615 3430 ἔχει·

2037 3414 2158 3470 σθαι
2203 3418 2417 3488 λογίων,
2459 3423 2621 3496 ἔρωτι
2665 3428 2774 3482 τῶν
2803 3433 2859 3486 ἐν
2885 3435 3065 3501 αὐτοῖς
3095 3440 3469 3513 ἀποκειμένων
3497 3414 3612 3512 τοῖς

2035 3504 2208 3572 ἁγίοις
2236 3510 2475 3578 ἀγαθῶν.
2499 3514 2566 3568 Ἦ
2595 3516 2654 3571 τὸ
2684 3518 2782 3589 μὲν
2807 3525 3190 3592 κατασκήνου
3218 3504 3462 3587 τέθεικεν
3485 3504 3610 3590 ἀντί

2032 3597 2125 3650 τοῦ
2153 3605 2641 3675 κατασκηνώσεις
2661 3626 2675 3640 ·
2711 3612 2812 3683 γῆν
2848 3614 2905 3668 δὲ
2944 3617 3156 3691 ἐκείνην
3189 3620 3334 3691 λέγει
3368 3625 3467 3697 τὴν
3497 3631 3611 3694 τοῖς

2032 3693 2260 3764 πραέσιν
2291 3697 2706 3775 ἐπηγγελμένην
2730 3704 3000 3776 δηλονότι·
3037 3713 3095 3765 ἐν

2027 3877 2124 3947 τῆς
2155 3879 2264 3933 ἄνω
2290 3881 2564 3956 πόλεως,ή
2593 3887 2701 3942 τῶν
2730 3889 2887 3945 θείων
2918 3877 3269 3968 χαρισμάτων
3289 3903 3607 3979 ἀμφιλαφὴς

2028 3970 2278 4072 Ξορηγία.
2313 3975 2463 4045 Τάχα
2502 3977 2558 4030 δὲ
2602 3985 2773 4054 σκηνῇ
2823 3984 3108 4052 ἀπεικάζει
3139 3988 3229 4045 τὸν
3270 3970 3605 4072 «palmatae;

2029 4055 2140 4126 βίον
2165 4075 2180 4090 ·
2210 4062 2303 4114 κα)¹
2344 4063 2590 4133 βούλεται
2628 4072 2775 4141 ἡμᾶς
2813 4075 3046 4145 χρᾶσθαι
3093 4080 3271 4149 αὐτῷ,
3313 4055 3392 4147 ῶς
3429 4055 3601 4162 σκηνῇ

2026 4147 2164 4204 κατὰ
2187 4151 2439 4223 πάροδον,
2479 4158 2830 4228 κυριεύοντας
2860 4165 3044 4230 αὐτοῦ,
3085 4170 3146 4222 οὐ
3185 4176 3605 4246 κυριευομένους

2025 4240 2117 4294 ὑπ’
2159 4244 2355 4309 αὑτοῦ,
2389 4249 2482 4300 καὶ
2519 4249 2656 4320 πρὸς
2695 4252 2756 4307 τὸ
2784 4258 3058 4330 συμφέρον
3082 4299 3096 4323 ,
3140 4263 3200 4314 οὺ
3245 4240 3381 4335 πρὸς
3411 4240 3603 4338 ήδονάς

2025 4338 2466 4412 ἀποχρωμένους.
2502 4345 2657 4400 Οὕτω
2681 4347 2789 4420 γὰρ
2816 4354 3297 4428 ποιμανθησόμεθα
3340 4360 3444 4414 ὑπὸ
3469 4363 3599 4418 Hor.-

1952 4464 1996 4520 Β
2027 4429 2147 4499 μένι
2176 4432 2346 4503 καλῷ,
2373 4435 2428 4487 εἴ
2457 4453 2542 4500 τις
2567 4437 2796 4505 πλοῦτός
2823 4443 2941 4496 ἐστι
2967 4445 3075 4499 τῶν
3105 4447 3265 4504 θείων
3292 4451 3597 4524 δογμάτων,

2021 4519 2208 4575 τοῦτον
2239 4526 2625 4598 καρπούμενοι,
2648 4529 2787 4585 ὥστε
2814 4532 2993 4603 λέγειν
3017 4555 3028 4568 ·
3056 4540 3273 4610 Κύριος
3299 4547 3600 4615 ποιμαίνει

2024 4629 2112 4675 ue,
2149 4617 2248 4668 καὶ
2276 4616 2455 4672 οὐδέν
2483 4637 2561 4688 με
2583 4621 2927 4690 ὑστερήσει.

2022 4705 2165 4776 Στίχ.
2197 4706 2259 4760 δ’.
2304 4712 2914 4798 Κιξτατρρρησονκτοῦ
2959 4723 3194 4798 Κρρίου,
3223 4725 3323 4779 καί
3355 4726 3474 4798 δῴη
3495 4745 3598 4786 σοι

2323 4780 2396 4833 τὰ
2425 4781 2714 4851 αἰτήματα
2734 4785 2845 4854 τῆς
2873 4780 3119 4858 καρδίας
3155 4780 3290 4850 σου.

2091 4864 2200 4937 (65)
2233 4869 2390 4934 Ἔθος
2415 4875 2482 4942 τῇ
2507 4873 2696 4946 Γραφῇ
2730 4877 2822 4931 δύο
2852 4879 3172 4952 ἀνθρώπους
3195 4887 3434 4956 εἰσάγειν
3454 4905 3469 4921 ·
3501 4894 3600 4945 καὶ

2019 4958 2203 5027 σχεδὸν
2234 4962 2407 5016 πάντα
2437 4963 2506 5018 τὰ
2544 4965 2638 5019 τοῦ
2678 4969 2921 5042 χείρονος
2961 4973 3074 5044 ἔχει
3105 4977 3198 5030 καὶ
3240 4979 3269 5030 ὁ
3307 4981 3589 5051 κρείττων,

2021 5051 2174 5104 Ἐστι
2201 5053 2308 5125 γάρ
2333 5072 2416 5118 τις
2438 5057 2609 5130 τροφὴ
2636 5061 2729 5114 καὶ
2758 5063 2850 5117 τοῦ
2877 5064 2984 5119 ἔσω
3011 5067 3316 5139 ἀνθρώπου,
3345 5075 3474 5145 περὶ
3527 5071 3596 5148 ἦς

2015 5139 2263 5208 λέγεται·
2292 5147 2414 5198 Οὐκ
2456 5147 2548 5199 ἐπ’
2586 5148 2742 5218 ἄρτῳ
2782 5155 2951 5221 μόνῳ
2983 5153 3219 5222 ζήσεται
3261 5139 3590 5232 ἅνθρωπος,

2017 5231 2152 5285 ἀλλ’
2168 5233 2236 5286 ὲν
2252 5236 2430 5289 παντὶ
2449 5237 2670 5308 ῥήματι
2707 5242 3153 5315 ἐκπορευομένῳ
3174 5249 3270 5303 διὰ
3293 5231 3591 5323 στόματος

2020 5323 2186 5378 Θεοῦ.
2222 5325 2374 5380 Ἔστι
2397 5345 2450 5381 τι
2493 5331 2585 5384 καὶ
2619 5333 2776 5387 ποτόν
2803 5335 3209 5407 ·Πίνομενγὰρ
3239 5342 3306 5395 ὲκ
3337 5359 3594 5411 πνευμα-

2014 5415 2186 5484 τικῆς
2223 5419 2682 5496 ἀκολουθούσης
2719 5426 2958 5495 πέτρας.
2991 5433 3100 5486 Καὶ
3139 5433 3340 5506 ἔνδυμα
3365 5453 3378 5468 ·
3413 5437 3536 5492 ὅθεν
3564 5444 3592 5498 ὁ

2017 5509 2117 5578 μὲν
2149 5512 2470 5584 ἁμαρτωλὸς
2513 5515 2838 5574 ἐνεδύσατο
2869 5522 3131 5591 κατάραν
3163 5527 3242 5592 ὼς
3281 5527 3529 5597 ἱμάτιον,
3557 5533 3591 5586 ὁ

410 5586 451 5617 "
478 5586 715 5688 lsai.xr.II
733 5584 789 5640 6.
865 5587 910 5618 ⁵³
946 5586 1086 5644 Psal.
1133 5605 1318 5660 xxxvr,
1351 5591 1408 5650 2.
1485 5593 1530 5624 ⁵⁹
1557 5591 1699 5649 Psal.
1741 5609 1927 5666 xxxvi,

418 5655 562 5688 3P...»
610 5673 632 5688 π
715 5687 721 5688 ,

2093 5605 2137 5636 ⁸ο
2156 5605 2331 5664 Galat.
2360 5625 2437 5674 vt,
2465 5613 2518 5668 8.
2591 5612 2634 5643 δι
2658 5611 2800 5668 Psal.
2835 5632 2973 5684 χιιι,
3139 5620 3183 5653 ⁸³
3205 5584 3397 5678 liiaith.
3429 5584 3583 5688 mil:

341 5655 384 5685 ”
415 5655 582 5712 ECUI‘.
607 5673 659 5720 ι,
689 5657 740 5710 4.

412 5751 521 5821 (οε)
554 5727 763 5824 Cyl-nn,
809 5751 1026 5823 Origen.

2096 5767 2205 5833 (65)
2238 5769 2433 5828 Confer
2457 5775 2594 5828 edita
2619 5773 2828 5834 Latina.
