3878 6212
164 332 250 386 liii
1282 312 1654 372 EXCEBPTA
1693 307 1762 367 IN
1795 305 2135 365 PSALMOS.

3305 283 3411 340 122

157 448 208 501 δὲ
235 448 436 510 δίκαιος
462 446 570 501 τὸν
608 446 827 515 Κύριον
857 440 1101 513 Ἰησοῦν
1119 481 1133 506 ,
1161 441 1258 496 καὶ
1285 439 1611 510 σπλάγχνα
1647 439 1730 491 οι-

1848 443 2061 487 nentum
2087 428 2134 461 “
2161 446 2175 483 :
2206 427 2386 494 justus
2422 436 2554 478 vero
2597 420 2880 475 Dominum
2908 414 3093 469 Iesum
3142 413 3211 477 ⁸⁸,
3244 421 3295 465 et
3327 412 3408 463 vi-

160 538 425 606 κτιρμῶν,
461 538 557 591 καὶ
594 537 940 592 πανοπλίαν
978 535 1149 590 Θεοῦ.
1183 532 1370 595 Οὕτως
1414 534 1443 585 6
1480 531 1577 602 μὲν
1618 528 1728 583 τῶν

159 630 314 685 αὑτοῦ
352 631 508 701 μόνον
549 630 762 684 ἀκούων
791 630 962 699 λόγων
990 624 1405 700 προτρεπτικῶν
1430 624 1688 695 τρέφεται
1711 638 1724 651 ·

158 721 186 773 6
206 720 260 773 δὲ
290 720 560 783 ἐπιδιδοὺς
590 721 779 773 ἑαυτὸν
808 720 1075 792 ἑρμηνείᾳ
1105 718 1291 788 νόμου,
1312 714 1569 786 διηγήσει
1599 728 1730 785 προ-

159 813 357 883 φητῶν,
389 814 542 867 λύσει
573 812 895 886 παραϐολῶν
928 810 1317 881 εὐαγγελικῶν,
1349 805 1613 878 σαφηνείᾳ
1640 804 1729 859 λό-

160 924 263 974 γων
291 906 682 973 ἁποστολικῶν,
706 908 1024 977 κατατρυφᾷ
1046 902 1140 960 τοῦ
1171 902 1375 972 Κυρίου
1395 918 1407 931 ·
1436 899 1531 954 καὶ
1560 897 1730 952 ἐσθίει

158 1000 214 1052 οὐ
247 998 382 1068 πρὸς
406 1000 682 1069 ἀνάγκην,
714 998 833 1052 οὐδὲ
862 997 999 1070 πρὸς
1028 996 1192 1069 μόνην
1224 996 1451 1066 τροφήν.
1482 992 1732 1046 Διδάσκει

157 1085 246 1145 οὖν
269 1093 417 1162 ἡμᾶς
445 1092 859 1164 κατατρυφῆσαι
888 1088 983 1144 τοῦ
1012 1089 1238 1160 Κυρίου.
1269 1088 1379 1143 Καὶ
1398 1085 1507 1157 γὰρ
1531 1086 1559 1137 6
1579 1084 1730 1148 Θεὸς,

158 1183 247 1235 ἀπ’
282 1184 459 1254 ἀρχῆς
503 1183 825 1254 βουλόμενος
874 1185 1020 1254 ἡμᾶς
1068 1181 1281 1253 τρυφᾷν
1326 1174 1731 1249 πνευματικῶς,

157 1275 414 1343 ἐφύτευσε
445 1275 536 1329 τὸν
584 1276 909 1348 παράδεισον
942 1275 1045 1346 τῆς
1090 1274 1328 1344 τρυφῆς,
1359 1271 1455 1325 καὶ
1490 1270 1582 1323 τὸν
1623 1285 1736 1339 χει-

161 1365 401 1437 μάρρουν
426 1365 526 1437 τῆς
550 1366 763 1438 τρυφῆς
790 1366 1099 1438 ἐχαρίσατο.
1121 1364 1309 1426 Οὐδεὶς
1325 1362 1382 1417 δὲ
1405 1361 1627 1415 δύναται
1642 1360 1735 1413 καὶ

157 1458 319 1529 “Fid
343 1458 441 1511 καὶ
460 1458 732 1529 πνεύματι
758 1460 994 1531 τρυφᾷν.
1026 1457 1162 1511 Ἀλλ’
1183 1458 1231 1510 εί
1258 1456 1355 1527 μὲν
1384 1456 1547 1526 σαρκὶ
1574 1450 1735 1523 ἐτρύ-

154 1552 441 1622 φησεννώς
457 1554 486 1605 6
506 1550 776 1616 πλούσιος,
792 1551 1183 1624 στερηθήσεται
1203 1550 1302 1619 τῆς
1325 1546 1461 1620 μετά
1486 1542 1737 1615 Ἀϐραὰμ

154 1643 370 1714 τρυφῆς
392 1661 407 1674 ’
439 1645 488 1697 εί
514 1643 571 1696 δὲ
602 1643 766 1715 ἄρτον
798 1642 1093 1706 κακώσεως
1123 1641 1353 1711 ἔφαγεν,
1382 1638 1457 1702 ὡς
1486 1640 1516 1692 6
1545 1637 1733 1708 πένης,

156 1736 274 1789 ἐκεῖ
298 1737 486 1807 τρυφᾷ
517 1737 614 1789 καὶ
637 1735 995 1792 ἀναπαύεται.

227 2008 338 2063 Καὶ
379 2006 585 2073 ἄλλως
610 2005 697 2059 δέ.
740 2005 797 2059 '0
821 2003 1025 2076 Κύριος
1056 2003 1368 2074 δικαιοσύνη
1400 2001 1567 2065 ἐστὶν,
1607 1999 1737 2071 ἀλήο

1829 538 1975 577 scera
2004 517 2379 575 misericordia
2412 516 2479 581 “,
2505 521 2562 567 et
2580 513 2842 579 integram
2867 513 3200 559 armaturam
3226 501 3322 556 Dei
3339 501 3406 553 θτ.

1830 614 2031 671 Eodem
2071 609 2255 674 modo,
2275 608 2364 678 qui
2390 606 2508 676 ejus
2535 605 2803 665 duntaxat
2829 596 3167 653 bortatorios
3200 606 3407 647 sermne

1830 723 1928 763 nes
1958 704 2141 767 audit,
2183 699 2423 755 nutritur
2455 707 2552 749 :at
2587 694 2681 765 qui
2717 690 2924 747 dedidit
2968 686 3206 756 seipsum
3238 683 3410 738 inter-

1831 796 2123 870 pretationi
2158 794 2312 865 legis,
2341 788 2681 847 enarrationi
2711 785 3130 857 prophetarum,
3164 776 3409 846 explica.

1832 892 1967 947 tioni
2000 889 2382 961 parabolarum
2412 881 2854 949 evangelicarum
2876 917 2892 945 ,
2928 870 3257 944 expositioni
3291 884 3409 924 ser-

1833 998 2051 1040 monum
2078 975 2522 1049 apostolicorum,
2542 970 2908 1026 oblectaturin
2935 963 3164 1023 Domino
3199 982 3211 1017 :
3242 969 3297 1017 et
3324 975 3413 1015 co-

1834 1075 2003 1132 medit
2029 1087 2134 1129 non
2162 1071 2231 1126 ob
2267 1066 2677 1129 necessitatem,
2718 1074 2902 1130 neque
2924 1058 2997 1114 ob
3026 1056 3202 1112 solum
3236 1051 3414 1109 nutri-

1835 1176 2096 1224 mentum.
2127 1159 2475 1232 Docetigitur
2494 1171 2613 1219 nos,
2641 1163 2702 1209 ut
2724 1151 3064 1208 oblectemur
3088 1148 3140 1201 in
3160 1145 3409 1201 Domino.

1835 1260 1978 1315 Deus
2008 1257 2149 1314 enim
2182 1256 2251 1310 ab
2284 1252 2442 1311 initio
2473 1248 2661 1305 volens
2697 1260 2795 1301 nos
2825 1241 3127 1313 spiritalem
3160 1236 3411 1305 volupta-

1836 1360 1943 1407 tem
1980 1348 2293 1420 percipere,
2343 1341 2640 1413 voluptatis
2673 1336 2989 1408 paradisum
3028 1331 3310 1403 plantavit,
3356 1336 3412 1382 et

1837 1454 2132 1500 torrentem
2183 1437 2478 1508 voluptatis
2516 1432 2805 1504 dilargitus
2858 1437 2963 1485 est.
3008 1425 3178 1481 Nemo
3230 1433 3410 1479 autem

1837 1547 2014 1608 potest
2041 1547 2096 1593 et
2125 1550 2292 1593 carne
2318 1543 2372 1588 et
2402 1530 2596 1602 spiritu
2633 1525 2962 1594 voluptatem
3002 1519 3305 1591 percipere.
3348 1515 3414 1571 Et

1836 1607 1881 1688 si
1916 1630 2134 1701 quidem
2181 1640 2349 1682 carne
2387 1615 2717 1691 voluptatem
2759 1613 3025 1686 percepit,
3083 1610 3225 1665 sicut
3262 1607 3415 1662 dives

1838 1721 1950 1786 ille,
1976 1719 2185 1775 carebit
2209 1716 2484 1787 voluptate
2511 1726 2635 1768 cum
2678 1707 2982 1763 Abraham.
3013 1702 3085 1759 At
3133 1701 3175 1758 si
3218 1713 3412 1769 panem

1769 1794 1813 1850 Β
1838 1812 2147 1871 aﬂlictionis
2185 1809 2441 1875 comedit,
2479 1815 2539 1861 ut
2573 1818 2780 1874 pauper
2814 1800 2924 1866 ille,
2960 1796 3036 1853 ibi
3075 1794 3414 1865 voluptatem

1837 1906 2066 1979 percipit
2093 1912 2149 1958 et
2178 1900 2492 1973 requiescit.

1907 1997 2028 2050 Alio
2080 1995 2259 2050 modo.
2308 1991 2566 2046 Dominus
2620 1986 2834 2056 iustitia
2892 1993 3011 2047 est,
3051 1980 3278 2044 veritas,
3328 1992 3416 2033 sa-

160 2098 298 2162 θεια,
332 2098 511 2166 σοφία,
538 2096 808 2166 ἀγιασμός
828 2113 842 2127 ο
876 2073 969 2149 ὲάν
996 2094 1277 2165 τρυφήσῃς
1306 2073 1399 2146 οῦν
1424 2093 1518 2147 καὶ
1543 2094 1600 2145 ὲν
1626 2094 1738 2154 τοῖς

1848 2090 2064 2164 pientia,
2107 2083 2492 2143 sanctiﬁcatio.
2529 2082 2587 2136 Si
2641 2080 2809 2150 igitur
2852 2077 3129 2133 delicieris
3166 2074 3328 2129 etiam
3361 2073 3415 2125 in

157 2192 257 2262 τῆς
290 2190 484 2259 σκιφίας
514 2188 880 2260 θεωρήμασιν,
911 2188 969 2242 εν
1001 2187 1121 2249 ταῖς
1150 2184 1381 2256 πράξεσι
1411 2184 1510 2255 τῆς
1536 2183 1739 2236 δικαιο-

162 2282 345 2352 σύνης,
375 2280 727 2353 πεπλήρωται
750 2279 810 2333 τό
828 2296 841 2310 ο
873 2278 1347 2347 Κατατρύφησον
1367 2275 1474 2330 τοῦ
1495 2276 1733 2344 Κυρίου.

158 2375 352 2446 Τρυφὴ
392 2372 701 2445 τοιγαροῦν,
733 2372 793 2425 τὸ
818 2372 1022 2426 ἔνοικον
1042 2372 1183 2445 ἔχειν
1211 2371 1302 2425 τὸν
1341 2371 1518 2425 πάντα
1543 2369 1739 2439 ζωογο-

159 2466 353 2521 νοῦντα
381 2466 517 2520 Θεὸν
546 2465 717 2533 Λόγον
737 2504 750 2529 ,
782 2464 874 2518 τὸν
916 2462 1080 2536 ἄρτον
1104 2464 1203 2536 τῆς
1231 2461 1376 2535 ζωῆς
1400 2481 1410 2495 ·
1450 2463 1544 2517 καὶ
1580 2461 1739 2516 αὐτὸν

159 2558 376 2629 ἔχοντες
408 2560 467 2613 ὲν
512 2558 723 2620 ἑαυτοῖς
746 2595 760 2621 ,
805 2554 1087 2627 ληψόμεθα
1121 2556 1299 2610 πάντα
1330 2553 1400 2609 τὰ
1438 2555 1731 2626 αἰτήματα,

158 2653 254 2721 ούγ
276 2650 487 2715 ἁπλῶς,
517 2648 653 2706 ἀλλὰ
678 2649 747 2705 τὰ
773 2631 871 2721 τῆξ
891 2648 1135 2721 καρδίας.
1164 2648 1396 2718 Νοήσεις
1423 2647 1480 2700 δὲ
1506 2646 1566 2699 τὸ
1591 2645 1742 2714 λεγό-

161 2760 340 2815 μενον,
374 2741 471 2798 ἐὰν
499 2742 988 2815 προσωποποιήσῃς
1015 2740 1244 2794 ἕκαστον
1279 2738 1387 2793 τῶν
1419 2738 1616 2810 μελῶν,
1648 2738 1742 2791 καὶ

160 2836 275 2907 ἴδῃς
317 2834 443 2899 πῶς
492 2834 633 2889 κατά
682 2834 843 2904 φύσιν
874 2833 1033 2889 αἰτεῖ.
1072 2832 1132 2887 '0
1170 2830 1299 2901 γοῦν
1328 2831 1657 2901 ὀφθαλμὸς,
1692 2831 1742 2884 εί

160 2924 272 3000 εἶχε
298 2927 508 2998 φωνὴν,
531 2926 712 2996 ἔλεγεν
737 2926 802 2980 ἄν
832 2943 915 2979 σοι
934 2942 948 2957 ·
984 2924 1131 2979 Αίτῶ
1161 2924 1294 2995 φῶς,
1318 2923 1455 2978 αἰτῶ
1477 2922 1743 2995 χρώματα

161 3021 382 3091 βλέπω
418 3018 728 3090 κατάλληλα
750 3017 889 3088 ἐμοί.
935 3017 1006 3072 Ἦ
1029 3015 1181 3086 ἀκοή
1207 3033 1221 3047 ο
1250 3016 1395 3069 Αίτῶ
1431 3014 1615 3087 φωνὴν
1641 3016 1743 3085 ἑμ-

1839 2163 2308 2254 speculationibus
2339 2174 2646 2244 sapientiae,
2668 2182 2726 2226 et
2754 2170 2805 2224 in
2838 2168 3144 2225 actionibus
3168 2163 3412 2235 justitire,

1839 2274 2119 2344 impletum
2149 2278 2232 2324 est
2270 2267 2398 2323 illttd
2447 2284 2460 2323 :
2501 2264 2778 2319 Oblectare
2813 2262 2867 2316 in
2910 2259 3161 2315 Domino.
3198 2254 3416 2310 Deliciae

1840 2365 2164 2436 igitursunt,
2195 2359 2597 2415 inhabitantem
2624 2354 2827 2409 habere
2852 2352 3033 2408 omnia
3053 2349 3412 2404 viviﬁcantem

1842 2458 2007 2513 Deum
2040 2453 2303 2519 Verbum,
2336 2451 2426 2523 qui
2475 2448 2630 2520 panis
2671 2454 2755 2503 est
2792 2446 2917 2500 vita
2952 2457 3151 2513 :quem
3194 2456 3315 2496 cum
3359 2441 3413 2493 in

1841 2550 1997 2606 nobis
2013 2547 2389 2613 habuerimus,
2410 2543 2745 2611 accipiemus
2764 2554 2952 2593 omnes
2980 2534 3372 2608 postulationes
3398 2570 3415 2595 ,

1841 2661 1949 2701 non
1999 2640 2340 2710 simpliciter,
2384 2638 2478 2693 sed
2517 2634 2717 2692 cordis.
2765 2632 3038 2704 Intelliges
3072 2643 3237 2701 porro
3274 2625 3419 2695 quod

1843 2736 2068 2800 dicitur,
2110 2733 2156 2787 si
2211 2729 2597 2802 prosopopteia
2648 2727 2825 2783 utaris
2876 2724 3119 2779 omnium
3172 2722 3421 2789 corporis

1843 2826 2230 2887 membrorum,
2269 2822 2559 2889 Videasque
2598 2816 2871 2888 quomodo
2911 2814 3212 2870 secundum
3262 2820 3420 2864 natu-

1844 2933 1959 2972 ram
1997 2914 2205 2987 aliquid
2256 2912 2553 2984 postulent.
2605 2910 2807 2965 Oculus
2868 2908 3036 2977 igitur
3084 2906 3128 2960 si
3188 2903 3421 2962 haberet

1844 3021 2053 3072 vocem,
2088 3006 2293 3060 diceret
2320 3004 2506 3073 utique
2541 3002 2639 3057 tibi
2681 3019 2694 3055 :
2732 2999 2955 3055 Postulo
2998 2998 3200 3061 lumen,
3237 3005 3423 3066 postu-

163 3088 337 3187 μέλ-ἦ,
386 3114 591 3184 ἡδεῖαν.
636 3088 706 3167 Ἦ
745 3112 972 3181 γεῦσις-ο
1004 3110 1149 3164 Αἱτῶ
1191 3109 1417 3179 γλυκέα,
1459 3107 1647 3178 φεύγω
1676 3108 1742 3162 τὰ

1848 3099 1899 3154 lo
1928 3099 2142 3154 colores
2171 3097 2358 3153 videre
2407 3105 2766 3167 congruentes
2818 3093 2971 3149 mihi.
3013 3092 3264 3153 Auditus,
3312 3088 3421 3144 Po-

162 3209 353 3278 πικρά.
397 3207 470 3262 Ἦ
504 3205 665 3275 ἀφή’
694 3203 837 3258 Δίτῶ
884 3203 1150 3258 ἅπτεσθαι
1196 3202 1389 3267 λείων,
1436 3200 1743 3275 τρυφερῶν,

162 3298 455 3371 προσηνῶν
474 3315 488 3328 υ
519 3300 580 3350 ού
613 3296 782 3367 πυρὸς
801 3336 814 3360 ,
849 3296 908 3349 ού
939 3295 1184 3367 τραχέων
1205 3335 1218 3357 ,
1244 3295 1363 3348 οὐδὲ
1394 3293 1742 3347 κεντούντων.

172 3389 258 3455 ’ῦς
279 3387 377 3445 οῦν
408 3391 639 3445 ἑκάστου
664 3389 772 3442 τῶν
805 3388 1172 3461 αἰσθητηρίων
1199 3389 1346 3442 ἐστὶν
1372 3386 1587 3459 αἴτησις
1614 3402 1746 3439 κατ-

163 3484 393 3555 ἶὶ,),ληλ‹›ς
419 3485 513 3537 καὶ
546 3483 691 3555 φυγή
717 3500 730 3513 ·
763 3483 856 3535 καὶ
886 3480 1161 3551 ὀφθαλμὸς
1196 3481 1296 3551 μὲν
1337 3482 1480 3534 αἰτεῖ
1519 3479 1580 3532 τὸ
1610 3477 1745 3547 φῶς,

166 3575 196 3645 ἡ
220 3574 497 3646 ὄσφρησις
517 3572 572 3625 δὲ
595 3573 658 3626 τὸ
688 3572 902 3637 εὐῶδες,
933 3572 966 3643 ἡ
991 3571 1129 3643 ἀκοὴ
1160 3570 1220 3624 τὸ
1259 3570 1495 3641 ἐμμελὲς
1514 3609 1529 3633 ,
1558 3569 1652 3622 καὶ
1681 3565 1749 3623 τὰ

164 3666 325 3721 λοιπά
350 3666 557 3738 ὁμοίως
575 3685 590 3698 ο
621 3666 794 3729 οὕτως
818 3666 851 3737 ἠ
879 3664 1074 3738 καρδία
1098 3662 1168 3717 τὰ
1195 3664 1461 3734 νοήματα,
1496 3660 1641 3731 ἅπερ
1662 3660 1752 3731 λη-

164 3759 376 3830 μμεθα
402 3758 555 3831 παρὰ
584 3757 811 3831 Κυρίου,
842 3755 935 3810 ἐὰν
966 3754 1132 3828 μηδὲν
1156 3754 1433 3826 ἀλλότριον
1462 3754 1560 3825 τῆς
1585 3751 1749 3806 αὑτοῦ

166 3852 379 3923 τρυφῆς
430 3851 642 3923 ἔχωμεν
684 3852 740 3903 ἐν
779 3852 899 3913 ταῖς
936 3848 1201 3921 καρδίαις.
1236 3847 1369 3901 Τότε
1416 3845 1753 3919 δυνησόμεθα

167 3941 573 3997 ἀποκαλύπτειν
616 3941 764 4012 αὐτῷ
789 3941 885 4014 τὴν
922 3941 1040 3995 686v
1073 3939 1249 4011 ἡμῶν.
1296 3937 1615 3994 Ἐποπτεύει
1643 3936 1753 4007 γὰρ

167 4038 194 4089 6
228 4035 339 4090 τῶν
372 4035 511 4090 ὅλων
552 4034 687 4098 Θεὸς
730 4033 828 4106 τὴν
874 4033 984 4089 τῶν
1019 4031 1324 4105 σεϐομένων
1370 4030 1534 4085 αὐτὸν
1582 4030 1751 4101 εὐαγῆ

168 4128 446 4183 πολιτείαν
471 4144 485 4159 ·
523 4126 923 4199 ἀποστρέφεται
961 4126 1020 4179 δὲ
1049 4125 1146 4197 τὴν
1184 4124 1293 4179 τῶν
1317 4125 1418 4178 οὐκ
1448 4121 1624 4194 ὀρθῶς
1654 4121 1754 4192 ζῇν

170 4221 465 4294 ἑλομένων.
504 4219 664 4276 Ὅθεν
690 4221 905 4290 ἐπάγειν

1848 3192 1991 3249 stulo
2017 3206 2202 3247 vocem
2230 3191 2576 3254 concinnam,
2624 3202 2870 3242 suavem.
2922 3183 3140 3247 Gustus,
3204 3181 3424 3236 Postulo

1849 3283 2046 3347 dulcia,
2107 3280 2277 3353 fugito
2309 3295 2517 3335 amara.
2572 3277 2789 3343 Tactus,
2825 3275 3042 3331 Postulo
3078 3284 3423 3328 contrectare

1850 3376 2050 3443 mollia,
2086 3375 2304 3442 blanda,
2339 3373 2516 3429 lenia:
2551 3388 2659 3427 non
2691 3373 2893 3442 ignem,
2924 3386 3028 3425 non
3060 3384 3277 3439 aSpera,
3315 3383 3421 3422 non

1848 3469 2166 3538 pungentis.
2219 3465 2681 3534 Quemadmodum
2718 3464 2883 3532 igitur
2904 3462 3126 3518 cuilibet
3154 3458 3425 3517 sentiendi

1849 3575 2057 3630 organo
2092 3567 2174 3613 est
2204 3559 2344 3629 quod
2380 3558 2482 3613 sibi
2519 3570 2821 3626 congruum
2874 3552 3111 3624 postulet
3156 3554 3239 3607 vel
3286 3551 3425 3621 iugi-

1853 3658 1928 3706 tet
1954 3669 1965 3704 :
2000 3659 2053 3705 et
2078 3650 2264 3704 oculus
2301 3649 2514 3717 quidem
2541 3648 2780 3719 postulat
2812 3647 3015 3710 lucem,
3047 3643 3276 3699 olfactus
3307 3658 3427 3697 sua-

1849 3743 2143 3807 veolentia,
2197 3743 2412 3798 auditus
2443 3746 2734 3808 concinna,
2788 3751 2843 3796 et
2894 3739 3099 3808 reliqua
3133 3736 3424 3792 similiter:

1852 3837 1924 3891 ita
1953 3853 2048 3891 cor
2079 3836 2459 3907 cogitationes,
2493 3851 2632 3906 quas
2668 3851 2696 3890 a
2724 3834 2953 3889 Domino
2991 3832 3346 3901 accipiemus,
3378 3828 3424 3884 si

1852 3927 1987 3982 nihil
2020 3928 2256 3981 alienum
2291 3943 2321 3982 a
2355 3928 2633 3998 voluptate
2664 3927 2806 3981 illius
2836 3926 2887 3980 in
2928 3924 3188 3979 cordibus
3217 3922 3425 3978 habea-

1856 4034 1997 4074 mus.
2047 4018 2201 4075 Tunc
2242 4022 2543 4091 poterimus
2575 4019 2819 4074 revelare
2870 4018 2917 4073 ei
2970 4018 3115 4072 viam
3162 4025 3425 4071 nostram.

1854 4104 2078 4181 Inspicit
2114 4109 2257 4164 enim
2312 4109 2690 4165 universorum
2733 4109 2876 4163 Deus
2905 4108 3175 4162 cultorum
3203 4120 3427 4161 suorum

1854 4210 2097 4254 sanctam
2166 4203 2662 4267 conversationem,
2717 4203 2864 4258 sicut
2911 4210 3199 4255 aversatur
3251 4211 3429 4262 niqres

1853 4306 2044 4348 eorum
2078 4292 2168 4362 qui
2224 4309 2333 4351 non
2367 4304 2520 4351 recte
2549 4295 2739 4349 vivere
2773 4292 3148 4347 instituerunt.
3181 4290 3430 4359 Quapro-

1854 4396 1974 4457 pter
2002 4388 2185 4442 subdit
2209 4404 2224 4443 :

170 4493 321 4564 Στίχ.
358 4489 879 4564 επίἎποκάλυψονν
897 4490 1047 4564 πρὸς
1068 4491 1287 4564 Κύριον
1308 4488 1423 4564 τὴν
1450 4488 1593 4564 ὀδόν
1618 4503 1742 4554 σου1

1864 4478 1931 4533 ν.
1959 4480 2013 4535 5.
2051 4479 2238 4537 Revela
2263 4486 2403 4552 apud
2434 4479 2717 4560 Dominum
2749 4479 2887 4558 viam
2926 4490 3096 4540 tuam,
3124 4485 3171 4532 et
3196 4490 3347 4545 spera
3377 4475 3433 4529 in

275 4558 380 4617 καὶ
409 4563 666 4616 ἐλπισον
696 4558 789 4615 ἐπ’
817 4558 1023 4625 αὐτὸν,
1057 4558 1160 4615 καῖ
1181 4558 1365 4626 αὐτὸς
1386 4558 1647 4625 ποιήσει.

171 4657 325 4727 Στίχ.
351 4656 553 4727 ς¹.Κᾳὶ
582 4654 905 4727 ἐξοίσει-ὠς
935 4653 1057 4727 φῶς
1083 4654 1198 4723 τὴν
1216 4654 1606 4727 δικαιοσύνην
1621 4669 1757 4717 σου,

427 4726 528 4779 καὶ
558 4726 625 4779 τὸ
653 4725 830 4795 κρῖμά
865 4725 982 4780 σου
1003 4726 1083 4791 ὡς
1113 4725 1508 4796 μεσημϐρίαν.

246 4818 363 4892 (64)
394 4820 548 4884 Ἔσο,
582 4818 769 4889 φησιν,
807 4819 1055 4891 φανερῶς
1098 4818 1196 4890 τὴν
1237 4817 1576 4891 ἀρέσκουσαν
1612 4814 1761 4887 αὐτῷ

2364 4568 2502 4612 eum,
2538 4560 2584 4602 et
2618 4551 2727 4616 ipse
2762 4549 2939 4617 faciet.

1863 4642 1926 4698 V.
1969 4643 2024 4700 6.
2073 4644 2144 4698 Et
2181 4645 2357 4714 efferet
2394 4656 2449 4695 ut
2484 4644 2658 4714 lumen
2704 4640 2976 4714 justitiam
3006 4650 3175 4705 tuam,
3206 4648 3255 4693 et
3279 4637 3435 4708 judi-

2251 4717 2391 4768 cium
2419 4724 2565 4765 tuum
2592 4712 2725 4763 sicut
2754 4710 3049 4763 meridiem.

1929 4805 2081 4871 Esto,
2121 4805 2320 4876 inquit,
2356 4801 2644 4857 manifeste
2696 4801 2983 4856 ambulans
3041 4800 3347 4869 placentem
3382 4799 3435 4854 ci

176 4913 412 4982 βαδίζων
434 4912 549 4966 ὁδὸν
572 4952 586 4975 ,
612 4912 885 4977 τουτέστι,
921 4912 1132 4984 γυμνὴν
1159 4912 1253 4966 καὶ
1279 4910 1655 4982 ἀναμφίαστον
1682 4908 1742 4979 τᾷ

1858 4896 2023 4963 viam,
2062 4896 2115 4951 id
2137 4906 2239 4962 est,
2273 4897 2471 4950 nudam
2494 4907 2550 4950 et
2583 4904 2825 4964 apertam
2850 4893 2959 4948 Deo
2987 4893 3282 4948 ostendens
3305 4907 3437 4947 coa-

174 5002 292 5072 Θεῷ
325 5002 431 5073 τὴν
464 5000 689 5055 σεαυτοῦ
722 5003 932 5066 δεικνὺς
962 5002 1235 5057 πολιτείαν
1254 5019 1266 5032 ·
1295 5003 1390 5055 καὶ
1414 5001 1633 5054 ἔλπισον
1666 5000 1753 5052 ἐπ’

176 5096 360 5161 αὑτὸν,
403 5095 564 5159 αὐτὸς
592 5096 648 5149 δὲ
681 5097 911 5168 ποιήσει.
962 5095 1052 5151 Ἐν
1082 5095 1159 5166 τῷ
1194 5095 1438 5166 μέλλοντι
1467 5093 1622 5147 αἰῶνι
1654 5093 1756 5163 ἐμ-

178 5188 363 5258 φανῶς
397 5191 741 5259 καταστήσει,
767 5190 861 5243 καὶ
890 5183 1001 5244 οἷον
1031 5188 1320 5260 περίοπτον
1347 5189 1630 5258 ἀποφανεῖ,
1664 5186 1757 5238 λα-

177 5279 288 5332 θεῖν
320 5278 424 5331 οὐκ
455 5278 560 5331 ἐῶν
584 5280 684 5350 τῆς
715 5281 814 5351 σῆς
844 5280 1074 5346 εὐζωΐας
1098 5281 1159 5335 τὸ
1189 5280 1400 5345 κάλλος.
1432 5281 1624 5332 Ἔσται
1646 5277 1757 5350 γὰρ

179 5367 385 5424 ἅπασιν
413 5372 646 5443 ἐναργὴς
670 5374 703 5445 ή
750 5374 1060 5446 δικαιοσύνη
1082 5391 1197 5439 σου,
1227 5373 1380 5445 δίκην
1411 5372 1585 5442 φωτὸς
1622 5372 1752 5424 ἀνα-

181 5462 471 5533 λὰμπουσα
506 5466 895 5536 μεσημϐρινοῦ.

1861 4991 2225 5071 versationem
2264 4998 2414 5042 luant
2450 5005 2463 5041 :
2493 4994 2548 5041 et
2578 5002 2735 5055 spera
2768 4987 2821 5040 in
2854 4999 3000 5050 eum,
3037 4986 3153 5055 ipse
3189 4999 3319 5039 vero
3352 4983 3437 5038 fa-

1862 5093 1992 5148 ciet.
2041 5086 2100 5141 ln
2147 5084 2334 5140 futuro
2375 5082 2575 5137 saeculo
2627 5080 2977 5135 manifestum
3028 5079 3343 5142 ccnstituet,
3382 5089 3431 5133 et

1863 5175 2261 5253 quodammodo
2304 5173 2664 5243 conspicuum
2714 5173 2967 5227 omnibus
3016 5170 3430 5236 demonstrabit,

1865 5288 1971 5327 non
2006 5270 2214 5343 patiens
2240 5268 2411 5321 latere
2443 5265 2623 5332 probae
2661 5264 2782 5318 vita:
2814 5272 2919 5317 tuae
2946 5260 3431 5332 pulchritudinem.

1866 5363 2140 5420 Eritenim
2164 5360 2374 5415 cunctis
2399 5358 2622 5416 evidens
2639 5356 2849 5429 justitia
2882 5365 2995 5424 tua,
3016 5356 3189 5412 instar
3215 5353 3437 5410 luminis

1864 5454 2147 5512 meridiani
2186 5452 2481 5524 refulgens.

251 5670 297 5701 “
335 5670 477 5726 Psal.
514 5687 669 5737 cvm,
702 5671 789 5725 18.
866 5672 909 5703 ⁸⁵
939 5674 1092 5729 Rom.
1120 5688 1236 5739 xm,
1275 5672 1360 5727 14.
1441 5670 1485 5702 ⁸⁵
1515 5668 1721 5725 Coloss.

1866 5666 1949 5723 12.
2030 5668 2073 5701 "
2124 5670 2433 5741 Εριι.νι,ὶ1.

255 5789 370 5856 (6i)
397 5791 575 5856 Cyrill.
616 5799 667 5844 et
694 5790 841 5857 Orig.
