3878 6212
489 313 592 370 125
1377 300 1943 382 SU'PPLEMENTUM
1985 325 2071 380 AD
2107 323 2430 383 ORIGENIS
2463 324 2875 383 EXEGETICA.
3428 382 3431 383 ,
3635 333 3739 387 tat

551 433 802 491 Meridies
854 447 1000 493 certe
1044 441 1359 497 nominatur
1406 444 1511 500 diei
1578 448 1751 519 ipsum
1802 450 1996 504 meditn

2225 447 2334 518 (65)
2357 450 2507 519 Μεση
2517 447 2685 519 μὸρία
2698 465 2761 516 γε
2789 448 2893 520 μὴν
2915 448 3234 518 ὀνομάζεται
3256 448 3352 520 τῆς
3372 449 3583 522 ἡμέρας
3602 454 3736 507 αὐτὸ

473 524 646 579 lium:
693 536 851 596 teque
900 532 1167 599 judicabit
1229 536 1301 589 ibi
1360 539 1583 609 dignum
1648 554 1770 595 esse
1820 540 1990 596 lumin

2152 540 2213 591 τδ
2240 540 2576 609 μεσαίτατον.
2597 541 2704 593 Καί
2732 558 2792 592 σε
2826 543 3003 611 κρινεῖ
3032 540 3179 606 ἄξιον
3214 535 3353 593 εἶναι
3386 542 3562 608 φωτὸς
3592 546 3728 598 ἐκεῖ.

472 616 740 682 Quoniam
778 619 943 685 igitur
970 624 1269 694 quicunque
1299 628 1441 682 male
1468 630 1599 698 agit,
1633 640 1761 699 puta
1811 632 1996 688 fornict

2165 634 2380 705 Ἐπειδὴ
2415 630 2510 687 οὖν
2540 633 2658 700 πᾶς
2708 638 2740 688 ό
2770 634 2975 703 φαῦλα
3014 633 3335 702 πράσσων,
3378 630 3489 690 οἷον
3521 640 3548 690 ὀ
3592 656 3700 709 πορ

472 719 579 772 tor,
615 710 727 765 odit
764 714 931 766 lucem
973 716 1041 780 ⁸⁸,
1090 727 1146 771 et
1194 732 1455 787 quantum
1491 722 1542 775 in
1584 737 1642 776 se
1670 739 1774 787 εει,
1809 728 1996 781 occult.

2149 726 2341 791 νεύων,
2368 727 2541 796 μισεῖ
2579 727 2643 780 τὸ
2660 723 2908 795 gemmata).
2936 726 2996 778 τὸ
3020 727 3141 779 ὅσον
3168 728 3251 796 ἐφ’
3276 727 3469 797 ἑαυτῷ,
3495 730 3727 800 κρύπτει

470 817 592 869 qua:
622 804 751 874 agit,
802 816 856 858 ut
906 824 1008 862 non
1046 824 1341 881 arguantur
1382 815 1469 869 ‘9:
1508 816 1621 870 vult
1659 819 1801 872 enim
1846 823 1992 875 uesci

2146 820 2183 874 ἃ
2217 824 2378 883 ποιεῖ,
2424 820 2627 890 ἵναμὴ
2656 820 2913 890 ἐλεγχθῇ
2934 839 2946 851 ’
2986 820 3127 874 θέλει
3172 820 3281 894 γὰρ
3313 823 3385 893 μὴ
3418 824 3726 896 γνωσθῆναι

468 894 886 952 fornicationem
944 916 1095 955 suam
1124 924 1136 958 :
1163 915 1447 974 propterea
1491 910 1656 964 etiam
1703 911 1842 967 celat
1896 914 1996 967 viat

2144 913 2241 982 τὴν
2270 913 2525 983 πορνείαν
2559 913 2723 966 αὐτοῦ
2744 931 2755 943 ·
2793 914 2871 966 διὸ
2900 915 2991 968 κα)⁸
3016 915 3339 987 ἐπικρύπτει
3364 916 3460 987 τὴν
3482 918 3596 971 ὁδὸν
3626 920 3725 971 αύ-

468 1002 647 1050 suam.
682 990 767 1043 cui
799 991 1017 1047 inslilit.
1048 994 1119 1048 At
1143 998 1237 1066 qui
1267 998 1398 1053 facit
1428 1000 1738 1069 veritatem,
1775 1014 1901 1072 puta
1950 1020 1996 1060 et

2141 1003 2263 1068 τοῦ,
2308 1004 2375 1075 ἢν
2404 1004 2663 1059 ὥδευσεν·
2698 1007 2727 1058 ὁ
2757 1006 2813 1058 δὲ
2845 1005 3013 1059 ποιῶν
3057 1008 3155 1078 τὴν
3202 1008 3460 1079 ἀλήθειαν
3484 1051 3498 1073 ,
3533 1004 3643 1062 οἷον
3692 1013 3723 1065 ὁ

466 1079 736 1136 stimouize
777 1094 1033 1151 sectator,
1067 1087 1183 1141 vult
1231 1091 1406 1160 ipsam
1438 1094 1782 1151 manifestam
1818 1097 1996 1153 facere

2143 1095 2453 1167 σωφρονῶν,
2490 1096 2632 1150 Θέλει
2666 1098 2833 1167 αὐτὴν
2882 1096 3213 1167 φανερῶσαι,
3259 1098 3358 1151 οὐκ
3387 1099 3715 1171 ἀνθρώποις,

466 1185 572 1224 non
613 1172 923 1231 hominibus
963 1179 1203 1248 quidem,
1245 1195 1305 1237 ut
1338 1201 1446 1241 non
1484 1187 1684 1242 habeat
1709 1192 1775 1243 ab
1805 1190 1987 1244 homin

2139 1186 2225 1241 ἵνα
2257 1186 2330 1258 μὴ
2364 1188 2543 1261 ἀπέχῃ
2576 1188 2665 1241 τὸν
2705 1188 2894 1260 μισθὸν
2931 1188 3038 1242 ἀπὸ
3078 1189 3186 1242 τῶν
3219 1190 3549 1263 ἀνθρώπων,
3582 1192 3717 1246 ἀλλὰ

459 1264 563 1318 itus
605 1270 928 1338 mercedem,
960 1276 1053 1329 sed
1116 1276 1224 1332 Deo
1276 1297 1288 1333 :
1327 1288 1613 1348 propterea
1651 1281 1856 1337 dictum
1914 1295 1995 1340 est

2136 1280 2213 1351 τῷ
2235 1280 2354 1351 Θεῷ
2371 1300 2383 1311 ’
2416 1281 2503 1334 διὰ
2527 1281 2682 1335 τοῦτο
2704 1281 2915 1353 εἴρηται
2937 1301 2947 1312 ·
2990 1283 3409 1352 Ἀποκὰλυψον
3437 1285 3585 1353 πρὸς
3607 1288 3717 1339 Κύ-

458 1353 647 1410 Revela
694 1362 836 1428 apud
866 1363 1151 1423 Dominum
1185 1373 1320 1425 viam
1366 1382 1535 1439 tuam,
1578 1375 1629 1429 id
1668 1385 1773 1441 cst,
1804 1380 1996 1433 ostend

459 1446 536 1481 ἰΙΙῖ
573 1449 737 1481 υἶιη-νι
789 1464 930 1481 an...“
969 1459 1317 1481 -.:.-__-_,.su,
1368 1480 1373 1481 ,
1477 1475 1487 1481 .
1528 1467 1539 1478 -
1806 1470 1877 1481 ι.-
1917 1478 1925 1481 _

2127 1392 2265 1442 ριον
2294 1375 2409 1444 τὴν
2439 1375 2583 1430 ὀδόν
2619 1390 2737 1430 σου
2760 1417 2775 1443 ,
2810 1376 3088 1441 τουτέστι,
3130 1374 3299 1441 δεῖξον
3327 1376 3475 1447 αὑτῷ
3503 1376 3593 1430 τὸν
3622 1378 3713 1431 σὺν

459 1446 537 1502 illi
573 1449 737 1505 vitam
789 1464 931 1509 tuam
969 1459 1407 1531 vituperabilem,
1439 1475 1493 1520 et
1526 1467 1642 1535 ipse
1671 1470 1883 1523 curabit
1912 1478 1964 1523 te

2134 1467 2418 1537 ὲπίμωμον
2472 1465 2623 1536 βίον,
2656 1467 2749 1520 καὶ
2799 1467 2959 1531 αὐτὸς
3006 1466 3330 1539 θεραπεύσει
3373 1446 3580 1521 σείάπδ
3602 1468 3711 1522 τῶν

457 1542 795 1616 vulneribus,
844 1559 897 1603 et
938 1550 1131 1608 efiiciet
1169 1560 1400 1611 mundas
1438 1561 1628 1616 sordes
1679 1571 1820 1617 tuas.
1877 1564 1943 1618 Et
1985 1581 1996 1618 ι

2131 1560 2479 1630 τραυμάτων,
2514 1560 2609 1613 καὶ
2642 1562 2856 1631 ποιήσει
2885 1560 2977 1614 τὸν
3024 1560 3265 1631 ῥυπαρὸν
3298 1559 3555 1632 καθαρόν.
3589 1562 3709 1616 Κᾶν

459 1630 629 1689 fueris
661 1638 882 1705 probus,
913 1642 1237 1712 gloriabitur
1263 1648 1328 1701 de
1361 1658 1411 1703 te
1440 1669 1453 1703 :
1508 1659 1562 1705 et
1593 1652 1719 1720 quia
1757 1669 1879 1708 cum
1912 1655 1996 1724 jac

459 1724 726 1763 Inhnndnc
759 1746 859 1763 nnn
884 1748 1031 1763 nonan
1084 1738 1391 1763 ηηλ..1.-ι.--
1416 1744 1613 1763 ε---.ς.ς-
1646 1762 1649 1763 ,
1712 1760 1722 1763 _
1916 1750 1927 1762 .

2130 1651 2259 1722 γένῃ
2290 1652 2450 1715 καλὸς
2481 1654 2574 1706 καὶ
2607 1653 2828 1721 ἀγαθὸς,
2866 1630 3266 1723 ὲγκαυχήσεταί
3294 1670 3376 1706 σοι
3402 1672 3415 1683 ο
3446 1630 3561 1707 ήκαὶ

459 1724 728 1782 tabundus
758 1746 859 1785 non
884 1748 1054 1801 esses,
1081 1738 1676 1812 occultabasjustitiam
1711 1760 1881 1813 tuam,
1914 1750 1995 1819 ips

2133 1743 2206 1814 μὴ
2234 1743 2308 1797 ὢν
2337 1744 2609 1810 κενόδοξος
2637 1745 2902 1817 ἔκρυπτες
2925 1744 3023 1816 τὴν
3042 1744 3385 1814 δικαιοσύνην
3409 1763 3523 1809 σου,
3548 1745 3709 1809 αὐτὸς

458 1818 802 1877 manifestam
859 1825 1041 1895 faciet,
1086 1842 1141 1885 ct
1183 1848 1354 1901 usque
1387 1838 1524 1892 adeo
1556 1841 1929 1909 conspicuam,
1968 1862 1996 1898 ιι

2130 1836 2363 1908 φανερὸν
2409 1839 2651 1908 ποιήσει,
2698 1840 2791 1892 καὶ
2844 1838 3015 1902 οὕτως
3060 1840 3294 1909 ἐπιφανῇ
3332 1838 3474 1909 (66),
3517 1838 3707 1911 ὥσπερ

454 1910 537 1964 sol
564 1923 649 1968 est
688 1916 739 1969 in
774 1920 1016 1978 meridie.
1054 1923 1145 1979 Ait.
1176 1926 1321 1980 enim
1351 1946 1364 1982 :
1397 1928 1543 1984 Tunc
1576 1931 1714 2001 justi
1753 1934 1996 2005 fulgebant

2131 1928 2279 1998 ἥλιον
2319 1931 2377 1983 ὲν
2414 1931 2747 2004 μεσημϐρίᾳ,
2789 1934 2925 1987 Τότε
2997 1932 3138 2002 γὰρ,
3175 1934 3373 2003 φησὶν,
3404 1936 3456 1987 οἱ
3489 1910 3708 1988 δίκαιοι

450 2004 587 2057 sicut
612 2007 694 2060 sol
723 2008 787 2064 ⁷ο.
1840 2004 1850 2005 ί

2128 2021 2478 2091 λάμψουσιν
2500 2024 2579 2089 ὡς
2607 2024 2797 2092 ἣλιος.

560 2160 620 2217 V.
660 2164 713 2219 7.
739 2166 1032 2236 Subjicitor
1071 2172 1321 2242 Domino,
1365 2187 1414 2231 et
1445 2178 1725 2248 deprecare
1775 2200 1916 2241 eum.

520 2295 927 2365 Subjectionem
967 2306 1133 2376 igitur
1169 2309 1272 2363 hoc
1318 2310 1440 2367 loco
1477 2315 1711 2384 appellat
1743 2334 2018 2375 recessum

448 2390 680 2446 annalis.
711 2391 880 2448 Nemo
910 2398 1110 2467 quippe
1158 2417 1394 2470 peccans
1434 2407 1720 2476 subjicitur
1771 2412 2013 2466 Domino.

2161 2153 2308 2223 Στίχ.
2349 2152 2414 2218 ζ’.
2462 2156 2801 2227 Ὑποτάγηθι
2839 2158 3167 2284 τῷόΚυρίῳ,
3212 2161 3312 2217 καὶ
3358 2159 3672 2215 ἱκέτευσον

2805 2247 2918 2283 αυτ
2957 2248 3011 2283 ι’.

2805 2247 3011 2283 αυτον.

2205 2317 2510 2390 Ὑποταγὴν
2562 2318 2655 2374 οὖν
2720 2322 2953 2376 ἐνταῦθα
3000 2324 3148 2392 λέγει
3205 2324 3302 2395 τὴν
3357 2324 3464 2380 τῶν
3514 2326 3705 2379 κακῶν

2120 2410 2484 2484 ἀναχώρησιν.
2517 2414 2702 2479 Οὐδεὶς
2733 2415 2841 2487 γὰρ
2876 2417 3200 2487 ἁμαρτάνων
3236 2418 3595 2470 ὑποτέτακται
3622 2418 3699 2488 τῷ

442 2476 597 2545 Esto,
627 2483 723 2547 ait,
754 2485 882 2554 quia
910 2489 1022 2556 jam
1054 2490 1328 2559 subjectus
1374 2495 1592 2551 fuerim.
1644 2498 1783 2566 Quid
1817 2502 1996 2557 facian

2127 2476 2326 2574 Κυρίῳ..
2363 2476 2563 2569 ίΈστω,
2612 2476 2927 2578 φησὶνξὸτί
2950 2476 3050 2579 ἤδη
3091 2509 3401 2580 ύπετάχθην
3427 2527 3438 2538 ·
3475 2510 3527 2562 τί
3559 2476 3699 2563 ποιῶ

440 2570 507 2625 de
539 2576 915 2643 superioribus
945 2582 967 2634 ?
1001 2583 1308 2654 Deprecare
1337 2589 1510 2655 illttm,
1547 2593 1737 2649 dicens
1769 2612 1781 2648 :
1828 2596 1906 2650 Ne
1931 2615 2013 2652 re-

442 2664 677 2719 corderis
713 2668 1054 2739 iniquitatum
1090 2686 1391 2733 nostrarum
1428 2683 1770 2752 antiquarum
1803 2688 1869 2741 '“.
1906 2688 2016 2742 Ita-

2120 2594 2247 2665 περὶ
2280 2595 2386 2650 τῶν
2430 2598 2751 2669 προτέρων;
2797 2600 3090 2654 Ἰκέτευσον
3132 2600 3313 2667 αὑτὸν,
3355 2601 3527 2670 λέγων
3555 2621 3567 2632 ·
3598 2602 3696 2671 Μὴ

2112 2683 2394 2754 μνησθῇς
2409 2687 2577 2757 ἡμῶν
2600 2688 2859 2758 ἀνομιῶν
2882 2690 3163 2759 ἀρχαίων.
3186 2692 3345 2745 Ὥστε
3368 2693 3427 2745 οὐ
3456 2692 3537 2745 δεῖ
3567 2692 3699 2763 πρό-

438 2769 546 2824 que
583 2772 685 2812 non
722 2772 936 2829 Oportet
970 2766 1120 2832 prius
1154 2783 1253 2836 pro
1288 2776 1531 2840 peccatis
1572 2790 1826 2847 exorare,
1855 2795 1996 2849 quau

2127 2792 2271 2847 τερον
2297 2779 2425 2849 περ)⁴
2452 2779 2723 2851 ἁμαρτίας
2756 2782 3040 2847 ἱκετεύειν,
3064 2784 3096 2855 ἢ
3116 2784 3454 2851 ὑποταγέντα
3482 2783 3561 2854 τῷ
3586 2784 3697 2835 Κυ-

437 2846 563 2915 quis
594 2849 920 2918 subjiciatur
944 2854 1197 2924 Domino,
1231 2860 1285 2915 id
1310 2873 1394 2918 est
1438 2880 1467 2919 a
1501 2868 1743 2935 peccatis
1773 2846 2011 2928 recedat.

2119 2868 2253 2939 ρίῳ,
2301 2871 2576 2925 τουτέστιν
2621 2874 2889 2927 ἐκστάντα
2939 2875 3037 2945 τῆς
3084 2876 3370 2949 ἁμαρτίας.
3428 2878 3547 2929 Ἔτι
3588 2876 3696 2948 γὰρ

440 2936 594 3004 Quod
638 2944 781 2997 enim
822 2948 1035 3003 veniam
1072 2964 1419 3019 peccatorum
1447 2967 1597 3026 petat
1620 2960 1687 3027 is,
1711 2964 1807 3032 qui
1834 2966 1996 3022 adltm

2127 2936 2240 3014 εντα
2272 2963 2331 3014 ὲν
2346 2963 2638 3035 ἁμαρτίαις
2664 2967 2855 3035 ἄφεσιν
2885 2936 3165 3039 ἀμαρτιιῖιν
3188 2936 3379 3036 αἰτεῖν,
3411 2968 3550 3023 πάνυ
3579 2968 3695 3022 ἄλο-

435 3033 673 3098 peccatis
706 3035 967 3103 adhaeret,
998 3056 1087 3096 res
1119 3045 1344 3098 omnino
1368 3045 1769 3108 irrationabilis
1798 3064 1901 3110 est.

2111 3051 2207 3121 γόν
2237 3055 2371 3107 ἐστι.

436 3161 512 3247 ι’..
536 3164 590 3219 7.
628 3164 714 3248 .Ne
743 3171 1097 3269 “stimuleris.
1130 3178 1294 3269 inleo_
1321 3183 1413 3251 qui
1454 3184 1774 3269 fortunatus
1809 3190 1996 3247 incedit

2127 3187 2259 3269 Erik
2301 3187 3063 3269 §:._Mh_:taga{1i.lo_ver_té
3092 3191 3574 3269 κατευρδουμένῳ
3623 3194 3692 3246 ἐν

492 3235 549 3289 in
592 3237 676 3291 via
709 3255 828 3308 sua,
865 3242 922 3297 in
953 3244 1161 3301 homine
1186 3235 1416 3318 faciehte
1441 3235 1954 3323 prwvaricationem.

502 3392 582 3449 Ne
610 3396 1063 3473 imiteris.inquit,
1099 3406 1416 3467 felicitatem
1453 3427 1520 3468 ex
1554 3420 2006 3485 praevaricatione

431 3774 619 3816 eorum
649 3766 739 3831 sit,
775 3768 865 3836 qui
896 3769 1053 3825 aliam
1085 3790 1233 3843 spem
1287 3795 1393 3834 non
1443 3783 1669 3839 habent.
1716 3788 2005 3848 Fortunati

428 3851 486 3907 in
520 3868 587 3909 eo
614 3856 745 3922 sint,
783 3870 837 3914 et
880 3861 1117 3920 habento
1164 3884 1285 3938 quae
1330 3885 1649 3941 reputantur
1694 3880 1858 3938 bona.
1898 3884 2006 3941 Nos

429 3958 561 4001 vero
582 3948 634 4001 in
675 3950 819 4005 aliud
842 3957 1097 4012 saeculum
1132 3963 1253 4015 vitae
1282 3965 1523 4021 animum
1550 3969 1880 4029 intendimus
1905 4016 1919 4040 ,
1952 3988 2006 4031 et

430 4054 555 4109 spes
593 4054 777 4099 nostra
806 4060 932 4115 post
960 4050 1060 4106 hoc
1093 4056 1350 4111 saeculum
1385 4062 1702 4132 porrigitur.
1724 4067 1866 4122 Fieri
1898 4086 2002 4124 non

429 4140 609 4203 potest
662 4146 719 4190 ut
749 4148 805 4193 et
839 4140 890 4193 in
921 4142 1021 4208 hoc
1050 4156 1104 4198 et
1154 4147 1206 4200 iu
1252 4148 1345 4204 illo
1390 4154 1589 4209 sazculo
1632 4155 1774 4212 bona
1805 4160 2004 4216 habea—

433 4240 572 4279 mus.
609 4225 664 4282 Si
692 4230 834 4283 enim
871 4232 958 4287 hic
986 4216 1185 4291 habeat
1214 4242 1358 4308 quis,
1405 4243 1478 4297 ibi
1523 4249 1741 4314 punitus
1770 4254 1953 4308 audiet
1986 4272 2000 4311 :

422 4313 687 4382 Accepisti
727 4319 863 4373 bona
895 4330 986 4374 tua
1014 4324 1069 4376 in
1097 4326 1202 4379 vita
1244 4338 1335 4383 tua
1371 4332 1436 4383 τ’.
1472 4313 1791 4395 Necessario
1822 4351 2002 4399 tamen

425 4403 683 4473 adjicitur
714 4407 841 4462 illud
879 4428 892 4464 :
920 4411 986 4466 In
1015 4415 1225 4472 homine
1248 4421 1999 4493 facienteprwvaricationcm.

2182 3258 2259 3326 τῇ
2288 3258 2405 3325 όδῷ
2452 3258 2658 3327 αὐτοῦ,
2701 3263 2771 3316 ἐν
2801 3262 3087 3331 ἀνθρώπῳ
3122 3261 3391 3316 ποιοῦντι
3416 3258 3689 3333 ’παρανο-

2182 3331 2341 3381 alar.

2175 3347 2341 3397 μιαν.

2178 3422 2269 3493 Μὴ
2294 3423 2530 3495 μιμήσῃ,
2546 3425 2728 3495 φησὶν,
2744 3424 3087 3495 εὐδαιμονίαν
3108 3428 3172 3479 ὲκ
3197 3426 3537 3497 παρανομίας
3558 3443 3689 3495 συγ-

1978 3547 2002 3557 -
2110 3514 2514 3585 κροτουμὲνην·
2548 3516 2681 3587 μηδὲ
2736 3519 2815 3581 εἰς
2855 3518 3051 3572 κακίαν
3099 3518 3363 3590 ὲρεθίζου,
3413 3519 3515 3572 κᾶν
3553 3521 3688 3590 ὁρᾷς

1983 3641 2006 3651 -
2107 3607 2169 3657 τὸ
2201 3605 2367 3659 κακὸν
2410 3607 2791 3678 εύοδούμενον,
2839 3609 2956 3663 δέον
2985 3609 3335 3678 λογίσασθαι,
3370 3610 3450 3664 ὅτι
3480 3613 3507 3664 ὁ
3552 3610 3689 3665 αἰὼν

2110 3690 2263 3760 οὗτος
2306 3696 2511 3751 τούτων
2559 3699 2676 3751 ἐστὶ
2723 3700 2831 3753 τῶν
2882 3700 2955 3772 μὴ
3000 3702 3232 3770 ἐχόντων
3279 3702 3443 3773 ἄλλην
3472 3703 3685 3757 ἐλπίδα.

2108 3791 2518 3862 Εὐτυχείτωσαν
2552 3794 2609 3845 ὲν
2636 3792 2804 3864 αύτῷ,
2838 3794 2931 3847 καὶ
2953 3793 3224 3863 ἐχέτωσαν
3249 3796 3315 3849 τὰ
3346 3795 3683 3868 νομιζόμενοι

2107 3882 2306 3950 ἀγαθά.
2342 3884 2533 3953 Ἡμεῖς
2571 3885 2628 3937 δὲ
2675 3888 2754 3949 εἰς
2786 3885 2942 3939 ἄλλον
2980 3885 3153 3939 αἰῶνα
3194 3888 3465 3959 βλέπομεν
3501 3889 3684 3960 ζωῆςο

2108 3976 2200 4029 καὶ¹
2234 3978 2265 4047 ἡ
2301 3977 2455 4040 ἐλπὶς
2482 3977 2659 4048 ἡμῶν,
2708 3977 2834 4049 ἑξῆς
2863 3977 3036 4048 τούτῳ
3068 3977 3145 4048 τῷ
3180 3979 3332 4033 αίῶνί
3368 3983 3531 4035 ἐστιν.
3574 3984 3688 4054 Οὐχ

2105 4062 2217 4120 οἷόν
2250 4068 2308 4120 τέ
2332 4069 2449 4121 ἐστι
2478 4067 2547 4121 τὰ
2569 4068 2749 4138 ἀγαθὰ
2781 4071 2839 4123 ὲν
2871 4071 3043 4143 τούτῳ
3061 4071 3138 4144 τῷ
3159 4073 3313 4125 αἰῶνι
3342 4072 3484 4143 ἔχειν
3506 4075 3601 4127 καὶ
3630 4078 3688 4128 ἐν

2106 4159 2331 4231 ὲκείνῳο
2368 4162 2415 4212 εί
2447 4162 2556 4233 γὰρ
2587 4163 2644 4215 ἐν
2671 4163 2844 4233 τούτῳ
2869 4164 2980 4235 ἔχει
3016 4166 3162 4235 (τις),
3183 4167 3301 4219 ἐκεῖ
3326 4166 3687 4236 κολαζόμενος

2105 4252 2415 4305 ἀκούσεταιο
2448 4254 2771 4320 Ἀπέλαϐες
2792 4256 2863 4309 τὰ
2884 4256 3073 4326 ἀγαθά
3089 4273 3204 4311 σου
3227 4258 3296 4311 ὲν
3316 4256 3391 4326 τῇ
3414 4257 3527 4326 ζωῇ
3542 4274 3684 4315 σου.

2119 4342 2456 4411 Ἀναγκαίως
2494 4344 2675 4414 μέντοι
2718 4345 3091 4415 προστέθειται
3120 4348 3179 4400 τό
3205 4364 3217 4376 °
3264 4349 3365 4401 Ἐν
3398 4348 3689 4417 ἀνθρώπῳ

2105 4434 2374 4488 ποιοῦντι
2406 4436 2797 4505 παρανομίαν.
2831 4436 2951 4491 Τῶν
2976 4440 3229 4492 τοιούτων
3242 4439 3381 4510 γὰρ,
3406 4442 3562 4509 φησὶ,
3583 4442 3693 4512 τὴν

422 4493 629 4551 Horum
662 4502 808 4555 enim
839 4503 1015 4573 inquit
1042 4508 1399 4568 imitationem
1454 4532 1575 4574 esse
1617 4528 1996 4595 respuendum,

2127 4527 2341 4598 ιίμησιν
2377 4493 2756 4599 παραιτεῖσθαι
2782 4531 2909 4601 χρή·
2940 4530 3034 4583 καὶ
3060 4493 3561 4605 χρήσιμονισιρόδρα
3588 4493 3685 4584 τοῦ

421 4589 821 4666 plurimumque
877 4603 1137 4669 prodesse
1192 4606 1234 4660 si
1286 4607 1497 4679 longius
1551 4615 1871 4673 recedamus
1929 4623 1995 4676 :tb

2127 4623 2405 4692 ιποφοιτᾷν
2431 4621 2508 4691 τῷ
2543 4621 2889 4693 παραζηλοῦν
2947 4622 3162 4687 αὐτούς.
3208 4624 3529 4678 Εύοδοῦνται
3569 4624 3684 4694 (67)

424 4684 741 4741 ιιιιιιιιιιιιιιιὶε
788 4689 913 4745 illis.
970 4692 1240 4764 Prospere
1293 4701 1438 4756 enim
1492 4704 1777 4775 incedunt,
1831 4722 1992 4782 atque

2127 4684 2240 4783 ἀρ,
2272 4684 2390 4784 ἦτοι
2420 4684 2517 4785 τήν
2547 4714 2604 4767 ἐν
2626 4684 2931 4785 ’πράγμασι
2964 4718 3076 4777 τοῖς
3115 4684 3263 4779 ίδίοις
3303 4717 3506 4770 εὐοδίαν
3536 4684 3684 4786 ἔχειν

420 4774 555 4827 adeo
608 4776 660 4830 iu
715 4780 828 4833 suis
859 4787 1090 4854 negotiis
1139 4793 1556 4860 prosperitatem
1595 4774 1798 4856 habere
1827 4819 1990 4873 repu-

2127 4774 2590 4875 ›πολαμ6ἀνονται,
2647 4774 2705 4857 ού
2754 4774 2955 4876 (ιν-ίιφοις
2985 4774 3103 4870 ταίς
3152 4774 3357 4863 ἄνωθεν
3400 4810 3461 4862 τὸ
3492 4811 3686 4881 χρῆμα

418 4872 629 4933 tantur,
666 4885 830 4938 quum
863 4891 973 4930 non
1006 4892 1070 4932 ex
1106 4882 1288 4938 divina
1340 4890 1613 4944 sententia
1654 4906 1817 4963 opum
1844 4872 1993 4950 cotu-

2127 4872 2500 4970 εερδαίνοντες,
2535 4900 2647 4953 ἀλλ’
2681 4900 2745 4952 ὲκ
2902 4900 3243 4956 πλεονεκτεῖν
3284 4905 3377 4957 καὶ
3410 4905 3685 4975 ἁρπάζειν

414 4958 615 5025 pendia
647 4958 869 5030 faciant,
905 4968 998 5021 sed
1042 4984 1108 5023 ex
1156 4975 1387 5030 avaritia
1416 5017 1431 5042 ,
1469 4988 1523 5034 et
1573 4958 1845 5052 rapientes
1886 4985 1995 5067 pli-

2132 4958 2178 5045 dt-
2213 4993 2413 5064 ἑτέρων
2447 4958 2559 5047 εᾷθν
2592 4994 2701 5048 ὅτε.
2733 4992 2843 5065 Τὴν
2892 4989 2986 5047 οὖν
3023 4994 3298 5059 εύόδωσιν,
3330 4996 3427 5067 τὴν
3451 4958 3573 5049 Ιἐπὶ
3619 4997 3686 5051 τὸ

419 5052 633 5120 quando
658 5068 777 5122 qua:
803 5058 978 5113 aliena
1015 5073 1162 5117 sunt.
1185 5064 1611 5140 Prosperitatem
1637 5077 1802 5147 igitur
1819 5052 1996 5136 nohti-

2130 5085 2273 5154 εἰρον
2306 5052 2600 5156 προκοπὴν
2626 5052 2810 5153 λέγει..
2842 5084 3060 5154 Ἐπειδὴ
3084 5086 3140 5139 δὲ
3174 5052 3358 5139 πολλοὶ
3385 5052 3450 5141 ’ἐν
3477 5087 3685 5141 δικαιο-

419 5151 515 5197 nat
557 5146 859 5213 profectum
918 5152 969 5205 in
1023 5153 1199 5222 pejus.
1257 5159 1527 5227 Quoniam
1574 5146 1703 5223 vero
1745 5171 1896 5227 multi
1942 5174 1995 5228 in

2131 5175 2230 5248 ύνῃ
2254 5174 2475 5241 ζῶντες,
2515 5178 2645 5230 ὅταν
2685 5175 2870 5231 ἴδωσιν
2899 5180 3124 5244 ἑαυτοὺς
3165 5180 3222 5232 ἐν
3250 5179 3452 5243 πόνοις,
3491 5180 3585 5233 τὸν
3619 5181 3683 5235 δὲ

412 5234 624 5304 justitia
658 5240 927 5312 viventes,
966 5247 1059 5301 ubi
1090 5263 1325 5308 cernunt
1350 5257 1562 5325 seipsos
1608 5261 1661 5314 in
1690 5261 1994 5319 afﬂictioni-

2127 5234 2510 5338 Lpaupawkbvvev
2550 5269 2682 5321 πᾶσι
2713 5268 2852 5339 πρὸς
2882 5270 3071 5342 καιρὸν
3104 5234 3481 5341 εὐοδούμενον,
3523 5271 3685 5341 ὀργι.⁴

416 5329 539 5394 bus,
567 5343 912 5399 peccatorem
938 5349 1127 5396 contra
1151 5342 1203 5397 in
1225 5346 1478 5404 omnibus
1498 5361 1801 5420 opportune
1824 5355 1996 5411 felici-

2127 5329 2446 5430 ’ἀέντες-τῆς
2470 5329 2816 5433 δικαιοσύνιμς
2833 5329 3196 5431 -ἀφίστανται,
3231 5329 3390 5415 τούτο
3412 5362 3469 5414 δὲ
3490 5329 3686 5427 ἀνοίας

417 5429 503 5475 ter
521 5435 795 5495 agentem,
826 5430 1204 5502 indignatione
1228 5441 1469 5510 correpti
1496 5440 1562 5496 ab
1578 5442 1792 5510 justitia
1815 5447 1995 5503 desci-

2128 5450 2191 5521 ἦς
2218 5429 2484 5522 ὲσχάτήςο
2517 5450 2606 5505 διὰ
2637 5429 2794 5505 τοῦτο
2825 5429 3193 5524 μακροθυμεῖν
3222 5452 3485 5507 διδάσκων
3525 5454 3555 5507 ὁ
3584 5452 3685 5508 λδ.

487 5541 534 5574 ⁸⁸
569 5542 724 5601 Joan.
770 5563 852 5617 ιιι,
897 5551 989 5608 20.
1064 5552 1111 5585 "
1154 5556 1285 5613 ibid.
1362 5559 1409 5592 "
1457 5560 1646 5618 Matth.
1681 5580 1800 5631 IIII,
1829 5566 1917 5621 45.
1984 5568 2025 5598 τ’
2062 5565 2204 5623 Psal.
2238 5582 2466 5634 Lxxvttt,
2492 5566 2545 5623 8.
2620 5569 2665 5600 ’¹
2716 5566 2852 5623 Luc.
2908 5583 3022 5634 xvr,
3052 5566 3144 5624 25.

637 5686 843 5748 Littera
864 5692 913 5748 Μ
939 5696 1105 5754 minio
1127 5697 1387 5768 pingitur,
1412 5702 1563 5771 quasi
1585 5701 1711 5760 hinc
1732 5701 1989 5775 Origenes

488 5703 602 5811 hos)
637 5703 843 5748 Llllel'a
865 5703 912 5748 Μ
939 5703 1105 5754 minio
1127 5703 1387 5768 pingitur,
1412 5703 1563 5771 quasi
1585 5703 1711 5760 hinc
1732 5703 1989 5775 Origenes

525 5769 690 5811 lﬂllll‘.

2318 5704 2604 5811 Fntciavﬁ,
2636 5708 2720 5761 vel
2743 5710 3036 5811 ὲπιςίεἶγῆ,
3073 5720 3124 5768 et
3157 5711 3272 5781 lege
3292 5708 3463 5780 ἥλιος.

2164 5786 2175 5811 ι
2205 5776 2218 5811 ι
2367 5794 2393 5811 ..
2428 5794 2456 5805 .-
2545 5788 2597 5811 η.
2626 5795 2747 5811 ...ιη-
2799 5798 2891 5811 η..

419 5758 690 5815 ordialttr.

2164 5776 2275 5847 (67)
2316 5778 2394 5830 An
2428 5776 2505 5840 τό,
2545 5788 2597 5833 et
2626 5795 2772 5845 mox,
2799 5776 2931 5834 τόῦἳ
