3878 6212
220 323 325 378 125

1406 314 1784 371 ,ΕΧΕΕΒΡΤΑ
1822 315 1888 371 ΙΝ
1929 313 2265 371 PSALMOS.

3350 314 3451 368 126

213 456 328 507 γος,
361 439 455 493 καὶ
482 438 580 509 τῆς
607 437 950 509 δικαιοσύνης
974 436 1067 491 τοῦ
1100 433 1234 489 Θεοῦ
1268 434 1358 488 τὸν
1389 434 1598 505 καρπὸν
1617 450 1755 504 προσ

1888 444 2064 499 scunt,
2122 435 2264 503 quod
2311 440 2395 487 est
2450 440 2705 487 extremae
2754 431 3111 502 insipientia};
3160 442 3445 505 pr0pterea

211 529 458 600 δέχεσθαί
490 546 643 601 φησι.

211 708 361 779 Στίχ.
375 714 447 779 η’.
466 708 700 762 Παῦσαι
716 706 834 760 ἀπὸ
850 703 1051 774 ὀργῆς,
1069 704 1165 757 καὶ
1181 700 1540 772 ἐγκατάλιπε
1569 703 1776 769 θυμόν.

291 798 598 867 Ἐπωφελὲς
629 797 689 849 τὸ
714 796 1062 867 παράδειγμα
1080 836 1093 859 ,
1134 794 1229 847 καὶ
1256 795 1367 856 τοῖς
1405 792 1778 861 ὑποτεταγμέ-

207 906 319 952 νοις
353 888 473 958 θεῷ
501 888 968 959 πρεπωδέστατον.
1004 886 1124 959 Χρὴ
1168 886 1304 956 γὰρ,
1355 886 1519 953 φησι,
1571 884 1780 955 πράους

206 975 371 1043 εἶναι,
396 981 488 1033 καὶ
511 976 570 1033 εὖ
598 980 741 1050 μάλα
774 978 1198 1048 καθεστηκότας,
1235 977 1327 1029 καὶ
1362 974 1609 1039 εὐταξίαν
1633 974 1779 1044 έχον-

203 1087 306 1134 τας
338 1072 420 1134 είς
447 1069 590 1136 νοῦν,
633 1068 962 1137 ἀγαπῶντάς
994 1083 1055 1120 τε
1088 1066 1379 1129 διαπαντὸς
1410 1066 1507 1136 τὴν
1547 1064 1654 1118 ἀπὸ
1680 1065 1777 1135 τῆς

209 1161 592 1233 μακροθυμίας
636 1162 865 1226 εὐοδίαν,
912 1161 1007 1213 καὶ
1051 1159 1159 1213 τῶν
1199 1159 1257 1227 ἐξ
1300 1160 1468 1229 ὀργῆς
1518 1160 1775 1229 κυμάτων

202 1254 529 1324 ἀποφοιτᾷν.
566 1252 686 1306 Τῶν
722 1253 833 1323 γὰρ
878 1251 1064 1305 παθῶν
1096 1251 1217 1306 τινὰ
1250 1251 1346 1321 μὲν
1380 1251 1441 1303 οὐ
1480 1250 1667 1302 πίπτει
1698 1252 1775 1313 είς

202 1345 456 1410 πολλοὺς,
483 1345 617 1399 ἁλλὰ
653 1348 749 1399 καὶ
781 1347 827 1397 oi
866 1346 1121 1415 τυχόντες
1159 1344 1431 1398 ἀπέϐαλον
1477 1343 1613 1395 αὐτὰ
1646 1359 1777 1413 προ-

200 1436 519 1499 κόπτοντες.
544 1436 617 1489 Τὸ
638 1436 745 1506 γὰρ
779 1436 968 1507 μιαρὸν
1009 1435 1165 1488 τοῦτο
1194 1435 1379 1499 πάθος,
1414 1436 1447 1505 ἡ
1479 1436 1637 1507 ὀργὴ,
1685 1435 1776 1489 ὲκ-

201 1526 351 1581 καίει
374 1528 470 1580 καὶ
496 1529 620 1590 τοὺς
647 1526 935 1589 δοκοῦντας
958 1522 1096 1579 εἶναι
1123 1527 1436 1597 φρονίμους,
1454 1528 1547 1579 καὶ
1576 1528 1776 1598 ταρὰσσ

201 1634 286 1669 σει
306 1634 321 1647 '
362 1619 422 1670 οὐ
445 1618 565 1671 τινὰ
604 1618 723 1688 μὲν,
762 1618 882 1670 τινὰ
904 1618 947 1670 δ’
981 1616 1043 1670 οὐ
1071 1636 1083 1649 ·
1118 1617 1254 1671 ἀλλὰ
1282 1618 1571 1671 κινδυνεύω
1597 1619 1773 1686 λέγειν

200 1708 413 1772 πάντας
445 1708 761 1781 ἀνθρώπους
793 1708 962 1778 παρὲξ
980 1708 1073 1762 τοῦ
1108 1708 1437 1775 τελείου,ὲάν
1457 1727 1557 1763 που
1577 1711 1770 1781 εὑρεθῇ

196 1816 284 1863 τις
317 1800 539 1867 τέλειος.

196 1982 351 2054 Στίχ.
386 1983 450 2037 θ’.
468 1986 531 2035 Ol
570 1982 641 2036 δὲ
672 1984 1072 2071 ὑπομένοντες
1094 1984 1203 2065 τρν
1234 1984 1453 2053 Κύριον
1481 1986 1769 2052 κληρονο-

770 2070 1042 2124 μησουσι
1072 2072 1209 2123 την.

268 2145 385 2214 (68)
416 2142 636 2217 Ἐπειδὴ
660 2147 926 2218 εἰώθαμεν
962 2167 1079 2211 πως
1100 2148 1183 2201 ἀεὶ
1203 2147 1309 2201 τῶν
1327 2145 1574 2217 πονηρῶν
1602 2146 1771 2199 ἀπαν-

195 2238 473 2304 ίστασθαι,
504 2241 581 2311 τῷ
602 2242 695 2295 τοῦ
730 2242 1046 2307 κολάζεσθαι
1071 2244 1178 2296 δέει
1206 2240 1597 2311 συνωθούμενοι
1634 2241 1769 2311 πρὸς

189 2331 508 2402 τὸᾶμεινον,
534 2333 717 2403 ἐφέσει
744 2334 799 2387 δὲ
820 2335 926 2387 τῶν
954 2334 1249 2405 παρὰΘεοῦ
1266 2333 1620 2404 χαρισμάτων
1647 2350 1769 2384 συν-

186 2421 511 2476 ιλαύνεσθαι
538 2426 617 2488 είς
640 2425 700 2477 τὸ
729 2426 915 2497 διαζῇν
937 2426 1205 2496 εύνόμως’
1240 2426 1328 2479 διὰ
1351 2425 1528 2488 τοῦτο,
1546 2424 1724 2489 δείξας
1740 2427 1769 2477 6

185 2513 410 2581 ψάλλων
464 2515 706 2586 ὀλέθριον
750 2515 859 2569 τῶν
910 2517 1355 2588 πονηρευομένων
1383 2517 1442 2569 τὸ
1465 2518 1635 2581 τέλος,
1668 2519 1767 2569 ἐπ-

184 2603 314 2672 άγει
332 2645 347 2667 ,
384 2606 466 2657 ὅτι
487 2609 549 2659 Οἱ
585 2606 692 2659 τὸν
720 2608 937 2675 Κύριον
968 2608 1389 2676 ὑπομένοντες,
1415 2610 1689 2661 τουτέστιν
1717 2610 1766 2662 οἱ

183 2695 274 2747 διὰ
302 2696 595 2768 καρτερίας
610 2698 704 2749 καὶ
730 2698 1002 2768 ὑπομονῆς
1026 2699 1116 2751 τὸν
1138 2699 1417 2769 εὐδόκιμον
1440 2699 1763 2770 κατορθοῦν.

183 2803 277 2850 τες
312 2786 447 2856 βίον,
482 2788 1010 2858 κληρονομήσουσι
1027 2789 1162 2859 γῆν,
1190 2791 1311 2861 ἥτις
1335 2791 1433 2843 οὐκ
1460 2790 1572 2844 ἔστι
1601 2792 1765 2862 μέρος

182 2878 398 2950 ταύτης
450 2879 545 2950 τῆς
590 2880 695 2950 γῆς
726 2881 829 2933 ὑπὸ
877 2883 1117 2952 κατάραν
1160 2883 1559 2953 γεγενημένης,
1596 2883 1661 2952 ἢν
1707 2884 1764 2935 έν

180 2970 571 3034 λύπαιςέσθίει
593 2972 769 3036 πάσας
790 2973 885 3036 τὰς
916 2974 1127 3045 ἡμέρας
1151 2975 1317 3027 αὐτοῦ
1346 2977 1374 3028 6
1402 2974 1764 3044 ἐργαζόμενος

177 3063 392 3132 αὐτήν·
430 3062 563 3115 ἀλλὰ
594 3064 696 3133 γῆν
731 3065 976 3135 ἐκείνην,
1007 3066 1103 3137 τὴν
1131 3069 1242 3129 τοῖς
1282 3066 1462 3134 ἁγίοις
1507 3068 1764 3137 ηὐτρεπι-

1884 526 2009 579 dum
2038 537 2219 580 sermo
2252 531 2407 579 docet
2445 534 2695 595 oportere
2726 540 2824 579 nos
2848 541 2968 581 esse
2994 524 3347 595 longanimos,
3370 528 3447 581 ait

1882 633 2096 687 quoque
2141 618 2367 687 justitia!
2410 617 2641 670 fructum
2671 632 2700 671 a
2732 617 2840 671 Deo
2868 630 2990 671 esse
3038 618 3442 673 attendendum.

1992 708 2054 765 V.
2112 709 2166 763 8.
2212 708 2402 761 Desine
2449 709 2511 761 ab
2548 709 2652 774 ira,
2689 718 2735 761 et
2776 710 2951 762 desere
2988 708 3338 763 iracundiam.

1952 799 2097 855 Utile
2120 800 2409 862 monitum,
2438 808 2492 851 et
2518 798 2585 853 iis
2616 799 2708 868 qui
2746 799 2973 867 subjecti
3007 808 3136 853 sunt
3174 799 3281 852 Deo
3309 813 3442 853 con-

1880 892 2344 964 gruentissimum.
2378 890 2604 958 Oportet
2632 892 2775 945 enim
2797 932 2813 958 ,
2858 892 2955 956 ait,
3008 905 3106 945 nos
3142 905 3265 946 esse
3288 906 3444 945 man-

1880 994 2089 1048 suetos,
2118 984 2321 1054 optime
2348 983 2449 1037 sibi
2482 991 2821 1048 constantes,
2853 992 2907 1036 et
2930 983 3354 1037 moderationem
3387 983 3441 1037 in

1880 1075 2063 1128 animo
2094 1075 2297 1127 habere
2323 1089 2335 1125 :
2370 1072 2593 1141 diligere
2622 1086 2837 1142 quoque
2868 1086 3084 1141 semper
3121 1072 3444 1140 provenien-

1879 1176 1986 1222 tem
2024 1182 2090 1221 ex
2123 1164 2535 1234 longanimitate
2568 1179 2902 1229 successum,
2954 1173 3009 1218 et
3049 1165 3115 1219 ab
3152 1163 3443 1219 iracundia

1879 1269 2013 1314 aestu
2040 1269 2365 1327 temperare.
2397 1257 2473 1310 Ex
2502 1256 2873 1311 aﬁ‘ectionibus
2894 1258 3038 1310 enim
3064 1257 3306 1325 quaedam
3334 1271 3438 1309 non

1877 1351 2078 1406 cadunt
2105 1351 2157 1403 in
2192 1354 2411 1413 multos,
2437 1350 2698 1417 quasdam
2729 1349 2891 1402 etiam
2914 1348 3152 1401 nonnulli
3190 1349 3255 1401 de
3282 1348 3442 1402 trivio
3522 1372 3525 1379 ’

1876 1442 2126 1496 homines
2156 1440 2505 1510 proﬁcientes
2561 1450 2851 1493 exuerunt.
2902 1439 3266 1494 Exsecrabilis
3314 1454 3440 1493 vero

1877 1533 1980 1587 ista
2018 1534 2428 1602 passio,'iram,
2480 1534 2722 1600 inquam,
2773 1531 3051 1585 succendit
3092 1539 3146 1585 et
3197 1545 3289 1585 eos
3346 1531 3439 1599 qui

1875 1625 2129 1679 videntur
2188 1638 2310 1679 esse
2374 1624 2709 1691 prudentes,
2767 1629 2927 1687 atque
2975 1616 3299 1688 perturbat:
3333 1632 3437 1671 nou

1874 1731 2041 1769 unum
2068 1714 2284 1784 quidem
2308 1716 2516 1783 utique,
2564 1713 2727 1767 alium
2773 1725 2901 1765 vero
2941 1726 3086 1776 non;
3143 1710 3234 1764 sed
3268 1710 3440 1764 audeo

1800 1790 1841 1843 Β
1872 1807 2051 1861 dicere
2086 1821 2274 1860 omnes
2327 1821 2551 1875 prorsus
2600 1806 2844 1860 homines
2894 1811 3089 1872 praeter
3118 1801 3435 1871 perfectum,

1874 1896 2047 1951 sicubi
2082 1898 2309 1951 inveniri
2337 1906 2514 1965 potest
2545 1898 2634 1967 qui
2664 1896 2733 1951 sit
2764 1894 3055 1963 perfectus.

1876 1990 1936 2044 V.
1997 1989 2049 2043 9.
2102 1989 2431 2044 Sustinenm
2464 1998 2640 2041 autent
2699 1989 3010 2052 Dominum,
3054 1985 3434 2040 ha’reditabunt

2563 2070 2776 2112 terram.

1940 2153 2205 2220 Quoniam
2294 2152 2676 2208 consuevimus
2758 2152 3157 2221 quodammodo
3222 2166 3437 2220 semper

1870 2246 2126 2300 adversus
2159 2260 2351 2315 pravos
2375 2245 2678 2311 insurgere,
2709 2252 2852 2296 metu
2877 2256 3049 2311 poenae
3076 2241 3435 2311 propellentes

1868 2351 1963 2390 eos
1992 2337 2056 2389 ad
2090 2337 2368 2391 meliorem
2406 2335 2639 2404 frugem,
2694 2349 2803 2402 quo
2852 2334 3123 2388 desiderio
3167 2334 3432 2387 donorum

1869 2430 1960 2484 Dei
2001 2439 2264 2499 cogantur
2289 2429 2354 2481 ad
2386 2428 2524 2481 bene
2568 2429 2902 2493 honesteque
2934 2424 3223 2478 vivendum
3247 2462 3262 2487 ,
3313 2438 3435 2491 pro-

1876 2529 2062 2588 pterea
2090 2516 2384 2573 ostendens
2411 2516 2685 2584 psalmista
2737 2513 3100 2583 perniciosum
3143 2527 3433 2582 pravorum

1868 2608 2053 2673 ﬁnem,
2090 2605 2396 2661 subinlert:
2426 2603 2753 2658 Sustinentes
2799 2601 3115 2669 Dominum,
3154 2603 3207 2655 id
3232 2611 3314 2656 est
3344 2601 3435 2669 qui

1869 2713 1934 2751 ex
1967 2696 2292 2752 fortitudine
2321 2706 2373 2749 et
2394 2694 2649 2765 patientia
2675 2692 3000 2747 laudabilem
3023 2694 3187 2746 vitam
3214 2693 3432 2762 degunt,

1865 2788 2248 2842 Ircredilabunt
2301 2798 2514 2853 terram,
2575 2800 2695 2855 qua:
2752 2800 2857 2837 non
2910 2794 2997 2836 est
3053 2782 3229 2851 portio
3279 2792 3435 2839 terra
3526 2800 3527 2803 ‘

1865 2880 2021 2933 istius
2046 2877 2303 2945 subjectae
2328 2877 2640 2940 maledicto,
2659 2877 2725 2931 de
2748 2892 2852 2944 qua
2884 2876 2937 2929 in
2963 2875 3238 2930 doloribus
3263 2890 3435 2929 come-

1864 2972 1943 3027 dit
1992 2985 2181 3026 omnes
2219 2970 2334 3024 dics
2378 2985 2530 3035 suos.
2568 2970 2658 3038 qui
2724 2970 2852 3023 colit
2881 2982 2998 3021 eam
3028 2986 3041 3021 :
3076 2967 3171 3021 sed
3233 2976 3431 3021 terram

1863 3062 2007 3117 illam
2041 3062 2245 3117 sanctis
2266 3071 2643 3132 pra‘paratam.
2673 3059 2973 3114 [hereditas
3001 3058 3197 3128 quippe
3218 3073 3426 3125 eorum,

182 3153 417 3224 σμένην.
443 3155 655 3226 Κλῆρος
680 3154 786 3227 γάρ
808 3158 1037 3227 αὐτοῖςή
1063 3157 1167 3209 τῶν
1187 3158 1353 3225 ἁγίων
1379 3157 1708 3221 καλλίπολις,
1730 3159 1760 3229 ἡ

1871 3163 1950 3208 cst
1973 3154 2334 3222 pulcherrima
2372 3154 2461 3206 illa
2495 3153 2708 3219 civitas,
2734 3167 2854 3222 quae
2882 3160 2934 3207 et
2958 3162 3145 3207 sancta
3174 3162 3228 3206 et
3260 3166 3422 3220 supe-

181 3246 310 3317 ίερά
336 3262 395 3298 τε
418 3248 511 3299 καὶ
537 3248 668 3313 ἂνω,
702 3242 769 3318 ἦς
808 3248 1133 3319 κληροδότης
1150 3250 1299 3313 Θεός.
1327 3249 1438 3321 (69)
1469 3251 1681 3320 Ὥσπερ
1701 3249 1758 3302 δέ

177 3335 335 3390 ἐστιν
360 3338 388 3389 6
414 3338 603 3410 Σωτὴρ
639 3340 797 3405 σοφία
816 3380 830 3403 ,
860 3340 1051 3408 Λόγος,
1075 3342 1262 3412 εἰρήνη
1294 3343 1388 3395 καὶ
1413 3340 1723 3412 δικαιοσύνη
1741 3382 1756 3406 ,

176 3423 357 3489 οὕτως
385 3428 481 3480 καὶ
518 3428 785 3499 ὐπομονή.
816 3430 1128 3501 Γέγραπται
1155 3431 1281 3502 γάρ’
1314 3433 1423 3485 Καὶ
1452 3431 1568 3485 νῦν
1601 3432 1691 3498 τίς
1717 3434 1755 3501 ή

174 3518 459 3586 ὑπομονὴ
478 3536 631 3587 μου;
658 3521 805 3590 Οὐχὶ
827 3522 1075 3590 Κύριος;
1117 3524 1233 3592 ’Λφ’
1261 3516 1323 3577 οὗ
1348 3524 1607 3595 ἀρύεσθαί
1639 3526 1756 3579 ἐστι

176 3609 274 3661 καὶ
306 3609 602 3679 λαμϐάνειν
627 3613 824 3677 πάντα,
860 3613 894 3667 ἃ
921 3614 1133 3682 λέγεται
1158 3611 1295 3667 εἶναι
1316 3616 1456 3669 κατὰ
1487 3617 1585 3681 τὰς
1616 3617 1757 3687 Γρα-

178 3700 291 3769 qui;
319 3704 347 3755 6
371 3703 627 3773 Χριστός.
672 3704 757 3767 Ὠς
795 3704 901 3776 γὰρ
950 3709 1145 3776 μετοχῇ
1186 3706 1351 3759 αὐτοῦ
1387 3708 1581 3761 δίκαιοι
1609 3709 1754 3776 γινό-

178 3793 325 3863 μεθα
354 3794 447 3847 καὶ
478 3797 649 3863 σοφοὶ,
675 3796 770 3848 καὶ
803 3797 1153 3867 εἰρηνεύομεν
1174 3814 1185 3827 ·
1216 3798 1388 3861 οὕτως
1417 3801 1510 3851 καὶ
1557 3802 1755 3870 μετοχῇ

174 3885 346 3939 αὐτοῦ
375 3886 736 3958 ὑπομένομεν.
780 3887 1047 3959 Ἠσύχαζε
1092 3884 1184 3941 οὖν
1220 3890 1502 3961 ὑπομένων
1532 3892 1625 3946 καὶ
1668 3894 1757 3944 ὲκ-

175 3974 471 4046 δεκόμενος
502 3977 592 4029 τὸν
624 3978 776 4044 Θεὸν,
818 3979 893 4047 μὴ
935 3980 1332 4051 ταραττόμενος
1371 3985 1481 4045 τοῖς
1502 3982 1749 4053 παροῦσι.

246 4146 403 4217 Στίχ.
438 4154 526 4201 ια’.
550 4152 615 4201 Οἱ
634 4148 703 4201 δὲ
731 4150 937 4217 πραεῖς
968 4152 1499 4221 κληρονομήσουσι
1532 4154 1667 4223 γῆν.

240 4238 309 4291 Οἱ
359 4238 469 4291 ἀπὸ
499 4239 848 4294 Οὐαλεντίνου
898 4242 990 4294 καί
1032 4260 1193 4297 τινων
1227 4245 1462 4316 ἐτέρων,
1518 4248 1753 4317 οἰόμενοι

1863 3244 1975 3299 rior
2001 3246 2170 3308 audit,
2202 3246 2358 3315 cujus
2391 3245 2714 3300 distributor
2741 3253 2825 3298 est
2866 3244 3025 3299 Deus.
3060 3243 3213 3299 Sicut
3238 3255 3420 3299 autem

1865 3336 2113 3392 Salvator
2139 3346 2219 3391 est
2257 3335 2546 3403 sapientia,
2578 3336 2837 3403 Verbum,
2874 3352 2975 3406 pax
3004 3346 3058 3391 et
3080 3336 3321 3407 justitia,
3350 3335 3426 3389 ita

1861 3426 2022 3480 etiam
2059 3427 2341 3497 patientia.
2376 3426 2649 3496 Scriptum
2679 3438 2764 3482 est
2794 3428 2938 3483 enim
2966 3445 2979 3480 :
3010 3425 3076 3480 Et
3120 3444 3279 3491 nunc,
3311 3442 3430 3496 qua:

1858 3532 1932 3575 est
1969 3523 2223 3590 patientia
2253 3523 2413 3577 mea?
2453 3521 2639 3576 Nonne
2679 3521 2937 3575 Dominus
2968 3522 3054 3573 7'?
3082 3538 3110 3575 a
3153 3536 3259 3590 quo
3292 3521 3427 3574 bau-

1858 3612 1974 3666 rire
2022 3621 2235 3679 oportet
2260 3620 2314 3665 et
2340 3612 2589 3680 accipere
2618 3612 2822 3675 omnia,
2869 3625 2991 3679 quae
3028 3609 3276 3663 Christus
3306 3623 3428 3663 esse

1858 3704 2057 3759 dicitur
2078 3704 2375 3758 secundum
2410 3702 2739 3774 Scripturas.
2764 3702 2934 3758 Sicuti
2962 3701 3106 3757 enim
3134 3700 3428 3771 participa-

1859 3799 2005 3851 tione
2033 3796 2151 3865 ejus
2178 3796 2513 3863 ﬁtnusjusti,
2556 3806 2610 3851 et
2650 3797 2945 3864 sapientes,
2972 3804 3024 3848 et
3054 3794 3304 3863 paciﬁci,
3348 3794 3423 3847 ita

1854 3898 2068 3952 quoque
2100 3885 2521 3954 participatione
2553 3882 2670 3951 ejus
2696 3884 2851 3938 ﬁmus
2878 3884 3172 3953 patientes.
3193 3883 3427 3950 Quiesce

1855 3976 2020 4044 igitur
2048 3976 2327 4030 sustinens
2373 3990 2426 4030 et
2471 3986 2799 4045 exspectans
2848 3975 3034 4040 Deum,
3082 3991 3423 4045 nequaquam

1854 4066 2014 4119 rebus
2042 4067 2395 4135 praesentibus
2429 4068 2791 4136 perturbatus.

1958 4155 2022 4209 ν.
2074 4158 2159 4211 Η.
2211 4158 2474 4213 Mansueti
2521 4177 2637 4214 vero
2670 4158 3055 4213 ltwredilabunt
3098 4170 3313 4215 terram.

1923 4249 2286 4305 Valentiniani
2332 4262 2389 4306 et
2448 4252 2538 4306 alii
2594 4254 2854 4322 quidam,
2916 4253 3017 4304 rati
3085 4252 3419 4307 Salvatorcm

165 4330 262 4383 τὸν
298 4330 527 4401 Σωτῆρα
550 4332 725 4400 λέγειν
754 4334 819 4386 τὰ
850 4334 923 4405 μὴ
968 4336 1233 4407 εἰρημένα
1270 4339 1329 4391 ὲν
1355 4341 1469 4402 τοῖς
1505 4340 1753 4404 παλαιοῖς

1871 4340 2034 4396 licere
2080 4357 2198 4411 quae
2234 4357 2573 4412 nequaquam
2608 4344 2658 4396 in
2699 4343 2894 4411 priscis
2942 4340 3239 4409 Scripturis
3280 4342 3420 4395 dicta

167 4418 209 4471 Γ
215 4417 521 4489 ρὰμμασιν,
548 4419 793 4474 ἐντεῦθεν
836 4423 1264 4493 ὲλεγχέσθωσαν,
1313 4427 1623 4492 ἀκούοντες,
1668 4430 1749 4482 ὅτι

1871 4442 2002 4495 lunt,
2043 4448 2108 4487 ex
2143 4433 2243 4487 hoc
2276 4433 2392 4488 loco
2430 4444 2752 4503 arguantur,
2804 4432 2929 4485 dum
2967 4432 3194 4484 audiunt
3229 4451 3239 4484 :
3272 4431 3422 4484 Beati

168 4510 461 4579 Μακάριοι
492 4513 718 4580 πραεῖς,
750 4514 838 4568 ὅτι
877 4516 1050 4569 αὐτοὶ
1078 4517 1607 4586 κληρονομήσουσι
1638 4520 1752 4588 τὴν

1871 4526 2135 4588 nansueti,
2191 4526 2309 4594 quia
2345 4527 2449 4593 ipsi
2476 4526 2855 4577 Itmreditabunt
2902 4534 3097 4576 terram
3154 4524 3241 4579 7":
3275 4525 3418 4591 quod

165 4604 307 4673 γῆν.
332 4603 531 4675 Εἴρητο
566 4606 663 4676 μὲν
691 4607 782 4659 καὶ
811 4608 1073 4679 πρότερον
1105 4609 1193 4663 διὰ
1224 4610 1516 4671 Δαϐὶδξὺπὸ
1535 4611 1626 4664 τοῦ
1652 4612 1747 4665 αὐ-

164 4697 261 4749 τοῦ
291 4698 626 4768 Πνεύματος.

236 4788 352 4857 (70)
381 4790 879 4862 Οἱκονομικώτερον
924 4792 980 4845 δὲ
1012 4792 1131 4844 λίαν
1164 4794 1192 4845 6
1234 4792 1397 4845 Aa6‘t6
1429 4793 1748 4865 ἀντιπαρεξ-

159 4878 288 4947 ἀγει
301 4885 424 4945 ταῖς
435 4882 542 4934 τῶν
566 4884 892 4953 παρανόμων
919 4884 1171 4937 κολάσεσι
1186 4884 1253 4936 τὰ
1267 4884 1376 4937 τῶν
1399 4885 1565 4952 ἁγίων
1586 4886 1743 4957 γέρα.

174 4969 373 5041 ’Δκονᾷ
416 4971 474 5024 δὲ
506 4972 593 5025 διὰ
625 4973 829 5026 τούτων
874 4976 1072 5038 αὐτοὺς
1106 4977 1184 5039 εἰς
1227 4975 1413 5043 ἔφεσιν
1459 4977 1742 5048 εὐανδρίας

162 5064 561 5135 πνευματικῆς,
588 5065 653 5117 δι’
680 5061 747 5137 ἦς
774 5065 839 5119 ἂν
866 5068 1073 5133 γένοιτο
1094 5066 1390 5137 κατορθοῦν
1419 5070 1596 5121 πάντα
1618 5070 1741 5138 τρό-

161 5170 261 5205 πον
300 5156 521 5225 ἀρετῆς.
573 5156 686 5227 (71)
733 5158 914 5228 Ταύτῃ
961 5158 1044 5210 τοί
1096 5175 1291 5228 φησιν’
1320 5162 1384 5212 Οί
1427 5158 1496 5212 δὲ
1532 5160 1739 5228 πραεῖς

159 5247 691 5315 κληρονομήσουσι
744 5249 881 5317 γῆν,
930 5250 1029 5319 τὴν
1077 5250 1201 5303 ἄνω»
1229 5249 1448 5321 δηλαδή.
1502 5251 1567 5304 Εἰ
1629 5252 1737 5323 γάρ

158 5338 306 5391 ἐστιν
334 5341 393 5392 ἐν
413 5340 661 5409 οὐρανοῖς
690 5342 829 5395 κατὰ
860 5342 1069 5395 Παῦλον
1102 5343 1454 5415 Ἰερουσαλὴμ
1488 5345 1579 5397 καὶ
1601 5345 1737 5398 Σιὼν

157 5422 303 5492 ἄρος,
338 5426 631 5480 ἀκόλουθον
657 5430 752 5482 καὶ
795 5430 898 5499 γῆν
932 5434 1094 5493 νοεῖν,
1139 5431 1207 5501 ἦν
1238 5430 1737 5504 κληρονομήσουσιν

228 5514 275 5545 ⁷³
304 5514 447 5570 Psal.
484 5533 713 5582 xxxvttt,
753 5519 807 5574 8.
886 5518 931 5552 ⁷⁸
983 5514 1173 5573 Matth.
1206 5534 1261 5587 v,
1290 5518 1344 5574 4.

232 5608 345 5683 (68)
373 5608 473 5666 Ms.
506 5612 707 5683 Cyrillo
750 5614 957 5668 tribuit.

373 5680 563 5754 Cyrilli
599 5692 654 5739 ct
680 5683 951 5755 Origenis.
1017 5683 1155 5741 llinc
1209 5680 1472 5755 Origenes
1520 5685 1732 5744 videtur

1852 4625 2009 4668 antea
2065 4630 2279 4684 quoque
2312 4617 2513 4671 dictum
2544 4616 2724 4670 fuerat
2766 4632 2862 4684 per
2920 4616 3089 4670 David
3129 4616 3195 4669 ab
3228 4619 3417 4670 eodem

1854 4706 2080 4775 Spiritu.

1925 4799 2131 4853 Eximia
2164 4802 2425 4868 sapientia
2478 4803 2628 4856 valde
2669 4801 2836 4855 David
2877 4802 3163 4874 impiorum
3214 4800 3417 4869 suppli-

1853 4889 1951 4944 ciis
2008 4905 2037 4943 e
2076 4893 2300 4960 regione
2345 4894 2567 4961 opponit
2615 4905 2931 4947 sanctorum
2998 4893 3411 4947 retributiones.

1846 4979 2228 5037 Exacuitvero
2274 4999 2369 5053 per
2394 4986 2505 5038 hanc
2528 4986 2648 5040 illos
2675 4990 2741 5041 ad
2784 4985 3113 5040 desiderium
3140 4985 3414 5052 generosi-

1847 5068 1976 5125 tatis
2004 5072 2327 5141 spiritualis,
2354 5090 2457 5143 qua
2486 5078 2577 5129 ﬁat
2608 5087 2663 5129 ut
2704 5090 2916 5131 omnem
2957 5076 3172 5130 modum
3198 5074 3415 5128 virtutis

1844 5166 2060 5233 assequi
2094 5166 2327 5220 valeant.
2370 5166 2660 5236 Propterea
2686 5169 2819 5223 dicit
2850 5186 2863 5224 :
2894 5166 3157 5220 Mansueti
3192 5166 3414 5220 haeredi-

1844 5257 2028 5309 labunt
2072 5266 2291 5324 terram,
2321 5274 2612 5330 supernam
2652 5262 2922 5316 videlicet.
2971 5261 3027 5314 Si
3060 5261 3210 5313 enim
3250 5260 3409 5313 estin

1842 5348 2019 5411 cmlis,
2048 5348 2202 5416 juxta
2241 5348 2494 5415 Paulum,
2542 5351 2868 5419 Jerusalem,
2923 5360 2977 5406 ct
3031 5367 3186 5405 mons
3241 5350 3407 5410 Sion,

1841 5454 2182 5510 consequens
2218 5455 2302 5499 est
2360 5456 2419 5501 ut
2466 5446 2536 5501 ibi
2584 5446 2748 5503 etiam
2798 5454 3001 5499 terram
3041 5441 3411 5510 concipiamus

1908 5622 2020 5697 (Ψ)
2047 5624 2245 5697 1ςύριλ-

1910 5629 1999 5689 [70
2048 5629 2245 5697 Κύριλ.

1910 5629 2021 5763 (7i;
2062 5696 2290 5771 Ὠριγέν.
