3878 6212
400 264 497 314 l‘z‘i
1290 252 1855 312 SUPPLEMENTUM
1888 252 1981 309 AD
2019 249 2345 307 ORIGENIS
2380 248 2794 306 EXEGETICA.
3572 244 3674 299 128

399 376 611 440 animo,
651 389 817 446 quam
848 374 1172 432 hmreditate
1212 375 1443 431 adibunt
1484 378 1578 447 qui
1623 378 1991 448 perniciosam

2111 375 2147 425 »ί
2174 373 2525 444 νενικηκότες
2559 372 2728 436 πάθος
2756 370 3016 443 ὀλέθριον,
3052 368 3154 441 τὴν
3188 367 3378 441 ὀργὴν,
3421 368 3543 439 ἥτις
3574 367 3672 420 καὶ

400 470 711 540 passionem
774 468 1042 532 vicerint,
1092 468 1438 523 iracundiam
1491 484 1721 539 nempe,
1759 484 1881 539 qua!
1932 479 1989 524 et

2111 465 2386 537 ρρονίμους
2414 466 2696 519 ἀπόλλυσι.
2718 466 2853 518 Κατ’
2883 464 3083 534 ἀρετὴν
3110 464 3218 535 γὰρ
3240 465 3481 533 ἐνεργεῖν
3503 464 3671 534 ἐμπο-

402 560 698 629 prudentes
724 561 924 630 perdit.
965 562 1091 615 dum
1133 575 1202 616 ne
1227 575 1293 616 ex
1321 562 1527 617 virtute
1565 571 1734 630 agant
1760 562 1987 631 impedi-

2111 556 2343 621 ῖίζονται.
2381 556 2539 610 Κατὰ
2571 557 2858 627 διάμετρον
2887 555 2944 609 δέ
2973 557 3111 608 εἰσιν
3137 555 3387 626 ἀλλήλοις
3424 555 3670 625 πραότης

404 661 590 708 mento
619 664 703 710 est
734 653 861 707 illis.
900 652 942 707 E
991 653 1214 723 regione
1257 662 1441 709 autem
1484 652 1629 707 inter
1663 667 1786 708 sese
1819 668 1989 723 oppo-

2111 651 2183 702 ιαὶ
2215 650 2374 721 ὀργή.
2411 648 2581 702 Ὅπου
2614 647 2721 718 γὰρ
2762 647 2932 718 ὀργὴ,
2969 645 3221 716 οὐδαμῶς
3263 646 3537 717 πραότης·
3571 643 3667 699 xa‘

405 755 613 799 nuntur
640 745 1003 800 mansuetudo
1036 756 1091 799 et
1116 744 1421 799 iracundia.
1456 744 1560 801 Ubi
1586 746 1733 802 enim
1768 746 1988 800 iracun-

2111 742 2222 793 ἱπου
2258 740 2522 811 πραότης,
2549 737 2800 809 οὐδαμῶς
2833 739 2948 795 ἐκεῖ
2967 736 3124 809 ὀργή.

405 837 493 893 dia
520 847 625 903 est,
646 838 963 894 nullatenus
987 839 1380 904 mansuetudo;
1407 847 1463 895 et
1486 840 1576 895 ubi
1604 840 1989 906 mansuetudo,

405 930 720 986 nullatenus
752 930 827 986 ibi
852 931 1135 987 iracundia
1163 932 1458 988 invenitur.

407 1040 476 1096 γ.
531 1042 617 1099 12.
678 1041 987 1101 Observabit
1025 1054 1272 1112 peccator
1298 1045 1529 1113 justum,
1557 1055 1606 1100 et
1636 1045 1898 1114 frendebit
1937 1048 1992 1102 in

2111 1039 2239 1110 Ξτίχ.
2268 1037 2855 1115 ιϐ’..Παρατηρῄσεται
2878 1039 2911 1091 ό
2932 1034 3272 1115 ἁμαρτωλὸς
3288 1032 3671 1115 τὸνβίιίαιον,

916 1106 1035 1169 eum
1066 1106 1315 1170 dentibus
1354 1118 1486 1171 suis.
1518 1106 1528 1113 ’
1636 1106 1647 1114 ’

2187 1106 2311 1163 ’καὶ
2335 1110 2552 1177 βρύξει
2575 1109 2667 1161 ἐπ’
2697 1108 2883 1163 αὐτὸν
2904 1108 3043 1173 τοὺς
3058 1106 3309 1171 ὀδόντας
3339 1106 3546 1160 αὐτοῦ.

414 1202 476 1260 ν.
535 1206 618 1261 15.
676 1207 744 1260 At
784 1205 1044 1262 Dominus
1067 1209 1328 1262 deridebit
1394 1225 1536 1273 eum,
1562 1209 1688 1280 quia
1716 1209 1989 1279 praevidet,

2111 1204 2245 1276 Ξτίχ.
2272 1210 2362 1273 ιγ’.
2379 1204 2442 1280 ’ρ
2462 1202 2531 1280 δὲ
2554 1203 2775 1280 Κύριος
2789 1198 3394 1280 ξκγεςλᾴσεταιξαὺτρν,
3417 1197 3505 1251 ὅτι
3523 1211 3672 1268 προσ

875 1281 999 1348 quia
1038 1280 1201 1332 veniet
1248 1280 1358 1334 dies
1394 1270 1531 1348 ejus.
1574 1270 1585 1280 ’
1716 1270 1727 1279 ’
1975 1270 1986 1276 ’

2193 1270 2224 1276 ”
2304 1270 2315 1273 ⁷
2373 1274 2595 1339 ϐλέπει,
2624 1270 2713 1327 ὅτι
2740 1273 2873 1341 ἥξει
2894 1274 2931 1341 ἡ
2955 1270 3066 1342 τήμέ

3062 1271 3143 1339 ‘pa
3164 1269 3367 1324 αὑτοῦ.

481 1390 562 1445 Ex
611 1392 712 1447 hoc
760 1391 881 1448 loco
934 1393 1273 1449 addiscimus
1330 1396 1477 1464 quia,
1536 1394 1991 1465 quemadmodum

2180 1384 2462 1441 Ἐντεῦθεν
2489 1382 2853 1461 μανθάνομεν,
2885 1383 2987 1447 ὅτι,
3032 1381 3220 1452 ὥσπερ
3248 1379 3490 1449 πέφυκεν
3523 1380 3673 1432 ἐναν-

413 1494 609 1539 natura
641 1485 932 1541 contrariae
958 1495 1087 1540 sunt
1122 1488 1360 1542 tenebrae
1391 1498 1445 1542 et
1473 1488 1651 1543 lumen
1679 1530 1693 1553 ,
1728 1488 1804 1544 ita
1830 1489 1992 1543 etiam

2111 1478 2210 1532 πίον
2259 1474 2398 1531 εἶναι
2447 1476 2637 1539 σκότος
2673 1477 2767 1529 καὶ
2800 1475 2933 1544 φῶς,
2970 1474 3111 1527 οῦτω
3150 1476 3179 1527 6
3224 1471 3545 1544 ἁμαρτωλὸς
3592 1469 3674 1541 τῷ

416 1585 677 1642 peccator
705 1585 758 1630 et
777 1576 983 1646 justus.
1042 1574 1100 1631 Si
1141 1577 1306 1647 igitur
1353 1578 1556 1634 videris
1595 1595 1832 1650 unquam
1871 1584 1995 1636 odio

2111 1570 2304 1641 ἰικαίῳ.
2350 1569 2476 1623 Ἐὰν
2507 1566 2599 1625 οὖν
2636 1569 2751 1641 ἴδῃς
2785 1568 2904 1621 τότε
2954 1566 3277 1638 μισούμενον
3312 1565 3402 1618 τὸν
3434 1563 3672 1631 δίκαιον,

416 1665 916 1736 habitumjustum,
966 1682 1035 1722 ne
1075 1668 1270 1723 timeas
1294 1669 1475 1725 dicere
1509 1670 1577 1725 de
1605 1686 1671 1726 eo
1708 1672 1802 1742 qui
1841 1672 1992 1726 illum

2111 1657 2175 1729 ui}
2208 1656 2353 1711 ὄκνει
2377 1657 2553 1727 λέγειν
2580 1658 2707 1729 περὶ
2742 1654 2836 1709 τοῦ
2874 1654 3160 1727 μισοῦντος
3205 1655 3395 1721 αὐτὸν,
3418 1654 3493 1718 ὡς
3525 1653 3679 1707 ἐστιν

413 1759 540 1816 odio
575 1759 764 1825 habet,
792 1775 915 1816 eum
941 1777 1064 1817 esse
1092 1772 1459 1830 peccatorem.
1520 1764 1622 1831 Qui
1658 1767 1803 1821 enim
1835 1782 1992 1820 mun-

2111 1750 2438 1822 Ξιμαρτωλός.
2475 1752 2537 1804 Οἱ
2575 1750 2685 1821 γὰρ
2730 1747 3055 1820 φρονοῦντες
3082 1745 3151 1800 τὰ
3182 1747 3439 1816 κοσμικὰ,
3478 1746 3574 1800 καὶ
3604 1748 3675 1816 τῇ

413 1850 552 1906 dana
584 1854 825 1923 sapiunt,
854 1863 912 1910 et
947 1856 1124 1912 turbis
1168 1858 1329 1929 hujus
1364 1859 1490 1914 vitae
1535 1875 1686 1913 suam
1749 1861 1992 1929 ipsorum

2111 1842 2187 1895 τοῦ
2215 1843 2479 1913 παρόντος
2505 1841 2618 1911 βίου
2648 1840 2711 1893 τύ
2721 1841 2822 1914 ρϐῃ
2845 1839 2935 1892 τὸν
2957 1839 3162 1892 ἑαυτῶν
3185 1838 3502 1910 ἐνδήσαντες
3525 1837 3676 1904 νοῦν,

414 1955 653 2001 mentem
689 1946 1081 2015 revinxerunt,
1129 1964 1347 2020 semper
1385 1951 1791 2021 quodammodo
1846 1952 1991 2006 insa-

2111 1936 2180 1988 ἱιεί
2214 1953 2332 1998 πως
2373 1936 2747 2007 ὲπιμεμήνασι
2774 1937 2885 1998 τοῖς
2924 1934 3017 1987 τὸν
3058 1934 3226 2003 εὐαγῆ
3260 1932 3353 1985 καὶ
3376 1933 3677 1987 ἀπόλεκτον

415 2035 576 2091 niunt
612 2040 878 2093 adversus
901 2054 996 2094 eos
1035 2040 1127 2110 qui
1158 2040 1442 2097 honestam
1469 2053 1525 2095 et
1556 2044 1785 2098 electam
1828 2044 1991 2097 vitam

2111 2027 2360 2081 Ξιαϐιοῦσι
2390 2027 2521 2097 βίον,
2551 2028 2644 2081 καὶ
2674 2027 2864 2098 ἐχθρὸν
2903 2024 3158 2098 ἡγοῦνται
3196 2025 3294 2097 τῆς
3336 2023 3679 2095 δικαιοσύνης

416 2138 607 2200 agunt,
636 2131 958 2203 hostemque
992 2143 1248 2205 reputant
1266 2150 1387 2189 eum
1410 2134 1786 2205 quijustitiam
1812 2151 1997 2191 amore

417 2222 791 2292 prosequitur.

415 2312 482 2370 ν.
545 2314 632 2369 14.
676 2315 932 2370 Gladium
974 2327 1319 2372 extraxerunt
1372 2328 1670 2385 peccatores
1705 2337 1723 2371 :
1756 2319 1996 2372 intende-

486 2397 611 2439 runt
659 2403 842 2441 arcum
896 2404 1081 2459 suum,
1134 2397 1192 2441 ut
1234 2389 1585 2458 proﬂigarent
1634 2405 1917 2459 pauperem
1946 2397 1997 2442 et

486 2473 743 2526 egenum,
790 2469 845 2511 ut
882 2458 1199 2529 jugularent
1243 2469 1409 2512 rectos
1449 2459 1627 2513 corde.

494 2594 651 2650 Sicut
680 2608 763 2651 est
790 2598 1041 2666 quaedam
1073 2607 1353 2652 armatura
1387 2598 1505 2663 Dei,
1536 2598 1615 2653 sic
1643 2610 1727 2655 est
1748 2601 1997 2671 qumdam

419 2698 696 2743 armatura
733 2690 969 2756 diaboli,
1014 2706 1182 2761 quam
1219 2692 1376 2747 miles
1409 2692 1524 2762 ejus
1561 2694 1737 2748 induit
1768 2713 1784 2751 :
1813 2696 1999 2750 thora-

419 2800 540 2840 cem
585 2784 888 2853 injustitize,
923 2788 1134 2856 galeam
1168 2787 1453 2854 interitus,
1502 2797 1714 2844 scutum
1764 2790 1999 2846 inﬁdeli-

425 2879 591 2941 tatis,
644 2879 881 2949 gladium
935 2880 1163 2951 maligni
1225 2881 1475 2948 spiritus,
1526 2898 1686 2953 quem
1748 2884 2001 2954 evaginat

422 2978 701 3038 peccator,
730 2970 886 3039 cujus
910 2971 1076 3039 pedes
1125 2971 1191 3025 ad
1240 2970 1566 3039 iniustitiam
1612 2983 1865 3029 currunt.
1902 2975 2000 3031 Est

2096 2118 2190 2172 τὸν
2220 2121 2477 2190 ἐραστήν.

2098 2296 2243 2366 Στίι.
2274 2295 2354 2349 ιδ’.
2388 2295 2711 2363 Ῥομςσαίαν
2738 2292 3087 2366 ἐσπάσαντο
3120 2296 3174 2347 οι
3196 2293 3547 2366 άμαρψλομ
3577 2294 3678 2366 ἑτ-

2168 2363 2470 2420 έτείναντο
2484 2366 2664 2429 τόξον
2678 2363 2896 2424 αὐτῶν,
2926 2363 3033 2417 τοῦ
3059 2363 3414 2418 καταϐαλεῖν
3441 2365 3679 2433 πτωχὸν

2170 2438 2269 2561 σέῗὶ
2312 2436 2569 2505 πένητα,
2611 2436 2720 2491 τοῦ
2766 2433 2997 2503 σφάξαι
3026 2435 3167 2502 τοὺς
3194 2434 3387 2503 εὐθεῖς
3423 2434 3498 2504 τῇ
3540 2453 3672 2505 καρ-

2234 2523 2292 2573 ιιι
3589 2557 3593 2559 .

2171 2613 2384 2691 ’Ὠσπερ
2419 2621 2537 2673 ἐστὶ
2581 2621 2851 2674 πανοπλία
2890 2619 3025 2674 Θεοῦ
3072 2637 3189 2687 τις,
3237 2618 3406 2684 οὕτως
3448 2619 3564 2673 ἐστί
3593 2637 3680 2683 τις

2102 2712 2376 2767 πανοπλία
2402 2710 2496 2765 τοῦ
2529 2712 2795 2774 διαϐόλου,
2824 2714 2890 2782 ἣν
2921 2713 2948 2764 6
2972 2711 3137 2765 αὐτοῦ
3170 2710 3505 2783 στρατιώτης
3529 2711 3675 2766 ἐνδέ-

2099 2805 2273 2859 δυται·
2310 2805 2399 2858 τὸν
2443 2803 2665 2878 θώρακα
2700 2805 2799 2875 τῆς
2833 2803 3062 2869 ἀδικίας,
3103 2803 3201 2874 τὴν
3250 2802 3683 2875 περικεφαλαίαν

2100 2897 2201 2967 τῆς
2232 2896 2527 2963 ἀπωλείας,
2564 2896 2654 2949 τὸν
2689 2895 2879 2966 θυρεὸν
2911 2897 3009 2967 τῆς
3047 2897 3326 2960 ἀπιστίας,
3352 2896 3451 2968 τὴν
3478 2897 3681 2967 μάχαιο

2105 3005 2206 3059 ραν
2229 2985 2321 3039 τοῦ
2349 2984 2585 3056 πονηροῦ
2618 2984 2921 3055 πνεύματος
2943 3024 2956 3045 ,
2989 2981 3055 3053 ἣν
3092 2987 3289 3039 σπᾶται
3324 2985 3645 3057 ἁμαρτωλὸς
3663 3026 3681 3052 ,

421 3064 666 3132 quaedam
696 3066 1023 3133 praeparatio
1058 3066 1356 3137 Evangelii,
1382 3077 1467 3123 est
1505 3076 1560 3123 et
1582 3068 1999 3124 calciamentum

2111 3070 2163 3131 οὗ
2198 3079 2246 3130 oi
2282 3076 2439 3140 πόδες
2468 3077 2553 3129 ἐπ’
2581 3074 2793 3129 ἀδικίαν
2818 3076 3121 3146 τρέχουσιν.
3156 3077 3308 3128 Ἔστι
3339 3092 3423 3139 τις
3462 3077 3681 3145 ἑτοιμασ

426 3159 835 3227 paratissimum
895 3161 960 3215 ad
1023 3172 1329 3230 peccatum.
1393 3161 1491 3217 Hic
1544 3162 1712 3234 igitur
1760 3163 1999 3232 gladium

425 3260 786 3305 extraxerunt
821 3268 834 3303 :
864 3254 989 3323 quia
1044 3254 1098 3307 in
1146 3266 1399 3323 promptu
1436 3255 1640 3308 habent
1688 3265 2000 3324 peccatum,

423 3352 479 3398 et
508 3345 684 3414 parati
718 3355 845 3399 sunt
873 3347 939 3400 ad
980 3350 1406 3417 perpetrandum
1464 3347 1632 3402 illud:
1668 3348 1760 3417 qui
1815 3348 2003 3404 occul-

430 3445 549 3490 tant
594 3436 647 3489 in
687 3438 881 3507 vagina
924 3440 1132 3506 peccati
1187 3440 1425 3510 gladium
1473 3439 1697 3510 maligni
1754 3442 2000 3511 spiritus.

425 3526 613 3584 Telum
646 3529 919 3597 jnstorum
953 3542 1036 3586 est
1078 3533 1329 3589 Christus
1387 3532 1565 3589 Jesus.
1612 3533 1849 3589 Posuisti
1888 3546 2006 3591 tan-

425 3636 583 3689 quam
611 3620 771 3675 telum
794 3622 1030 3679 electum.
1066 3623 1259 3679 Sermo
1287 3636 1660 3695 peccatorum,
1690 3628 1853 3683 telum
1888 3636 2001 3696 est;

425 3715 635 3781 peccati
695 3730 961 3770 venenum
1017 3717 1506 3775 habet:vulnerat
1573 3736 1695 3776 eum
1750 3722 1842 3792 qui
1896 3737 2003 3776 non

426 3814 671 3860 armatur
700 3817 857 3861 scuto
881 3808 1027 3863 ﬁdei.
1066 3810 1279 3878 Sciunt,
1313 3812 1440 3881 quia
1477 3828 1585 3866 non
1614 3822 1841 3882 possunt
1871 3813 2007 3881 deji-

425 3910 551 3951 cere
575 3898 799 3954 divitem
826 3900 1182 3956 ditescentem
1215 3904 1268 3957 in
1292 3906 1592 3973 sapientia,
1645 3907 1698 3958 in
1747 3906 2005 3975 operibus

425 3990 604 4046 bonis.
688 3992 984 4063 Propterea
1064 3996 1291 4051 omnino
1362 4012 1542 4068 neque
1614 4000 2005 4070 aggrediuntur

426 4081 601 4139 illum.
660 4085 765 4141 Sed
818 4094 943 4141 totae
996 4087 1211 4143 insidiae
1262 4089 1399 4144 ﬁunt
1445 4099 1635 4145 contra
1685 4106 2001 4162 pauperem,

430 4178 561 4246 quia
622 4182 846 4249 pretium
905 4181 1278 4250 redemptionis
1327 4184 1518 4237 anima:
1565 4186 1828 4252 hominis,
1880 4195 2004 4241 sunt

429 4272 627 4326 divitia:
680 4275 910 4342 prapriae
941 4290 1189 4344 :pauper
1240 4286 1416 4330 autem
1491 4292 1594 4331 non
1642 4278 1861 4331 sustinet
1906 4280 2004 4333 mi-

428 4378 527 4415 nas
562 4363 630 4416 ".
666 4363 873 4420 Bonum
904 4366 1066 4436 igitur
1087 4376 1196 4432 est,
1228 4382 1332 4422 non
1364 4367 1569 4422 habere
1611 4368 1846 4439 gladium
1877 4386 2005 4438 pee-

426 4455 567 4519 cali;
606 4457 799 4512 deinde
831 4459 874 4512 si
914 4460 1035 4527 quis
1064 4459 1282 4520 habeat.
1326 4476 1393 4513 ne
1422 4459 1569 4513 illum
1606 4462 1876 4531 cvaginet,
1904 4464 2000 4519 sed

426 4546 593 4602 faciat
621 4564 743 4604 eum
775 4551 1076 4620 quiescere.
1134 4553 1438 4621 Quiescens
1492 4557 1637 4611 enim
1690 4571 1796 4610 non
1841 4558 2000 4611 modo

427 4640 721 4708 aeruginem
738 4644 1034 4708 contrahit,
1064 4654 1118 4697 et
1144 4646 1260 4699 acie
1284 4647 1626 4712 obtunilitur,
1661 4648 1755 4702 sed
1779 4663 2000 4717 prorsus

430 4732 646 4785 tandem
684 4736 985 4790 evanescit.
1050 4736 1159 4793 Nec
1213 4754 1349 4809 opus
1400 4740 1665 4796 habemus
1704 4743 1859 4811 igne,
1906 4742 1998 4795 ubi

426 4837 564 4891 opus
591 4822 857 4895 cujusque
882 4829 1228 4883 examinatnr
1250 4850 1263 4885 :
1289 4833 1379 4900 qui
1404 4832 1621 4887 Petrum
1648 4834 1863 4903 quidem
1893 4849 2001 4887 non

429 4916 632 4986 tangit;
654 4919 747 4971 sed
783 4919 952 4983 audit,
981 4920 1100 4975 Etsi
1142 4927 1414 4980 transieris
1441 4943 1533 4994 per
1562 4926 1751 4995 ignem,
1781 4927 1999 4994 ﬂamma

427 5023 531 5062 non
575 5009 763 5063 aduret
811 5021 857 5064 te
906 5012 954 5044 "
986 5030 1000 5066 :
1032 5025 1348 5081 peccatores
1403 5033 1534 5073 vero
1595 5018 1770 5085 tangit
1812 5019 2000 5087 utique

427 5106 677 5167 stagnum
710 5099 881 5168 ignis,
911 5101 1053 5156 sicut
1080 5103 1420 5173 Erythrarum
1465 5109 1649 5163 obruit
1687 5108 1997 5179 Egyptios,

426 5196 477 5242 et
515 5204 623 5244 non
666 5189 945 5247 Hebraeos.
995 5194 1460 5260 Quemadmodum
1518 5209 1698 5255 tamen
1745 5193 2001 5255 Salvator

427 5284 594 5337 telum
633 5295 716 5339 est
747 5286 1009 5356 electum,
1043 5299 1098 5344 et
1138 5290 1339 5345 similia
1386 5290 1655 5347 Salvatori
1714 5292 1818 5346 tela
1875 5302 2002 5346 sunt

424 5375 601 5430 sancti
632 5375 722 5431 Dei
757 5378 1105 5437 vulnerantes
1130 5382 1237 5436 telo
1266 5384 1463 5447 electo,
1497 5383 1570 5436 ita
1605 5392 1661 5437 ut
1685 5383 1999 5437 vulneratus

427 5465 625 5531 dicam,
663 5466 948 5524 Vulnerata
977 5475 1231 5529 clmritate
1249 5493 1342 5545 ego
1365 5493 1479 5529 sum
1498 5476 1565 5530 ⁷⁷.
1591 5475 1665 5529 Ita
1693 5475 1857 5529 telum
1886 5491 1999 5527 ma-

426 5556 556 5626 ligni
582 5570 664 5613 est
694 5562 1085 5630 Antichristus,
1116 5577 1167 5621 et
1193 5583 1383 5621 omnes
1402 5578 1718 5636 peccatores
1746 5566 1845 5620 tela
1872 5574 2000 5619 sunt

2107 3171 2196 3225 σία
2212 3168 2303 3222 τοῦ
2325 3167 2676 3237 Εὐαγγελίου,
2704 3166 2817 3220 ἔστι
2842 3169 2933 3220 καὶ
2959 3168 3209 3239 ὑπόδημα
3233 3167 3574 3236 ἑτοιμότατον
3600 3168 3682 3233 είς

2105 3263 2203 3334 τὴν
2242 3261 2534 3333 ἁμαρτίαν.
2589 3258 2849 3313 Ἐνταῦθα
2888 3255 2979 3313 οὖν
3031 3258 3302 3329 ῥομφαίαν
3332 3258 3678 3312 ἐσπάσαντο·

2104 3356 2185 3408 ὅτι
2212 3354 2498 3425 πρόχειρον
2529 3352 2709 3424 ἔχουσι
2743 3353 2842 3425 τὴν
2876 3352 3170 3422 ἁμαρτίαν,
3205 3352 3297 3405 καὶ
3319 3351 3521 3421 ἕτοιμοί
3543 3353 3683 3405 εἰσιν

2107 3448 2199 3501 ἐπὶ
2223 3448 2283 3501 τὸ
2315 3449 2485 3500 ποιεῖν
2506 3446 2700 3516 αὐτήνο
2726 3446 2777 3499 οἱ
2810 3445 3144 3517 κρύπτοντες
3169 3449 3227 3499 ὲν
3251 3447 3329 3517 τῷ
3353 3444 3558 3517 κουλεῷ
3581 3445 3684 3523 τῆς

2106 3541 2382 3611 ἁμαρτίας
2435 3538 2533 3609 τὴν
2585 3537 2859 3608 ῥομφαίαν
2915 3537 3010 3591 τοῦ
3062 3539 3300 3610 πονηροῦ
3351 3538 3680 3609 πνεύματος.

2105 3632 2267 3695 Βέλος
2297 3629 2406 3683 τῶν
2444 3629 2687 3694 δικαίων,
2730 3629 2961 3701 Χριστός
2980 3631 3122 3683 ἐστιν
3162 3628 3383 3700 Ἰησοῦς.
3419 3632 3685 3697 Ἔθηκας

2105 3723 2183 3787 ὡς
2206 3721 2393 3787 βέλος
2419 3722 2723 3776 ἐκλεκτόν.
2765 3722 2820 3773 Ὀ
2852 3720 3007 3788 λόγος
3028 3722 3134 3774 τῶν
3157 3720 3491 3792 ἁμαρτωλῶν
3530 3720 3685 3790 βέλος

2106 3815 2251 3868 ἐστίν
2278 3831 2290 3845 ·
2324 3814 2597 3885 ἁμαρτίας
2627 3814 2702 3866 ἱὸν
2752 3813 2883 3883 ἔχει’
2912 3812 3200 3883 τιτρώσκει
3249 3814 3340 3868 τὸν
3396 3814 3470 3885 μὴ
3546 3814 3686 3867 καθ·

2108 3904 2457 3975 ωπλισμένον
2488 3904 2567 3975 τῷ
2594 3906 2692 3976 τῆς
2723 3904 2957 3966 πίστεως
2987 3902 3183 3973 θυρεῷ.
3220 3899 3457 3971 Οἴδασιν,
3507 3904 3589 3957 ὅτι
3621 3904 3684 3961 οὗ

2104 3996 2356 4050 δύνανται
2389 3996 2715 4050 καταϐαλεῖν
2750 3995 3001 4049 πλούσιον
3033 3995 3367 4048 πλουτοῦντα
3400 3998 3457 4048 ὲν
3487 3997 3683 4067 σοφίᾳ,

2105 4090 2161 4141 ὲν
2190 4088 2369 4161 ἔργοις
2396 4088 2643 4158 ἀγαθοῖς.
2680 4088 2779 4142 Διὰ
2802 4088 2961 4141 τοῦτο
2992 4088 3088 4158 τὴν
3120 4088 3296 4160 ἀρχὴν
3316 4088 3435 4141 οὐδὲ
3459 4090 3686 4143 ἐπιϐάλ-

2105 4179 2284 4233 λουσιν
2309 4180 2475 4250 αὐτῴ.
2522 4179 2657 4233 Ἀλλ’
2693 4181 2725 4250 ἡ
2764 4182 2913 4234 πᾶσα
2959 4180 3218 4250 ἐπιϐουλή
3268 4181 3384 4232 ἐστι
3422 4181 3563 4233 κατὰ
3584 4182 3683 4235 τοῦ

2106 4271 2340 4341 πτωχοῦ-
2379 4271 2498 4323 ἐπεὶ
2527 4271 2749 4336 λύτρον
2779 4268 2986 4339 ψυχῆς
3018 4267 3235 4335 ἀνδρὸς
3265 4271 3297 4321 ό
3326 4267 3476 4333 ἷδιος
3496 4269 3690 4323 πλοῦ-

2107 4380 2225 4429 τοςο
2253 4363 2487 4432 πτωχὸς
2508 4362 2575 4416 δὲ
2603 4365 2715 4432 οὐχ
2734 4364 3053 4432 ὑφίσταται
3070 4364 3347 4428 ἀπειλήν.
3371 4364 3551 4417 Καλὸν
3585 4364 3689 4434 μὲν

2106 4451 2198 4509 οῦν
2218 4455 2291 4525 μὴ
2323 4455 2465 4525 ἔχειν
2491 4456 2759 4527 ῥομφαίαν
2784 4455 3337 4527 ἁμαρτίας’δεύτερον
3368 4455 3446 4518 δὲ,
3471 4456 3690 4525 ἔχοντα,

2110 4548 2184 4619 μὴ
2236 4548 2474 4602 σπᾶσθαι
2528 4548 2717 4619 αὐτὴν,
2756 4548 2891 4602 ἁλλὰ
2932 4551 3104 4602 ποιεῖν
3150 4547 3321 4619 αὐτὴν
3366 4548 3686 4618 ἡσυχάζειν.

2120 4638 2385 4710 Ἀργοῦσα
2414 4640 2552 4712 γὰρ’,
2606 4642 2665 4693 οὐ
2726 4642 2882 4711 μόνον
2930 4640 3121 4705 ίοῦται,
3158 4640 3278 4693 οὐδὲ
3330 4639 3687 4710 ἀμϐλύνεται,

2108 4728 2241 4784 ἀλλὰ
2273 4729 2455 4783 τέλεον
2489 4728 2887 4799 ὲξαφανίζεται.
2918 4732 3026 4783 Καὶ
3054 4732 3115 4784 οὐ
3138 4731 3328 4802 χρείαν
3358 4731 3554 4801 ἔχομεν
3581 4750 3689 4784 πυ-

2111 4818 2222 4890 ρὸς,
2247 4820 2379 4872 ὅπου
2396 4820 2625 4873 ἑκάστου
2643 4820 2703 4872 τὸ
2730 4820 2890 4892 ἔργον
2909 4821 3023 4874 δοκι
3032 4822 3281 4891 μάζεται’
3310 4821 3337 4874 ὃ
3355 4822 3564 4894 Πέτρου
3584 4824 3690 4893 μὲν

2106 4914 2203 4984 οὐχ
2221 4913 2470 4979 ἅπτεται,
2484 4913 2596 4969 ἁλλ’
2613 4913 2820 4980 ἀκούει,
2838 4913 2965 4967 Κᾶν
2974 4914 3180 4981 διέλθῃ
3194 4914 3289 4967 διὰ
3298 4900 3508 4982 πικρὸς,
3526 4916 3690 4983 φλὸξ

2107 5009 2178 5060 οὐ
2192 5008 2551 5061 κατακαύσει
2564 5022 2657 5060 σε’
2675 5006 3015 5078 ἁμαρτωλῶν
3032 5006 3087 5059 δὲ
3107 5005 3335 5061 ἅπτεται
3355 5010 3385 5079 ἡ
3405 5007 3568 5079 λίμνη
3587 5008 3687 5060 τοῦ

2109 5098 2432 5168 πυρὸς,ὼςή
2463 5097 2694 5170 Ἐρυθρὰ
2712 5097 3042 5165 Αἰγυπτίων,
3067 5098 3127 5150 οὐ
3152 5098 3256 5168 μὴν
3272 5099 3367 5151 καὶ
3394 5098 3681 5169 Ἑϐραίων.

2112 5189 2317 5261 Ὥσπερ
2344 5190 2525 5260 μέντοι
2558 5193 2586 5244 6
2612 5189 2798 5261 Σωτὴρ
2828 5188 2976 5258 βέλος
3009 5190 3280 5256 ἐκλεκτὸν,
3320 5191 3413 5243 καὶ
3446 5189 3688 5257 ἀνάλογα

2109 5282 2187 5353 τῷ
2221 5282 2433 5353 Σωτῆρι
2462 5282 2589 5352 βέλη
2613 5281 2706 5335 τοῦ
2736 5280 2870 5334 Θεοῦ
2898 5283 2948 5334 oi
2995 5281 3140 5348 ἅγιοι
3176 5279 3569 5352 τιτρώσκοντες
3595 5280 3686 5350 βέ-

2108 5376 2186 5430 λει
2213 5375 2473 5447 ὲκλεκτῷ,
2504 5376 2590 5429 ἵνα
2611 5378 2639 5428 6
2673 5374 3013 5448 τετρωμένος
3048 5375 3190 5443 λέγω
3209 5392 3221 5404 ·
3259 5373 3600 5443 Τετρωμένη
3627 5376 3690 5428 ἀρ

2107 5471 2303 5541 ’τάπης
2465 5486 2477 5498 ·
2512 5468 2683 5530 οὕτως
2710 5470 2739 5520 6
2784 5466 3148 5539 Ἀντίχριστος
3178 5465 3329 5536 βέλος
3364 5462 3459 5516 τοῦ
3517 5480 3688 5533 mw.-

2112 5562 2223 5634 ρῡῦ.
2257 5563 2366 5617 Καὶ
2392 5561 2591 5624 πάντες
2624 5562 2671 5612 oi
2702 5558 3015 5631 ἁμαρτωλοὶ
3040 5558 3167 5630 βέλη
3191 5557 3285 5612 τοῦ
3312 5551 3685 5621 διαϐόλου,οἷς

498 5721 541 5753 ⁷⁸
575 5719 733 5779 Prov.
772 5741 889 5793 xm,
922 5724 973 5781 8.
1048 5728 1094 5760 τε
1119 5724 1245 5783 lsai.
1276 5743 1427 5796 mn,
1463 5730 1513 5785 Ξ.
1596 5730 1637 5760 ⁷⁷
1671 5728 1823 5783 Cant.
1862 5744 1919 5796 ιι,
1950 5729 2020 5798 5;
2054 5747 2104 5797 γ,
2138 5727 2189 5779 8.
