3878 6212
161 305 262 360 ιεθ

1360 301 1495 357 EXC
1505 301 1731 358 ERPTA
1770 301 1836 356 ΙΝ
1870 300 2209 358 PSALMOS.

3307 307 3417 360 ’150

160 422 298 476 κατὰ
352 420 462 475 τῶν
531 422 757 475 δικαίων
809 423 1024 494 χρᾶται.
1061 422 1167 476 Ἴδε
1225 422 1475 489 γυναῖκα,
1519 422 1612 472 καὶ
1655 420 1728 470 ἐπ

1849 418 2069 482 diaboli,
2102 418 2298 486 quibus
2328 417 2503 471 utimr
2532 419 2795 473 adversus
2826 420 3021 490 iustos.
3054 420 3189 476 Vide
3224 424 3415 478 mulie-

158 510 479 565 εὸούλευσάν
529 529 633 565 σοι.
662 514 724 565 Εἰ
748 512 823 582 μὴ
852 512 1002 582 βέλος
1029 512 1146 566 ἐστὶ
1166 508 1580 579 πεπυρωμένον,
1623 508 1734 578 πῦρ

156 605 352 676 ἔχουσα
382 608 441 658 ἐν
470 606 719 676 στόματι,
754 606 841 659 ἵνα
867 603 1076 679 λαλήσῃ
1109 606 1202 658 καὶ
1235 602 1413 673 καύσῃ
1443 618 1524 663 σε,
1550 603 1607 652 ἐν
1630 618 1735 670 χει-

158 697 230 766 ρὶ,
261 698 322 749 ἐν
355 697 464 767 ὅλῳ
488 696 566 768 τῷ
599 696 830 768 σώματι,
867 699 923 749 ἐν
961 697 1059 767 ὅλῃ
1090 699 1155 768 τῇ
1182 696 1363 767 ψυχῇ;
1403 695 1512 747 Καὶ
1546 692 1736 763 ὥσπερ

151 788 182 839 ὁ
233 786 369 851 Θεὸς
420 789 622 855 τίθησι
663 785 847 851 τόξον
891 788 962 841 ἐν
998 786 1074 855 τῇ
1127 786 1375 855 νεφέλῃ,
1420 785 1506 837 ῖνα
1549 783 1736 854 παύσῃ

152 884 420 952 χειμῶνα,
449 884 545 937 καὶ
572 884 645 955 μὴ
670 883 883 954 γίνηται
930 882 1339 953 κατακλυσμός’
1397 881 1559 948 οὕτω,
1590 879 1734 934 κατὰ

150 972 211 1024 τὸ
235 974 632 1045 ἀντικείμενον,
663 976 690 1026 ὁ
716 974 946 1044 πονηρὸς
974 975 1353 1046 χρᾶταιπόξῳ,
1412 974 1498 1026 ἵνα
1552 974 1735 1044 παύσῃ

150 1063 394 1136 γαλήνην
422 1065 531 1118 ἀπὸ
559 1063 759 1135 ψυχῆς,
786 1064 879 1117 καὶ
930 1066 1152 1136 είρήνην
1192 1065 1380 1137 σϐέσῃ,
1439 1064 1533 1117 καὶ
1578 1064 1735 1116 πόλε-

157 1174 255 1230 μον
274 1156 491 1228 ἐγείρῃ,
528 1155 622 1208 καὶ
647 1154 889 1225 χειμῶνα
921 1154 1139 1227 ποιήσῃ.
1168 1156 1391 1225 Μήποτε
1413 1154 1468 1206 δὲ
1495 1156 1550 1207 οἱ
1584 1170 1735 1207 πτω-

153 1250 246 1318 χοί
282 1248 384 1300 καὶ
414 1246 671 1313 πένητες
701 1246 916 1314 ἀδελφοί
936 1249 1040 1300 είσι
1065 1246 1185 1300 τῶν
1222 1245 1445 1300 εὐθέων
1480 1245 1554 1315 τῇ
1597 1262 1735 1313 καρ-

150 1341 249 1407 δίᾳ
273 1381 289 1405 ,
326 1343 381 1393 οἱ
416 1337 638 1407 πτωχοὶ
671 1338 753 1402 τῷ
783 1339 1090 1408 πνεύματι,
1126 1338 1219 1401 οὓς
1241 1338 1459 1409 ζητοῦσι
1487 1337 1729 1392 καταϐα-

149 1433 260 1487 λεῖν
290 1435 341 1484 οἱ
366 1430 639 1501 δαίμονες.
678 1429 804 1483 Ἐάν
833 1431 949 1503 ίδης
979 1431 1478 1502 σκανδαλιςόμενον,
1510 1431 1603 1485 καὶ
1631 1431 1734 1484 ὑπὸ

146 1525 247 1595 τῆς
269 1523 550 1595 ἁμαρτίας
584 1523 1011 1595 κεκρατημένον,
1042 1524 1225 1593 βλέπε,
1251 1524 1332 1577 ὅτι
1361 1520 1515 1587 οὗτος
1564 1526 1733 1594 ἔσφα-

147 1632 297 1678 κται,
336 1615 432 1667 καί
459 1614 518 1666 τὸ
543 1607 681 1684 αἷμα
715 1612 877 1666 αὑτοῦ
924 1614 1027 1682 ῥεῖ’,
1065 1614 1092 1665 ὃ
1140 1614 1360 1685 ἐκζητεῖ
1399 1615 1550 1678 Θεός.
1596 1616 1731 1667 Ἀπ-

147 1707 328 1759 ὡλετο
360 1706 469 1776 γὰρ
498 1708 531 1775 ἡ
559 1703 761 1775 ζωτικὴ
778 1703 1002 1774 δύναμις
1034 1705 1223 1758 αὐτοῦ*
1253 1706 1481 1774 ἐκζητεῖ
1515 1708 1571 1760 δὲ
1605 1708 1735 1762 αὐτὸ

1842 524 1977 574 rem,
2028 518 2082 563 et
2111 509 2353 562 insidiati
2381 519 2504 563 sunt
2534 510 2652 564 tibi.
2702 513 2783 563 An
2822 528 2928 564 non
2966 513 3128 566 telum
3157 522 3240 567 est
3277 516 3415 582 igni-

1836 610 1977 667 tum,
2010 602 2189 672 ignem
2242 601 2454 657 habens
2501 604 2554 656 in
2610 617 2728 668 ore,
2760 612 2818 655 ut
2846 604 3103 672 loquatur
3135 614 3189 659 et
3219 618 3414 662 exurat

1838 702 1913 755 te,
1946 693 1997 746 in
2025 708 2208 757 manu,
2235 695 2287 748 in
2319 704 2433 748 toto
2459 708 2709 763 corpore,
2749 695 2802 747 in
2830 704 2941 749 tota
2983 697 3202 751 anima?
3230 697 3295 751 Et
3315 698 3414 751 sie

1833 795 1891 839 ut
1956 784 2099 839 Deus
2128 786 2272 855 ponit
2296 802 2479 839 arcum
2508 788 2563 839 in
2590 788 2728 840 nube
2744 788 2935 856 ⁷⁸,ηιιο
2956 799 3268 856 compescat
3288 805 3409 859 pro-

1836 876 2047 940 cellam,
2081 891 2179 931 nec
2207 878 2299 930 fiat
2324 876 2587 931 diluvium
2617 900 2629 933 :
2661 879 2736 933 ita
2791 895 2858 934 ex
2910 881 3211 944 contrario,
3254 880 3410 934 mali-

1834 981 1973 1035 gnus
2005 966 2175 1019 utitur
2210 982 2365 1031 arcu,
2398 981 2457 1023 ut
2486 984 2701 1024 cessare
2744 970 2909 1024 faciat
2949 971 3303 1025 serenitatem
3340 973 3409 1027 ab

1834 1058 2036 1123 anima,
2066 1068 2120 1113 et
2146 1075 2338 1127 pacem
2359 1061 2691 1130 exstinguat,
2718 1061 2913 1116 bellum
2944 1062 3161 1127 excitet,
3190 1072 3243 1117 et
3276 1073 3411 1117 tem-

1832 1159 2097 1214 pestatem
2134 1149 2352 1206 efﬁciat.
2404 1151 2565 1205 Forte
2599 1163 2780 1206 autem
2814 1169 3067 1219 pauperes
3112 1162 3161 1206 et
3204 1155 3396 1223 egeni,

1834 1249 1959 1293 sunt
1996 1241 2193 1295 fratres
2216 1251 2481 1294 rectorum
2515 1244 2694 1306 corde,
2725 1260 2978 1309 pauperes
3024 1245 3238 1311 spiritu,
3272 1258 3409 1311 quos

1834 1341 2084 1396 quaerunt
2113 1330 2398 1399 proﬂigare
2429 1331 2721 1384 daemones.
2744 1332 2799 1386 Si
2831 1347 2991 1400 quem
3022 1334 3222 1388 videris
3249 1349 3410 1387 scan-

1835 1420 2129 1473 dalizatum
2162 1429 2217 1475 et
2249 1432 2479 1491 peccato
2506 1423 2799 1476 obnoxium
2832 1464 2847 1487 ,
2904 1424 3123 1478 attende
3174 1425 3299 1492 quia
3360 1425 3407 1479 is

1826 1510 2107 1580 jugulatus
2127 1521 2236 1578 est,
2259 1523 2314 1567 et
2342 1514 2563 1583 sanguis
2590 1513 2708 1581 ejus
2732 1513 2869 1579 fluit,
2898 1523 2953 1567 et
2977 1513 3204 1583 requirit
3236 1512 3401 1567 Deus.

1835 1600 2045 1656 luteriit
2078 1605 2221 1658 enim
2270 1605 2454 1660 vitalis
2490 1605 2719 1660 facultas
2748 1605 2911 1671 ejus:
2947 1606 3169 1676 requirit
3223 1614 3406 1658 autem

1836 1692 1987 1746 illum
2021 1694 2159 1748 Deus
2216 1712 2247 1748 a
2282 1696 2451 1764 fratre
2484 1711 2532 1750 et
2564 1698 2727 1751 bestia
2758 1700 2839 1762 7’;
2871 1714 2900 1751 a
2941 1698 3102 1753 fidele
3132 1698 3408 1751 scandali-

146 1798 265 1852 ἀπὸ
303 1797 570 1865 ἀδελφοῦ
605 1799 702 1849 καὶ
745 1794 861 1849 ἀπὸ
895 1796 1101 1863 θηρίου
1127 1813 1141 1826 ο
1178 1796 1285 1850 ἀπὸ
1332 1798 1524 1851 πιστοῦ
1569 1816 1728 1853 σκαν-

1835 1796 1993 1840 zante
2028 1789 2302 1857 videlicet,
2328 1800 2383 1845 et
2412 1791 2480 1845 ab
2509 1791 2687 1845 alieno
2718 1807 2747 1845 a
2784 1792 2907 1855 lide,
2941 1800 2996 1845 et
3034 1810 3063 1845 a
3085 1806 3245 1843 manu
3285 1806 3402 1859 spe-

147 1888 479 1953 δαλίζοντος,
508 1890 602 1942 καὶ
625 1888 731 1941 ἀπὸ
756 1887 1033 1959 ἀλλοτρίου
1065 1888 1166 1960 τῆς
1188 1890 1446 1954 πίστεως,
1480 1891 1573 1943 καὶ
1612 1891 1727 1945 ἀπὸ

148 1979 259 2049 τῆς
284 1980 485 2050 χειρὸς
510 1980 615 2033 τοῦ
646 1978 897 2033 σκοποῦ.

222 2070 341 2138 (72)
390 2068 546 2121 Ἀλλὰ
572 2068 742 2121 ταῦτα
776 2069 871 2139 μὲν
898 2068 1025 2131 ἴσως
1058 2068 1469 2140 περιεργότερον
1496 2070 1726 2140 εἴρηται.

157 2160 217 2213 Ὀ
254 2160 445 2231 μέντοι
480 2159 697 2230 ψάλλων
712 2158 1068 2213 διαλευκαίνει
1091 2161 1197 2212 πᾶν
1227 2160 1288 2211 τὸ
1316 2160 1416 2230 ἤδη
1447 2161 1629 2231 ῥηθὲν,
1648 2159 1726 2214 to“

148 2251 441 2306 Κατανοεί
470 2255 502 2305 ὀ
533 2252 877 2321 ἁμαρτωλὸς
902 2253 1008 2306 τὸν
1057 2252 1308 2318 δίκαιον,
1347 2253 1508 2323 φημί.
1548 2254 1731 2308 Καθά-

148 2360 257 2413 περ
293 2343 405 2414 γὰρ
436 2344 491 2395 ὲν
528 2343 717 2395 πίνακι
740 2343 924 2412 σαφῶς
979 2341 1253 2414 μηνιῶντα
1302 2342 1602 2415 ζωγραφεῖ,
1637 2347 1730 2399 καὶ

148 2434 634 2504 παραταττόμενον
666 2435 923 2504 εἰσφέρει,
958 2436 1050 2486 καὶ
1075 2432 1318 2503 φονῶντα
1338 2434 1591 2499 δεικνύει,
1638 2437 1729 2488 καὶ

148 2525 572 2596 άπογυμνοῦντα
595 2524 656 2578 τὸ
690 2526 858 2594 ξίφος,
891 2526 983 2579 καὶ
1006 2526 1105 2595 ἤδη
1134 2523 1421 2589 τοξεύοντα
1443 2566 1457 2590 ,
1500 2527 1593 2579 καὶ
1630 2528 1727 2599 τὴν

147 2618 368 2671 ἀδικίαν
404 2617 567 2671 αὑτοῦ
598 2617 914 2689 καθίστησιν
970 2618 1195 2689 ἐναργῆ.
1241 2618 1440 2670 Σκοποὶ¹
1496 2617 1603 2690 γὰρ
1650 2617 1728 2689 τῷ

147 2709 465 2780 ἁμαρτωλῷ
499 2710 596 2779 οὐχ
626 2706 721 2763 ἕνα
767 2710 887 2761 τινὰ
917 2707 1025 2762 τῶν
1075 2709 1447 2779 ἀδικησάντων
1493 2709 1660 2781 αὐτῷ,
1692 2710 1725 2782 ἢ

147 2803 295 2855 κατά
316 2819 369 2853 τι
396 2800 927 2872 προσκεκρουκότων,
958 2801 1051 2853 καὶ
1077 2800 1378 2873 προφάσεις
1403 2800 1479 2872 τῷ
1505 2802 1728 2872 πολέμῳ

144 2890 462 2945 δεδωκότων
487 2893 739 2961 εὐλόγους
768 2890 1102 2963 ἀμύνεσθαι·
1157 2892 1270 2945 ἀλλ’
1310 2894 1394 2946 ἵνα
1447 2895 1730 2967 καταϐάλῃ

146 2985 390 3054 πτωχὸν,
422 2986 664 3038 τουτέστι
698 2986 787 3038 τὸν
832 2986 1043 3056 ἐπιεικῆ
1082 2985 1173 3039 καὶ
1221 2987 1603 3058 μετριόφρονα,
1637 2990 1728 3042 καὶ⁸

144 3078 405 3130 ταπεινὸν
432 3079 497 3147 τῇ
532 3077 727 3149 καρδίᾳ
751 3118 765 3141 ,
788 3077 845 3131 ὃν
866 3078 957 3130 καὶ
979 3080 1007 3131 ό
1033 3076 1221 3148 Σωτὴρ
1269 3079 1483 3149 πτωχὸν
1512 3081 1613 3150 ἔφη
1650 3080 1727 3152 τῷ

147 3168 447 3238 πνεύματι,
478 3169 571 3221 καὶ
594 3168 693 3238 τῆς
724 3167 829 3223 τῶν
855 3169 1097 3240 οὐρανῶν
1120 3170 1392 3241 βασιλείας
1412 3171 1558 3239 ἄξιον
1590 3168 1727 3226 εἷναί

147 3275 308 3329 φησι.
346 3258 443 3322 Τίς
481 3254 574 3312 οὖν
610 3262 721 3323 τοῖς
744 3260 1085 3331 ἁμαρτωλοῖς
1116 3261 1272 3330 λόγος
1302 3263 1438 3334 πρὸς
1464 3264 1592 3327 τοὺς
1640 3264 1729 3316 εύ-

146 3346 358 3419 θεῑςτῇ
387 3350 605 3421 καρδίᾳ,
656 3352 749 3405 καὶ
809 3353 932 3416 τοὺς
990 3356 1237 3424 πτωχοὺς
1294 3354 1369 3425 τῷ
1418 3355 1724 3426 πνεύματι;

146 3440 436 3504 παντελῶς
473 3440 669 3506 ούδείς.
709 3443 1028 3515 Ἦδικήκασι
1050 3447 1157 3516 γὰρ
1181 3446 1419 3508 ἐκείνους
1449 3446 1602 3499 οὐδὲν
1628 3445 1728 3511 τὰς

147 3530 362 3587 ἑαυτῶν
401 3530 553 3596 ὁδοὺς
597 3533 997 3599 ἀπευθύνοντας
1024 3538 1102 3599 είς
1126 3536 1489 3608 δικαιοσύνην.
1536 3539 1729 3611 Ἀκονᾷ

143 3623 224 3683 δὲ,
253 3621 435 3693 οἶμαι,
470 3626 590 3679 κατ’
620 3626 799 3680 αὐτῶν
831 3629 955 3691 τοὺς
1009 3630 1449 3701 ὠνομασμένους,
1504 3631 1728 3701 μάταιός

148 3731 233 3777 τις
256 3715 468 3781 ἁπλῶς,
501 3718 594 3771 καὶ
626 3719 727 3770 οὐκ
756 3719 1061 3791 εύάφορμος
1096 3721 1305 3791 φθόνος,
1333 3724 1398 3776 ἐκ
1419 3722 1727 3795 διαὸολικῆς

152 3807 477 3880 σκαιότητος
503 3810 909 3881 ἐκκεκαυμένος
932 3814 992 3865 ἐν
1028 3814 1232 3878 αὐτοῖς.

147 3989 303 4073 fail.
342 3996 422 4041 ιε’.
451 3990 1039 4073 ,Ἡ-ρομφαίαρύζῶν
1063 3995 1321 4073 sim-{100:
1344 3999 1432 4062 είς
1454 3995 1561 4073 τὰς
1584 4013 1728 4073 scapo

218 4061 359 4125 δίας
397 4061 623 4114 αὐτῶν·
653 4064 752 4116 καὶ
778 4065 847 4118 τὰ
875 4065 1021 4129 τόξα
1051 4065 1248 4120 αὐτῶν
1289 4061 1653 4135 συντριϐείη.

221 4153 438 4223 Ὠσπερ
464 4152 520 4206 δὲ
543 4156 575 4225 ὴ
601 4156 788 4227 εἰρήνη
822 4158 914 4210 τοῦ
933 4158 1143 4211 δικαίου
1173 4160 1254 4222 είς
1279 4158 1443 4211 αὑτὸν
1478 4160 1726 4231 ἀνακάμ-

150 4260 309 4297 πτει·
355 4243 528 4308 οὕτως
574 4247 609 4317 ή
662 4248 902 4317 ῥομφαία
953 4249 1046 4303 τοῦ
1102 4249 1330 4313 ἀσεϐοῦς
1369 4250 1597 4304 είσέλθοι
1647 4254 1727 4315 είς

148 4334 384 4406 καρδίαν
425 4335 625 4401 αὑτοῦ,
669 4336 764 4391 ἐάν
815 4342 955 4412 τηρῇ
1011 4340 1199 4394 ἐαυτὸν
1242 4342 1270 4392 ὁ
1306 4340 1467 4404 εὐθὺς
1494 4344 1560 4412 τῇ
1596 4359 1728 4413 καρ-

146 4424 254 4479 δία.

1832 1877 2084 1932 culatoris
2113 1880 2181 1932 ⁸ο.

1901 2081 1966 2135 Ει
2004 2081 2117 2135 hazc
2142 2079 2359 2147 quidem
2388 2078 2624 2133 fortasse
2655 2078 2873 2132 curiose
2909 2079 3069 2135 nimis
3116 2081 3258 2138 dicta
3286 2082 3401 2137 fue-

1831 2171 1959 2225 rint.
1997 2170 2278 2225 Psalmista
2310 2182 2440 2222 vero
2496 2167 2732 2221 illustrat
2758 2168 3023 2236 quidquid
3049 2170 3159 2239 jam
3196 2171 3400 2225 dictum

1830 2273 1933 2326 est,
1968 2262 2220 2317 videlicet
2252 2278 2266 2314 :
2297 2260 2609 2315 Considerat
2636 2270 2879 2326 peccator
2922 2260 3132 2329 justum
3158 2261 3226 2315 ⁸⁸.
3260 2261 3404 2317 Tan-

1830 2370 1989 2423 quam
2021 2355 2167 2409 enim
2193 2355 2247 2408 in
2285 2352 2461 2407 tabula
2488 2350 2636 2407 clare
2662 2351 2985 2404 irascentem
3015 2352 3279 2423 depingit,
3317 2355 3402 2409 in-

1831 2444 2092 2514 ducitque
2120 2444 2272 2512 quasi
2306 2443 2359 2496 in
2394 2443 2509 2495 acie
2538 2442 2909 2506 constitutum,
2945 2450 3001 2494 et
3030 2447 3203 2496 caedes
3241 2443 3405 2498 mini-

1832 2546 2033 2590 tantem
2064 2535 2323 2599 ostendit,
2356 2532 2650 2586 nudantem
2675 2531 2838 2584 etiam
2868 2530 3126 2599 gladium,
3156 2532 3401 2601 jamjam-

1830 2645 1934 2702 que
1982 2630 2209 2699 sagittas
2247 2642 2378 2682 arcu
2427 2623 2815 2693 ejaculantem,
2841 2634 2896 2677 et
2925 2624 3257 2693 injustitiam
3285 2628 3405 2697 ejus

1828 2722 2133 2777 evidentem
2154 2719 2349 2775 reddit.
2370 2716 2587 2785 Scopus
2609 2716 2752 2769 enim
2776 2716 3045 2783 peccaturi
3073 2719 3400 2787 propositus,

1828 2826 1910 2871 est
1942 2828 2047 2867 non
2078 2827 2242 2865 unum
2269 2812 2573 2880 quempiam
2605 2822 2791 2861 eorum
2823 2808 2913 2876 qui
2946 2807 3142 2877 injuria
3167 2826 3289 2865 eum
3322 2811 3404 2865 af-

1829 2908 2080 2971 fecerint,
2105 2905 2190 2959 vel
2218 2918 2283 2958 ex
2313 2913 2469 2972 parte
2495 2904 2841 2971 offenderint,
2871 2915 2926 2959 et
2951 2904 3228 2972 speciosos
3264 2918 3403 2972 pra:-

1831 3002 2012 3055 te'xtus
2045 2996 2188 3053 bello
2238 2996 2517 3061 dederint,
2550 2998 2779 3053 ulcisci:
2834 3012 3026 3051 verum
3069 2995 3251 3049 studet
3275 3010 3401 3065 pro-

1830 3099 2073 3145 sternere
2099 3101 2412 3157 pauperem,
2442 3085 2494 3140 id
2518 3095 2600 3139 est
2624 3086 2897 3140 hominem
2938 3093 3303 3148 mansuetum,
3343 3091 3401 3136 et

1830 3176 2011 3230 sobrie
2042 3174 2374 3243 sapientem,
2414 3187 2479 3228 ac
2513 3173 2767 3227 humilem
2799 3172 2996 3227 corde:
3047 3186 3204 3240 quem
3236 3171 3401 3225 etiam

1833 3261 2081 3315 Salvator
2113 3274 2401 3329 pauperem
2446 3260 2585 3313 dixit
2613 3261 2805 3330 spiritu
2832 3299 2846 3324 ,
2900 3269 2956 3315 et
2991 3260 3214 3328 dignum
3248 3274 3402 3314 asse-

1831 3354 1939 3407 ruit
1969 3368 2132 3423 regno
2162 3353 2444 3409 ctelorum.
2478 3353 2651 3419 Quam
2701 3353 2866 3422 igitur
2894 3354 3159 3408 rationem
3200 3354 3403 3409 habent

1829 3457 2141 3515 peccatores
2173 3447 2459 3497 adversum
2489 3452 2670 3498 rectos
2697 3448 2864 3498 corde
2897 3454 2952 3499 et
2998 3458 3264 3513 pauperes
3287 3443 3404 3513 spi-

1830 3537 1977 3592 ritu?
2002 3536 2214 3591 Nullam
2242 3538 2482 3591 omnino.
2515 3535 2833 3591 Nullatenus
2863 3537 3005 3591 enim
3042 3536 3303 3590 laeserunt
3335 3535 3401 3589 il-

1830 3629 1929 3694 los,
1966 3630 2083 3684 vias
2104 3642 2231 3684 suas
2259 3630 2324 3682 ad
2358 3628 2629 3697 justitiam
2664 3630 2967 3700 dirigendo.
2988 3628 3213 3683 Exacnit
3234 3641 3401 3697 porro

1830 3728 2019 3775 contra
2049 3735 2142 3774 eos
2164 3734 2301 3773 vana
2343 3719 2590 3788 quaedam
2626 3720 2847 3775 omnin
2874 3759 2889 3785 ,
2942 3734 3041 3774 nec
3092 3717 3399 3788 probabilis

1830 3810 2033 3865 invidia
2062 3811 2299 3866 famosos
2330 3811 2497 3867 hosce
2524 3812 2791 3877 homines,
2820 3826 2887 3866 ex
2917 3810 3182 3866 diabolica
3218 3809 3399 3880 pravi-

1830 3909 1939 3955 late
1966 3904 2017 3956 in
2048 3904 2180 3971 ipsis
2212 3918 2501 3959 succensa.

1833 3995 1892 4050 V.
1926 3995 2006 4051 15.
2033 3992 2254 4050 Gladius
2289 4015 2471 4052 eorum
2513 3997 2846 4067 ingrediatur
2893 3998 2946 4049 in
2976 3997 3138 4050 corda
3170 4012 3351 4051 eorum
3376 4034 3396 4063 ,

2176 4077 2225 4121 ϐε
2270 4085 2424 4122 arcus
2469 4084 2645 4121 eorum
2678 4077 3043 4120 conterantur.

1900 4156 2051 4211 Sicut
2074 4158 2208 4227 justi
2246 4176 2350 4228 pax
2396 4160 2449 4212 in
2483 4159 2633 4224 illum
2669 4158 2848 4221 redit,
2904 4158 2975 4211 ita
3004 4158 3218 4227 gladius
3245 4159 3396 4229 impii

1829 4247 2162 4316 ingrediatur
2189 4251 2242 4304 in
2269 4266 2362 4306 cor
2384 4251 2528 4322 ejus,
2547 4251 2592 4306 si
2621 4252 2879 4305 observet
2907 4264 3050 4315 sese,
3084 4250 3179 4319 qui
3206 4259 3394 4305 rectus

1826 4349 1911 4395 est
1940 4340 2125 4396 corde.

148 4485 306 4587 Στίχ.
343 4524 440 4582 ις’.
466 4517 765 4593 Κρεῖσσον
788 4520 1002 4593 ὀλίγως
1015 4520 1095 4587 τῷ
1116 4521 1321 4590 δικαίῳ
1347 4522 1499 4593 ὑπὲρ
1530 4524 1719 4579 πλοῦ-

1864 4521 1926 4575 ν.
1981 4521 2067 4576 16.
2130 4520 2326 4576 Melius
2381 4530 2457 4574 est
2509 4521 2788 4593 modicum
2809 4519 2960 4593 justo
3004 4531 3114 4585 prae
3162 4515 3357 4571 divitiis

558 4605 666 4641 τον
693 4589 1053 4658 ἁμαρτωλῶν
1099 4589 1314 4647 πολύν.

224 4680 381 4750 Ἔχει
417 4679 515 4750 μὲν
559 4674 651 4731 οὖν
684 4682 717 4750 ή
770 4680 913 4747 λέξις
958 4679 1178 4735 αὐτόθεν
1208 4680 1482 4754 ὠφέλιμόν
1516 4702 1568 4737 τι
1616 4685 1727 4747 τοῖς

147 4774 562 4845 ἁκεραιοτέροις
586 4791 598 4803 ·
634 4774 747 4844 ἔχει
773 4775 829 4827 δέ
854 4792 906 4828 τι
946 4776 1041 4830 καλ⁸
1080 4778 1474 4848 κεκρυμμένως
1504 4779 1727 4850 εἰρημέ-

148 4884 237 4919 νον
265 4869 381 4928 τοῖς
419 4865 712 4938 βαθύτερον
755 4866 971 4921 άκούειν
1024 4868 1122 4938 τῆς
1169 4869 1390 4940 Γραφῆς
1430 4871 1728 4942 ἐπισταμέ-

148 4973 279 5021 νοις.
306 4958 383 5010 Τὸ
428 4953 522 5011 οὖν
556 4956 923 5030 ἁπλούστερον
978 4958 1213 5011 τοιοῦτόν
1272 4960 1416 5013 ἐστι’
1472 4960 1723 5031 Βιοπορι-

147 5051 338 5103 στοῦσι
368 5049 565 5103 δίκαιοι
590 5049 898 5117 καὶσάδικοι.
946 5049 1083 5102 Ἀλλ’
1117 5052 1165 5103 οἱ
1202 5050 1301 5121 μὲν
1340 5050 1593 5104 τοσοῦτον
1629 5050 1723 5122 ζη-

2316 4600 2649 4659 peccatorum
2683 4590 2878 4641 multis.

1897 4684 2072 4739 Habet
2102 4684 2214 4738 haec
2240 4684 2445 4738 locutio
2470 4697 2537 4737 ex
2596 4682 2788 4734 littera:
2822 4679 2993 4748 ipsius
3040 4692 3199 4733 sensu
3250 4679 3396 4748 quod

1828 4774 2253 4844 simplicioribus
2282 4773 2541 4842 prodesse
2571 4772 2743 4841 possit
2772 4788 2788 4826 :
2830 4772 2993 4825 habet
3030 4779 3206 4824 tamen
3232 4771 3395 4825 etiam

1828 4868 2035 4936 aliquid
2068 4868 2336 4923 secretius
2376 4867 2578 4921 dictum
2600 4865 2652 4919 in
2679 4864 2909 4935 gratiam
2932 4878 3121 4917 eorum
3146 4863 3239 4932 qui
3270 4880 3396 4933 pro-

1825 4959 2048 5016 fundius
2077 4959 2380 5029 intelligere
2398 4959 2737 5027 Scripturam
2769 4956 2971 5011 sciunt.
3003 4954 3157 5022 Quod
3187 4956 3395 5025 simpli-

1825 5052 1942 5106 cius
1973 5051 2193 5118 dicitur,
2215 5051 2350 5106 illud
2383 5060 2497 5107 est:
2518 5048 2833 5104 Necessaria
2863 5048 2985 5103 vita:
3007 5058 3259 5119 quaerunt
3286 5059 3396 5103 tam

146 5142 299 5196 τοῦσι
328 5142 393 5194 τὸ
416 5140 515 5210 τῆς
539 5138 744 5210 χρείας,
771 5140 893 5193 ὅσον
920 5140 981 5192 τὸ
1007 5141 1104 5212 τῆς
1127 5138 1497 5212 δικ...οσύνης·
1551 5140 1643 5195 καὶ
1681 5138 1715 5213 ἢ

1835 5143 1955 5212 justi
1986 5159 2149 5215 quam
2175 5144 2384 5216 injusti.
2409 5144 2480 5197 At
2504 5142 2576 5197 illi
2605 5152 2832 5197 eatenus
2856 5152 3108 5211 quaerunt
3133 5156 3241 5210 quo
3259 5156 3396 5211 opus

148 5234 209 5287 οὐ
247 5231 578 5304 πορίζουσιν,
618 5230 804 5301 ἢάνευ
830 5229 1062 5296 ἀδικίας,
1098 5228 1431 5301 χρωννύντες
1468 5228 1530 5282 τὸ
1567 5247 1722 5301 πορι-

149 5326 373 5397 ζόμενον
408 5327 476 5396 τῇ
503 5324 833 5395 δικαιοσύνη.
861 5323 924 5377 Oi
940 5322 996 5376 δὲ
1017 5320 1153 5385 ὅλως
1181 5320 1493 5377 νενεύκασιν
1517 5322 1609 5376 ἐπὶ
1630 5322 1721 5375 τὸν

149 5418 437 5488 πορισμὸν,
486 5418 633 5481 ὅπως
680 5415 849 5469 πολλὰ
877 5415 1170 5487 κτήσωσιν,
1221 5417 1283 5468 οὐ
1343 5415 1631 5485 ζητοῦντες
1672 5418 1721 5469 εί

149 5509 327 5573 καλῶς
360 5511 668 5581 κτήσονται.
701 5507 804 5561 Δύο
839 5501 931 5560 οὖν
953 5507 1347 5577 προκειμένων,
1396 5509 1487 5562 τοῦ
1515 5526 1573 5561 τε
1606 5508 1718 5562 ὀλί-

1828 5237 2064 5304 habent,
2120 5248 2384 5308 quatenus
2416 5236 2465 5291 id
2499 5235 2710 5307 justitia
2761 5234 2991 5291 tulerit:
3046 5240 3103 5289 et
3156 5233 3243 5289 vel
3290 5248 3396 5287 non

1828 5338 2144 5397 comparant
2166 5329 2297 5395 sibi,
2326 5327 2414 5382 vel
2457 5329 2575 5381 sine
2606 5326 2874 5396 iujustitia
2897 5325 3215 5395 acquirunt,
3248 5323 3396 5378 colo-

1828 5427 2017 5474 rantes
2070 5421 2214 5490 quod
2266 5419 2545 5474 lucrantur
2591 5416 2824 5487 justitia:
2859 5415 3086 5486 fulgore.
3142 5414 3233 5468 isti
3266 5426 3397 5467 vero

1830 5511 1924 5567 toti
1949 5512 2269 5567 incumbunt
2296 5514 2349 5568 in
2378 5513 2610 5577 lucrum,
2659 5517 2719 5564 ut
2748 5508 2979 5580 plurima
3029 5505 3340 5575 possideant
3376 5544 3393 5570 ,

222 5649 269 5679 "
294 5648 427 5705 Gen.
467 5662 546 5715 is,
580 5649 669 5704 l3.
732 5648 775 5680 7’
819 5646 949 5702 ibid.
978 5645 1029 5700 5.
1082 5644 1153 5695 .⁸⁶
1180 5643 1377 5700 Ezecb.
1410 5658 1601 5710 χχχιιι,
1643 5640 1695 5697 6.

1851 5642 1991 5699 l’sal.
2024 5660 2207 5712 xxxvi,
2238 5646 2319 5700 12.

222 5762 332 5836 (ἹΞ)
364 5764 553 5835 Κύριλ.
