3878 6212
463 284 561 341 151

1356 272 1921 333 SUPPLEMENTUM
1961 273 2052 329 AD
2081 273 2411 332 ORIGENIS
2443 273 2853 331 EXEGETICA.

3616 279 3722 335 152

459 415 565 457 n0u
596 397 929 470 inquirentes
962 411 1092 451 num
1127 394 1294 467 probe
1317 395 1622 466 possessuri
1655 394 1783 448 sint.
1815 392 2033 446 Duobus

2147 410 2231 460 γου
2256 392 2544 463 λήμματος
2580 393 2719 463 μετὰ
2775 392 3124 464 δικαιοσύνης
3161 433 3177 459 ,
3240 393 3335 449 καὶ⁸
3376 392 3472 448 τοῦ
3526 398 3722 452 πολλοῦ

460 492 623 563 igitur
655 490 964 560 prapositis,
1001 482 1213 543 modico
1246 503 1439 555 nempe
1484 486 1854 540 emolumento
1907 500 2029 539 cum

454 583 687 654 justitia,
721 591 776 635 et
808 595 1003 651 magno
1031 594 1154 634 cum
1195 578 1497 648 injustitia:
1525 572 1712 629 Melius
1753 586 1826 629 est
1859 575 2027 628 modi-

458 690 573 726 cum
596 674 741 742 justo
772 688 881 739 prie
905 672 1101 725 divitiis
1135 680 1471 739 peccatorum
1492 668 1693 721 multis.
1731 666 2020 721 Videamus

2142 486 2279 555 μετὰ
2305 485 2515 548 ἀδικίας
2538 502 2550 513 ·
2600 484 2905 553 Κρεῖσσον
2938 487 3146 556 ὀλίγον
3186 485 3266 551 τῷ
3309 485 3515 553 δικαίῳ
3569 489 3723 558 ὑπὲρ

2138 575 2406 629 πλοῦτον
2449 576 2814 646 ἁμαρτωλῶν
2868 580 3085 632 πολύν.
3134 578 3361 649 Ἰδωμεν
3406 579 3462 632 δὲ
3517 580 3610 633 καὶ
3661 581 3723 634 τὸ

2140 669 2582 739 ἁνακεχωρηκός.
2619 669 2884 740 Κρεῖσσόν
2926 671 3039 722 ἐστι
3071 670 3262 723 πιστὸν
3304 669 3517 741 ἰδιώτην
3558 667 3720 733 εἶναι,

459 776 641 818 autem
672 764 886 833 etquod
918 764 1041 817 inde
1067 762 1330 817 remotius
1354 762 1655 815 derivatum
1679 767 1781 813 est.
1806 758 2036 813 Prmstat

2147 760 2260 812 οὐδὲ
2284 758 2492 824 ἀνοῖξαι
2513 761 2574 813 τὸ
2598 762 2769 832 στόμα
2790 761 3104 831 δυνάμενον,
3127 761 3159 832 ἢ
3180 761 3426 815 πλουτεῖν
3464 762 3543 833 τῷ
3576 763 3725 833 λόγῳ

459 855 666 910 ﬁdelem
692 856 914 908 idiotam
942 868 1081 919 esse,
1119 868 1216 907 nec
1246 852 1517 907 valentem
1542 866 1605 905 os
1630 851 2033 919 aperire,quam

2147 851 2466 925 προφορικῷ
2500 854 2592 907 καὶ
2619 856 2728 917 τοῖς
2765 854 3078 925 μαθήμασιν
3102 856 3158 907 ὲν
3190 855 3355 925 κακία
3379 856 3411 925 ἢ
3438 855 3686 927 ἀπιστίᾳ.

458 952 723 1005 ditescere
750 964 1006 1003 sermone
1037 949 1275 1003 facundo
1302 959 1357 1002 et
1377 946 1683 1017 disciplinis
1723 947 1775 1000 in
1806 945 2025 1015 ﬂagitiis
2052 956 2109 1003 et
2154 949 2499 1005 inlidelitate.

529 1061 591 1115 V.
625 1063 709 1116 i7.
738 1061 875 1127 Quia
902 1062 1113 1114 brachia
1158 1070 1488 1130 peccatorum
1517 1061 1913 1131 confringentur
1941 1076 1960 1113 :

796 1134 1029 1200 suﬁulcit
1060 1149 1178 1187 vero
1211 1135 1383 1200 iustos
1420 1132 1697 1185 Dominus.

528 1268 584 1323 Si
622 1268 807 1323 videas
855 1269 964 1321 vim
1009 1278 1065 1322 et
1109 1264 1424 1320 facultatem
1479 1264 1628 1333 impii
1686 1264 1982 1318 contritam
2013 1304 2028 1327 ,

454 1364 587 1416 adeo
612 1371 667 1414 ut
699 1369 932 1430 nequeat
954 1360 1067 1429 ipse
1099 1373 1315 1412 manum
1352 1359 1628 1429 porrigere
1659 1358 1725 1410 ad
1758 1358 2027 1411 actiOnem

451 1455 675 1514 bonam,
707 1454 944 1506 contrita
968 1450 1114 1504 enim
1151 1458 1275 1513 est;
1309 1448 1519 1503 videbis
1557 1448 1836 1517 impletum
1872 1449 2028 1513 illud,

452 1547 686 1601 Brachia
714 1556 1048 1614 peccatorum
1094 1551 1447 1596 conterentur.
1499 1540 1672 1596 Porro
1696 1542 1787 1611 qui
1843 1550 2030 1596 conte-

456 1639 547 1699 rit,
581 1638 826 1692 diabolus
874 1644 975 1689 est.
1026 1633 1289 1701 Equidem
1331 1633 1510 1687 omnis
1556 1632 1717 1686 homo
1781 1633 2029 1686 inﬁrmus

2137 1040 2418 1135 2=9<:_:€.i-_
2442 1041 2588 1135 79‘:
2625 1042 3720 1135 ερρκίενεε,ἀμιρτωέῶισυνξριει-

2211 1128 2454 1165 σονται·
2498 1112 2879 1181 ὐποστηρίᾶει
2926 1113 2993 1167 δὲ
3036 1113 3176 1179 τοὺς
3224 1114 3492 1180 δικαίους
3527 1118 3559 1167 ό
3598 1112 3719 1171 Κύ-

2204 1198 2358 1249 ριος.

2224 1274 2347 1326 Ἐὰν
2382 1273 2499 1344 ίδης
2520 1272 2610 1327 τὸν
2647 1273 2796 1327 τόνον
2830 1273 2922 1327 καὶ
2942 1275 3040 1345 τὴν
3062 1274 3289 1346 δύναμιν
3321 1277 3717 1348 συντετριμμέ-

2136 1382 2235 1435 νην
2264 1364 2359 1418 τοῦ
2392 1364 2643 1428 ἀσεϐοῦς,
2685 1362 2824 1417 ὥστε
2872 1365 2944 1436 μὴ
2976 1365 3232 1419 δύνασθαι
3284 1366 3444 1419 αὑτὸν
3482 1369 3719 1421 ἐκτεῖναι

2134 1456 2233 1528 τὴν
2268 1459 2424 1527 χεῖρα
2458 1456 2550 1508 ἐπὶ
2606 1453 2802 1526 πρᾶξιν
2837 1454 3047 1525 ἀγαθὴν
3083 1458 3110 1539 .(
3132 1456 3560 1529 συντετριμμένη
3604 1458 3715 1532 γάρ

2139 1549 2291 1599 ἐστιν
2311 1547 2350 1615 ),
2387 1546 2528 1616 ὄψει,
2561 1546 2642 1598 ὅτι
2674 1544 3026 1616 πεπλήρωται
3055 1544 3113 1597 τό
3133 1562 3145 1574 ·
3176 1546 3499 1615 Βραχίονες
3528 1550 3718 1617 ἁμαρ-

2134 1637 2341 1691 τωλών
2358 1638 2884 1706 συντριϐήσονται.
2935 1636 2991 1689 '0
3019 1636 3074 1689 δὲ
3099 1637 3418 1708 συντρίϐων,
3468 1642 3495 1692 6
3532 1639 3717 1693 διάϐο-

452 1743 538 1785 est
573 1771 588 1795 ,
619 1740 672 1784 et
708 1738 969 1799 quantum
1025 1726 1079 1780 in
1130 1740 1187 1779 se
1215 1735 1298 1779 est
1354 1727 1701 1789 succumbit,
1757 1725 2028 1793 habetque

2147 1733 2225 1795 λός
2254 1734 2388 1784 ἐστι.
2456 1731 2570 1794 Πᾶς
2636 1730 2814 1793 μέντοι
2870 1728 3153 1800 ἄνθρωπος
3205 1730 3469 1801 ἀσθενὴς,
3517 1732 3608 1784 καὶ
3654 1732 3719 1786 τὸ

453 1838 590 1892 Opus
620 1819 965 1877 suﬁ‘ulciente
997 1819 1275 1883 cadentes,
1300 1827 1392 1871 aut
1417 1817 1736 1871 restituente
1766 1817 2026 1887 dejectos.

455 2090 523 2147 Ἴ.
557 2090 649 2145 ‘21.
684 2085 986 2143 Feneratur
1016 2091 1281 2155 peccator,
1314 2091 1362 2135 et
1410 2098 1513 2135 non
1548 2080 1744 2144 solvet;
1774 2088 1827 2132 at
1851 2078 2032 2148 justus

985 2158 1263 2209 miseretur
1308 2164 1356 2206 et
1389 2155 1501 2207 dat.

522 2250 841 2308 Sublimiori
884 2246 1336 2318 interpretatione
1367 2262 1380 2298 :
1441 2244 1669 2311 Quando
1700 2243 1858 2297 docet
1893 2240 2034 2294 Pati-

456 2343 881 2412 lus,autquivis
912 2341 1052 2393 alius
1094 2352 1374 2392 sacrorum
1434 2336 1833 2396 institutorum,
1871 2333 2035 2386 andi-

458 2449 601 2492 tores
633 2436 947 2489 lenerantur
979 2441 1261 2500 argentum
1302 2428 1589 2496 probatum
1631 2442 1726 2481 ore
1758 2426 1934 2479 Pauli.
1968 2424 2030 2477 Et

452 2530 629 2601 justus
662 2527 882 2596 quidem
919 2523 1093 2576 reddit
1127 2535 1343 2583 usuras,
1372 2530 1425 2571 et
1458 2520 1593 2571 dicit
1622 2536 1634 2570 :
1668 2517 1851 2570 Mnam
1876 2518 2032 2571 dedi-

454 2622 522 2673 sti
551 2618 697 2683 mihi,
733 2630 851 2671 ecce
879 2615 1055 2667 decem
1104 2627 1255 2664 muas
1295 2610 1395 2677 feci
1430 2609 1499 2663 ⁸⁸.
1540 2608 1783 2677 Quinque
1832 2610 2033 2662 talenta

456 2710 673 2773 dedisti,
704 2723 819 2762 ecce
845 2707 1010 2758 habeo
1042 2704 1215 2757 decem
1260 2701 1326 2756 ⁸³.
1358 2701 1623 2755 Peccator
1652 2714 1787 2754 vero
1818 2700 2031 2767 impen-

458 2803 537 2857 dit
566 2800 772 2856 omnia.
802 2796 918 2852 Non
952 2797 1079 2851 licet
1102 2796 1351 2850 fenerare
1381 2808 1499 2859 sua,
1533 2792 1585 2847 id
1627 2803 1709 2847 est
1740 2793 1931 2847 docere
1955 2793 2033 2847 si-

458 2906 553 2951 cut
583 2892 824 2948 hzeretici
854 2909 868 2945 :
900 2891 992 2944 sed
1025 2890 1116 2943 Dei
1150 2898 1435 2959 argentum
1470 2887 1786 2957 probatum,
1843 2902 2035 2956 quent-

461 2984 752 3041 admodum
785 2983 877 3053 qui
907 2982 1038 3036 dicit
1068 2996 1082 3035 :
1141 2979 1231 3034 Vel
1263 2980 1679 3050 experimentum
1704 2979 1945 3048 quaeritis
1978 2979 2033 3031 in

458 3096 539 3133 me
566 3077 825 3147 loquentis
875 3074 1075 3129 Christi
1104 3074 1193 3126 3‘?
1244 3072 1597 3129 Restiluenda
1624 3086 1755 3126 vero
1781 3080 1864 3127 est
1912 3085 2032 3125 sors

458 3186 579 3226 cum
611 3184 774 3224 usura
806 3182 871 3222 ex
906 3167 1017 3219 vita
1048 3177 1101 3220 et
1131 3167 1393 3221 moribus.
1422 3164 1698 3234 Alioquin,
1725 3163 1918 3218 melius
1948 3174 2033 3217 est
2060 3140 2103 3196 (ἶ

459 3262 680 3317 omnino
705 3275 809 3314 non
859 3260 1117 3325 fenerari,
1159 3258 1460 3327 praesertim
1493 3274 1614 3325 qua:
1642 3270 1768 3313 sunt
1792 3261 1859 3313 de
1891 3272 2029 3326 penu

463 3354 764 3421 Dominico,
791 3367 952 3423 quam
993 3363 1052 3406 ut
1079 3361 1301 3422 pereant
1335 3367 1432 3421 per
1468 3366 1565 3405 nos
1604 3352 1747 3420 regis
1773 3365 1923 3416 opes.

459 3529 526 3584 Ὺ.
561 3528 651 3582 29..
689 3528 954 3592 Quoniam
1005 3528 1361 3582 benedicentes
1427 3528 1577 3581 illum
1646 3527 2033 3581 ha’reditabunt

538 3608 781 3721 terrbam;
836 3602 925 3669 qui
976 3616 1095 3653 vero
1139 3600 1288 3651 illum
1316 3600 1657 3662 maledicunt,
1687 3615 1905 3666 prorsus
1952 3598 2035 3651 iu-

532 3684 626 3723 tert
670 3682 783 3723 unt.

535 3762 725 3816 Simile
750 3771 833 3817 est
861 3763 909 3816 ei
939 3760 1081 3830 quod
1128 3761 1360 3815 Abrahae
1403 3761 1605 3814 dictum
1636 3770 1719 3814 est
1748 3778 1762 3813 :
1810 3758 2035 3811 Benedi-

463 3866 633 3907 centes
695 3863 743 3906 te
793 3852 1122 3915 benedicam,
1180 3861 1226 3904 et
1284 3850 1648 3903 maledicentes
1700 3859 1750 3903 te
1810 3848 2035 3902 maledi-

464 3962 579 3999 cam
608 3946 677 3998 ⁸³.
723 3945 909 4014 Itaque
942 3946 988 3998 si
1043 3945 1183 3998 Deus
1237 3943 1562 3996 misereatur
1611 3951 1665 3995 ct
1710 3942 1897 4007 donet,
1943 3940 2035 4008 qui

464 4045 685 4105 propter
720 4035 821 4089 hoc
847 4034 1151 4100 gloriﬁcant
1179 4033 1481 4097 illum,sive
1506 4032 1850 4096 benedicunt,
1875 4040 2035 4085 erunt

465 4129 709 4183 han-edes
745 4128 1027 4198 promissa:
1056 4128 1259 4181 sanctis
1296 4136 1477 4190 terrae,
1526 4125 1907 4195 accipientque
1930 4134 2037 4179 ter-

465 4236 581 4275 ram
624 4221 822 4274 bonam
851 4229 907 4273 et
940 4219 1189 4284 multam,
1221 4233 1341 4288 qua:
1378 4232 1484 4271 non
1517 4216 1693 4270 centri
1726 4222 1819 4268 aut
1850 4215 2037 4284 puncti

467 4314 740 4367 rationem
781 4311 1000 4366 habeat.
1058 4310 1365 4365 Periculum
1427 4317 1517 4363 est
1573 4323 1699 4362 vero
1730 4309 1855 4363 dum
1890 4307 2038 4377 justo

470 4404 870 4469 maledicimus,
899 4419 965 4459 ne
986 4416 1288 4458 estremum
1312 4402 1607 4455 subeamus
1633 4400 2040 4454 interitum.Ait

465 4498 668 4567 quippe
698 4496 766 4550 ad
807 4495 1010 4566 justum
1047 4494 1343 4548 Dominus:
1382 4492 1630 4547 Hostiam
1662 4491 1833 4544 hostes
1873 4501 1989 4542 tuos
2018 4530 2033 4553 ,
2070 4502 2112 4556 D

464 4600 511 4643 et
539 4605 605 4643 ex
652 4587 872 4641 adverso
907 4588 1147 4642 resistam
1180 4585 1499 4639 adversariis
1551 4584 1655 4636 tuis
1690 4582 1755 4635 ⁸⁸.
1792 4583 1856 4635 Et
1894 4583 2034 4636 sicut

465 4678 617 4742 dicit,
662 4677 817 4731 llunc
842 4678 1078 4741 nutristi,
1122 4693 1201 4730 me
1225 4676 1441 4729 nutriin
1472 4674 1550 4740 ⁸⁷;
1589 4675 1661 4727 ita
1694 4685 2035 4741 consequens

465 4778 585 4823 erat
618 4778 677 4822 ut
699 4769 905 4823 diceret
937 4787 949 4821 :
988 4767 1123 4822 Huic
1151 4768 1494 4823 conviciatus
1526 4781 1606 4833 es,
1640 4766 1775 4820 mibi
1811 4780 1871 4819 es
1899 4779 2035 4818 con-

468 4861 719 4913 viciatus.
751 4859 1075 4914 Maledicunt
1104 4874 1231 4915 vero
1272 4860 1463 4926 Deum,
1507 4860 1596 4929 qui
1632 4873 1739 4912 non
1766 4865 2036 4911 noverunt

468 4953 639 5017 illum,
668 4962 721 5005 et
746 4951 963 5021 quidem
992 4952 1255 5007 adVersus
1289 4953 1520 5023 gloriam
1545 4953 1666 5022 ejus
1690 4951 2035 5021 blasphemas

469 5044 761 5099 identidem
794 5042 1135 5109 prolerentes
1157 5060 1319 5100 voces
1346 5086 1361 5111 ,
1398 5062 1573 5115 usque
1600 5045 1735 5099 adeo
1765 5052 1820 5097 ut
1848 5057 1914 5096 ne
1946 5056 2036 5096 su-

467 5139 704 5191 stineant
730 5136 947 5205 quidem
975 5150 1072 5204 pro
1093 5137 1288 5204 quibus
1313 5139 1569 5192 cumulati
1591 5147 1717 5191 sunt
1758 5135 2037 5191 beneﬁciis

468 5242 627 5296 agere
661 5226 737 5281 illi
788 5226 1016 5297 gratias.
1071 5228 1349 5282 Christum
1403 5230 1567 5300 igitur
1598 5238 1784 5300 gentes
1817 5226 2037 5283 benedi-

468 5327 620 5382 cunt,
658 5329 945 5389 propterea
982 5320 1305 5375 haereditant
1336 5337 1561 5392 regnum
1588 5338 1601 5387 ;
1642 5330 1696 5375 at
1724 5319 1893 5375 Judaei
1924 5320 2038 5375 bla-

467 5413 812 5481 Spbemantes
835 5413 1005 5477 illum,
1035 5415 1088 5468 in
1117 5423 1386 5469 internum
1418 5416 1757 5485 dispereunt.

575 5587 621 5620 "
647 5587 781 5642 an.
816 5602 930 5647 nx.
965 5587 1052 5642 16.

468 5658 514 5693 ⁸⁷
548 5659 878 5723 Matth.xxv,
910 5657 1001 5726 37,
1032 5658 1122 5714 40.

542 5729 650 5799 (75;
679 5728 872 5799 Κύριλ.

542 5800 655 5869 (74)
697 5799 870 5869 Ὡριγ.

1162 5588 1207 5621 ⁸³
1235 5586 1421 5642 Matth.
1465 5600 1596 5653 xxv,
1651 5584 1742 5639 ει).

1851 5585 1896 5616 ⁸⁵
1935 5583 1977 5639 Π
2017 5582 2141 5648 Cor.
2185 5582 2303 5660 xiii,
2339 5600 2393 5653 5.

2133 1824 2255 1876 ὅσον
2279 1821 2362 1890 ἐφ’
2393 1821 2568 1892 ἑαυτῷ
2601 1820 2954 1883 καταπίπτει,
2984 1821 3076 1872 καὶ
3122 1819 3299 1872 δέεται
3359 1820 3451 1872 τοῦ
3481 1822 3720 1893 ὑποστη-

2135 1916 2376 1987 ρίζοντος
2409 1915 2538 1978 τοὺς
2566 1914 3031 1979 καταπίπτοντας,
3076 1914 3170 1965 καὶ
3205 1913 3558 1984 ἀνορθοῦντος
3587 1916 3720 1978 τοὺς

2132 2008 2631 2080 κατερῤαγμένους.

2134 2102 2280 2171 Στίχ.
2313 2107 2419 2155 κα’.
2452 2101 2779 2161 Δανείζεται
2809 2104 2840 2155 ό
2872 2101 3237 2170 ἁμαρτωλὸς,
3262 2100 3360 2153 καὶ
3395 2099 3722 2154 vendamu-

2260 2188 2359 2225 σει
2383 2188 2396 2200 ο
2442 2175 2473 2224 ό
2503 2171 2570 2223 δὲ
2598 2172 2830 2239 δίκαιος
2870 2173 3144 2240 οὶκτείρει
3182 2172 3281 2225 καὶ
3326 2171 3590 2224 δίδωσιν.

2215 2263 2474 2335 ’Υψηλότε
2485 2281 2575 2334 ρον
2600 2264 2658 2317 δέ
2677 2282 2689 2293 ·
2719 2262 2887 2319 Ὅταν
2914 2264 3139 2337 διδάσκῃ
3162 2264 3395 2327 Παῦλος,
3422 2264 3455 2334 ἢ
3488 2281 3569 2326 τις
3594 2262 3720 2316 ἔτεα

2135 2375 2227 2428 ρος
2264 2356 2371 2409 τῶν
2403 2356 2563 2428 ἱερῶν
2611 2356 3005 2427 μυσταγωγῶν,
3034 2358 3084 2411 οἱ
3137 2357 3403 2428 ἀκροαταὶ
3442 2355 3716 2419 δανείζον-

2132 2464 2223 2501 ται
2249 2448 2309 2500 τδ
2332 2448 2553 2518 δόκιμον
2576 2448 2836 2522 ἀργύριον
2873 2450 2950 2520 τῷ
2984 2450 3213 2519 στόματι
3243 2448 3479 2502 Παύλου.
3528 2448 3637 2501 Καὶ
3684 2444 3719 2498 ὁ

2137 2540 2235 2610 μὲν
2277 2539 2481 2603 δίκαιος
2514 2540 2802 2593 ἀποδίδωσι
2823 2541 2949 2604 τοὺς
2980 2540 3190 2603 τόκους,
3218 2540 3313 2594 καὶ
3347 2539 3511 2607 λέγει·
3535 2535 3717 2593 Μνᾶν

2127 2653 2232 2703 μοι
2271 2634 2523 2699 ἔδωκας,
2564 2633 2691 2688 ἰδοὺ
2718 2632 2863 2688 δέκα
2880 2632 3041 2704 μνᾶς
3078 2634 3356 2702 ἐποίησα.
3392 2634 3577 2686 Πέντε
3609 2629 3727 2685 τά·

2134 2730 2331 2780 λαντα
2362 2726 2608 2792 ἔδωκας,
2640 2725 2768 2779 ἰδοὺ
2803 2725 2923 2795 ἔχω
2974 2725 3137 2780 δέκα.
3177 2726 3236 2779 ’0
3287 2725 3343 2777 δὲ
3395 2725 3717 2795 ἁμαρτωλὸς

2135 2817 2417 2872 ἀναλίσκει
2452 2818 2649 2870 πάντα.
2678 2818 2792 2871 Οὐκ
2835 2817 3010 2883 ἔξεστι
3060 2816 3323 2882 δανείζειν
3379 2816 3447 2869 τὰ
3495 2814 3717 2879 ἑαυτοῦ,

2134 2913 2253 2982 ἦτοι
2290 2912 2565 2964 διδάσκειν
2584 2911 2657 2975 ὼς
2685 2914 2733 2964 οί
2757 2910 3024 2984 αἱρετικοί
3042 2929 3054 2941 ’
3087 2911 3222 2963 ἀλλὰ
3247 2911 3306 2963 τὸ
3332 2908 3425 2963 τοῦ
3455 2908 3586 2961 Θεοῦ
3612 2910 3715 2979 ἀρ·-

2134 3004 2322 3076 γύριον
2342 3004 2401 3056 τὸ
2424 3003 2667 3072 δόκιμον,
2702 3003 2777 3067 ὡς
2802 3006 2829 3057 6
2846 3003 3019 3072 λέγων
3038 3021 3051 3033 ·
3086 3005 3153 3059 Ἢ
3193 3001 3457 3072 δοκιμὴν»
3498 2999 3721 3067 ζητεῖτε

2136 3096 2241 3149 τοῦ
2276 3097 2345 3150 ἐν
2407 3097 2535 3166 ἐμοὶ
2578 3096 2913 3162 λαλοῦντος
2965 3096 3257 3165 Χριστοῦ;
3314 3094 3625 3148 Ἀποδοτὲον
3658 3090 3719 3146 δὲ

2142 3186 2278 3256 μετὰ
2301 3186 2460 3239 τόκου
2509 3188 2573 3238 ὲκ
2612 3185 2882 3248 πολιτείας
2912 3186 3005 3238 καὶ
3034 3185 3283 3256 πράξεως
3309 3184 3369 3237 τὸ
3401 3182 3716 3251 κεφάλαιον.

2138 3280 2200 3332 Εἰ
2236 3279 2289 3331 δὲ
2328 3278 2424 3350 μὴ,
2456 3278 2701 3348 κρεῖττόν
2729 3279 2847 3330 ἐστι’
2889 3278 2987 3349 τὴν
3015 3275 3187 3347 ἀρχὴν
3225 3275 3298 3346 μὴ
3343 3273 3716 3339 δανείσασθαι,

2142 3371 2376 3442 μάλιστα
2424 3371 2491 3423 τὰ
2524 3370 2615 3422 τοῦ
2656 3370 2883 3441 ταμείου
2917 3369 3010 3424 τοῦ
3058 3367 3359 3441 Κυριακοῦ,
3389 3368 3423 3437 ἢ
3454 3365 3721 3421 ἀπολέσαι

2138 3464 2206 3515 τὰ
2227 3462 2318 3515 τοῦ
2349 3460 2610 3532 βασιλέως
2654 3462 2926 3532 χρήματα.

2140 3553 2291 3622 Στίχ.
2316 3552 2419 3605 κδ’.
2458 3552 2583 3622 Ὅτι
2623 3552 2675 3603 οὶ
2699 3550 3094 3622 εὐλογοῦντες
3136 3550 3324 3603 auctir
3348 3544 3724 3622 κληροκομήα

2211 3618 2419 3691 σουσιν
2446 3620 2595 3689 γῆν·
2636 3625 2690 3674 οὶ
2737 3621 2805 3674 δὲ
2850 3618 3249 3691 καταρώμενοι
3283 3620 3468 3673 αὑτὸν
3506 3618 3721 3681 ἐξολοέ

2212 3690 2661 3759 θρεινθήσονται.

2215 3786 2327 3853 (73)
2360 3786 2585 3854 Ὅμοιον
2630 3781 2709 3853 τῷ
2738 3782 3011 3854 εἰρημένῳ
3051 3781 3189 3852 πρὸς
3234 3780 3512 3851 Ἀϐραάμ’
3564 3778 3718 3846 Τοὺς

2141 3874 2548 3945 εὑλογοῦντάς
2571 3891 2643 3929 σε
2673 3874 3006 3944 εὐλογήσω,
3043 3875 3142 3929 καὶ
3192 3874 3334 3939 τοὺς
3388 3870 3725 3941 καταρωμέ.

2142 3986 2289 4034 νους
2320 3984 2393 4022 σε
2423 3966 2846 4036 καταράσομαι.
2878 3965 3103 4028 Οὐκοῦν,
3129 3966 3177 4017 εί
3206 3968 3233 4018 ὁ
3266 3965 3395 4028 Θεὸς
3423 3966 3503 4035 είη
3526 3967 3555 4019 6
3583 3978 3725 4018 κατ·-

2144 4061 2425 4131 οικτείρων
2472 4060 2567 4113 καὶ⁸
2613 4058 2826 4123 διδοὺς,
2878 4060 2925 4111 οἱ
2980 4057 3380 4126 δοξοὶογοῦντες
3429 4054 3590 4109 αὑτὸν
3629 4054 3723 4108 διὰ

2143 4154 2318 4216 τοῦτο,
2359 4152 2524 4223 ἤγουν
2564 4150 2942 4219 εὐλογοῦντες,
3008 4151 3219 4204 ἔσονται
3257 4148 3581 4221 κληρονόμοι
3616 4146 3727 4215 τῆς

2146 4243 2557 4315 ἐπηγγελμένης
2582 4246 2692 4305 τοῖς
2727 4241 2899 4311 ἁγίοις
2922 4242 3045 4312 γῆς,
3072 4243 3167 4295 καὶ
3195 4241 3453 4312 λήψονται
3492 4237 3589 4307 τὴν
3614 4237 3728 4306 γῆν

2145 4337 2356 4407 ἀγαθὴν
2382 4337 2475 4389 καὶ
2498 4338 2598 4407 τὴν
2637 4336 2858 4406 πολλὴν,
2889 4337 2988 4407 τὴν
3013 4337 3073 4388 οὐ
3101 4335 3327 4405 κέντρου
3351 4333 3447 4386 καὶ⁸
3486 4329 3725 4400 σημείου

2145 4430 2301 4499 λόγον
2324 4430 2573 4500 ἔχουσαν.
2605 4427 2717 4499 (74)
2752 4426 3009 4489 Κίνδυνος
3046 4426 3102 4479 δὲ
3134 4428 3191 4479 ὲν
3207 4424 3284 4495 τῷ
3302 4422 3545 4493 κατάραν
3565 4422 3723 4492 ἡμᾶς

2142 4522 2345 4576 τιθέναι
2367 4520 2442 4592 τῷ
2469 4519 2659 4590 δικαίῳ
2697 4518 2918 4589 ὀλέθρου
2958 4517 3052 4570 τοῦ
3098 4517 3351 4587 ἐσχάτου.
3404 4514 3567 4583 Λέγει
3606 4510 3726 4584 γὰρ

2143 4614 2278 4685 πρὸς
2308 4614 2398 4667 τὸν
2429 4613 2632 4666 δίκαιον
2657 4614 2685 4665 6
2718 4611 2950 4683 Κύριοςο
2990 4612 3046 4664 Ἐ
3050 4611 3320 4681 χθρεύσω
3349 4606 3469 4672 τοῖς
3484 4603 3727 4674 ἐχθροῖς

2142 4717 2281 4762 σου,
2311 4700 2408 4753 καὶ
2431 4701 2827 4770 ἀναϐήσομαι
2844 4699 2967 4766 τοῖς
2989 4699 3415 4766 ἀντικειμένοις
3452 4712 3567 4748 σοι.
3609 4694 3728 4746 Καὶ

2143 4792 2330 4864 ὥσπερ
2358 4793 2525 4861 λέγει·
2562 4795 2780 4848 Τοῦτον
2808 4795 3085 4863 ἔθρεψας,
3112 4791 3217 4861 ἐμὲ
3243 4792 3515 4858 ἔθρεψας·
3547 4786 3730 4848 οὕτως

2141 4883 2435 4938 ἀκόλουθον
2481 4886 2653 4939 εἰπεῖν
2681 4902 2695 4915 ⁸
2732 4885 2932 4938 Τοῦτον
2979 4884 3344 4955 ὲλοιδόρησας,
3392 4880 3491 4951 ἐμὲ
3525 4877 3729 4931 ἐλοιδό-

2143 4994 2337 5048 ρησας.
2374 4978 2739 5050 Καταρῶνται
2764 4979 2821 5032 δὲ
2865 4977 2999 5031 Θεὸν
3051 4980 3099 5030 οἱ
3162 4978 3236 5047 μὴ
3276 4974 3473 5036 εἰδότες
3527 4970 3723 5033 αὐτὸν,

2142 5066 2433 5121 καὶταῦτα
2458 5072 2555 5139 τῆς
2596 5068 2760 5121 αὑτοῦ
2800 5067 2959 5137 δόξης
2998 5066 3159 5120 πάλιν
3204 5066 3417 5134 φὴμους
3444 5060 3557 5131 (75)
3607 5058 3726 5111 ἐσθ’

2142 5159 2230 5212 ὅτε
2254 5159 2569 5229 ῥιπτοῦντες
2598 5159 2802 5229 φωνὰς,
2836 5159 2970 5230 πρὸς
3006 5159 3065 5211 τὸ
3111 5157 3245 5228 μηδὲ
3276 5154 3360 5224 ἐφ’
3404 5147 3483 5216 οίς
3514 5146 3573 5203 εὖ
3626 5167 3729 5202 πε-

2144 5252 2404 5305 πόνθασιν
2450 5253 2736 5323 ἀνέχεσθαι
2785 5253 3080 5324 προσάγειν
3145 5249 3292 5319 αὐτῷ
3345 5248 3441 5311 τὰς
3498 5247 3729 5315 εὐχαρι-

2145 5344 2319 5406 στίας.
2352 5345 2581 5414 Χριστὸν
2607 5342 2703 5415 μέν
2729 5340 2821 5397 οῦν
2853 5343 3132 5412 εὐλογοῦσι
3165 5341 3231 5394 τὰ
3265 5339 3411 5408 ἔθνη,
3460 5336 3542 5391 διὸ
3585 5335 3728 5404 κλη-

2149 5435 2433 5506 ρονομοῦσι
2460 5435 2555 5507 τὴν
2609 5436 2909 5505 βασιλείαν*
2949 5436 3191 5488 Ἰουδαῖοι
3224 5434 3300 5499 δὲ,
3346 5425 3730 5502 βλασφημοῦν-

2146 5536 2234 5588 τες
2263 5527 2441 5593 αὐτὸν,
2468 5530 2545 5600 είς
2570 5527 2718 5600 τέλος
2757 5527 3149 5600 ὁλοθρεύονται.

2502 5587 2547 5629 ⁸⁸
2570 5587 2712 5653 Gen:
2749 5615 2849 5667 xu,
2884 5587 2952 5654 ’5.
3063 5600 3107 5631 ⁸⁸
3137 5598 3276 5654 Psal.
3331 5607 3597 5657 Lxxxvnt,
3629 5587 3725 5646 Ἃ.

2228 5731 2338 5805 (75)
2374 5732 2593 5804 Βλασφή
2603 5749 2754 5802 μους.
