3878 6212
164 280 266 333 1ἆῖ

1358 279 1729 337 EXCERPTA
1765 282 1834 337 IN
1868 284 2210 341 PSALMOS.

3314 294 3421 351 134

162 393 311 461 Στίχ.
353 393 655 477 κγξκηαρὰ
701 394 1023 477 Κυρίου-τὰ
1066 395 1716 477 διαδήματα-ἀνᾷρῴςίοι

1848 398 1911 454 γ.
1945 400 2037 455 2'5.
2059 401 2103 454 Α
2130 401 2356 477 Domino
2370 420 2576 477 gressus
2599 404 2824 458 hominis
2851 406 3185 477 diriguntur:
3206 418 3255 462 et
3282 412 3416 465 vium

226 464 686 584 κατὲἕθύνεται·
743 464 842 518 καὶ
881 466 996 533 τὴν
1052 467 1197 520 ὁδὸν
1240 464 1433 521 αὐτοῦ
1499 468 1745 535 θελήσει

228 550 318 584 σω
397 549 493 584 oa.

228 549 493 599 cpocpa.

225 625 345 694 (76)
364 626 577 697 Ὠσπερ
599 626 727 679 ίδίου
747 628 954 692 παιδὸς,
979 628 1133 699 φησι,
1159 628 1492 699 λαμϐάνεται
1512 629 1614 698 τῆς
1634 647 1745 701 χει-

157 716 247 784 ρὸς
277 718 308 769 6
349 715 516 781 Θεὸς,
553 718 647 771 καὶ
685 718 950 790 ἀποφέρει
983 718 1118 790 πρὸς
1168 720 1284 772 ὁδὸν
1333 718 1547 773 εὐθεῖαν
1573 760 1586 783 ,
1642 721 1742 773 οὐκ

153 809 337 876 ἀφιεὶς
382 809 547 863 αὐτὸν
604 811 1039 881 σκολιοδρομείν,
1093 809 1216 863 οὔτε
1277 812 1383 882 μὴν
1449 812 1741 881 καμπύλας

151 904 431 957 ποιεῖσθαι
465 904 561 957 τοῦ
612 904 729 974 βίου
763 905 862 968 τὰς
901 905 1156 976 τροχιὰς·
1207 904 1321 957 ἀλλ’
1369 903 1495 957 εὐθὺ
1541 905 1741 968 παντὸς

151 991 287 1045 ἰέναι
327 993 651 1064 πράγματος
682 993 919 1062 ἀγαθοῦ,
955 994 1222 1048 διδάσκων
1259 1012 1318 1047 τε
1351 995 1449 1048 καὶ
1500 995 1737 1048 ἀπευθύ-

148 1102 256 1136 νων
283 1085 504 1151 αύτοὺς,
523 1088 663 1140 κατά
688 1104 752 1155 γε
779 1087 838 1139 τό
854 1103 869 1119 ·
900 1086 1263 1155 Ἐκράτησας
1279 1086 1389 1155 τῆς
1410 1086 1608 1156 χειρὸς
1626 1086 1737 1154 τῆς

147 1176 357 1244 δεξιᾶς
372 1197 513 1248 μου,
546 1180 645 1233 καὶ
682 1182 752 1233 ἑν
780 1180 855 1247 τῇ
879 1181 1083 1249 ,ϐουλῇ
1129 1196 1244 1234 σου
1290 1180 1609 1250 ὠδήγησάς
1640 1198 1731 1249 με.

150 1271 323 1325 Ὅταν
360 1272 541 1343 μέντοι
584 1273 676 1325 τοῦ
713 1274 995 1345 ἀνθρώπου
1034 1274 1101 1327 τά
1142 1274 1453 1345 διαδήματα
1485 1275 1589 1328 ὑπὸ
1623 1276 1735 1326 Κυ-

148 1363 269 1433 ρίου
305 1364 664 1436 κατευθυνθῇ,
709 1367 828 1419 τότε
862 1366 961 1436 τὴν
994 1366 1110 1419 ὁδὸν
1150 1366 1311 1420 αὐτοῦ
1355 1367 1590 1439 θελήσει.
1620 1366 1729 1437 (77)

158 1457 487 1526 Ἀμφίδολος
514 1461 549 1528 ἡ
583 1458 745 1524 λέξις.
789 1460 858 1511 Ἦ
888 1458 995 1530 γὰρ
1040 1462 1067 1512 6
1108 1460 1310 1531 Κύριος
1340 1458 1433 1512 τοῦ
1466 1459 1730 1513 κατευθυ-

145 1550 374 1619 νομένου
414 1554 525 1613 τοῖς
553 1551 850 1622 διαδήμασι
886 1551 1026 1605 θέλει
1049 1554 1148 1623 τὴν
1175 1553 1313 1617 ὁδὸν,
1352 1554 1445 1607 καὶ
1476 1554 1731 1625 ἀποδέχε-

142 1658 235 1693 ται
264 1642 334 1711 ἣν
360 1645 592 1696 ποιεῖται
616 1643 756 1696 κατά
783 1644 871 1696 τὸν
911 1645 1073 1715 νόμον
1116 1645 1375 1716 πορείαν,
1408 1645 1495 1714 μὴ
1539 1648 1730 1700 θέλων

144 1732 294 1787 ὀδόν
337 1733 592 1798 ἀσεϐῶν,
634 1735 666 1805 ἢ
713 1734 879 1802 λοξῶς
913 1737 1320 1807 πορευομένων·
1369 1736 1402 1809 ἢ
1452 1737 1630 1803 αὐτὸς,
1666 1733 1726 1792 οὗ
1760 1761 1799 1815 Β

140 1828 213 1880 τά
241 1828 550 1899 διαδήματα
594 1830 698 1883 ὑπὸ
740 1830 943 1902 Κυρίου
982 1830 1395 1895 νκατευθύνεται,
1441 1830 1584 1883 θέλει
1630 1831 1726 1902 τὴν

139 1920 260 1972 ὁδὸν
295 1921 388 1974 τοῦ
424 1921 652 1993 Κυρίου,
684 1922 1038 1993 γευσάμενος,
1075 1924 1131 1975 ὲν
1173 1920 1250 1991 τῷ
1305 1921 1725 1976 κατευθύνεσθαι

139 2010 311 2065 αὑτοῦ
339 2012 412 2076 ὡς
441 2012 510 2065 τὰ
557 2013 887 2084 διαδήματα,
932 2014 1030 2085 τῆς
1077 2014 1412 2083 γλυκύτητος
1455 2014 1552 2084 τῆς
1584 2014 1725 2068 κατά

117 2098 242 2175 ’τὴν
266 2105 404 2169 ὁδὸν,
431 2100 544 2178 ὲνῇ
574 2105 959 2177 κατευθυνθείη
987 2106 1092 2159 ὑπὸ
1122 2108 1347 2175 Κυρίου.
1384 2107 1638 2178 Ἀμεινον
1669 2109 1726 2161 δὲ

140 2198 275 2261 ἴσως
298 2202 457 2264 νοεῖν,
487 2199 569 2251 ὅτι
598 2200 626 2250 6
647 2198 849 2269 Κύριος
876 2198 1089 2268 θελήσει
1116 2200 1215 2269 τὴν
1242 2199 1359 2251 ὁδὸν
1392 2199 1485 2253 τοῦ
1517 2198 1724 2269 ἀνθρὼ-

139 2309 267 2354 που,
319 2292 565 2344 τουτέστι
626 2292 906 2362 ποιήσεται
959 2289 1189 2361 θελητὴν
1238 2292 1331 2343 καὶ
1384 2291 1719 2357 ἀποδέξεται.

143 2384 358 2453 Ὠσπερ
400 2384 507 2455 γάρ
555 2383 908 2454 ἀνεθελήτους
946 2382 1056 2453 ἔχει
1097 2382 1196 2446 τὰς
1238 2383 1346 2435 τῶν
1391 2384 1723 2455 παρανόμων

137 2475 315 2539 ὁδοὺς,
344 2475 486 2528 οὕτω
517 2478 751 2529 ποιεῖται
786 2475 1014 2545 θελητάς
1048 2476 1145 2539 τὰς
1173 2475 1281 2528 τῶν
1318 2474 1721 2546 ἀγαθουργούν-

137 2589 271 2623 των.
302 2572 367 2622 'U
392 2570 449 2622 δὲ
475 2570 700 2641 ἀρέσκει
720 2568 855 2639 θεῷ,
878 2568 1036 2621 τοῦτο
1066 2570 1279 2631 πάντως
1313 2568 1429 2622 ἐστὶ
1462 2570 1552 2621 καὶ
1576 2570 1721 2635 ἐξαί-

141 2676 319 2732 ρετον,
345 2662 439 2714 καὶ
462 2660 661 2725 παντὸς
685 2660 904 2714 ἐπαίνου
932 2660 1145 2731 μεστόν.
1176 2660 1249 2713 Οὐ
1272 2659 1378 2730 γὰρ
1399 2659 1464 2713 ἂν
1490 2660 1720 2730 ἠθέλησε

135 2751 273 2814 Θεὸς
304 2751 365 2804 τὸ
396 2750 471 2822 μὴ
496 2751 667 2816 οὕτως
697 2751 837 2822 ἔχον.
871 2752 939 2805 Οἵ
957 2768 1019 2819 γε
1042 2750 1147 2823 μὴν
1182 2750 1289 2803 ἀπὸ
1318 2750 1424 2804 τῶν
1454 2752 1719 2823 αἱρέσεων

135 2843 379 2912 γίνονται
431 2845 527 2915 μὲν
574 2846 631 2896 ὲν
664 2844 1013 2915 διαδήμασιν,
1045 2845 1103 2897 οὐ
1141 2844 1246 2915 μὴν
1290 2843 1721 2914 κατευθυνουμέ-

134 2952 249 2997 νοις
286 2934 393 2986 ὑπὸ
432 2934 658 3002 Κυρίου,
693 2933 829 2987 ἀλλά
863 2933 1245 3005 λελοξωμένοις
1281 2932 1386 2985 ὑπὸ
1417 2932 1507 2985 τοῦ
1555 2950 1720 3005 πονη-

136 3024 270 3096 ροῦ·
306 3025 611 3079 ἐκκλίνουσι
640 3026 786 3091 δεξιά
822 3028 915 3080 καὶ
942 3025 1225 3098 ἀριστερά,
1268 3026 1341 3096 μὴ
1388 3026 1716 3097 ἀρκούμενοι

2304 472 2419 542 ejus
2448 475 2581 528 volet
2618 472 2961 531 vehementer.

1916 625 2197 697 Tanquam
2222 629 2431 699 proprii
2464 628 2580 697 lilii,
2630 632 2745 695 ait,
2780 632 3137 701 apprehendit
3192 652 3415 691 manum

1844 718 2006 782 Dens,
2039 728 2093 774 et
2142 722 2357 776 deducit
2412 723 2476 777 ad
2510 724 2651 776 viam
2680 733 2909 789 rectam,
2938 740 3042 779 non
3075 726 3261 781 sincns
3291 744 3415 783 eum

1841 809 2057 878 oblique
2087 810 2359 876 incedere,
2394 828 2571 881 neque
2604 816 2768 868 etiam
2801 814 3074 871 ﬂexuosas
3113 818 3295 875 facere
3328 822 3414 874 vi—

1842 909 1909 955 ta:
1939 904 2165 959 semitas
2190 923 2205 960 :
2234 905 2327 959 sed
2354 914 2503 961 recta
2531 920 2758 976 pergere
2784 908 2837 962 in
2871 910 3018 963 omni
3049 926 3214 977 opere
3241 913 3413 978 bono,

1841 996 2039 1050 docens
2089 1006 2144 1050 et
2187 997 2427 1065 dirigens
2483 1014 2578 1053 eos
2607 1040 2621 1063 ,
2684 1000 2839 1070 juxta
2869 1001 3048 1058 illud:
3117 1005 3417 1073 Apprelten-

1838 1083 1963 1137 disti
1998 1101 2215 1139 manum
2269 1093 2542 1142 dexteram
2582 1106 2787 1155 meam,
2826 1102 2873 1146 et
2926 1094 2980 1147 in
3010 1094 3284 1150 uoluntate
3319 1106 3412 1151 tua

1838 1176 2101 1231 deduxisti
2126 1194 2205 1231 me
2237 1179 2302 1231 ⁸⁸.
2338 1179 2783 1252 Quandocnnque
2831 1199 2962 1238 vero
2992 1186 3227 1243 hominis
3260 1204 3413 1259 gres-

1838 1282 1930 1321 sus
1965 1282 1995 1321 a
2048 1267 2278 1325 Domino
2330 1271 2675 1340 diriguntur,
2715 1285 2842 1330 tunc
2891 1278 3032 1331 viam
3078 1279 3197 1349 ejus
3248 1281 3411 1337 volet.

1834 1356 2137 1427 Aﬂquivoca
2192 1377 2316 1415 vox.
2350 1364 2446 1418 Vel
2499 1366 2642 1419 enim
2703 1367 2963 1423 Dominus
3003 1371 3116 1441 ipse
3150 1373 3287 1441 ejus,
3315 1374 3410 1443 qui

1835 1453 2113 1519 gressibus
2160 1455 2431 1525 dirigitur,
2479 1459 2592 1511 vult
2624 1463 2794 1527 viam,
2822 1473 3213 1534 acceptumque
3248 1468 3412 1523 habet

1834 1540 2101 1597 int-essum
2160 1545 2301 1599 illius
2322 1589 2336 1613 ,
2362 1562 2469 1613 quo
2502 1550 2704 1605 incedit
2732 1554 3031 1608 secundum
3061 1555 3256 1625 legem,
3305 1576 3408 1614 non

1832 1633 2003 1689 rolens
2028 1636 2165 1690 viam
2194 1639 2473 1708 impiorum
2496 1644 2564 1706 ⁸³,
2594 1644 2707 1699 sive
2737 1644 2952 1715 oblique
2984 1646 3345 1705 incedentium
3388 1669 3405 1707 :

1833 1726 1915 1779 vel
1942 1725 2218 1797 ille,cujus
2240 1745 2461 1798 gressus
2479 1748 2507 1786 a
2535 1733 2760 1789 Domino
2780 1737 3112 1807 diriguntur,
3133 1741 3246 1794 vult
3264 1743 3405 1797 viam

1833 1819 2082 1887 Domini,
2117 1830 2339 1891 gustans
2386 1824 2511 1877 dum
2558 1826 2905 1896 diriguntur,
2947 1831 3090 1885 sicut
3146 1848 3401 1902 gressus,

1831 1912 2167 1969 dulcedinem
2216 1914 2361 1971 illius
2407 1917 2506 1971 viae
2545 1917 2595 1971 in
2645 1934 2750 1989 qua
2793 1921 3058 1993 dirigatur
3096 1940 3124 1977 ιι
3156 1925 3404 1982 Domino.

1829 2003 2055 2061 Praestat
2098 2016 2275 2061 tamen
2324 2007 2553 2063 fortasse
2595 2011 2918 2081 intelligere,
2958 2018 3085 2084 quia
3139 2017 3401 2075 Dominus

1830 2098 1972 2153 volet
2018 2101 2161 2153 viam
2193 2100 2451 2166 hominis,
2488 2102 2542 2155 id
2581 2112 2665 2158 est
2691 2115 2901 2173 gratam
2927 2106 3121 2163 clﬁciet
3155 2119 3210 2164 et
3243 2125 3404 2166 acce-

1828 2201 1975 2260 ptam
2010 2192 2259 2250 habebit.
2299 2194 2452 2248 Sicut
2478 2194 2623 2248 enim
2656 2197 2923 2252 voluntati
2957 2215 3069 2255 sua:
3098 2203 3403 2259 contrarias

1828 2285 1988 2341 habet
2014 2286 2128 2341 vias
2152 2287 2657 2356 praevaricatornm,
2691 2288 2765 2342 ita
2790 2300 3044 2360 acceptas
3072 2308 3182 2348 sum
3210 2295 3401 2349 volun-

1827 2378 1922 2430 tati
1958 2376 2365 2435 eﬂicitsemitas
2399 2384 2673 2452 agentium
2700 2384 2859 2439 bona.
2889 2385 3041 2451 Quod
3068 2396 3249 2440 autem
3282 2386 3402 2455 pla-

1824 2480 1904 2523 cet
1942 2470 2069 2537 Deo,
2100 2471 2207 2526 hoc
2245 2475 2467 2527 omnino
2497 2476 2660 2530 etiam
2709 2476 2982 2533 excellens
3011 2487 3127 2545 est,
3170 2487 3223 2534 et
3249 2480 3401 2535 omni

1826 2561 1980 2617 laude
2003 2564 2358 2619 cumulatmn.
2389 2565 2504 2621 Non
2560 2570 2706 2623 enim
2755 2582 3039 2639 acceptum
3068 2579 3212 2626 esset
3263 2572 3397 2641 Deo,

1822 2654 1965 2721 quod
1998 2654 2101 2711 tale
2129 2672 2231 2711 non
2266 2667 2429 2714 esset.
2471 2658 2723 2716 Haeretici
2754 2678 2917 2731 porro
2946 2672 3070 2717 sunt
3093 2663 3310 2732 quidem
3342 2661 3399 2719 In

1822 2747 2120 2815 gressibus,
2151 2765 2255 2803 non
2291 2760 2469 2805 tamen
2499 2753 2725 2809 directis
2755 2771 2784 2809 a
2832 2755 3067 2809 Domino
3092 2794 3106 2819 ,
3144 2755 3238 2810 sed
3263 2770 3399 2810 con-

1824 2838 1981 2892 tortis
2026 2852 2055 2891 a
2092 2838 2363 2909 maligno;
2397 2840 2672 2896 declinant
2718 2844 2784 2897 ad
2826 2844 3104 2898 dexteram
3155 2853 3209 2899 et
3255 2844 3395 2899 sini-

1822 2939 2012 2993 stram,
2046 2945 2151 2985 non
2201 2934 2444 2988 contenti
2495 2934 2726 3003 simplici
2776 2934 2910 3001 ﬁde;
2946 2936 3247 3006 cogitantes
3271 2936 3396 3005 qui-

1823 3024 1940 3075 dem
1979 3022 2320 3093 profundius,
2356 3040 2454 3080 nec
2484 3035 2661 3081 tamen
2714 3026 2915 3082 verius.
2957 3027 3199 3095 Quorum
3249 3028 3393 3083 viam

129 3116 261 3189 ψιλῇ
296 3120 361 3188 τῇ
400 3116 597 3179 πίστει,
624 3117 866 3182 νοοῦντες
902 3118 957 3171 δὲ
985 3117 1279 3188 βαθύτερον
1312 3118 1429 3187 μὲν,
1460 3119 1560 3171 ούκ
1587 3118 1716 3190 ἀλη-

1822 3130 1924 3168 non
1956 3115 2067 3170 vult
2097 3116 2256 3179 Deus.
2285 3119 2551 3188 siquidem
2577 3135 2683 3174 non
2713 3120 2991 3175 hominum
3028 3130 3151 3173 sunt
3176 3134 3395 3191 gressus

132 3211 225 3274 θὲς
249 3209 326 3263 δέ.
356 3204 454 3263 ’Ὧν
477 3210 573 3281 τὴν
600 3210 716 3264 ὁδὸν
740 3212 801 3264 ού
830 3210 970 3264 θέλει
1011 3209 1235 3281 Κύριος,
1266 3210 1348 3262 ὅτι
1377 3210 1477 3262 οὐκ
1507 3209 1714 3281 ἀνθρώ-

130 3318 251 3358 πων
279 3304 461 3358 αὐτῶν
490 3304 561 3357 τά
591 3304 915 3375 διαδήματα,
949 3302 1086 3357 ἀλλά
1127 3302 1291 3374 θηρὸς
1337 3303 1369 3373 ἢ
1421 3302 1651 3373 ἑρπετοῦ
1678 3302 1710 3372 ἢ

131 3401 385 3470 κτήνους.

129 3490 280 3559 Στίχ.
322 3489 417 3541 κδ’.
469 3489 645 3541 Ὅταν
690 3487 847 3555 πέσῃ
900 3489 978 3559 ού
1008 3485 1581 3559 κατᾳρῤαχθήοςεται,
1622 3484 1711 3537 ὅτι

377 3560 593 3627 Κύριος
628 3556 1021 3626 ἀντιστηρίζει
1061 3558 1228 3626 χεῖρα
1256 3556 1459 3609 αὐτοῦ.

198 3654 263 3704 Ol
298 3654 355 3705 ὲν
386 3656 499 3715 τοῖς
530 3651 704 3719 ἀγῶσι
745 3652 1064 3714 παλαίοντες
1098 3649 1418 3703 πεπτώκασι
1452 3650 1512 3701 τὸ
1556 3646 1710 3719 πρῶ-

125 3762 237 3807 τον,
267 3748 583 3815 νενικήκασι
609 3743 677 3797 τά
702 3744 847 3815 τρία.
886 3744 1009 3797 Ἐπὶ
1034 3743 1243 3807 τούτοις
1274 3744 1445 3806 εἴποις
1476 3742 1541 3794 ἂν
1570 3740 1711 3793 κατὰ

122 3836 186 3888 τὸ
214 3835 541 3905 σωματικὸν,
561 3836 662 3887 ὅτι·
685 3835 998 3898 Πὲπτωκεν,
1025 3835 1085 3887 ού
1115 3835 1431 3906 κατερράγη
1459 3835 1537 3897 δὲ,
1572 3832 1709 3886 νενί-

122 3946 263 3999 κηκε
288 3928 398 3999 γὰρ
451 3927 590 3998 μετά
622 3927 681 3981 τὸ
708 3930 912 3980 πεσεῖν.
950 3925 1073 3979 Ἐὰν
1112 3926 1226 3999 ἴδῃς
1256 3927 1539 3997 ἄνθρωπον
1566 3943 1705 3978 νενι-

120 4022 385 4091 κημένον,
428 4020 519 4072 καὶ
556 4017 691 4089 μετά
718 4020 778 4071 τὸ
811 4017 1127 4087 νενικῆσθαι
1158 4019 1217 4070 οὐ
1248 4017 1555 4088 παραδόντα
1580 4019 1705 4070 ἐαυ-

117 4111 212 4163 τὸν
251 4113 316 4180 τῇ
360 4110 615 4180 ἀσελγείᾳ
659 4112 738 4173 είς
786 4109 1048 4182 ἐργασίαν
1100 4108 1443 4180 ἀκαθαρσίας
1499 4110 1701 4180 πάσης,

116 4202 432 4255 ἀναστάντα
474 4202 550 4267 δὲ,
596 4202 1010 4273 ὑπομνησθέντα
1056 4202 1155 4273 τῆς
1200 4201 1459 4273 Γραφῆς·
1516 4200 1615 4269 Μὴ
1670 4204 1703 4254 ὁ

118 4293 328 4347 πεσὼν
388 4295 499 4346 οὐκ
564 4293 909 4355 ἀνίσταται;
960 4291 997 4361 ἢ
1060 4295 1093 4345 ό
1140 4289 1533 4358 ἀποστρέφων
1589 4292 1700 4343 οὐκ

112 4385 496 4453 ἐπιστρέφεκ
542 4385 686 4452 λέγε,
736 4386 850 4448 ὅτι,
898 4383 1079 4438 πεσὼν
1106 4386 1134 4436 6
1172 4383 1429 4446 τοιοῦτος,
1474 4384 1534 4435 οὐ
1566 4401 1698 4437 κατ-

1815 3220 2028 3272 eornm,
2067 3210 2161 3265 sed
2192 3209 2318 3264 ferte
2350 3211 2429 3263 vel
2459 3213 2748 3281 serpentis,
2776 3214 3138 3283 auljumenti.

1814 3479 1876 3534 V.
1917 3479 2006 3533 25.
2047 3479 2272 3546 Quando
2300 3482 2608 3557 cade_t,_non
2643 3483 2941 3557 collidatur,
2970 3488 3096 3557 quia
3133 3486 3389 3544 Dominus

2273 3553 2509 3621 stt/fulcit
2542 3570 2756 3608 manum
2783 3556 2917 3624 ejus.

1880 3642 1981 3710 Qui
2007 3644 2059 3698 in
2089 3646 2354 3713 agonibus
2387 3646 2681 3712 luctantur,
2708 3648 3000 3716 aliquando
3042 3651 3245 3707 cadunt
3275 3654 3389 3722 pri-

1812 3755 1956 3793 mum
1982 3778 1997 3802 ,
2055 3749 2111 3794 at
2143 3741 2367 3794 vincunt
2395 3742 2499 3795 tria
2546 3742 2679 3813 (79).
2723 3742 2886 3797 Juxta
2923 3745 3035 3799 haec
3065 3746 3211 3801 dicat
3240 3749 3385 3817 quis,

1810 3829 2107 3885 secundum
2137 3832 2279 3901 quod
2328 3832 2394 3885 ad
2442 3848 2527 3886 res
2563 3833 2755 3887 attinet
2784 3850 3073 3903 corporeas
3105 3858 3115 3890 :
3149 3836 3382 3901 Cecidit,

1808 3936 1908 3974 nec
1935 3931 2113 3976 tamen
2171 3922 2397 3979 collisus
2432 3934 2536 3991 est,
2570 3926 2696 3980 vicit
2730 3927 2877 3979 enim
2928 3935 3215 3996 postquam
3240 3930 3384 3983 ceci-

1810 4013 1905 4066 dit.
1943 4012 1998 4066 Si
2026 4015 2377 4083 conspexeris
2434 4016 2715 4071 hominem
2751 4019 2978 4082 victum,
3009 4029 3063 4073 et
3096 4031 3382 4090 postquam

1806 4106 1979 4159 victus
2009 4116 2112 4172 est,
2138 4121 2242 4161 non
2279 4108 2561 4162 dedentem
2609 4125 2666 4164 se
2697 4110 3125 4178 intemperantiae
3150 4111 3216 4165 ad
3251 4126 3383 4181 ope-

1808 4198 2068 4252 rationem
2124 4200 2300 4253 omnis
2349 4199 2705 4254 immunditiaa
2742 4202 2914 4268 ;qnin
2974 4201 3155 4271 potius
3201 4218 3383 4256 resur-

1803 4298 2042 4354 gentem,
2073 4289 2197 4342 dum
2232 4289 2547 4343 recordatur
2578 4289 2723 4344 illius
2766 4289 3089 4359 Scripturaz:
3120 4286 3261 4344 Num
3290 4292 3380 4360 qui

1808 4378 2016 4439 cecidit.
2044 4395 2147 4433 non
2171 4383 2391 4452 resurgit
2418 4390 2441 4443 ε)
2479 4381 2553 4435 vel
2573 4383 2664 4451 qui
2692 4392 2978 4445 aversatur,
3003 4399 3104 4435 non
3130 4384 3383 4435 converti-

114 4476 384 4549 ερῤάχθη.
427 4475 551 4528 Ἐὰν
586 4476 641 4527 δὲ
694 4476 832 4546 μετά
875 4476 935 4527 τὸ
995 4478 1181 4527 πεσεῖν
1244 4473 1549 4546 ἀπαυδήσῃ,
1593 4494 1691 4529 καί

1826 4487 1888 4522 ur
1916 4471 2001 4523 9°?
2028 4473 2136 4534 die,
2190 4475 2312 4542 quia
2340 4490 2459 4528 cum
2493 4474 2748 4528 ceciderit
2787 4475 2872 4526 vir
2904 4473 3206 4539 hujusmodi
3228 4513 3242 4537 ,
3271 4489 3377 4528 non

112 4568 412 4639 τερράχθη.
462 4567 639 4619 Καλὸν
688 4568 782 4637 μὲν
813 4562 905 4620 οὖν
956 4565 1191 4636 ἀθλητὴς
1235 4560 1373 4618 εἶναι
1421 4565 1689 4631 ἄπτωτος,

114 4662 208 4713 καὶ
255 4660 342 4711 ἵνα
386 4658 560 4721 οὕτως
603 4658 852 4729 ὀνομάσω
898 4658 1005 4711 ἀπὸ
1052 4657 1158 4711 τῶν
1210 4657 1689 4729 παραδειγμάτων,

114 4751 544 4822 ἀμεσολάδητος,
562 4749 947 4814 ἀσυνέζωστος.
972 4752 1035 4804 El
1059 4750 1116 4803 δὲ
1138 4750 1443 4812 πέπτωκεν,
1468 4752 1694 4821 ἀναστή-

110 4863 205 4897 τω,
244 4842 575 4895 Πενθοῦνται
597 4842 703 4913 γὰρ
736 4844 784 4895 οἱ
817 4844 1090 4910 πεσόντες,
1115 4843 1209 4896 καὶ
1245 4843 1381 4913 μετά
1408 4843 1470 4896 τὸ
1508 4844 1690 4915 ἁμαρ-

107 4936 269 5006 τῆσαι
302 4935 741 5005 ἀπαλγήσαντες,
783 4937 879 4989 καὶ
923 4935 1253 5007 παραδόντες
1286 4936 1508 4997 ἑαυτοὺς
1542 4936 1690 5008 πάσῃ

105 5027 374 5098 ἁμαρτίᾳ.
416 5027 503 5079 Ἐν
524 5027 781 5093 ἀγενείων
805 5027 938 5095 (78),
962 5029 1017 5081 ἐν
1042 5026 1265 5098 ἀνδράσι
1292 5024 1685 5098 στεφανώθητι.

107 5118 414 5178 Πέπτωκας
459 5118 516 5168 ὲν
552 5116 731 5181 παισί;
764 5119 855 5169 τὸν
900 5117 1141 5185 ἀγένειον
1172 5116 1456 5185 ἀγώνισαι,
1485 5117 1578 5169 καὶ
1611 5117 1689 5169 νί-

108 5224 272 5276 κησον
310 5208 369 5259 ὲν
414 5204 580 5271 αὐτῷ.
633 5208 719 5259 Ἐν
770 5207 944 5278 κοιλίᾳ
987 5206 1273 5277 ἐπτέρνισε
1319 5206 1410 5258 τὸν
1454 5204 1626 5259 Ἠσαῦ
1660 5208 1688 5259 6

117 5298 344 5352 Ἰακώδ’
387 5300 451 5350 ἐκ
485 5298 673 5362 παιδὸς
718 5301 746 5353 6
777 5298 973 5370 Δανιὴλ
1007 5300 1397 5371 προεφήτευσε,
1433 5300 1528 5354 καὶ
1560 5301 1686 5364 τοὺς

174 5414 220 5445 ⁸⁸
249 5412 393 5468 Psal.
432 5430 605 5481 Lxxtt,
640 5414 731 5469 25.
806 5415 850 5446 ⁸⁹
888 5414 1027 5469 l’sal.
1054 5430 1105 5479 v,
1140 5416 1192 5470 5.
1268 5418 1314 5449 9°
1344 5414 1679 5481 Jerem.vut,
1723 5416 1775 5469 4.

170 5507 290 5641 έ76)
326 5508 530 5591 Κύριλ.

196 5578 285 5641 77)
340 5580 498 5641 Ωριγ.

196 5578 285 5647 77)
326 5579 498 5649 Ὡριγ.

170 5650 285 5716 (78)
326 5649 489 5703 Forte
513 5649 573 5714 ἐξ
608 5650 888 5717 ἀγενείων,
918 5651 997 5706 vel
1031 5652 1090 5703 ὲν
1121 5652 1409 5719 ἀγενείοις.

170 5719 285 5790 (79)
315 5720 373 5773 In
419 5719 563 5775 lucta
620 5720 962 5788 Graecorum,
1021 5725 1112 5792 qui
1164 5725 1533 5780 adversarium
1602 5733 1683 5777 ter

1800 4571 1883 4617 cst
1905 4563 2148 4617 collisus.
2180 4564 2245 4617 At
2266 4565 2310 4617 si
2338 4574 2622 4633 postquam
2656 4565 2881 4630 cecidit,
2918 4566 3126 4620 animos
3150 4569 3389 4636 despon--

1800 4655 1946 4719 deat,
1973 4654 2085 4724 jam
2124 4655 2345 4710 collisus
2375 4666 2474 4710 est.
2505 4655 2732 4710 Prmstat
2774 4657 2936 4726 igitur
2977 4657 3233 4712 athletam
3258 4673 3378 4714 esse

1803 4745 2023 4800 minime
2053 4746 2345 4801 obnoxium
2384 4748 2578 4816 lapsni,
2610 4757 2664 4802 et
2698 4759 2756 4801 ut
2782 4750 2861 4803 sic
2887 4749 2954 4803 ab
2987 4750 3251 4818 exemplis
3279 4767 3376 4805 no-

1803 4838 2024 4903 minem,
2058 4839 2148 4907 qui
2200 4853 2298 4892 nec
2328 4839 2467 4892 unde
2496 4834 2887 4908 prehendatur,
2920 4856 3018 4895 nec
3052 4844 3373 4898 vestimenta

1800 4930 2014 4984 habeat.
2050 4930 2121 4984 At
2151 4930 2196 4983 si
2244 4931 2460 4994 cecidit,
2494 4940 2760 5000 resurgat.
2800 4932 3075 4986 Dellentnr
3116 4935 3259 4989 enim
3284 4936 3372 5004 qui

1797 5023 2132 5085 ceciderunt,
2162 5031 2216 5076 et
2243 5032 2363 5092 post
2402 5034 2618 5092 peccata
2646 5024 2946 5079 indolentes
2974 5035 3119 5090 sunt,
3148 5027 3379 5083 dedunt-

1794 5132 1902 5185 que
1933 5116 2141 5187 seipsos
2163 5117 2311 5171 omni
2345 5115 2569 5187 ﬂagitio.
2592 5117 2922 5173 Adolescens
2956 5135 3086 5189 ergo
3114 5121 3254 5175 inter
3278 5123 3376 5174 ιιο·

1796 5210 1971 5264 mines
2011 5223 2298 5263 coronare.
2343 5207 2597 5263 Cecidisti
2649 5227 2678 5263 a
2725 5212 3370 5280 puero?Atlolescentem

1796 5299 2031 5367 imitare,
2063 5309 2119 5355 et
2168 5301 2326 5358 vince
2356 5316 2452 5372 per
2503 5302 2651 5356 illam
2704 5312 2941 5358 aetatem.
2973 5304 3027 5357 In
3069 5315 3222 5360 utero
3250 5322 3370 5375 sup-

1792 5526 2205 5591 prostraverat,
2236 5516 2487 5591 palmam
2518 5514 2769 5591 ferebat;
2797 5521 2936 5573 unde
2988 5519 3226 5591 τριάξαι,
3287 5520 3371 5574 vel

1793 5586 2021 5711 mitam,
2052 5598 2136 5641 est
2153 5587 2393 5709 6gilncere.
2432 5586 2645 5644 Videsis
2676 5592 2947 5655 Poterum.
2982 5586 3140 5643 A'rc/t-
3172 5589 3344 5644 (ἐνίεσ-

1814 5675 1826 5709 ι
1872 5698 1885 5713 .
1916 5676 1976 5727 ιι,
2006 5672 2124 5727 Cap.
2157 5696 2187 5710 -
2232 5697 2246 5713 .

1872 5698 1885 5713 ο
1917 5696 1976 5727 II,
2008 5696 2124 5727 1111⁸1.
2157 5696 2246 5713 -.ο
