3878 6212
496 278 600 337 I55

1374 280 1931 337 SUPPLEMENTUM
1968 281 2059 335 AD
2097 279 2421 338 ORIGENIS
2457 279 2871 339 EXEGETICA.

3626 284 3721 340 I3€

492 394 757 465 plantavit
806 393 1005 449 Esaum
1049 390 1320 461 Jacohus;
1357 411 1386 451 a
1423 414 1591 467 puero
1626 400 1810 454 Daniel
1843 401 2066 469 prOphe-

2173 397 2575 470 πρεσϐυτέρους
2620 398 2861 469 ἧλεγξεν.
2903 398 2977 452 Οὐ
3021 396 3245 451 δύνασαι
3292 393 3528 461 τοιοῦτος
3581 396 3724 466 γενέ-

492 488 651 553 tavit,
685 496 739 543 et
787 486 1028 541 seniores
1074 488 1340 557 coarguit.
1387 488 1501 544 Non
1551 501 1704 559 potes
1752 492 2056 559 hujusmodi

490 581 723 636 evadere
752 579 777 634 ἳ
801 580 928 635 Esto
984 581 1251 650 sequioris
1277 583 1484 638 ordinis
1532 584 1758 651 athleta,
1783 594 1841 638 ut
1867 585 1951 639 vir
1971 585 2055 653 ju-

489 683 641 737 stus,
697 674 787 741 qui
823 676 1070 743 quamvis
1122 677 1284 731 cadat
1325 677 1377 730 in
1409 676 1550 732 lucta
1594 677 1679 732 vel
1724 694 1919 740 cursu,
1955 694 2059 731 non

488 767 779 833 colliditur,
811 768 935 836 quia
965 767 1222 823 Dominus
1270 769 1503 838 sit/fulcit
1536 786 1749 823 manum
1789 771 1921 839 ejus.
1954 770 2061 823 Du-

488 858 579 911 bia
629 858 858 919 locutio;
895 859 1164 913 incertum
1213 862 1360 915 enim
1399 870 1577 917 utrum
1623 878 1797 927 suam,
1846 862 1927 916 vel
1980 862 2064 917 lu-

487 951 687 1005 ctantis
736 967 799 1006 ac
836 951 949 1019 jam
981 951 1297 1017 collidendi,
1346 962 1538 1008 utnon
1575 968 1802 1023 prorsus
1837 962 1961 1008 ruat
2006 953 2063 1008 in

488 1038 704 1104 faciem,
740 1050 793 1094 et
829 1041 1171 1109 totusjaceat
1204 1043 1354 1096 humi
1386 1052 1710 1110 prostratus.

488 1130 551 1186 V.
583 1133 672 1187 25.
708 1133 901 1187 Junior
925 1134 1267 1256 fui;ct;nin;.
1290 1136 1437 1187 senui
1463 1151 1480 1188 :
1504 1146 1549 1188 et
1578 1151 1680 1189 non
1724 1135 1833 1189 uidi
1865 1134 2062 1203 iustum

1142 1222 1225 1256 ere
1252 1217 1434 1256 iclum.

1142 1217 1434 1258 erettctum.

556 1293 726 1347 Aliter
755 1305 935 1349 autem
989 1306 1304 1363 reputamus
1348 1305 1565 1350 natalem
1596 1297 1892 1350 secundum
1923 1296 2061 1352 inte-

484 1385 685 1438 riorem
720 1385 1015 1448 hominem.
1040 1386 1212 1454 pueri,
1242 1385 1484 1453 juvenis,
1518 1388 1686 1441 senis.
1720 1389 1863 1443 Ante
1894 1386 2067 1440 Abra-

484 1478 611 1533 ham
637 1492 788 1547 ergo.
809 1478 1163 1549 longzeviores
1192 1477 1280 1532 illo
1320 1495 1425 1535 non
1455 1490 1582 1534 sunt
1618 1479 1748 1534 dicti
1778 1482 2063 1544 seniores;

484 1572 577 1624 sed
612 1570 725 1638 ipse
766 1572 972 1639 primus
999 1582 1219 1641 propter
1248 1572 1505 1627 virtutem
1537 1571 1722 1627 senior
1749 1574 1983 1641 audivit,
2013 1581 2070 1629 et

483 1672 767 1731 propterea
801 1663 943 1731 quod
972 1664 1199 1718 interior
1241 1666 1402 1719 homo
1428 1664 1543 1731 ejus
1572 1676 1914 1720 evacnaverat
1950 1683 2067 1734 qua:

2162 490 2285 543 σθαι
2305 507 2318 555 ;
2341 488 2502 544 Γενοῦ
2525 490 2652 561 ἑξῆς
2677 489 2932 562 ἀθλητὴς,
2954 489 3029 554 ὡς
3056 492 3085 543 ὁ
3107 490 3330 555 δίκαιος,
3360 490 3438 554 ὃς,
3467 491 3569 543 κᾶν
3590 489 3725 560 πέσῃ

2161 582 2403 635 παλαίων
2435 582 2469 653 ἢ
2510 582 2738 653 τρέχων,
2770 585 2842 636 οὺ
2870 583 3362 651 καταρρήγνυται,
3394 582 3483 634 ὅτι
3517 581 3725 648 Κύριος

2160 670 2551 741 ἀντιστηρίζει
2580 673 2747 743 χεῖρα
2770 673 2972 727 αὐτοῦ.
3014 673 3333 744 Ἀμφίϐολος
3362 675 3395 743 ἡ
3429 672 3598 739 λέξις·
3627 666 3725 720 πό-

2159 783 2316 837 τερον
2346 766 2451 838 γὰρ
2477 766 2572 837 τὴν
2597 766 2806 830 ἑαυτοῦ,
2842 766 2875 837 ἦ
2907 766 3002 838 τὴν
3037 766 3130 819 τοῦ
3162 766 3477 829 παλαίοντος
3509 766 3598 819 καὶ
3620 763 3717 836 ἤδη

2164 859 2445 930 μέλλοντος
2497 861 2992 931 καταρρήγνυσθαι,
3043 861 3126 912 ἵνα
3176 859 3250 931 μὴ
3293 858 3428 922 ὅλως
3474 857 3597 929 ἔλθῃ
3630 857 3721 910 ἐπὶ

2161 951 2472 1023 πρόσωπον,
2508 953 2600 1005 καὶ
2632 952 2854 1024 γένηται
2885 952 3057 1024 χαμαὶ
3088 951 3203 1014 ὅλος
3236 951 3503 1022 κείμενος.

2163 1128 2310 1199 Στίχ.
2342 1136 2449 1219 κε’ζ
2479 1128 3123 1219 Νεῴξεροὲἐγενόιιην·
3163 1131 3261 1219 καί
3288 1130 3396 1219 γζὰρ
3419 1128 3713 1219 ἐτῄρασα·

2260 1197 2358 1253 καὶ
2389 1203 2498 1254 οὐκ
2535 1197 2699 1254 εἶδον
2739 1197 3628 1271 δίκαιονέγκαταλεζὶέιμμένον.

2245 1292 2473 1363 Ἑτέρως
2500 1293 2557 1345 δὲ
2585 1293 2741 1362 ἴσμεν
2759 1293 2973 1363 ἡλικίαν
3005 1293 3144 1347 κατὰ
3171 1293 3260 1345 τὸν
3285 1294 3391 1345 ἔσω
3418 1292 3717 1363 ἄνθρωπον,

2165 1383 2397 1447 παιδίου,
2427 1384 2729 1447 νεανίσκου,
2760 1388 3031 1456 γέροντος.
3059 1384 3173 1455 Πρὸ
3195 1384 3323 1453 γοῦν
3346 1385 3439 1437 τοῦ
3478 1385 3723 1456 Ἀϐραὰμ

2163 1477 2211 1527 οἱ
2252 1476 2728 1549 πολυχρονιώτεροι
2754 1477 2914 1532 αὑτοῦ
2938 1478 3037 1530 οὐκ
3064 1479 3305 1549 εἴρηνται
3332 1476 3717 1548 πρεσϐύτεροι·

2164 1568 2278 1621 ἀλλ’
2296 1568 2457 1632 αὐτὸς
2492 1569 2703 1640 πρῶτος
2732 1570 2799 1623 δι’
2826 1568 3022 1643 ἀρετὴν
3046 1569 3410 1640 πρεσϐύτερος
3429 1569 3720 1639 ἐχρημάτι-

2168 1678 2248 1723 σε,
2278 1662 2373 1715 καὶ
2403 1660 2491 1714 διὰ
2514 1660 2574 1714 τὺ
2600 1661 2689 1713 τὸν
2729 1661 2837 1715 ἔσω
2864 1660 3025 1714 αὑτοῦ
3056 1661 3337 1734 ἄνθρωπον
3364 1657 3718 1729 κατηργηκέ-

482 1754 944 1824 ernntparvuli".
987 1757 1122 1809 Audi
1168 1754 1501 1812 Ieremiam:
1539 1755 1621 1811 Ne
1643 1759 2046 1827 dixeritis,quia

2160 1770 2243 1807 rat
2275 1753 2346 1807 τὰ
2396 1753 2500 1807 τοῦ
2550 1754 2788 1821 νηπίου.
2831 1755 2939 1807 Καὶ
2984 1755 3249 1825 Ἱερεμίου
3290 1753 3479 1807 ἄκουε·
3505 1750 3722 1819 Μὴλέ-

474 1846 664 1915 junior
692 1864 783 1918 ego
811 1866 925 1902 sum
960 1851 1026 1902 “.
1054 1848 1186 1902 Tale
1208 1850 1336 1917 quid
1375 1860 1426 1903 tu
1466 1850 1598 1903 mihi
1650 1851 1824 1919 cogita
1854 1851 1917 1904 de
1950 1850 2052 1904 Da-

483 1940 572 1994 vid
602 1954 817 2009 quoque
845 1958 859 1994 :
885 1939 1098 2005 Iunior,
1132 1942 1321 2010 inquit,
1351 1942 1427 2009 fui
1458 1958 1477 2005 ,'
1504 1942 1794 1995 secundum
1834 1942 2054 1996 interio-

482 2046 596 2086 rem
628 2033 922 2087 hominem.
961 2031 1197 2088 Mutatus
1229 2043 1407 2088 antem
1458 2033 1526 2088 de
1553 2032 1775 2102 juvenili
1816 2049 1966 2088 more
1997 2044 2053 2090 et

482 2123 745 2187 instabili,
782 2124 1073 2177 secundum
1099 2138 1256 2192 quem
1276 2124 1603 2193 juvenilibus
1631 2126 1853 2179 studens
1876 2125 2051 2193 iunior

481 2232 651 2277 eram,
684 2217 751 2269 ad
797 2225 1133 2271 senectutem
1171 2220 1312 2279 veni,
1340 2218 1505 2270 vitam
1552 2216 1760 2270 habens
1792 2218 2053 2274 immacu-

481 2305 671 2371 latum,
698 2313 751 2359 et
782 2319 971 2359 canam
1005 2306 1370 2373 prudentiam.
1401 2306 1580 2375 Atque
1612 2316 1670 2358 ut
1698 2307 1766 2359 ita
1802 2303 2051 2375 profece-

479 2395 616 2460 riin,
650 2412 755 2449 non
816 2397 924 2450 vidi
972 2408 1180 2466 Justum
1227 2397 1550 2451 derelictum.
1584 2398 1640 2452 Si
1696 2398 2053 2467 corporaliter

480 2486 780 2559 intelligas,
813 2488 1008 2542 falsum
1055 2497 1156 2543 est.
1195 2489 1264 2543 At
1305 2490 1423 2543 duae
1455 2500 1580 2543 sunt
1617 2488 1999 2545 derelictiones
2032 2509 2045 2557 ;

477 2581 652 2635 altera
711 2579 1035 2649 corporalis,
1084 2595 1203 2649 quae
1256 2580 1388 2635 nihil
1428 2579 1582 2635 nobis
1630 2579 1827 2646 oﬂicit;
1878 2581 2048 2637 altera

479 2670 800 2741 spiritualis,
833 2686 953 2741 qute
990 2671 1240 2726 interitus
1278 2683 1381 2727 est.
1419 2671 1685 2739 Quantum
1718 2672 1881 2744 igitur
1910 2675 2047 2729 dite-

480 2764 685 2817 scimus
716 2763 771 2817 in
801 2764 1056 2833 operibus
1080 2762 1267 2833 justis,
1294 2774 1444 2818 tanto
1481 2766 1653 2835 magis
1676 2764 1961 2834 juvamur,
1990 2776 2049 2821 ut

481 2870 588 2908 non
624 2853 1068 2922 derelinquamur
1096 2870 1265 2925 usque
1300 2856 1351 2910 in
1390 2857 1569 2910 ﬂuent.
1598 2857 1805 2911 Idcirco
1831 2873 1935 2912 non
1959 2859 2045 2912 di-

481 2948 583 3010 xit,
607 2946 697 3016 qui
725 2946 1139 3017 derelinquatur,
1167 2950 1260 3002 sed
1306 2948 1603 3003 derelictus.
1638 2948 1774 3016 Quia
1816 2950 1881 3004 ad
1914 2959 2047 3006 tem-

478 3051 579 3103 pus
618 3035 1066 3105 derelinquuntur
1108 3036 1272 3091 etiam
1314 3039 1467 3105 justi,
1507 3041 1664 3093 sicuti
1704 3038 1826 3105 Job,
1864 3051 1920 3095 ut
1952 3056 2047 3112 ap-

479 3137 692 3196 pareret
714 3125 914 3196 justus.

1074 3216 1270 3273 PSAL.
1304 3215 1438 3270 XLI.

481 3306 543 3362 ν.
576 3308 655 3381 10.
701 3308 884 3363 Dicam
915 3308 1023 3381 Deo
1060 3311 1398 3363 :Auxiliator
1430 3327 1571 3363 meus
1608 3327 1683 3367 es.
1714 3309 1781 3364 Ut
1810 3312 1934 3381 quid
1951 3314 2050 3367 mei

548 3378 739 3453 oblitus
768 3395 819 3453 es
850 3381 875 3433 .’
904 3378 970 3453 ξ(
992 3396 1152 3448 quare
1176 3381 1341 3434 tristis
1369 3382 1551 3434 incedo
1578 3382 1743 3445 vultu,
1766 3378 1890 3436 dum
1915 3383 2049 3453 aﬁIi-

546 3452 617 3518 git
640 3450 885 3502 inimicus
917 3450 944 3501 7

482 3540 662 3611 νηιι.
694 3538 827 3593 Cum
868 3538 1334 3610 confringebantur
1386 3558 1507 3595 ossa
1558 3559 1695 3605 mea,
1726 3546 2049 3611 impropera-

550 3610 672 3662 bunt
711 3612 841 3662 mihi
873 3612 1096 3681 _inimici
1116 3613 1240 3681 pinei
1275 3628 1293 3664 :
1318 3629 1435 3665 cum
1490 3614 1716 3668 dicerent
1768 3614 1867 3681 ipsi
1898 3610 2047 3666 imi/ti

546 3681 781 3747 quotidic
812 3696 831 3733 :
867 3679 968 3733 Ubi
989 3691 1065 3733 est
1104 3680 1243 3735 Deus
1269 3694 1391 3736 tuus
1421 3684 1446 3735 .9

550 3772 665 3825 Non
718 3773 965 3826 videmus
1014 3787 1205 3826 omnes
1228 3775 1503 3842 quomodo
1535 3775 1859 3829 misereatur
1883 3775 2043 3829 Deus.

477 3864 619 3930 Quin
674 3864 838 3917 etiam
868 3879 1011 3933 saepe
1057 3866 1111 3919 in
1160 3865 1228 3918 iis
1263 3880 1383 3933 qua:
1418 3880 1482 3919 ex
1517 3866 1889 3921 misericordia
1933 3866 2048 3934 ejus

476 3958 822 4024 proveniunt,
845 3967 1131 4024 propterea
1160 3958 1304 4026 quod
1335 3958 1560 4012 molesta
1589 3968 1736 4023 sunt,
1775 3958 1916 4012 haud
1949 3974 2044 4012 vo-

478 4047 602 4116 lupe
625 4048 922 4110 habentes,
958 4064 1023 4100 ne
1075 4050 1297 4116 quidem
1343 4064 1463 4103 esse
1512 4062 1573 4101 ea
1618 4049 2042 4102 misericordiam

477 4141 873 4194 existimamus.
928 4139 1221 4208 Propterea
1314 4142 1609 4195 dicimus:
1676 4140 1875 4211 thuid
1942 4141 2044 4193 mei

476 4235 741 4287 cbtituscs
767 4233 793 4285 ἔ
818 4233 885 4285 At
920 4233 1011 4301 qui
1053 4233 1306 4301 percipit,
1340 4233 1467 4302 quia
1500 4246 1662 4286 omne
1696 4234 1841 4302 quod
1887 4233 2046 4286 indu-

476 4326 553 4379 cit
609 4325 749 4379 Deus
798 4324 1004 4378 utiliter
1051 4324 1279 4388 inducit,
1330 4323 1463 4377 nihil
1509 4324 1615 4377 tale
1645 4324 1813 4387 dicet,
1865 4324 2043 4378 sciens

476 4417 645 4473 [litum
699 4418 775 4471 ita
827 4431 1006 4486 agere,
1046 4417 1172 4485 quia
1200 4416 1534 4483 ptenitentize
1584 4426 1639 4469 et
1669 4416 1886 4471 utilitati
1923 4415 2043 4484 ejus

476 4513 677 4566 Studet.
705 4508 812 4563 Sed
837 4510 981 4579 quod
1033 4508 1363 4568 dicebamus.
1400 4508 1666 4576 pmnitens
1702 4506 1890 4577 vulgus
1936 4506 2041 4560 sci-

477 4604 704 4658 "scitatur
731 4616 761 4654 a
801 4602 930 4663 Deo,
965 4613 1062 4652 cur
1106 4601 1283 4668 ipsum
1316 4598 1597 4667 reliquerit
1621 4598 1756 4651 adeo
1782 4598 2039 4651 alIiictum

477 4710 543 4748 ac
584 4694 801 4747 tristitia
830 4692 1104 4745 obrutum.
1134 4690 1393 4757 Quaenam
1424 4700 1507 4744 est
1547 4689 1707 4758 hujus
1734 4687 2043 4742 derelictio—

478 4788 564 4840 nis
591 4799 753 4839 causa
783 4782 809 4835 ?
834 4797 1006 4850 neque
1029 4783 1171 4836 enim
1199 4781 1431 4851 vulgaris
1456 4781 1635 4849 aliqua
1656 4794 1777 4833 esse
1808 4779 2038 4832 videtur.

478 4880 583 4943 Qui
635 4878 799 4945 igitur
829 4875 959 4928 dicit
990 4896 1001 4927 :
1047 4873 1241 4943 thuid
1273 4874 1373 4927 mei
1403 4874 1599 4926 oblitus
1630 4888 1684 4925 es
1713 4873 1739 4925 .9
1764 4869 2042 4924 conﬁdere

476 4971 711 5034 videtur,
749 4969 891 5036 quod
946 4968 1075 5020 nihil
1116 4966 1306 5020 fecerit
1354 4980 1563 5027 eorum,
1615 4978 1843 5033 quorum
1880 4974 2042 5015 causa

475 5061 826 5115 obliviscatur
861 5060 1019 5112 Deus.
1054 5056 1354 5111 Admodum
1380 5071 1510 5110 vero
1532 5055 1813 5109 contristat
1834 5052 2038 5121 justum

479 5153 628 5214 illud,
664 5150 763 5204 Ubi
796 5160 871 5204 cst
906 5152 931 5203 .’
962 5151 1162 5204 dictum
1192 5149 1260 5203 de
1292 5147 1421 5213 Deo,
1448 5147 1591 5215 quod
1621 5146 1795 5199 locum
1843 5142 2038 5198 innuit.

476 5244 571 5299 Est
601 5244 747 5297 enim
792 5252 1048 5295 extrema:
1086 5238 1375 5292 dementia:
1403 5236 1676 5299 arbitrari,
1711 5234 1879 5289 Deum
1919 5248 2040 5289 esse

479 5335 530 5385 in
563 5334 701 5387 loco.
744 5331 1112 5403 Magnitudiue
1148 5330 1291 5384 enim
1340 5329 1492 5383 Iocus
1514 5336 1728 5382 constat
1758 5345 1771 5381 :
1812 5336 1869 5379 at
1903 5326 2041 5381 Deus

479 5428 600 5481 talis
632 5428 1016 5498 magnitudinis
1063 5440 1257 5495 expers
1313 5434 1418 5478 est.
1479 5422 1566 5477 Isti
1618 5437 1745 5474 vero
1776 5421 2040 5475 oratiOnis

544 5570 584 5600 "
620 5568 787 5623 lCor.
819 5582 936 5631 xm,
970 5568 1055 5621 II.
1127 5566 1172 5597 "
1195 5575 1392 5620 Jercm.
1435 5581 1473 5625 ι,
1498 5566 1549 5615 7.

546 5707 655 5777 (50)
686 5706 878 5775 Κύριλ.
912 5708 1017 5763 Sed
1050 5710 1220 5779 magis
1248 5706 1539 5778 Origenem
1572 5710 1806 5777 sapiunt.

2153 1865 2313 1918 τετε,
2350 1847 2440 1900 ὅτι
2479 1846 2762 1915 νεώτερος
2800 1846 2913 1916 ἐγώ
2939 1849 3073 1916 ειμι.
3107 1846 3356 1900 Τοιοῦτόν
3396 1847 3448 1898 τί
3492 1862 3580 1916 μοι
3610 1846 3719 1899 νόει

2153 1940 2246 1993 καὶ
2280 1940 2408 2010 περὶ
2440 1938 2535 1991 τοῦ
2562 1937 2721 1991 Δαϐίδ
2740 1955 2753 1968 ·
2782 1940 3033 2007 Νήπιος,
3063 1939 3245 2009 φησιν,
3270 1939 3558 2009 ἐγενόμην
3580 1938 3721 1992 κατὰ

2151 2032 2241 2084 τὸν
2284 2032 2391 2084 ἔσω
2442 2048 2541 2101 μου
2588 2031 2891 2102 ἄνθρωπον.
2944 2029 3273 2085 Μεταϐαλὼν
3321 2031 3377 2084 δὲ
3420 2032 3483 2083 ἐκ
3525 2030 3720 2101 νεαροῦ

2152 2124 2313 2194 ἤθους
2344 2123 2437 2176 καὶ
2485 2122 2761 2185 ἀϐεϐαίου,
2813 2122 2933 2175 καθ’
2986 2123 3046 2176 ὃν
3091 2121 3422 2193 νεωτερίζων
3460 2120 3720 2188 νεώτερος

2152 2214 2319 2282 ἥμην,
2365 2213 2443 2274 είς
2481 2211 2659 2281 γῆρας
2703 2206 2885 2280 ἦλθον,
2924 2209 3039 2281 βίον
3082 2211 3409 2282 ἀκηλίδωτον
3450 2210 3586 2279 ἔχων
3624 2209 3722 2265 καὶ

2151 2304 2341 2357 πολιὰν
2373 2303 2651 2373 φρόνησιν.
2681 2302 2788 2354 Καὶ
2818 2302 2957 2356 οὕτω
2980 2302 3274 2373 προκόψας,
3305 2302 3415 2355 οὐκ
3436 2298 3599 2354 εἶδον
3628 2299 3720 2353 δί-

2150 2410 2323 2446 καιον
2338 2391 2963 2462 ἐγκαταλελειμμένον.
3000 2392 3124 2447 Ἐὰν
3146 2392 3470 2463 σωματικῶς
3491 2390 3718 2462 ἀκούῃς,

2149 2484 2339 2553 ψεῦδός
2370 2487 2505 2540 ὲστι.
2549 2485 2652 2537 Δύο
2683 2484 2739 2537 δέ
2768 2486 2906 2537 εἰσιν
2936 2484 3343 2553 ἐγκαταλείψεις
3362 2501 3374 2514 ·
3408 2486 3441 2554 ἡ
3483 2484 3579 2553 μὲν
3611 2501 3718 2537 σω-

2154 2578 2373 2647 ματικὴ,
2402 2578 2523 2648 ἣτις
2560 2578 2709 2631 οὐδὲν
2747 2580 2895 2649 ἡμᾶς
2942 2578 3196 2647 βλάπτει·
3235 2579 3269 2649 ἡ
3302 2578 3358 2630 δὲ
3391 2576 3489 2645 τῆς
3520 2574 3717 2646 ψυχῆς,

2148 2671 2269 2739 ἣτις
2314 2670 2555 2741 ὀλέθριός
2600 2675 2764 2725 ἐστιν.
2803 2672 2963 2725 Ὅσον
3002 2673 3099 2742 μὲν
3138 2666 3231 2726 οὖν
3278 2672 3609 2741 πλουτοῦμεν
3654 2672 3713 2722 ὲν

2150 2762 2328 2833 ἔργοις
2355 2762 2601 2827 δικαίοις,
2625 2763 2873 2817 τοσοῦτον
2901 2764 3099 2834 μᾶλλον
3123 2764 3459 2835 βοηθούμεθα
3482 2765 3619 2835 πρὸς
3651 2766 3711 2818 τὸ

2152 2855 2225 2924 μὴ
2290 2854 2775 2921 ὲγκαταλείπεσθαι
2843 2858 3008 2929 μέχρι
3067 2856 3270 2919 τέλους.
3336 2857 3427 2909 Διὸ
3485 2858 3586 2910 οὐκ
3632 2854 3716 2911 εἷ-

2149 2961 2270 3009 Ικεν,
2318 2946 2853 3017 ἐγχαταλειφθέντα
2874 2988 2887 3010 ,
2938 2948 3054 3001 ἀλλ’
3082 2948 3719 3017 ἐγκαταλελειμμένον.

2161 3036 2333 3099 Ἐπεὶ,
2366 3037 2501 3107 πρὸς
2545 3038 2734 3109 καιρὸν
2769 3039 2861 3091 καὶ
2899 3038 3460 3109 ὲγκαταλιμπανονται
3498 3041 3719 3107 δίκαιοι,

2074 3115 2118 3173 C
2151 3127 2225 3189 ὡς
2248 3127 2276 3178 ὁ
2321 3125 2459 3190 Ἰὼϐ,
2494 3127 2579 3181 ἵνα
2604 3129 2846 3200 ἀναφανῇ
2875 3129 3100 3192 δίκαιος.

2768 3219 2935 3274 ‘I'AA.
2971 3221 3106 3274 MA'.

2152 3308 2298 3378 Στίχ.
2322 3314 2372 3361 ι’.
2394 3306 2537 3380 ξΕρῶ
2561 3309 2713 3372 Θεῷ·
2756 3309 3145 3376 Ἁντιλήπτωρ
3169 3327 3286 3378 μου
3311 3304 3368 3363 εἶ
3409 3310 3510 3364 Διὰ
3528 3311 3585 3363 τί
3599 3329 3721 3380 μου

2222 3378 2541 3451 ἑπελᾴθους
2570 3381 2675 3432 Καὶ
2716 3381 2813 3431 ἵνα
2840 3382 2895 3432 τί
2920 3380 3349 3446 σκυθρωπάζων
3372 3378 3723 3451 πορεύομαι,

2220 3452 2288 3504 ἐν
2314 3449 2393 3514 τῷ
2416 3451 2709 3503 ἐκθλίϐειν
2744 3451 2848 3504 τὸν
2872 3451 3123 3518 ἐχθρόν;

2150 3544 2296 3613 Στίχ.
2330 3549 2415 3595 ια’.
2458 3542 2558 3595 Ἑν
2584 3541 2663 3605 τῷ
2690 3541 3109 3613 καταθλᾶσθαιᾼ
3120 3542 3189 3594 τὰ
3211 3540 3363 3613 ἐστᾶ
3387 3560 3525 3611 μου,
3554 3541 3727 3596 ὠνεί-

2220 3609 2379 3673 διζόν
2406 3629 2475 3678 με
2502 3617 2555 3665 οἱ
2575 3614 2778 3679 ἐχθροί
2800 3629 2917 3680 μου
2946 3612 3015 3663 ἐν
3039 3609 3119 3682 τῷ
3150 3611 3349 3680 λέγειν
3370 3609 3592 3679 αὐτούς
3615 3631 3727 3682 μοι

2220 3685 2346 3737 καθ’
2378 3682 2645 3749 ἑκάστην
2684 3682 2941 3751 ἡμέραν·
2972 3681 3097 3735 Ποῦ
3129 3684 3297 3735 ἐστιν
3323 3686 3356 3735 ό
3385 3684 3521 3747 Sed;
3561 3698 3725 3746 (70v;

2220 3775 2332 3844 Οὐχ
2358 3773 2571 3845 ὁρῶμεν
2596 3773 2652 3826 δὲ
2679 3773 2878 3836 πάντες
2914 3772 3033 3836 πῶς
3060 3773 3199 3825 ἐλεεῖ
3217 3776 3245 3827 ὁ
3268 3773 3418 3837 Θεός.
3452 3776 3559 3827 Καὶ
3590 3776 3725 3827 m1-

2149 3866 2305 3929 λάκις
2336 3866 2468 3937 πρὸς
2492 3865 2560 3917 τὰ
2589 3866 2709 3917 κατ’
2737 3864 3101 3935 ἐλεημοσύνην
3139 3865 3300 3918 αὑτοῦ
3334 3867 3612 3937 γινόμενα,
3640 3868 3724 3938 τῷ

2149 3960 2380 4013 ἐπίπονα
2424 3955 2581 4021 εἶναι,
2612 3960 2710 4028 οὐχ
2748 3959 2915 4029 ἡδέως
2957 3959 3188 4029 ἔχοντες,
3223 3961 3343 4014 οὐδὲ
3368 3961 3533 4015 ’ἔλεον
3577 3961 3724 4018 εἶναι

2147 4050 2459 4123 νομίζομεν.
2497 4052 2588 4105 Διὸ
2618 4051 2873 4121 λέγομεν·
2906 4052 3009 4105 Διὰ
3038 4053 3094 4105 τί
3124 4071 3241 4122 μου
3279 4053 3615 4117 ἐπελάθουξ
3659 4058 3725 4110 ’0

2146 4144 2202 4197 δὲ
2230 4144 2535 4213 διειληφὼς,
2564 4146 2644 4197 ὅτι
2688 4147 2795 4198 πᾶν
2835 4146 2863 4198 ὃ
2897 4145 3089 4213 ἐπάγει
3115 4148 3144 4197 ὁ
3171 4147 3302 4210 Θεὸς
3332 4149 3728 4221 συμφερόντως

2148 4236 2365 4303 ἐπάγει,
2387 4237 2539 4289 οὐδὲν
2568 4239 2683 4307 ἐρεῖ
2704 4238 2961 4301 τοιοῦτον,
2990 4233 3162 4302 εἰδὼς,
3192 4239 3273 4292 ὅτι
3297 4240 3395 4310 τὴν
3428 4242 3728 4310 μετάνοιαν

2146 4328 2333 4391 αὑτοῦ,
2374 4329 2466 4382 καὶ
2492 4330 2590 4399 τὴν
2622 4329 2890 4397 ὠφέλειαν
2938 4330 3457 4401 πραγματευόμενος
3484 4332 3513 4383 ὁ
3559 4333 3725 4397 Θεὸς,

2075 4451 2121 4506 D
2147 4420 2304 4472 τοῦτο
2332 4423 2492 4474 ποιεῖ.
2537 4420 2677 4472 Ἀλλ’
2723 4421 2859 4490 ὅπερ
2901 4421 3178 4492 ἐλέγομεν,
3217 4422 3246 4473 ὁ
3291 4424 3727 4489 μεταγινώσκων

2148 4511 2271 4573 λαὸς
2296 4511 2615 4565 πυνθάνεται
2638 4511 2732 4566 τοῦ
2763 4512 2919 4575 Θεοῦ,
2944 4513 3031 4565 διὰ
3070 4514 3123 4565 τί
3154 4513 3315 4567 αὑτὸν
3342 4515 3728 4582 ἐγκαταλέλοι-

2148 4619 2249 4653 πεν
2274 4602 2443 4667 οὕτως
2468 4603 2847 4674 ὲκθλιϐὀμενον
2886 4605 2979 4656 καὶ
3006 4604 3487 4673 σκυθρωπάζοντα.
3505 4606 3621 4675 (80)
3656 4608 3729 4659 Τί

2148 4694 2209 4747 τὸ
2239 4695 2407 4747 αἴτιον
2449 4695 2544 4763 τῆς
2571 4696 2821 4764 τοιαύτης
2848 4695 3318 4764 spatula-129mg;
3352 4704 3414 4749 οὐ
3456 4698 3516 4750 τὺ
3554 4700 3728 4768 τυχὸν

2148 4785 2255 4853 γὰρ
2280 4785 2451 4837 ἔοικεν
2482 4781 2636 4839 εἶναι.
2681 4786 2740 4838 'U
2766 4787 2947 4857 μέντοι
2995 4787 3196 4853 λέγων·
3224 4787 3327 4841 Διὰ
3352 4788 3409 4840 τί
3438 4807 3557 4857 μου
3616 4791 3731 4843 ἑπ-

2147 4876 2400 4939 ελάθσυ;
2442 4875 2662 4948 θαρρεῖν
2691 4878 2885 4941 ἔοικεν,
2914 4879 2990 4942 ὡς
3024 4881 3188 4950 μηδὲν
3222 4878 3555 4951 πεποιηκὼς,
3589 4880 3661 4933 δι’
3692 4882 3731 4935 ἃ

2150 4968 2605 5021 ἐπιλανθάνεταιὸ
2629 4969 2778 5033 Θεὸς.
2811 4972 2958 5023 Πάνυ
3002 4971 3055 5023 δὲ
3090 4973 3247 5024 λυπεῖ
3270 4972 3360 5025 τὸν
3402 4972 3615 5027 δίκαιον
3638 4975 3728 5039 τὸ,

2148 5059 2306 5121 "cii;
2352 5061 2445 5111 ἐπὶ
2485 5061 2618 5113 Θεοῦ
2666 5061 2989 5132 λεγόμενον,
3035 5064 3173 5135 ὅπερ
3220 5066 3335 5117 ἐστὶ
3384 5067 3731 5135 σημαντικὸν

2144 5152 2331 5205 τόπου.
2376 5152 2486 5221 Τῆς
2527 5153 2634 5223 γὰρ
2662 5155 2895 5225 ἐσχάτης
2921 5157 3102 5220 ανοξας
3126 5158 3187 5210 τὸ
3215 5160 3272 5209 ἐν
3298 5158 3445 5228 τόπῳ
3474 5158 3734 5226 νομίζειν

2145 5240 2279 5296 εἶναι
2296 5246 2383 5298 τὸν
2396 5246 2549 5300 Θεὸν.
2569 5250 2753 5321 Ὀγκῳ
2772 5251 2879 5321 γὰρ
2910 5253 3294 5321 συνυςξαταται
3320 5251 3486 5316 τόπος
3505 5270 3519 5282 ·
3550 5252 3733 5320 ὀγκου

2143 5332 2201 5385 δὲ
2220 5334 2281 5385 τὸ
2297 5333 2450 5387 Θεῖον
2471 5335 2767 5409 ἑλεῦθερον.
2795 5334 2953 5393 (Ei-.0:
2978 5340 3033 5393 δὲ
3057 5341 3155 5411 τῆς
3178 5342 3342 5411 εὐχῆς
3371 5342 3421 5394 oi
3448 5341 3603 5411 λόγοι
3630 5343 3730 5394 καὶ

2143 5421 2221 5493 τῷ
2262 5427 2319 5477 ὲν
2364 5427 2636 5481 Βαϐυλῶνι
2672 5431 2785 5501 λαῷ
2829 5431 3173 5503 ἁρμόζουσιν.
3231 5434 3343 5486 Ἀεὶ
3385 5434 3518 5505 γὰρ,
3564 5435 3730 5504 φησὶν
