3878 6212
241 342 349 397 137

1436 329 1801 388 EXCERPTA
1835 329 1901 383 IN
1942 325 2281 383 PSALMOS.

3377 326 3476 381 158

235 464 342 534 τῆς
371 464 468 534 σῆς
492 461 745 535 προνοίας
765 460 966 531 τυχὼν,
998 460 1089 512 καὶ
1118 456 1211 510 νῦν
1241 456 1565 526 γυμνωθεὶς,
1611 453 1807 508 ἀποδύ-

1912 464 2193 505 sermones
2222 446 2384 501 etiam
2409 443 2602 513 populo
2635 452 2941 515 congruunt
2982 444 3255 515 Babylone
3281 449 3477 517 posito.

239 572 429 626 ρομαι,
459 554 531 623 μὴ
578 552 756 622 φέρων
793 552 915 612 τοὺς
964 548 1253 618 πολεμίους
1300 546 1392 598 ἐπὶ
1439 546 1671 617 πληγαῖς
1713 546 1805 597 καὶ

233 642 457 716 δεσμοῖς
480 644 573 697 καὶ
596 644 703 695 τῶν
734 642 880 712 ἐμῶν
906 641 1105 694 ὀστέων
1135 644 1200 711 τῇ
1232 638 1487 710 συντριϐῇ
1509 638 1765 706 λέγοντας
1789 655 1801 667 ·

234 739 367 792 Ποῦ
394 739 563 791 ἐστιν
595 739 626 789 ὁ
660 736 805 800 Θεός
832 748 977 796 σου;
1005 733 1093 786 διὰ
1117 733 1213 803 τὴν
1238 731 1517 785 ἀσθένειαν
1541 730 1708 784 ταῦτά
1739 747 1805 801 με

241 832 471 902 πάσχειν
516 827 1009 899 ὑπολαμϐάνοντας.
1047 825 1404 897 Ἠθικώτερον
1442 824 1517 876 δέ’
1554 825 1717 877 Ὅταν
1757 826 1805 875 οἱ

237 925 427 996 ἐχθροὶ
479 925 636 994 ἡμῶν
683 923 932 993 δαίμονες
978 921 1067 974 διὰ
1114 921 1213 990 τῆς
1252 920 1523 991 ἁμαρτίας
1566 918 1633 971 τά
1676 919 1808 971 ὀστᾶ

239 1017 398 1087 ἡμῶν
425 1015 775 1085 συντρίψωσι,
800 1011 1045 1066 τουτέστι
1074 1011 1172 1075 τάς
1200 1012 1296 1082 τῆς
1317 1010 1494 1080 ψυχῆς
1518 1009 1772 1080 δυνάμεις
1789 1026 1802 1038 ’

240 1107 361 1158 τότε
389 1104 480 1157 τὸν
504 1104 635 1156 Θεὸν
662 1102 911 1173 ἐπίτηδες
934 1102 1066 1173 πρὸς
1099 1103 1243 1171 ἡμᾶς
1264 1100 1339 1163 ὡς
1366 1099 1564 1169 ἀσθενῆ
1590 1098 1808 1152 διαϐάλ-

237 1208 443 1262 λουσιν,
473 1198 580 1261 ἵνα,
617 1198 717 1268 τῆς
747 1197 882 1267 πρὸς
925 1194 1086 1247 αὐτὸν
1127 1194 1337 1255 ἐλπίδος
1381 1193 1803 1262 ἀποστήσαντες,

241 1291 615 1363 λίχμαλώτους
666 1290 760 1343 καὶ
803 1288 1018 1351 δούλους
1071 1286 1445 1358 παραλάϐωσι.
1498 1286 1608 1338 Καὶ
1651 1284 1807 1338 τοῦτο

241 1384 367 1435 καθ’
401 1381 669 1449 ἑκάστην
701 1380 943 1449 ἡμέραν,
973 1378 1218 1431 τουτέστι
1255 1376 1537 1447 διηνεκῶς,
1574 1375 1803 1431 ποιοῦσι.

241 1475 308 1528 Τί
328 1471 421 1528 οὖν
444 1474 548 1545 χρὴ
574 1476 777 1537 ποιεῑν;
803 1473 893 1542 Μὴ
915 1471 1199 1524 ἐκπίπτειν
1225 1470 1302 1532 εἰς
1322 1468 1631 1537 ἀπόγνωσιν
1649 1485 1663 1499 ο
1693 1468 1806 1521 ἀλλ’

242 1563 480 1628 ἐλπίζειν
510 1565 601 1617 ἐπὶ
642 1564 701 1617 τὸ
733 1562 876 1626 ἔλεος
902 1562 993 1616 τοῦ
1035 1561 1193 1625 Θεοῦ,
1235 1559 1416 1624 καθὼς
1451 1560 1508 1613 ὲν
1534 1561 1645 1623 τοῖς
1681 1558 1809 1631 ἑξῆς

242 1655 618 1726 διδασκόμεθα.
1272 1644 1275 1649 ’

886 1875 1053 1929 ΨᾹΛ.
1094 1874 1173 1928 N'.

310 1995 458 2066 Στίχ.
489 1994 557 2058 ζ’.
601 1993 754 2048 Ἰδοὺ
784 1993 891 2063 γὰρ
922 1994 993 2047 ἐν
1017 1994 1290 2063 ἀνομίαις
1317 1994 1731 2063 συνελήφθην.

312 2178 427 2231 Ούκ
460 2179 519 2231 ὲν
562 2179 629 2249 τῇ
673 2178 869 2249 γαστρὶ
901 2176 1079 2247 μόνον,
1125 2175 1237 2229 ἀλλ’
1278 2175 1464 2246 ἐπειδὴ
1506 2175 1808 2247 παρέλαϐόν

245 2291 316 2343 με
349 2272 419 2325 τὰ
460 2272 598 2343 ἔργα
642 2272 740 2341 τῆς
769 2271 1013 2340 ἀνομίας,
1046 2269 1115 2323 τὰ
1143 2269 1236 2323 τοῦ
1279 2271 1462 2338 φόνου,
1490 2271 1583 2323 καὶ
1615 2269 1683 2323 τὰ
1710 2270 1809 2340 τῆς

241 2363 526 2434 ἀλλοτρίας
550 2362 736 2433 κοίτης
767 2363 833 2433 ἢν
863 2363 1190 2433 παρανόμως
1215 2363 1471 2432 ἐσύλησα.

402 2500 547 2571 Στίχ.
578 2498 648 2570 η’.
695 2498 846 2553 Ἰδοὺ
880 2497 985 2569 γὰρ
1011 2498 1293 2566 ἀλήθειαν
1320 2500 1653 2568 ἠγάπησας.

323 2613 382 2665 ὐ
426 2613 550 2677 νοῦς
581 2608 761 2679 οὗτοςο
802 2617 896 2681 Σὺ,
944 2617 1104 2688 φησὶ,
1134 2616 1326 2688 Κύριε,
1365 2618 1563 2689 ἀληθὴς
1596 2618 1673 2672 ὢν
1712 2617 1809 2673 καὶ

238 2702 499 2774 ἀλήθειαν
541 2706 789 2774 ἀγαπῶν,
823 2706 1142 2778 βουλόμενος
1183 2712 1329 2781 ἡμᾶς
1357 2713 1413 2763 ὲν
1437 2711 1663 2782 ἀληθείᾳ
1693 2712 1809 2767 διὰ-

238 2812 379 2863 γειν,
418 2796 805 2869 ἀποκαθαριεῖς
835 2800 980 2868 ἡμᾶς
1011 2800 1107 2869 τῆς
1131 2800 1359 2870 ἀρχαίας
1391 2802 1689 2873 ἁμαρτίαςο
1719 2803 1811 2857 καὶ

238 2886 416 2950 οὕτως
460 2888 883 2960 ἀποκαθαρίσεις
908 2890 983 2952 ώς
1031 2890 1173 2961 ὑπὲρ
1216 2891 1367 2959 χιόνα
1414 2892 1807 2963 λευκανθῆναι’

240 2983 277 3052 ἡ
334 2981 391 3034 δὲ
453 2981 825 3054 ἀποκάθαρσις
875 2985 1007 3053 ἡμῖν
1054 2982 1119 3035 δι’
1168 2982 1418 3037 ὑσσώπου
1492 2986 1809 3054 γενήσεται*

242 3072 485 3143 ὑσσώπῳ
516 3073 572 3125 δὲ
616 3077 647 3145 ἡ
684 3075 775 3127 τοῦ
825 3076 981 3143 ἁγίου
1018 3074 1330 3146 Πνεύματος
1380 3074 1625 3145 ἐνέργεια
1677 3076 1811 3144 ἀφο-

245 3162 515 3233 μοιούται,
552 3162 913 3233 θερμαίνουσα
940 3165 1035 3217 καὶ
1072 3163 1246 3216 πάντα
1284 3164 1374 3217 τὸν
1405 3166 1462 3217 ἐν
1489 3167 1619 3234 ἡμῖν
1645 3164 1813 3235 ῥύπον

1908 540 2131 608 Semper
2156 538 2321 600 enim,
2354 535 2549 605 inquit,
2594 544 2683 587 tua
2716 534 3052 602 providentia
3095 534 3310 596 frunitus,
3337 550 3477 588 nunc

1907 646 2036 684 vero
2062 629 2327 698 privatus,
2362 640 2679 694 conqueror,
2713 641 2775 679 ac
2814 625 3032 678 vixdum
3093 626 3334 680 sustimo
3382 628 3481 679 ad-

1907 724 2178 777 versarios
2231 720 2282 774 in
2313 719 2483 790 plagis
2527 727 2582 771 et
2618 716 2846 770 vinculis
2887 724 2941 770 et
2972 715 3350 770 contractione
3394 732 3481 769 os-

1907 815 2045 868 sium
2103 826 2342 866 meorum
2380 811 2620 864 dicentes
2654 825 2667 861 :
2706 805 2805 861 Ubi
2846 816 2920 859 est
2966 809 3107 859 Deus
3158 817 3280 859 mus
3305 808 3330 861 ?
3355 819 3479 876 pm-

1907 918 2025 975 pter
2060 903 2481 958 imbecillitatem
2518 902 2633 955 hzec
2671 914 2755 953 me
2802 899 2910 969 pati
2957 899 3354 953 existimantes.
3388 899 3479 953 Vcl

1908 995 2080 1062 magis
2112 992 2395 1047 moraliter
2428 1009 2440 1045 :
2468 990 2695 1057 Quando
2726 991 2999 1044 daemones
3043 990 3246 1044 inimici
3283 991 3476 1055 nostri,

1907 1093 2126 1154 propter
2176 1090 2392 1151 peccata
2447 1095 2566 1136 ossa
2617 1090 2801 1135 nostra
2859 1079 3244 1151 confringunt,
3290 1081 3344 1135 id
3396 1091 3480 1136 est

1908 1178 2100 1231 animae
2151 1176 2435 1231 facultates
2466 1191 2479 1241 ;
2510 1184 2636 1229 tunc
2677 1175 2841 1229 Deum
2883 1174 3062 1228 dedita
3098 1188 3260 1242 opera
3311 1189 3477 1243 penes

1907 1284 2006 1325 nos
2060 1278 2315 1337 tanquam
2350 1267 2666 1321 imbecillem
2711 1266 3021 1329 traducunt,
3088 1277 3149 1319 ut
3205 1280 3233 1318 a
3271 1281 3364 1335 spe
3422 1268 3476 1320 in

1907 1362 2053 1417 illum
2080 1361 2414 1426 deﬁcientes,
2451 1359 2715 1428 mancipia
2752 1375 2850 1414 nos
2880 1370 2934 1415 et
2983 1375 3171 1414 servos
3215 1360 3473 1417 habeant.

1907 1456 1973 1510 Et
2031 1455 2081 1509 id
2129 1455 2382 1524 quotidie,
2412 1453 2463 1507 id
2501 1462 2585 1507 est
2622 1451 2841 1522 iugiter.
2872 1452 3100 1506 faciunt.
3132 1451 3271 1518 Quid
3309 1452 3476 1522 igitur

1908 1546 2172 1617 agendum
2200 1546 2223 1599 Ἰ
2255 1545 2334 1599 Ne
2364 1547 2416 1599 in
2453 1544 2888 1613 desperationem
2913 1543 3157 1598 labamur
3187 1561 3200 1595 :
3237 1544 3331 1599 sed
3359 1560 3476 1614 spe-

1910 1652 2088 1692 remus
2117 1639 2169 1691 in
2204 1635 2631 1693 misericordiam
2666 1636 2781 1701 Dei,
2810 1636 3022 1690 sicutet
3043 1636 3095 1688 in
3125 1634 3472 1704 sequentibus

1908 1732 2187 1786 docemur.

2534 1881 2726 1936 PSAI..
2767 1881 2826 1934 L.

1909 1999 1969 2053 V.
2005 1998 2051 2051 7.
2092 1996 2226 2051 Ecce
2246 1997 2381 2050 enim
2404 1997 2458 2049 in
2480 1998 2846 2065 iniquitatibus
2861 2004 3134 2063 conceptus
3146 1987 3465 2065 sumain],

2005 2068 2334 2123 Bibliotheca
2366 2082 2494 2120 nova
2526 2062 2775 2130 Patrum,
2808 2067 2912 2133 Vll,
2947 2062 3189 2133 6,7prwf.
3220 2078 3271 2131 p.
3321 2063 3397 2134 6.)

1979 2177 2097 2235 Non
2122 2179 2176 2233 in
2206 2189 2364 2233 utero
2390 2186 2593 2231 tantum
2620 2218 2634 2242 ,
2667 2177 2766 2230 sed
2816 2193 2937 2231 cum
2988 2174 3468 2245 apprehendissent

1910 2285 1999 2324 me
2048 2283 2213 2339 Opera
2246 2268 2585 2336 iniquitatis,
2618 2272 2908 2321 tenuerunt
2958 2280 3043 2319 me
3088 2265 3362 2322 homicidii
3414 2274 3469 2320 et

1908 2361 2065 2417 alieni
2095 2360 2333 2414 facinora
2373 2360 2594 2416 thalami
2624 2374 2784 2429 quem
2820 2358 3017 2425 injuste
3037 2356 3251 2412 violavi.

2159 2497 2221 2551 ν.
2247 2496 2297 2550 8.
2336 2494 2464 2550 Ecce
2495 2495 2630 2548 enim
2662 2496 2926 2548 veritatem
2953 2493 3206 2548 dilexisti.

1985 2607 2186 2663 Sensus
2215 2618 2295 2662 est
2328 2608 2415 2661 hic
2449 2625 2462 2659 :
2496 2607 2598 2672 Tu,
2630 2608 2825 2675 inquit,
2859 2607 3086 2663 Domine
3108 2648 3122 2670 ,
3156 2621 3276 2659 cum
3311 2620 3471 2660 verus

1914 2701 2009 2769 sis,
2044 2700 2398 2768 veritatisque
2438 2709 2670 2762 amator,
2699 2699 2884 2752 volens
2916 2715 3013 2753 nos
3044 2700 3095 2753 in
3126 2697 3353 2752 veritate
3380 2696 3466 2750 vi»

1910 2809 2059 2858 vere,
2089 2793 2387 2862 puriﬁcain
2418 2808 2514 2849 nos
2541 2793 2607 2847 ab
2632 2792 2878 2862 originali
2908 2804 3153 2861 peccato,
3183 2802 3239 2845 et
3270 2792 3347 2844 sic
3373 2804 3473 2858 pu-

1912 2884 2148 2962 riﬁcabis
2178 2885 2253 2937 ita
2279 2893 2338 2937 ut
2363 2896 2523 2952 super
2570 2884 2744 2938 nivem
2777 2882 3126 2947 dealbcmnr;
3164 2880 3470 2950 puriﬁcatio

1912 2987 2099 3032 autem
2148 2987 2335 3032 nostra
2380 2991 2475 3047 per
2505 2975 2792 3045 byssomim
2836 2974 2964 3039 ﬁet;
3016 2975 3248 3044 hyssopo
3290 2982 3466 3027 autem

1912 3070 2087 3123 sancti
2137 3067 2371 3136 Spiritus
2416 3068 2589 3121 virtus
2631 3065 3376 3135 comparatur,calefaciens,
3417 3074 3471 3119 et

1913 3174 2127 3215 omnem
2180 3160 2234 3214 in
2288 3159 2444 3213 nobis
2485 3158 2879 3213 immunditiam
2925 3158 3240 3226 abstergens
3282 3173 3299 3210 :
3343 3170 3470 3209 ecce

242 3254 672 3324 ἀποσμήχουσα·
719 3253 827 3305 ίδοὺ
867 3253 974 3325 γάρ
1012 3253 1417 3324 ἁποταξαμένου
1454 3272 1552 3324 μου
1595 3254 1670 3324 τῷ
1714 3256 1807 3308 Σα-

1919 3252 2063 3307 enim
2119 3251 2421 3306 renuntiavi
2474 3249 2705 3305 Satanae.
2752 3279 2823 3290 —
2869 3248 3135 3303 Dilexisti.
3193 3247 3470 3318 Sapientia

239 3344 400 3413 τανᾷ.
432 3373 499 3384 —--
529 3343 885 3413 ‘Hra'n'naac.
944 3344 1111 3413 Σοφία
1166 3345 1263 3416 μὲν
1307 3344 1399 3397 τοῦ
1454 3346 1664 3414 Πατρδς
1714 3345 1811 3417 δη-

240 3436 418 3488 λονότι
463 3437 490 3488 ὁ
521 3436 719 3504 Λόγος·
759 3435 925 3505 ἄδηλα
957 3435 1013 3487 δὲ
1046 3436 1139 3489 καὶ
1176 3436 1377 3505 κρύφια
1423 3434 1516 3487 τοῦ
1551 3434 1743 3504 Λόγου,
1783 3436 1813 3488 ό

239 3528 341 3598 τῆς
376 3526 835 3597 ὲνανθρωπήσεως
888 3526 1090 3594 Λόγοςο
1128 3526 1221 3579 καὶ
1261 3526 1353 3578 ἐπὶ
1391 3525 1597 3588 τούτοις
1652 3528 1812 3579 πᾶσιν

239 3617 522 3689 ἀμελήσας
561 3616 833 3687 ώλίσθησα
863 3617 958 3669 καὶ
1001 3616 1313 3670 κατέπεσον.
1352 3615 1508 3669 Οὕτω
1542 3616 1616 3680 δὲ,
1657 3616 1808 3685 φησὶ,

242 3711 480 3780 κρινεῖς·
512 3709 604 3760 καὶ
650 3709 773 3772 τοὺς
811 3710 906 3778 μὲν
952 3708 1219 3772 κολάσεις,
1264 3709 1389 3771 τοὺς
1432 3707 1489 3759 δὲ
1541 3705 1811 3776 στεφανώ-

244 3817 394 3863 σεις,
436 3800 620 3869 ἐπειδὴ
664 3799 759 3870 τὴν
805 3800 1058 3871 ἀλήθειαν
1108 3799 1381 3870 στέργεις⁹
1427 3799 1524 3871 τὴν
1583 3797 1638 3850 δὲ
1679 3798 1811 3869 ἀλή⁹

244 3889 395 3942 θειαν
450 3890 710 3961 στέργων,
751 3890 845 3943 καὶ
888 3890 987 3960 τῆς
1033 3891 1245 3959 φύσεως
1300 3889 1453 3952 εἰδὼς
1496 3888 1591 3959 τὴν
1648 3889 1807 3943 ἀσθέ-

241 3998 411 4043 νειαν,
445 3980 666 4051 μετάδος
696 3980 804 4051 (81)
844 3979 1167 4052 συγγνώμην
1203 3982 1311 4044 τοῖς
1329 3980 1534 4033 αἰτοῦσι
1567 3980 1633 4032 τὰ
1672 3980 1809 4051 φάρ-

241 4090 426 4141 μακα”
458 4075 537 4125 ὅτι
579 4073 900 4141 σοφιστικῶς
932 4073 1042 4140 ’ἐξει
1081 4072 1519 4143 γεγυμνασμένος
1556 4071 1647 4123 ἐπὶ
1682 4072 1808 4125 θεω-

243 4166 337 4234 ρία
372 4166 469 4234 τῆς
511 4164 766 4233 ἀληθείας
790 4182 802 4194 ·
842 4165 901 4218 τὸ
931 4165 1155 4235 μέγεθος
1180 4165 1345 4235 αὐτῆς
1374 4163 1551 4231 γνοὺς,
1590 4164 1807 4232 ἀγάπην

243 4258 383 4328 πρὸς
425 4256 618 4326 ἑαυτὴν
652 4256 773 4327 ἔσχε
818 4256 1024 4309 τελείαν
1044 4274 1055 4284 ·
1087 4258 1134 4309 οἱ
1177 4254 1250 4325 μὴ
1278 4256 1385 4326 γὰρ
1422 4257 1533 4318 τοῖς
1562 4255 1806 4324 ψεύδεσιν

244 4350 744 4418 ὲγγυμνασὰμενοι,
788 4347 1222 4419 διορατικώτεροι
1269 4347 1615 4419 γεγενημένοι
1650 4347 1807 4401 καθο-

242 4436 378 4507 ρῶσι
412 4437 508 4506 τῆς
549 4437 803 4507 ἀληθείας
845 4438 905 4489 τὸ
931 4438 1253 4505 ἀξιάγαστον
1290 4435 1506 4499 κάλλος
1548 4433 1658 4501 οἷός
1691 4440 1805 4491 ἐστι

1912 3344 2128 3411 quidem
2159 3342 2339 3397 Patris
2362 3341 2535 3395 Filius
2568 3352 2652 3394 est
2686 3359 2697 3394 :
2732 3342 2938 3395 incerta
2965 3348 3018 3394 et
3050 3339 3257 3393 occulta
3284 3337 3465 3401 Verbi,

1917 3435 2145 3491 Verbum
2201 3436 2577 3501 incarnatum;
2618 3444 2670 3487 et
2702 3434 2815 3489 hcce
2852 3433 3032 3487 omnia
3072 3432 3345 3503 negligens
3368 3471 3384 3497 ,
3416 3434 3467 3486 in

1910 3529 2122 3583 lubrico
2172 3529 2357 3597 lapsus
2385 3543 2507 3583 sum
2555 3537 2610 3581 et
2658 3524 2853 3581 cecidi.
2903 3523 2993 3578 Sic
3035 3532 3237 3589 autem,
3270 3523 3466 3593 inquit,

1905 3622 2117 3691 judicas
2143 3642 2155 3677 :
2183 3622 2319 3676 alios
2342 3621 2600 3690 castigas,
2638 3618 2775 3672 alios
2804 3632 3053 3682 coronas,
3086 3615 3341 3685 quoniam
3371 3629 3466 3668 ve-

1912 3714 2126 3768 ritatem
2169 3713 2346 3782 diligis
2375 3729 2390 3767 :
2425 3726 2547 3767 cum
2581 3720 2758 3765 autem
2793 3710 3078 3764 veritatem
3106 3722 3277 3771 amas,
3306 3716 3465 3759 natu-

1914 3820 1985 3857 rae
2013 3803 2388 3857 inﬁrmitatem
2425 3804 2613 3856 videns
2638 3840 2654 3866 ,
2679 3800 2893 3853 veniam
2944 3798 3136 3852 tribuis
3163 3796 3466 3867 petentibus

1909 3896 2149 3949 remedia
2186 3917 2194 3949 :
2230 3895 2357 3965 quia
2391 3894 2633 3962 sophista
2670 3900 2911 3945 versatus
2936 3890 3025 3944 ﬁet
3047 3890 3098 3944 in
3136 3887 3339 3943 theoria
3370 3901 3465 3939 ve-

1908 3990 2107 4055 ritatis,
2143 3987 2524 4043 sublimitatem
2556 3986 2671 4055 ejus
2702 3999 2823 4040 cum
2866 3981 3200 4053 cognoverit,
3225 3992 3463 4033 amorem

1907 4095 2005 4149 pro
2047 4096 2110 4133 ea
2148 4078 2363 4133 habebit
2406 4078 2705 4147 perlectum
2739 4093 2754 4128 :
2791 4075 2880 4143 qui
2924 4090 3032 4127 non
3083 4072 3137 4125 in
3171 4069 3467 4124 mendaciis

1908 4171 2103 4224 versati
2138 4170 2356 4231 fuerint,
2396 4166 2818 4237 perspicaciores
2859 4162 3008 4227 facti,
3040 4159 3468 4229 contemplantes

1908 4263 2155 4317 veritatis
2186 4260 2559 4315 admirabilem
2583 4257 3066 4328 pulchritudinem,
3106 4251 3292 4321 quales
3313 4248 3466 4303 luere

1906 4356 2115 4424 Moyses
2150 4364 2207 4409 et
2238 4354 2466 4417 Daniel;
2511 4363 2793 4421 postquam
2824 4349 2969 4402 enim
3020 4343 3349 4398 tentaverint
3375 4356 3463 4396 so-

1905 4444 2132 4512 phistica
2163 4443 2352 4509 verba,
2396 4455 2564 4510 usque
2608 4442 2673 4493 ad
2704 4452 2886 4492 veram
2928 4435 3245 4503 sapientiam
3276 4444 3464 4483 ascen—

234 4529 478 4599 Μωῦσῆς
520 4528 613 4582 καὶ
654 4528 874 4598 Δανιὴλ·
922 4529 1058 4597 μετὰ
1105 4528 1212 4599 γὰρ
1259 4527 1319 4579 τὸ
1362 4527 1681 4598 πειραθῆναι
1721 4546 1805 4580 σο-

1912 4534 2096 4586 tlentes
2122 4572 2138 4595 ,
2182 4548 2210 4585 a
2244 4533 2349 4584 Deo
2390 4530 2759 4585 testimonium
2788 4532 3112 4593 acceperunt
3144 4521 3283 4589 quod
3312 4526 3467 4574 erant

235 4620 502 4689 φιστικῶν
538 4619 731 4689 λόγων,
769 4622 854 4673 ἐπ’
894 4620 1059 4691 αὐτὴν
1098 4620 1195 4691 τὴν
1239 4619 1407 4690 ἁληθῆ
1445 4618 1634 4686 σοφίαν
1674 4621 1803 4673 ἀνα-

1912 4624 2181 4693 sapientes
2228 4622 2453 4691 perfecti
2485 4639 2497 4675 :
2525 4620 2664 4675 Deus
2700 4620 2804 4674 illis
2851 4614 3219 4670 manifestavit
3262 4613 3466 4666 incerta

233 4712 459 4775 ϐάντες,
504 4712 606 4765 ὑπὸ
644 4712 736 4764 τοῦ
789 4712 919 4764 Θεοῦ
971 4712 1269 4783 μαρτυρίαν
1324 4711 1498 4780 ἔσχον,
1538 4711 1611 4773 ὡς
1653 4711 1804 4773 ὄντες

230 4804 428 4857 τέλειοι
470 4804 649 4872 σοφοί·
681 4803 1014 4875 δηλώσαντος
1039 4804 1217 4867 αὐτοῖς
1242 4803 1332 4857 τοῦ
1373 4803 1506 4856 Θεοῦ
1543 4803 1610 4856 τὰ
1637 4803 1803 4873 ἄδηλα

232 4898 327 4949 καὶ
378 4896 585 4966 κρύφια
627 4897 724 4965 τῆς
781 4897 967 4965 σοφίας
1016 4896 1215 4959 αὑτοῦ,
1273 4896 1346 4959 ὡς
1395 4896 1559 4966 μηδὲν
1624 4896 1805 4958 αὐτοῖς

229 4985 441 5052 ἀσαφὲς
493 4985 526 5055 ἢ
575 4986 1009 5056 ἀπεσκιασμένον
1055 4983 1221 5039 εἶναι’
1265 4987 1465 5058 ταύτης
1502 4987 1599 5055 τῆς
1640 4985 1803 5052 ἕξεως

1907 4725 1960 4769 et
1990 4714 2199 4770 occulta
2226 4714 2507 4783 sapientia}
2538 4712 2727 4782 ipsius,
2747 4720 2805 4765 ut
2836 4708 2967 4763 nihil
2998 4708 3127 4775 ipsis
3152 4706 3463 4763 obscurum.

1909 4820 2011 4860 nec
2041 4806 2277 4860 tenebris
2305 4814 2548 4873 opertum
2578 4810 2818 4856 maneret
2848 4819 2862 4855 :
2892 4799 3057 4853 David
3090 4797 3299 4857 invenit
3326 4795 3466 4849 hanc

1910 4897 2163 4951 eximiam
2194 4895 2570 4950 facultatem...
2611 4896 2661 4947 in
2692 4894 2783 4947 vili
2815 4891 3129 4947 conditione
3162 4908 3175 4942 :
3206 4887 3321 4941 Non
3350 4895 3465 4938 tan-

1912 4997 2023 5041 tum
2059 4989 2111 5041 in
2142 4988 2332 5041 throno
2363 4986 2544 5040 smculi
2578 5001 2662 5039 me
2690 4983 2987 5047 collocasti,
3018 4981 3113 5036 sed
3140 4979 3303 5034 etiam
3334 4991 3463 5045 pro-

229 5076 327 5127 καὶ
353 5077 383 5128 ό
411 5074 572 5127 Δανῖδ
603 5077 915 5146 τυγχάνειν.
944 5119 956 5131 .
985 5117 997 5129 .
1028 5077 1115 5130 διὰ
1152 5078 1241 5131 τοῦ
1273 5078 1632 5149 προκειμένου
1665 5076 1807 5129 στοί-

1912 5078 2118 5145 phetico
2150 5093 2369 5131 munere
2395 5077 2674 5131 honorasti
2711 5090 2818 5140 me,
2842 5083 2897 5128 et
2931 5089 3048 5144 quae
3077 5087 3201 5125 mox
3237 5077 3463 5122 ventura

228 5183 355 5235 κου’
394 5167 467 5218 Ού
503 5166 609 5235 γὰρ
647 5168 803 5237 μόνον
835 5186 902 5237 με
938 5171 1048 5231 τοῖς
1079 5168 1347 5237 βιωτικοῖς
1387 5167 1665 5238 ἐνίδρυσας
1695 5165 1803 5219 θώ-

229 5274 383 5320 κοις,
427 5257 563 5310 ἀλλά
610 5260 702 5311 καὶ
742 5261 1079 5331 προφητικῆς
1122 5260 1355 5330 ἠξίωσας
1410 5259 1661 5330 χάριτος,
1712 5258 1805 5310 καὶ

228 5348 300 5402 τά
333 5350 530 5419 μικρὸν
560 5351 790 5421 ἐσόμενα
826 5352 1256 5423 προδεδήλωκας,
1281 5352 1373 5405 καὶ
1395 5352 1462 5406 τά
1484 5354 1595 5414 τοῖς
1626 5349 1808 5413 ἄλλοις

1905 5166 2434 5232 suiitmanifestasti,
2470 5175 2525 5220 et
2560 5181 2677 5234 quae
2707 5164 2826 5218 aliis
2864 5165 3069 5234 ignota,
3097 5160 3365 5214 evidentia
3392 5157 3467 5210 fe-

1908 5260 2051 5326 cisti,
2088 5259 2297 5313 scilicet
2329 5257 2604 5327 Unigeniti
2636 5260 2713 5312 tui
2757 5257 3191 5310 Incarnationem
3215 5290 3230 5315 ,
3260 5261 3313 5303 et
3342 5251 3466 5303 inde

1913 5362 2182 5405 terrarum
2208 5352 2357 5405 orbis
2389 5351 2762 5406 salvationem.

230 5444 522 5513 ἀπόρρητα
565 5442 686 5511 ἐμοὶ
716 5443 848 5513 δῆλα
877 5444 1192 5514 πεποίηκας,
1229 5445 1328 5514 τήν
1376 5460 1434 5497 τε
1488 5440 1580 5496 τοῦ
1610 5440 1942 5509 Μονογενοῦς
1980 5460 2072 5496 σου
2127 5443 2554 5515 ὲνανθρώπησιν,
2593 5446 2687 5497 καὶ
2737 5442 2836 5513 τῆς
2892 5439 3213 5512 οἰκουμένης
3261 5434 3471 5492 ἐκεῖθεν

230 5538 331 5606 τὴν
364 5535 656 5608 σωτηρίαν.
1509 5525 1514 5530 ’
1588 5524 1603 5530 ⁸
2138 5528 2147 5529 ί
2228 5525 2232 5529 ’

308 5723 425 5794 (81)
452 5721 611 5778 Forte
652 5725 966 5795 μεταδίδως,

2842 5778 2849 5793 1

512 5835 785 5896 Parnm.
818 5834 940 5899 (in.
971 5832 1168 5895 XVII.
3155 5823 3194 5883 5
