3878 6212
501 292 605 350 155
1378 288 1935 349 SUPPLEMENTUM
1971 292 2063 346 AD
2101 290 2424 349 ORIGENIS
2461 290 2875 350 EXEGETICA.
3634 295 3735 350 ιδε

498 407 763 478 plantavit
810 405 1010 460 Esaum
1053 403 1325 473 Jacobus;
1361 424 1391 463 a
1428 425 1595 479 puero
1630 411 1813 466 Daniel
1847 412 2029 481 propht

2186 408 2580 480 πρεσϐυτέρους
2624 408 2866 480 ἧλεγξεν.
2908 409 2982 463 Ού
3026 407 3249 462 δύνασαι
3297 404 3533 471 τοιοῦτος
3588 406 3717 477 γενέ

496 500 656 565 tavit,
690 508 743 555 et
791 498 1032 553 seniores
1079 500 1345 569 coarguit.
1391 501 1506 556 Non
1555 512 1708 571 potes
1756 504 2027 571 hujusmoc

2209 501 2289 554 Βαι
2309 518 2322 566 ;
2346 500 2506 555 Γενοῦ
2529 500 2656 572 ἑξῆς
2682 500 2937 572 ἀθλητὴς,
2959 500 3034 564 ὡς
3061 502 3089 554 6
3112 500 3335 565 δίκαιος,
3365 500 3443 564 ὃς,
3472 501 3576 553 κᾶν
3597 499 3740 571 πέσῃ

495 594 728 647 evadere
756 591 781 646 ἲ
806 592 933 647 Esto
988 593 1254 662 sequioris
1281 594 1489 650 ordinis
1536 597 1762 663 athleta,
1787 605 1845 649 ut
1871 597 1955 650 vir
1975 597 2026 664 ju

2209 593 2407 647 αλαίων
2438 592 2473 664 ἢ
2515 593 2743 663 τρέχων,
2775 595 2847 647 οὐ
2875 593 3367 662 ωταρῤλήγνυται,
3400 592 3489 645 ὅτι
3522 591 3740 659 Κύριος

494 695 645 749 stus,
702 686 791 754 qui
828 688 1074 755 quamvis
1126 689 1288 744 cadat
1330 689 1381 742 in
1413 688 1554 744 lucta
1599 689 1684 743 vel
1728 705 1924 752 cursu,
1959 705 2024 743 no

2209 680 2555 752 ντιστηρίζέςι
2583 684 2752 754 χεῖρα
2774 684 2976 738 αὐτοῦ.
3019 684 3339 755 Ἀμφίϐολος
3367 685 3401 754 ἡ
3434 682 3575 749 λέξις
3594 697 3606 709 ·
3635 677 3740 731 πό·

493 779 784 844 colliditur,
816 780 939 848 quia
969 779 1226 835 Dominus
1274 781 1509 850 suﬂ'ulcit
1540 798 1753 835 manum
1794 782 1926 851 ejus.
1956 781 2024 835 Du

2202 795 2321 848 ερον
2350 777 2455 849 γὰρ
2482 776 2577 849 τὴν
2602 776 2811 841 ἑαυτοῦ,
2846 777 2879 848 ἢ
2912 776 3007 848 τὴν
3042 776 3135 830 τοῦ
3168 776 3482 839 παλαίοντος
3515 776 3606 829 καὶ
3628 772 3733 846 ἤδη

492 871 583 923 hia
634 870 863 932 locutio;
900 871 1168 925 incertum
1217 874 1364 927 enim
1403 882 1581 928 utrum
1628 890 1801 940 suam,
1850 874 1931 928 vel
1984 873 2023 928 lt

2205 871 2449 934 ,ἑλλοντος
2502 871 2997 942 καταρρήγνυσθαι,
3048 870 3132 923 ἵνα
3180 869 3255 941 μὴ
3298 869 3433 932 ὅλως
3480 867 3605 939 ἔλθῃ
3638 866 3736 921 ἐπὶ

492 963 693 1017 ctantis
741 979 804 1018 ac
842 963 953 1031 jam
986 963 1301 1029 collidendi,
1351 975 1409 1019 ut
1437 980 1543 1019 non
1579 979 1808 1035 prorsus
1840 973 1965 1019 ruat
2010 965 2023 1019 i

2010 965 2068 1020 in
2165 962 2476 1034 πρόσωπον,
2512 963 2605 1016 καὶ
2637 963 2858 1034 γένηται
2890 962 3061 1034 χαμαὶ
3092 961 3208 1024 ὅλος
3242 960 3508 1031 κείμενος.

492 1050 709 1117 faciem,
745 1061 797 1107 et
835 1053 1176 1120 totusjaceat
1208 1054 1359 1108 humi
1391 1064 1715 1122 prostratus.
2199 1053 2203 1058 “

493 1142 556 1199 ν.
588 1145 677 1199 25.
712 1145 906 1199 Iunior
930 1146 1253 1213 fui;etenim
1295 1148 1441 1199 senui
1468 1162 1485 1199 :
1508 1156 1554 1200 et
1583 1162 1684 1200 non
1728 1146 1838 1200 uidi
1869 1145 2024 1215 iactu:

2197 1140 2315 1210 ἒτίχ.
2346 1146 2451 1215 κε’.
2484 1139 3128 1215 Νεῴτεροςίέγενόμληνο
3169 1140 3401 1210 καὶγὰρ
3425 1138 3728 1215 ἐπήρασα·

1107 1217 1439 1269 derelictum.
1869 1208 1879 1215 ⁷
2263 1208 2363 1264 καὶ
2394 1214 2503 1265 οὐκ
2540 1208 2638 1265 εἷδ‹

2263 1208 2363 1264 καὶ
2394 1214 2503 1265 οὐκ
2540 1208 2703 1265 εἶδον·
2744 1208 3635 1282 δίκὰιονίέγκαταλελειμμένον.

561 1306 732 1359 Aliter
760 1316 939 1361 autem
994 1318 1309 1375 reputatnus
1353 1316 1570 1362 aetatem
1600 1308 1897 1361 secundum
1928 1308 2066 1363 inte-

2250 1302 2479 1373 Ἑτέρως
2504 1304 2561 1357 δὲ
2590 1304 2746 1372 ἴσμεν
2764 1303 2978 1373 ἠλικίαν
3010 1304 3149 1357 κατὰ
3176 1303 3266 1355 τὸν
3291 1304 3397 1356 ἔσω
3425 1302 3731 1373 ἄνθρωπον,

489 1397 690 1450 riorem
724 1398 1020 1460 hominem,
1044 1398 1217 1467 pueri,
1247 1396 1489 1465 juvenis,
1523 1399 1691 1453 senis.
1724 1400 1868 1454 Ante
1899 1398 2020 1452 Abr:

2205 1394 2402 1457 :at6iou,
2432 1395 2733 1459 νεανίσκου,
2765 1399 3036 1467 γέροντος.
3064 1395 3178 1466 Πρὸ
3202 1395 3330 1463 γοῦν
3352 1395 3444 1447 τοῦ
3483 1395 3736 1467 Ἀϐραὰμ.

488 1490 616 1545 ham
642 1505 793 1560 ergo,
814 1490 1168 1561 long-aeviores
1196 1489 1285 1544 illo
1324 1507 1430 1546 non
1460 1501 1587 1545 sunt
1623 1491 1753 1545 dicti
1782 1493 2019 1547 seniores

2200 1489 2215 1540 ί
2256 1487 2733 1560 πολυχρονιώτερα
2758 1487 2919 1542 αὐτοῦ
2944 1488 3043 1541 οὐκ
3070 1489 3312 1559 εἴρηνται
3338 1487 3697 1559 πρεσϐύτεροι
3713 1501 3731 1516 ⁸

489 1584 582 1637 sed
617 1582 730 1651 ipse
771 1584 977 1651 primus
1003 1594 1223 1653 propter
1253 1584 1510 1639 virtutem
1542 1582 1727 1639 senior
1754 1585 1988 1653 audivit,
2018 1613 2020 1630 ι

2203 1579 2283 1632 ιλλ’
2301 1579 2462 1643 αὐτὸς
2496 1580 2708 1651 πρῶτος
2738 1581 2804 1633 δι’
2831 1578 3027 1653 ἀρετὴν
3052 1578 3416 1650 πρεσϐύτερος
3436 1578 3734 1650 ἐχρημάτι-

488 1685 773 1743 propterea
807 1675 948 1743 quod
978 1676 1204 1730 interior
1245 1677 1407 1731 homo
1433 1675 1548 1743 ejus
1578 1688 1919 1731 evacuaverat
1955 1694 2019 1745 qu

2201 1689 2253 1735 ἐ,
2282 1673 2377 1726 καὶ
2408 1671 2496 1725 διὰ
2519 1672 2578 1724 τὸ
2605 1672 2694 1725 τὸν
2734 1672 2842 1725 ἔσω
2869 1672 3030 1725 αὐτοῦ
3062 1671 3343 1744 ἄνθρωπον
3369 1667 3732 1739 κατηρτηκέ-

488 1777 639 1820 erant
661 1767 950 1836 parvuli“.
993 1769 1127 1821 Audi
1174 1766 1505 1823 Jeremiam:
1543 1767 1626 1823 Ne
1648 1770 2016 1839 dixeritis,qui

2204 1780 2249 1818 ιι
2279 1765 2350 1819 τὰ
2401 1764 2505 1817 τοῦ
2555 1766 2794 1831 νηπίου.
2835 1765 2944 1818 Καὶ
2988 1765 3255 1835 Ἱερεμίου
3297 1763 3485 1817 ἄκουε·
3512 1760 3735 1830 Μὴλέ·

480 1858 669 1928 junior
698 1877 789 1930 ego
816 1877 931 1915 sum
965 1863 1032 1914 θ’.
1060 1860 1191 1914 Tale
1214 1862 1341 1929 quid
1380 1871 1431 1914 tu
1471 1861 1603 1914 mihi
1655 1862 1829 1931 cogita
1859 1863 1923 1915 de
1954 1860 2011 1915 D:

2201 1876 2319 1923 ετε,
2354 1859 2445 1911 ὅτι
2484 1857 2767 1926 νεώτερος
2805 1856 2919 1927 ἐγώ
2945 1860 3079 1926 ειμι.
3112 1856 3362 1910 Τοιοῦτόν
3403 1856 3455 1909 τί
3498 1872 3588 1926 μοι
3618 1857 3732 1909 νόει

488 1952 578 2006 vid
608 1967 822 2021 quoque
851 1970 864 2006 :
890 1951 1103 2016 Junior,
1136 1953 1327 2022 inquit,
1356 1953 1433 2021 fui
1464 1968 1483 2017 ;
1510 1953 1800 2007 secundum
1838 1954 2019 2007 interit

2203 1951 2252 2005 αἱ
2286 1951 2413 2021 περὶ
2445 1950 2539 2003 τοῦ
2566 1948 2726 2002 Δαϐίδ
2745 1966 2758 1979 ο
2788 1950 3039 2017 Νήπιος,
3068 1950 3251 2019 φησὶν,
3277 1949 3565 2019 ἐγενόμην
3588 1948 3734 2002 κατὰ

488 2058 602 2099 rem
634 2045 928 2099 hominem.
967 2042 1203 2100 Mutatus
1234 2055 1413 2100 autem
1464 2045 1532 2099 de
1559 2044 1781 2112 juvenili
1822 2060 1971 2099 more
2002 2062 2019 2101 ε

2201 2050 2246 2094 δν
2290 2042 2395 2095 ἔσω
2447 2060 2546 2112 μου
2593 2042 2896 2113 ἄνθρωπον.
2950 2040 3279 2095 Μεταϐαλὼν
3328 2041 3383 2095 δὲ
3426 2042 3491 2094 ἐκ
3532 2040 3732 2111 νεαροῦ

488 2135 750 2200 instabili,
788 2136 1079 2190 secundum
1105 2150 1262 2204 quem
1282 2135 1609 2205 juvenilibus
1637 2136 1858 2190 studens
1882 2136 2019 2205 iunio

2201 2135 2318 2198 θους
2349 2134 2442 2187 καὶ
2490 2134 2766 2197 ἀϐεϐαίου,
2818 2132 2938 2186 καθ’
2992 2134 3051 2186 ὃν
3097 2131 3429 2203 νεωτερίζων
3467 2130 3732 2198 νεώτερος

487 2243 657 2291 eram,
690 2228 757 2281 ad
803 2237 1138 2283 senectutem
1176 2231 1318 2291 veni,
1345 2230 1510 2281 vitam
1559 2228 1765 2282 habens
1798 2229 2018 2285 immacu

2203 2241 2324 2293 μην,
2371 2224 2448 2285 είς
2486 2222 2664 2293 γῆρας
2708 2217 2891 2292 ἦλθον,
2930 2220 3044 2292 βίον
3087 2221 3416 2293 ὰκηλίδωτον
3457 2220 3594 2290 ἔχων
3634 2219 3734 2275 καὶ

487 2317 677 2384 latam,
704 2325 758 2371 et
788 2331 976 2374 canam
1010 2317 1376 2385 prudentiam.
1406 2318 1585 2386 Atque
1617 2327 1675 2370 ut
1702 2317 1771 2371 ita
1808 2314 2018 2386 profece

2201 2315 2346 2368 ολιὰν
2378 2314 2657 2385 φρόνησιν.
2687 2313 2794 2365 Καὶ
2823 2312 2962 2367 οὕτω
2985 2312 3280 2384 προκόψας,
3312 2313 3422 2365 οὐκ
3443 2308 3606 2365 εἶδον
3638 2310 3732 2363 δι-

485 2407 622 2472 riin,
656 2424 761 2462 non
822 2409 930 2461 vidi
977 2419 1186 2478 Justum
1233 2408 1556 2463 derelictum.
1591 2409 1645 2464 Si
1702 2410 2016 2478 corporalite

2199 2422 2328 2457 ator
2344 2402 2969 2473 ἐγκαταλελειμμένον.
3006 2403 3130 2458 Ἐὰν
3152 2403 3477 2473 σωματικῶς
3498 2401 3730 2473 ἀκούῃς,

486 2499 786 2571 intelligas,
819 2500 1014 2554 falsum
1061 2509 1162 2555 est.
1200 2501 1270 2555 At
1312 2502 1428 2555 dua:
1461 2512 1585 2555 sunt
1623 2499 2005 2557 derelictiones

2199 2495 2345 2559 εὖδὸς
2376 2497 2511 2551 ἐστι.
2555 2496 2658 2548 Δύο
2688 2495 2745 2548 δέ
2774 2496 2911 2549 εἰσιν
2942 2494 3381 2564 ἐγκαταλείψειςο
3415 2496 3448 2564 ὴ
3490 2494 3587 2564 μὲν
3619 2511 3730 2547 σω-

483 2592 659 2647 altera
717 2591 1041 2661 corporalis,
1089 2607 1209 2662 quae
1261 2592 1394 2647 nihil
1434 2591 1588 2647 nobis
1635 2590 1832 2658 ollicit;
1883 2592 2014 2648 alter

2197 2589 2379 2659 ατικὴ,
2408 2589 2530 2658 ἥτις
2566 2589 2715 2642 οὐδὲν
2753 2590 2901 2660 ἡμᾶς
2948 2588 3203 2657 βλάπτει·
3242 2590 3276 2659 ἡ
3308 2588 3365 2641 δὲ
3398 2587 3497 2656 τῆς
3526 2584 3728 2656 ψδχῆς.

486 2682 806 2753 Spiritualis,
839 2698 959 2753 quae
996 2682 1245 2738 interitus
1284 2695 1386 2739 est.
1424 2683 1691 2751 Quantum
1724 2684 1887 2755 igitur
1916 2686 2017 2740 dite

2194 2698 2274 2743 τις
2320 2681 2560 2752 ὀλέθριός
2605 2686 2770 2735 ἐστιν.
2809 2683 2968 2736 Ὅσον
3008 2682 3105 2752 μὲν
3145 2677 3237 2736 οὖν
3285 2682 3617 2752 πλουτοῦμεν
3666 2683 3725 2733 ὲν

487 2776 691 2830 scimus
723 2776 777 2829 in
807 2776 1062 2846 operibus
1087 2775 1273 2845 justis,
1300 2785 1450 2830 tanto
1487 2778 1658 2849 magis
1681 2775 1966 2845 juvamur,
1996 2793 2018 2832 ι]

2191 2790 2334 2845 ργοις
2361 2773 2606 2837 δικαίοις,
2631 2773 2879 2829 τοσοῦτον
2908 2775 3105 2845 μᾶλλον
3130 2774 3466 2846 βοηθούμεθα
3490 2775 3627 2845 πρὸς
3661 2776 3722 2829 τὸ

487 2882 594 2920 non
630 2865 1074 2935 derelinquamur
1102 2882 1271 2937 usque
1305 2868 1357 2922 in
1396 2869 1575 2922 ﬁnem.
1604 2868 1810 2923 Idcirco
1837 2884 1941 2923 non
1965 2870 2018 2924 di

2194 2866 2230 2935 ,ὴ
2296 2864 2781 2933 ὲγκαταλείπεσθαι
2849 2868 3014 2939 μέχρι
3073 2866 3277 2930 τέλους.
3342 2868 3434 2919 Διὸ
3492 2869 3593 2921 οὐκ
3641 2865 3725 2921 εἷ-

488 2959 589 3023 ιιίι,
614 2958 703 3029 qui
732 2958 1145 3029 derelinquatur,
1174 2962 1266 3014 sed
1312 2960 1608 3015 derelictus.
1644 2960 1780 3028 Quia
1821 2961 1887 3016 ad
1920 2970 2019 3017 teut

2200 2974 2275 3020 εν,
2323 2956 2893 3028 ἐγκαταληφθέντα,
2944 2958 3060 3011 ἀλλ’
3089 2958 3728 3028 ἐγκαταλελειμμένον.

484 3062 585 3116 pus
625 3047 1072 3117 derelinquuntur
1114 3047 1277 3103 etiam
1321 3051 1472 3117 jttsti,
1512 3052 1670 3105 sicuti
1710 3050 1832 3116 Job,
1870 3062 1926 3107 ut
1959 3067 2015 3123 ap

2197 3049 2338 3110 Επεὶ,
2371 3048 2507 3118 πρὸς
2550 3048 2739 3119 καιρὸν
2774 3049 2867 3102 καὶ
2906 3048 3467 3120 ὲγκαταλιμπὰνονται
3504 3051 3728 3117 δίκαιοι,

486 3148 699 3208 pareret
721 3137 920 3208 justus.

2080 3126 2124 3185 (ἶ
2157 3137 2231 3200 ὡς
2254 3138 2281 3189 6
2328 3136 2465 3201 Ἰὼϐ,
2500 3138 2585 3192 ἵνα
2610 3140 2853 3210 ἀναφανῇ
2882 3139 3106 3202 δίκαιος.

1080 3227 1276 3285 PSAL.
1310 3226 1445 3282 XLI.

2775 3230 2942 3285 ΨΑΛ.
2977 3231 3112 3285 MA'.

488 3318 550 3374 V.
583 3320 663 3393 10:
708 3320 891 3375 Dicam
922 3319 1029 3393 Deo
1067 3322 1405 3393 :Auxiliator
1436 3338 1577 3375 meus
1615 3338 1689 3377 es.
1720 3320 1788 3375 Ut
1816 3323 1940 3393 quid
1957 3341 2019 3377 ml

2202 3320 2303 3393 τίχ.
2328 3325 2378 3372 ι’.
2567 3320 2743 3393 Oed"):
2762 3320 3152 3393 Ἆντιλήπτωρ
3176 3338 3293 3393 μορ
3319 3315 3375 3374 εἷ
3416 3321 3517 3374 Διὰ
3536 3322 3591 3374 τί
3605 3339 3731 3390 μου

556 3390 746 3465 oblitus
774 3407 825 3465 es
856 3393 881 3446 ?
911 3390 977 3465 ξι
999 3408 1159 3460 quare
1182 3392 1348 3445 tristis
1375 3392 1557 3445 incedo
1584 3392 1750 3457 vultu,
1773 3388 1896 3447 dum
1922 3394 2056 3465 afﬂi-

2228 3388 2557 3465 eaelfiQw;
2576 3391 2682 3465 Kal
2721 3391 2820 3465 ἷνᾳ
2847 3392 2903 3465 τί
2926 3388 3356 3465 σκυρρωπάζων
3380 3388 3732 3461 πορεύομαι,

553 3463 625 3530 git
646 3462 891 3514 inimicus
924 3461 950 3513 ?
1955 3460 1979 3465 ’“

1955 3460 1979 3465 ’“
2225 3462 2295 3515 ἐν
2319 3460 2399 3525 τῷ
2422 3461 2715 3515 ἐκθλίϐειν
2750 3461 2855 3515 τὸν
2879 3461 3128 3529 ἐχθρόν;

490 3551 669 3624 νηιι.
701 3550 845 3624 Cum,
875 3550 1340 3622 confringebantur
1393 3569 1514 3607 ossa
1564 3570 1701 3617 mea,
1732 3557 2021 3623 impropero

2206 3554 2302 3624 τίχ.
2336 3560 2420 3606 ια’.
2464 3553 2564 3605 Ἐν·
2591 3551 2670 3617 τῷ
2696 3551 3196 3624 καταθλᾱσθαιὼτὰ
3218 3551 3371 3624 ὀστᾶ
3395 3570 3531 3621 μου,
3561 3551 3737 3607 ὠνει-

557 3621 679 3674 bant
718 3623 847 3693 mihi
878 3620 1246 3693 _inimiciimei
1282 3639 1441 3675 :cum
1497 3624 1723 3678 dicerent
1774 3625 1874 3693 ipsi
1903 3620 2053 3678 imi/ti

2226 3620 2386 3684 δὶζόν
2412 3640 2485 3693 με
2509 3627 2561 3676 οἱ
2582 3623 2784 3690 ἐχθροί
2795 3692 2801 3693 γ
2807 3640 2924 3690 μου
2953 3622 3022 3674 ἐν
3045 3620 3125 3693 τῷ
3157 3621 3357 3691 λέγειν
3377 3620 3597 3689 αὐτούς
3623 3642 3736 3692 μοι

554 3692 788 3765 quotidie
820 3706 837 3745 :
874 3691 975 3745 Ubi
996 3702 1071 3745 est
1110 3692 1250 3745 Deus
1276 3704 1397 3747 tuus
1428 3694 1452 3747 ?
1795 3691 1801 3693 ⁷

2226 3695 2352 3749 καθ’
2384 3692 2651 3761 ἑκάστην
2691 3692 2948 3761 ἡμέραν·
2979 3691 3103 3745 Ποῦ
3135 3693 3306 3746 ἐστιν
3331 3696 3364 3746 ό
3394 3694 3527 3758 Θεός
3568 3691 3735 3757 dav;

556 3784 672 3837 Non
725 3785 972 3838 videmus
1021 3798 1212 3838 omnes
1236 3785 1509 3854 quomodo
1542 3786 1865 3840 misereatur
1889 3785 2049 3841 Deus.

2227 3784 2339 3855 Ούχ
2365 3783 2578 3856 ὁρῶμεν
2602 3783 2659 3836 δὲ
2686 3784 2884 3847 πάντες
2921 3783 3040 3847 πῶς
3067 3783 3206 3837 ἐλεεῖ
3225 3787 3252 3838 6
3276 3784 3426 3848 Θεός.
3460 3786 3567 3838 Καὶ
3596 3787 3734 3840 πολ-

485 3875 626 3942 Quin
682 3875 844 3929 etiam
875 3890 1018 3944 saepe
1063 3878 1118 3930 in
1168 3875 1234 3930 iis
1270 3891 1389 3945 qua:
1425 3891 1489 3930 ex
1523 3876 1896 3932 misericordia
1940 3877 2016 3945 eju

2202 3877 2311 3941 Ξκις
2342 3876 2474 3948 πρὸς
2497 3875 2567 3928 τὰ
2595 3877 2715 3928 κατ’
2744 3874 3108 3947 ἐλεημοσύνην
3146 3876 3309 3930 αὐτοῦ
3342 3877 3619 3948 γινόμενα,
3650 3879 3733 3949 τῷ

484 3969 828 4037 proveniunt,
852 3978 1138 4035 propterea
1168 3969 1311 4037 quod
1342 3969 1567 4023 molesta
1596 3978 1742 4035 sunt,
1782 3968 1923 4024 haud
1956 3984 2015 4023 va

2201 3972 2386 4025 τίπονα
2431 3965 2587 4035 εἶναι,
2619 3970 2716 4040 οὐχ
2755 3970 2923 4040 ἡδέως
2964 3970 3195 4041 ἔχοντες,
3231 3972 3352 4025 οὐδὲ
3376 3972 3540 4026 ’ἔλεον
3583 3972 3732 4029 εἶναι

486 4058 608 4128 lnpe
633 4059 928 4122 habentes,
964 4074 1029 4112 ne
1083 4060 1303 4127 quidem
1350 4076 1470 4114 esse
1519 4074 1580 4112 ea
1625 4060 2013 4114 misericordim

2201 4061 2465 4134 ιμίζομεν.
2503 4063 2594 4116 Διὸ
2625 4061 2879 4133 λέγομεν·
2913 4062 3016 4116 Διὰ
3045 4064 3101 4116 τί
3132 4082 3248 4133 μου
3287 4064 3623 4129 ἐπελάθου;
3670 4069 3732 4121 '0

485 4153 880 4206 existimamus.
935 4150 1227 4219 Propterea
1321 4152 1616 4207 dicimus:
1683 4152 1883 4223 Ulquid
1949 4168 2016 4205 me

2205 4179 2208 4204 ;
2238 4155 2541 4225 διειληφὼς,
2571 4157 2651 4209 ὅτι
2695 4157 2802 4209 πᾶν
2843 4156 2870 4209 ὃ
2903 4156 3097 4225 ἐπάγει
3123 4158 3151 4208 ὁ
3179 4158 3311 4221 Θεὸς
3340 4159 3736 4231 συμφερόντως

485 4246 676 4299 oblitus
696 4259 748 4298 es
774 4244 799 4296 ἓ
825 4244 892 4297 At
927 4244 1017 4312 qui
1061 4244 1313 4313 percipit,
1347 4244 1474 4313 quia
1506 4258 1669 4297 omne
1703 4244 1848 4313 quod
1892 4244 2016 4297 indu

2204 4247 2371 4315 τάγει,
2394 4248 2545 4300 οὐδὲν
2574 4250 2689 4319 ὲρεῖ
2710 4249 2968 4313 τοιοῦτον,
2997 4243 3169 4314 εἰδὼς,
3200 4250 3281 4303 ὅτι
3306 4251 3403 4321 τὴν
3436 4252 3735 4321 μετάνοιαν

484 4338 560 4391 cit
617 4337 756 4391 Deus
806 4335 1010 4390 utiliter
1058 4335 1285 4401 inducit,
1338 4334 1471 4388 nihil
1516 4334 1622 4388 tale
1653 4335 1820 4398 dicet,
1872 4335 2015 4390 scien

2199 4338 2340 4404 ὒτοῧ,
2381 4340 2472 4394 καὶ
2499 4341 2596 4411 τὴν
2629 4339 2896 4409 ὠφέλειαν
2945 4341 3464 4412 πραγματευόμενος
3491 4342 3520 4393 6
3566 4343 3730 4408 Θεὸς,

484 4429 652 4486 Deum
707 4429 783 4483 ita
834 4442 1012 4498 agere,
1054 4428 1178 4496 quia
1209 4427 1541 4495 paenitentia!
1591 4437 1646 4481 et
1676 4427 1892 4482 utilitati
1930 4426 2015 4495 eju

2202 4431 2311 4483 >ὖτο
2338 4434 2499 4485 ποιεῖ.
2545 4431 2683 4484 Ἀλλ’
2730 4432 2866 4501 ὅπερ
2908 4432 3185 4503 ἐλέγομεν,
3225 4433 3254 4484 6
3300 4434 3733 4501 μεταγινώσκων

484 4524 683 4578 Studet.
712 4519 818 4576 Sed
845 4521 987 4591 quod
1041 4519 1369 4580 dicebamus,
1407 4519 1672 4587 pmnitens
1709 4517 1897 4589 vulgus
1943 4516 2015 4571 sci

2202 4522 2278 4585 ιὸς
2302 4522 2622 4576 πυνθάνεται
2645 4522 2738 4577 τοῦ
2770 4523 2926 4588 Θεοῦ,
2952 4524 3039 4577 διὰ
3076 4524 3130 4576 τί
3162 4524 3322 4579 αὑτὸν
3350 4526 3733 4593 ἐγκαταλέλοι-

484 4616 711 4670 scitatur
739 4628 769 4666 a
808 4614 937 4676 Deo,
973 4624 1069 4664 cur
1113 4613 1289 4681 ipsum
1323 4609 1603 4679 reliquerit
1628 4609 1763 4663 adeo
1789 4608 2015 4662 alllictut

2203 4631 2255 4665 εν
2282 4613 2450 4677 οὓτως
2476 4614 2854 4685 έκθλιϐόμενον
2892 4616 2987 4668 καὶ
3014 4614 3493 4685 σκυθρωπάζοντα.
3513 4617 3627 4687 (80)
3663 4618 3734 4671 Τί

485 4722 549 4761 ac
592 4706 809 4760 tristitia
839 4704 1111 4757 obrutum.
1142 4702 1400 4769 Quaenam
1432 4710 1515 4755 est
1554 4700 1713 4769 hujus
1742 4698 2016 4753 derelictio

2201 4714 2215 4757 >
2246 4706 2414 4759 αἴτιον
2456 4705 2551 4776 τῆς
2577 4706 2828 4776 τοιαύτης
2856 4706 3326 4777 ὲγκαταλείψεωςς
3360 4715 3421 4760 οὺ
3463 4708 3523 4761 τὸ
3561 4712 3732 4780 τυχὸν

485 4800 570 4852 nis
599 4811 759 4851 causa
791 4795 816 4847 ?
842 4809 1013 4862 neque
1036 4794 1178 4848 enim
1207 4792 1439 4863 vulgaris
1464 4792 1641 4860 aliqua
1664 4805 1784 4844 esse
1816 4790 2016 4844 videtur

2203 4795 2261 4864 ἂρ
2286 4795 2458 4848 ἔοικεν
2488 4792 2643 4851 εἶναι.
2689 4796 2747 4849 'U
2774 4798 2955 4869 μέντοι
3003 4798 3204 4865 λέγων’
3233 4798 3335 4852 Διὰ
3360 4799 3417 4852 τί
3446 4818 3563 4868 μου
3621 4802 3734 4854 ἑπ-

485 4891 589 4956 Qui
643 4890 806 4957 igitur
837 4887 966 4941 dicit
996 4908 1008 4940 :
1054 4885 1248 4955 thuid
1280 4884 1381 4939 mei
1412 4885 1606 4937 oblitus
1638 4899 1691 4936 es
1720 4884 1746 4937 Ρ
1771 4881 2015 4936 conﬁder

2203 4887 2406 4951 idﬂov;
2449 4887 2668 4960 θαρρεῖν
2698 4888 2893 4953 ἔοικεν,
2922 4890 2998 4954 ὡς
3033 4892 3196 4962 μηδὲν
3230 4889 3560 4962 πεποιηκὼς,
3594 4892 3664 4945 δι’
3692 4893 3734 4947 ἃ.

483 4983 717 5046 videtur,
756 4981 897 5049 quod
952 4980 1083 5033 nihil
1124 4977 1314 5031 fecerit
1362 4991 1571 5038 eorum,
1624 4989 1850 5044 quorum
1888 4987 2014 5027 caus

2197 4978 2612 5032 πιλανθάνεταιό
2637 4980 2785 5044 Θεός.
2818 4981 2965 5034 Πάνυ
3010 4981 3065 5034 δὲ
3098 4984 3255 5035 λυπεῖ
3279 4984 3368 5036 τὸν
3409 4983 3618 5039 δίκαιον
3640 4987 3728 5049 τὸ,

483 5073 832 5127 obliviscatur
868 5071 1025 5124 Deus.
1060 5069 1360 5123 Admodum
1388 5082 1517 5122 vero
1540 5066 1820 5121 contristat
1842 5063 2014 5132 justut

2201 5070 2313 5133 Γοῦ;
2359 5072 2453 5123 ἐπὶ
2493 5072 2625 5124 Θεοῦ
2673 5072 2997 5144 λεγόμενον,
3044 5074 3181 5147 ὅπερ
3229 5077 3344 5129 ἐστὶ
3392 5078 3732 5147 σημαντικὸν

486 5164 635 5227 illud,
671 5162 769 5217 Ubi
804 5172 878 5216 est
913 5164 938 5215 ε)
970 5163 1169 5216 dictum
1200 5161 1267 5215 de
1299 5159 1428 5227 Deo,
1456 5159 1598 5227 quod
1629 5157 1803 5211 locum
1851 5153 2017 5209 innuit

2205 5162 2337 5217 imi).
2384 5163 2493 5233 Τῆς
2535 5163 2641 5235 γὰρ
2670 5165 2903 5237 ἐσχάτης
2928 5168 3111 5232 ἀνοίας
3134 5169 3195 5222 τὸ
3224 5170 3281 5223 ἐν
3304 5168 3452 5239 τόπῳ
3479 5169 3736 5236 νομίζειν

483 5256 579 5311 Est
609 5256 754 5309 enim
799 5263 1055 5308 extrema:
1093 5250 1382 5305 dementiae
1411 5248 1683 5312 arbitrari,
1718 5245 1886 5301 Deum
1926 5259 2014 5300 ess

2202 5250 2286 5307 ναι
2302 5256 2389 5311 τὸν
2404 5258 2556 5312 Θεόν.
2577 5260 2761 5333 Ὅγκῳ
2779 5262 2887 5333 γὰρ
2918 5264 3302 5332 συνυφίσταται
3328 5263 3491 5326 τόπος
3510 5280 3524 5293 ·
3554 5261 3733 5331 ὄγκου

486 5347 537 5398 in
570 5346 708 5400 loco.
752 5343 1119 5416 Magnitudine
1156 5343 1298 5397 enim
1348 5341 1498 5396 locus
1522 5348 1735 5395 constat
1766 5357 1778 5393 :
1820 5348 1876 5391 at
1911 5338 2015 5392 Deu

2199 5345 2287 5396 :16
2305 5344 2457 5399 Θεῖον
2478 5346 2775 5420 ἐλεύθερον.
2803 5345 2962 5405 Οὗτοι
2987 5352 3043 5405 δὲ
3064 5352 3164 5423 τῆς
3188 5353 3352 5424 εὐχῆς
3380 5353 3429 5405 οἱ
3457 5352 3604 5422 λόγοι
3630 5354 3730 5406 καὶ

486 5441 607 5495 talis
639 5440 1022 5511 magnitudinis
1070 5452 1264 5508 expers
1321 5444 1425 5491 est.
1487 5434 1573 5489 Isti
1626 5449 1752 5487 vero
1784 5432 2015 5487 oratiotti

2198 5432 2228 5505 ξι
2270 5437 2326 5489 ὲν
2370 5438 2644 5495 Βαϐυλῶνι
2678 5442 2793 5513 λαῷ
2838 5442 3182 5515 ἀρμόζουσιν.
3241 5445 3352 5499 Ἀεὶ
3393 5445 3522 5515 γὰρ,
3567 5446 3729 5515 φησὶ,

551 5583 591 5613 ⁹¹
627 5582 641 5635 l
669 5581 794 5636 Cor.
826 5596 942 5646 xm,
973 5581 1061 5635 ll.
1134 5580 1179 5610 ⁹¹
1203 5588 1400 5633 Jeretn.
1441 5592 1481 5639 ι,
1506 5577 1556 5627 7.

553 5720 663 5791 (δο)
694 5720 885 5789 Κύριὶ..
919 5721 1024 5777 Sed
1058 5722 1227 5791 magis
1257 5718 1547 5790 Origcnem
1580 5721 1813 5789 sapiunt.
