3878 6212
253 335 357 391 1⁸57

1442 325 1806 384 EXCERPTA
1841 326 1906 380 IN
1948 322 2286 380 PSALMOS.

3382 326 3481 381 133

246 457 349 528 τῆς
377 457 472 527 σῆς
498 455 749 529 προνοίας
769 455 970 526 τυχὼν,
1003 456 1094 507 καὶ
1123 452 1215 506 νῦν
1245 452 1570 522 γυμνωθεὶς,
1615 450 1808 504 ἀποδύ-

1917 461 2198 502 sermoucs
2227 444 2390 499 etiam
2415 442 2607 511 popqu
2641 451 2945 514 congruunt
2988 444 3259 516 Babylone
3286 449 3481 517 posito.

249 566 434 620 ρομαι,
463 548 535 617 μὴ
582 546 761 616 φέρων
797 547 919 607 τοὺς
968 543 1257 614 πολεμίους
1305 542 1397 594 ἐπὶ
1444 542 1676 613 πληγαῖς
1717 542 1811 594 καὶ

243 636 461 710 δεσμοῖς
484 639 578 692 καὶ
601 638 708 690 τῶν
738 637 884 707 ἐμῶν
910 636 1110 689 ὀστέων
1140 639 1205 707 τῇ
1236 634 1490 706 συντριϐῇ
1514 634 1771 702 λέγοντας
1794 651 1806 664 ·

243 733 370 786 Ποῦ
397 733 567 785 ἐστιν
598 733 630 784 ὀ
664 731 808 795 Θεός
836 744 981 791 σονς
1009 728 1097 781 διά
1121 728 1218 798 τὴν
1242 726 1521 781 ἀσθένειαν
1545 726 1713 780 ταῦτά
1744 744 1809 797 με

248 825 474 896 πάσχειν
520 822 1012 894 ὑπολαμϐάνοντας.
1051 821 1409 893 Ἠθικώτερον
1446 820 1522 872 δέ’
1558 821 1721 873 Ὅταν
1761 823 1809 872 οί

245 919 430 990 ἐχθροὶ
483 919 639 988 ἡμῶν
687 918 935 987 δαίμονες
982 916 1070 969 διὰ
1118 916 1217 985 τῆς
1256 916 1527 987 ἁμαρτίας
1570 915 1637 967 τὰ
1680 916 1813 968 ὀστᾶ

245 1010 401 1081 ἡμῶν
428 1009 778 1079 συντρίψωσι,
803 1006 1048 1060 τουτέστι
1078 1006 1176 1069 τὰς
1203 1008 1300 1077 τῆς
1321 1005 1497 1076 ψυχῆς
1522 1005 1776 1076 δυνάμεις
1794 1022 1806 1035 ·

246 1100 362 1152 τότε
390 1098 483 1151 τὸν
507 1098 638 1150 Θεὸν
665 1098 914 1167 ἐπίτηδες
936 1097 1070 1168 πρὸς
1102 1098 1246 1166 ἡμᾶς
1268 1095 1343 1159 ώς
1370 1094 1568 1165 ἀσθενῆ
1594 1094 1811 1149 διαϐάλ-

242 1202 444 1256 λουσιν,
475 1192 583 1255 ἵνα,
620 1193 720 1263 τῆς
750 1191 885 1262 πρὸς
929 1190 1089 1242 αὐτὸν
1131 1189 1341 1251 ἐλπίδος
1384 1189 1807 1258 ἀποστήσαντες,

241 1284 618 1357 λίχμαλώτους
669 1285 763 1338 καὶ
805 1282 1022 1347 δούλους
1075 1281 1449 1353 παραλάϐωσι.
1502 1282 1612 1334 Καὶ
1654 1281 1811 1335 τοῦτο

240 1377 367 1429 καθ’
402 1376 671 1443 ἑκάστην
704 1374 946 1444 ἡμέραν,
976 1373 1221 1426 τουτέστι
1258 1371 1540 1443 διηνεκῶς,
1578 1371 1807 1427 ποιοῦσι.

240 1468 307 1521 Τί
328 1464 423 1521 οὖν
445 1469 550 1539 χρὴ
576 1470 745 1521 ποιεῖν
765 1484 779 1531 ;
806 1467 895 1536 Μὴ
918 1466 1202 1519 ἐκπίπτειν
1228 1466 1305 1528 είς
1326 1464 1633 1533 ἀπόγνωσιν
1652 1482 1666 1495 ·
1697 1464 1809 1517 ἀλλ’

240 1556 482 1622 ἐλπίζειν
511 1559 603 1610 ἐπὶ
644 1559 703 1611 τὸ
736 1557 879 1621 ἔλεος
904 1558 996 1611 τοῦ
1037 1556 1195 1620 Θεοῦ,
1237 1554 1418 1619 καθὼς
1453 1556 1511 1609 ὲν
1537 1558 1649 1619 τοῖς
1685 1554 1811 1627 ἑξῆς

240 1649 620 1719 διδασκόμεθα.
1274 1640 1280 1645 ”

889 1869 1056 1924 ΨᾹΛ.
1096 1869 1175 1923 Ν’.

309 1990 459 2062 Στίχ.
488 1989 557 2053 ζ’.
601 1988 755 2043 Ἰδοὺ
788 1988 893 2059 γὰρ
925 1989 995 2043 ἐν
1019 1990 1291 2060 ἁνομίαις
1319 1990 1733 2060 συνελήφθην.

310 2174 427 2226 Οὐκ
460 2174 519 2226 ὲν
562 2174 629 2244 τῇ
673 2174 871 2245 γαστρὶ
903 2172 1082 2243 μόνον,
1127 2173 1239 2226 ἀλλ’
1280 2173 1465 2244 ἐπειδὴ
1508 2173 1809 2245 παρέλαδόν

243 2285 313 2337 με
346 2266 418 2319 τὰ
460 2266 598 2337 ἔργα
642 2268 740 2337 τῆς
770 2267 1015 2336 ἀνομίας,
1048 2266 1117 2319 τὰ
1145 2266 1237 2319 τοῦ
1280 2269 1463 2334 φόνου,
1491 2270 1585 2321 καὶ
1616 2268 1684 2321 τά
1712 2269 1810 2339 τῆς

238 2358 526 2428 ἀλλοτρίας
551 2358 736 2428 κοίτης
768 2358 834 2428 ην
865 2359 1193 2428 παρανόμως
1217 2359 1471 2429 ἐσύλησα.

401 2494 547 2566 Στίχ.
578 2493 647 2565 η’.
695 2493 847 2548 Ἰδοὺ
880 2493 987 2565 γὰρ
1012 2494 1294 2561 ἀλήθειαν
1322 2496 1655 2565 ἠγάπησας.

323 2608 381 2659 ὐ
426 2608 550 2672 νοῦς
580 2602 761 2674 οὗτος
802 2613 898 2676 Σὺ,
946 2612 1105 2683 φησὶ,
1135 2612 1327 2684 Κύριε,
1366 2614 1565 2686 ἀληθὴς
1596 2614 1674 2669 ὢν
1713 2614 1810 2669 καὶ

231 2696 498 2768 ἀλήθειαν
540 2702 788 2769 ἀγαπῶν,
823 2702 1142 2774 βουλόμενος
1184 2707 1330 2777 ἡμᾶς
1357 2708 1413 2759 ὲν
1438 2707 1663 2778 ἀληθείᾳ
1693 2708 1809 2763 διά-

232 2806 299 2857 γε
312 2806 379 2854 ιν,
418 2792 804 2864 ἀποκαθαριείς
836 2796 980 2864 ἡμᾶς
1011 2796 1108 2865 τῆς
1131 2796 1360 2865 ἀρχαίας
1392 2798 1689 2869 ἁμαρτίας·
1719 2800 1812 2853 κα)⁵

229 2880 416 2944 οὕτως
461 2883 883 2955 ἀποκαθαρίσεις
908 2885 984 2948 ώς
1032 2886 1173 2957 ὑπὲρ
1216 2886 1368 2956 χιόνα
1416 2888 1807 2960 λευκανθῆναν

232 2977 269 3045 ἡ
334 2975 391 3027 δὲ
452 2976 824 3049 ἀποκάθαρσις
874 2980 1006 3049 ἡμῖν
1054 2978 1119 3031 δι’
1168 2979 1418 3034 ὑσσώπου
1491 2983 1809 3051 γενήσεται·

234 3065 484 3137 ὑσσώπῳ
515 3067 571 3119 δὲ
615 3072 646 3140 η
683 3070 774 3122 τοῦ
824 3071 980 3139 ἁγίου
1018 3070 1330 3142 Πνεύματος
1381 3070 1624 3142 ἐνέργεια
1676 3072 1810 3140 ἀφο-

235 3156 515 3227 μοιοῦται,
551 3157 911 3228 θερμαίνουσα
939 3160 1034 3212 καὶ
1072 3160 1245 3213 πάντα
1285 3160 1374 3212 τὸν
1405 3162 1462 3213 ὲν
1489 3163 1619 3230 ἡμῖν
1644 3161 1813 3231 ῥύπον

1914 538 2137 605 Semper
2162 535 2326 597 enim,
2359 533 2554 603 inquit,
2600 542 2689 586 tua
2722 534 3057 601 providentia
3100 534 3315 596 fruitus,
3342 550 3482 588 nunc

1912 643 2041 681 vero
2066 627 2332 696 privatus,
2367 639 2685 693 conqueror,
2719 640 2780 677 ac
2820 624 3037 678 vixdum
3098 626 3338 679 sustineo
3387 628 3485 679 atl-

1912 722 2183 774 versarios
2236 718 2287 772 in
2318 717 2487 787 plagis
2532 725 2587 770 et
2623 715 2851 769 vinculis
2892 723 2945 769 et
2977 715 3355 769 contractione
3398 732 3485 769 os-

1912 812 2049 865 sium
2109 824 2347 864 meorum
2384 809 2625 861 dicentes
2658 824 2671 859 :
2710 804 2810 860 Ubi
2851 815 2925 858 est
2971 808 3111 858 Deus
3162 816 3284 859 tuus
3309 808 3334 861 ?
3359 819 3485 876 pro-

1912 915 2029 972 pter
2065 901 2485 956 imbecillitatem
2523 900 2637 953 hzec
2675 913 2760 952 me
2806 898 2915 968 pati
2962 899 3358 953 existimantes.
3392 899 3481 952 Vel

1914 992 2085 1059 magis
2117 990 2399 1044 moraliter
2432 1007 2444 1043 :
2472 989 2700 1055 Quando
2729 989 3004 1043 daemones
3048 990 3250 1043 inimici
3286 990 3479 1055 nostri,

1911 1091 2131 1151 propter
2180 1089 2397 1147 peccata
2451 1093 2570 1134 ossa
2622 1088 2805 1133 nostra
2862 1078 3249 1149 confringunt,
3294 1081 3348 1134 id
3400 1090 3484 1136 est

1912 1175 2104 1228 animae
2155 1174 2439 1227 facultates
2470 1189 2483 1237 ;
2513 1182 2640 1226 tunc
2680 1172 2845 1227 Deum
2887 1172 3066 1227 dedita
3101 1187 3264 1241 opera
3314 1188 3480 1243 penes

1910 1281 2009 1321 nos
2064 1275 2318 1334 tanquam
2354 1264 2670 1319 imbecillem
2715 1264 3024 1328 traducunt,
3092 1276 3151 1318 ut
3209 1280 3237 1318 a
3275 1280 3367 1334 spe
3426 1268 3479 1320 in

1912 1358 2057 1413 illum
2084 1358 2417 1423 deﬁcientes,
2454 1357 2718 1426 mancipia
2756 1373 2853 1412 nos
2883 1368 2937 1413 et
2986 1374 3174 1413 servos
3218 1359 3477 1417 habeant.

1910 1453 1977 1507 Et
2034 1452 2085 1505 id
2132 1451 2385 1521 quotidie,
2416 1450 2467 1505 id
2505 1460 2589 1505 est
2626 1449 2844 1520 jugiter,
2876 1450 3102 1504 faciunt.
3135 1449 3274 1517 Quid
3313 1451 3480 1521 igitur

1911 1543 2175 1614 agendum
2204 1543 2227 1596 ’ί
2259 1542 2337 1595 Ne
2368 1544 2420 1596 in
2457 1542 2891 1610 desperationem
2916 1542 3160 1597 labamur
3189 1560 3203 1594 :
3239 1543 3334 1598 sed
3362 1559 3479 1613 spe-

1912 1650 2091 1689 remus
2120 1636 2173 1687 in
2206 1632 2634 1690 misericordiam
2669 1634 2784 1699 Dci,
2814 1634 2952 1689 sicut
2971 1644 3025 1688 et
3046 1634 3098 1687 in
3128 1634 3475 1703 sequentibus

1911 1729 2190 1783 docemur.

2537 1879 2729 1934 PSAI..
2769 1880 2828 1933 L.

1911 1996 1972 2050 V.
2007 1996 2054 2049 7.
2094 1993 2229 2048 Ecce
2248 1995 2384 2048 enim
2407 1995 2460 2047 in
2483 1996 2849 2063 iniquitatibus
2863 2004 3135 2062 conreptus
3149 1986 3467 2063 sum.(Mtut,

2006 2065 2336 2120 Bibliotheca
2369 2080 2496 2118 nova
2529 2061 2777 2128 Patrum,
2810 2066 2914 2133 VII,
2949 2061 3191 2132 6,'pra:f.
3222 2078 3272 2131 p.
3323 2063 3399 2133 6.)

1980 2176 2099 2234 Non
2124 2177 2178 2231 in
2209 2188 2367 2231 utero
2392 2186 2595 2230 tantum
2622 2217 2636 2241 ,
2669 2176 2768 2229 sed
2818 2192 2938 2231 cum
2990 2174 3469 2244 apprehendissent

1911 2284 2000 2323 me
2050 2282 2215 2338 opera
2247 2267 2587 2335 iniquitatis,
2620 2272 2909 2320 tenuerunt
2960 2280 3044 2319 me
3088 2264 3363 2321 homicidii
3416 2274 3471 2321 et

1909 2360 2066 2415 alieni
2099 2358 2335 2412 facinora
2375 2359 2596 2414 thalami
2625 2373 2785 2427 quem
2821 2358 3018 2425 injuste
3038 2356 3252 2412 violavi.

2160 2494 2221 2549 ν.
2248 2494 2298 2548 8.
2337 2492 2466 2548 Ecce
2496 2494 2632 2546 enim
2663 2494 2927 2547 veritatem
2954 2493 3207 2547 dilexisti.

1984 2606 2187 2661 Sensus
2215 2616 2295 2661 est
2329 2606 2416 2659 hic
2451 2623 2463 2658 :
2497 2605 2598 2670 Tu,
2630 2606 2826 2674 inquit,
2860 2605 3123 2669 Domine,
3157 2621 3276 2659 cum
3312 2620 3471 2660 verus

1914 2698 2009 2765 sis,
2043 2698 2399 2767 veritatisque
2439 2708 2670 2761 amator,
2699 2697 2885 2751 volens
2916 2714 3014 2752 nos
3045 2699 3096 2752 in
3126 2697 3353 2751 veritate
3381 2696 3466 2750 vi--

1911 2807 2058 2856 vere,
2090 2791 2388 2860 purificain
2417 2806 2515 2847 nos
2541 2792 2607 2846 ab
2632 2792 2879 2861 originali
2908 2803 3154 2860 peccato,
3183 2801 3239 2845 et
3270 2790 3347 2843 sic
3374 2804 3473 2858 pu-

1912 2881 2148 2959 rificabis
2178 2884 2253 2935 ita
2279 2892 2338 2935 ut
2363 2895 2524 2951 super
2569 2884 2744 2937 nivem
2776 2882 3125 2946 dealbemur;
3164 2880 3470 2949 puriﬁcatio

1912 2985 2098 3029 autem
2148 2985 2335 3029 nostra
2380 2989 2475 3044 per
2505 2974 2792 3043 hyssomtm
2836 2973 2965 3038 fiet;
3015 2975 3247 3044 hyssopo
3290 2982 3466 3027 autem

1912 3066 2086 3120 sancti
2137 3064 2371 3133 Spiritus
2415 3066 2588 3119 virtus
2631 3065 3376 3134 comparatur,calefaciens,
3416 3074 3471 3119 et

1913 3171 2126 3211 omnem
2179 3157 2233 3211 in
2288 3157 2444 3211 nobis
2485 3157 2878 3211 immunditiam
2924 3157 3240 3225 abstergens
3282 3173 3299 3209 :
3343 3170 3469 3210 ecce

233 3248 671 3318 ἀποσμήχουσα’
718 3248 826 3300 ἰδοὺ
866 3248 973 3320 γὰρ
1011 3249 1416 3320 ἀποταξαμένου
1454 3268 1551 3321 μου
1594 3250 1669 3321 τῷ
1714 3253 1808 3304 Σα-

1919 3248 2062 3303 enim
2117 3249 2421 3303 renuntiavi
2473 3247 2705 3303 Satanre.
2752 3278 2822 3288 —
2867 3248 3134 3302 Dilea‘isti.
3192 3247 3469 3317 Sapientia

230 3339 399 3408 τανᾷ.
430 3368 498 3377 —
528 3338 884 3407 Ὴγάπησας.
944 3340 1110 3408 Σοφία
1164 3341 1263 3411 μὲν
1305 3340 1398 3393 τοῦ
1454 3342 1663 3411 Πατρδς
1712 3342 1808 3414 δη-

1914 3341 2127 3408 quidem
2160 3340 2338 3395 Patris
2362 3339 2534 3394 Filius
2568 3350 2651 3393 est
2686 3357 2697 3393 :
2730 3341 2937 3394 incerta
2965 3347 3017 3393 et
3049 3339 3257 3393 occuita
3284 3337 3463 3401 Verbi,

231 3430 417 3482 λονότι
461 3432 489 3482 ὁ
519 3431 717 3499 Λόγος·
758 3430 925 3500 ἀδηλα
956 3430 1013 3483 δὲ
1046 3432 1137 3484 καὶ
1174 3432 1376 3500 κρύφια
1422 3430 1515 3483 τοῦ
1549 3430 1742 3500 Λόγου,
1782 3433 1808 3485 ὁ

1916 3432 2145 3488 Verbum
2200 3434 2577 3499 incarnatum;
2618 3442 2670 3486 et
2701 3433 2814 3487 haec
2850 3432 3031 3486 omnia
3071 3432 3383 3503 negligens,
3415 3434 3467 3486 in

230 3523 339 3592 τῆς
375 3522 834 3592 ὲνανθρωπήσεως
887 3522 1089 3591 Λόγος·
1126 3522 1219 3575 καὶ
1260 3522 1351 3574 ἐπὶ
1390 3521 1594 3585 τούτοις
1650 3524 1811 3576 πᾶσιν

230 3612 519 3683 ἀμελήσας
559 3611 831 3682 ώλίσθησα
863 3613 957 3665 καὶ
999 3612 1312 3665 κατέπεσον.
1351 3610 1506 3664 Οὕτω
1540 3612 1614 3676 δὲ,
1655 3613 1806 3681 φησὶ,

234 3706 478 3775 κρινεῖς·
510 3704 602 3755 καὶ
648 3704 771 3767 τοὺς
809 3705 904 3773 μὲν
950 3703 1216 3767 κολάσεις,
1262 3705 1387 3767 τοὺς
1430 3703 1487 3755 δὲ
1539 3702 1811 3773 στεφανώ-

236 3811 391 3857 σεις,
434 3794 619 3864 ἐπειδὴ
662 3794 757 3865 τὴν
803 3795 1055 3866 ἀλήθειαν
1105 3795 1379 3866 στέργεις·
1426 3796 1522 3867 τὴν
1582 3793 1636 3847 δὲ
1678 3795 1810 3866 ἀλή-

236 3883 393 3937 θειαν
448 3885 707 3955 στέργων,
748 3886 843 3938 καὶ
886 3886 985 3955 τῆς
1030 3886 1242 3955 φύσεως
1298 3885 1451 3948 εἰδὼς
1493 3885 1589 3956 τὴν
1645 3886 1806 3941 ἀσθέ-

233 3992 409 4037 νειαν,
442 3976 663 4045 μετάδος
694 3975 802 4046 (8|)
842 3974 1165 4047 συγγνώμην
1201 3978 1308 4040 τοῖς
1326 3976 1532 4029 αἰτοῦσι
1566 3977 1631 4029 τά
1670 3977 1807 4048 φάρ-

233 4084 423 4137 μακα·
456 4069 535 4120 ὃτι
577 4068 897 4137 σοφιστικῶς
928 4069 1039 4135 ’ἐξει
1078 4069 1516 4139 γεγσμνασμένος
1555 4068 1645 4120 ἐπὶ
1681 4068 1807 4121 θεω-

236 4160 335 4229 ρίᾳ
370 4160 465 4228 τῆς
508 4159 763 4228 ἀληθείας
788 4178 799 4189 ·
839 4160 897 4213 τὸ
928 4160 1153 4230 μέγεθος
1178 4161 1342 4231 αὐτῆς
1371 4160 1549 4228 γνοὺς,
1588 4161 1804 4229 ἀγάπην

236 4252 380 4322 πρὸς
422 4251 615 4321 ἑαυτὴν
649 4251 770 4323 ἔσχε
816 4252 1052 4305 τελείαν·
1084 4254 1131 4304 οἱ
1174 4250 1247 4322 μὴ
1276 4253 1383 4322 γὰρ
1420 4254 1529 4315 τοῖς
1559 4252 1804 4321 ψεύδεσιν

236 4345 741 4413 ὲγγυμνασάμενοι,
785 4343 1219 4414 διορατικώτεροι
1266 4344 1613 4415 γεγενημένοι
1648 4345 1803 4398 καθο-

234 4430 375 4501 ρῶσι
410 4431 506 4501 τῆς
546 4431 800 4501 ἀληθείας
841 4433 901 4485 τὸ
927 4434 1250 4500 ἀξιάγαστον
1287 4432 1503 4496 κάλλος’
1545 4430 1655 4497 οἷός
1689 4437 1801 4488 ἐστι

226 4523 475 4593 Μωῦσῆς
517 4523 610 4577 καὶ
651 4524 870 4594 Δανιήλ·
918 4526 1055 4593 μετά
1102 4524 1209 4595 γὰρ
1256 4524 1316 4576 τὸ
1358 4524 1678 4595 πειραθῆναι
1718 4543 1801 4578 σο-

1911 3526 2121 3581 lubrico
2171 3526 2356 3594 lapsus
2384 3541 2507 3580 sum
2554 3536 2608 3580 et
2657 3523 2852 3580 cecidi.
2902 3522 2992 3577 Sic
3033 3531 3235 3589 autem,
3269 3523 3465 3593 inquit,

1904 3620 2116 3688 iudicas
2142 3640 2154 3675 :
2181 3620 2318 3673 alios
2340 3619 2598 3688 castigas,
2637 3616 2774 3670 alios
2803 3632 3051 3681 coronas,
3085 3615 3339 3685 quoniam
3371 3629 3465 3667 ve-

1912 3712 2124 3766 ritatem
2168 3711 2345 3780 diligis
2374 3727 2388 3764 :
2423 3724 2545 3765 cum
2580 3718 2757 3763 autem
2791 3709 3076 3763 veritatem
3105 3723 3277 3771 amas,
3306 3717 3463 3759 natu-

1913 3818 1983 3854 rae
2012 3800 2385 3855 inﬁrmitatem
2423 3802 2612 3855 videns
2637 3839 2652 3865 ,
2677 3799 2891 3852 veniam
2943 3798 3135 3852 tribuis
3161 3796 3464 3867 petentibus

1908 3894 2147 3947 remedia
2184 3915 2192 3947 :
2228 3892 2355 3963 quia
2389 3893 2631 3961 sophista
2668 3899 2910 3944 versatus
2934 3889 3023 3943 bet
3045 3890 3096 3943 in
3134 3887 3338 3942 theoria
3369 3901 3463 3939 ve-

1907 3987 2105 4053 ritatis,
2141 3985 2521 4041 sublimitatem
2554 3985 2670 4055 ejus
2700 3998 2821 4039 cum
2864 3980 3198 4052 cognoverit,
3224 3992 3460 4032 amorem

1905 4093 2003 4146 pro
2044 4093 2107 4131 ea
2146 4076 2361 4131 habebit
2405 4077 2702 4145 perlectum
2737 4092 2752 4129 :
2788 4074 2877 4143 qui
2922 4089 3031 4126 non
3082 4071 3134 4125 in
3170 4068 3464 4123 mendaciis

1906 4168 2101 4221 versati
2134 4167 2353 4229 fuerint,
2393 4165 2816 4235 perspicaciores
2856 4162 3006 4227 facti,
3038 4159 3465 4229 contemplantes

1906 4261 2153 4314 veritatis
2184 4259 2557 4314 admirabilem
2581 4256 3063 4326 pulchritudinem,
3104 4250 3289 4321 quales
3310 4248 3463 4302 fuere

1904 4354 2112 4422 Moyses
2148 4362 2204 4407 et
2236 4352 2421 4406 Daniel
2449 4369 2463 4415 ;
2509 4362 2791 4420 postquam
2822 4348 2966 4401 enim
3017 4343 3346 4398 tentaverint
3373 4356 3461 4395 so-

1902 4442 2129 4509 phistica
2160 4441 2349 4508 verba,
2394 4454 2561 4509 uSque
2605 4441 2670 4492 ad
2702 4451 2885 4491 veram
2924 4434 3241 4501 sapientiam
3272 4444 3461 4484 ascen-

1904 4532 2093 4584 dentes
2119 4570 2135 4594 ,
2179 4546 2207 4583 a
2242 4532 2347 4583 Deo
2386 4529 2756 4583 testimonium
2785 4531 3108 4592 acceperunt
3140 4521 3279 4588 quod
3309 4525 3464 4574 erant

228 4614 499 4683 φιστικῶν
536 4614 727 4683 λόγων,
766 4617 850 4668 ἐπ’
890 4618 1057 4687 αὐτὴν
1094 4616 1192 4687 τὴν
1236 4615 1404 4687 ἀληθῆ
1441 4615 1632 4683 σοφίαν
1671 4619 1799 4670 ἀνα-

1914 4622 2178 4691 sapientes
2226 4620 2449 4689 perfecti
2481 4637 2494 4673 :
2522 4619 2661 4674 Deus
2697 4619 2801 4673 illis
2849 4614 3215 4669 manifestavit
3259 4612 3462 4666 incerta

227 4706 457 4769 ϐάντες,
501 4707 602 4759 ὑπὸ
641 4706 733 4759 τοῦ
786 4707 916 4760 Θεοῦ
967 4708 1266 4779 μαρτυρίαν
1320 4707 1494 4776 ἔσχον,
1534 4708 1608 4770 ώς
1650 4709 1800 4770 ὄντες

1914 4723 1956 4767 et
1986 4712 2196 4767 occulta
2222 4712 2504 4781 sapientia:
2533 4711 2724 4781 ipsius,
2743 4719 2802 4764 ut
2832 4708 2963 4762 nihil
2994 4707 3123 4775 ipsis
3147 4706 3460 4763 obscurum.

225 4799 424 4851 τέλειοι
465 4798 645 4867 σοφοί·
677 4797 1011 4869 δηλώσαντος
1036 4801 1213 4864 αὐτοῖς
1238 4800 1328 4852 τοῦ
1369 4799 1502 4852 Θεοῦ
1539 4800 1606 4852 τὰ
1632 4800 1800 4870 ἄδηλα

1914 4818 2007 4857 nec
2037 4803 2274 4857 tenebris
2302 4812 2544 4871 opertum
2574 4810 2814 4855 maneret
2844 4818 2857 4854 :
2888 4799 3053 4853 David
3088 4798 3295 4850 invenit
3322 4796 3462 4850 hanc

228 4892 324 4944 καὶ
375 4890 581 4961 κρύφια
622 4892 721 4961 τῆς
776 4893 964 4960 σοφίας
1013 4892 1210 4955 αὐτοῦ,
1268 4892 1341 4955 ὡς
1391 4892 1555 4962 μηδὲν
1620 4893 1801 4955 αὐτοῖς

1914 4894 2159 4948 eximiam
2191 4892 2566 4947 facultatem...
2607 4894 2657 4945 in
2688 4893 2778 4945 vili
2811 4890 3124 4946 conditione
3158 4907 3171 4943 :
3202 4887 3316 4942 Non
3346 4896 3461 4939 tan-

225 4979 437 5046 ἀσαφὲς
488 4980 521 5050 ἢ
570 4981 1005 5052 ἀπεσκιασμένον
1052 4979 1215 5035 εἶναι·
1261 4983 1461 5053 ταύτης
1498 4983 1595 5051 τῆς
1637 4982 1799 5049 ἕξεως

1914 4994 2019 5037 tum
2056 4986 2107 5038 in
2137 4985 2328 5038 throno
2359 4984 2540 5038 szcculi
2574 4998 2657 5037 me
2686 4982 2983 5045 collocasti,
3012 4981 3108 5035 sed
3136 4979 3298 5034 etiam
3330 4992 3458 5045 pro-

227 5069 324 5121 καὶ
350 5071 380 5121 ὁ
407 5068 567 5121 Δαυῖδ
598 5072 911 5141 τυγχάνειν.
940 5115 952 5127 .
981 5112 993 5125 .
1024 5073 1111 5126 διὰ
1146 5074 1236 5127 τοῦ
1269 5074 1628 5144 προκειμένου
1661 5073 1803 5125 στοί-

1914 5075 2114 5130 )hetico
2146 5091 2365 5128 munere
2392 5075 2669 5129 honorasti
2708 5088 2814 5137 me,
2838 5081 2893 5127 et
2926 5088 3043 5143 qute
3073 5086 3197 5125 mox
3233 5078 3459 5123 ventura

225 5176 351 5229 χου·
390 5161 463 5212 Οὐ
497 5161 603 5229 γὰρ
643 5162 799 5231 μόνον
831 5181 897 5232 με
933 5166 1043 5226 τοῖς
1074 5163 1342 5233 βιωτικοῖς
1383 5163 1660 5235 ἐνίδρυσας
1692 5161 1799 5215 θώ-

1914 5174 2027 5218 suut
2049 5163 2430 5229 maniiestasti,
2466 5173 2521 5217 et
2555 5179 2672 5232 qua:
2702 5162 2822 5217 aliis
2859 5163 3065 5233 ignota,
3093 5160 3361 5214 evidentia
3387 5157 3461 5210 fe-

226 5269 378 5313 κοις.
422 5251 558 5305 ἀλλά
606 5254 699 5306 καί
738 5256 1074 5326 προφητικῆς
1117 5256 1350 5325 ἠξίωσας
1405 5255 1657 5326 χάριτος,
1708 5254 1801 5306 καὶ

1914 5256 2046 5321 :isti,
2083 5255 2293 5310 scilicet
2325 5254 2599 5325 Unigeniti
2632 5258 2709 5310 tui
2754 5255 3187 5309 Incarnationem
3210 5291 3225 5314 ,
3256 5261 3307 5303 et
3338 5251 3461 5303 inde

226 5342 296 5395 τά
330 5344 525 5413 μικρὸν
555 5345 785 5415 ἐσόμενα
821 5347 1251 5418 προδεδήλωκας,
1276 5348 1368 5401 καὶ
1390 5348 1457 5401 τὰ
1479 5350 1590 5410 τοῖς
1621 5346 1803 5410 ἀλλοις

1914 5360 2177 5402 terrarum
2204 5350 2353 5403 orbis
2384 5349 2758 5405 salvationem.

229 5437 518 5507 ἀπόρρητα
560 5437 681 5505 ἐμοὶ
711 5437 843 5507 δῆλα
872 5439 1187 5510 πεποίηκας,
1224 5441 1323 5510 τήν
1372 5457 1428 5493 τε
1482 5436 1575 5492 τοῦ
1605 5438 1936 5505 Μονογενοῢς
1974 5456 2067 5493 σου
2122 5441 2548 5513 ὲνανθρώπησιν,
2588 5443 2682 5495 καὶ
2732 5440 2831 5512 τῆς
2887 5439 3209 5512 οἰκουμένης
3256 5434 3467 5491 ἐκεῖθεν

229 5532 327 5601 τὴν
360 5529 651 5603 σωτηρίαν.

304 5717 420 5788 (81)
446 5716 605 5773 Forte
646 5720 961 5790 μεταδίδως,

508 5829 778 5891 ΡΑτιιοι..
811 5830 934 5894 (in.
965 5828 1163 5891 XVII.

3149 5821 3189 5882 5
