3880 6216
388 306 490 365 139
1266 306 1417 358 SUPI

927 398 1122 454 PSAI..
1163 397 1417 452 LXXVII.

528 493 589 550 ν.
622 492 709 547 '50.
741 492 922 544 Adhuc
961 491 1237 545 exsistente
1271 505 1390 543 esca
1421 490 1474 543 in
1504 504 1594 543 ore
1619 505 1820 542 eorum.

384 648 451 708 Ἴ.
474 649 563 707 3‘1.
604 646 701 702 Ira
734 646 828 701 Dei
855 645 1088 699 ascendit
1118 645 1173 697 in
1213 645 1352 715 ill_os,
1384 655 1430 699 et
1470 646 1656 700 occidit
1695 646 1749 698 in
1776 628 1969 715 pluri-i

594 720 687 773 bus
706 732 884 772 eorum
907 731 927 781 ;
961 726 1007 769 et
1033 715 1218 769 electos
1250 713 1418 769 Israel
1446 716 1733 785 impedivit.

453 866 710 923 Videnles
730 873 1149 937 ortygometram
1192 863 1425 933 Hebraei,
1468 881 1574 923 non
1601 869 1943 925 crediderunt

384 956 855 1027 pollicitationibus
880 955 1096 1021 divinis,
1140 969 1263 1009 cum
1296 957 1642 1025 promlsisset
1691 960 1832 1015 Deus
1859 961 1943 1016 fo-

384 1066 464 1114 re,
491 1058 551 1103 ut
583 1060 753 1115 usque
776 1045 830 1099 in
863 1058 1103 1098 mensem
1141 1047 1371 1102 nutriret
1391 1060 1485 1103 eos
1507 1049 1574 1104 ad
1607 1052 1942 1105 satietatem.

384 1141 490 1197 Sed
526 1140 700 1202 veriti,
740 1152 806 1192 ne
835 1134 1079 1190 avolaret
1106 1136 1190 1190 vel
1229 1137 1482 1194 deﬁceret
1514 1140 1734 1208 iterum,
1770 1141 1971 1211 Refrim

380 1240 716 1303 geraverunt,
750 1229 847 1293 ait,
900 1227 999 1282 sibi
1029 1228 1459 1299 refrigerationes
1484 1232 1540 1286 in
1586 1249 1713 1304 gyro
1743 1244 1944 1288 castro-

379 1343 518 1381 rum.
556 1324 624 1378 Et
654 1338 840 1377 carnes
860 1323 1034 1377 adhuc
1072 1331 1220 1378 erant
1247 1325 1303 1377 in
1335 1324 1576 1379 dentibus
1603 1342 1807 1393 eorum,
1847 1343 1944 1382 an-

379 1429 583 1487 tequam
606 1416 878 1484 deﬁcerent
907 1430 923 1465 :
954 1423 1000 1466 et
1025 1412 1279 1469 Dominus
1304 1416 1472 1470 iratus
1492 1426 1567 1471 est
1598 1418 1655 1472 in
1673 1418 1940 1487 populum.

379 1512 448 1566 Et
492 1514 745 1581 percussit
791 1511 1047 1567 Dominus
1083 1510 1333 1581 populum
1370 1510 1702 1578 percussione
1747 1528 1942 1581 magna

376 1607 525 1663 valde
552 1607 616 1661 ".
651 1605 780 1661 Haec
807 1606 1074 1674 percussio
1104 1620 1316 1673 magna,
1363 1618 1512 1658 mors
1546 1602 1648 1657 fuit
1680 1602 1943 1673 plurimo-

378 1714 521 1764 rum,
545 1699 702 1769 juxta
741 1697 882 1768 quod
936 1697 1023 1751 hic
1055 1695 1257 1750 dicitur
1288 1713 1301 1749 :
1338 1694 1545 1749 Occidit
1585 1697 1641 1748 in
1678 1695 1938 1763 pluribus,

1266 299 1824 358 SUPPLEMENTUM
1861 299 1949 355 AD
1982 296 2302 354 ORIGENIS
2335 299 2741 356 EXEGETICA.

1974 414 2021 469 Α

3504 304 3608 362 H0

2668 396 2831 449 ΨΑΛ.
2890 398 3001 450 οΖ’.

2051 490 2194 559 Στίχ.
2218 490 2282 541 λ’.
2314 490 2434 541 Ἔτι
2466 486 2573 557 τῆς
2604 488 2885 561 βρώσεως
2917 490 3107 557 οὔσης
3142 490 3212 542 ἐν
3243 487 3321 554 τῷ
3359 492 3609 561 στόματι
3676 500 3693 511 “

2723 576 2938 611 αυτων.

2050 652 2195 722 Στίχ.
2222 650 2328 722 λα’.
2375 650 2551 722 Ὀργὴ
2591 651 2701 722 τοῦ
2717 720 2722 722 _
2745 649 2892 703 Θεοῦ
2926 649 3105 718 ἀνέϐη
3125 650 3224 722 ἐπί
3238 650 3480 718 αὐτοὺς,
3510 652 3610 706 καί

2118 719 2424 775 ἀπέκτεινε
2465 721 2589 785 τοῖς
2623 719 2733 790 (82)
2767 723 3046 775 πλείοσιν
3077 721 3275 790 αὐτῶν
3293 738 3307 754 ο
3337 722 3435 775 καί
3469 722 3612 787 τοὺς

2111 792 2438 857 ἐκλεκτοὺς
2459 791 2564 847 τοῦ
2600 789 3292 859 Ἰσραὴλσυνεπόδισεν.
3350 820 3353 825 ‹

2130 880 2347 945 Ἰδόντες
2371 880 2468 952 τὴν
2495 880 2906 951 ὀρτυγομήτραν
2946 877 3201 949 Ἑϐραῖοι,
3228 878 3327 932 οὐκ
3361 877 3603 932 ἐπίστευ-

2048 989 2145 1024 σαν
2168 974 2234 1044 τῇ
2255 972 2349 1025 τοῦ
2369 971 2503 1025 Θεοῦ
2530 970 2847 1042 ἐπαγγελίᾳ,
2870 968 3237 1040 ὑποσχομένου
3260 969 3419 1039 μέχρι
3443 966 3610 1039 μηνὸς

2043 1062 2325 1136 διαθρέψαι
2355 1062 2550 1124 αὐτοὺς
2573 1063 2653 1124 εἰς
2680 1059 3013 1131 πλησμονήν.
3055 1057 3235 1121 Ἀλλὰ,
3279 1055 3610 1127 φοϐηθέντες

2048 1156 2252 1226 μήποτε
2286 1156 2501 1225 ἀποπτῇ
2544 1152 2578 1225 ἢ
2619 1151 2867 1222 ἀναλωθῇ
2900 1150 3083 1214 πάλιν,
3117 1148 3411 1218 Ἔψνυξαν,
3452 1147 3607 1218 φησὶ,

2043 1247 2276 1313 ἑαυτοῖς
2300 1246 2577 1315 ψυγμοὺς
2607 1246 2810 1309 κύκλῳ
2840 1242 2949 1313 τῆς
2972 1239 3365 1311 παρεμϐολῆς.
3390 1239 3499 1294 Καὶ
3536 1239 3610 1293 τὰ

2044 1338 2189 1408 κρέα
2207 1338 2294 1392 ἔτι
2314 1334 2393 1407 ἦν
2425 1338 2496 1391 ἐν
2515 1337 2641 1403 τοῖς
2674 1336 2922 1390 ὀδοῦσιν
2949 1334 3164 1400 αὐτῶν,
3201 1334 3343 1402 πρὶν
3373 1332 3412 1402 ἢ
3451 1332 3609 1387 ἐκλι-

2043 1431 2206 1485 πεῖνο
2238 1431 2336 1487 καὶ
2361 1430 2577 1499 Κύριος
2600 1427 2865 1498 ἐθυμώθη
2894 1430 2981 1494 είς
3007 1426 3115 1480 τὸν
3126 1427 3296 1480 λαόν.
3331 1422 3606 1479 Καὶέπά-

2046 1521 2190 1588 safe
2243 1522 2458 1590 Κύριος
2503 1520 2610 1573 τὸν
2647 1518 2802 1574 λαόν
2842 1516 3047 1588 πληγῇ
3082 1515 3314 1587 μεγάλῃ
3351 1514 3628 1585 σφόδρα..

2041 1614 2250 1686 Πλητὴ
2309 1611 2369 1667 δὲ
2421 1611 2672 1683 μεγάλη,
2706 1614 2736 1665 ὀ
2780 1611 2984 1664 πολλῶν
3038 1610 3295 1673 θάνατος,
3357 1607 3496 1663 κατὰ
3546 1605 3611 1660 τὸ

2040 1709 2324 1781 εἰρημένον
2409 1705 2672 1761 ἐνταῦθα’
2740 1706 2822 1759 ὅτι
2906 1704 3278 1761 ’Aszéxtswer
3341 1703 3412 1757 ἐν
3484 1700 3609 1767 τοῖς

377 1790 433 1848 id
486 1800 568 1845 est
613 1788 830 1844 multos.
878 1786 984 1841 Sed
1018 1801 1051 1841 ο
1106 1786 1584 1858 ingratitudinem!
1635 1786 1937 1857 Antequam

2042 1798 2298 1857 πλείοσι.
2350 1797 2594 1852 τουτέστι
2640 1794 2882 1858 πολλούς.
2947 1793 3083 1846 Ἀλλ’
3125 1792 3170 1847 ὣ
3221 1793 3319 1865 τῆς
3359 1792 3607 1862 ἀγνωμο-

376 1890 832 1938 consumerentur
872 1893 1067 1935 carnes
1113 1893 1232 1949 qua:
1266 1888 1423 1934 erant
1468 1881 1521 1933 in
1564 1879 1813 1935 dentibus
1842 1870 1936 1935 eo-

376 1989 521 2042 rum,
565 1971 830 2029 increduli
884 1972 1126 2038 fuerunt,
1173 1972 1326 2028 obliti
1371 1972 1623 2041 potentia:
1658 1972 1772 2030 Dei.
1808 1972 1940 2028 Pro-

374 2076 561 2136 pterea
592 2065 861 2122 desiderio
890 2065 1105 2135 quidem
1139 2080 1238 2120 suo
1284 2064 1463 2120 satiati
1493 2072 1617 2121 sunt
1656 2065 1723 2120 ad
1749 2076 1937 2120 osten—

375 2159 583 2213 sionem
605 2157 960 2228 providentiae
984 2157 1179 2212 divina:
1205 2171 1331 2226 erga
1364 2157 1484 2212 illos
1509 2173 1522 2209 :
1555 2157 1732 2212 evasit
1761 2167 1937 2213 tamen

2043 1888 2235 1959 σύνηςῑ
2260 1888 2447 1961 Πρὶνῆ
2479 1887 2852 1959 δαπανηθῆναι
2876 1884 2944 1940 τὰ
2970 1887 3028 1938 ἐν
3054 1888 3166 1948 τοῖς
3194 1882 3403 1938 ὀδοῦσιν
3433 1882 3608 1938 αὐτῶν

2039 1979 2198 2050 κρέα,
2226 1980 2535 2050 ἠπίστησαν
2580 1975 2955 2047 ἐπιλαθόμενοι
2998 1974 3098 2044 τῆς
3129 1971 3222 2027 τοῦ
3271 1972 3406 2025 Θεοῦ
3451 1972 3609 2026 δυνά·-

2042 2089 2206 2142 μεως.
2245 2072 2337 2126 Διὸ
2364 2072 2463 2144 τῆς
2508 2072 2607 2141 μὲν
2644 2068 2937 2140 ἐπιθυμίας
2980 2065 3158 2121 αὐτῶν
3200 2063 3607 2137 ἐνεπλήσθησαν

2039 2165 2119 2227 είς
2145 2162 2364 2228 ἔνδειξιν
2394 2156 2494 2234 τῆς
2517 2162 2644 2233 περὶ
2680 2160 2875 2223 αὐτοὺς
2910 2157 3062 2222 θείας
3097 2156 3349 2229 προνοίας
3373 2172 3386 2185 ·
3425 2154 3606 2225 ἀπέϐη

374 2252 505 2318 illis,
524 2259 744 2321 propter
774 2250 1143 2306 inﬁdelitatem
1172 2261 1227 2306 et
1255 2250 1567 2320 ingluviem,
1601 2250 1655 2305 in
1691 2255 1935 2307 morbum

2042 2254 2094 2308 δέ
2126 2255 2327 2320 αὐτοῖς,
2354 2253 2443 2309 διὰ
2467 2252 2562 2325 τὴν
2588 2254 2840 2307 ἀπιστίαν
2872 2251 2965 2305 καὶ
2991 2247 3309 2321 ἀπληστίαν,
3341 2249 3420 2311 είς
3454 2246 3607 2301 νόσον

378 2343 634 2408 cholerm,
675 2357 779 2412 qua
814 2341 967 2396 multi
1000 2340 1342 2396 interierunt.
1371 2341 1607 2408 Quorum
1632 2340 1935 2412 exemplum

2042 2345 2287 2417 χολέρας,
2332 2346 2423 2415 ὑφ’
2473 2342 2541 2417 ἦς
2597 2344 2781 2398 πολλοὶ
2825 2342 3215 2413 διεφθάρησαν⁸
3258 2330 3332 2394 ὧν
3384 2338 3445 2391 τὸ
3475 2338 3609 2392 ὑπό-

375 2446 486 2490 tam
513 2436 620 2490 illis
654 2435 806 2506 ipsis,
830 2449 988 2505 quam
1018 2434 1106 2500 iis,
1139 2433 1232 2503 qui
1264 2432 1331 2487 ad
1363 2447 1458 2487 eos
1483 2434 1798 2502 respiciunt,
1822 2431 1939 2489 suf-

2043 2436 2239 2507 δειγμα
2272 2436 2452 2499 αὐτοῖς
2496 2452 2555 2488 τε
2604 2434 2850 2500 ἐκείνοις,
2896 2432 2991 2486 καὶ
3029 2435 3140 2496 τοῖς
3184 2430 3320 2503 πρὸς
3365 2430 3605 2493 ἐκείνους

377 2529 564 2584 ﬁciens
589 2528 653 2582 ad
689 2528 882 2582 bonam
917 2528 1120 2598 frugem
1154 2525 1273 2580 fuit.

444 2618 598 2685 Illud,
630 2619 683 2671 in
705 2616 904 2681 multis,
931 2615 1121 2684 Aquila
1150 2624 1204 2669 et
1233 2613 1593 2684 Symmachus
1625 2617 1929 2684 ediderunt,

372 2715 428 2765 in
459 2710 735 2782 pinguibus
757 2719 806 2762 et
832 2707 1151 2762 obesioribus
1176 2706 1257 2773 ";
1293 2707 1518 2763 ditiores
1540 2708 1718 2778 populi
1747 2720 1802 2764 et
1834 2710 1937 2763 for-

373 2803 542 2856 tiores
573 2800 651 2855 sic
678 2797 1026 2872 appellantes.
1059 2796 1378 2853 Verosimile
1403 2799 1550 2853 enim
1577 2808 1660 2852 est
1688 2814 1781 2855 eos
1809 2815 1934 2870 pro-

371 2903 557 2964 pterea
591 2890 951 2946 insatiabilius
982 2888 1302 2945 comedisse.
1352 2885 1459 2944 Sed
1489 2889 1781 2943 secundum
1801 2887 1935 2941 LXX

372 2983 429 3035 in
460 2980 693 3046 pluribus
718 2979 931 3045 occidit,
985 2978 1037 3033 id
1066 2989 1149 3034 est
1196 2979 1417 3046 multos,
1458 2992 1594 3048 quos
1635 2978 1798 3043 etiam
1827 2978 1936 3033 ele-

2046 2528 2263 2601 ὀρῶσιν,
2297 2528 2477 2582 ἱκανὸν
2515 2526 2650 2597 πρὸς
2680 2524 3031 2596 σωφροσύνην
3062 2523 3296 2593 ἐγένετο.

2110 2619 2182 2672 Τὸ
2209 2619 2284 2683 δέ,
2318 2619 2386 2671 ἐν
2417 2615 2540 2683 τοῖς
2571 2616 2866 2678 πλείοσιν,
2913 2613 3141 2678 Ἀκύλας
3173 2614 3267 2668 καὶ
3291 2611 3603 2685 Σύμμαχος,

2044 2713 2114 2766 ἐν
2151 2711 2272 2777 τοῖς
2308 2710 2479 2765 πίοσί
2519 2708 2618 2763 καὶ
2661 2707 3091 2777 λιπαροτέροις,
3148 2703 3431 2771 ἐξέδωκαν,
3478 2704 3604 2767 τοὺς

2040 2801 2468 2873 πλουσιωτέρους
2522 2799 2615 2854 τοῦ
2670 2798 2800 2854 λαοῦ
2861 2800 2951 2853 καὶ
3014 2798 3389 2869 ἰσχυροτέρους
3432 2795 3606 2860 οὕτως

2039 2893 2416 2965 ὀνομάσαντες.
2457 2892 2616 2956 Εἰκὸς
2645 2891 2754 2963 γὰρ
2782 2891 2974 2955 αὐτοὺς
3011 2890 3098 2943 διὰ
3132 2890 3287 2943 τοῦτο
3334 2888 3604 2958 ἀπληστο-

2041 2984 2212 3055 τέρως
2258 2982 2628 3055 ἐμφορεῖσθαι.
2690 2983 2849 3037 Κατὰ
2896 2983 2953 3036 δέ
2998 2982 3125 3046 τοὺς
3184 2980 3603 3051 Ἐὁδομήκοντα,

372 3081 491 3127 ctus
520 3071 732 3125 vocavit
760 3068 949 3131 David,
981 3076 1163 3138 utpote
1188 3067 1497 3137 belligeros.
1539 3068 1603 3123 Hi
1637 3084 1795 3138 porro
1824 3069 1935 3123 fue-

2042 3075 2106 3128 ἐν
2148 3075 2271 3142 τοῖς
2315 3075 2593 3132 πλείοσιν
2640 3074 3015 3139 ἀπέκτεινεν,
3058 3072 3298 3126 τουτέστι
3342 3071 3601 3136 πολλοὺς,

371 3173 500 3221 runt
546 3171 795 3220 sexcenta
847 3160 1011 3215 millia
1061 3160 1342 3231 quingenti
1392 3167 1446 3216 et
1490 3160 1931 3232 quinquagintaa

371 3254 639 3311 vicennali
687 3261 845 3309 actate
867 3260 921 3306 et
964 3266 1148 3322 supra,
1199 3262 1424 3322 excepta
1474 3252 1718 3307 inferiori
1751 3263 1930 3321 astate,

369 3346 715 3410 mulieribus,
741 3351 797 3397 et
822 3342 1074 3398 universa
1109 3343 1252 3399 tribu
1283 3342 1430 3399 Levi.
1481 3341 1590 3398 Hos
1621 3357 1808 3399 omnes
1835 3360 1934 3399 nu-

374 3437 523 3492 trivit
568 3436 711 3491 Deus
757 3433 917 3502 longo
960 3440 1206 3504 tempore
1247 3434 1313 3488 ad
1358 3435 1710 3497 satietatem;
1760 3433 1934 3504 inquit

370 3530 515 3586 enim
549 3545 564 3582 :
602 3526 772 3599 Usque
815 3528 883 3582 ad
921 3542 1143 3583 mensem
1188 3525 1391 3579 dierum
1424 3524 1725 3591 comedetis,
1773 3524 1933 3579 donec

369 3631 514 3675 exeat
546 3635 609 3675 ex
655 3619 872 3673 naribus
899 3618 1084 3672 vestris
1108 3618 1176 3671 ’⁸.
1213 3616 1412 3672 Videns
1443 3616 1697 3687 populum
1732 3632 1933 3673 conen-

368 3715 685 3783 piscentem,
717 3720 771 3767 et
792 3726 1021 3783 purgare
1050 3724 1173 3764 eum
1204 3708 1388 3764 volens
1415 3723 1442 3762 a
1467 3710 1931 3779 concupiscentia,

366 3803 586 3859 videbat
631 3802 773 3871 quod
810 3812 1060 3856 sermone
1106 3797 1388 3854 doctrinali
1441 3814 1545 3853 non
1585 3809 1953 3870 purgaretur;

368 3894 463 3948 sed
515 3903 724 3948 tantum
773 3890 1213 3962 concupiscentia
1275 3890 1327 3944 in
1380 3890 1684 3945 satietatem
1724 3904 1929 3944 aversa.

368 3986 620 4041 Omnium
647 3986 788 4039 enim
813 3998 990 4039 rerum
1017 3984 1240 4039 satietas
1268 3992 1369 4049 est,
1402 3998 1508 4039 non
1543 3983 1717 4037 somni
1753 3983 1930 4046 modo,

367 4076 460 4132 sed
495 4084 551 4132 et
580 4076 842 4130 ciborum.
880 4073 1171 4143 Propterea
1216 4074 1363 4128 misit
1391 4075 1457 4129 ad
1489 4088 1583 4129 eos
1630 4083 1934 4144 ortygome.

368 4177 508 4222 Iram
554 4167 621 4222 ad
654 4165 871 4237 triginta
919 4164 1080 4220 dies:
1126 4164 1202 4218 illi
1246 4178 1396 4228 vero,
1447 4164 1670 4218 nimium
1696 4163 1930 4218 satietati

366 4258 732 4331 indulgentes,
764 4255 1035 4312 choleriea
1070 4253 1353 4310 affectione
1377 4254 1717 4311 interierunt.

357 4360 364 4415 ς
434 4353 528 4410 Bis
556 4362 737 4408 autem
768 4351 983 4407 invenio
1007 4349 1259 4421 populum
1285 4348 1587 4404 comedisse
1617 4357 1929 4418 ortygome-

364 4460 526 4507 tram.
567 4444 747 4502 Semel
781 4444 964 4500 statim
992 4452 1153 4514 atque
1193 4442 1441 4497 exierunt
1479 4440 1544 4495 de
1574 4446 1720 4494 terra
1755 4436 1915 4510 Egy-

361 4541 470 4610 pti;
534 4540 749 4604 iterum,
801 4538 940 4592 sicut
984 4536 1038 4590 in
1084 4532 1334 4589 Numeris
1382 4533 1659 4598 scribitur,
1707 4532 1926 4601 quando

361 4630 597 4686 oblocuti
629 4628 844 4684 suntde
870 4642 1007 4697 pane
1042 4626 1161 4691 Dei,
1203 4634 1258 4680 et
1280 4623 1488 4681 futilem
1514 4623 1664 4678 illum
1692 4622 1928 4694 appella-

361 4732 602 4775 verunt:
658 4735 765 4789 quo
815 4719 982 4773 etiam
1035 4725 1278 4785 tempore
1332 4716 1416 4769 ira
1451 4714 1686 4768 ascendit
1736 4715 1790 4765 in
1816 4726 1924 4777 eos,

363 4821 551 4881 utpote
576 4825 694 4880 quae
722 4810 941 4865 omnino
967 4807 1281 4864 subsidebat
1304 4815 1590 4874 antequam
1614 4809 1923 4874 peccarent.

363 4902 496 4958 Cum
525 4900 666 4955 enim
713 4899 804 4954 diu
841 4900 1179 4967 multumque
1213 4896 1424 4965 experti
1463 4893 1700 4949 divinam
1740 4901 1927 4961 poten-

361 4997 516 5062 tiam,
552 5005 657 5047 non
686 4986 1046 5045 credidissent
1075 4988 1517 5058 benignissimum
1571 4984 1741 5040 Deum
1769 4994 1928 5049 posse

363 5083 710 5156 suppeditare
739 5094 919 5137 escam
950 5081 1114 5150 ipsis;
1144 5090 1199 5136 et
1231 5081 1371 5134 hanc
1399 5078 1605 5144 tribuit,
1640 5086 1696 5132 et
1722 5073 1923 5137 docuit,

360 5178 506 5248 quod
538 5184 826 5244 utrumque
846 5169 1027 5226 facere
1055 5173 1196 5240 potis
1224 5182 1379 5237 erat;
1426 5179 1481 5227 et
1507 5169 1646 5224 bona
1677 5164 1927 5222 videlicet

358 5271 640 5334 exhibere,
685 5276 739 5325 et
786 5282 999 5322 sumere
1032 5266 1310 5321 ultionem.
1361 5263 1588 5320 Vitanda
1640 5268 1723 5317 est
1761 5258 1926 5326 igitur

357 5364 668 5430 voracitas,
707 5362 986 5433 gulositas,
1033 5359 1337 5431 ingluvies:
1379 5358 1482 5413 hoc
1544 5366 1649 5423 est,
1690 5355 1919 5409 immen-

2034 3170 2127 3235 οὓς
2143 3172 2239 3225 καὶ
2265 3170 2550 3236 ἐκλεκτοὺς
2578 3170 2831 3225 ἐκάλεσεν
2862 3172 2890 3225 ὀ
2921 3168 3102 3233 Δαυτδ,
3141 3168 3217 3232 ὡς
3248 3167 3598 3238 πολεμιστάς.

2035 3265 2098 3314 Ol.
2125 3261 2181 3314 δὲ
2222 3257 2360 3332 ἦσαν
2410 3261 2685 3327 ἑξακόσιαι
2727 3260 2958 3331 χιλιάδες
3003 3258 3096 3312 καὶ
3134 3258 3476 3312 πεντακόσιοι
3508 3257 3605 3310 καὶ

2034 3354 2367 3424 πεντήκοντα
2393 3351 2500 3405 ἀπὸ
2526 3349 2864 3414 είκοσαετοῦς
2886 3351 2979 3404 καὶ
3009 3351 3282 3420 ἀνωτέρω,
3310 3348 3478 3419 χωρὶς
3500 3347 3604 3417 τῆς

2034 3443 2343 3513 κατωτέρας
2367 3441 2597 3512 ἡλικίας,
2633 3442 2726 3495 καὶ
2752 3441 2857 3495 τῶν
2893 3438 3190 3510 γυναικῶν,
3223 3438 3316 3492 καὶ
3341 3438 3468 3508 ὅλης
3496 3436 3601 3506 τῆς

2034 3534 2207 3606 φυλῆς
2246 3532 2339 3586 τοῦ
2381 3533 2528 3587 Λευί.
2581 3533 2813 3597 Τούτους
2858 3532 3099 3594 ἅπαντας
3145 3529 3371 3601 ἔθρεψεν
3402 3531 3431 3581 ὁ
3469 3527 3603 3590 Θεὸς

2034 3631 2112 3693 είς
2145 3628 2304 3701 κόρον
2342 3630 2435 3682 ἐπὶ
2461 3626 2614 3681 πολύ.
2643 3627 2784 3697 Ἔφη
2807 3624 2913 3695 γάρ
2931 3641 2944 3656 ·
2979 3624 3125 3688 Ἕως
3148 3622 3341 3692 μηνὸς
3365 3619 3603 3691 ἡμερῶν

2034 3721 2314 3791 φάγεσθε,
2343 3720 2452 3787 ἕως
2478 3719 2555 3773 ἂν
2572 3717 2789 3784 ἐξέλθῃ
2821 3716 2887 3769 ἐκ
2915 3713 3032 3768 τῶν
3054 3713 3373 3783 μυκτήρων
3407 3709 3598 3780 ὑμῶν.

2046 3811 2216 3881 Ὁρῶν
2254 3810 2382 3869 λαὸν
2435 3806 2804 3879 ἐπιθυμητὴν,
2850 3806 2945 3859 καὶ
2996 3802 3232 3874 καθᾶραι
3282 3800 3443 3855 αὐτὸν
3490 3795 3602 3852 ἀπὸ

2031 3904 2131 3975 τῆς
2192 3902 2481 3974 ἐπιθυμίας
2541 3900 2877 3972 βουλόμενος,
2921 3896 3070 3968 ἐώρα
3125 3896 3205 3949 ὅτι
3257 3893 3398 3963 λόγῳ
3451 3892 3601 3947 διδα-

2033 3996 2274 4067 σκαλικῷ
2317 3996 2375 4049 οὐ
2428 3993 2768 4065 καθαίρεται,
2827 3989 2942 4043 ἀλλ’
3001 3989 3136 4058 αὑτῇ
3198 3989 3261 4058 τῇ
3331 3984 3601 4058 ἐπιθυμίᾳ

2032 4092 2292 4163 γενομένῃ
2329 4088 2640 4161 προσκορεῖ.
2679 4085 2900 4139 Πάντων
2942 4082 3051 4153 γὰρ
3086 4080 3246 4151 κόρος
3290 4080 3456 4143 ἐστὶν,
3497 4079 3601 4149 οὐχ

2033 4179 2199 4234 ὕπνου
2235 4179 2409 4250 μόνον,
2440 4175 2573 4231 ἀλλὰ
2611 4176 2705 4229 καὶ
2742 4172 3063 4244 βρωμάτων.
3103 4167 3193 4222 Διὸ
3230 4167 3469 4239 ἐπεμψεν
3496 4167 3598 4220 αὐ-

2030 4274 2142 4335 τοῖς
2165 4270 2573 4343 όρτυγομήτραν
2602 4267 2692 4320 ἐπὶ
2727 4265 3019 4336 τριάκοντα
3059 4262 3296 4332 ἡμέρας
3331 4260 3381 4313 οἱ
3414 4258 3495 4323 δὲ,
3528 4261 3596 4329 τῇ

2032 4363 2305 4435 ἀπληστίᾳ
2331 4359 2681 4433 χρησάμενοι,
2710 4353 2978 4427 χολερικῷ
3003 4352 3164 4406 πάθει
3189 4349 3522 4420 ἐφθείροντο.

2099 4454 2193 4517 Δὶς
2218 4451 2275 4505 δὲ
2306 4451 2543 4520 εὑρίσκω
2574 4447 2664 4500 τδν
2701 4446 2827 4500 λαὸν
2862 4443 3104 4513 φαγόντα
3141 4440 3559 4513 ὀρτυγομήτραν
3579 4456 3593 4470 ⁶

2028 4546 2175 4612 ἅπαξ
2216 4546 2312 4616 μὲν
2339 4543 2500 4614 ἡνίκα
2541 4539 2739 4602 εὐθέως
2786 4535 3006 4607 ἐξῆλθον
3049 4536 3113 4587 ἐκ
3141 4535 3243 4604 γῆς
3284 4531 3594 4600 Αἰγύπτουο

2021 4637 2082 4690 τὸ
2110 4636 2166 4689 δὲ
2185 4634 2452 4705 δεύτερον,
2480 4632 2554 4695 ὡς
2592 4630 2650 4683 ἐν
2684 4631 2794 4691 τοῖς
2844 4626 3123 4696 Ἄριθμοῒς
3162 4625 3595 4693 ἀναγέγραπται,

2022 4727 2183 4798 ἡνίκα
2226 4722 2410 4787 κακῶς
2448 4719 2598 4776 εἷπον
2627 4721 2717 4774 τὸν
2763 4718 2924 4789 ἄρτον
2956 4715 3049 4770 τοῦ
3088 4712 3244 4777 Θεοῦ,
3280 4714 3375 4766 καὶ
3414 4711 3598 4764 διάκε-

2022 4831 2110 4869 νον
2138 4813 2297 4868 αύτὸν
2331 4812 2617 4882 ὠνόμασαν
2638 4828 2652 4841 ·
2691 4810 2780 4861 ὅτε
2816 4806 2909 4860 καὶ
2952 4805 3097 4874 ὀργὴ
3131 4803 3312 4869 ἀνέϐη
3355 4802 3446 4855 ἐπ’
3489 4801 3599 4853 αὐ-

2023 4906 2183 4974 τοὺς,
2223 4905 2298 4968 ὡς
2332 4904 2470 4975 τάχα
2502 4902 2651 4956 κάτω
2690 4917 2790 4953 που
2833 4894 2964 4951 οὖσα
3008 4897 3137 4968 πρὶν
3179 4895 3212 4964 ἢ
3250 4893 3593 4964 ἁμάρτωσιν.

2036 4992 2253 5064 Ἐπειδὴ
2275 4992 2403 5063 γὰρ,
2441 4994 2634 5062 πεῖραν
2677 4987 2875 5058 πολλὴν
2901 4985 3155 5049 λαϐόντες
3187 4984 3285 5055 τῆς
3318 4983 3466 5046 θείας
3500 4982 3597 5035 δυ-

2022 5085 2257 5154 νάμεως,
2296 5084 2396 5137 οὐκ
2421 5081 2747 5136 ἐπίστευσαν
2780 5079 2870 5132 τὸν
2908 5076 3291 5148 φιλάνθρωπον
3334 5074 3599 5128 δύνασθαι

2023 5175 2325 5247 χορηγῆσαι
2364 5175 2554 5237 αὐτοῖς·
2597 5171 2824 5243 τροφὴν,
2879 5168 2974 5223 καὶ
3011 5166 3213 5238 ταύτην
3254 5166 3445 5231 ἔδωκε,
3499 5163 3598 5217 καὶ

2020 5265 2119 5335 τὴν
2151 5262 2394 5319 παιδείαν
2427 5264 2722 5336 ἐπήγαγεν,
2749 5261 2825 5324 ὡς
2857 5257 3138 5329 ἀμφότερα
3179 5258 3352 5309 ποιεῖν
3392 5253 3596 5318 ἱκανὸς,

2027 5358 2122 5410 καὶ
2153 5356 2222 5410 τὰ
2249 5354 2427 5425 ἀγαθὰ
2462 5359 2736 5426 παρέχειν,
2774 5352 2868 5406 καλ⁵
2906 5349 3005 5413 τὰς
3043 5347 3310 5419 τιμωρίας
3348 5346 3594 5414 ἐπάγειν.

356 5471 450 5513 Sus
486 5454 697 5525 opsonii
731 5467 879 5523 usus,
944 5457 1082 5524 gulae
1134 5452 1303 5519 furor,
1339 5450 1444 5506 cibi
1509 5445 1921 5519 intemperantia

2042 5447 2287 5503 Ιιευκτέον
2312 5447 2488 5501 τοίνυν
2520 5446 2838 5515 ὀψοφαγίαν,
2871 5439 3224 5512 λαιμαργίαν,
3251 5453 3600 5511 γαστριμαρ-

434 5630 478 5661 9'
533 5628 689 5681 Num.
741 5641 817 5690 χι,
877 5625 966 5694 '52,
1022 5625 1109 5681 3‘5.
1187 5623 1410 5682 "Psal.
1464 5636 1669 5687 tum,
1723 5619 1811 5674 51.
1942 5620 1945 5622 ’

2068 5617 2223 5673 Num.
2256 5630 2332 5687 ιι,
2359 5617 2448 5671 20.
2547 5615 2556 5622 ’

425 5766 633 5840 (ὃὴἘν
662 5769 788 5830 τοῖς.
