3878 6212
319 283 411 336 li!

1500 282 1863 339 EXCERPTA
1911 283 1974 335 IN
2011 282 2346 343 PSALMOS.

3454 291 3553 344 ΗΞ

317 400 467 468 γίαψ
501 399 744 452 τουτέστι
771 399 870 470 τὴν
904 399 1028 470 περὶ
1058 399 1248 471 χρῆσιν
1277 398 1406 468 ὄψου
1443 401 1732 470 ἀμετρίαν,
1773 399 1840 468 τὴ

1945 411 2033 452 ιει
2087 399 2235 454 furor
2291 403 2534 466 ventris,
2593 413 2652 457 ut
2685 419 2792 459 non
2842 405 3140 460 obruamus
3215 416 3548 462 mentem...

310 494 433 563 περὶ
466 493 556 544 τὸν
593 493 784 564 λαιμὸν
821 494 1037 566 μανίαν,
1082 495 1180 566 τὴν
1211 496 1336 566 περὶ
1379 495 1477 566 τὴν
1519 495 1724 566 τροφὴν
1762 493 2078 559 ἀκολασίαν,
2129 498 2222 548 καὶ
2274 499 2400 568 περὶ
2428 499 2669 569 γαστέρα
2695 499 2911 570 μανίαν,
2947 501 3034 554 ἵνα
3063 501 3136 572 μὴ
3159 501 3249 554 τὸν
3292 503 3417 557 νοῦν
3456 507 3549 574 εγ·-

306 582 686 656 κατορύξωμεν
718 585 788 638 τά
831 603 1062 640 κου......

373 681 545 732 Λυπεί
571 678 628 731 δὲ
663 679 814 732 οὐδὲν
859 681 1115 734 καὶκατὰ
1169 683 1456 752 ἀναγωγὴν
1491 685 1587 746 τὰς
1629 687 1840 758 ἱστορία

1945 729 1950 740 .
2053 682 2168 736 Νοη
2203 695 2343 754 piget
2375 685 2536 739 etiam
2568 699 2858 756 anagogtce
2885 689 2982 740 has
3018 686 3273 742 lnstorias
3300 697 3547 743 contem-

298 770 502 835 ταύτας
531 770 826 843 θεωρῆσαι.
870 773 1082 826 Ῥύεταί
1119 790 1199 825 τοι
1235 774 1263 825 ὁ
1298 773 1430 838 Θεὸς
1465 777 1557 828 καὶ
1597 777 1743 847 ἡμᾶς
1782 778 1871 832 ἀεὶ

296 865 362 916 ἐκ
384 864 490 931 γῆς
515 862 811 931 Αἰγύπτου,
845 867 909 917 ὲκ
941 863 1039 934 τῆς
1077 865 1306 935 καμίνου
1343 867 1442 936 τῆς
1492 867 1734 939 σιδηρᾶς,
1773 869 1871 939 τῆς

295 957 440 1009 κατὰ
487 957 583 1028 τὴν
619 957 908 1029 ἁμαρτίαν,
959 959 1044 1012 ἵνα
1081 960 1344 1030 εἰσαγάγῃ
1390 961 1479 1013 διά
1521 961 1727 1015 πολλῶν
1765 981 1866 1032 γυ-

294 1047 553 1119 μνασίων,
586 1048 671 1100 διά
703 1049 909 1102 πολλῶν
945 1050 1276 1121 θαυμασίων,
1322 1053 1389 1105 δι’
1431 1053 1596 1122 ἄρτου
1641 1057 1868 1127 ἐπουρα-

291 1139 429 1203 νίου,
471 1139 540 1192 δι’
583 1137 773 1202 ῦδατος
825 1141 933 1193 ἀπὸ
984 1141 1084 1211 τῆς
1140 1143 1364 1213 πέτρας,
1410 1146 1448 1212 ἡ
1507 1145 1692 1213 πέτρα
1733 1147 1800 1199 δὲ
1833 1151 1866 1202 ό

289 1232 566 1300 Χριστὸς,
593 1233 685 1285 ἐπὶ
717 1233 814 1304 τὴν
837 1234 997 1302 ἁγίαν
1023 1235 1371 1303 ἐπαγγελίαν.
1405 1238 1565 1303 Μέγα
1599 1235 1690 1292 οὖν
1715 1241 1858 1310 ἐμοὶ,

287 1323 403 1387 ἐὰν,
435 1327 631 1396 νοήσας
654 1326 750 1396 τὴν
785 1325 1058 1381 Θάλασσαν
1110 1329 1203 1380 τοῦ
1237 1328 1352 1398 βίου
1397 1332 1492 1383 καὶ
1536 1331 1603 1384 τὰ
1631 1333 1851 1404 κύματα

285 1415 356 1468 τὰ
378 1419 436 1469 έν
457 1416 533 1485 τῷ
556 1416 674 1486 βίῳ,
703 1418 794 1470 καὶ
823 1425 884 1471 τὸ
913 1419 1106 1490 πικρὸν
1138 1422 1229 1474 καὶ
1263 1422 1502 1494 ἁλμυρὸν
1536 1425 1644 1478 τῶν
1677 1426 1861 1496 βιωτι-

285 1507 400 1560 κῶν
453 1507 791 1578 πραγμάτων
843 1509 1150 1572 κλυδώνιον,
1198 1513 1427 1582 δυνηθῶ,
1481 1516 1861 1590 εὐεργετηθεὶς

285 1600 395 1652 ὑπὸ
424 1599 516 1651 τοῦ
553 1599 709 1664 Θεοῦ,
747 1601 873 1652 ίδεῖν
916 1604 1441 1670 καταποντισθέντας
1472 1609 1597 1671 τοὺς
1640 1613 1860 1680 νοεροὺς

282 1693 630 1761 Αἰγυπτίους,
679 1695 774 1749 καὶ
803 1693 893 1746 τὸν
927 1697 1116 1765 νοητὸν
1155 1696 1380 1768 Φαραώ·
1420 1701 1581 1764 αὐτὸς
1608 1701 1665 1753 δὲ
1693 1702 1766 1756 ῶν
1801 1706 1858 1756 ὲν

280 1783 361 1855 τῷ
406 1785 545 1852 φωτὶ
585 1786 684 1855 τῆς
726 1787 937 1858 ἡμέρας
990 1789 1292 1860 σκεποίμην
1331 1791 1436 1844 ὑπὸ
1485 1793 1714 1863 νεφέλης
1759 1795 1858 1864 τῆς

280 1876 510 1947 κούφης,
537 1879 630 1930 καὶ
655 1878 760 1930 ὑπὸ
787 1879 1064 1950 φωτισμοῦ
1096 1881 1286 1952 πυρὸς,
1329 1883 1423 1936 ὲάν
1455 1885 1585 1938 ποτέ
1630 1902 1693 1953 γε
1734 1904 1858 1940 σκοο

276 1969 431 2023 τεινά
463 1971 554 2022 καὶ
592 1969 958 2026 δύσκολα......
993 1973 1087 2027 καὶ
1116 1975 1144 2025 ὁ
1175 1975 1378 2046 κόσμος
1413 1979 1509 2046 μὲν
1540 1979 1849 2048 έσκότηται,

277 2062 374 2113 καὶ
405 2061 581 2114 πάντα
623 2062 868 2130 ἀγνοίαις
917 2065 1299 2136 πεπλήρωται·
1341 2067 1451 2137 ἐγὼ
1503 2069 1558 2122 δὲ
1605 2071 1742 2142 πρὸς
1785 2072 1851 2126 τά

274 2152 622 2222 πνευματικά
649 2155 749 2224 τῆς
781 2155 1040 2226 πονηρίας
1085 2175 1248 2213 πα....
1287 2159 1396 2230 (85)
1435 2164 1493 2214 έν
1520 2165 1657 2232 φωτὶ
1693 2159 1738 2218 ὦ
1766 2164 1852 2218 διὰ

273 2241 338 2295 τὸ
370 2242 618 2312 ἀληθινὸν
662 2244 776 2312 φῶς
820 2244 910 2297 τὸν
959 2247 1211 2316 Χριστὸν,
1255 2249 1348 2303 διὰ
1387 2251 1485 2322 τὴν
1526 2253 1772 2324 νεφέλην,

274 2334 375 2386 οὐκ
409 2333 467 2397 ἐξ
487 2335 674 2405 ἀτμῶν
701 2353 858 2389 τινων
891 2338 1032 2392 κατά
1055 2339 1152 2411 τὴν
1182 2342 1363 2412 κοινὴν
1399 2343 1560 2412 φύσιν
1598 2347 1630 2414 ἡ
1661 2346 1848 2411 στάσις

271 2421 361 2496 ἦν,
397 2426 758 2496 βαθυνομένου
789 2434 898 2494 τοῖς
932 2432 1123 2502 ἀτμοῖς
1153 2432 1245 2485 τοῦ
1289 2434 1446 2504 ἀέρος
1483 2434 1569 2487 διὰ
1596 2436 1694 2506 τῆς
1733 2439 1849 2509 ὁμι-

272 2517 505 2588 χλώδους
553 2522 880 2586 συστάσεως,
924 2528 1018 2578 καὶ
1052 2525 1187 2595 πρὸς
1229 2527 1416 2579 ἑαυτὸν
1446 2528 1846 2599 ὲμπιλουμένου

271 2612 388 2672 τοῖς
426 2611 758 2681 πνεύμασιν
795 2613 928 2667 ἀλλὰ
981 2616 1224 2686 κρεῖττόν
1268 2635 1321 2669 τι
1372 2619 1465 2672 καὶ
1512 2620 1842 2692 ὑψηλότερον

267 2701 369 2770 τῆς
402 2702 746 2775 ἀνθρωπίνης
793 2707 1167 2777 καταλήψεως,
1202 2709 1299 2772 ὡς,
1341 2711 1434 2763 καὶ
1475 2712 1576 2781 τῆς
1610 2711 1845 2785 ἡλιακῆς

265 2793 488 2855 ἀκτῖνος
533 2793 748 2865 θερμῶς
803 2798 1236 2871 έπιλαμπούσης,
1281 2803 1627 2876 διατείχισμα
1679 2808 1841 2878 ἔχειν,

268 2887 600 2951 σκιάξουσάν
625 2906 684 2940 τε
718 2890 778 2942 τὸ
818 2890 1197 2962 ὑποκείμενον,
1237 2897 1329 2948 καὶ
1373 2897 1542 2969 λεπτῇ
1574 2900 1748 2972 δρόσῳ
1784 2902 1843 2955 τὸ

265 2979 546 3047 φλογῶδες
581 2979 674 3032 τοῦ
705 2981 860 3052 ἀέρος
890 2983 1338 3049 ὑπονοτίζουσαν·
1371 2991 1463 3042 καὶ
1494 2989 1580 3044 διὰ
1621 2992 1718 3064 τῆς
1754 3013 1844 3048 νυ-

267 3072 399 3134 κτὺς
433 3070 542 3143 πῦρ
573 3073 814 3140 γίνεσθαι
843 3076 934 3143 ἀφ’
983 3077 1220 3147 ἑσπέρας
1253 3081 1332 3144 είς
1364 3080 1580 3153 ὄρθρον,
1621 3084 1697 3155 τῷ
1728 3086 1841 3157 ἰδίῳ

266 3165 412 3232 φωτὶ
447 3168 560 3228 τοῖς
591 3166 950 3237 Ἰσραηλίταις
991 3169 1348 3240 δᾳδουχοῦσαν
1390 3173 1448 3226 τὸ
1495 3175 1694 3244 φέγγος
1744 3179 1831 3248 μέ-

265 3273 362 3325 γα.
417 3256 541 3309 Ἐάν
584 3259 641 3310 ἐν
691 3261 756 3328 τῇ
813 3261 1002 3330 ἐρήμῳ
1053 3262 1145 3314 τοῦ
1195 3263 1334 3333 βίου,
1380 3265 1505 3320 ἔνθα
1551 3271 1842 3341 ἐπικρατεῖ

1885 2025 1924 2078 Β

261 3346 436 3418 πολλὴ
457 3349 608 3402 ἄνοια
634 3348 740 3400 τῶν
759 3353 1116 3421 πραγμάτων,
1144 3354 1327 3408 διελὼν
1360 3359 1450 3411 τὸν
1483 3362 1836 3431 στεῤῥότατον
1864 3368 1906 3426 C

259 3439 430 3490 αὑτοῦ
456 3439 610 3506 λόγον
650 3441 853 3511 πέτραν
892 3443 1305 3514 ὀνομαζόμενον,
1339 3450 1582 3518 ἀφθόνως
1618 3454 1711 3505 καὶ
1752 3457 1832 3518 είς

257 3534 424 3604 κόρον
479 3535 674 3606 ποτίσῃ
730 3553 818 3604 με,
853 3540 928 3604 ὡς
975 3543 1383 3614 παραϐληθῆναι
1421 3543 1483 3595 τὸ
1532 3545 1652 3615 ῥέον
1696 3545 1838 3615 ὕδωρ

258 3627 507 3697 ἀϐύσσῳ,
557 3631 811 3692 καὶτοὺς
839 3633 936 3703 τῆς
982 3632 1352 3706 πνευματικῆς
1399 3637 1605 3700 κοιλίας
1667 3655 1834 3691 ποτα-

264 3723 421 3794 μούς.

344 3817 485 3885 Ἐγὼ
531 3818 588 3871 δὲ
630 3823 1074 3890 παραπικραίνω
1119 3823 1226 3876 τὸν
1258 3826 1546 3892 Ὕψιστον
1588 3826 1657 3879 ἐν
1696 3827 1836 3880 ἁνύ-

256 3908 397 3977 ερῳ,
432 3911 527 3964 ἐὰν
577 3912 713 3981 μετά
769 3913 864 3984 τὴν
916 3914 1257 3969 διδασκαλίαν
1303 3917 1460 3970 πάλιν
1516 3918 1830 3989 ἁμαρτάνω,

255 4000 742 4071 ἐπιλανθανόμενος
771 4003 877 4056 τῶν
911 4003 1083 4072 λόγων
1120 4006 1227 4059 τῶν
1260 4006 1572 4078 θρεψάντων
1618 4027 1704 4079 με,
1735 4010 1828 4062 καὶ

253 4091 352 4144 τοῦ
380 4091 590 4157 ὕδατος,
620 4094 711 4146 τοῦ
741 4095 847 4147 ἀπὸ
881 4096 980 4166 τῆς
1027 4097 1247 4169 πέτρας,
1294 4101 1424 4166 ἣτις
1449 4102 1619 4154 ἐστὶν
1645 4105 1677 4155 ό
1700 4105 1831 4170 Χρι-

248 4179 414 4244 στός.
439 4185 620 4256 Πέτρᾳ
645 4185 699 4239 δὲ
726 4187 1078 4252 ἀπεικάζεται
1105 4193 1133 4242 ὁ
1169 4191 1398 4260 Χριστὸς
1423 4191 1510 4244 διὰ
1536 4191 1596 4243 τὸ
1632 4191 1827 4263 ἄθραυ-

256 4292 382 4327 στον
414 4278 506 4329 καὶ
531 4278 843 4344 ἀκλόνητον.
891 4280 1236 4350 Ἐρήρεισται
1272 4283 1378 4352 γὰρ
1416 4285 1564 4346 ἰδίοις
1602 4285 1824 4352 ἀγαθοῖς

250 4371 284 4438 ἡ
319 4369 436 4422 θεία
465 4387 520 4422 τε
545 4372 637 4423 καὶ
671 4373 968 4443 ὑπέρτατος
993 4373 1170 4442 φύσις.
1206 4368 1280 4426 Οῦ
1305 4376 1398 4428 καὶ
1429 4377 1819 4447 κατελάλησαν,

250 4461 330 4526 ὡς
379 4464 436 4514 ἓν
479 4462 752 4533 προσώπῳ
808 4465 1086 4528 Μωσέως,
1135 4467 1167 4536 ἡ
1221 4468 1537 4538 συναγωγὴ,
1597 4485 1826 4540 κατηγο-

252 4545 472 4622 ροῦντες
509 4553 598 4604 ἐπὶ
631 4553 880 4615 Πιλάτου,
928 4555 1020 4608 καὶ
1065 4554 1144 4617 τὸ,
1182 4551 1338 4622 Αἶρε,
1377 4558 1659 4624 σταύρου,
1695 4559 1824 4611 ἀνα-

248 4645 606 4715 κεκράγασιν.
656 4643 789 4699 Εἶτα
838 4647 892 4700 δὲ
927 4649 1044 4700 δυσὶ
1075 4649 1409 4720 λελυπήκασι
1461 4653 1713 4722 πληγαῖς,
1745 4655 1820 4717 ὡς

244 4734 345 4804 τὴν
401 4735 602 4806 πέτραν
645 4738 884 4807 Μωῦσῆς
938 4740 1017 4802 δὶς
1063 4741 1348 4805 ἐπάταξεν.
1413 4743 1812 4797 Ἀπεκτείνασι

246 4823 358 4894 γάρ
386 4825 492 4876 τὸν
524 4826 789 4896 ἀρχηγὸν
817 4827 923 4895 τῆς
955 4828 1119 4896 ζωῆς,
1155 4826 1252 4883 εἷθ’
1289 4831 1370 4883 ὅτι
1404 4833 1712 4903 μεμένηκεν
1757 4834 1814 4884 ἐν

247 4917 480 4986 νεκῳίς,
515 4917 823 4971 ἀναπείθειν
861 4919 1066 4990 ἤθελον.
1120 4923 1279 4974 Ἀλλ’
1306 4921 1632 4976 ἐκδέδωκεν
1654 4927 1690 4990 ἠ
1715 4924 1817 4978 πέ-

248 5023 361 5073 τρα
393 5009 700 5075 πλουσίως
735 5010 798 5062 τὸ
827 5011 1004 5080 νᾶμα,
1034 5013 1132 5066 καὶ
1157 5015 1437 5067 πεπότικε
1467 5013 1673 5068 πᾶσαν
1701 5015 1816 5082 τὴν

245 5099 624 5167 συναγωγήν.
665 5102 956 5154 Ἐπέκλυσε
986 5103 1092 5174 γὰρ
1110 5105 1205 5175 τὴν
1231 5107 1377 5157 οίκου
1386 5104 1554 5175 μένην
1580 5107 1814 5177 Χριστὸς

249 5189 413 5258 ιεροίς
441 5207 498 5242 τε
541 5193 634 5245 καὶ
668 5193 830 5258 θείοις
867 5194 1120 5266 νάμασιν.
1172 5198 1228 5249 Ὀ
1263 5196 1527 5267 πηγάζων
1573 5197 1634 5249 τὸ
1675 5197 1816 5250 θεῖον

245 5283 394 5351 νᾶμα
442 5285 551 5346 τοῖς
592 5283 804 5353 διψῶσι,
848 5287 939 5338 καὶ
990 5287 1231 5357 προχέων
1272 5287 1332 5339 τὸ
1384 5287 1524 5359 ὕδωρ
1605 5290 1668 5340 ἐκ
1719 5288 1818 5357 τῆς

1973 771 2129 840 plari.
2168 773 2449 830 Liberabit
2482 791 2612 831 sane
2658 777 2798 832 Deus
2847 795 2946 834 nos
2977 794 3200 849 quoque
3237 795 3450 849 semper
3479 781 3549 838 de

1976 872 2117 918 terra
2162 863 2408 935 Egypti,
2445 867 2512 922 de
2547 867 2765 924 fornace
2793 869 2990 935 ferrea,
3021 871 3232 940 peccati
3269 871 3543 938 videlicet,

1971 965 2028 1011 ut
2059 957 2366 1013 int-roducat
2399 973 2495 1027 per
2541 962 2706 1014 multa
2737 965 3186 1025 exercitamenta.
3242 979 3342 1034 per
3373 965 3545 1018 mira-

1967 1045 2093 1100 bilia
2131 1046 2318 1110 multa,
2356 1064 2453 1116 per
2494 1065 2689 1118 panem
2733 1051 3036 1118 cwlestem,
3089 1068 3188 1123 per
3234 1069 3430 1124 aquam
3474 1056 3544 1108 de

1966 1144 2143 1204 petra,
2178 1145 2326 1204 petra
2359 1149 2530 1192 autem
2558 1150 2634 1193 est
2664 1140 2904 1196 Christus
2933 1142 3005 1210 ’°,
3038 1145 3105 1198 ad
3143 1155 3384 1198 sanctam
3412 1161 3542 1214 pro-

1966 1229 2301 1284 missionem.
2337 1229 2589 1300 Magnum
2639 1243 2723 1288 est
2769 1249 2898 1305 ergo
2946 1237 3100 1302 mihi,
3150 1238 3192 1290 si
3244 1237 3424 1294 animo
3453 1255 3540 1291 re-

1965 1330 2160 1389 putans
2212 1321 2372 1390 hujus
2428 1324 2556 1378 vitae
2614 1342 2786 1390 mare,
2839 1337 2894 1382 et
2946 1329 3070 1383 vitae
3127 1329 3290 1384 etiam
3322 1329 3534 1392 ﬂuctus,

1964 1426 2119 1467 acres
2147 1427 2364 1482 quoque
2391 1422 2445 1468 et
2480 1414 2851 1485 salsuginosas
2884 1418 3055 1472 undas
3093 1433 3272 1472 rerum
3307 1418 3532 1471 munda-

1963 1517 2177 1569 narum,
2205 1507 2430 1574 possim,
2475 1509 2754 1563 beneficiis
2794 1510 3098 1566 cumulatus
3125 1527 3154 1564 a
3190 1512 3319 1574 Deo,
3352 1514 3537 1564 videre

1961 1593 2275 1650 submersos
2327 1598 2638 1665 spirituales
2690 1599 3014 1672 Aﬂgyptios,
3085 1614 3141 1655 et
3192 1604 3530 1674 spiritualem

1960 1684 2296 1741 Pharaonem
2330 1707 2344 1744 :
2375 1690 2500 1743 dum
2528 1691 2742 1746 interim
2773 1707 2874 1762 ego
2914 1695 2966 1747 in
3015 1694 3220 1748 lumine
3256 1694 3361 1748 diei
3390 1696 3532 1764 posi-

1962 1787 2066 1840 tus,
2097 1788 2348 1850 protegar
2378 1797 2406 1834 a
2449 1783 2590 1838 nube
2623 1783 2747 1850 levi,
2798 1793 2854 1838 et
2881 1785 2946 1839 ab
2973 1785 3334 1841 illustratione
3368 1787 3529 1857 ignis,

1958 1871 2003 1925 si
2035 1875 2254 1941 quando
2298 1873 2441 1930 forte
2476 1877 2776 1931 tenebrosae
2813 1891 2901 1931 res
2947 1888 3002 1932 et
3035 1877 3282 1933 diﬂiciles
3318 1880 3530 1933 contin-

1958 1974 2109 2034 gant,
2140 1966 2264 2019 dum
2314 1967 2544 2022 mundus
2596 1968 2832 2023 tenebris
2883 1958 3201 2034 offunditur,
3250 1981 3305 2025 et
3343 1974 3524 2025 omnia

1957 2058 2255 2126 ignorantia
2285 2067 2411 2112 sunt
2444 2058 2640 2114 referta
2671 2079 2686 2116 :
2715 2075 2815 2128 ego
2846 2076 2973 2114 vero
3001 2073 3193 2116 contra
3221 2063 3525 2133 spiritualia

1954 2149 2206 2219 nequitia:
2241 2166 2428 2206 rursus
2472 2152 2524 2205 in
2559 2151 2765 2206 lumine
2823 2153 2948 2219 sim,
2996 2163 3221 2222 propter
3249 2154 3524 2208 Christum

1953 2241 2127 2296 lucem
2160 2256 2372 2305 veram;
2417 2253 2642 2312 prapter
2686 2242 2904 2306 nubem,
2955 2243 3041 2297 cui
3087 2259 3190 2298 non
3223 2259 3290 2299 ex
3317 2246 3527 2313 vapori-

1951 2335 2051 2388 bus
2079 2334 2401 2402 quibusdam
2421 2337 2714 2388 secundum
2740 2348 3078 2390 communem
3112 2345 3364 2389 naturam
3391 2352 3526 2390 con-

1951 2426 2196 2480 sistentia
2223 2435 2362 2491 erat,
2393 2435 2650 2481 concreto
2677 2427 2966 2498 vaporibus
2997 2442 3120 2483 aere
3150 2443 3216 2483 ex
3259 2429 3520 2484 nebulosa

1950 2517 2324 2582 crassitudine,
2368 2526 2420 2571 et
2463 2517 2516 2570 in
2559 2519 2737 2587 seipso
2785 2533 2816 2572 a
2875 2520 3052 2574 ventis
3083 2529 3393 2590 compacto;
3425 2523 3522 2578 sed

1948 2608 2299 2663 excellentius
2328 2609 2456 2679 quid
2486 2619 2542 2664 et
2581 2609 2867 2666 sublimius
2898 2612 3133 2669 humana
3162 2617 3522 2685 comprehen-

1947 2695 2141 2748 sione:
2179 2711 2350 2764 usque
2392 2695 2552 2760 adeo,
2604 2705 2683 2760 ut,
2721 2697 2990 2752 solaribns
3039 2701 3208 2756 radiis
3259 2702 3519 2758 fervidius

1948 2790 2385 2854 coruscantihus,
2442 2788 2709 2857 interjecti
2743 2791 2898 2859 quasi
2955 2779 3095 2846 muri
3132 2795 3396 2850 rationem
3429 2797 3520 2850 ba-

1945 2880 2122 2944 beret,
2165 2881 2504 2935 obumbrans
2554 2881 2815 2948 quidquid
2850 2880 2898 2934 ei
2954 2882 3193 2949 suberat,
3249 2899 3313 2940 ac
3368 2889 3513 2940 tenui

1945 2987 2069 3026 rore
2101 2974 2359 3027 ardentes
2406 2972 2550 3026 aeris
2595 2984 2756 3026 asstus
2795 2983 3160 3041 temperaret:
3198 2986 3358 3031 noctu
3387 2993 3516 3032 vero

1945 3063 2085 3130 ignis
2127 3063 2280 3118 licret
2311 3079 2340 3116 a
2390 3079 2614 3133 vespera
2669 3065 2723 3118 in
2770 3063 3090 3129 diluculum,
3131 3068 3350 3136 propria
3393 3067 3512 3123 luce

1942 3152 2199 3208 lsraelitis
2224 3155 2395 3208 facem
2425 3155 2718 3224 prmferens
2747 3157 2994 3211 immensi
3024 3157 3342 3226 splendoris.
3371 3159 3429 3216 Si
3456 3162 3508 3214 in

1942 3248 2100 3318 hujus
2129 3247 2253 3301 vitae
2287 3261 2496 3312 eremo,
2529 3249 2617 3302 ubi
2655 3250 2822 3304 multa
2855 3251 3062 3306 obtinet
3094 3250 3365 3306 dementia
3427 3269 3514 3307 re-

1941 3357 2082 3403 rum,
2118 3341 2323 3394 dividat
2347 3339 2715 3395 ﬁrmissimum
2743 3359 2900 3397 suum
2931 3357 3236 3398 sermonem
3255 3386 3270 3410 ,
3298 3354 3510 3412 petram

1939 3433 2161 3491 dictum.
2203 3431 2526 3500 abundeque
2559 3442 2612 3486 et
2643 3433 2711 3485 ad
2739 3435 3043 3488 satietatem
3070 3435 3256 3506 irriget
3288 3451 3373 3491 me
3402 3437 3509 3500 sic,

1935 3535 1994 3577 ut
2020 3525 2334 3578 conferatur
2362 3524 2536 3578 fluens
2566 3538 2703 3593 aqua
2755 3526 2951 3596 abysso
2980 3541 3088 3581 una
3113 3539 3235 3581 cum
3265 3525 3508 3582 ﬂumini-

1935 3613 2037 3670 bus
2067 3615 2224 3670 vallis
2251 3616 2568 3686 spiritualis.

2005 3821 2114 3887 Ego
2142 3834 2268 3872 vero
2306 3819 2458 3872 irrito
2490 3819 2822 3872 Altissimum
2858 3821 2914 3872 in
2937 3821 3190 3890 inuquoso
3214 3821 3282 3885 θ’,
3306 3821 3350 3875 si
3385 3831 3508 3888 post

1931 3911 2252 3964 documenta
2309 3912 2502 3964 iterum
2564 3925 2753 3978 pecco,
2797 3911 3004 3964 oblitus
3051 3926 3362 3965 sermonum
3410 3913 3503 3981 qui

1929 4001 2308 4054 enutriverunt
2341 4014 2447 4060 me,
2478 4009 2530 4051 et
2554 4012 2708 4066 aqua:
2743 4000 2808 4053 de
2833 4010 3006 4069 petra,
3051 4017 3169 4066 qua:
3209 4009 3288 4053 est
3345 3999 3502 4055 Chri-

1929 4103 2040 4146 stus
2066 4093 2132 4150 9°.
2161 4093 2333 4146 Petra:
2363 4106 2527 4160 porro
2559 4091 2889 4145 aSsitnilatur
2912 4091 3180 4156 Christus,
3211 4103 3494 4162 propterea

1928 4184 2068 4253 quod
2124 4198 2221 4238 nec
2254 4183 2427 4254 frangi
2471 4199 2572 4238 nec
2618 4185 2832 4238 concuti
2880 4193 3073 4252 potest.
3117 4184 3357 4239 Firmata
3413 4196 3498 4239 est

1925 4276 2069 4330 enim
2123 4277 2172 4329 in
2225 4277 2384 4334 bonis
2429 4279 2540 4332 suis
2578 4276 2760 4330 divina
2788 4287 2842 4330 et
2866 4275 3250 4330 sublintissima
3283 4285 3496 4330 natura.

1925 4369 2126 4424 Contra
2151 4385 2307 4439 quem
2337 4371 2614 4428 Christum
2657 4371 2892 4426 oblocuti
2939 4379 3100 4431 sunt,
3153 4377 3412 4436 tanquam
3444 4369 3495 4422 in

1924 4476 2152 4530 persona
2181 4461 2399 4530 Moysis,
2434 4478 2728 4533 synagoga,
2761 4477 2880 4529 quae
2930 4462 3071 4527 apud
3106 4459 3340 4512 Pilatum
3369 4474 3491 4514 eum

1925 4554 2199 4606 accusavit
2241 4562 2297 4606 et
2333 4553 2617 4607 clamavit:
2679 4552 2847 4616 Tolle,
2894 4550 3143 4619 cruciﬁge
3168 4549 3233 4600 '°.
3291 4549 3496 4602 Deinde

1923 4659 2052 4700 vero
2083 4645 2280 4714 duplici
2321 4646 2660 4701 offenderunt
2695 4645 2874 4714 plaga,
2928 4645 3066 4697 sicut
3099 4657 3308 4712 petram
3347 4641 3497 4713 Moy-

1923 4749 2011 4789 ses
2049 4735 2130 4788 bis
2174 4737 2464 4803 percussit.
2497 4735 2882 4805 lnterfecerunt
2927 4736 3068 4788 enim
3118 4734 3393 4787 Auctorem
3419 4736 3496 4786 vi-

1922 4836 1990 4880 ta:
2031 4828 2086 4891 ¹,
2146 4828 2337 4882 deinde
2385 4828 2545 4881 etiam
2599 4827 2923 4896 persuadere
2971 4826 3294 4889 voluerunt,
3348 4829 3490 4894 quod

1924 4917 2181 4972 manserit
2206 4919 2346 4972 inter
2376 4928 2636 4972 mortuos.
2669 4917 2775 4972 Sed
2803 4918 3027 4970 reddidit
3058 4929 3203 4983 petra
3235 4919 3491 4986 ﬂuentum

1921 5010 2218 5075 abundans,
2248 5020 2294 5062 et
2335 5010 2529 5074 potavit
2577 5017 2765 5062 coetum
2814 5011 3107 5062 uniuersum
3136 5008 3176 5058 ⁸.
3207 5005 3491 5059 lnundavit

1919 5105 2064 5155 enim
2099 5103 2284 5156 orbem
2322 5111 2586 5155 terrarum
2632 5101 2883 5155 Christus
2929 5099 3135 5154 sanctis
3182 5099 3488 5166 divinisque

1917 5193 2155 5249 ﬂuentis.
2189 5193 2307 5264 Ipse
2337 5195 2426 5263 qui
2469 5195 2697 5248 scaturit
2742 5194 3000 5248 fluentum
3033 5193 3276 5246 divinum
3303 5191 3487 5246 sitien-

1917 5286 2080 5349 tibus,
2129 5294 2184 5340 et
2215 5284 2495 5354 profundit
2527 5301 2721 5355 aquam
2777 5287 2843 5340 de
2903 5285 3095 5347 latere,
3158 5283 3304 5338 ferro
3343 5283 3485 5336 hanc

247 5374 504 5446 πλευρᾶς,
532 5376 626 5429 τοῦ
669 5377 884 5448 σιδήρου
920 5380 1021 5450 τὴν
1069 5380 1237 5450 φλέϐα
1279 5379 1482 5451 ταύτην
1525 5380 1818 5450 ἀναστομί-

1945 5390 2106 5429 'enatn
2131 5377 2407 5444 aperiente
2437 5392 2451 5428 :
2481 5384 2536 5429 et
2583 5375 3002 5429 amaritudinem
3064 5374 3268 5435 Merrae,
3347 5369 3484 5438 legis

249 5483 458 5531 σαντος,
513 5471 605 5522 καὶ
646 5471 706 5523 τὸ
748 5473 940 5544 πικρὸν
983 5473 1079 5544 τῆς
1131 5475 1377 5545 Μερῤᾶς,
1429 5472 1518 5526 τοῦ
1549 5472 1813 5526 κολαστοῦ

349 5584 395 5615 ’⁸
423 5582 438 5634 l
468 5581 594 5657 Cor.
649 5601 702 5648 ι,
737 5588 792 5642 4.
871 5588 917 5618 ’⁷
963 5585 1106 5644 Psal.
1136 5601 1343 5657 Lxxvu,
1374 5586 1461 5641 l7.

242 5667 444 5718 tum,
487 5656 580 5718 l5;
617 5657 783 5713 Exod.
813 5676 942 5728 xvn,
969 5661 1020 5715 6.

310 5752 422 5820 {85)
465 5752 623 5811 Forte
653 5754 818 5824 πάθη.

1566 5585 1610 5618 ³³
1642 5583 1660 5638 l
1707 5583 1835 5639 Cor.
1862 5598 1917 5649 κ,
1951 5581 2002 5636 4.

1917 5479 2107 5532 nempe
2154 5465 2392 5531 ultricis,
2433 5467 2661 5520 mutavit
2711 5466 2764 5520 in
2805 5464 3078 5520 dulcorem
3136 5461 3484 5529 susceptione

2109 5583 2154 5615 ⁹⁹
2177 5580 2334 5638 Joan.
2367 5577 2593 5646 Xlx,l5.
2708 5578 2725 5609 ⁸
2784 5579 2904 5632 Act.
2944 5593 3025 5643 ιιι,
3081 5573 3168 5629 l5.
3284 5572 3480 5627 ’Psal.
