3878 6212
327 315 429 370 ιέἷι

327 457 452 527 ligni
488 454 690 518 crucis,
737 462 789 508 et
822 449 1066 524 mysterii
1101 448 1238 518 ejus.
1293 447 1492 502 Littera
1537 447 1683 502 enim
1724 457 1778 501 et
1811 446 1896 500 lex

307 551 538 613 occidit,
577 548 793 616 spiritus
835 560 979 611 vero,
1017 555 1074 600 et
1111 543 1378 614 spiritalis
1418 542 1597 598 cultus
1629 540 1899 611 evangeli-

299 657 419 696 vcus
448 639 666 710 vivi/icui
699 639 739 698 ³.

400 901 647 975 Magnam
696 914 824 953 vero
877 914 1063 953 curam
1110 911 1305 967 gerens
1358 895 1498 949 Deus
1536 893 1603 948 de
1654 891 1894 958 homine,

331 999 494 1051 etiam
528 994 724 1049 coelum
763 992 862 1062 ipsi
907 991 1103 1062 aperit,
1153 997 1206 1044 et
1258 987 1536 1044 coalestem
1583 984 1659 1039 illi
1715 999 1894 1039 escam

329 1089 554 1157 praebet,
605 1086 827 1155 ipseque
863 1082 1010 1136 illum
1067 1097 1227 1135 manu
1284 1080 1451 1142 ducit,
1492 1073 1713 1132 eﬂ‘cetus
1744 1076 1901 1128 itine-

332 1183 579 1237 rantibus
618 1181 822 1245 lumen,
872 1179 1089 1248 agitque
1130 1179 1180 1230 in
1230 1178 1344 1230 vias
1399 1189 1532 1244 quas
1575 1188 1672 1243 per
1700 1188 1758 1228 se
1802 1173 1902 1227 htt-

332 1291 489 1329 mana
539 1275 758 1344 ignorat
805 1278 1016 1324 natura.
1054 1269 1192 1335 Quin
1235 1267 1400 1323 etiam
1434 1279 1662 1335 vespere
1691 1274 1905 1334 ortygo-

333 1378 584 1433 metram,
634 1366 805 1433 primo
863 1371 1040 1416 autem
1092 1359 1332 1413 diluculo
1391 1371 1588 1411 manna
1646 1357 1900 1421 demittit,

333 1459 549 1528 oblique
586 1457 742 1512 nobis
771 1453 1018 1524 exemplo
1053 1451 1458 1513 subindicante,
1497 1457 1795 1503 amatorem
1830 1463 1904 1500 re-

335 1570 454 1608 rum
490 1562 825 1606 terrenarum
867 1548 919 1600 in
954 1543 1272 1615 intelligibili
1318 1542 1523 1596 lumine
1555 1553 1899 1608 nequaquam

336 1645 541 1700 versari
573 1662 585 1697 :
621 1657 740 1711 qua:
771 1655 867 1710 per
904 1645 1333 1708 orlygometram
1387 1635 1707 1694 innuuntur,
1742 1646 1905 1700 quam

335 1734 848 1805 concupiscentibus
877 1729 1108 1801 porrigit
1132 1727 1296 1791 Deus,
1328 1742 1430 1779 non
1461 1725 1683 1778 trahens
1712 1723 1825 1791 ipse
1854 1722 1904 1774 in

337 1826 850 1898 concupiscentiam,
901 1824 1138 1876 nondum
1191 1833 1318 1874 vero
1367 1817 1604 1887 largiens
1653 1815 1906 1870 virtutem

339 1923 550 1977 fortiter
601 1916 906 1974 debellandi
956 1915 1261 1984 passiones.
1317 1910 1511 1964 Manna
1575 1906 1763 1962 umbra
1808 1907 1909 1960 fuit

339 2016 783 2070 documentorum
827 2018 876 2062 et
913 2007 1176 2061 donorum
1212 2019 1308 2075 per
1350 2004 1626 2059 Christum
1651 2043 1664 2065 ,
1697 2015 1815 2069 qua:
1845 2017 1909 2055 ex

337 2107 447 2161 alto
479 2103 796 2171 ccelitusque
828 2098 1178 2169 proveniunt,
1212 2109 1312 2149 nec
1341 2104 1615 2150 terrenum
1665 2090 1794 2158 quid
1826 2092 1914 2144 ad-

338 2201 554 2255 tnistum
613 2198 840 2259 habent,
907 2200 1207 2260 carentque
1258 2187 1440 2258 potius
1495 2187 1641 2242 omni
1708 2185 1912 2242 carnali

1213 300 1773 361 SUPPLEMENTUM
1811 300 1899 354 AD
1939 294 2263 353 ORIGENIS
2302 293 2708 351 EXEGETICA.

3475 293 3576 346 LM

2006 443 2195 513 νόμου,
2241 438 2534 511 μετέϐαλεν
2572 439 2651 501 είς
2687 435 2996 506 γλυκύτητα
3047 436 3111 506 τῇ
3160 432 3437 504 παραδοχῇ
3479 432 3574 486 τοῦ

2007 535 2164 600 ξύλου
2191 533 2282 587 τοῦ
2312 530 2568 604 σταυροῦ,
2605 532 2699 584 καὶ
2727 528 2820 582 τοῦ
2849 531 2934 582 ἐπ’
2966 528 3115 599 αὐτῷ
3150 525 3468 598 μυστηρίου.
3502 525 3576 581 Τὸ

2005 627 2115 697 γὰρ
2141 624 2373 697 γράμμα
2405 625 2500 678 καὶ
2527 625 2556 677 ὁ
2581 623 2741 693 νόμος
2767 619 3127 681 ἀποκτείνει,
3161 617 3225 670 τὸ
3251 615 3318 671 δὲ
3342 613 3580 685 πνεῦμα

2008 718 2103 771 καὶ
2157 720 2191 789 ἡ
2257 718 2312 770 ὲν
2368 713 2636 784 πνεύματι
2693 710 2916 783 λατρεία
2969 711 3004 779 ἡ
3062 705 3388 777 εὐαγγελικὴ
3435 703 3578 767 {tua

2008 819 2180 859 ποίει.

2073 897 2331 967 Μεγάλην
2371 896 2428 949 δὲ
2469 895 2720 968 πρόνοιαν
2767 890 3084 962 ποιούμενος
3119 892 3149 943 ὁ
3187 889 3320 952 Θεὸς
3353 886 3446 940 τοῦ
3485 887 3579 942 ἀν-

2005 990 2242 1064 θρώπου,
2288 990 2382 1043 καὶ
2423 987 2646 1058 οὐρανὸν
2687 984 2834 1055 αὐτῷ
2871 984 3095 1052 ἀνοίγει,
3130 983 3223 1036 καὶ
3251 981 3455 1053 τροφὴν
3485 979 3585 1035 αὺ-

2003 1085 2080 1157 τῴ
2110 1084 2322 1138 δίδωσιν
2372 1080 2642 1151 οὐράνιον,
2688 1078 2782 1132 καὶ
2819 1078 3150 1148 χειραγωγεῖ
3194 1074 3354 1128 αὐτὸν
3398 1073 3581 1137 αὐτὸς,

2004 1178 2284 1247 γινόμενος
2311 1176 2424 1238 τοῖς
2455 1171 2696 1225 ὁδεύουσι
2737 1167 2873 1240 φῶς,
2902 1168 2996 1222 καὶ
3023 1168 3170 1235 ἄγων
3197 1166 3289 1219 ἐπὶ
3309 1167 3483 1230 ὁδοὺς,
3515 1165 3583 1231 ἃς

2004 1270 2122 1323 καθ’
2157 1267 2352 1338 ἑαυτὴν
2374 1269 2406 1337 ἡ
2431 1264 2746 1337 ἀνθρωπίνη
2779 1261 2940 1332 φύσις
2966 1262 3067 1314 οὐκ
3091 1261 3396 1314 ἐπίσταται.
3436 1259 3584 1332 Πλὴν

2006 1362 2245 1434 ἑσπέρας
2281 1360 2378 1430 μὲν
2423 1358 2522 1428 τὴν
2573 1355 3008 1428 ὀρτυγομήτρα-θ,
3057 1353 3174 1425 ἅμα
3215 1353 3272 1406 δὲ
3315 1356 3381 1424 τῇ
3414 1353 3490 1424 ἕῳ
3523 1352 3585 1406 τὸ

2010 1456 2182 1526 μάννα
2230 1453 2468 1525 καθίησι,
2532 1451 2774 1519 πλαγίως
2825 1449 2956 1520 ἡμῖν
2997 1446 3090 1500 τοῦ
3144 1446 3585 1519 παραδείγματος

2009 1546 2456 1617 ὑπεμφαὶνοντος,
2502 1544 2584 1597 ὅτι
2631 1543 2705 1613 μή
2766 1543 2912 1594 ἐστιν
2960 1539 3018 1592 ὲν
3068 1540 3208 1610 φωτὶ
3258 1538 3434 1610 νοητῷ
3477 1537 3586 1591 τῶν

2008 1639 2209 1710 γηΐνων
2238 1640 2265 1691 ὁ
2303 1639 2535 1708 ἐραστής
2557 1653 2569 1667 ·
2603 1634 2639 1690 ά
2669 1635 2757 1689 διὰ
2794 1636 2890 1705 τῆς
2935 1633 3347 1705 ὀρτυγομήτρας
3387 1632 3587 1702 σημαί-

2010 1748 2178 1793 νεται,
2222 1730 2286 1801 ἢν
2328 1729 2509 1801 ὀρέγει
2543 1726 2859 1799 ἐπιζητοῦσι
2899 1723 3053 1789 Θεὸς,
3089 1723 3185 1794 οὐχ
3217 1724 3390 1777 ἕλκων
3425 1723 3587 1786 αὐτὸς

2012 1826 2089 1887 εἰς
2134 1823 2446 1893 ἐπιθυμίαν,
2482 1820 2638 1874 οὔπω
2672 1820 2730 1874 δὲ
2765 1819 2941 1883 διδοὺς
2971 1819 3032 1872 τὸ
3075 1816 3586 1872 κατανεανιεύεσθαι

2013 1914 2216 1968 παθῶν.
2252 1913 2324 1966 Τὸ
2351 1913 2407 1967 δὲ
2440 1912 2613 1984 μάννα
2650 1910 2776 1965 σκιά
2806 1911 2912 1964 τῶν
2959 1909 3046 1963 διά
3091 1906 3325 1982 Χριστοῦ
3370 1909 3591 1962 παιδευ-

2016 2008 2200 2077 μάτων
2235 2023 2292 2058 τε
2343 2006 2437 2059 καὶ
2475 2005 2853 2076 χαρισμάτων,
2903 2003 2938 2057 ἃ
2979 2001 3183 2056 ἄνωθέν
3232 2004 3347 2056 ἐστι
3392 2001 3487 2054 καὶ
3530 2002 3591 2066 ἐξ

2014 2097 2264 2170 ούρανοῦ,
2294 2098 2388 2150 καὶ
2415 2097 2474 2149 τὸ
2499 2095 2700 2164 γεῶδες
2733 2096 2833 2148 οὐκ
2871 2094 3003 2166 ἔχει,
3043 2095 3262 2166 ἀμοιρεῖ
3302 2094 3358 2147 δὲ
3394 2094 3594 2165 μᾶλλον

2016 2191 2106 2243 καὶ
2138 2189 2417 2261 βδελυρίας
2463 2187 2750 2258 σαρκικῆς.
2787 2188 2896 2239 Καὶ
2927 2186 3099 2250 οὕτως
3135 2185 3308 2258 τροφὴ
3354 2184 3596 2256 πνευμά-

338 2289 763 2349 abominatione.
821 2287 999 2355 Atque
1050 2282 1130 2337 sic
1184 2295 1308 2335 esca
1356 2279 1603 2349 spiritus,
1651 2289 1735 2334 est
1767 2286 1910 2333 recta

2022 2301 2122 2335 των
2146 2282 2350 2353 ἐστὶνὴ
2389 2283 2445 2334 ὲν
2482 2279 2691 2344 τούτοις
2730 2279 2866 2352 ὀρθὴ
2913 2280 3007 2332 καὶ
3051 2278 3336 2350 ἀκίϐδηλος
3369 2277 3591 2347 γνῶσις,

338 2385 662 2452 sinceraque
713 2393 900 2435 eorum
957 2374 1219 2445 cognitio,
1274 2371 1428 2441 cujus
1486 2370 1917 2426 subministratio

340 2489 595 2544 tanquam
641 2474 692 2527 in
736 2471 854 2525 luce
878 2479 932 2524 et
965 2467 1050 2522 die
1090 2467 1170 2529 fit,
1209 2463 1492 2518 exoriente
1525 2461 1650 2518 Sole
1691 2461 1916 2531 iustitia:

341 2569 569 2626 Domino
595 2575 804 2628 nostro,
852 2562 942 2631 qui
970 2560 1161 2615 educat
1213 2572 1312 2611 nos
1355 2557 1409 2608 in
1442 2555 1607 2608 vitam
1637 2565 1913 2608 aeternam.

409 2663 515 2730 Qui
573 2660 718 2713 enim
775 2671 966 2710 manna
1036 2651 1296 2711 comedit,
1337 2649 1580 2720 superior
1633 2647 1738 2701 erit
1769 2647 1914 2701 omni

342 2753 709 2824 corruptione,
745 2759 801 2803 et
861 2744 1128 2802 transiliet
1165 2749 1416 2796 mortem.
1468 2739 1558 2791 Ait
1605 2752 1756 2802 vero,
1799 2731 1916 2791 Col-

343 2851 534 2920 ligetur
565 2861 596 2897 a
642 2835 1126 2898 contubernalibus,
1163 2843 1208 2887 et
1260 2849 1364 2884 non
1421 2828 1727 2899 relinquetis
1765 2843 1828 2881 ex
1858 2843 1917 2880 eo

343 2918 505 3006 usque
552 2949 703 2987 mane
733 2931 776 2986 ⁸.
825 2926 1198 2983 Necessarium
1255 2931 1338 2976 est
1389 2921 1531 2973 enim
1585 2919 1771 2984 nobis,
1825 2918 1917 2987 qui

344 3029 584 3097 ejusdem
615 3022 776 3079 simul
811 3033 996 3076 sumus
1030 3015 1156 3070 fidei
1203 3013 1450 3081 idemque
1505 3010 1767 3064 habemus
1797 3023 1922 3062 con-

346 3122 674 3181 tubernium,
707 3113 1008 3171 Ecclesiam
1063 3107 1336 3170 videlicet,
1385 3114 1440 3157 ut
1488 3103 1691 3158 divinis
1721 3101 1921 3156 nostris

343 3217 610 3273 satientur
627 3207 988 3267 sermonibus,
1014 3218 1112 3256 nec
1134 3201 1482 3257 observemus
1506 3194 1750 3250 umbram
1777 3202 1918 3262 post-

344 3324 504 3380 quam
539 3303 743 3359 veritas
774 3297 1062 3355 manifeste
1092 3290 1362 3360 apparuit.
1387 3286 1492 3353 Qui
1527 3287 1690 3344 enim.
1722 3284 1819 3347 ait,
1852 3285 1906 3334 in

344 3374 455 3468 lege
477 3389 870 3465 justiﬁeamini,
893 3404 922 3439 a
954 3384 1120 3454 gratia
1139 3377 1408 3434 excidistis
1432 3376 1473 3428 ⁸.
1505 3374 1611 3429 Sed
1640 3389 1760 3428 cum
1794 3386 1916 3441 per-

344 3467 654 3546 venerimus
719 3497 817 3553 per
874 3479 1033 3533 fidem
1086 3473 1149 3526 ad
1197 3471 1535 3541 spiritualem
1601 3469 1652 3521 in
1699 3467 1917 3521 Christo

346 3581 756 3639 sabbatismutn.
792 3574 843 3628 id
877 3580 959 3627 est
986 3570 1052 3624 ad
1079 3566 1416 3621 vacationem
1462 3577 1525 3617 ac
1555 3561 1916 3616 cessationem

345 3695 374 3730 a
402 3681 621 3746 peccato
651 3688 665 3735 ;
708 3683 812 3722 non
857 3674 1115 3732 tanquam
1151 3654 1395 3712 inutilem
1453 3654 1806 3722 repudiamus
1839 3660 1916 3705 tot

346 3745 631 3839 praceptis
667 3766 1040 3815 coacervatam
1063 3751 1175 3821 jam
1207 3749 1340 3818 legis
1373 3745 1756 3807 eruditionem,
1801 3757 1917 3795 ma-

346 3830 712 3917 huducentem
747 3867 843 3906 nos
874 3849 940 3902 ad
973 3844 1272 3902 Christum.
1317 3835 1568 3906 Legimus
1601 3834 1745 3888 enim
1798 3830 1916 3884 Mo-

347 3957 525 4012 saicas
555 3949 798 4011 umbras,
846 3956 952 4012 quo
1000 3941 1050 3992 in
1103 3935 1208 3990 illis
1257 3933 1543 3987 veritatem
1585 3938 1915 3996 qumramus,

349 4066 478 4103 noua
505 4053 552 4100 et
582 4051 750 4098 vetera
783 4038 846 4091 de
877 4035 1120 4088 thesauro
1147 4027 1472 4096 proferentes
1501 4021 1540 4073 ⁸.
1573 4023 1678 4075 Aut
1708 4019 1751 4073 si
1792 4033 1908 4070 ma-

345 4143 452 4204 vis,
486 4151 604 4206 (tua:
633 4136 722 4188 hic
753 4126 1067 4198 collegimus
1101 4122 1151 4174 in
1179 4129 1473 4188 parasceve
1515 4111 1665 4185 (8-4),
1701 4111 1816 4165 haec
1847 4109 1917 4163 ibi

345 4235 630 4292 sabbatum
673 4215 1281 4296 agentesinveniemus,
1314 4220 1370 4263 et
1404 4208 1772 4261 enutriemur.

417 4325 556 4381 Olim
583 4292 800 4390 quidem
843 4325 1031 4378 partem
1077 4306 1140 4359 de
1185 4301 1312 4357 caelo
1356 4299 1498 4353 dedit
1548 4296 1688 4349 Deus
1727 4292 1918 4363 papula

346 4438 463 4486 suo,
497 4418 586 4487 qui
623 4411 766 4467 nullo
797 4406 1033 4463 adhibito
1076 4399 1258 4454 labore
1302 4397 1370 4448 ad
1419 4407 1623 4446 omnem
1672 4390 1916 4456 volupta—

346 4484 658 4566 temrva-lebat
694 4520 710 4556 :
759 4501 826 4556 ad
857 4496 995 4568 quod
1029 4492 1168 4547 enim
1221 4487 1339 4557 quis
1372 4484 1546 4547 vellet,
1594 4492 1911 4550 attempera-
1951 4489 1992 4544 Α

347 4609 500 4658 batur
521 4603 564 4653 ⁷.
587 4597 790 4654 Eadem
813 4601 897 4646 est
922 4585 1076 4641 verbi
1117 4582 1354 4636 animam
1385 4574 1674 4631 nutrientis
1698 4581 1825 4625 natu
1837 4584 1916 4634 ra,

349 4705 527 4765 aptata
563 4692 628 4745 ad
663 4686 972 4742 facultatem
1003 4677 1124 4746 ejus
1155 4672 1250 4744 qui
1275 4669 1532 4724 nutritur.
1566 4664 1622 4719 Si
1656 4663 1916 4718 infantem

350 4755 439 4846 lex
468 4787 690 4847 nutriat,
725 4781 784 4835 fit
810 4779 932 4840 lac;
974 4773 1021 4827 si
1055 4771 1402 4837 languentem
1454 4761 1713 4822 animam,
1746 4755 1864 4809 olus
1901 4768 1916 4817 ;

350 4884 394 4939 si
428 4881 600 4936 virum
640 4875 963 4946 perfectum,
1000 4867 1202 4921 solidus
1226 4863 1402 4918 cibus.
1429 4855 1545 4909 Non
1577 4863 1756 4906 tamen
1789 4846 1920 4900 resi-

351 4973 603 5030 dentibus
629 4967 784 5023 nobis
814 4963 963 5018 venit
992 4973 1207 5019 manna,
1240 4954 1332 5008 Sed
1367 4960 1526 5005 extra
1573 4952 1753 5000 castra
1793 4952 1921 4993 con-

355 5062 738 5125 tendentibus;
789 5068 983 5124 corpus
1048 5047 1321 5110 videlicet,
1378 5044 1431 5098 in
1480 5053 1586 5109 quo
1654 5032 1923 5090 clauditur

352 5162 530 5216 anima
557 5167 810 5224 tanquam
843 5151 892 5203 in
922 5160 1164 5202 carcere.
1222 5140 1446 5208 Oportet
1491 5133 1636 5188 enim
1684 5127 1919 5181 animam

351 5267 458 5307 non
493 5247 720 5317 amplius
755 5244 808 5297 itt
838 5255 1003 5297 carne
1032 5253 1176 5302 esse,
1212 5233 1304 5288 sed
1336 5231 1388 5284 in
1417 5225 1632 5296 spiritu.
1662 5220 1734 5274 At
1762 5228 1921 5271 nemo

351 5345 442 5416 qui
472 5315 648 5412 portat
688 5336 966 5406 imaginem
995 5329 1193 5386 terreni
1217 5326 1258 5392 δ,
1293 5329 1472 5392 potest
1504 5315 1787 5372 caelestem
1819 5321 1919 5408 pa:-

355 5406 475 5490 ιιοιιι
518 5430 846 5486 manducare
883 5443 898 5478 :
934 5419 1194 5478 Animalis
1244 5416 1384 5471 enim
1425 5412 1579 5464 homo
1633 5419 1738 5457 non
1783 5406 1920 5467 capit

424 5549 508 5602 ³11
537 5547 663 5601 Cor.
691 5558 772 5609 ιιι,
815 5540 866 5595 6.
907 5538 928 5569 ’⁵
959 5534 1128 5591 Exod.
1163 5527 1376 5596 xvt,18,
1403 5525 1489 5579 i9.

429 5669 540 5730 {84)
573 5666 636 5720 Id
669 5671 765 5727 est,
799 5656 1239 5730 praeparatione;
1351 5717 1374 5727 _
1481 5712 1514 5730 γ,
1546 5714 1557 5730 _
1585 5709 1653 5730 η,

835 5712 998 5810 Forte
1020 5728 1169 5782 deest
1204 5717 1400 5792 Ἰησοῦ,
1431 5712 1517 5770 vel
1536 5712 1716 5783 ἡμῶν.

424 5798 535 5883 (86)
564 5806 654 5862 Vel
683 5798 968 5861 ἀνάδειξιν.

47 6087 322 6176 Δ

2013 2370 2080 2447 ἦς
2103 2376 2135 2445 ἡ
2158 2373 2408 2448 χορηγία,
2428 2373 2502 2436 ὼς
2523 2376 2580 2426 ὲν
2606 2373 2743 2441 φωτὶ
2765 2373 2857 2424 καὶ
2884 2371 3066 2443 ἡμέρᾳ
3098 2371 3324 2440 γίνεται,
3350 2370 3597 2440 ἀνίσχον-

2015 2485 2104 2530 τος
2132 2466 2222 2519 τοῦ
2254 2465 2428 2516 Ἠλίου
2442 2465 2542 2535 τῆς
2577 2463 2919 2534 δικαιοσύνης
2949 2463 3155 2535 Κυρίου
3193 2461 3327 2534 (85),
3362 2461 3422 2525 ὃς
3453 2463 3594 2514 ἀπο-

2015 2554 2206 2626 τρέφει
2229 2554 2375 2624 ἡμᾶς
2400 2554 2480 2616 εἰς
2511 2551 2654 2623 ζωὴν
2688 2553 2988 2623 ἀμήρυτον.

2097 2649 2154 2699 'O
2181 2645 2289 2717 γὰρ
2315 2645 2375 2698 τὸ
2401 2644 2540 2698 θεῖον
2564 2644 2738 2717 μάννα
2768 2640 3143 2714 κατεδηδοκὼς
3169 2640 3407 2711 ἀμείνων
3437 2638 3594 2692 ἔσται

2018 2738 2224 2810 φθορᾶς
2247 2737 2339 2789 καὶ
2365 2734 2714 2806 ὑπεραλεῖται
2735 2734 2986 2788 θανάτου.
3012 2730 3375 2796 Συλλέξεται
3399 2729 3478 2794 δὲ,
3499 2747 3600 2800 φη-

2019 2831 2093 2892 σὶ,
2117 2828 2239 2894 τοῖς
2266 2826 2623 2894 συσκήνοις,
2653 2824 2752 2880 καὶ
2772 2827 2842 2878 οὐ
2867 2823 3258 2891 καταλείψετε
3278 2821 3378 2877 ἀπ’
3406 2817 3599 2874 αὑτοῦ

2016 2922 2102 2985 εἰς
2124 2918 2189 2972 τὸ
2212 2920 2376 2987 πρωΐ.
2401 2918 2521 2991 Χρὴ
2542 2918 2650 2988 γὰρ
2681 2913 2817 2986 ὁμοῦ
2859 2917 2971 2978 τοῖς
2992 2913 3325 2985 δμοπίστοις,
3356 2913 3469 2975 τοῖς
3495 2911 3599 2982 τὴν

2018 3008 2226 3064 οἰκοῦσι
2272 3007 2496 3080 σκηνὴν,
2552 3007 2650 3079 τὴν
2705 3006 3050 3076 Ἐκκλησίαν,
3099 3003 3204 3056 τῶν
3249 3002 3406 3056 θείων
3441 3001 3602 3071 ἡμῶν

2023 3101 2381 3174 ἐμφορεῖσθαι
2428 3101 2623 3169 λόγων,
2670 3100 2762 3152 καὶ
2803 3099 2877 3170 μὴ
2924 3099 3109 3169 τηρεῖν
3140 3097 3238 3167 τὴν
3279 3093 3434 3149 σκιὰν
3463 3092 3606 3165 μετὰ

2025 3195 2122 3264 τὴν
2147 3195 2242 3265 τῆς
2267 3193 2521 3263 ἀληθείας
2541 3176 2899 3262 ἕνδειξινβθ).
2925 3190 3150 3254 Οῗτινες
3172 3188 3514 3257 γὰρςφησὶν,
3531 3186 3609 3238 ἐν

2024 3287 2184 3354 νόμῳ
2209 3284 2584 3349 δικαιοῦσθε,
2632 3283 2743 3351 τῆς
2785 3282 3024 3351 χάριτος
3077 3279 3410 3345 ἐξεπέσετε.
3454 3277 3606 3348 Πλὴν

2025 3377 2316 3449 ἀφιγμένοι
2339 3376 2425 3430 διὰ
2452 3376 2550 3446 τῆς
2588 3375 2821 3437 πίστεως
2854 3375 2932 3436 εἰς
2960 3374 3053 3426 τὸν
3096 3373 3154 3426 ὲν
3195 3369 3412 3443 Χριστῷ
3451 3369 3610 3423 νοού-

2029 3484 2188 3536 μενον
2220 3462 2608 3536 σαϐὅατισμὺν,
2641 3463 2914 3517 τουτέστιν
2947 3464 3026 3525 εἰς
3063 3461 3260 3533 ἀργίαν
3301 3460 3396 3514 καὶ
3436 3459 3608 3514 κατά-

2025 3557 2176 3630 ληξιν
2198 3559 2294 3628 τὴν
2327 3557 2386 3622 ἐξ
2413 3555 2686 3628 ἁμαρτίας
2708 3597 2722 3620 ,
2755 3557 2853 3625 οὐχ
2893 3554 2967 3618 ὡς
3010 3555 3280 3625 ἄχρηστον
3311 3551 3607 3622 παραιτού-

2030 3651 2166 3721 μεθα
2193 3651 2290 3722 τὴν
2317 3647 2755 3722 προσωρευθείαν
2805 3647 2916 3716 (87)
2968 3645 3061 3698 τοῦ
3097 3646 3261 3716 νόμου
3299 3644 3608 3706 παίδευσιν.

2025 3741 2468 3816 χειραγωγοῦσαν
2508 3742 2658 3811 ἡμᾶς
2702 3742 2780 3802 εἰς
2825 3738 3078 3810 Χριστόν.
3126 3737 3605 3808 Περιτυγχάνομεν

2025 3837 2133 3909 γὰρ
2165 3839 2284 3898 ταῖς
2306 3835 2392 3889 διὰ
2418 3835 2658 3897 Μωσέως
2685 3833 2864 3894 σκιαῖς
2882 3871 2897 3895 ,
2930 3831 3016 3883 ἵνα
3055 3831 3154 3900 τὴν
3189 3831 3247 3882 ὲν
3293 3829 3480 3891 αὑταῖς
3504 3825 3608 3898 ζη-

2025 3928 2101 3981 τῶ
2109 3945 2205 3998 μεν
2231 3926 2504 3998 ἀλήθειαν,
2530 3924 2707 3978 καινὰ
2725 3924 2821 3977 καὶ
2846 3921 3070 3977 παλαιὰ
3087 3922 3156 3975 ἐκ
3177 3920 3483 3989 θησαυροῦ
3504 3919 3610 3972 ἐκ·

2027 4019 2372 4082 ϐάλλοντες.
2404 4017 2466 4068 Εἰ
2498 4015 2555 4069 δὲ
2589 4014 2765 4086 βούλει
2786 4053 2800 4076 ,
2834 4013 2975 4085 άπερ
3011 4011 3240 4066 ἐνταῦθα
3278 4009 3609 4079 συλλέξομεν

2027 4113 2083 4163 ἐν
2109 4110 2449 4178 παρασκευῇ,
2476 4105 2649 4160 ταῦτα
2687 4106 2864 4158 ἐκεῖσε
2901 4101 3321 4164 σαϐϐατίσαντες
3372 4100 3608 4170 εύρήσου

2030 4219 2128 4271 μεν
2163 4201 2256 4254 καὶ
2281 4197 2688 4271 τραφησόμεθα.

2100 4291 2236 4363 (87‘)
2274 4290 2448 4344 Πάλαι
2480 4289 2577 4359 μὲν
2609 4284 2699 4342 οῦν
2729 4287 2912 4355 ἄρτον
2929 4286 3027 4340 ἀπ’
3045 4284 3303 4354 οὐρανοῦ
3323 4282 3548 4337 ἔδωκεν
3569 4285 3608 4336 ό

2030 4385 2171 4451 Θεὸς
2215 4383 2296 4449 τῷ
2323 4380 2450 4447 λαῷ
2497 4380 2716 4443 αὑτοῦ,
2758 4376 3136 4442 ἁκοπιάστως
3191 4379 3340 4444 πρὸς
3391 4372 3606 4430 πᾶσαν

2024 4475 2255 4545 ἡδονὴν
2285 4475 2572 4543 ἰσχύοντα
2592 4490 2605 4503 ·
2634 4472 2780 4539 πρὸς
2811 4470 2841 4524 ὃ
2876 4469 2984 4540 γάρ
3013 4487 3103 4535 τις
3129 4469 3407 4522 ἐϐούλετο
3423 4482 3605 4535 μετε-

2025 4574 2286 4640 κρίνατο.
2320 4571 2554 4639 Τοιαύτη
2587 4567 2642 4620 δὲ
2669 4570 2702 4639 ὴ
2733 4567 2825 4620 τοῦ
2857 4565 3149 4638 τρέφοντος
3187 4565 3285 4634 τὴν
3321 4562 3498 4642 ψυχὴν
3522 4563 3607 4614 λό-

2026 4685 2122 4736 γου
2158 4666 2336 4736 φύσις,
2371 4665 2506 4736 πρὸς
2531 4662 2629 4734 τὴν
2667 4662 2891 4732 δύναμιν
2922 4660 3014 4712 τοῦ
3058 4657 3392 4730 τρεφομένου
3433 4674 3603 4727 μετα-

2026 4759 2310 4812 ϐάλλουσα.
2357 4757 2480 4808 Ἐὰν
2502 4757 2693 4826 νήπιον
2727 4753 2901 4824 τρέφῃ
2928 4753 2955 4804 ὁ
2981 4752 3164 4820 νόμος,
3191 4750 3331 4819 γάλα
3352 4749 3558 4817 γίνεται
3584 4767 3598 4779 ·

2025 4850 2120 4903 ἐὰν
2154 4851 2330 4921 ψυχὴν
2368 4846 2726 4907 ἀσθενοῦσαν,
2776 4845 3004 4915 λάχανον
3027 4862 3039 4875 ·
3074 4842 3170 4896 ὲὰν
3216 4842 3446 4903 τέλειον,
3479 4857 3605 4892 στε-

2033 4940 2131 5012 ρεά
2180 4940 2371 5011 τροφή.
2428 4936 2502 4990 Οὐ
2567 4933 2949 5004 καθεζομένοις
3001 4931 3055 4984 δὲ
3103 4932 3234 5000 ἡμῖν
3288 4928 3505 4998 ἔρχεται
3537 4927 3605 4980 τὸ

2035 5033 2227 5099 μάννα,
2261 5029 2375 5082 ἀλλ’
2410 5026 2726 5100 ἐρχομένοις
2775 5026 2877 5089 ἔξω
2908 5025 3006 5095 τῆς
3039 5020 3390 5094 παρεμϐολῆς
3412 5036 3423 5048 ·
3455 5018 3605 5087 λέγω

2029 5123 2092 5194 δὴ
2143 5119 2235 5175 τοῦ
2287 5119 2568 5191 σώματος,
2603 5118 2660 5170 ὲν
2691 5109 2735 5184 ᾧ
2776 5117 3047 5186 ὲνεῖρκται
3095 5112 3327 5184 ἡψυχὴ.
3380 5111 3472 5162 Δεῖ
3490 5110 3604 5181 γὰρ

2026 5215 2124 5284 τὴν
2152 5213 2329 5284 ψυχὴν
2366 5211 2558 5284 μηκέτ’
2587 5206 2725 5264 εἶναι
2757 5209 2815 5262 ἐν
2848 5205 3012 5278 σαρκὶ
3037 5245 3051 5267 ,
3079 5203 3192 5258 ἀλλ’
3217 5205 3276 5256 ὲν
3302 5200 3599 5272 πνεύματι.

2028 5302 2216 5367 Οὐδεὶς
2250 5301 2307 5354 δὲ
2326 5343 2340 5366 ,
2376 5300 2572 5370 φορῶν
2611 5298 2725 5368 τὴν
2756 5298 2961 5352 εἰκόνα
2995 5295 3097 5348 τοῦ
3125 5292 3352 5363 χοϊκοῦ,
3377 5291 3603 5345 δύναται

2029 5395 2192 5467 ἄρτον
2241 5392 2490 5465 οὐράνιον
2547 5394 2770 5462 φαγεῖνο
2805 5389 2938 5442 διότι
2983 5387 3244 5456 ψυχικὸς
3291 5383 3605 5452 ἄνθρωπος

1590 5519 1612 5550 ⁵
1639 5514 1761 5572 Gal.
1799 5527 1854 5581 v,
1880 5510 1928 5564 4.

2031 5507 2218 5562 Matth.
2252 5520 2368 5568 xm,
2403 5501 2492 5558 52.
2531 5501 2698 5570 'Sap.
2737 5515 2848 5562 XVI,
2887 5497 2978 5564 20,
3009 5494 3101 5549 21.
3123 5492 3146 5525 ⁸
3188 5491 3356 5548 lCor.
3386 5505 3478 5554 xv,
3506 5489 3603 5547 49.

2100 5626 2213 5694 (87)
2242 5623 2376 5678 Puto
2403 5619 2897 5695 προσωρευθεῖσαν.

2085 5697 2220 5769 (87')
2263 5696 2431 5765 Ὠρωίο
2813 5725 2815 5728 γ
