3880 6216
321 303 430 361 ηδ
1511 302 1886 371 exemtum
1927 318 1994 372 IN
2028 318 2362 375 PSALMOS.
3485 336 3584 388 1:6

320 397 398 454 οὐ
444 396 679 468 δέχεται
734 399 808 455 τὰ
850 403 958 457 τοῦ
1013 405 1373 476 πνεύματος.
1429 408 1563 481 Περὶ
1593 407 1665 481 ἧς
1706 411 1852 483 τροφῆ

2058 430 2138 467 ua:
2167 423 2292 468 sunt
2324 415 2540 484 spiritus
2574 417 2618 470 ο.
2654 415 2730 470 De
2768 431 2875 486 quo
2907 420 3028 475 cibo
3057 427 3111 476 et
3147 430 3200 476 tn
3230 425 3452 483 edoctus
3484 430 3583 482 fni—

323 490 418 543 καλ⁸
453 491 515 544 σὺ
544 493 827 565 ἐδιδάχθης
865 493 1134 566 εὔχεσθαι.
1186 499 1309 553 Ἐὰν
1333 497 1423 555 οῦν
1466 500 1572 554 τὸν
1597 501 1855 557 ἐπιοῦσι(

2053 507 2084 559 li
2118 516 2176 560 ut
2213 517 2398 560 votum
2429 508 2678 564 haberes.
2720 508 2776 564 Si
2823 512 2988 580 igitur
3033 515 3435 574 substantialem
3490 541 3585 590 pu-

319 580 506 649 ιίρτον
528 623 544 647 ,
585 584 676 637 τὸν
708 584 782 655 μὴ
815 587 1159 657 ὲκχωροῦντα
1181 629 1195 652 ,
1230 591 1318 642 τὸν
1352 590 1426 662 μὴ
1455 592 1851 664 ἁποκρινόμενο

2049 615 2127 652 em
2163 599 2230 663 ³ο,
2262 599 2351 669 qui
2403 615 2507 654 non
2559 603 2820 670 egeritur,
2857 604 2948 672 qui
2982 621 3085 659 non
3129 613 3454 678 secernitur,
3488 620 3579 667 ειοιι

317 676 411 730 τὸν
444 676 822 747 ἀναδιδόμενον
878 680 956 741 εἰς
1005 677 1104 749 τὴν
1149 680 1336 733 οὐσίαν
1369 682 1466 752 τῆς
1520 682 1728 754 ψυχῆς,
1776 685 1849 737 ὅτι

2050 691 2101 744 ui
2132 692 2332 746 crescit
2372 691 2425 744 in
2461 692 2755 746 essentiam
2790 695 3006 758 animae,
3041 701 3250 766 quoties
3275 676 3492 772 disputo
3517 709 3581 760 de

316 767 672 840 διαλαμϐάνω
735 769 864 841 περὶ
909 770 1043 824 Θεοῦ
1069 811 1083 834 ,
1117 774 1244 844 περὶ
1292 773 1567 845 Χριστοῦ,
1627 776 1754 850 περὶ
1803 775 1848 828 τί

2044 786 2148 844 »εο,
2208 784 2272 837 de
2322 782 2562 848 Christo,
2611 785 2676 838 de
2718 784 3004 842 divinitate
3037 788 3176 858 ejus,
3221 795 3285 848 de
3339 767 3576 850 incolatu

316 858 575 932 θεότητος
605 859 770 914 αὐτοῦ
790 901 804 925 ,
829 862 958 932 περὶ
993 863 1090 933 τῆς
1129 865 1185 916 ὲν
1209 864 1532 936 ἀνθρωπίνῳ
1568 865 1782 939 σώματι
1812 887 1843 922 κ

2042 871 2224 925 lliusin
2245 873 2478 924 lmmano
2495 887 2722 938 corpore
2748 883 2803 928 et
2832 876 3008 929 anima
3041 895 3054 942 ;
3086 894 3300 946 panem,
3334 881 3574 950 inquam,

312 952 462 1024 ψυχῇ
514 952 676 1007 αὑτοῦ
720 954 1075 1024 ἐνοικήσεως,
1120 956 1281 1027 ἄρτον
1324 958 1572 1026 ἀγγέλων
1624 961 1815 1023 ἐσθίω,

2044 965 2322 1036 ngelorum
2371 966 2658 1026 manduco,
2712 982 2905 1036 nempe
2955 985 3193 1024 manna:
3238 976 3380 1043 quod
3420 975 3573 1028 inve-

317 1049 528 1117 μάννα·
569 1048 702 1118 ὅπερ
761 1045 937 1117 εὑρὼν
991 1048 1085 1100 καὶ
1147 1047 1470 1120 θαυμάσας,
1522 1050 1849 1122 θαυμαστικί

2048 1059 2163 1113 iens
2189 1067 2244 1112 et
2271 1058 2598 1124 admiratus,
2633 1061 3028 1116 admirabunde
3065 1064 3207 1129 dico,
3241 1065 3368 1120 Man
3399 1067 3422 1119 ?
3448 1069 3579 1136 quid

313 1140 427 1212 ἐρῶ
445 1153 460 1169 °
493 1139 661 1204 Mdr;
686 1140 743 1194 τί
768 1141 899 1193 ἐστι
929 1139 1103 1193 τοῦτο
1123 1156 1140 1202 ;
1164 1141 1261 1195 καὶ
1295 1142 1612 1210 γενήσεται
1637 1143 1810 1199 τοῦτο
1839 1166 1845 1196 ς

2041 1161 2078 1205 st
2121 1152 2328 1206 hoc“?
2369 1164 2414 1206 et
2439 1152 2528 1221 ﬁet
2553 1156 2663 1207 liwc
2710 1153 2872 1207 dictio
2913 1156 3041 1221 pani
3084 1172 3269 1210 nomen
3296 1161 3379 1211 “z
3423 1170 3573 1214 orate

310 1232 546 1302 φθέγμα
588 1231 667 1298 τῷ
704 1232 862 1301 ἄρτῳ
901 1231 1120 1302 ὄνομα·
1168 1232 1395 1300 εὔξασθε
1429 1235 1517 1288 ἵνα
1546 1237 1678 1306 ἡμῖν
1714 1239 1741 1290 ὁ
1772 1239 1840 1290 Θε

2043 1253 2061 1296 ι
2091 1243 2248 1298 nobis
2281 1242 2425 1298 Deus
2457 1259 2612 1299 escas
2667 1245 2845 1299 mittat
2891 1246 2957 1299 ad
3008 1249 3335 1305 satietatem.
3372 1249 3486 1304 Non
3520 1254 3569 1305 in

310 1323 667 1394 ἐπισιτισμὸν
719 1323 1014 1396 ἀποστείλῃ
1072 1325 1150 1388 είς
1191 1325 1542 1397 πλησμονήν·
1609 1327 1706 1396 οὐχ
1761 1327 1842 1380 ῶσ

2039 1345 2210 1388 tntum
2239 1345 2295 1388 ut
2324 1345 2602 1407 gustemus
2639 1337 2940 1403 duntaxat;
2973 1355 3159 1395 verum
3191 1342 3350 1394 etiam
3397 1344 3571 1414 reple-

307 1414 568 1482 γεύεσθαι
609 1414 804 1485 μόνον,
840 1414 980 1468 ἀλλὰ
1012 1415 1106 1468 καὶ
1152 1415 1504 1490 πληρωθῆναι
1556 1417 1662 1469 τῶν
1726 1415 1839 1484 λόγι

2038 1443 2156 1482 mur
2191 1429 2540 1484 sermonibus
2585 1430 2726 1494 vitae,
2762 1439 2817 1483 et
2855 1430 3178 1486 roborcmur
3213 1435 3265 1488 in
3301 1436 3422 1490 illis.
3455 1437 3568 1491 Cae-

305 1507 408 1577 τῆς
442 1506 621 1576 ζωῆς,
651 1508 743 1560 καὶ
790 1507 1272 1578 ίσχυροποιηθῆναι
1310 1510 1366 1561 ὲν
1409 1510 1617 1583 αὐτοῖς.
1666 1507 1811 1580 Πλὴν

1609 1550 1617 1562 ι
1666 1507 1811 1580 Πλὴν
1863 1509 1896 1580 ἡ
2001 1529 2171 1575 terum
2203 1523 2493 1591 primarius
2521 1522 2674 1577 cibus
2706 1523 3010 1594 Imjusmodi
3039 1537 3141 1579 est.

308 1601 699 1672 προηγουμένη
737 1601 909 1672 τροφὴ
937 1601 1075 1673 αὕτη
1103 1602 1267 1654 ἐστίν.

391 1691 504 1762 (88)
542 1691 863 1746 Ἐσθιόντων
897 1693 953 1746 δέ
1005 1709 1136 1746 ποτε
1176 1693 1237 1746 τὸ
1300 1693 1476 1764 μάννα
1509 1692 1750 1764 Ἑϐραῖοι
1780 1692 1894 1746 ἕλε-

2057 1675 2418 1730 Comedentes
2477 1686 2656 1730 autem
2708 1679 2836 1731 olim
2887 1695 3086 1734 manna
3139 1681 3367 1745 llebrusi,
3422 1688 3566 1742 dice-

303 1801 402 1853 γον
418 1800 431 1812 ·
458 1783 670 1849 Οὐδὲν,
694 1784 862 1854 πλὴν
884 1787 971 1852 εὶς
992 1785 1055 1839 τὸ
1081 1784 1283 1854 μάννα
1307 1788 1360 1838 ol
1384 1786 1675 1854 ὀφθαλμοὶ
1700 1785 1835 1853 iusti):

2030 1781 2164 1824 ant:
2228 1771 2397 1836 nihil,
2449 1785 2798 1838 praeterquam
2853 1776 2920 1826 ad
2966 1793 3162 1831 manna
3203 1782 3343 1832 oculi
3377 1784 3561 1837 nostri.

317 1876 738 1945 Ἐμνήσθημεν
763 1881 894 1946 γάρ,
919 1876 1008 1929 ὅτι
1029 1876 1438 1946 ἐκαθέσθημεν·
1457 1874 1689 1928 ἐπὶτῶν
1712 1877 1849 1944 λεϐή

2031 1865 2277 1918 recordati
2326 1867 2465 1918 enim
2496 1882 2701 1926 sumus,
2748 1868 2874 1936 quia
2902 1871 3132 1925 sedimus
3162 1875 3230 1925 ad
3262 1874 3394 1928 ollas
3447 1893 3563 1931 car-

303 1983 425 2019 των
451 1965 570 2019 τῶν
597 1965 786 2035 κρεῶν
817 1965 886 2019 ἐν
927 1967 1238 2037 Αἰγύπτῳ·
1273 1968 1366 2020 καὶ
1401 1969 1563 2038 ἡμεῖς
1605 1965 1835 2031 ταλανίξ⁴

2029 1956 2136 2008 ium
2197 1957 2249 2009 in
2294 1953 2528 2025 zEgypto
2562 1958 2646 2010 ”:
2703 1968 2757 2012 et
2805 1975 2902 2015 nos
2933 1962 3277 2030 deploramus
3313 1965 3452 2032 illos,
3483 1981 3561 2022 ut-

304 2072 408 2126 μεν
443 2056 706 2122 ἐκείνους,
737 2054 813 2118 ὠς
855 2054 972 2106 τότε
1015 2056 1436 2128 ἡμαρτηκότας·
1485 2054 1582 2124 οὐχ
1631 2053 1832 2125 ὁρῶντε

2027 2058 2112 2100 ote
2151 2046 2240 2115 qui
2282 2055 2410 2100 tunc
2439 2049 2788 2114 peccaverint
2837 2067 2851 2114 ;
2903 2065 3011 2105 non
3046 2053 3314 2118 videntes,
3346 2059 3471 2126 quia
3506 2061 3559 2112 in

299 2147 385 2199 ὃτι
415 2145 511 2198 καὶ
543 2147 600 2198 ὲν
637 2147 765 2217 ἡμῖν
792 2146 964 2199 ταῦτα
997 2147 1065 2200 τὰ
1087 2147 1463 2218 ἁμαρτήματα
1496 2143 1705 2213 γίνεται
1726 2162 1737 2173 ·
1766 2145 1829 2196 άν

2026 2141 2144 2196 nbis
2171 2143 2297 2195 talia
2328 2149 2549 2211 peccata
2582 2140 2716 2195 fiunt
2755 2163 2766 2196 :
2812 2153 2997 2199 contra
3037 2149 3377 2216 spiritualem
3411 2149 3558 2206 Scri—

296 2239 399 2308 τῆς
421 2238 792 2307 πνευματικῆς
820 2239 857 2291 Γ
865 2239 1038 2309 ραφῆς
1075 2239 1145 2292 τὰ
1185 2238 1368 2309 πράσα
1409 2236 1477 2290 τὰ
1509 2235 1718 2306 δυσώδη
1740 2275 1754 2301 ,
1791 2255 1824 2288 κ

2029 2247 2227 2300 turam,
2258 2251 2450 2304 porros
2474 2236 2872 2306 graveolentes,
2913 2247 2967 2292 et
2999 2255 3176 2312 ewpas
3210 2245 3383 2299 aciem
3419 2263 3554 2302 ocu-

297 2330 368 2383 τὰ
397 2330 660 2401 κρόμμυα
687 2329 756 2382 τὰ
783 2329 1088 2400 βλάπτοντα
1114 2329 1240 2391 τοὺς
1292 2327 1602 2398 ὀφθαλμοὺς
1643 2327 1741 2396 τῆς
1780 2326 1829 2397 ψη

2020 2344 2158 2382 )rum
2202 2329 2395 2383 animm
2450 2329 2793 2390 bebetantes.
2855 2339 2928 2395 et,
2986 2346 3105 2400 quae
3147 2337 3356 2404 replent
3403 2345 3552 2409 gravi

296 2424 434 2495 χῆς,
471 2425 566 2477 καὶ
607 2422 676 2476 τὰ
704 2421 1017 2494 πληροῦντα
1052 2421 1312 2474 δυσωδίαν
1352 2422 1722 2492 ἁμαρτήματα
1758 2437 1828 2473 σκι

2023 2420 2153 2476 dore
2185 2433 2428 2490 peccata,
2463 2421 2585 2475 allia
2632 2423 2919 2476 emnetlere
2973 2429 3430 2501 concupiscimus,
3467 2451 3553 2488 sa-

299 2515 427 2583 ροδα
459 2509 830 2586 ἐπιθυμοῦμεν
863 2517 1081 2582 φαγεῖν,
1127 2513 1220 2566 καὶ
1267 2511 1644 2583 ἐμφορηθῆναι
1677 2510 1831 2580 ἡδονᾶ

2020 2513 2221 2583 larique
2271 2513 2637 2584 voluptatibus
2709 2519 3057 2586 pudibundis.
3113 2522 3181 2576 Et
3229 2525 3552 2583 dissolutam

290 2605 610 2677 δυσοσμίας.
646 2607 757 2658 Καὶ
813 2604 912 2676 τὴν
969 2603 1190 2657 ἔκλυτον
1241 2603 1336 2656 τοῦ
1391 2603 1597 2673 κόσμου
1635 2601 1729 2654 καὶ
1767 2602 1822 2653 τι]

2021 2607 2172 2659 tundi
2200 2621 2261 2660 ac
2296 2621 2479 2660 rerum
2522 2622 2913 2678 corporearum
2951 2623 3204 2669 naturam
3239 2617 3553 2676 desideran-

295 2699 624 2770 σωματικῶν
648 2699 808 2768 φύσιν
840 2697 1162 2763 ποθοῦντες,
1199 2696 1447 2750 πεπόνων
1480 2693 1827 2766 ὲπιθυμοῦμεπ

2017 2712 2087 2761 es,
2127 2712 2361 2767 pepones
2393 2715 2657 2767 avemus;
2697 2713 2750 2757 et
2789 2705 2930 2772 quod
2961 2706 3183 2762 minime
3210 2709 3471 2766 adolescit
3496 2714 3549 2767 in

289 2795 388 2847 καὶ
417 2794 478 2846 τὸ
520 2793 596 2864 μὴ
638 2792 1014 2864 ἀναδιδόμενον
1059 2794 1140 2856 είς
1185 2794 1284 2863 τὴν
1330 2791 1430 2862 τῆς
1463 2790 1642 2861 ψυχῆς
1688 2789 1821 2844 οὑσίι

2021 2792 2276 2846 ssentiam
2305 2793 2502 2848 animae
2534 2796 2929 2864 pmeligentes,
2958 2812 3276 2854 cucumeres
3306 2795 3553 2860 i'olumus

291 2885 575 2949 ἀνελόντες
597 2925 612 2948 ,
683 2884 886 2938 σικύων
961 2883 1188 2955 θέλομεν
1248 2883 1700 2955 μεταλαμϐάνειν.
1765 2883 1823 2934 Κ‹

2016 2894 2246 2937 omesse.
2275 2882 2339 2936 Et
2365 2883 2490 2952 quia
2517 2887 2864 2954 repudiamus
2887 2902 3084 2958 panem
3105 2888 3172 2943 de
3203 2889 3361 2955 cwlo,
3384 2907 3548 2962 quem

289 2977 480 3048 ἐπειδὴ
508 2978 568 3030 οὑ
591 2976 815 3047 θέλομεν
845 2976 936 3029 τὸν
965 2975 1148 3047 ἄρτον,
1176 2975 1266 3028 τὸν
1301 2977 1363 3028 ὲκ
1384 2975 1478 3027 τοῦ
1511 2972 1741 3044 οὐρανοῦ
1763 3012 1776 3037 ,
1809 2990 1821 3024 ι

2018 2973 2273 3028 rardicant
2339 2983 2488 3030 vates
2535 2988 2588 3030 et
2656 2975 2836 3044 justi,
2900 2978 2990 3048 qui
3047 2979 3220 3035 nubes
3260 2991 3547 3045 vocantur,

285 3068 565 3140 προφῆται
610 3073 848 3140 κήρυκες
885 3067 980 3122 καὶ
1023 3067 1249 3131 δίκαιοι,
1294 3065 1512 3136 νεφέλαι
1548 3064 1817 3134 καλοῦμεν

2014 3073 2257 3134 ropterea
2289 3065 2431 3134 quod
2470 3067 2522 3119 in
2567 3066 2798 3121 sublime
2845 3082 2994 3123 mens
3049 3069 3266 3124 illorum
3307 3068 3545 3132 feratur;

283 3160 375 3215 διὰ
423 3161 483 3214 τὸ
511 3160 646 3230 ὑψοῦ
685 3161 945 3232 φέρεσθαι
979 3159 1160 3213 αὐτῶν
1205 3159 1296 3212 τὸν
1354 3158 1510 3213 νοῦν⁶
1549 3158 1642 3211 καὶ
1683 3156 1771 3210 διὰ
1812 3179 1815 3189 ί

2012 3166 2028 3210 ι
2067 3159 2192 3226 quia
2224 3171 2539 3226 recusamus
2586 3158 2852 3214 imbribus
2896 3161 3278 3230 Spiritualibus
3319 3161 3544 3217 nubium

283 3252 524 3318 ἑντέξειν
554 3253 670 3324 (89)
697 3253 934 3322 νεφελῶν
967 3255 1080 3317 τοῖς
1104 3255 1312 3321 νοητοῖς
1350 3251 1524 3313 ὑετοῖς
1558 3249 1814 3322 κατάρδει

2013 3263 2166 3302 arum
2221 3249 2460 3318 irrigari,
2493 3247 2628 3304 alios
2674 3251 2852 3306 mittet
2891 3252 3046 3308 nobis
3081 3254 3262 3321 Deus;
3318 3269 3540 3310 carnem

284 3344 506 3415 ἑτέρους
537 3345 887 3410 ὲξαποστελεῖ
915 3347 1047 3416 ἡμῖν
1080 3347 1108 3398 ὁ
1139 3343 1293 3408 Θεὸς,
1351 3342 1519 3414 κρέας
1547 3343 1678 3396 ὡσεὶ
1713 3342 1816 3414 χοῦη

2009 3355 2233 3410 inquam
2265 3349 2489 3405 terram,
2542 3341 2707 3395 donec
2738 3345 3038 3410 egrediatur
3075 3348 3142 3400 de
3175 3347 3393 3400 naribus
3446 3363 3541 3401 no-

278 3434 394 3500 ἒως
422 3430 497 3490 οὗ
536 3434 752 3504 ἐξέλθῃ
795 3436 863 3488 ἐκ
894 3435 1011 3494 τῶν
1040 3433 1362 3505 μυκτήρων
1389 3432 1588 3503 ἡμῶν,
1633 3433 1726 3486 καὶ
1762 3432 1810 3486 ἐι

2004 3432 2098 3486 tris
2133 3430 2196 3496 “,
2229 3439 2281 3486 et
2316 3433 2484 3486 donec
2507 3431 2727 3501 impleat
2773 3450 2872 3489 nos
2921 3437 3109 3491 morbo
3159 3447 3213 3492 et
3257 3437 3536 3509 languore.

282 3527 551 3599 πληρώσῃ
582 3529 728 3600 ἡμᾶς
753 3527 908 3581 νόσου
942 3529 1034 3582 καὶ
1065 3527 1336 3599 μαλακίας
1357 3568 1370 3592 ,
1399 3526 1474 3589 ὼς
1515 3525 1614 3596 τὴν
1655 3525 1814 3579 δυσώὶ

2007 3537 2232 3592 mquam
2282 3521 2374 3591 qui
2425 3521 2669 3590 putidum
2730 3530 2784 3575 et
2838 3522 3196 3595 lacrymabile
3259 3536 3539 3597 peccatum

281 3624 377 3677 καὶ
409 3622 751 3694 πολύδακρυν
780 3623 1052 3694 ἁμαρτίαν
1081 3621 1388 3693 ζητοῦντες.

780 3623 1052 3694 ἁμαρτίαν
1081 3621 1388 3693 ζητοῦντες.
1967 3629 2084 3684 qua
2094 3615 2283 3671 rimus.

353 3716 418 3768 Οί
441 3715 551 3786 γὰρ
574 3715 682 3769 τῶν
712 3715 991 3785 κοσμικῶν
1021 3715 1361 3786 πραγμάτων
1389 3710 1752 3773 ἀπολαύοντες
1774 3727 1861 3762 νο-

2038 3707 2138 3774 Qui
2167 3710 2334 3775 enim,
2361 3709 2652 3764 mundanis
2677 3711 2837 3765 rebus
2860 3710 3120 3776 fruentes,
3139 3721 3402 3782 aegrotant
3424 3715 3541 3768 ani-

282 3805 436 3859 σοῦσι
459 3806 556 3876 τὴν
587 3805 785 3877 ψυχὴν,
819 3806 908 3860 διὰ
938 3806 1112 3860 ταῦτα
1149 3805 1244 3858 καὶ
1278 3806 1336 3856 ὲν
1371 3803 1566 3874 χολέρα
1599 3801 1694 3854 καὶ
1723 3799 1814 3852 νόσ

2006 3815 2072 3865 ιο,
2111 3813 2398 3870 propterea
2435 3804 2599 3858 etiam
2642 3806 2694 3860 in
2737 3804 2956 3860 cholera
3001 3812 3056 3858 et
3087 3807 3276 3860 morbo
3307 3816 3452 3872 sunt,
3483 3817 3538 3862 et

282 3899 409 3962 εἰσὶ,
445 3899 540 3952 καὶ
563 3900 699 3952 πᾶσι
730 3901 921 3962 κακοῖς
959 3898 1048 3952 διὰ
1069 3897 1168 3968 τὴν
1197 3896 1449 3968 διψοχῑαν
1477 3892 1674 3948 αὐτῶν.
1725 3892 1813 3944 Ἀλ

2008 3895 2305 3949 Iomnibus
2335 3897 2494 3952 malis
2550 3906 2768 3967 propter
2816 3898 2984 3951 animi
3016 3913 3201 3952 eorum
3252 3897 3540 3966 duplicitao

283 3989 428 4059 ἡμᾶς
456 3990 665 4058 γένοιτο
697 3989 976 4061 νηστεύειν
1019 3991 1273 4061 νηστείαν
1322 3988 1552 4059 δεκτὴν,
1603 3985 1664 4038 τὸ
1725 4001 1815 4056 φρ(

2003 3998 2093 4042 2m.
2128 3986 2198 4041 At
2228 3985 2366 4041 faxit
2391 3988 2550 4054 Deus,
2582 3999 2638 4042 ut
2673 4004 2772 4043 nos
2797 3987 3109 4059 jejunemus
3143 4001 3422 4059 acceptum
3452 3989 3535 4058 je-

279 4097 429 4151 νημαι
455 4081 556 4152 τῆς
587 4082 789 4152 σαρκὸς
840 4080 918 4152 μὴ
944 4081 1239 4152 τρέφοντας
1263 4121 1277 4145 ,
1306 4079 1439 4151 μηδὲ
1466 4075 1754 4148 γενοίμεθα
1801 4077 1811 4126 ἐ

1997 4076 2197 4141 mium,
2232 4077 2562 4132 voluntatem
2597 4079 2780 4133 carnis
2815 4093 3154 4147 nequaquam
3205 4079 3529 4143 nutrientes,

272 4172 517 4244 ἀνύδρῳ,
547 4175 798 4244 στερήσει
821 4172 932 4227 τῶν
972 4172 1359 4244 πνευματικῶν
1407 4171 1611 4224 ὑδάτων
1633 4210 1648 4233 ,
1679 4167 1769 4221 διὰ
1799 4187 1804 4201 ι

2001 4181 2138 4238 eque
2156 4167 2350 4224 fiamus
2383 4171 2434 4224 in
2467 4170 2750 4239 inaquoso,
2775 4166 3079 4238 privatione
3102 4173 3344 4224 omnium
3371 4186 3531 4238 aqua-

277 4267 446 4336 μηδὲν
471 4266 606 4338 δρᾷν
625 4266 733 4319 τῶν
756 4267 1152 4336 γλυκαινόντων
1176 4266 1274 4337 τὴν
1299 4263 1394 4317 τοῦ
1441 4262 1693 4332 Ὑψίστου
1724 4279 1809 4332 χρι

2000 4273 2080 4312 um
2110 4260 2492 4328 spiritualium,
2525 4276 2590 4315 ex
2623 4276 2688 4315 eo
2719 4261 2864 4328 quod
2920 4262 3053 4316 nihil
3102 4261 3353 4327 facimus,
3382 4264 3532 4331 quod

273 4358 530 4430 στότητα.
555 4358 842 4423 Γλυκαίνει
865 4358 923 4412 δὲ
952 4359 1117 4428 αὐτὴν
1148 4357 1217 4410 τὰ
1260 4358 1380 4410 κατ’
1415 4353 1616 4424 ἀρετὴν
1644 4351 1738 4403 καὶ
1768 4366 1805 4400 σε

1998 4350 2204 4405 ulcoret
2231 4351 2492 4406 Altissimi
2524 4352 2839 4406 bonitatem.
2872 4353 3169 4409 Dulcorant
3188 4369 3352 4423 porro
3382 4354 3530 4409 illam

273 4451 402 4520 φίαν
426 4419 831 4523 ’ἐνεργούμενα
853 4451 949 4506 καὶ
991 4419 1359 4521 θεωρούμενα.
1400 4419 1549 4516 Μηδὲ
1574 4419 1805 4512 ’ἐκπειρς

1998 4458 2295 4512 uazcunque
2320 4446 2614 4499 secundum
2639 4446 2889 4501 virtutem
2917 4457 3011 4500 aut
3037 4459 3164 4502 actu
3188 4461 3527 4513 exercemus,

272 4560 365 4595 σαι
391 4544 551 4596 αὐτὸν
583 4546 641 4596 ὲν
667 4547 788 4608 ταῖς
815 4542 1060 4615 καρδίαις
1091 4541 1278 4612 ἡμῶν·
1315 4540 1478 4610 ἤγουν
1508 4536 1610 4588 οὐκ
1634 4533 1691 4599 ἐξ
1725 4535 1804 4585 ὲπι

1995 4547 2052 4589 ut
2081 4537 2450 4605 speculatione
2481 4539 2932 4606 contemplamur.
2963 4537 3144 4606 Faxit,
3175 4551 3232 4594 ut
3267 4555 3372 4595 non
3402 4548 3527 4595 ten-

271 4634 460 4705 πολῆς,
487 4635 600 4689 ἀλλ’
626 4638 688 4689 ὲκ
712 4635 907 4705 βάθους
933 4633 1032 4688 τοῦ
1062 4630 1387 4705 ἡγεμονικοῦ
1417 4625 1803 4699 ἀμφιϐάλλοντε

1993 4642 2134 4682 emus
2161 4642 2284 4683 eum
2309 4628 2364 4682 in
2406 4629 2660 4683 cordibus
2685 4631 2886 4684 nostris
2936 4647 2951 4696 ;
3003 4631 3055 4684 id
3089 4640 3171 4686 est
3199 4647 3306 4686 non
3335 4647 3400 4686 ex
3431 4647 3525 4686 su-

270 4727 402 4795 ηρὶ
431 4725 531 4795 τῆς
561 4725 706 4790 θείας
733 4725 1017 4797 δυνάμεως
1038 4742 1051 4755 ·
1088 4724 1208 4796 μηδ’
1230 4723 1552 4793 αῑτὴσαιμεν
1584 4715 1802 4790 βρώματ

1992 4717 2197 4786 erlicie,
2241 4719 2336 4772 sed
2373 4734 2440 4774 ex
2478 4720 2585 4774 imo
2618 4723 2814 4776 mentis
2865 4723 3178 4779 dubitantes
3228 4725 3295 4778 de
3347 4724 3524 4780 divina

265 4819 390 4879 ταῖς
425 4817 621 4886 ψυχαῖς
652 4816 840 4888 ἡμῶν·
889 4817 950 4869 οὐ
998 4819 1118 4879 ταῖς
1173 4814 1293 4868 κατ’
1344 4811 1527 4866 εἰκόνα
1584 4809 1797 4877 λέγω,‹

1992 4812 2236 4878 olentia;
2271 4827 2452 4882 neque
2496 4813 2831 4884 postulemus
2883 4830 3042 4871 escas
3096 4817 3378 4873 animabus
3425 4834 3524 4873 no-

265 4908 562 4979 τρέφονται
588 4911 653 4963 ὲκ
693 4910 803 4963 τῶν
836 4907 982 4978 ζωῆς
1009 4909 1218 4980 ἄρτων,
1246 4903 1381 4960 ἀλλὰ
1413 4906 1532 4966 ταῖς
1563 4905 1641 4964 εἰς
1669 4901 1797 4970 σάρκ

1990 4904 2084 4958 tris
2114 4921 2129 4969 ;
2163 4921 2267 4960 non
2314 4923 2408 4963 eas
2443 4909 2565 4963 dico
2613 4908 2822 4964 animas
2871 4925 2988 4978 quze
3043 4920 3172 4964 sunt
3223 4912 3522 4966 secundum

267 5000 752 5070 μιταϐαλλούσαις,
786 5002 876 5056 διὰ
897 5002 959 5056 τὸ
993 5003 1106 5064 τοῖς
1129 4999 1328 5063 ὑλικοῖς
1355 4993 1797 5070 προσπεπονθένα

1996 4999 2268 5068 naginem,
2301 5017 2422 5072 qua:
2449 5003 2766 5056 nutriuntur
2821 5004 3054 5072 panibus
3084 5004 3245 5070 vitae;
3280 5005 3371 5058 sed
3410 5004 3528 5059 illas

260 5093 623 5164 ὀρεγομέναις
663 5095 765 5148 οὐκ
805 5093 1096 5166 ὠφελίμων
1123 5093 1218 5147 καὶ
1258 5089 1424 5160 ὑγιῶν
1452 5087 1697 5158 τροφῶν,
1725 5084 1792 5138 ἀλ

1989 5111 2077 5161 qua:
2107 5104 2383 5150 minantur
2409 5097 2463 5149 in
2489 5109 2731 5161 carnem,
2764 5105 3054 5165 propterea
3087 5099 3231 5165 quod
3265 5099 3521 5151 materia-

259 5185 438 5257 ἡδέων
475 5186 572 5239 καὶ
611 5185 926 5242 νοσοποιῶν.
979 5186 1115 5240 Ἀλλ’
1150 5182 1497 5254 ὲτοιμασθείη
1535 5182 1668 5251 ἡμῖν
1709 5195 1791 5250 τρι

1985 5190 2097 5244 lbus
2123 5187 2594 5244 succenturiantur
2621 5188 3033 5255 affectionibus;
3069 5201 3389 5259 appetentes
3413 5206 3517 5245 non

260 5277 409 5340 πεζα
432 5317 447 5341 ,
491 5279 577 5347 ἐφ’
616 5279 686 5348 ἣν
720 5281 756 5347 ἡ
788 5281 975 5348 σοφία
1014 5279 1087 5332 τὰ
1117 5274 1338 5343 ἑαυτῆς
1383 5274 1612 5342 θύματα
1652 5271 1792 5324 em.

1986 5297 2065 5336 uae
2122 5281 2274 5334 utilia
2330 5289 2454 5336 sunt
2514 5292 2567 5336 et
2595 5297 2726 5337 sana
2777 5283 3130 5347 nutrimenta,
3202 5285 3295 5336 sed
3368 5284 3515 5337 volu-

256 5371 432 5435 θησι,
460 5370 558 5423 καὶ
590 5370 699 5423 τὸν
729 5369 947 5438 ἑαυτῆς
981 5365 1146 5423 οἶνον
1197 5369 1284 5432 εὶς
1321 5361 1586 5433 κρατῆρα
1645 5378 1788 5429 mp,“

1985 5383 2133 5428 tuosa
2183 5381 2236 5426 ct
2282 5377 2502 5429 morbos
2530 5372 3154 5444 creantia.Pr:eparetur
3184 5388 3311 5429 vero
3363 5377 3517 5429 nobis

332 5502 354 5532 ⁹
384 5501 404 5554 l
430 5501 557 5555 Cor.
588 5518 647 5565 ιι,
678 5501 763 5555 M.
841 5503 883 5534 ¹⁰
911 5502 1098 5558 Matth.
1139 5499 1321 5564 vr,H;
1357 5499 1486 5552 Luc.
1516 5513 1590 5562 XI,
1624 5497 1673 5550 5.
1758 5497 1794 5527 ¹¹
1825 5495 1864 5551 Ε

1982 5534 1991 5547 .
2026 5509 2138 5556 xw,
2163 5491 2244 5544 l5.
2321 5492 2362 5522 ¹²
2389 5491 2622 5545 ἰὺίά.5ί.
2702 5492 2737 5521 ⁸³
2764 5488 2918 5543 Num.
2949 5504 3021 5553 χι,
3047 5488 3166 5552 5,6.
3213 5488 3403 5548 “ibid.
3429 5496 3514 5546 9:).

333 5643 446 5714 (33)
487 5644 804 5713 Ἑσθίοντες,
834 5645 916 5703 vel
952 5662 1072 5702 mox
1103 5645 1218 5714 lege
1259 5639 1542 5711 Ἐϐραίων.

1103 5645 1218 5714 lege
1259 5639 1542 5711 Ἐϐραίων.
2008 5634 2121 5704 (89)
2156 5633 2314 5689 Forte
2355 5633 2612 5702 ἀντέχειν.
