3878 6212
352 303 452 357 ΗἸ

349 418 501 489 Μηδὲ
531 420 666 489 ὀργὴ
702 421 787 489 ἐφ’
816 421 963 491 ἡμᾶς
986 418 1217 489 ἀναϐαίη
1239 460 1252 483 ,
1285 418 1346 471 τὸ
1386 417 1602 488 πνεῦμα
1634 419 1727 472 τοῦ
1770 419 1921 486 ἐξου-

352 512 626 575 σιάζοντος
653 512 713 564 τὸ
739 512 1037 584 ἀπατηλὸν,
1067 512 1126 565 τὸ
1158 511 1311 582 δίκην
1349 510 1653 582 προδρόμου
1688 512 1721 583 ἢ
1759 531 1924 566 κατα-

351 604 556 655 σκόπου
608 604 671 655 ἐκ
702 602 796 655 τοῦ
828 604 1015 656 σκότου
1048 604 1105 656 ἐν
1130 595 1173 670 ᾧ
1226 602 1528 672 ἐκέκρυπτο
1552 642 1566 665 ,
1595 605 1675 666 εἰς
1706 603 1803 674 τὴν
1828 604 1927 674 ψυ-

350 695 451 764 χὴν
488 694 633 747 ἀνιὸν
668 694 754 747 διὰ
801 695 899 764 τῆς
935 693 1317 764 ἐνθυμήσεως·
1360 696 1494 765 μηδέ
1525 694 1600 757 ὡς
1650 695 1761 767 πῦρ
1801 696 1923 750 ἐξα-

1236 295 1801 353 SUPPLEMENTUM
1842 298 1932 352 AD
1968 297 2302 354 Oltli’ENlS
2336 296 2743 353 EXEGETICA.

3488 299 3588 352 HS

2042 436 2251 487 mensa,
2311 437 2472 489 super
2504 437 2665 492 quam
2696 420 2954 489 sapientia
2982 422 3323 475 mactationes
3350 438 3471 475 suas
3499 424 3595 474 im-

2036 517 2208 585 ponit,
2236 525 2284 570 et
2314 516 2490 570 vinum
2527 532 2681 570 suum
2708 518 2885 570 miscet
2912 518 2967 570 in
2991 528 3195 570 cratera
3220 517 3284 573 ¹³.
3318 515 3500 586 Neque
3519 517 3595 570 ira

2035 610 2088 663 in
2120 624 2216 663 nos
2246 609 2542 675 ascendat;
2574 609 2797 677 spiritus
2826 624 3016 679 nempe
3046 619 3362 678 potestatem
3392 608 3597 662 haben-

2033 702 2102 755 tis
2130 702 2407 767 seductor,
2433 701 2522 767 qui
2554 702 2908 769 praacursoris
2937 702 3107 756 instar
3156 702 3240 756 vel
3291 702 3595 770 speculato-

351 759 508 853 ξοθείη
536 785 599 837 ἐκ
630 784 737 837 τῶν
767 759 1183 854 πεπυρωμένων
1210 759 1378 852 βελῶν
1407 759 1500 837 τοῦ
1524 759 1741 855 ἐχθροῦί
1782 787 1919 841 Ἀλλ’

2034 794 2130 859 ris,
2162 808 2227 847 ex
2264 794 2521 847 tenebris
2569 794 2620 847 in
2656 795 2849 863 quibus
2889 809 3007 847 sese
3053 794 3357 859 abdiderat,
3392 795 3441 847 in
3479 794 3594 848 ani-

349 875 581 947 ούρανοῦ
616 875 826 946 θυρίδες
854 879 986 946 ἡμῖν
1038 878 1300 944 ἀνοιγεῖεν
1322 917 1335 940 ,
1361 879 1415 929 αἱ
1441 877 1548 931 τῶν
1584 878 1788 948 νοητῶν
1832 881 1923 933 καὶ

351 968 730 1038 πνευματικῶν
760 968 975 1034 ἐξαπλω
1004 967 1113 1039 (90)
1144 969 1333 1040 ἀρεταὶ
1372 1009 1387 1022 .
1409 1007 1422 1021 .
1446 1011 1459 1025 .
1478 1011 1490 1022 .
1511 1011 1523 1022 .
1547 1010 1558 1021 .
1584 1010 1595 1021 .
1626 1012 1633 1024 .
1655 1012 1668 1024 .
1694 1010 1706 1023 .
1735 971 1922 1024 κακίαι

350 1060 473 1131 ᾅδου
500 1062 593 1113 καὶ
626 1060 881 1125 θανάτου,
921 1061 1121 1124 αἵτινες
1161 1062 1221 1113 οὑ
1252 1062 1600 1131 κατισχύουσι
1632 1063 1760 1127 τῶν,
1783 1063 1924 1117 κατά

350 1149 577 1221 Πέτρον,
611 1149 937 1204 ἀνελθόντων
976 1152 1067 1203 ἐπὶ
1101 1152 1273 1214 πύλας
1304 1153 1400 1223 τῆς
1440 1152 1731 1225 θυγατέρος
1765 1154 1921 1208 Σιών.

351 1242 459 1293 Καὶ
493 1242 520 1292 ὁ
553 1243 610 1293 ἐν
637 1240 716 1307 τῷ
762 1242 989 1312 κρυπτῷ
1015 1244 1112 1313 τῆς
1156 1243 1378 1314 καρδίας
1434 1244 1715 1316 ἄνθρωπος
1743 1286 1757 1309 ,
1803 1250 1922 1300 κατ’

350 1332 534 1384 εἰκόνα
572 1332 706 1384 Θεοῦ
729 1374 742 1396 ,
775 1334 1053 1402 ὁμοέστιος
1082 1333 1330 1401 ἀγγέλοις
1357 1335 1584 1403 γένοιτο,
1618 1336 1711 1389 τοῦ
1738 1338 1924 1407 ἀληθι-

348 1420 439 1473 νοῦ
472 1423 647 1491 μάννα
683 1424 1140 1494 μεταλαμϐάνων,
1176 1427 1266 1478 καὶ
1296 1428 1404 1479 ἀπὸ
1442 1428 1668 1498 ούρανοῦ
1698 1431 1920 1502 τροφὴν,

350 1511 464 1563 ἀλλ’
510 1513 611 1566 οὑκ
641 1514 748 1567 ἀπὸ
775 1515 875 1584 τῆς
908 1516 1311 1587 ἐπικαταράτου
1355 1519 1487 1588 γῆς,
1520 1520 1586 1589 ἣν
1616 1521 1644 1571 ὁ
1676 1522 1922 1591 ἁμαρτά-

350 1621 454 1654 νων
491 1604 549 1657 ἐν
581 1604 777 1669 λύπαις
806 1605 992 1658 ἐσθίει.
1029 1609 1090 1659 Οἱ
1122 1606 1323 1659 τούτων
1367 1608 1653 1670 ἀκούοντες
1691 1611 1921 1680 πτερού-

352 1692 568 1747 σθωσαν
594 1735 608 1759 ,
639 1694 1053 1767 ἐπαιρέσθωσαν
1080 1736 1094 1758 ,
1130 1697 1324 1766 μηκέτι
1367 1696 1603 1751 ἔστωσαν
1640 1701 1698 1753 ὲν
1725 1702 1887 1772 σαρκί
1906 1720 1919 1732 ο

350 1785 689 1853 γενέσθωσαν
718 1788 773 1839 ὲν
814 1786 1116 1857 πνεύματι·
1163 1791 1226 1840 Oi
1266 1788 1374 1856 γὰρ
1422 1789 1491 1842 ἐν
1533 1791 1712 1859 σαρκὶ
1754 1792 1925 1858 ὄντες

353 1877 474 1942 Θεῷ
498 1878 712 1946 ἀρέσαι
742 1881 813 1932 οὺ
838 1878 1145 1932 δύνανται.
1210 1881 1346 1933 Ἀλλ’
1396 1882 1488 1934 ἐπὶ
1540 1884 1638 1953 τὴν
1686 1885 1925 1956 ἱστορίαν

349 1971 578 2023 ἀνιτέον.

348 2144 771 2232 Στίχ.,μδ’..Καὶ
803 2145 1214 2232 μετέιστρειρεεζ
1261 2151 1347 2232 εἰς
1384 2146 1524 2219 αἷμα
1553 2150 1705 2232 ,ταὺς
1742 2168 1922 2232 πρτα-
1954 2124 1998 2178 D

413 2216 822 2339 μοὺςίαὺτῶν,
858 2217 955 2269 καὶ
988 2218 1059 2270 τὰ
1098 2216 1453 2288 ὀμϐρήματιί
1499 2219 1729 2287 αὐτῶν,
1770 2216 1929 2288 ὅπως

419 2304 499 2339 tm
531 2303 573 2337 π
601 2301 771 2339 ωσιν.

412 2301 499 2353 μη
531 2301 771 2340 πίωσιν.

420 2375 551 2431 Οἶδα
612 2378 753 2432 κατά
809 2380 1165 2451 τροπολογίαν
1212 2382 1439 2446 πολλοὺς
1488 2386 1763 2453 ποταμοὺς
1821 2388 1924 2439 Ai-

346 2470 554 2540 γύπτου
596 2471 871 2534 ἐναντίους
906 2472 1122 2543 Χριστῷ
1153 2472 1230 2543 τῷ
1282 2474 1519 2545 ἀληθινῷ
1563 2477 1827 2547 ποταμῷ,
1868 2471 1929 2531 οῦ

344 2562 414 2618 τά
454 2561 751 2632 ὁρμήματά
783 2562 881 2631 τὴν
919 2562 1242 2632 Ἐκκλησίαν
1260 2565 1557 2634 εὐφραίνει.
1578 2565 1828 2619 Πάνταδέ
1856 2568 1925 2621 τά

344 2656 445 2725 τῆς
470 2656 742 2726 σωτηρίας
773 2654 1025 2726 ἀλλότρια
1043 2654 1289 2725 ῥεύματα
1308 2695 1321 2718 ,
1351 2655 1387 2709 ἀ
1414 2660 1441 2709 ό
1467 2657 1616 2723 Θεὸς,
1638 2658 1773 2729 (90')
1799 2662 1924 2713 ἔκταν

348 2746 602 2817 βούληταί
640 2763 791 2809 τινας
842 2745 1201 2816 ἐπιπρέψαι,
1243 2747 1330 2799 ἵνα
1376 2747 1676 2813 ἐξελθόντες
1729 2750 1923 2807 πίωσιν

345 2838 454 2891 ἀπὸ
498 2839 596 2909 τῆς
643 2838 952 2909 πέτρας,ή
1007 2838 1063 2890 δὲ
1107 2838 1280 2910 πέτρα
1314 2836 1382 2910 ἦν
1423 2843 1450 2893 ὁ
1493 2842 1745 2912 Χριστὸς,
1782 2846 1924 2896 ποιεῖ

349 2929 650 3000 στραφῆναι
673 2932 753 2993 εἰς
784 2926 941 3000 αἷμα.
972 2932 1137 2983 Ὅταν
1159 2931 1264 3001 γὰρ
1292 2930 1400 2999 ἐγὼ
1422 2932 1644 3000 καταγὼ
1671 2933 1761 2997 οὒς
1813 2934 1924 3005 (91)

344 3021 621 3093 ἀλλοτρίου
656 3020 846 3085 ὕδατος
880 3023 972 3075 καὶ
998 3024 1360 3093 φρονήματος,
1392 3024 1484 3077 τοῦ
1519 3026 1652 3077 Θεοῦ
1679 3025 1753 3096 μὴ
1787 3026 1921 3100 (91⁸)

350 3114 835 3184 παραστήσαντος·,
867 3114 947 3166 ὅτι
1007 3110 1146 3184 αἷμά
1190 3116 1336 3167 ἐστιν
1356 3156 1370 3178 ,
1419 3117 1601 3169 οὑκέτι
1634 3118 1803 3181 πίνω,
1839 3119 1925 3171 ἵνα

351 3204 680 3275 μὴνμέτοχος
713 3205 950 3274 γίνωμαι
981 3204 1210 3275 αἵματος
1237 3206 1415 3276 ὀμϐρή
1426 3224 1611 3277 ματος.
1638 3208 1698 3259 Oi
1732 3207 1788 3259 δὲ
1816 3204 1923 3261 εἷεν

348 3295 444 3359 ἂν,
478 3297 525 3348 oi
560 3294 765 3365 βραχέα
800 3294 895 3364 μὲν
928 3295 1179 3363 λέγοντες
1200 3334 1213 3358 ,
1270 3295 1488 3365 ὀλέθρια
1532 3296 1608 3349 δέ.
1643 3296 1829 3360 ἒΚοιτά
1867 3298 1923 3351 δὲ

346 3387 445 3458 τὴν
477 3388 714 3460 ἱστορίαν
737 3426 751 3450 ,
785 3387 1069 3455 Αἰγύπτιοι
1107 3387 1315 3440 ἀνωθεν
1365 3387 1508 3460 ὕδωρ
1556 3389 1654 3441 οὑκ
1687 3388 1919 3459 ἔχουσιν,

345 3480 467 3533 οὐδὲ
498 3479 704 3547 γίνεται
746 3479 899 3542 ὑετὸς
935 3481 991 3531 ἐν
1024 3479 1303 3549 Αἰγύπτῳ.
1339 3480 1643 3551 Ἱστορικῶς
1676 3481 1773 3551 μὲν
1803 3477 1918 3545 οὖν,

351 3574 531 3643 πάσης
578 3573 699 3625 τότε
732 3572 828 3643 τῆς
854 3570 963 3623 τῶν
1004 3572 1210 3624 ὑδάτων
1265 3573 1478 3641 φύσεως
1516 3573 1656 3626 κατά
1698 3573 1794 3643 τὴν
1824 3573 1921 3627 Αί-

348 3683 551 3733 γυπτον
580 3665 657 3737 τῷ
695 3665 1077 3737 προστάγματι
1105 3666 1197 3718 τοῦ
1235 3667 1476 3729 Μωσέως
1504 3669 1582 3729 εἰς
1626 3661 1764 3737 αἷμα
1792 3684 1923 3738 τρα-

350 3757 541 3828 πείσης
561 3797 574 3819 ,
600 3759 675 3822 ὡς
703 3760 796 3811 καὶ
818 3758 942 3820 τοὺς
976 3757 1162 3827 ἰχθύας
1182 3799 1195 3821 ,
1226 3760 1305 3822 εἰς
1343 3758 1594 3831 σαρκώδη
1635 3759 1921 3829 παχύτητα

345 3852 439 3905 τοῦ
465 3851 654 3916 ὓδατος
677 3855 1079 3925 μετατεθέντος,
1102 3853 1482 3924 διαφθαρῆναι,
1508 3856 1619 3916 τοῖς
1652 3853 1922 3923 Ἑϐραίοις

346 3945 671 4016 ἀρυομένοις
699 3940 836 4015 αἷμα
875 3948 975 3999 οὑκ
1001 3941 1088 4016 ἦν.
1134 3945 1295 3999 Ὅθεν
1335 3945 1460 4014 ἔσχε
1497 3946 1591 3998 καὶ
1622 3946 1655 4014 ἡ
1707 3962 1921 4015 μαγγα-

347 4037 465 4090 νεία
494 4038 684 4109 καιρὸν
713 4039 769 4091 ἐν
803 4038 880 4109 τῷ
905 4038 1054 4108 παρά
1085 4041 1197 4100 τοῖς
1246 4036 1517 4107 Ἑϐραίοις
1547 4037 1921 4108 εὑρισκομένῳ

347 4129 521 4193 ὕδατι,
551 4129 612 4182 τὸ
638 4129 944 4199 αἱματῶδες
970 4127 1113 4199 ὑδωρ
1146 4126 1638 4198 παρασοφίσασθαι.
1672 4128 1920 4195 Πνευμα-

346 4221 511 4285 τικῶς
545 4221 602 4274 δὲ
634 4222 727 4274 καὶ
750 4220 844 4273 νῦν
875 4221 932 4273 τὸ
964 4222 1075 4274 ἴσον
1115 4221 1261 4273 ἔστιν
1298 4221 1423 4273 ἰδεῖν
1458 4219 1756 4288 γινόμενον.
1799 4218 1918 4272 Τῶν

344 4311 454 4383 γὰρ
485 4312 621 4382 πρὸς
656 4312 757 4374 τὰς
809 4312 1053 4375 ἐναντίας
1096 4312 1251 4377 δόξας
1287 4286 1643 4379 διεστηκότων
1676 4311 1788 4371 τοῖς
1824 4309 1920 4379 μὲν
1953 4286 1996 4344 Β

345 4404 572 4474 πότιμόν
602 4406 719 4457 ἐστι
748 4403 841 4456 καὶ
870 4403 1124 4472 διαφανὲς
1152 4401 1212 4454 τὸ
1260 4402 1405 4470 νᾶμα
1448 4399 1547 4469 τῆς
1590 4399 1825 4460 πίστεως
1847 4437 1860 4461 ,
1891 4396 1921 4448 ὃ

254 4492 258 4497 ⁸
344 4498 431 4569 διὰ
456 4518 553 4587 τῆς
584 4516 730 4580 θείας
760 4516 1107 4580 διδασκαλίας
1138 4515 1394 4586 ἀρύονται
1414 4530 1428 4544 ο
1471 4516 1583 4576 τοῖς
1610 4513 1667 4565 δὲ
1698 4512 1799 4582 τῆς
1826 4529 1923 4563 πο-

343 4611 515 4679 νηρᾶς
550 4610 869 4681 ὑπολήψεως
908 4610 1318 4678 αἰγυπτιάζουσι
1365 4606 1645 4678 διεφθορὸς
1685 4602 1822 4677 αἷμα
1859 4608 1919 4659 τὸ

344 4700 490 4773 ὕδωρ
504 4701 731 4770 γίνεται.
757 4705 864 4756 Καὶ
885 4704 1143 4765 πολλάκις
1165 4704 1433 4773 ἐπιχειρεί
1452 4704 1480 4755 ό
1504 4701 1919 4773 παρασοφισμὸς

342 4792 443 4861 τῆς
476 4793 691 4864 ἀπάτης
728 4794 823 4847 καὶ
859 4796 919 4848 τὸ
962 4796 1068 4849 τῶν
1117 4796 1466 4867 Ἰσραηλιτῶν
1506 4796 1670 4849 ποτὸν
1713 4793 1791 4863 τῷ
1825 4812 1920 4864 μο-

343 4884 534 4955 λυσμῷ
560 4886 654 4937 τοῦ
682 4885 911 4955 ψεύδους
936 4883 1074 4958 αἷμα
1103 4890 1345 4960 ποιῆσαι,
1368 4888 1613 4941 τουτέστι
1656 4886 1745 4939 τὸν
1792 4886 1920 4957 ἡμέ-

340 4993 499 5046 τερον
528 4977 685 5045 λόγον
704 5018 719 5040 ,
751 4980 845 5031 καὶ
874 4982 1006 5050 ἡμῖν
1029 4979 1197 5044 δεῖξαι
1223 5020 1237 5045 ,
1271 4981 1343 5051 μὴ
1381 4979 1620 5033 τοιοῦτον
1655 4979 1780 5032 ὄντα
1808 4974 1918 5031 οἷόν

344 5072 509 5123 ἐστιν.
565 5070 702 5122 Ἀλλ’
733 5072 832 5123 οὑκ
861 5072 1180 5142 ἀχρειώσειε
1227 5072 1455 5126 καθόλου
1486 5072 1547 5125 τὸ
1587 5072 1748 5124 ποτὸν
1772 5110 1785 5135 ,
1814 5070 1917 5124 κᾶν

342 5162 409 5213 ἐκ
448 5160 541 5213 τοῦ
590 5163 879 5233 προχείρου
928 5162 994 5215 δι’
1024 5164 1239 5234 ἀπάτην
1282 5163 1619 5235 περιφοινίξῃ
1660 5163 1720 5215 τὸ
1756 5160 1914 5226 εἶδος.

347 5252 501 5306 Πίνει
526 5252 632 5323 γὰρ
657 5257 684 5307 ὁ
736 5254 1069 5326 Ἰσραηλίτης
1088 5256 1150 5308 τὸ
1175 5256 1426 5327 ἀληθινὸν
1449 5255 1614 5328 ὕδωρ,
1639 5254 1759 5308 οὐδὲ
1782 5255 1917 5326 πρὸς

339 5345 401 5399 τὸ
426 5342 563 5409 εἶδος
585 5346 685 5416 τῆς
707 5348 926 5418 ἀπάτης
955 5350 1434 5420 ἐπιστρεφόμενος.

410 5465 453 5497 ³⁵
479 5465 796 5532 Prov.|x,2.
884 5467 926 5497 ¹⁶
960 5467 1115 5523 Rom.
1154 5483 1268 5533 vm,
1296 5466 1347 5521 8.

412 5584 526 5652 (90‘;
571 5584 731 5640 Forte
758 5586 1139 5653 ἐξαπλωθεῖεν.

414 5655 549 5727 (90‘)
599 5659 655 5710 Ἃ
695 5660 728 5711 ὁ
754 5661 915 5725 Θεός.
950 5658 1109 5714 Forte
1135 5659 1239 5716 del.
1274 5661 1328 5714 ἄ.

2031 900 2171 938 mam
2224 884 2463 937 ascendit
2507 899 2603 951 per
2649 885 3277 952 cogitationemzneque
3308 898 3406 938 ceu
3458 884 3595 955 ignis

2039 975 2411 1029 inﬂammetur
2437 989 2502 1027 ex
2546 974 2736 1043 ignitis
2768 976 2963 1042 jaculis
3017 977 3244 1030 inimici.
3293 975 3402 1032 Sed
3441 976 3593 1031 fene-

2032 1078 2158 1121 stra:
2185 1066 2305 1121 coeli
2342 1067 2497 1121 nobis
2538 1066 2887 1135 aperiantur:
2924 1083 3108 1120 rerum
3150 1067 3593 1123 intellectualium

2031 1173 2094 1209 ac
2137 1157 2459 1227 spiritalium
2512 1157 2742 1212 virtutes
2790 1159 3159 1226 explicentur.
3207 1200 3219 1212 .
3263 1199 3277 1214 .
3325 1199 3340 1216 .
3382 1199 3397 1214 .
3439 1161 3593 1215 malae

2032 1249 2231 1302 inferni
2270 1261 2322 1302 et
2354 1250 2565 1311 mortis,
2614 1264 2733 1317 qum
2790 1265 2899 1305 non
2954 1252 3265 1320 prmvalent,
3299 1254 3593 1307 secundum

2033 1339 2278 1407 Petrum,
2309 1341 2374 1395 iis
2401 1342 2492 1411 qui
2529 1346 2824 1398 ascendunt
2855 1346 2919 1397 ad
2958 1353 3142 1412 portas
3171 1344 3295 1399 ﬁliae
3336 1344 3484 1400 Sion.
3528 1346 3597 1401 Et

2033 1433 2195 1488 homo
2228 1435 2317 1503 qui
2359 1446 2441 1491 est
2478 1437 2530 1490 in
2571 1437 2785 1491 occulto
2815 1441 3017 1504 cordis,
3054 1442 3145 1510 qui
3185 1452 3269 1495 est
3300 1445 3592 1499 secundum

2030 1525 2321 1596 imaginem
2356 1529 2475 1595 Dei,
2512 1532 2892 1587 commensalis
2926 1534 3236 1602 angelorum
3268 1535 3381 1599 iiat,
3407 1550 3593 1589 verum

2031 1634 2227 1673 manna
2256 1622 2551 1676 comedens
2577 1632 2630 1676 et
2663 1639 2843 1678 escam
2875 1625 2939 1679 de
2964 1627 3125 1689 caelo,
3169 1643 3275 1680 non
3317 1636 3498 1681 autem
3527 1628 3594 1683 de

2036 1722 2176 1765 terra
2205 1713 2518 1779 maledicta,
2552 1732 2712 1784 quam
2747 1719 2837 1787 qui
2869 1728 3076 1786 peccat,
3109 1720 3160 1773 in
3194 1719 3468 1774 doloribus
3498 1735 3598 1774 co—

2033 1804 2220 1857 medit.
2250 1803 2351 1869 Qui
2391 1804 2505 1860 haec
2539 1808 2776 1861 audiunt
2803 1819 3020 1863 sumant
3073 1810 3209 1877 alas,
3262 1810 3313 1863 in
3368 1811 3596 1865 sublime

2031 1895 2294 1962 ferantur,
2354 1914 2460 1952 non
2507 1900 2737 1968 amplius
2775 1901 2882 1955 sint
2926 1902 2979 1955 in
3017 1916 3225 1967 carne;
3274 1905 3383 1957 sint
3408 1903 3459 1956 in
3485 1902 3597 1970 spi-

2033 1987 2135 2039 ritu
2164 2004 2178 2041 :
2212 1985 2315 2051 Qui
2346 1989 2483 2041 enim
2513 1991 2565 2042 in
2593 2006 2746 2044 carne
2777 2001 2923 2054 sunt,
2954 1992 3061 2045 Deo
3093 1992 3300 2060 placere
3328 2008 3433 2046 non
3473 2008 3600 2061 pos-

2031 2090 2151 2131 sunt
2183 2081 2246 2131 ⁸⁸.
2281 2080 2385 2133 Sed
2420 2081 2485 2133 ad
2523 2082 2803 2136 historiam
2837 2089 3237 2141 revertendum.

2032 2170 2092 2224 V.
2130 2172 2219 2226 44.
2256 2171 2322 2248 Et
2349 2174 2603 2248 convertit
2631 2175 2686 2226 in
2719 2178 3027 2245 sanguinem
3054 2179 3275 2246 [Iumina
3314 2196 3511 2248 eorum,
3541 2187 3597 2238 et

2237 2244 2490 2310 pluviale:
2524 2261 2687 2312 aquas
2716 2244 2918 2311 eorum,
2949 2260 3003 2299 ut
3034 2244 3134 2301 non
3181 2249 3378 2303 bibant.

2098 2400 2230 2452 Novi
2260 2403 2555 2456 secundum
2595 2403 2855 2458 moralem
2907 2419 3126 2460 sensum
3162 2408 3327 2461 multa
3369 2408 3595 2464 ﬂumina

2028 2493 2248 2565 Aigypli
2280 2498 2553 2550 contraria
2587 2499 2808 2553 Christo
2851 2516 2980 2556 vero
3006 2501 3236 2569 ﬂumini,
3289 2507 3441 2575 cujus
3491 2508 3598 2562 im-

2034 2595 2192 2651 petus
2241 2585 2540 2641 Ecclesiam
2592 2588 2885 2645 lmtiﬁcant.
2941 2588 3011 2645 At
3073 2609 3410 2666 quarcunque
3467 2610 3596 2654 sunt

2031 2676 2230 2731 ﬂuenta
2264 2678 2423 2733 saluti
2450 2682 2745 2747 contraria,
2774 2686 2992 2752 quando
3026 2689 3137 2741 vult
3161 2688 3299 2743 Deus
3330 2692 3595 2759 quosdam

2031 2780 2373 2836 convertere,
2402 2782 2458 2825 ut
2483 2785 2745 2830 exeuntes
2777 2777 2964 2830 bibant
2987 2780 3053 2834 de
3085 2791 3261 2849 petra,
3293 2799 3413 2851 quae
3438 2796 3596 2853 petra

2030 2858 2281 2917 Christus
2343 2872 2447 2930 est,
2516 2863 2649 2919 facit
2699 2874 2757 2921 ut
2807 2870 2859 2923 in
2909 2872 3231 2942 sanguinem
3285 2885 3591 2932 vertantur.

2029 2950 2256 3018 Quando
2289 2957 2433 3009 enim
2465 2972 2566 3026 ego
2597 2958 2793 3013 damno
2825 2962 3061 3017 alienam
3096 2982 3289 3035 aquam
3332 2969 3450 3025 sive
3496 2986 3596 3025 co-

2030 3047 2217 3114 gitata,
2271 3049 2377 3103 Deo
2421 3052 2548 3105 mihi
2590 3056 2926 3121 ostendente,
2978 3060 3106 3128 quia
3156 3064 3376 3131 sanguis
3423 3073 3598 3131 sunt;

2037 3153 2140 3192 non
2193 3141 2422 3209 amplius
2474 3142 2616 3207 bibo,
2673 3154 2730 3199 ut
2778 3163 2883 3201 non
2930 3153 3203 3221 particeps
3245 3153 3366 3209 liam
3400 3156 3601 3225 pluvia:

2026 3230 2323 3298 sanguinis.
2371 3231 2427 3284 ln
2487 3233 2588 3286 hoc
2638 3250 2799 3290 censu
2842 3238 3074 3295 habendi
3112 3243 3238 3309 sint,
3282 3248 3375 3314 qui
3421 3262 3597 3316 pauca

2025 3320 2242 3383 quidem
2302 3320 2620 3390 loquuntur,
2672 3328 2765 3379 sed
2837 3329 3189 3385 nihilominus
3256 3338 3588 3403 perniciosa.

2025 3406 2192 3461 Porro
2223 3412 2526 3465 secundum
2560 3413 2871 3480 historiam,
2891 3416 3369 3487 [Egyptiictelitus
3394 3440 3595 3492 aquam

2026 3513 2130 3551 non
2158 3499 2379 3564 habent,
2431 3518 2530 3558 nec
2579 3505 2638 3559 iit
2672 3507 2850 3574 pluvia
2906 3511 2959 3563 in
3006 3511 3264 3584 Egypto.
3316 3514 3594 3574 Historice

2026 3594 2207 3663 igitur,
2238 3598 2490 3652 universa
2556 3609 2685 3655 tunc
2741 3618 3000 3671 aquarum
3044 3618 3233 3661 natura
3284 3624 3380 3678 per
3425 3610 3597 3681 [Egy-

2024 3702 2176 3754 ptum
2204 3691 2462 3745 mandato
2495 3691 2699 3762 Moysis
2748 3696 2802 3750 in
2855 3699 3171 3768 sanguinem
3214 3717 3392 3765 versa,
3420 3719 3594 3772 usque

2023 3784 2157 3834 adeo
2177 3790 2231 3833 ut
2257 3782 2417 3835 etiam
2448 3784 2642 3851 pisces,
2678 3788 2729 3842 in
2760 3805 3016 3846 carneam
3046 3797 3353 3850 crassitiem
3384 3808 3592 3855 mutata

2022 3887 2187 3939 aqua,
2221 3872 2540 3941 interirent;
2571 3877 2810 3936 Hebraeis
2836 3884 3211 3941 haurientibus
3239 3891 3455 3959 sanguis
3480 3909 3593 3947 non

2022 3974 2161 4017 erat.
2185 3964 2363 4030 Quare
2403 3969 2569 4022 etiam
2617 3970 2793 4026 locum
2845 3974 3154 4030 habuerunt
3206 3980 3492 4048 prwstigim
3534 3982 3595 4036 in

2032 4071 2170 4123 aqua
2221 4075 2388 4129 penes
2438 4061 2958 4132 Hebraeosinventa,
2991 4072 3340 4139 sanguineam
3392 4089 3594 4142 aquam

2031 4150 2346 4206 exhibendi.
2378 4153 2655 4224 Spiriluali
2696 4174 2877 4228 sensu,
2922 4178 3062 4217 nunc
3112 4180 3324 4233 quoque
3349 4166 3471 4221 licet
3510 4168 3594 4221 vi-

2026 4239 2152 4293 dere
2182 4240 2413 4309 idipsum
2444 4244 2779 4312 contingere.
2805 4250 2877 4302 Ex
2912 4253 2976 4309 iis
3006 4253 3147 4309 enim
3178 4255 3265 4323 qui
3299 4259 3593 4315 contrariis

2026 4333 2371 4399 opinionibus
2394 4336 2721 4402 dividuntur,
2760 4339 2848 4393 alii
2882 4342 3080 4397 habent
3116 4347 3347 4413 potabile
3376 4364 3440 4402 ac
3472 4350 3593 4417 pel-

2023 4423 2259 4477 lucidum
2298 4426 2422 4481 ﬁdei
2467 4424 2748 4495 ﬂuentum,
2800 4431 2939 4499 quod
2985 4448 3049 4486 ex
3088 4434 3283 4488 divinis
3333 4436 3595 4493 hauriunt

2024 4515 2376 4572 documentis.
2422 4519 2491 4572 At
2534 4520 2599 4574 iis
2630 4522 2722 4589 qui
2762 4525 3005 4592 reprobze
3039 4526 3321 4580 sententiae
3374 4529 3590 4583 ratione

2021 4605 2315 4678 [Egyptum
2344 4625 2453 4678 prae
2495 4627 2556 4667 se
2595 4614 2797 4682 ferunt,
2827 4616 2877 4670 in
2906 4630 3221 4684 corruptum
3266 4624 3589 4690 sanguinem

2020 4702 2201 4754 evadit
2237 4718 2375 4771 aqua
2405 4722 2420 4758 :
2445 4720 2507 4759 ac
2535 4722 2676 4775 sazpe
2711 4709 2992 4762 enituntur
3025 4713 3311 4783 praestigiae
3358 4715 3585 4781 erroris,

2023 4793 2377 4848 Israelitit-um
2413 4812 2627 4866 quoque
2667 4811 2851 4869 potum
2907 4802 3319 4871 inquinamento
3361 4809 3588 4861 menda-

2020 4886 2086 4937 cii
2127 4888 2445 4957 sanguinem
2480 4891 2693 4949 eﬂicere
2723 4911 2738 4961 ;
2777 4897 2830 4951 id
2858 4908 2942 4951 est
2974 4915 3282 4954 sermonem
3318 4912 3583 4969 nostrum,

2021 4979 2285 5048 nobisque
2316 4984 2609 5039 ostendere
2641 4987 2800 5041 talem
2838 5004 2945 5042 non
2979 5005 3097 5044 esse
3142 4991 3316 5059 qualis
3348 5003 3449 5048 est.
3479 4993 3586 5047 Sed

2023 5070 2231 5124 inutilis
2274 5088 2499 5141 prorsus
2555 5085 2712 5143 potus
2759 5094 2864 5131 non
2926 5081 3040 5145 ﬁet,
3097 5085 3309 5137 tametsi
3369 5095 3589 5152 aspectu

2017 5164 2193 5232 primo
2242 5182 2344 5235 per
2395 5183 2635 5223 errorem
2692 5174 2904 5242 species
2936 5175 3078 5244 .ejus
3128 5176 3400 5232 rubescat.
3443 5178 3590 5233 Bibit

2020 5256 2164 5309 enim
2197 5256 2440 5312 Israelita
2476 5276 2729 5317 veracem
2759 5281 2973 5335 aquam,
3025 5268 3246 5322 minimc
3292 5270 3591 5340 respiciens

2019 5350 2253 5418 speciem
2290 5355 2514 5409 erroris.

2095 5590 2205 5662 (9|)
2238 5592 2397 5647 Forte
2423 5594 2744 5662 καταγνούς.

2086 5665 2221 5734 (9r)
2249 5663 2409 5721 Forte
2439 5681 2547 5733 μοι.
