3878 6212
379 215 480 277 εει

1261 217 1819 280 SUPPLEMENTUM
1842 228 1935 284 AD
1968 228 2293 289 ORIGENIS
2328 232 2740 291 EXEGETICA.

3527 243 3627 299 152

381 357 480 397 nos
504 356 533 395 a
566 339 846 410 Scriptura
882 341 1185 411 prudentia:
1237 357 1456 410 nomen,
1486 355 1539 398 et
1584 347 1761 416 ipsum
1793 362 1858 401 ex
1887 362 1949 403 eo

2054 350 2176 404 τέαο
2206 354 2597 424 συναγάγωμεν
2619 356 2776 425 ἡμεῖς
2793 355 2901 408 ἀπὸ
2919 356 3015 427 τῆς
3033 357 3254 429 Γραφῆς
3283 358 3343 412 τὸ
3370 360 3469 430 τῆς
3497 379 3628 433 φρο-

382 435 572 506 agendi
608 436 920 500 consilium,
945 450 1052 504 quo
1078 436 1262 490 videre
1289 438 1580 505 possimus,
1620 455 1742 493 num
1785 440 1949 496 multa

379 527 647 597 signiticet
668 525 783 581 haec
817 540 943 591 vox,
970 537 1064 580 aut
1094 541 1206 581 rem
1235 536 1440 582 tantum
1483 544 1667 583 unam.

448 706 631 761 Primo
672 706 836 776 igitur
876 709 927 761 in
970 708 1192 773 Genesi,
1226 711 1514 765 secundum
1575 710 1946 783 Septuaginta,

379 799 640 853 scribitur
671 821 682 853 :
712 799 934 867 Serpens
965 817 1083 854 vero
1126 812 1236 854 erat
1264 804 1705 870 prudentissimus
1735 807 1783 838 ’θ
1810 825 1825 873 ;
1858 822 1946 863 se-

377 890 612 945 cundum
640 890 909 959 Aquilam,
951 892 1092 958 vafer
1119 893 1307 963 ,-juxta
1338 893 1742 965 Symmachum,
1776 901 1948 969 vafer-

378 982 566 1035 rimas.
598 981 787 1051 Itaque
834 992 1097 1051 quantum
1135 986 1201 1038 ad
1241 985 1381 1040 hanc
1455 983 1946 1059 Septuagintavira-

376 1073 481 1127 lem
533 1088 720 1127 vocem
769 1074 1025 1143 pertinet,
1061 1086 1244 1142 posset
1292 1079 1413 1146 quis
1468 1082 1669 1145 dicere,
1727 1085 1945 1140 minime

376 1180 503 1219 esse
524 1166 776 1219 virtutem
807 1166 1184 1236 prudentiam;
1216 1183 1391 1238 neque
1420 1172 1564 1226 enim
1588 1187 1812 1243 serpens
1838 1177 1946 1228 vir-

376 1266 546 1311 tutem
578 1257 834 1320 habebat,
866 1260 963 1312 sed
1001 1258 1373 1327 calliditatem,
1410 1278 1572 1332 quam
1608 1265 1767 1319 etiam
1800 1267 1943 1320 vitu-

374 1360 535 1417 perat
557 1349 679 1418 quis
721 1361 977 1419 tanquam
1020 1353 1425 1424 improbitatem
1459 1358 1763 1424 quamdam.
1796 1358 1943 1414 Hanc

373 1445 713 1514 prudentiam
747 1448 1092 1503 attenderunt
1134 1450 1235 1505 hee
1290 1450 1405 1505 loco
1436 1449 1780 1521 Septuaginta
1802 1496 1816 1519 ,
1848 1469 1944 1522 per

371 1555 533 1609 quam
600 1542 744 1611 vafer
792 1542 1032 1612 prudens
1099 1544 1427 1598 nominatur.
1492 1542 1717 1598 Videtur
1779 1546 1939 1600 etiam

369 1634 723 1705 Evangelium
752 1641 1047 1691 secundum
1096 1636 1296 1691 Lucam
1345 1637 1487 1691 hanc
1523 1652 1819 1705 agnoscere
1868 1638 1939 1692 si-

2052 443 2258 513 νήσεως
2285 443 2472 515 ὄνομα,
2506 446 2598 499 καὶ
2633 446 2692 498 τὸ
2723 447 2854 517 παρ’
2880 448 3011 500 αὐτὸ
3035 452 3208 502 ποιεῖν
3233 450 3505 522 φρόνημα,
3539 454 3628 510 ἵνα

2050 534 2367 606 δυνηθῶμεν
2398 538 2543 603 ίδεῖν,
2574 540 2797 609 πότερον
2821 539 3130 612 πολύσημος
3149 544 3180 612 ἡ
3200 541 3413 616 λέξις,ἢ
3442 544 3498 598 ἕν
3527 563 3627 617 ση-

2054 627 2232 695 μαίνει
2256 630 2506 699 πρᾶγμα.

2119 718 2342 790 Πρῶτον
2385 721 2482 791 μὲν
2521 717 2612 775 οὖν
2660 724 2717 775 ἐν
2767 726 2830 793 τῇ
2877 724 3142 792 Γενέσει,
3187 726 3326 780 κατὰ
3365 729 3461 800 μὲν
3500 730 3628 795 τοὺς

2061 811 2479 885 Ἐϐδομήκοντα,
2506 815 2832 887 γέγραπται·
2874 817 2925 869 Ὁ
2950 816 3017 869 δὲ
3059 818 3192 888 ὄφις
3230 816 3308 890 ἦν
3334 824 3624 892 φρονιμώ-

2046 920 2238 970 τατος·
2297 906 2439 961 κατὰ
2495 907 2553 960 δὲ
2626 908 2873 974 Ἀκύλαν,
2940 910 3295 980 πανοῦργοςο
3370 914 3509 967 κατὰ
3564 914 3626 969 δὲ

2048 995 2356 1068 Σύμμαχον,
2402 1000 2900 1067 πανουργότατος·
2945 1000 3138 1054 οὐκοῦν
3175 1003 3297 1056 ὅσον
3335 1006 3424 1057 ἐπὶ
3452 1005 3624 1081 ταύτῃ

2045 1092 2109 1159 τῇ
2158 1090 2298 1155 λέξει
2345 1093 2453 1145 τῶν
2511 1092 2909 1163 Ἐὅδομήκοντα
2948 1092 3093 1161 λέγοι
3142 1112 3224 1157 τις
3268 1094 3351 1157 ἂν,
3389 1096 3469 1148 ὅτι
3522 1098 3623 1150 οὐκ

2044 1178 2190 1232 ἔστιν
2230 1180 2396 1252 ἀρετὴ
2451 1183 2484 1252 ἠ
2544 1183 2820 1253 φρόνησις
2884 1182 3003 1235 οὐδὲ
3068 1183 3176 1253 γάρ
3221 1186 3249 1236 6
3303 1185 3421 1254 ὄφις
3478 1182 3621 1256 εἶχεν

2045 1274 2262 1344 ἀρετὴν,
2290 1276 2623 1346 πανουργίαν
2641 1274 2715 1339 δὲ,
2739 1276 2804 1347 ἢν
2824 1276 2917 1329 καὶ
2936 1274 3092 1344 ψέγει
3108 1293 3191 1339 τις
3206 1278 3621 1348 κακεντρέχειάν

2042 1382 2163 1419 τινα
2204 1365 2576 1437 ὑπάρχουσαν.
2629 1366 2776 1438 Αὕτη
2808 1368 3067 1439 φρόνησις
3103 1368 3197 1421 νῦν
3235 1369 3479 1441 νενόηται
3509 1373 3622 1433 τοῖς

2056 1454 2471 1525 Ἑϐδομήκοντα,
2526 1457 2654 1528 παρ’
2704 1457 2771 1528 ἢν
2805 1459 2833 1510 ὁ
2863 1456 3197 1527 πανοῦργος
3233 1459 3487 1529 φρόνιμος
3530 1459 3613 1512 λέ-

2043 1543 2249 1595 λεκται.
2290 1543 2471 1595 Ἔοικε
2502 1544 2557 1597 δὲ
2581 1545 2674 1597 καί¹
2697 1546 2758 1598 τὸ
2786 1546 2926 1599 κατὰ
2950 1546 3161 1599 Λουκᾶν
3183 1547 3514 1616 Εὑαγγέλιον
3543 1550 3621 1600 εί-

2041 1634 2185 1686 δέναι
2240 1633 2400 1711 τοῦτο
2435 1637 2496 1689 τὸ
2540 1638 2956 1707 σημαινόμενον,
2998 1639 3084 1690 ὅτε
3127 1638 3541 1708 ἀναγέγραπται
3588 1640 3619 1691 6

370 1721 796 1789 guiﬁeationem,
833 1741 957 1778 cum
995 1727 1060 1780 de
1107 1725 1390 1779 Salvature
1448 1729 1709 1796 scriptum
1763 1739 1844 1783 est
1884 1729 1935 1781 in

2042 1726 2233 1797 Σωτὴρ
2261 1729 2319 1778 ὲν
2342 1730 2407 1798 τῇ
2441 1728 2721 1800 παραϐολῇ
2758 1731 3035 1801 εἰρηκέναι
3059 1732 3135 1784 τό’
3161 1732 3267 1786 Καὶ
3294 1732 3619 1799 ἐπαινέσας

369 1814 629 1880 parabole
662 1816 868 1870 dixisse
901 1814 1007 1869 :Et
1040 1817 1265 1872 laudans
1310 1820 1461 1874 herus
1493 1837 1813 1874 wconomum
1840 1823 1943 1874 ini-

365 1908 604 1975 quitatis,
628 1911 749 1978 quia
791 1910 1071 1977 prudenter
1093 1911 1214 1980 fecit
1237 1913 1302 1979 “,
1329 1913 1380 1965 id
1411 1921 1494 1967 est
1521 1914 1694 1980 val're,
1719 1914 1934 1969 callide.

367 2001 439 2053 At
468 2000 624 2055 facile
652 2001 779 2055 illud
812 2003 1059 2069 laudans,
1087 2019 1191 2057 non
1222 2006 1285 2058 de
1336 2004 1493 2059 laude
1524 2007 1744 2075 proprie
1779 2021 1939 2061 acce-

366 2104 479 2162 pta,
515 2095 611 2149 sed
673 2111 768 2164 per
817 2096 1217 2150 insolentioretn
1254 2097 1542 2165 quamdam
1597 2099 1934 2153 eatachresin

368 2185 585 2253 dicitur,
613 2185 752 2240 sicut
779 2187 1009 2241 dicimus
1038 2186 1243 2241 laudari
1277 2189 1583 2258 quempiam
1608 2188 1774 2242 etiam
1808 2203 1937 2257 pro-

364 2284 487 2343 pter
518 2276 809 2331 mediocria
840 2286 893 2331 et
924 2277 1140 2333 diversa
1176 2293 1341 2347 opera
1376 2280 1674 2347 vulgarium
1716 2282 1931 2346 artium,

287 2378 299 2386 “
366 2366 696 2421 admirantes
729 2369 1127 2437 quodammodo
1172 2384 1332 2422 curas
1362 2384 1481 2436 quae
1520 2370 1759 2423 excitant
1785 2384 1933 2424 men-

365 2460 439 2514 tis
474 2475 707 2514 acumen
727 2471 782 2515 et
811 2452 1183 2515 mobilitatem.
1219 2461 1348 2515 Item
1382 2462 1510 2515 illud
1544 2480 1555 2514 :
1586 2460 1766 2515 Estote
1801 2478 1929 2532 pru-

362 2553 540 2606 dente:
577 2553 707 2606 sicut
741 2564 997 2620 serpentes
1018 2555 1063 2584 "’
1090 2570 1105 2619 ;
1133 2553 1313 2623 quasi,
1348 2568 1452 2608 non
1482 2554 1655 2622 ignari
1703 2569 1930 2623 serpen-

365 2644 435 2697 tis
474 2646 816 2699 astutiarum.
880 2643 1112 2699 Necesse
1157 2645 1301 2698 enim
1360 2646 1613 2724 habetis,
1660 2646 1929 2715 quomodo

358 2740 650 2808 Apostolus
680 2739 999 2802 nominavit,
1031 2737 1252 2791 affectos
1281 2736 1465 2792 dicere
1490 2755 1504 2791 :
1537 2736 1601 2790 Ut
1633 2753 1733 2791 non
1757 2739 1932 2806 appri-

361 2847 571 2884 mantur
611 2848 641 2883 a
666 2831 869 2883 Satana
892 2843 913 2896 ,'
936 2845 1037 2883 non
1084 2830 1224 2883 enim
1261 2830 1490 2899 cogitata
1537 2830 1682 2883 illius
1724 2832 1931 2900 ignora-

360 2939 479 2977 mus
507 2924 573 2979 ”.
607 2923 883 2978 Mulierem
921 2924 1123 2992 itaque,
1149 2937 1271 2992 qua:
1296 2926 1537 2991 prudens
1569 2938 1675 2975 non
1717 2934 1835 2977 erat
1878 2930 1933 2975 ut

362 3030 607 3086 serpens,
645 3018 857 3087 decepit
888 3016 977 3069 ille
1024 3016 1078 3069 in
1132 3017 1326 3068 astutia
1364 3030 1486 3069 sua.
1534 3012 1597 3067 Et
1633 3014 1737 3083 ﬁlii
1772 3014 1933 3084 hujus

359 3110 563 3179 occuli,
591 3126 694 3165 non
726 3112 1106 3181 sapientiores,
1137 3113 1230 3165 sed
1259 3110 1617 3180 prudentiores
1647 3108 1773 3176 ﬁlii:
1799 3109 1930 3161 lueis

360 3215 482 3256 sunt
509 3203 590 3267 “;
638 3216 815 3271 neque
857 3204 955 3255 ltoe
997 3201 1316 3271 simpliciter
1356 3208 1411 3253 et
1438 3198 1703 3262 absolute,
1749 3198 1841 3252 sed
1877 3198 1933 3250 in

361 3315 512 3352 suam
539 3298 941 3367 generationem.

435 3389 791 3462 Signiﬁcatur
818 3401 873 3444 et
919 3388 1064 3443 aliud
1096 3388 1230 3458 quid
1261 3401 1391 3441 voce
1440 3383 1756 3454 prudentim.
1794 3382 1931 3436 Deus

361 3487 524 3551 enim,
542 3486 737 3553 inquit,
766 3484 1023 3554 sapientia
1045 3482 1387 3550 fundamenta
1410 3480 1581 3546 posuit
1612 3488 1784 3543 teme,
1807 3492 1933 3543 pra:-

360 3578 561 3641 partwit
592 3586 767 3630 autem
793 3574 944 3629 caelos
964 3574 1019 3627 in
1048 3572 1325 3641 prudentia
1348 3572 1427 3634 ¹⁸;
1452 3570 1671 3633 virtute,
1688 3582 1791 3622 non
1822 3566 1933 3622 cal-

361 3663 591 3719 liditate.
625 3664 883 3732 Agnoscit
914 3671 967 3717 et
1015 3659 1366 3732 Evangelium
1420 3660 1559 3713 hanc
1607 3671 1822 3727 quoque
1852 3657 1931 3710 si-

360 3754 761 3825 gniﬁcationem
807 3756 860 3808 in
910 3752 1165 3822 parabola
1206 3752 1272 3807 de
1309 3750 1620 3822 virginibus
1648 3749 1932 3820 prudenti-

358 3846 482 3900 bus.
532 3844 817 3902 Manifeste
860 3847 1003 3900 enim
1037 3844 1110 3899 ibi
1155 3843 1410 3909 fatuitati,
1443 3844 1559 3898 sive
1599 3842 1929 3911 improbitati

361 3940 412 4006 (a
458 3953 562 4008 qua
644 3939 781 3996 fatui
851 3952 961 3993 suae
999 3937 1277 4007 qualitatis
1310 3934 1799 3991 denominationem
1832 3934 1927 3987 ba-

360 4035 508 4095 lient,
530 4043 583 4087 et
605 4030 767 4085 fatua:
785 4033 911 4085 item
935 4030 1192 4100 virgines)
1211 4039 1463 4097 tanquam
1483 4025 1754 4081 contraria
1775 4040 1932 4078 usur-

358 4134 518 4192 patur
543 4125 852 4194 prudentia,
888 4138 916 4177 a
946 4138 1049 4193 qua
1074 4138 1183 4177 sua:
1211 4120 1491 4191 qualitatis
1537 4132 1731 4172 nomen
1785 4116 1930 4171 acci—

359 4216 514 4285 piunt
542 4215 831 4285 prudentes
869 4216 1005 4279 viri,
1035 4223 1089 4268 et
1139 4213 1436 4282 prudentes
1461 4209 1722 4278 virgines.
1767 4206 1923 4274 Quod

357 4307 402 4361 si
428 4308 623 4363 stultus
645 4308 820 4362 malus
848 4317 952 4372 est,
982 4304 1361 4362 etcontrarius
1393 4301 1520 4357 huic
1537 4311 1617 4355 est
1647 4300 1882 4369 prudens
1909 4316 1923 4365 ;

2041 1821 2073 1870 ὀ
2100 1821 2314 1886 Κύριος
2344 1820 2450 1873 τὸν
2467 1823 2784 1891 οἰκονόμον
2802 1822 2912 1891 τῆς
2934 1824 3187 1890 ἀδικίας,
3210 1824 3297 1877 ὅτι
3320 1825 3619 1894 φρονίμως

2038 1912 2307 1980 ἐποίησε·
2334 1914 2578 1967 τουτέστι
2608 1915 2949 1987 κακούργως,
2979 1916 3373 1987 κακεντρεχῶς.
3402 1917 3512 1970 Καὶ
3530 1917 3622 1971 τά·

2040 2023 2106 2075 χα
2138 2004 2218 2069 τὸ,
2240 2006 2585 2072 ἐπαινέσας,
2612 2008 2671 2059 οὑ
2698 2008 2838 2060 κατὰ
2868 2008 2958 2061 τὸν
2982 2009 3183 2081 κυρίως
3210 2009 3449 2072 ἔπαινον,
3481 2008 3621 2064 ἀλλὰ

2038 2099 2632 2170 καταχρηστικωτέρως
2668 2099 2905 2167 λέγεται,
2942 2101 3076 2153 καθὸ
3118 2100 3346 2172 λέγομεν
3378 2103 3621 2154 ἐπαινεῖ-

2038 2188 2160 2242 σθαί
2210 2207 2332 2243 τινα
2366 2191 2460 2244 καὶ
2500 2193 2592 2244 ἐπὶ
2643 2192 2828 2262 μέσοις
2876 2194 2969 2245 καὶ
3020 2193 3294 2264 διαφόροις
3329 2193 3619 2264 πράγμασι

2042 2283 2220 2351 μέσων
2246 2283 2468 2353 τεχνῶν,
2511 2285 2606 2337 καὶ
2637 2280 2747 2338 οἷον
2783 2287 2831 2337 εί
2878 2284 3244 2354 Θαυμάζοντες
3294 2286 3393 2349 τὰς
3432 2289 3620 2359 ἐντρε-

2037 2374 2210 2444 χείας,
2249 2373 2348 2437 τὰς
2369 2375 2723 2445 ὲμφωνούσας
2744 2378 2760 2399 ’
2789 2376 2848 2429 τὸ
2880 2377 2979 2446 τῆς
3010 2376 3248 2440 διανοίας
3286 2378 3379 2443 ὀξὺ
3407 2378 3499 2431 καὶ
3522 2379 3615 2432 εὐ-

2038 2464 2275 2533 κίνητον·
2326 2466 2419 2517 καὶ
2464 2464 2543 2517 τό·
2600 2467 2853 2520 Γίνεσθε
2890 2468 3162 2537 φρόνιμοι
3210 2470 3289 2534 ὡς
3324 2473 3376 2522 οἱ
3426 2470 3614 2538 ὄφεις·

2036 2557 2199 2608 οἱονεὶ
2230 2556 2303 2628 μὴ
2320 2558 2658 2629 ἀνιστόρητοι
2679 2559 2786 2613 τῶν
2802 2560 2895 2613 τοῦ
2924 2560 3099 2629 ὄφεως
3118 2579 3286 2614 πανου
3297 2579 3397 2633 ργη
3406 2562 3615 2632 μάτων.

2035 2645 2207 2717 Χρεία
2230 2647 2338 2719 γὰρ
2364 2648 2491 2720 ὑμῖν
2535 2649 2649 2713 τοῦ,
2681 2649 2755 2712 ὡς
2776 2651 2804 2702 6
2848 2650 3167 2715 Ἀπόστολος
3192 2650 3462 2722 ὠνόμασε,
3494 2652 3616 2707 διω-

2036 2737 2491 2808 κειμένουςλέγει
2524 2740 2657 2823 (93)"
2693 2740 2815 2794 Ἵνα
2836 2740 2923 2811 μὴ
2955 2744 3481 2813 πλεονεκτηθῶμεν
3493 2741 3613 2799 ὑπὸ

2034 2826 2140 2879 τοῦ
2172 2825 2427 2881 Σατανᾶ·
2482 2827 2555 2881 οὐ
2570 2826 2679 2898 γὰρ
2691 2827 2877 2882 αὐτοῦ
2892 2825 2964 2880 τὰ
2976 2826 3241 2896 νοήματα
3258 2830 3612 2901 ἀγνοοῦμεν.

2038 2918 2148 2988 Τὴν
2173 2916 2303 2985 γοῦν
2335 2916 2408 2988 μὴ
2432 2912 2596 2971 οὖσαν
2628 2916 2931 2988 φρονοῦσαν
2962 2919 3036 2981 ὡς
3062 2919 3151 2970 τὸν
3182 2919 3303 2986 ὅφιν
3330 2915 3617 2984 ἠπάτησεν

2038 3012 2094 3062 ὲν
2118 3012 2183 3081 τῇ
2208 3008 2511 3079 πανουργίᾳ
2534 3008 2721 3061 αὐτοῦ.
2756 3008 2865 3062 Καί
2890 3011 2943 3061 οί
2969 3008 3085 3061 υίοί
3116 3008 3221 3061 τοῦ
3250 3007 3460 3071 αἰῶνος
3480 3008 3619 3059 τού-

2034 3119 2139 3155 του
2165 3103 2224 3154 οὐ
2256 3100 2574 3173 σοφώτεροι,
2600 3100 2734 3153 ἀλλὰ
2757 3100 3173 3169 φρονιμώτεροι
3200 3100 3319 3154 τῶν
3338 3099 3483 3154 υἱῶν
3507 3097 3617 3152 τοῦ

2031 3193 2224 3260 φωτός
2252 3195 2427 3245 εὶσιν·
2470 3192 2562 3245 καὶ
2591 3191 2709 3244 οὐδὲ
2740 3190 2897 3244 τοῦτο
2929 3190 3113 3254 ἁπλῶς
3144 3192 3237 3245 καὶ
3274 3190 3618 3262 ἀπολελυμέ-

2033 3302 2169 3348 νως,
2202 3283 2314 3336 ἀλλ’
2339 3286 2426 3349 είς
2456 3284 2572 3352 τὴν
2602 3282 2830 3337 ἑαυτῶν
2864 3282 3098 3352 γενεάν.

2104 3377 2175 3447 Ση
2185 3376 2432 3447 μαίνεται
2447 3376 2503 3428 δὲ
2523 3376 2616 3429 καὶ
2629 3375 2755 3430 ἄλλο
2781 3393 2835 3428 τι
2854 3377 2918 3428 ὲκ
2945 3375 3047 3445 τῆς
3070 3377 3384 3448 φρονήσεως
3401 3374 3607 3445 φωνῆς’

2043 3470 2096 3520 '0
2116 3468 2258 3533 Θεὸς
2285 3467 2412 3539 γὰρ,
2450 3468 2604 3538 φησὶ,
2635 3466 2709 3535 τῇ
2738 3468 2927 3536 σοφίᾳ
2957 3467 3313 3536 ὲθεμελὶωσε
3334 3467 3448 3535 τὴν
3473 3466 3612 3537 γῆν,

2030 3560 2320 3627 ἡτοίμασε
2339 3558 2407 3611 δὲ
2427 3558 2722 3626 οὐρανοὺς
2738 3560 2807 3613 ἐν
2831 3558 3137 3628 φρονήσει·
3166 3561 3231 3630 τῇ
3257 3560 3445 3631 ἀρετῇ,
3464 3561 3528 3612 οὐ
3542 3560 3609 3631 τῇ

2030 3649 2435 3721 κακεντρεχείᾳ.
2468 3634 2589 3703 Οἶδε
2621 3650 2677 3703 δὲ
2707 3651 2886 3705 καὶτὸ
2908 3651 3238 3719 Εὐαγγέλιω
3267 3651 3328 3704 τὸ
3353 3649 3614 3723 σημαινό-

2034 3759 2189 3812 μενον
2216 3742 2373 3795 τοῦτο
2410 3743 2467 3794 ὲν
2498 3745 2562 3813 τῇ
2594 3744 2720 3814 περὶ
2756 3743 2863 3797 τῶν
2889 3742 3165 3814 φρονίμων
3196 3744 3478 3815 παρθένων
3506 3760 3612 3798 ἰια⁹

2035 3832 2253 3903 ραὸολῇ.
2307 3832 2501 3900 Σαφῶς
2527 3831 2636 3903 γὰρ
2669 3831 2855 3886 ἐνθάδε
2909 3834 2975 3903 τῇ
3013 3831 3194 3903 μωρίᾳ
3238 3830 3373 3904 οὔσῃ
3418 3830 3609 3901 κακία,

2031 3925 2122 3992 ἀφ’
2149 3921 2217 3996 ἧς
2253 3925 2397 3976 ποιοὶ
2427 3926 2474 3976 οἱ
2522 3924 2694 3994 μωροὶ
2727 3922 2998 3991 λέγονται,
3042 3924 3135 3975 καὶ
3170 3924 3225 3976 αἱ
3263 3925 3443 3994 μωραὶ
3469 3940 3613 3994 παρ-

2030 4024 2191 4086 Θένοι,
2227 4024 2300 4087 ὡς
2346 4022 2564 4076 ἐναντία
2607 4021 3088 4092 παραλαμδάνεται
3133 4023 3167 4091 ἡ
3210 4020 3487 4092 φρόνησις,
3520 4021 3613 4090 ἀφ’

2027 4114 2094 4190 ἧς
2123 4118 2624 4188 ποιοὶοίφρόνιμοι,
2661 4115 2755 4168 καὶ
2782 4116 2836 4167 αἱ
2868 4115 3116 4185 φρόνιμοι
3163 4112 3438 4185 παρθένοι.
3472 4114 3532 4165 Et
3553 4112 3612 4167 δὲ

2028 4211 2055 4261 6
2093 4210 2271 4280 μωρὸς
2294 4209 2514 4279 φαῦλος,
2550 4208 2641 4261 καὶ
2667 4206 2904 4269 ἐναντίος
2924 4205 3096 4277 τούτῳ
3129 4208 3157 4259 6
3187 4205 3464 4276 φρόνιμος,
3487 4206 3607 4277 ἦτοι

2029 4302 2229 4371 φαῦλος
2244 4301 2396 4354 ἔσται
2422 4303 2450 4353 6
2468 4300 2746 4372 φρόνιμος,
2788 4299 2820 4370 ἢ
2851 4298 3155 4361 σπουδαῖος
3183 4298 3242 4349 οὐ
3266 4296 3485 4349 δύναται
3502 4296 3611 4365 γὰρ

356 4402 461 4456 erit
504 4403 738 4471 prudens
768 4400 882 4454 sive
922 4399 1095 4454 malus
1127 4398 1246 4454 sive
1294 4396 1468 4450 bonus
1509 4411 1525 4449 :
1565 4392 1753 4462 nequit
1783 4391 1924 4444 enim

2042 4391 2381 4463 εἷναιφαῦλον
2397 4390 2681 4459 ἀδιάφορον
2698 4390 2957 4445 ἐναντίον.
2993 4390 3105 4442 Οὐκ
3132 4388 3245 4441 ἐστι
3276 4387 3330 4439 δὲ
3357 4385 3558 4455 φαῦλος
3584 4387 3614 4439 6

356 4506 477 4547 esse
494 4492 638 4561 quod
664 4491 862 4545 malum
885 4499 989 4556 est,
1016 4487 1329 4542 indin'ereus
1348 4483 1671 4554 oppositum.
1704 4481 1818 4535 Non
1843 4489 1927 4535 est

354 4592 535 4639 autem
556 4582 747 4649 malus,
769 4584 1003 4653 prudens
1037 4580 1198 4636 stulto
1227 4577 1510 4648 oppositus
1536 4591 1549 4627 :
1584 4590 1757 4644 neque
1777 4573 1923 4629 enim

272 4714 286 4725 .
357 4690 474 4742 quae
499 4691 563 4731 ex
608 4666 891 4744 prudentia
928 4673 1303 4744 qualificantur
1326 4670 1621 4741 prudentes
1664 4666 1920 4735 virgines,

358 4768 563 4838 ingredi
594 4767 894 4837 potuissent
942 4782 1066 4820 cum
1111 4779 1310 4835 sponso
1342 4763 1410 4816 ad
1466 4762 1718 4830 nuptias;
1758 4765 1925 4813 restat

355 4860 521 4929 igitur
550 4860 834 4914 honestum
867 4860 993 4929 quid
1018 4872 1137 4912 esse
1159 4855 1520 4926 prudentiam,
1555 4855 1923 4920 honestosque

355 4953 665 5020 prudentes.
699 4952 793 5006 Est
831 4966 962 5020 ergo
1000 4950 1294 5005 secundum
1336 4951 1454 5006 haec
1481 4950 1659 5003 virtus
1688 4944 1924 5014 pruden-

356 5046 450 5108 tia,
487 5053 541 5099 et
602 5044 744 5099 tales
786 5044 1135 5098 nominantur
1165 5044 1459 5114 prudentes
1508 5040 1923 5110 participatione

353 5136 670 5205 prudentiae,
708 5136 761 5190 iu
790 5151 895 5206 qua
930 5136 1098 5192 oculos
1131 5140 1450 5206 preparavit
1477 5135 1756 5189 Dominus.

389 5228 455 5284 Υ.
485 5228 540 5283 5.
568 5228 916 5301 Cogitareque
943 5229 1233 5299 justitiam,
1265 5238 1314 5283 et
1343 5228 1606 5299 judicium
1634 5216 1879 5296 dirigere.

420 5388 574 5444 Alius
605 5405 733 5445 vero
754 5390 885 5445 dicit
909 5409 922 5443 :
944 5390 1052 5445 Hoc
1082 5404 1186 5445 non
1220 5389 1400 5458 inepte
1434 5385 1653 5457 quidam
1702 5382 1919 5438 intelle-

418 5526 467 5561 ”
495 5523 633 5585 Gen.
662 5543 744 5594 ιιι,
771 5529 821 5581 1.
901 5528 942 5557 ²¹
981 5526 1111 5585 Luc.
1157 5544 1271 5596 xw,
1306 5526 1358 5582 8.
1438 5527 1481 5559 ²²
1506 5524 1693 5580 Matth.
1726 5539 1780 5591 x,
1807 5498 1892 5577 1.6.

2042 5518 2082 5573 ll
2106 5521 2231 5575 Cor.
2268 5539 2326 5592 ιι,
2363 5523 2445 5579 Η.

424 5688 533 5766 (93)
564 5691 725 5750 Forte
756 5691 954 5760 λέγειν.

2029 4485 2106 4557 τῷ
2134 4485 2299 4556 μωρῷ
2322 4484 2559 4547 ἐναντίος
2579 4483 2858 4554 φρόνιμος·
2884 4481 2983 4534 οὐκ
3014 4480 3078 4533 ἂν
3107 4479 3213 4549 γὰρ
3236 4479 3291 4530 αί
3319 4479 3457 4531 κατὰ
3480 4478 3613 4549 φρό-

2031 4595 2181 4649 νησιν
2210 4576 2581 4647 πεποιωμέναι
2606 4576 2856 4645 φρόνιμοι
2891 4571 3146 4643 παρθένοι
3172 4569 3416 4641 εἰσῆλθον
3468 4569 3612 4639 μετὰ

2030 4668 2123 4722 τοῦ
2154 4668 2387 4739 νυμφίου
2407 4669 2486 4730 είς
2509 4668 2634 4729 τοὺς
2664 4665 2888 4735 γάμους.
2914 4664 3171 4717 Λείπεται
3195 4661 3370 4715 τοίνυν
3397 4661 3612 4715 ἀστεῖον

2032 4758 2167 4815 εἶναι
2212 4761 2307 4833 τὴν
2355 4760 2634 4831 φρόνησιν,
2690 4758 2784 4811 καὶ
2833 4754 3085 4816 ἀστείους
3120 4755 3244 4817 τοὺς
3291 4752 3608 4824 φρονίμους.

2043 4856 2234 4926 Ἀρετὴ
2286 4855 2393 4926 ἄρα
2422 4852 2563 4906 κατὰ
2610 4851 2779 4904 ταῦτα
2832 4852 2866 4921 ἡ
2913 4850 3191 4921 φρόνησις,
3235 4850 3327 4901 καὶ
3373 4847 3515 4901 ποιοὶ
3557 4848 3612 4901 οἱ

2031 4948 2280 5018 φρόνιμοι
2317 4948 2513 5016 μετοχῇ
2541 4945 2874 5016 φρονήσεως,
2899 4945 2956 4996 ὲν
3039 4943 3162 5005 τοὺς
3182 4942 3441 5013 οὐρανοὺς
3464 4940 3614 5013 ἡτοί-

2032 5054 2200 5107 μασεν
2220 5038 2247 5087 6
2274 5034 2495 5106 Κύριος.

2030 5217 2140 5289 (94)
2177 5217 2322 5287 Στίχ,
2361 5223 2428 5285 γ’,
2485 5216 2719 5284 Νοῆσαί
2764 5233 2827 5269 τε
2856 5215 3275 5289 δικαιοσύνην,
3308 5213 3404 5267 καί
3428 5221 3608 5285 κρῖμα

2617 5288 3016 5341 κατευθύνειν.

2106 5382 2293 5447 Ἄλλος
2324 5382 2381 5436 δέ
2416 5397 2564 5451 φησι·
2602 5379 2770 5433 Τοῦτο
2799 5380 2897 5432 οὐκ
2930 5378 3118 5449 ἀφυῶς
3144 5396 3286 5442 τινες
3313 5375 3594 5447 ὲξειλήφα-

2630 5519 2676 5550 ’⁸
2707 5518 2840 5574 Luc.
2879 5534 2991 5585 xw,
3024 5520 3076 5575 8.
3189 5519 3235 5550 "
3266 5515 3381 5573 Jer.
3418 5538 3479 5579 κ.
3510 5522 3585 5574 1‘2.

2101 5677 2213 5751 (94)
2238 5679 2367 5745 Quae
2406 5686 2724 5748 sequuntur,
2765 5687 2888 5734 sunt
2916 5681 3097 5737 omnia
3125 5694 3188 5735 ex
3226 5678 3343 5734 cod.
3372 5690 3490 5737 ut.
