3878 6212
152 290 251 348 155

1303 290 1562 346 FRAGM.
1599 287 1666 344 IN
1699 285 2114 346 PBOVERDSA.

3292 301 3393 356 15$

153 430 226 466 σιν
250 409 464 463 ἐπὶτῶν
480 407 801 480 ὑπερϐατῶν
824 409 915 462 καὶ
939 409 1309 479 ἁναστροφῶν.
1341 407 1707 480 Στρεφομένου

1821 417 2016 461 xerunt
2060 422 2180 461 cum
2238 409 2556 478 hyperbatis
2590 420 2645 466 et
2697 411 3114 471 inversionibus.
3168 415 3392 474 lnverso

147 505 246 574 γὰρ
274 501 361 556 τοῦ
395 501 552 570 λόγου
587 501 727 555 κατὰ
775 502 872 573 τὴν
915 501 1087 567 τάξιν,
1113 503 1206 555 καὶ
1235 499 1514 564 δοκοῦντος
1535 498 1714 553 διακὸ-

149 595 366 649 πτεσθαι
403 593 496 648 τοῦ
543 595 831 666 εἰρημένου
862 594 970 647 ἀπό
1010 611 1153 656 τινος
1181 594 1270 648 διὰ
1306 593 1468 664 μέσου
1497 591 1718 661 λεγομέ-

146 703 250 749 νου,
278 688 487 754 γίνεται
505 685 567 738 τὸ
601 684 902 756 ὑπερϐατὸν
931 687 1024 738 καὶ
1046 687 1372 756 καλούμενον
1396 684 1600 758 στροφὴ
1625 682 1713 734 λό-

145 795 253 846 γον.
291 778 459 831 Πάλιν
497 795 554 830 τε
592 773 680 842 αὖ,
716 777 1174 848 ἐναλλαττομένης
1202 777 1300 846 τῆς
1327 775 1522 840 λέξεως
1559 776 1617 828 ἐν
1649 777 1712 845 τῇ

145 870 654 942 προσαγορευομένῃ
685 872 1018 942 ἀναστροφῇ,
1053 869 1213 923 οἱονεὶ
1248 869 1450 939 στροφὴ
1482 869 1596 920 ἐστι
1619 866 1713 920 τοῦ

143 961 312 1030 λόγου.
348 955 472 1014 υἷον
497 961 572 1024 ὡς
607 961 700 1014 ἐπὶ
735 960 1189 1032 παραδείγματος
1219 961 1246 1012 ὁ
1278 957 1565 1029 ψαλμῳδός
1607 973 1710 1026 φη-

143 1070 239 1106 σιν·
273 1054 392 1106 Ὀτι
426 1053 707 1121 ἐσίτησα,
737 1049 1074 1121 ὲπαλαιὼθη
1107 1052 1180 1105 τὰ
1212 1048 1361 1106 ὀστᾶ
1382 1069 1521 1121 μου.
1560 1051 1713 1104 Ἀνα-

144 1145 372 1215 στρὲψας
407 1143 516 1216 γὰρ
563 1145 680 1214 ἐρεῖ
704 1142 892 1206 οὕτως’
947 1144 1068 1196 Ὅτι
1097 1142 1216 1197 ἀπὸ
1245 1141 1350 1196 τοῦ
1379 1139 1608 1210 κράζειν
1634 1159 1712 1212 με

139 1235 280 1303 πρὸς
304 1235 380 1288 σὲ
413 1235 566 1302 ὅλην
595 1235 708 1303 τὴν
729 1234 958 1303 ἡμέραν
975 1236 1252 1305 ἐσίγησα,
1283 1233 1618 1303 ἐπαλαιώθη
1640 1235 1712 1290 τὰ

139 1325 282 1381 ὀστᾶ
308 1344 450 1396 μων
483 1327 568 1379 ἵνα
601 1326 842 1400 σημαίνῃ
855 1327 1028 1380 τοῦτο·
1075 1325 1288 1396 Ἐπειδὴ
1314 1325 1421 1380 ἀπὸ
1446 1326 1542 1396 τῆς
1574 1326 1709 1398 πρὸς

140 1421 193 1473 σὲ
226 1420 471 1491 κραυγῆς
487 1421 582 1473 καὶ
609 1421 844 1491 δεήσεως
871 1419 964 1472 καὶ
982 1418 1238 1482 αἰνέσεως
1262 1417 1708 1489 ἐπαυσάμην,διὰ

137 1511 287 1564 τοῦτο
315 1511 586 1582 ἐξηράνθη
621 1510 690 1563 τὰ
710 1513 842 1564 ὀστᾶ
863 1529 984 1580 μου.

205 1602 314 1672 (95)
368 1601 478 1654 Τοῦ
519 1601 726 1654 αὑτοῦ.
772 1602 1003 1653 Δύναται
1045 1601 1101 1654 δὲ
1145 1598 1349 1671 ἀληθὴς
1396 1599 1706 1671 δικαιοσύνη

135 1695 265 1766 πρὸς
291 1693 698 1764 ἁντιδιαστολὴν
743 1691 996 1760 λέγεσθαι
1028 1692 1129 1761 τῆς
1156 1691 1705 1762 εἰκονικῆς.,Αὺτοδι-

1819 500 1962 553 enim
1993 515 2243 555 sermone
2269 503 2559 556 secundum
2587 517 2778 559 vocum
2799 505 3230 574 dispositionem,
3259 512 3386 565 dum

1819 591 2034 643 videtur
2064 591 2316 646 intercidi
2348 593 2489 662 quod
2537 594 2736 648 dicitur
2763 596 2830 649 ab
2858 597 2966 650 alio
3003 599 3148 666 quod
3189 600 3240 652 in
3275 617 3388 654 nte-

1821 684 1913 737 dio
1937 685 2157 751 dicitur,
2191 686 2250 740 iit
2278 687 2633 758 hyperbaton,
2665 705 2756 744 seu
2803 695 3159 762 transgressio
3181 710 3388 751 sermo-

1818 769 1921 832 nis,
1953 772 2173 840 etquod
2212 785 2437 828 vocatur
2464 777 2728 831 orationis
2769 780 2966 833 versio.
3002 781 3234 837 Rursum
3263 800 3386 838 vero

1817 857 2098 913 immutato
2131 876 2320 916 vocum
2361 874 2548 918 tenore
2585 867 2640 920 in
2679 883 2740 920 ea
2773 883 2890 936 quae
2932 882 3276 938 nuncupatur
3299 875 3382 927 in—

1816 953 2010 1015 versio,
2043 953 2099 1006 lit
2151 955 2554 1022 quodammodo
2589 957 2858 1013 orationis
2895 961 3093 1016 versio.
3128 962 3281 1030 Puta,
3328 976 3385 1018 ut

1815 1044 2075 1114 exemplis
2105 1055 2321 1102 utamur
2348 1065 2366 1102 :
2390 1048 2677 1105 Psalmista
2717 1053 2887 1108 dicit:
2917 1054 3177 1120 Quoniam
3221 1061 3382 1124 tacui,

1817 1135 2226 1192 inveteraverunt
2275 1157 2393 1194 ossa
2449 1158 2565 1196 mea
2598 1143 2663 1199 ".
2699 1144 3020 1200 lnverlendo
3062 1149 3140 1202 sic
3187 1149 3329 1204 dicet
3365 1167 3380 1206 :

1817 1223 2077 1290 Quoniam
2117 1245 2147 1280 a
2181 1228 2456 1285 clamando
2497 1249 2576 1286 me
2624 1236 2692 1287 ad
2737 1245 2785 1288 le
2835 1246 2990 1289 totum
3025 1239 3162 1292 diem
3210 1242 3382 1307 lacui',

1815 1317 2226 1374 inveteraverunt
2263 1337 2381 1374 ossa
2415 1339 2529 1376 mea
2561 1341 2578 1388 ,'
2614 1340 2721 1394 quo
2751 1327 3058 1397 signiticet:
3092 1330 3227 1395 Quia
3267 1347 3385 1387 ces-

1812 1411 1928 1464 savi
1960 1427 1988 1462 a
2018 1411 2272 1477 clamore,
2306 1421 2359 1467 et
2391 1417 2793 1484 supplicatione
2824 1429 2879 1474 et
2922 1420 3077 1475 laude
3113 1431 3224 1488 tua,
3254 1439 3383 1492 prn-

1809 1513 1992 1571 pterea
2018 1504 2251 1558 arefacta
2298 1517 2422 1560 sunt
2460 1523 2582 1561 ossa
2621 1525 2757 1563 mea.

1881 1592 2154 1658 Ejusdem.
2191 1597 2373 1654 Potest
2395 1611 2570 1654 autem
2596 1603 2938 1671 verajustitia
2964 1606 3066 1662 dici
3099 1608 3162 1661 ad
3196 1609 3386 1663 distin-

1809 1689 2042 1742 ctionem
2097 1689 2450 1760 imaginariae.
2504 1693 2758 1749 Christus
2805 1712 3039 1766 namque
3084 1708 3164 1752 est
3200 1714 3384 1754 essen-

136 1763 392 1859 καιοσύνη
420 1787 517 1857 μὲν
548 1763 663 1856 γὰρ
682 1786 710 1837 ὁ
748 1785 998 1856 Χριστόςο
1039 1783 1249 1855 μεθέξει
1281 1784 1337 1838 δὲ
1364 1783 1565 1855 ταύτης
1593 1785 1628 1854 ἡ
1649 1783 1705 1836 ἐν

1817 1781 1955 1836 tialis
1995 1782 2240 1850 justitia;
2278 1785 2628 1855 participabit
2688 1797 2865 1842 autem
2918 1763 3076 1860 hujus
3115 1805 3177 1844 ea
3206 1831 3220 1855 ,
3263 1808 3384 1861 quae

134 1879 344 1948 ἑκάστῳ
377 1877 483 1931 τῶν
511 1877 732 1930 δικαίων
771 1875 932 1928 εικὼν
959 1872 1112 1942 οὖσα,
1142 1875 1236 1930 καὶ
1266 1873 1544 1947 ἀφοροῦσα
1572 1874 1707 1945 πρὸς

135 1972 482 2043 παράδειγμα
528 1971 624 2023 τὸν
649 1970 902 2042 Χριστὸν,
953 1970 1088 2041 πρὸς
1132 1968 1190 2022 ὃν
1233 1970 1343 2040 (96)
1399 1971 1706 2042 γεγράφθαι

130 2065 333 2134 νομίζω
363 2065 442 2128 τὸ,
463 2066 696 2129 Δίκαιος
711 2065 923 2131 Κύριος
938 2063 1034 2116 και
1067 2061 1452 2130 δικαιοσύνας
1477 2064 1709 2133 ἠγάπη-

130 2171 258 2209 σεν.
307 2155 760 2208 Ἀντιδιέσταλται
797 2155 853 2208 δὲ
891 2155 987 2208 καὶ
1013 2158 1079 2226 τῇ
1109 2153 1404 2226 συμϐολικῇ
1429 2155 1705 2208 δικαιοσύ-

130 2264 212 2320 νῃ·
247 2247 421 2301 πολλὰ
445 2249 553 2319 γὰρ
585 2250 643 2300 ὲν
676 2247 752 2318 τῷ
777 2247 926 2318 νόμῳ
951 2248 1049 2318 τῆς
1067 2247 1320 2318 ἀληθείας
1345 2247 1413 2300 τὰ
1444 2248 1702 2319 σύμϐολα·

129 2337 262 2391 ἀλλὰ
301 2340 395 2392 καὶ
437 2342 502 2410 τῇ
536 2339 721 2409 ψευδεί
747 2337 1077 2412 δικαιοσύνῃ.
1115 2339 1272 2392 Κατὰ
1305 2339 1360 2392 δὲ
1390 2339 1450 2392 τὸ
1489 2339 1707 2411 Ἐϐραῖ-

127 2431 219 2482 κὸν
243 2432 338 2483 καὶ
379 2432 504 2494 τοὺς
529 2431 746 2494 λοιποὺς
769 2432 832 2484 οὐ
850 2429 1170 2500 πρόσκειται
1193 2431 1254 2484 τὸ
1275 2430 1494 2499 ἀληθῆ,
1517 2431 1593 2496 ὡς
1607 2433 1707 2503 τῆς

125 2520 470 2594 δικαιοσύνης
494 2524 556 2575 οὺ
583 2523 876 2594 δεχομένης
909 2520 1332 2594 ἀντιδιαστολήν.

196 2616 335 2687 Τρία
362 2617 416 2669 δὲ
439 2619 700 2688 κριτήρια
730 2619 786 2669 ἐν
814 2619 965 2687 ἡμῖν·
992 2615 1253 2687 Αἴσθησις
1272 2615 1380 2669 τῶν
1410 2616 1700 2688 αἰσθητῶν·

124 2705 276 2774 λόγος
303 2709 414 2762 τῶν
453 2708 779 2778 λεγομένωνο
809 2709 903 2762 καὶ
933 2708 1055 2772 νοῦς
1087 2708 1197 2762 τῶν
1235 2707 1456 2779 νοητῶν.
1499 2710 1704 2762 Κατευ-

124 2796 266 2850 θύνει
286 2798 346 2850 δέ
370 2815 454 2861 τις
483 2802 677 2869 κρῖμα,
699 2799 792 2852 καὶ
825 2799 974 2862 θείας
1005 2800 1226 2871 χάριτος
1244 2800 1348 2872 πρό
1386 2818 1448 2869 γε
1479 2800 1586 2853 τῶν
1614 2800 1706 2854 ἄλ-

123 2887 227 2939 λων
252 2887 458 2958 τυχών.
479 2891 644 2955 Παρὰ
660 2888 805 2942 Θεοῦ
829 2888 938 2961 γὰρ
964 2891 1270 2944 εὐθύνεται
1286 2890 1358 2943 τὰ
1377 2889 1706 2960 διαδήματα

123 2975 199 3040 τῷ
242 2977 442 3044 ἀνδρί.
489 2977 643 3030 Ἐπεὶ
669 2977 882 3048 θνητὸς,
912 2978 1030 3043 πῶς
1071 2978 1136 3032 ἂν
1161 2980 1468 3052 νοήσαιτὰς
1509 2981 1703 3034 ἑαυτοῦ

121 3068 304 3134 ὁδούς;
334 3071 401 3122 Οἱ
437 3070 492 3122 δὲ
515 3069 708 3134 λοιποὶ,
735 3072 935 3138 κρίσιν
967 3072 1063 3126 καὶ
1097 3073 1390 3140 εὐθύτητα
1413 3072 1701 3139 ἐξέδωκαν,

121 3160 334 3224 οὐδενὸς
361 3161 587 3232 ἀκρίτου
615 3161 826 3232 ἔχοντος
851 3163 1053 3235 κρίσιν,
1088 3165 1208 3218 οὐδὲ
1243 3166 1457 3219 σκολιοῦ
1484 3167 1706 3239 εὐθύτη-

121 3272 238 3318 τας.
270 3255 388 3308 Καὶ
422 3255 562 3324 τάχα
590 3255 647 3306 αἱ
684 3257 875 3326 ἀρεταὶ
907 3255 1198 3327 εὐθύτητές
1225 3259 1381 3322 εἰσιν,
1408 3259 1483 3323 ὼς
1514 3261 1570 3312 αἱ
1600 3278 1703 3313 κα-

123 3348 234 3401 κίαι
261 3348 634 3417 σκολιότητες.

295 3529 448 3599 Στίχ.
478 3529 540 3582 δ’.
579 3530 706 3583 Ἵνα
729 3529 812 3596 δῷ
848 3528 1095 3596 ἀκάκοις
1130 3532 1519 3602 πανουργίαν.

202 3624 260 3677 Ὁ
282 3622 497 3692 ἀγνοῶν
517 3623 847 3692 κακοηθείας
880 3625 1000 3686 ταῖς
1027 3625 1384 3696 πανουργίαις
1413 3627 1702 3680 ὑποπίπτει

126 3714 230 3770 τῶν
277 3714 590 3786 κακοήθων,
639 3715 800 3777 αὐτὸς
854 3715 1054 3786 εὐήθης
1104 3716 1384 3787 ὑπάρχων.
1431 3718 1520 3781 Ὠς
1577 3720 1705 3789 περὶ

125 3806 322 3876 ψεκτυῦ
361 3806 496 3875 γοῦν
526 3806 621 3860 τοῦ
661 3807 832 3860 κακοῦ
863 3807 1102 3875 λέγεται·
1153 3809 1398 3876 Ἄκακος
1439 3812 1705 3866 πιστεύει

125 3900 301 3953 παντὶ
334 3900 516 3969 λόγῳο
545 3900 736 3970 διόπερ
767 3901 1032 3971 ἐπήγαγε·
1074 3901 1417 3970 Πανοῦργος
1443 3900 1510 3954 δὲ
1535 3904 1703 3972 ἔρχε-

123 4009 216 4047 ται
239 3995 328 4060 εις
347 3993 692 4063 μετάνοιαν·
730 3994 971 4047 τουτέστι
999 3995 1126 4065 περὶ
1170 3987 1245 4046 ὧν
1269 3995 1551 4048 ἐπίστευσε
1575 4013 1708 4066 προ-

1811 1875 1991 1943 imago
2023 1875 2244 1930 cuilibet
2269 1876 2540 1945 justorum
2570 1878 2734 1943 inest,
2766 1890 2820 1934 et
2849 1883 3073 1951 respicit
3109 1883 3381 1937 Christum

1811 1975 2067 2036 tanquam
2092 1967 2386 2036 exemplar,
2417 1970 2482 2024 de
2507 1986 2609 2039 qua
2636 1971 2764 2026 illud
2789 1972 3048 2042 scriptum
3085 1974 3249 2028 fuisse
3281 1991 3382 2045 pu-

1810 2064 1867 2108 to
1895 2074 1906 2105 :
1937 2054 2126 2110 Justus
2152 2057 2433 2125 Dominus,
2466 2071 2511 2113 et
2537 2060 2780 2129 justitias
2830 2063 3014 2116 dilexit
3042 2064 3108 2118 '7.
3151 2065 3378 2120 Contra-

1807 2147 2156 2219 distinguitur
2183 2151 2345 2205 etiam
2382 2167 2411 2206 a
2453 2154 2748 2222 symbolica
2775 2154 3018 2222 justitia;
3047 2158 3213 2212 multa
3237 2161 3381 2214 enim

1806 2251 1962 2293 erant
1993 2242 2046 2296 in
2089 2241 2205 2312 lege
2238 2244 2480 2298 veritatis
2505 2247 2784 2315 symbola;
2833 2248 2960 2316 quin
2992 2260 3046 2303 et
3076 2265 3106 2302 a
3150 2249 3280 2305 falsa
3305 2250 3386 2318 ju-

1806 2329 1974 2384 stitia.
2025 2329 2184 2385 Juxta
2223 2342 2400 2387 tamen
2435 2333 2758 2389 Hebraicum
2809 2347 2863 2390 et
2909 2337 3044 2392 alios
3076 2354 3181 2392 non
3231 2339 3384 2394 adest

1806 2421 1936 2478 illud
1986 2439 2184 2488 veram,
2232 2426 2429 2496 quippe
2469 2443 2574 2480 non
2629 2429 2958 2500 suscipiente
2997 2432 3384 2486 contradictio-

1805 2531 1925 2570 nem
1943 2515 2172 2583 justitia.

1876 2609 2094 2679 Triplex
2125 2620 2208 2665 est
2243 2609 2292 2664 in
2343 2610 2498 2666 nobis
2539 2610 2823 2680 iudicandi
2873 2611 3100 2668 facultas
3137 2630 3152 2667 :
3193 2616 3384 2671 sensus

1807 2718 1904 2771 pro
1955 2703 2338 2768 sensibilibus;
2373 2705 2515 2758 ratio
2556 2719 2655 2774 pro
2714 2705 2780 2759 iis
2828 2720 2947 2774 qua:
3001 2707 3282 2772 dicuntur;
3329 2719 3385 2763 et

1809 2811 1962 2852 mens
2000 2812 2096 2866 pro
2143 2797 2595 2868 intelligibilibus.
2633 2795 2826 2868 Dirigit
2877 2810 3055 2852 autem
3086 2800 3210 2869 quis
3235 2800 3382 2868 judi-

1807 2892 1950 2944 cium
1978 2931 1994 2956 ,
2043 2890 2208 2945 etiam
2258 2892 2436 2945 divina
2479 2892 2647 2960 gratia
2696 2907 2807 2961 prae
2847 2894 3058 2946 caeteris
3087 2895 3131 2946 si
3163 2909 3383 2962 compos

1807 2981 1922 3036 ﬁat.
1945 2981 1986 3033 Α
2018 2980 2129 3036 Deo
2162 2981 2304 3036 enim
2335 2981 2638 3052 diriguntur
2665 2999 2868 3052 gressus
2903 2983 3126 3036 hominis
3153 2984 3220 3038 ³⁸.
3249 2985 3381 3039 Cum

1807 3075 1951 3128 enim
1991 3075 2238 3128 mortalis
2276 3074 2368 3139 sit,
2400 3076 2671 3145 quomodo
2702 3075 3000 3142 intelligere
3050 3087 3234 3144 posset
3269 3077 3382 3131 vias

1808 3179 1936 3220 suas
1962 3163 1986 3217 ?
2016 3163 2229 3234 Reliqui
2266 3180 2394 3220 vero
2416 3167 2679 3234 judicium
2703 3177 2750 3220 et
2797 3168 3166 3221 rectitudinem
3197 3168 3381 3244 edide-

1808 3266 1952 3322 runt,
1980 3272 2102 3312 cum
2136 3273 2294 3311 nemo
2343 3258 2670 3312 indiscretus
2714 3259 2980 3328 judicium
3030 3261 3249 3326 habeat,
3283 3275 3385 3316 nec

1807 3364 2092 3419 perversus
2119 3351 2491 3405 rectitudiues.
2529 3349 2594 3402 Et
2625 3352 2846 3404 omnino
2874 3353 3101 3407 virtutes
3141 3363 3267 3406 sunt
3295 3366 3386 3408 re-

1805 3442 2116 3506 ctitudines,
2141 3442 2598 3510 quemadmodum
2643 3442 2772 3495 vitia
2801 3443 3168 3513 obliquitates.

2075 3529 2137 3586 ν.
2172 3533 2227 3589 4.
2263 3531 2329 3586 Ut
2368 3533 2451 3587 det
2486 3534 2809 3602 simplicibus
2846 3535 3116 3588 astutiam.

1876 3623 1978 3691 Qui
2015 3625 2220 3694 ignorat
2248 3640 2439 3695 pravos
2467 3640 2666 3690 mores,
2696 3625 2906 3679 astutiis
2925 3625 3228 3680 succumbit
3253 3640 3378 3694 pra-

1808 3733 2018 3782 mrum,
2052 3733 2173 3772 cum
2231 3719 2345 3788 ipse
2385 3720 2614 3789 simplex
2655 3727 2708 3772 et
2737 3719 2938 3787 probus
2973 3719 3065 3775 sit.
3111 3720 3186 3772 De
3239 3718 3382 3774 malo

1807 3810 1992 3879 igitur,
2022 3819 2273 3879 tanquam
2307 3811 2889 3881 vituperabili,dicitur
2920 3827 2933 3863 :
2968 3809 3198 3878 Simplex
3217 3813 3383 3866 credit

1807 3904 1949 3956 omni
1979 3905 2205 3957 sermoni
2230 3904 2294 3955 ".
2320 3903 2614 3972 Propterea
2652 3901 2932 3968 subjunin
2965 3919 2980 3955 :
3023 3901 3180 3972 ναίει·
3207 3917 3382 3958 autem

1806 4000 1942 4054 venit
1977 3998 2030 4050 in
2058 3993 2497 4066 pmnitentiam",
2531 3995 2634 4049 hoc
2661 4003 3007 4062 est,quorum
3040 4003 3238 4049 temere
3263 4011 3384 4050 cre-

127 4088 302 4149 πετῶς
324 4089 596 4157 μετανοεῖ.
629 4086 738 4158 Τὴν
769 4087 964 4140 κακίαν
983 4086 1185 4156 ταύτην
1209 4086 1470 4158 εὐφημῶν
1491 4088 1520 4139 ὁ
1551 4088 1707 4140 Ἀπά-

1817 4092 1942 4145 didit
1995 4105 2119 4144 eum
2163 4089 2413 4158 paenitet.
2464 4085 2616 4142 Hanc
2673 4087 2994 4154 pravitatem
3041 4102 3137 4154 per
3181 4088 3384 4155 euphe-

127 4179 311 4243 στολος
345 4173 496 4231 εἶπεν
525 4179 822 4250 ἁπλότητα,
865 4179 1060 4248 λέγων’
1089 4179 1401 4249 Φοϐοῦμαι,
1435 4178 1520 4248 μή
1560 4196 1702 4246 πως,

1817 4180 1971 4233 miam
1996 4179 2285 4248 Apostolus
2322 4178 2457 4232 dixit
2481 4177 2914 4246 simplicitatem,
2947 4178 3201 4247 inquiens
3230 4197 3243 4230 :
3288 4177 3386 4234 γε·-

125 4269 203 4335 ὡς
222 4270 361 4337 ὄφις
381 4269 765 4338 ἐξηπάτησεν
787 4271 952 4324 Εὔαν
969 4271 1039 4323 ἐν
1061 4269 1133 4338 τῇ
1154 4271 1481 4339 πανουργίᾳ
1497 4269 1703 4336 αὐτοῦ,

1817 4287 1927 4325 reor
1954 4287 2015 4324 ne
2037 4312 2051 4334 ,
2077 4271 2213 4323 sicut
2251 4286 2460 4337 serpens
2507 4270 2704 4339 decepit
2739 4271 2906 4323 Evam
2943 4271 2998 4322 in
3035 4272 3231 4323 astutia
3263 4287 3380 4336 sua,

126 4362 312 4428 οὕτως
339 4360 538 4431 φθαρῇ
553 4362 625 4416 τὰ
639 4361 906 4433 νοήματα
926 4363 1090 4433 ὑμῶν
1105 4364 1223 4418 ἀπὸ
1244 4361 1351 4431 τῆς
1372 4363 1707 4432 ἁπλότητος

1817 4362 1881 4415 sic
1911 4370 2315 4428 corrumpantur
2357 4362 2583 4431 cogitata
2621 4373 2788 4415 vestra
2821 4377 2852 4415 a
2897 4361 3227 4429 simplicitate
3266 4379 3386 4429 qua:

126 4452 232 4520 τῆς
252 4457 344 4520 εις
385 4453 494 4506 τὸν
534 4456 810 4521 Χριστόν.
845 4456 937 4508 Δεῖ
974 4452 1086 4518 οὖν,
1123 4455 1560 4527 φυλαττομένους
1606 4454 1705 4526 τὴν

1817 4461 1881 4504 est
1910 4450 1964 4503 in
1987 4447 2252 4504 Clu-istum
2270 4450 2333 4504 ³¹.
2352 4449 2573 4518 Oportet
2591 4451 2776 4519 igitur,
2801 4459 2859 4504 ut
2887 4461 3141 4506 caventes
3165 4465 3194 4504 a
3229 4452 3386 4505 mali-

126 4545 217 4598 τοῦ
248 4544 490 4616 πονηροῦ
519 4546 872 4615 πανουργίαν,
908 4545 1154 4616 γίνεσθαι
1194 4547 1314 4600 καθ’
1346 4548 1569 4611 ἑαυτοὺς
1605 4548 1703 4618 μὲν

1817 4543 1896 4612 gni
1935 4542 2156 4606 astutia,
2186 4542 2356 4596 simus
2386 4542 2439 4595 in
2469 4542 2625 4596 nobis
2655 4542 2969 4596 innocentes
2997 4551 3054 4596 ut
3085 4541 3381 4608 columine;

127 4635 508 4707 ἀκεραίουςώς
539 4637 594 4689 αἱ
622 4638 962 4707 περιστεραὶ,
982 4638 1118 4708 πρὸς
1146 4637 1201 4690 δὲ
1229 4636 1298 4690 τὰ
1330 4637 1706 4691 ἐπιϐουλεύον-

127 4743 194 4781 τα
219 4729 477 4800 φρόνιμοι
504 4728 581 4791 ὠς
612 4729 662 4780 οἱ
713 4727 884 4797 ὄφεις.
934 4727 1014 4797 Τῇ
1041 4730 1151 4801 γὰρ
1185 4729 1379 4796 κακίᾳ,
1410 4729 1561 4800 φησι,
1601 4746 1704 4797 νη-

130 4820 379 4882 πιάζετε,
430 4820 562 4887 ταῖς
605 4819 673 4872 δὲ
718 4820 918 4890 φρεσὶ,
955 4822 1193 4890 γίνεσθε
1228 4821 1461 4875 τέλειοι.
1509 4821 1574 4874 Ἦ
1602 4839 1706 4874 κα-

131 4911 220 4964 κία
249 4912 364 4980 (97)
393 4905 484 4962 οὖν
509 4910 681 4982 διττή·
711 4909 884 4980 ψεκτὴ
918 4911 1034 4981 μὲν,
1070 4910 1145 4973 ὡς
1184 4909 1416 4981 εἴρηται·
1451 4907 1706 4979 ἐπαινετὴ

128 5004 203 5072 δὲ,
228 5005 326 5069 ὡς·
378 5002 524 5074 Ἐγὼ
553 5004 622 5056 ἐν
639 5003 856 5070 ἀκακία
874 5021 994 5072 μου
1032 5004 1386 5070 ἐπορεύθην.

199 5096 350 5168 Στίχ.
386 5101 446 5148 ε’.
505 5095 559 5147 '0
591 5093 659 5148 δὲ
683 5093 922 5164 νοήμων
945 5093 1307 5162 κυϐέρνησιν
1331 5093 1635 5158 κτήσεται.

203 5188 314 5258 (98)
350 5186 629 5258 Ἐπείπερ,
652 5185 806 5253 λόγον
832 5184 992 5254 σοφὸν
1016 5183 1108 5237 ἐὰν
1132 5183 1342 5258 ἀκούσῃ
1368 5185 1564 5255 ὲπιστή
1573 5202 1707 5255 μων,

1806 4647 1998 4689 contra
2027 4648 2090 4688 ea
2123 4648 2254 4687 vero
2299 4648 2418 4702 qua:
2470 4633 2702 4688 insidias
2743 4641 2980 4698 struunt,
3008 4631 3297 4702 prudentes
3327 4642 3387 4688 ut

1805 4732 2106 4793 serpentes.
2124 4721 2333 4776 Malitia
2357 4725 2524 4786 enim,
2542 4723 2736 4792 inquit,
2752 4724 3064 4790 puerascite,
3081 4734 3248 4778 mente
3266 4740 3386 4778 vero

1807 4825 1967 4867 estote
2003 4812 2219 4882 perfecti
2245 4813 2311 4867 ”.
2343 4813 2656 4870 lnnocentia
2705 4814 2869 4885 igitur
2908 4813 3106 4884 duplex
3135 4825 3221 4870 est
3253 4834 3268 4871 :
3304 4817 3388 4869 vi-

1815 4904 2160 4974 tnperabilis,
2181 4914 2241 4959 ut
2279 4907 2479 4961 dictum
2509 4916 2610 4970 est,
2639 4915 2695 4960 et
2733 4906 3043 4975 laudabilis,
3069 4917 3126 4962 ut
3157 4922 3173 4962 :
3199 4907 3308 4979 Ego
3332 4908 3388 4961 ii:

1806 4997 2104 5050 innocentia
2132 5013 2245 5052 mea
2265 4999 2493 5066 processi
2509 4997 2572 5051 ³³.

1815 5087 1877 5140 ν.
1915 5088 1967 5142 5.
1994 5089 2097 5156 Qui
2119 5100 2292 5143 autem
2319 5090 2588 5160 intelligit,
2625 5091 3054 5162 gubernationem
3081 5093 3386 5162 possidebit.

1879 5180 2015 5235 Nam
2047 5181 2092 5235 si
2119 5196 2422 5236 sermonem
2445 5185 2740 5252 sapientem
2773 5186 3005 5238 audierit
3029 5186 3072 5239 is
3094 5186 3183 5254 qui
3207 5187 3388 5240 scien-

132 5281 336 5334 αινέσει
371 5277 553 5344 αὐτὸν,
580 5278 673 5330 καὶ
707 5277 793 5330 ἐπ’
819 5275 980 5329 αὐτὸν
1013 5276 1334 5348 προσθήσει.
1377 5276 1433 5330 Ὁ
1471 5275 1526 5328 δὲ
1561 5275 1707 5344 γενό-

1817 5273 1882 5326 lia
1924 5273 2182 5342 praeditus
2213 5283 2316 5338 est,
2343 5274 2580 5330 laudabit
2621 5274 2884 5340 illum,et
2927 5278 2996 5334 ad
3037 5277 3188 5331 illum
3236 5277 3389 5348 adji-

139 5389 296 5442 μενος
339 5371 556 5442 νοήμων
594 5369 656 5422 τὸ
685 5368 870 5422 λοιπὸν
907 5368 1206 5440 προσθήσει
1251 5368 1392 5421 κατά
1429 5384 1489 5420 τε
1520 5367 1707 5438 πρᾶξιν

1821 5366 1946 5421 ciet.
1978 5366 2043 5421 Et
2064 5368 2155 5436 qui
2191 5368 2492 5438 intelligens
2519 5367 2742 5424 ellectus
2765 5380 2866 5434 est,
2891 5371 3145 5441 deinceps
3170 5371 3391 5438 adjiciet

202 5465 248 5495 ’°
266 5464 412 5535 Psal.
446 5478 597 5535 sitsi,
635 5462 689 5515 '5.
763 5464 807 5495 "
842 5463 984 5518 Psal.
1023 5478 1078 5529 ι,
1113 5464 1168 5518 8.
1241 5463 1288 5494 ³⁸
1313 5463 1470 5518 Prov.
1507 5480 1571 5516 xx
1594 5504 1608 5528 ,
1644 5463 1707 5516 9.4

1834 5464 2215 5531 Prov.xw,15.
2247 5465 2290 5496 ³⁰
2338 5465 2470 5520 ibid.
2546 5465 2586 5496 ³¹
2625 5465 2664 5518 ll
2715 5466 2841 5524 Cor.
2869 5484 2946 5535 ιι,
2977 5469 3031 5523 5.

139 5549 246 5598 xrv,
296 5534 389 5588 ιιο.
466 5532 510 5564 ³³
546 5531 691 5588 Psal.
717 5535 956 5596 1",“.

206 5628 322 5708 (βὸ)
356 5627 554 5708 Eadem
585 5643 755 5697 usrpte
781 5630 848 5684 ad
883 5636 1194 5700 sequentem
1224 5639 1367 5683 vers.
1413 5633 1710 5682 occurrunt

141 5707 192 5750 et
224 5701 277 5750 in
301 5701 424 5752 cod.
451 5713 585 5750 xxii.

210 5769 322 5838 (91;)
355 5768 407 5822 ltt
435 5770 558 5822 Cod.
595 5781 704 5820 χχιι
729 5807 741 5830 ,
765 5765 849 5834 ἦν.

3129 5466 3176 5501 ³³
3204 5467 3224 5522 ι
3255 5467 3386 5525 Cor.

1886 5624 1998 5692 (97)
2050 5627 2296 5681 Ἀκακία.

1888 5696 1998 5767 (98)
2037 5697 2182 5754 ldem
2218 5708 2272 5754 et
2301 5697 2355 5753 in
2389 5698 2508 5754 cod.
2535 5715 2666 5754 χιιι.
