3878 6212
475 280 578 338 155

1358 274 1916 332 SUPPLEMENTUM
1956 271 2045 327 AD
2082 269 2406 331 ORIGENIS
2441 275 2848 335 EXEGETICA.

3607 285 3708 340 1.3.76.

466 399 619 468 juxta
647 394 858 466 praxim
887 402 942 449 et
967 393 1257 463 thenriam,
1289 395 1431 449 unde
1457 405 1604 450 recta
1636 403 2038 464 consequantur

2144 393 2229 443 καὶ
2252 392 2502 462 Θεωρίαν,
2544 393 2683 448 ὥστε
2730 397 2822 450 τὸν
2850 397 3000 469 παρὰ
3028 399 3198 452 ταῦτα
3243 399 3468 454 πλοῦτον
3510 419 3704 456 κατευι-

471 504 594 558 ιιιιω
622 490 747 542 hinc
773 487 1099 556 proveniunt
1124 486 1342 541 divitia).
1376 487 1534 542 Deest
1577 497 1758 541 autem
1789 487 2036 540 humana:

469 581 634 634 menti
661 579 903 633 divinum
931 578 1197 647 regimen,
1223 579 1362 647 quod
1398 578 1605 632 habens
1639 577 1941 647 intelligens
1973 591 2037 630 ac

470 679 728 738 praeterea
764 670 1014 738 sapiens,
1049 685 1153 722 non
1209 670 1442 738 patietur
1495 669 1696 737 aliquid
1731 669 1910 723 triste.
1941 666 2037 721 Vir

471 761 777 828 hujusmodi
806 761 942 814 scite
971 762 1232 830 navigans
1264 762 1328 815 ad
1356 761 1542 825 Deum,
1577 761 1642 814 ad
1677 769 1886 829 portum
1915 775 2039 829 per-

470 854 655 907 veniet
684 853 980 906 voluntatis
1019 852 1154 919 ejus.
1179 852 1365 922 At'qui
1416 853 1726 921 hujusmodi
1785 869 1890 908 non
1931 863 2035 916 est.

472 945 557 999 vel
579 944 723 999 circa
764 943 921 998 ﬁdem
971 945 1312 1014 naufragium
1347 944 1530 1011 faciet,
1554 944 1637 999 vel
1674 945 1819 1000 circa
1863 959 2033 1012 spem,

474 1034 558 1087 vel
612 1034 756 1088 circa
815 1032 1168 1095 charitatem,
1206 1041 1298 1086 aut
1342 1033 1574 1102 aliquam
1614 1049 1679 1088 ex
1727 1033 2033 1088 virtutibus.

473 1123 541 1176 Et
574 1123 662 1191 qui
697 1122 840 1176 circa
891 1122 1012 1176 illas
1046 1123 1387 1192 naufragium
1425 1123 1586 1186 fecit,
1623 1125 1818 1177 merito
1864 1132 2038 1193 potest

472 1211 652 1265 dicere
689 1229 703 1264 :
749 1209 875 1264 Veni
925 1213 978 1264 in
1029 1213 1422 1280 profunditates
1457 1215 1639 1277 maris,
1679 1224 1726 1268 et
1778 1216 1928 1268 turbo
1951 1218 2040 1269 de-

473 1303 652 1353 mersit
687 1318 768 1354 me
799 1303 864 1355 3".
895 1302 960 1355 Et
987 1314 1202 1369 oportet
1233 1320 1450 1374 semper
1475 1306 1656 1361 dicere
1685 1322 1698 1358 :
1732 1305 1948 1375 Eripiar
1974 1309 2038 1361 ab

473 1393 710 1445 osoribus
736 1394 880 1456 meis,
903 1403 952 1447 et
973 1395 1036 1447 de
1056 1395 1333 1464 profundis
1367 1412 1622 1464 aquarum
1635 1396 1702 1448 ³⁸.

1097 1513 1100 1516 λ
1122 1486 1393 1555 Ejusdem.

480 1573 543 1628 V.
605 1575 661 1629 5.
717 1575 818 1641 Qui
848 1586 1023 1630 autem
1056 1578 1322 1644 intelligit,
1361 1579 1555 1649 inquit,
1611 1581 2039 1651 gubernationem

1105 1650 1410 1701 possidebit.

1105 1665 1410 1714 posstaeou.

2143 483 2316 538 θῦναι.
2347 486 2535 539 Λείπει
2557 487 2613 539 δὲ
2639 487 2715 558 τῷ
2740 488 3060 560 ἀνθρωπίνῳ
3089 491 3162 561 νῷ
3188 493 3220 562 ἡ
3262 491 3412 563 παρά
3439 493 3571 546 Θεοῦ
3612 513 3708 548 κυι

2143 571 2414 644 ϐέρνησις,
2463 576 2527 645 ἢν
2556 575 2693 646 ἔχων
2736 579 2763 630 ὁ
2803 579 3018 648 νοήμων
3042 580 3133 632 καὶ
3188 583 3410 652 προσέτι
3459 583 3618 652 σοφὸς
3643 586 3703 638 οὐ

2143 665 2385 719 πείσεταί
2431 684 2485 718 τι
2520 667 2708 721 δεινόν.
2754 670 2810 721 Ὁ
2837 669 3069 734 τοιοῦτος
3121 672 3296 728 πλέων
3330 677 3707 748 ἐπιστημόνως

2142 759 2277 828 πρὸς
2295 759 2384 810 τὸν
2417 759 2567 824 Θεὸν,
2593 761 2684 813 ἐπὶ
2711 762 2802 815 τὸν
2830 762 3022 832 λιμένα
3048 765 3239 834 φθάσει
3283 768 3374 821 τοῦ
3405 769 3706 841 θελήματος

2143 851 2324 903 αὑτοῦ.
2365 851 2424 903 '0
2462 852 2518 904 δέ
2553 852 2626 923 μὴ
2645 853 2881 917 τοιοῦτος
2916 854 3100 927 ἢπερ).
3133 857 3229 927 τὴν
3257 859 3434 912 πίστιν
3462 863 3702 932 ναυαγή-

2144 959 2246 1006 σει,
2275 943 2306 1013 ἢ
2332 945 2460 1014 περὶ
2482 944 2579 1016 τὴν
2611 944 2816 1011 ἐλπίδα,
2853 946 2884 1017 ἢ
2935 948 3064 1018 περὶ
3104 949 3203 1020 τὴν
3238 952 3476 1021 ἀγάπην,
3517 953 3550 1022 ἦ
3582 971 3707 1008 τινα

2141 1034 2246 1088 τῶν
2277 1036 2504 1107 ἀρετῶν.
2555 1038 2611 1089 Ὁ
2656 1038 2711 1090 δὲ
2744 1038 2871 1109 περὶ
2897 1039 3094 1103 ταύτας
3129 1043 3438 1114 ναυαγήσας
3485 1045 3707 1109 εἰκότως

2144 1126 2210 1179 ἂν
2237 1126 2404 1195 λέγοι·
2450 1123 2672 1182 τΗλθον
2712 1132 2798 1195 είς
2823 1129 2894 1182 τὰ
2916 1130 3078 1199 βάθη
3105 1133 3213 1200 τῆς
3242 1135 3575 1202 θαλάσσης,
3608 1140 3703 1191 καί

2144 1218 2409 1285 καταιγὶς
2434 1219 2824 1272 κατεπόντισέ
2843 1237 2938 1289 με.
2963 1223 3072 1275 Καὶ
3091 1222 3172 1274 δεῖ
3201 1223 3375 1291 λέγειν
3418 1227 3523 1278 ἀεί·
3585 1228 3706 1280 'Pv-

2144 1309 2358 1376 σθείην
2383 1309 2450 1362 ἐκ
2482 1309 2600 1362 τῶν
2627 1313 2967 1379 μισούντων
2984 1331 3080 1382 με,
3110 1315 3205 1368 καὶ
3236 1316 3304 1368 ἐκ
3334 1315 3451 1371 τῶν
3470 1318 3708 1382 βαθέων

2144 1396 2261 1451 τῶν
2303 1397 2553 1452 ὑδάτων.

2766 1497 2874 1550 Τοῦ
2900 1499 3104 1551 αὐτοῦ.

2145 1581 2294 1651 Στίχ.
2322 1589 2384 1635 ε’.
2425 1583 2484 1635 Ὁ
2514 1583 2582 1637 δὲ
2615 1585 2874 1656 νοήμων,
2911 1591 3062 1660 φησὶ,
3099 1591 3461 1660 κυϐέρνησιν
3493 1594 3706 1661 κτήσε-

2867 1677 2979 1714 ται.

482 1733 540 1788 ν.
567 1733 620 1788 6.
639 1734 1000 1808 Intelligetque
1015 1739 1344 1806 parabolam,
1367 1752 1413 1793 et
1435 1741 1710 1794 obscurum
1730 1757 2037 1797 sermonem.

2144 1745 2287 1816 Στίχ.
2342 1752 2414 1810 ς’.
2481 1748 2705 1814 Νοήσει
2757 1767 2822 1804 τε
2865 1752 3214 1820 παραϐολὴν
3254 1754 3352 1808 καὶ
3393 1756 3709 1809 σκοτεινὸν

547 1890 860 1960 Spiritualia
913 1895 1059 1950 enim
1105 1895 1474 1963 spirituatibus
1545 1909 1921 1966 comparantur
1977 1899 2040 1953 ³⁸.

474 1979 739 2035 Animalis
764 1993 935 2037 autem
961 1987 1112 2038 homo
1150 2003 1253 2039 non
1277 1989 1490 2054 suscipit
1515 2005 1574 2041 ea
1607 2006 1723 2059 qua:
1745 2001 1864 2044 sunt
1891 1991 2045 2058 spiri-

475 2083 558 2127 tus
597 2073 979 2129 Dei:stultitia
1011 2078 1151 2131 enim
1190 2089 1266 2132 est
1303 2079 1403 2148 ipsi
1426 2081 1491 2144 ³⁷,
1533 2081 1877 2150 Quaecunque
1897 2085 2041 2136 enim

474 2178 573 2232 per
646 2167 933 2234 parabolas
1000 2178 1053 2222 et
1125 2170 1389 2225 obscuros
1459 2187 1741 2227 sermones
1811 2172 2044 2244 Spiritus

473 2262 693 2310 sanctus
732 2272 830 2325 per
861 2261 1154 2328 prapbetas
1188 2261 1398 2318 locutus
1422 2273 1523 2326 est,
1559 2279 1620 2318 ea
1650 2265 1714 2318 iis
1746 2265 1838 2334 qui
1872 2267 2043 2335 parti-

475 2347 663 2416 cipaut
695 2356 749 2401 et
779 2351 1185 2404 communicant
1214 2351 1436 2420 Spiritui
1477 2364 1665 2408 sancto
1711 2352 1866 2409 facile
1904 2354 2041 2408 fiunt

473 2439 620 2505 n'ota,
662 2454 784 2492 cum
813 2439 882 2494 ab
924 2440 1112 2495 eodem
1150 2441 1358 2509 Spiritu
1393 2443 1482 2496 illa
1534 2444 1880 2498 edoceantur.
1939 2445 2042 2510 Qui

474 2531 618 2583 cnim
653 2532 893 2600 signatus
923 2549 1026 2585 non
1073 2541 1153 2586 est
1191 2545 1245 2588 et
1283 2535 1546 2605 regimine
1581 2547 1734 2590 caret
1765 2576 1782 2601 ,
1831 2536 2043 2592 divinas

474 2619 786 2689 Scripturas
821 2622 1116 2692 intelligere
1143 2640 1250 2677 non
1282 2624 1446 2679 valet.

580 2709 647 2764 V.
711 2712 763 2764 7.
802 2709 1133 2780 Principium
1165 2714 1457 2782 saptentiw,
1507 2715 1662 2768 timor
1705 2717 1936 2773 Domini.

542 2800 805 2870 Principii
842 2819 1037 2858 nomen
1078 2804 1318 2860 declarat
1346 2816 1398 2862 et
1426 2807 1698 2871 ducatum,
1727 2817 1785 2862 ut
1819 2810 1872 2863 in
1905 2808 1995 2864 illo
2025 2826 2039 2864 :

474 2888 605 2943 Cum
628 2889 842 2958 justitia
868 2905 1198 2961 praeparatur
1222 2895 1438 2951 thronus
1459 2899 1705 2967 principii
1730 2900 1773 2932 ³⁸
1804 2916 1817 2952 :
1869 2911 1923 2955 et
1946 2917 2040 2956 ruv

2838 1825 3044 1891 λόγον.

2213 1908 2589 1975 Πνευματικὰ
2651 1908 2761 1978 γὰρ
2816 1911 3236 1979 πνευματικοῖς
3305 1917 3703 1983 συγκρίνεται.

2150 2000 2411 2067 Ψυχικὸς
2440 1999 2508 2052 δὲ
2532 1999 2837 2068 ἅνθρωπος
2862 2004 2932 2056 οὐ
2963 2002 3194 2070 δέχεται
3221 2006 3290 2060 τὰ
3311 2007 3417 2059 τοῦ
3451 2009 3709 2076 πνεύμα-

2140 2107 2243 2156 τος
2274 2091 2378 2143 τοῦ
2421 2091 2595 2144 Θεοῦ·
2627 2093 2815 2160 μωρία
2856 2093 2966 2163 γὰρ
2999 2095 3160 2159 αὐτῷ
3200 2098 3392 2152 ἐστιν.
3429 2100 3569 2153 Ὅσα
3603 2100 3710 2170 γάρ

2141 2179 2228 2232 διὰ
2251 2181 2570 2251 παραϐολῶν
2596 2182 2690 2236 καὶ
2721 2185 3010 2238 σκοτεινῶν
3029 2185 3202 2256 λόγων
3226 2189 3286 2240 τὸ
3314 2191 3464 2258 ἆγιον
3486 2191 3710 2261 Πνεῦμα

2139 2272 2226 2326 διὰ
2263 2273 2370 2327 τῶν
2395 2277 2687 2346 προφητῶν
2717 2277 2968 2349 ὲλάλησε,
3003 2280 3175 2334 ταῦτα
3207 2283 3318 2346 τοῖς
3349 2285 3599 2354 μετόχοις
3619 2285 3710 2338 καὶ

2140 2368 2414 2428 κοινωνοῖς
2448 2365 2542 2418 τοῦ
2579 2369 2735 2436 ἁγίου
2776 2371 3090 2441 Πνεύματος
3144 2372 3422 2442 εὔγνωστα
3463 2377 3704 2445 γίνεται,

2141 2455 2231 2507 ὑπ’
2265 2455 2426 2508 αὐτοῦ
2470 2459 2563 2510 τοῦ
2607 2461 2922 2532 Πνεῦμα-τος
2965 2465 3410 2536 ἐκδιδασκόμενοι.
3467 2469 3704 2541 Ἀσφρά-

2140 2564 2323 2616 γιστος
2359 2551 2467 2623 γὰρ
2510 2553 2605 2606 καὶ
2643 2554 3007 2627 ἀκυϐέρνητος
3031 2557 3130 2620 τὰς
3158 2558 3305 2623 θείας
3338 2561 3560 2631 Γραφὰς
3588 2564 3706 2616 ἐπι-

2139 2639 2340 2706 γνῶναι
2364 2643 2424 2694 οὐ
2457 2642 2698 2698 δύναται.

2315 2733 2463 2803 Στίχ.
2498 2735 2560 2799 ζ’.
2603 2735 2780 2805 Ἀρχὴ
2813 2740 3052 2808 σοφίας,
3083 2743 3264 2810 φόϐος
3289 2745 3532 2813 Κυρίου.

477 2980 717 3035 dimenta
751 2982 982 3049 alicujus
1013 2985 1296 3053 doctrina},
1339 2998 1396 3041 ut
1439 2989 1491 3042 in
1531 2989 1621 3044 illo
1660 3010 1673 3044 :
1708 2990 2039 3061 Principium

2144 2980 2296 3075 λῆς-⁸
2332 3009 2427 3062 καὶ
2463 3011 2562 3081 τήν
2600 3029 2743 3075 τινος
2778 2980 3120 3079 διδασκαλίας
3161 2980 3488 3090 είσαγωῆνί
3643 2980 3708 3073 ἐν

474 3071 570 3124 via:
598 3074 762 3136 bonae,
796 3073 972 3142 facere
995 3092 1114 3144 qua:
1141 3077 1294 3146 justa
1340 3091 1461 3134 sunt
1492 3081 1557 3146 ”,
1601 3083 1652 3137 id
1687 3094 1770 3138 est
1805 3087 2029 3141 moralia

2261 3099 2429 3170 Ἀρχὴ
2463 3071 2606 3156 ὀδοῦ
2629 3071 2874 3174 ἀγαθῆς,
2899 3107 3089 3161 ποιεῖν
3102 3071 3182 3162 τὰ
3207 3071 3708 3170 δίφίαια,.τουτέστι

475 3162 817 3216 documenta.
859 3162 1006 3216 Viam
1056 3177 1234 3218 autem
1293 3168 1486 3222 bonam
1544 3171 1714 3237 dicit,
1774 3174 2037 3230 theoriam

472 3259 593 3314 quae
626 3247 691 3300 ad
720 3247 1042 3316 sapientiam
1083 3249 1252 3305 ducit.
1303 3251 1632 3322 Principium
1675 3265 1759 3310 est
1824 3273 2042 3329 quoque

473 3352 638 3394 causa
687 3337 913 3408 alicujus
955 3342 1308 3404 exsistentiae,
1373 3351 1431 3396 ut
1479 3345 1530 3398 in
1596 3345 1688 3400 illo
1721 3361 1735 3398 :
1764 3346 1875 3418 Ego
1926 3367 2041 3403 sum

473 3427 792 3496 principium
827 3441 876 3482 et
899 3429 1024 3497 ﬁnis
1051 3431 1095 3462 ⁵ο
1128 3432 1490 3502 :principium
1520 3434 1758 3504 quidem,
1787 3447 2040 3507 tauquam

474 3518 567 3586 qui
602 3534 725 3574 esse
748 3522 962 3589 tribuit;
987 3522 1109 3577 linis
1136 3538 1286 3588 vero,
1309 3535 1364 3578 ut
1389 3526 1733 3594 perfectionis
1757 3529 2038 3586 motivum.

479 3609 590 3664 Hoc
620 3611 786 3680 igitur
831 3611 948 3667 loco
983 3613 1307 3684 principium
1401 3628 1484 3674 est
1518 3618 1764 3674 doctrina
1797 3622 2041 3677 introdu-

475 3715 604 3755 cens
633 3703 700 3754 ad
743 3703 1084 3771 sapientiam,
1117 3705 1269 3775 juxta
1309 3707 1400 3761 Dei
1430 3708 1679 3765 timorem
1714 3714 2037 3769 consistens.

478 3788 665 3845 Timor
688 3793 830 3846 enim
864 3794 953 3861 qui
985 3797 1164 3863 passio
1202 3798 1420 3865 quidem
1448 3799 1521 3853 sit
1548 3840 1563 3865 ,
1607 3811 1692 3856 est
1716 3803 2040 3859 infortunio-

476 3899 594 3936 rum
617 3886 967 3953 exspectatio.
1001 3887 1098 3952 Qui
1131 3898 1260 3942 sunt
1288 3890 1341 3943 in
1371 3891 1568 3946 timore
1601 3908 1773 3962 poena:
1793 3935 1806 3959 ,
1835 3898 2038 3951 evitant

475 3974 820 4041 pravitatem.
843 3975 1026 4045 Neque
1053 3979 1192 4031 hunc
1224 3983 1440 4049 preprie
1469 3983 1560 4036 Dei
1593 3985 1837 4038 timorem
1857 3989 2040 4055 appel-

476 4064 589 4118 lare
619 4075 870 4134 oportet,
904 4069 1006 4122 etsi
1065 4069 1226 4122 allicit
1275 4081 1557 4126 metuentes
1598 4092 1714 4128 eum
1746 4077 1835 4145 qui
1874 4089 2038 4145 potest

474 4165 522 4208 et
555 4157 788 4209 animam
830 4169 876 4210 et
902 4175 1090 4227 corpus
1127 4163 1338 4226 perdere
1379 4164 1434 4215 in
1476 4168 1764 4232 gehennam
1798 4167 1863 4221 “.
1901 4169 2037 4224 Eum

474 4242 623 4310 ejicit
651 4245 888 4313 perfecta
914 4247 1173 4302 charitas.
1195 4250 1382 4305 Timor
1412 4253 1574 4322 igitur
1610 4254 1704 4309 Dei
1744 4272 1903 4314 verus
1955 4269 2039 4315 est

475 4334 652 4403 pietas
695 4336 964 4407 religiosa,
1009 4339 1160 4408 juxta
1200 4356 1364 4409 quam
1408 4344 1720 4414 religionem
1763 4349 1871 4402 vult
1919 4353 2038 4420 quis

473 4426 796 4482 vehementer
820 4429 874 4481 in
899 4431 1164 4484 mandatis
1193 4431 1307 4501 ejus
1337 4432 1380 4465 “
1406 4435 1676 4492 desiderio
1701 4441 1934 4508 sincero,
1968 4446 2036 4500 ad
2068 4431 2111 4485 D

473 4533 638 4586 opera
671 4521 1050 4589 redigensilla,
1085 4524 1285 4592 quique
1315 4526 1372 4580 fit
1401 4529 1727 4600 principium
1756 4536 2033 4604 sapientia:

472 4607 566 4662 Dei
594 4611 887 4664 secundum
923 4612 1300 4671 initiationem.
1338 4617 1644 4677 Plcniorem
1687 4629 1885 4681 etenim
1910 4645 2030 4685 eum

474 4699 719 4755 invenies
762 4701 816 4754 in
853 4717 916 4757 eo
946 4706 1037 4773 qui
1091 4710 1389 4763 secundum
1422 4713 1740 4782 sapientiam
1773 4718 1882 4786 jam
1913 4737 2026 4790 per-

472 4791 645 4845 fectus
679 4803 782 4854 est,
827 4795 892 4848 de
928 4810 1033 4864 quo
1086 4797 1306 4865 dicitur,
1367 4818 1472 4856 non
1518 4821 1630 4860 esse
1679 4811 2030 4877 deﬁcientiam

471 4883 773 4937 timentibus
797 4883 961 4939 Deum
996 4887 1062 4940 ⁸³.

474 4974 537 5030 V.
604 4974 656 5028 7.
715 4973 899 5029 Pietas
943 4988 1111 5031 autem
1145 4980 1201 5034 in
1248 4981 1448 5049 Deum,
1478 4989 1791 5059 principium
1825 5009 2027 5051 sensus.

545 5065 720 5118 Divini
745 5065 949 5120 scilicet
985 5084 1197 5133 sensus,
1229 5071 1344 5141 ejus
1373 5075 1460 5141 qui
1494 5087 1578 5132 est
1622 5095 1810 5151 nempe
1838 5101 2030 5141 secun-

470 5155 598 5209 dum
634 5157 944 5212 interiorem
987 5160 1257 5235 hominem
1292 5179 1308 5216 :
1343 5172 1640 5224 secundum
1682 5189 1838 5243 quem
1885 5180 2030 5235 vide-

471 5262 588 5300 mus
616 5247 787 5302 lucem
822 5264 1003 5303 veram
1028 5291 1044 5314 ,
1080 5262 1136 5304 ct
1179 5255 1425 5310 audimus
1459 5273 1666 5317 secreta
1704 5269 1946 5336 oracula,
1978 5282 2031 5326 et

2142 3190 2210 3243 τὰ
2231 3191 2396 3261 ἠθικὰ
2429 3194 2790 3266 παιδεύματα.
2839 3198 2984 3253 Ὀδὸν
3012 3199 3069 3253 δέ
3095 3200 3241 3269 λέγει
3262 3202 3475 3273 ἀγαθὴν
3495 3205 3595 3274 τὴν
3616 3205 3710 3257 ἐπὶ

2144 3284 2330 3353 σοφίαν
2356 3285 2590 3354 ἄγουσαν
2611 3288 2861 3360 θεωρίαν.
2890 3291 3053 3364 Ἀρχὴ
3078 3294 3169 3346 καὶ
3202 3295 3392 3365 ἡτινὸς
3424 3296 3708 3366 ὑπάρξεως

2142 3375 2308 3440 αἰτία,
2343 3376 2420 3439 ὼς
2448 3379 2505 3431 ἐν
2535 3378 2644 3449 τῷ·
2685 3380 2822 3450 Ἐγώ
2845 3385 2961 3450 ειμι
2995 3385 3032 3452 ὴ
3065 3385 3219 3452 ἁρχὴ
3268 3386 3364 3438 καὶ
3400 3387 3463 3439 τὸ
3493 3389 3658 3453 τέλος
3690 3405 3703 3418 ⁸

2141 3467 2281 3537 ἀρχὴ
2318 3468 2413 3537 μὲν
2432 3469 2506 3533 ὡς
2535 3470 2595 3522 τὸ
2625 3465 2763 3524 εἶναι
2789 3473 2981 3537 διδοὺς,
3019 3474 3169 3538 τέλος
3189 3476 3245 3528 δέ
3276 3477 3350 3540 ὡς
3379 3477 3708 3541 τελειώσεως

2142 3552 2380 3624 ἀφορμή.
2422 3554 2534 3610 Νῦν
2567 3552 2657 3609 οὖν
2689 3559 2854 3629 ἀρχὴ,
2883 3562 2915 3630 ή
2962 3563 3256 3630 εἰσάγουσα
3285 3566 3363 3628 είς
3384 3565 3483 3636 τὴν
3517 3568 3706 3634 σοφίαν

2144 3640 2396 3712 μάθησις,
2425 3645 2564 3699 κατὰ
2585 3649 2673 3701 τὸν
2688 3649 2778 3702 τοῦ
2806 3649 2940 3703 Θεοῦ
2959 3652 3122 3720 φόϐον
3139 3657 3520 3726 συνισταμένη.
3543 3659 3708 3721 Φόϐος

2141 3732 2249 3804 γὰρ
2278 3735 2576 3806 παθητικὺς
2610 3740 2705 3809 μὲν
2746 3740 2931 3796 δεινῶν
2983 3745 3298 3815 προσδοκία.
3339 3749 3707 3820 Ἑγγινόμενο;

2139 3825 2216 3894 τῷ
2255 3826 2404 3898 φόϐῳ
2444 3829 2715 3894 κολάσεως
2757 3833 3060 3888 ἐκκλίνουσι
3090 3837 3188 3909 τὴν
3238 3837 3453 3893 κακίαν.
3507 3841 3706 3894 Τοῦτον

2140 3915 2260 3968 οὐδὲ
2305 3916 2466 3984 φόϐον
2515 3919 2648 3972 Θεοῦ
2705 3922 2908 3992 κυρίως
2949 3927 3443 3997 προσαγορευτέον,
3505 3933 3553 3983 εί
3614 3932 3706 3984 καὶ

2142 4004 2367 4058 ἅπτεται
2400 4005 2518 4060 τῶν
2553 4010 2934 4079 φοϐουμένων
2958 4013 3064 4066 τὸν
3087 4015 3424 4086 δυνάμενον
3453 4020 3552 4074 καὶ
3593 4023 3708 4088 ψυ-

2138 4096 2260 4164 χὴν
2279 4098 2374 4151 καὶ
2398 4098 2568 4168 σῶμα
2597 4099 2890 4155 ἀπολέσαι
2915 4104 2984 4156 ἐν
3004 4103 3235 4175 γεέιψῃ.
3272 4109 3365 4161 Ὃν
3394 4109 3644 4163 ἐκϐάλλει
3672 4115 3704 4182 ἡ

2138 4187 2317 4242 τελεία
2344 4191 2550 4262 ἀγάπη.
2565 4191 2698 4244 Θεοῦ
2721 4193 2777 4246 δέ
2794 4195 2975 4264 φόϐος,
3004 4196 3253 4271 ἀληθὴςή
3275 4201 3414 4254 κατὰ
3432 4203 3708 4275 σεϐασμὸν

2139 4280 2411 4345 εὐλάϐεια,
2437 4282 2554 4335 καθ’
2582 4283 2640 4336 ὃν
2666 4284 2822 4338 θέλει
2846 4303 2928 4349 τις
2947 4289 3180 4358 σφόδρα
3201 4292 3270 4344 ἐν
3288 4293 3416 4359 ταῖς
3431 4295 3708 4364 ἐντολαῖς

2139 4374 2323 4427 αὐτοῦ
2359 4374 2506 4446 πόθῳ
2549 4379 2784 4448 γνησίῳ,
2820 4380 2899 4442 είς
2945 4379 3081 4451 ἔργα
3125 4385 3470 4454 μεταϐάλλων
3505 4389 3696 4454 αὐτὰς,

2141 4468 2233 4519 καὶ
2273 4468 2412 4539 ἀρχὴ
2465 4470 2654 4538 σοφίας
2699 4470 2833 4524 Θεοῦ
2887 4477 3166 4546 γινόμενος
3227 4481 3345 4531 κατ’
3374 4481 3704 4552 εἰσαγωγήν.

2139 4558 2512 4630 Πληρέστατον
2543 4562 2646 4634 γὰρ
2679 4563 2863 4618 τοῦτον
2892 4567 3140 4638 εὑρήσεις
3168 4572 3224 4623 ἐν
3249 4570 3325 4641 τῷ
3348 4572 3492 4624 κατὰ
3514 4576 3708 4643 σοφίαν

2137 4652 2532 4726 τετελεσμένῳ,
2578 4655 2698 4708 καθ’
2725 4657 2782 4710 ὃν
2814 4657 3027 4725 λέγεται
3049 4700 3063 4721 ,
3083 4661 3171 4730 μὴ
3214 4659 3362 4718 εἶναι
3399 4665 3707 4737 ὑστέρημα

2138 4743 2260 4810 τοῖς
2279 4745 2669 4815 φοϐουμένοις
2692 4749 2799 4802 τὸν
2825 4753 2989 4805 Θεόν.

2137 4989 2280 5060 Στίχ.
2313 4991 2375 5055 ζ’.
2413 4991 2699 5047 Εὐσέϐεια
2736 4994 2803 5046 δὲ
2840 4998 2926 5062 εἰς
2963 4997 3126 5061 Θεὸν,
3155 4999 3312 5068 ἀρχὴ
3343 4999 3704 5068 αἰσθήσεως.

2209 5083 2318 5154 Τῆς
2343 5082 2494 5147 Θείας
2523 5085 2843 5156 αἰσθήσεως,
2875 5088 2974 5158 τῆς
2999 5089 3138 5142 κατὰ
3155 5091 3244 5144 τὸν
3261 5090 3367 5145 ἔσω
3395 5091 3704 5164 ἄνθρωπον,

2139 5174 2352 5246 καθ’ἥν
2385 5177 2523 5230 ὁσῶν
2573 5178 2682 5248 (99)
2721 5179 2818 5250 μὲν
2864 5180 2925 5233 τὸ
2976 5182 3090 5250 φῶς
3146 5184 3204 5235 τὸ
3260 5183 3548 5254 ἀληθινὸν,
3613 5189 3707 5240 καὶ

2140 5269 2408 5339 ἀκούομεν
2435 5270 2544 5324 τῶν
2572 5272 2968 5343 κεκρυμμένων
2997 5274 3191 5343 λογίων
3211 5316 3224 5338 ,
3263 5276 3355 5331 καὶ
3389 5277 3706 5347 τρεφόμεθα

467 5337 742 5392 nutrimur
791 5351 930 5409 pane
977 5339 1117 5402 vitae,
1167 5352 1219 5395 et
1270 5345 1657 5417 participamus
1723 5354 2030 5426 fragrantia:

2144 5363 2223 5415 τὸν
2260 5337 2421 5434 ἄρτον
2463 5365 2561 5437 τῆς
2594 5337 2766 5438 ζωής,
2794 5337 3317 5440 *ἀντιλαμϐανόμεθά
3357 5337 3437 5421 τε.
3474 5337 3707 5435 εῦῶδίανς

538 5521 585 5554 ³⁸
609 5520 753 5576 Psal.
809 5524 1075 5584 vam,5.
1178 5525 1224 5558 ³⁸
1269 5527 1400 5582 ibid.
1463 5533 1550 5587 15.

476 5590 521 5623 ⁸ο
541 5592 704 5661 Apoc.
729 5609 770 5649 l.
806 5593 858 5646 8.
934 5593 1189 5650 “Matth.
1226 5614 1277 5665 ι,
1313 5597 1397 5654 ‘28.

538 5703 648 5774 (99)
691 5708 746 5758 ’0
754 5704 948 5776 ρῶμεν.

1653 5535 1696 5568 ³⁸
1731 5536 1750 5590 Ι
1787 5537 1911 5593 Cor.
1953 5557 2011 5605 It,
2078 5542 2164 5596 15.

1478 5603 1678 5661 “Psal.
1718 5623 1823 5672 CXI,
1861 5611 1905 5664 1.
1989 5603 2033 5644 ⁸³
2060 5610 2202 5667 Psal.
2235 5624 2424 5675 xxxm,
2450 5610 2532 5664 10.

2261 5539 2302 5570 ³⁷
2336 5539 2614 5612 ἱὶιὶι1η14.
2723 5544 2766 5575 ³⁸
2819 5543 2973 5600 Prov.
3033 5562 3146 5612 xw,
3202 5545 3284 5601 12.
3385 5547 3428 5580 ³⁹
3477 5547 3610 5603 ibid.
3645 5546 3702 5604 5.
