3880 6216
163 342 264 394 157

1390 336 1649 393 FRAGM.
1692 332 1757 389 IN
1793 332 2200 390 PROVERBIA.

3281 329 3383 384 158

160 455 425 528 Χριστοῦ,
456 459 551 511 καὶ
586 457 865 529 ἁπτόμεθα
892 455 987 509 τοῦ
1008 454 1167 522 λόγου
1196 454 1295 524 τῆς
1319 453 1484 523 ζωῆς.
1511 451 1700 522 Ταύτης

1825 451 2052 513 Christi,
2085 461 2140 503 et
2203 447 2516 518 attingimus
2568 445 2789 499 verbum
2847 442 2988 497 vitaz.
3052 441 3382 510 Principium

157 548 302 620 ἀρχὴ
329 549 427 620 τῆς
453 549 772 620 αἰσθήσεως,
793 552 825 621 ἡ
845 549 980 620 πρὸς
1010 547 1139 600 Θεὸν
1169 545 1700 609 εὐσέϐεια,τουτέστι’

1825 539 1983 606 hujus
2009 554 2225 604 sensus,
2285 549 2365 594 est
2405 539 2578 606 pietas
2617 536 2671 588 in
2714 535 2903 600 Deum,
2961 548 3150 600 nempe
3202 533 3386 586 incon-

157 643 254 694 ἀτί
277 642 373 710 (ι).

154 728 304 800 Στίχ.
333 736 383 800 η’
418 729 531 795 Υἱὲ,
558 730 780 797 νόμους
796 727 896 800 (2)-
922 728 1306 800 πατρόςᾼσου,
1325 726 1421 780 καὶ
1450 725 1535 795 μὴ
1562 724 1720 779 ἀπώ-

542 803 657 866 σθη
692 797 948 866 θεσμοὺς
971 798 1192 866 μητρός
1218 814 1349 850 σου.

219 889 438 960 Πατρὸς
470 889 567 960 μὲν
591 889 856 959 ἀκούομεν
880 888 1198 960 λόγους,τῆς
1225 888 1446 957 Γραφῆς
1465 906 1476 918 ·
1518 884 1720 956 μητρὸς

149 981 203 1034 δὲ
233 980 338 1043 τὰς
369 980 649 1052 ἀγράφους
674 978 995 1050 παραδόσεις
1023 978 1125 1047 τῆς
1168 977 1508 1047 Ἐκκλησίας·
1537 977 1719 1028 ὁποῖον

147 1073 206 1124 τὸ
221 1071 507 1142 νηστεύειν
533 1074 590 1124 ὲν
610 1072 996 1141 παρασκευαῖς,
1023 1069 1115 1121 καὶ
1130 1067 1288 1137 ἔτερα
1299 1066 1536 1119 τοιαῦτα.
1557 1066 1717 1117 Ὥστε

117 1164 318 1234 φησί·
363 1163 462 1230 Μὴ
496 1163 691 1215 πάντα
731 1161 865 1215 θέλε
913 1159 1029 1213 ἀπὸ
1083 1157 1431 1228 γραμμάτων
1457 1157 1712 1210 ἀκούειν.

150 1255 308 1306 Ἐστι
333 1254 389 1306 δὲ
415 1255 509 1307 καὶ
542 1254 666 1316 τοὺς
691 1252 948 1320 φυσικοὺς
973 1253 1111 1304 νοεῖν
1135 1250 1392 1321 πατέρας,
1423 1249 1456 1320 ἢ
1483 1249 1716 1311 καὶτοὺς

143 1346 553 1417 πνευματικοὺς
604 1348 746 1398 νοεῖν
785 1343 1157 1406 διδασκάλους.
1201 1343 1310 1394 Καὶ
1360 1341 1468 1412 γὰρ
1513 1339 1716 1393 τούτων

148 1437 335 1507 μήτηρ
365 1437 400 1506 ἡ
443 1434 757 1505 Ἐκκλησία.

143 1527 292 1597 Στίχ.
335 1527 401 1581 θ’.
427 1527 733 1595 Στέφανον
759 1527 868 1596 γὰρ
893 1527 1149 1595 χαρίτων
1167 1523 1311 1592 δέξῃ
1349 1522 1436 1590 σῇ
1458 1521 1710 1594 κορυφῇ.

223 1618 386 1671 Ἀλλά
423 1618 517 1671 καὶ
550 1618 734 1690 χάρισι
759 1617 890 1670 Θεοῦ
917 1617 1136 1680 πολλαῖς
1170 1615 1471 1687 σωζόμεθα.

785 1710 939 1762 ΚΕΦ.
983 1710 1056 1762 Δ’.

209 1801 360 1870 Στίχ.
395 1806 493 1854 κε’.
514 1803 577 1854 Ol
602 1801 895 1869 ὀφθαλμοί
914 1815 1029 1854 σου
1062 1799 1203 1867 ὀρθὰ
1214 1799 1631 1864 βλεπέτωσαν.

221 1890 394 1962 Ὀρθά
425 1891 623 1962 ὁρῶσιν
673 1893 722 1944 οἱ
758 1891 1047 1962 λογισμοὺς
1096 1891 1308 1962 ἔχοντες
1339 1890 1566 1953 ἀπαθεῖς
1614 1889 1707 1943 καὶ

134 1982 382 2052 δόγματα
414 1982 605 2054 ἀληθῆ.
645 1984 760 2035 Ὅτ’
795 1982 861 2036 ἂν
912 1981 1075 2057 λέγῃο
1127 1985 1192 2036 Ol
1247 1981 1542 2051 ὀφθαλμοί
1579 1994 1695 2033 σου

135 2073 282 2139 ὀρθὰ
297 2071 720 2137 βλεπέτωσαν,
753 2071 850 2143 τὴν
877 2061 1064 2143 ὅρασιν
1095 2072 1242 2142 δηλοῖ
1255 2073 1354 2142 τῆς
1380 2072 1575 2142 ψυχῆς.
1599 2072 1708 2124 Καὶ

132 2165 208 2217 ὅτ’
247 2164 316 2217 ἀν
347 2163 774 2235 παραινῇοψάγε
801 2164 957 2232 μέλι,
977 2161 1084 2227 υιὲ,
1109 2164 1208 2215 ἵνα
1224 2162 1532 2233 γλυκανθῇ
1565 2164 1710 2216 ὁλά-

125 2257 282 2324 ρυτξ
306 2269 444 2316 σου,
468 2257 585 2327 μέλι
601 2255 871 2325 τροπικῶς
887 2256 982 2326 τὴν
1006 2255 1155 2308 θείαν
1169 2256 1316 2324 λέγει
1343 2255 1704 2319 διδασκαλίαν,

129 2350 254 2418 ἣτις
281 2349 383 2418 τὴν
419 2349 798 2419 πνευματικὴν
821 2345 1134 2417 καταρτίζει
1169 2346 1389 2415 γνῶσιν.
1427 2346 1583 2399 Ἀλλά
1614 2348 1706 2401 καὶ

129 2443 360 2494 ἅπτεται
394 2439 570 2508 ψυχῆς
599 2442 632 2506 ἠ
664 2440 852 2507 σοφία²
898 2437 1205 2506 Ἐράσθητι
1234 2437 1341 2510 γὰρ
1362 2437 1570 2506 αὐτῆς.
1607 2439 1707 2492 ἵνα

126 2547 199 2583 σε
226 2528 570 2598 παραλάϐῃ.
607 2530 762 2600 Ψυχὴ
789 2530 866 2592 δὲ,
897 2529 983 2582 διὰ
1008 2529 1342 2600 περιπλοκῆς
1373 2530 1536 2600 σοφίᾳ
1576 2531 1706 2583 ὲνω-

127 2621 302 2683 θεῖσα,
342 2620 615 2692 ἀγιασμοῦ
645 2619 944 2692 πληροῦται
971 2621 1063 2673 καὶ
1096 2619 1480 2690 καθαρότητος.
1505 2623 1623 2674 Ἔτι
1641 2639 1705 2690 γε

127 2715 235 2784 μὴν
265 2715 377 2767 τῶν
408 2713 642 2784 Χριστοῦ
666 2714 851 2785 μύρων
874 2716 908 2785 ἡ
937 2715 1034 2784 τῆς
1063 2712 1236 2784 ψυχῆς
1253 2714 1704 2786 ἀντιλαμϐάνεται

122 2804 412 2876 ὄσφρησις.

777 2897 934 2948 ΚΕΦ.
978 2897 1055 2950 E'.

125 2986 274 3056 Στξχ.
310 2993 385 3054 γ’.
419 2985 514 3052 Μὴ
549 2987 808 3054 πρόσεχε
840 2988 1042 3054 φαύλῃ
1081 2987 1351 3055 γυναικί·
1403 2986 1542 3055 μέλι
1594 2987 1704 3056 γὰρ

377 3056 696 3115 ἀποστάζει
723 3055 840 3109 ἀπὸ
877 3055 1124 3125 χειλέων
1153 3058 1458 3126 γυναικός.

1822 647 1994 684 cussa.

1822 720 1886 774 V.
1926 723 1982 776 8.
2048 720 2226 784 Audi,
2268 720 2384 800 ﬁli,
2427 720 2563 800 leges
2611 719 2920 800 patrisIIui,
2951 733 3109 788 neque
3147 716 3384 786 repudies

2220 799 2616 843 COIlSllluHONBS
2657 799 2838 842 matris
2873 799 2997 842 tuw.

1891 882 2068 936 Patris
2111 881 2325 950 quidem
2357 881 2500 950 leges
2530 883 2798 947 audimus,
2826 879 3118 949 Scriptum
3147 892 3377 946 nempe:

1821 975 2010 1029 matris
2061 989 2224 1040 vero,
2281 989 2385 1027 non
2445 973 2677 1041 scriptas
2725 972 3041 1026 traditiones
3089 971 3379 1033 Ecclesiae;

1819 1065 2116 1134 cujusmodi
2142 1076 2224 1119 est
2252 1065 2498 1135 jeiuuare
2515 1068 2682 1120 sextis
2699 1064 2867 1128 feriis,
2891 1073 2944 1116 et
2975 1063 3076 1115 alia
3105 1062 3372 1130 hujusmo-

1818 1157 1891 1211 di.
1931 1155 2082 1211 Unde
2114 1158 2246 1211 dicit
2281 1177 2294 1210 :
2333 1155 2460 1209 Noli
2500 1162 2677 1209 omnia
2707 1174 2736 1208 a
2767 1155 2952 1208 litteris
2996 1154 3200 1206 audire.
3230 1153 3377 1206 Licet

1816 1257 1870 1300 et
1901 1249 2176 1302 naturales
2207 1249 2519 1319 intelligere
2557 1258 2759 1316 patres,
2785 1246 2868 1299 vel
2899 1245 3191 1313 intelligere
3219 1244 3378 1312 spiri-

1819 1339 1990 1393 tuales
2015 1339 2282 1394 doctores.
2311 1339 2513 1394 Horum
2539 1350 2622 1392 est
2647 1339 2790 1392 enim
2815 1347 2985 1391 mater
3013 1334 3268 1389 Ecdesia.

1815 1516 1884 1571 ν.
1932 1517 1985 1572 9.
2037 1516 2298 1571 Coronam
2327 1519 2465 1572 enim
2498 1518 2784 1587 gratiarum
2813 1516 3033 1584 accipies
3070 1525 3160 1569 tuo
3194 1513 3374 1584 capiti.

1886 1608 1990 1663 Sed
2027 1608 2170 1663 enim
2205 1609 2390 1678 gratiis
2413 1609 2502 1662 Dei
2537 1607 2718 1661 multis
2739 1606 3027 1660 salvamur.

2443 1699 2596 1758 CAP.
2634 1700 2726 1755 IV.

2027 1790 2086 1849 ν.
2145 1791 2237 1846 ‘25.
2306 1790 2459 1846 Oculi
2513 1793 2588 1844 tui
2648 1802 2790 1846 recta
2849 1793 3165 1860 aspiciunlo.

1882 1886 2047 1940 Recta
2076 1885 2381 1952 aspiciunt,
2429 1883 2517 1953 qui
2559 1884 2912 1953 cogitationes
2947 1869 3374 1954 habent-nequa»-

1809 1992 1969 2046 quam
2012 1977 2355 2046 passionihus
2399 1976 2680 2042 obnoxias,
2738 1987 2789 2031 et
2842 1980 3054 2031 veracia
3099 1978 3368 2048 dogmala.

1808 2069 2036 2135 Quando
2058 2070 2210 2133 dicit,
2232 2069 2385 2123 Oculi
2407 2070 2483 2121 tui
2508 2079 2650 2122 recta
2669 2071 2983 2138 aspiciunlo,
3006 2071 3176 2124 visum
3199 2071 3371 2123 innuit

1810 2163 2021 2217 animae.
2044 2161 2109 2216 Et
2130 2162 2346 2230 quando
2375 2160 2868 2215 hortaturzComede
2892 2162 3012 2225 mel,
3043 2163 3142 2229 ﬁli,
3164 2173 3217 2214 ut
3245 2163 3371 2215 dul-

1808 2265 2019 2308 coretur
2042 2264 2227 2323 guttur
2257 2264 2402 2306 tuum
2437 2253 2515 2318 “;
2568 2251 2672 2305 mel
2703 2251 2926 2321 ﬁgurate
2960 2253 3092 2307 dicit
3133 2255 3369 2307 divinam

1809 2341 2130 2406 doctrinam,
2175 2356 2295 2410 quae
2375 2341 2714 2410 spiritualem
2770 2343 3042 2410 componit
3096 2345 3366 2398 notitiam.

1811 2431 2192 2487 Verumtamen
2223 2433 2382 2488 allicit
2415 2451 2631 2505 quoque
2657 2438 2888 2490 animam
2929 2437 3192 2504 sapientia
3227 2455 3242 2491 :
3275 2437 3371 2492 Di-

1806 2525 1908 2594 lige
1945 2525 2090 2578 enim
2123 2523 2292 2589 illam,
2324 2536 2380 2577 ut
2419 2536 2466 2579 te
2488 2539 2722 2579 assumat
2752 2528 2818 2581 θδ.
2846 2528 3037 2581 Anima
3061 2538 3240 2581 autem
3275 2544 3370 2596 per

1805 2615 2232 2684 complexionem
2257 2617 2537 2684 sapientiae
2558 2619 2726 2682 unita,
2751 2618 3176 2674 sanctiﬁcatione
3198 2618 3370 2683 reple-

1808 2719 1896 2762 tur
1925 2718 1978 2762 et
2006 2709 2263 2778 puritate.
2293 2709 2484 2762 Adhuc
2519 2719 2698 2766 tamen
2745 2722 3140 2783 unguentorum
3168 2710 3367 2765 Christi

1803 2802 2060 2858 ollaetum
2090 2805 2285 2858 anima:
2308 2820 2500 2860 sensus
2517 2805 2766 2874 percipit.

2452 2896 2602 2951 CAP.
2661 2897 2726 2952 V.

1805 2986 1872 3042 ν.
1929 2988 1984 3042 5.
2030 2987 2112 3042 Ne
2143 2988 2383 3041 attendas
2406 2989 2557 3042 mala:
2578 2989 2789 3041 mulieri
2813 3005 2830 3042 :
2856 2990 2958 3042 mel
2985 3005 3122 3041 enim
3143 2988 3307 3041 s.‘il.’at
3337 3006 3370 3042 a

2372 3059 2529 3111 labiis
2559 3059 2812 3113 mulieris.

189 3149 283 3218 Μὴ
308 3148 543 3219 πρόσεχε
570 3147 819 3218 ἀπατηλῇ
849 3147 1180 3220 διδασκαλίᾳ,
1218 3148 1304 3201 διά
1337 3148 1436 3218 τῆς
1462 3166 1694 3220 χρηστο-

1874 3147 1953 3203 Ne
1992 3150 2243 3204 attendas
2271 3149 2562 3205 seductrici
2593 3151 2873 3216 doctrinas,
2908 3165 3003 3219 per
3036 3149 3172 3204 bella
3207 3151 3368 3204 verba

121 3241 309 3308 λογίας
350 3238 699 3310 δελεαζούσῃ.

121 3331 269 3400 Στίχ.
302 3331 369 3382 δ’.
393 3331 689 3400 ’Υστερον
708 3329 913 3400 μέντοι
941 3331 1289 3400 αικρότερον
1310 3329 1496 3399 χολῆς
1516 3331 1698 3400 ,εὐρψ

187 3398 344 3466 σεις,
380 3399 480 3452 καὶ
510 3398 889 3469 ἠκονημένον
913 3398 1153 3468 μᾶλλον
1172 3398 1470 3470 μαχαίρας
1498 3399 1695 3454 διστό-

181 3489 326 3539 μου.

189 3564 490 3633 Μάχαιραν
511 3561 659 3629 λέγει
692 3561 790 3632 τὴν
818 3560 1105 3632 τιμωρίαν,
1147 3561 1286 3613 κατά
1308 3562 1365 3614 τό
1385 3579 1397 3592 ·
1437 3566 1696 3631 Τραυμα-

121 3655 232 3706 ttat
263 3653 571 3723 μαχαίρας
596 3670 715 3722 μου
746 3652 884 3706 ἐστέ
910 3671 921 3681 ·
963 3653 994 3722 ἢ
1024 3651 1120 3723 τὴν
1153 3653 1352 3724 κρίσιν,
1387 3653 1507 3724 ἥτις
1551 3655 1694 3707 ἐστὶν

120 3745 193 3809 ὡς
228 3746 483 3816 μάχαιρα
512 3743 662 3808 ὀξεῖα
708 3742 1045 3816 ὲξερευνῶσα
1072 3743 1141 3796 τὰ
1178 3745 1400 3814 κρυπτά
1438 3746 1534 3816 τῆς
1562 3763 1697 3818 καρ-

122 3833 258 3885 δίας.

119 3867 264 3994 Στίὶ.
301 3921 379 3988 ς’.
416 3921 716 3990 Σφαλεραὶ
756 3921 823 3994 δὲ
857 3926 915 3975 αἱ
952 3924 1156 3992 τροχαὶ
1187 3923 1410 3992 αὐτῆς,
1440 3925 1540 3978 καὶ
1584 3928 1694 3979 οὐκ

718 3993 1040 4061 εὖγνωστοι
1049 4033 1060 4043 .

185 4087 467 4159 Σφαλεραὶ
486 4088 541 4140 αἱ
562 4086 751 4157 τροχαὶ
779 4085 968 4155 αὐτῆς,
995 4087 1084 4138 καὶ
1104 4087 1203 4140 οὐκ
1228 4085 1539 4155 εὔγνωστοι,
1559 4087 1693 4140 διότι

116 4180 220 4232 ἀπὺ
234 4180 426 4233 κακῶν
449 4181 530 4241 είς
553 4176 698 4231 κακά
720 4176 1113 4248 ἀνακυλιομένη
1144 4179 1207 4230 ὲκ
1226 4177 1323 4248 τῆς
1349 4179 1564 4250 μακρᾶς
1587 4179 1694 4232 τῶν

116 4271 455 4338 ἀγαπώντων
483 4269 651 4340 αὐτὴν
682 4267 964 4338 συνηθείας
985 4285 998 4298 °
1027 4268 1272 4339 σφαλερά
1297 4265 1448 4332 οὖσα,
1476 4271 1570 4322 καὶ
1598 4271 1694 4342 τῆς

119 4361 396 4431 βασιλείας
420 4360 530 4414 τῶν
555 4361 795 4431 οὐρανῶν
822 4359 1218 4430 ἀποστεροῠσα,
1251 4361 1346 4414 καὶ
1369 4362 1448 4424 εἰς
1469 4361 1694 4430 γέενναν

116 4457 584 4527 παραπέμπουσα.

116 4550 262 4621 Σιίχ.
302 4555 394 4602 ια’.
411 4548 622 4602 ’Πνίκα
647 4546 725 4599 ἂν
749 4542 1134 4628 κατατριϐῶσι
1173 4542 1394 4612 σάρκες
1417 4544 1690 4614 σώματός

826 4629 964 4668 σου.

180 4713 278 4768 Διά
303 4712 402 4765 τοῦ
438 4708 832 4779 κατατριϐἦναι
869 4707 968 4769 τὰς
1001 4705 1231 4778 σάρκας,
1271 4706 1369 4778 τὴν
1393 4708 1687 4762 ἀκολασίαν

118 4804 281 4873 δηλοῖ,
317 4802 527 4872 φθοράν
555 4817 675 4854 τινα
707 4794 891 4853 οὖσαν.
921 4796 1018 4850 Διά
1044 4798 1100 4850 δὲ
1122 4798 1233 4852 τῶν
1260 4799 1466 4852 κακιῶν
1495 4801 1545 4852 οἱ
1570 4801 1692 4853 πολ-

116 4896 193 4949 λοὶ
213 4893 603 4964 κατα-τρίϐουσι
622 4890 720 4953 τὰς
741 4888 834 4942 τοῦ
851 4889 1086 4960 Χριστοῦ
1113 4891 1339 4962 σάρκας,
1363 4893 1457 4946 καὶ
1472 4910 1533 4946 το
1553 4888 1691 4964 αἷμα

117 4987 591 5046 καταναλίσκουσι,
625 4983 800 5036 κοινὸν
819 4982 950 5035 αὐτὸ
975 4983 1335 5052 ἡγησάμενοι.

161 5078 304 5147 Στὶχ.
339 5077 422 5129 ιδ’.
458 5076 603 5142 Παρ’
625 5075 831 5142 ὀλίγον
851 5073 1145 5142 ἐγενόμην
1172 5073 1242 5126 ἐν
1267 5074 1445 5128 παντὶ
1477 5074 1654 5140 κακῷ.

182 5169 326 5235 Παρ’
351 5166 566 5234 ὀλίγον
593 5164 903 5234 ἐγενόμην.
928 5157 1037 5216 Ἦν
1059 5164 1146 5215 ὅτε
1167 5164 1267 5218 οὐκ
1294 5159 1362 5233 ἦν
1390 5165 1576 5230 κακία,
1599 5167 1691 5218 καὶ

117 5257 262 5311 ἔσται
290 5259 380 5311 ὅτε
410 5257 512 5309 οὐκ
537 5255 708 5307 ἔσται.
741 5254 854 5306 Οὐκ
883 5249 950 5324 ἦν
988 5252 1067 5320 δὲ,
1121 5254 1211 5306 ὅτε
1261 5255 1361 5306 οὐκ
1391 5251 1458 5325 ἦν
1501 5257 1687 5326 ἀρετὴ,

116 5349 230 5402 οἰ)τὲ
260 5348 415 5401 ἔσται
445 5347 537 5400 ὅτε
568 5347 669 5398 οὐκ
695 5343 868 5398 ἔσται.
895 5342 1281 5410 ’Λνεξάλειπτα
1299 5343 1408 5415 γὰρ
1435 5345 1502 5398 τὰ
1525 5346 1692 5417 σπέρ-

121 5458 262 5509 ματα
293 5441 393 5511 τῆς
416 5439 640 5509 ἀρετῆς.
666 5436 848 5490 Πείθει
869 5436 928 5488 δέ
957 5453 1023 5506 με
1054 5435 1148 5488 καὶ
1179 5427 1334 5499 οὗτος
1356 5453 1370 5465 ·
1400 5440 1541 5505 Παρ’
1569 5439 1692 5491 ἀλι-

116 5549 239 5598 γον,
278 5533 377 5585 καὶ
403 5534 517 5586 οὐκ
536 5530 607 5584 ἐν
631 5529 807 5582 παντὶ
829 5529 989 5595 κακῷ
1019 5527 1274 5600 γεγονώς
1297 5547 1310 5560 ’
1352 5531 1445 5582 καὶ
1471 5533 1499 5583 ὁ
1531 5531 1692 5584 πλού-

1799 3240 2082 3295 inescanti.

1801 3331 1866 3387 V.
1917 3332 1972 3386 4.
2027 3330 2222 3386 Postea
2255 3342 2428 3385 tamen
2467 3334 2701 3387 amarius
2730 3333 2856 3401 quid
2879 3333 2999 3401 felle
3021 3335 3247 3388 invenies
3269 3374 3284 3400 ,
3320 3345 3368 3388 et

2030 3414 2244 3456 acutum
2281 3402 2449 3472 magis
2489 3419 2646 3472 quam
2676 3404 2885 3472 gladius
2926 3421 3134 3472 anceps.

1873 3557 2125 3613 Gladium
2175 3559 2308 3614 dicit
2371 3575 2618 3629 poenam;
2666 3559 2816 3628 juxta
2881 3559 3048 3615 illud:
3091 3558 3364 3614 Vulnerati

1799 3646 1966 3715 gladii
2001 3648 2101 3701 mei
2141 3649 2265 3701 estis
2298 3648 2365 3704 ¹⁶⁸.
2431 3647 2522 3702 Vel
2561 3647 2841 3716 judicium,
2895 3651 3037 3717 quod
3088 3661 3172 3704 est
3224 3650 3367 3704 sicut

1799 3740 2013 3809 gladius
2038 3748 2228 3794 acutus
2257 3741 2578 3808 perquirens
2607 3739 2817 3795 occulta
2854 3741 3052 3797 cordis.

1799 3917 1863 3972 ν.
1894 3919 1948 3974 6.
1983 3918 2226 3973 Fallaces
2257 3930 2428 3973 autem
2455 3921 2639 3974 orbita:
2666 3921 2830 3986 illius,
2856 3931 2903 3976 et
2933 3939 3052 3992 qua:
3083 3937 3185 3976 non
3209 3921 3368 3990 facile

2440 4003 2688 4044 ηοδεαηιιι
2698 4009 2740 4043 r.

1877 4077 2123 4133 Fallaces
2147 4079 2335 4134 orbita:
2368 4079 2535 4145 illius,
2579 4091 2634 4135 et
2675 4097 2794 4149 quae
2827 4097 2930 4135 non
2957 4082 3112 4137 facile
3137 4098 3367 4138 noscan-

1800 4183 1904 4235 tur,
1941 4181 2225 4249 propterea
2267 4174 2409 4242 quod
2441 4189 2470 4226 a
2504 4174 2658 4228 malis
2686 4174 2738 4228 in
2771 4174 2908 4228 mala
2943 4175 3258 4229 devolvatur
3296 4192 3364 4230 ex

1800 4267 1955 4337 longa
1991 4268 2292 4321 amantium
2349 4282 2468 4320 eam
2519 4268 2932 4322 consuetudine.
2983 4266 3170 4320 Fallax
3199 4276 3364 4322 estet

1797 4374 1964 4428 regno
2008 4360 2272 4415 cmlorum
2314 4360 2527 4428 privat,
2579 4369 2632 4414 et
2666 4361 2717 4412 in
2749 4361 3052 4428 gehennam
3099 4359 3359 4413 detrudit.

1799 4539 1862 4593 V.
1913 4539 2001 4594 ll.
2057 4538 2277 4604 Quando
2311 4545 2678 4591 conterantur
2721 4551 2904 4589 carnes
2967 4533 3228 4603 corporis.
3259 4535 3360 4588 tui.

1869 4697 1971 4751 Per
2007 4696 2253 4752 carnium
2281 4693 2660 4749 contritionem
2693 4695 3163 4763 intemperantiam
3193 4695 3362 4749 deno-

1802 4800 1900 4855 tat,
1931 4805 2048 4856 qua:
2079 4798 2163 4842 est
2185 4788 2430 4856 quazdam
2459 4789 2758 4854 corruptio.
2791 4787 2894 4840 Per
2925 4788 3151 4841 crimina
3183 4799 3360 4844 autem

1797 4881 2014 4950 quidam
2063 4885 2357 4934 conterunt
2414 4877 2618 4932 Christi
2673 4893 2896 4945 carnes,
2943 4888 2998 4932 et
3046 4881 3362 4948 sanguinem

1798 4973 2111 5039 absumunt,
2151 4972 2436 5040 profanum
2469 4971 2642 5039 ipsum
2665 4971 3010 5025 arbitrantes.

1990 5064 2054 5118 V.
2097 5063 2184 5116 14.
2223 5056 2611 5130 Propemodum
2648 5062 2723 5132 fui
2760 5063 2814 5116 in
2849 5062 2988 5116 onmi
3017 5063 3177 5114 malo.

1875 5155 2266 5223 Propemodum
2317 5154 2417 5223 fui.
2460 5155 2765 5223 Aliquando
2812 5154 3000 5206 vitium
3065 5170 3168 5207 non
3221 5165 3362 5222 erat,

1799 5247 2151 5315 futurumque
2191 5253 2276 5299 est
2307 5255 2364 5298 ut
2396 5261 2506 5300 non
2559 5247 2642 5300 sit.
2705 5243 2986 5316 Nunquam
3017 5260 3145 5299 vero
3191 5245 3364 5302 virtus

1800 5357 1904 5395 non
1929 5341 2050 5404 luit,
2082 5355 2180 5395 nec
2211 5339 2452 5395 futurum
2481 5348 2565 5394 est
2598 5348 2658 5394 ut
2694 5355 2809 5394 nou
2827 5340 2918 5393 sit.
2957 5337 3177 5392 Semina
3208 5352 3361 5392 nam-

1799 5449 1904 5502 que
1935 5433 2148 5487 virtutis
2178 5433 2345 5488 deleri
2385 5449 2487 5488 non
2519 5443 2765 5503 possunt.
2790 5432 3086 5486 Persuadet
3113 5443 3241 5481 vero
3278 5443 3361 5480 me

1797 5527 1974 5583 ctiste
2002 5545 2016 5581 :
2055 5523 2475 5596 Propemodum,
2508 5536 2558 5581 et
2600 5543 2704 5581 non
2738 5525 2792 5579 in
2833 5524 2973 5579 omni
3003 5521 3142 5576 malo
3165 5522 3261 5590 lui.
3295 5518 3362 5573 Et

180 5632 225 5659 ’δ
251 5625 412 5682 Prov.
453 5641 604 5688 xxiv,
637 5625 722 5678 15.
798 5623 844 5655 ⁸⁵
885 5623 1041 5679 Prov.
1073 5640 1149 5689 tv,
1175 5623 1229 5678 6.
1304 5625 1349 5656 ⁵⁸
1378 5623 1617 5694 Sophon.
1655 5628 1830 5693 ΙΙ,12.

183 5723 257 5788 (1)
281 5720 446 5776 Forte
486 5720 796 5781 ἀτίνακτος.

186 5793 259 5864 (‘3)
292 5792 446 5849 Deest
489 5791 674 5846 ἄκουε.
721 5789 840 5845 Mox
897 5792 1105 5848 videtur
1156 5792 1437 5863 legendum
1471 5790 1662 5864 ἀπὼσῃ

1818 5823 1821 5846 ι
1848 5790 1969 5849 cod.
1995 5790 2149 5845 Alex.
