3880 6216
541 312 648 369 159

1434 319 2000 382 SUPPLEMENTUM
2034 327 2126 380 AD
2173 325 2492 384 ORICENIS
2530 330 2940 389 EXECETICA.

3687 344 3782 401 160

541 429 694 485 dives
741 430 796 486 in
843 432 1060 489 inferno
1101 435 1390 492 damnatus
1427 449 1650 509 proplcr
1687 443 2111 512 improbitatem1

2224 461 2334 509 σιος
2364 447 2421 498 ὲν
2450 447 2525 518 τῷ
2551 448 2649 522 ᾄδῃ
2671 449 2758 504 διὰ
2777 451 2874 523 τὴν
2895 453 3093 507 κακίαν
3119 455 3450 526 κρινόμενος,
3481 461 3573 512 καὶ
3593 461 3781 516 οἰκτεί-

541 532 597 574 et
623 537 783 592 quem
816 525 1038 580 miseret
1069 527 1325 582 fratrum.
1359 530 1604 588 Misereri
1637 549 1820 602 porro,
1858 535 2116 606 pulcher-

544 615 742 669 rimum
774 633 958 672 semen
978 630 1060 672 est
1093 620 1333 675 virtutis.

1186 712 1337 773 CAP.
1389 717 1474 770 VI.

543 795 608 852 Ὗ.
639 798 731 853 24.
769 801 848 854 Ad
889 805 1284 860 custodiendum
1319 821 1368 862 te
1397 825 1428 861 α
1460 811 1680 865 muliere
1717 815 1950 883 subjecta
1983 817 2112 870 viro.

612 955 694 1010 Ab
757 957 1214 1015 belerodoxorum
1268 964 1565 1033 doctrina,
1611 977 1666 1024 et
1717 971 2113 1030 calumniatore

539 1058 725 1100 eorum
766 1062 1036 1105 sermone.

683 1139 746 1194 V.
806 1140 896 1196 25.
955 1142 1066 1197 Nec
1106 1147 1414 1214 corripiaris
1455 1167 1486 1203 a
1521 1152 1787 1221 palpebris
1833 1157 1967 1216 eius.

616 1293 694 1351 Ne
725 1303 776 1352 te
810 1299 1080 1366 arripiant
1123 1300 1515 1360 fascinamenta
1563 1318 1768 1364 ornata:
1819 1313 2103 1367 orationis.

1163 1479 1315 1536 CAP.
1375 1481 1486 1536 VII.

2227 555 2333 607 ρων
2353 541 2477 601 τοὺς
2509 541 2791 610 ἀδελφούς.
2818 544 2890 596 Τὸ
2913 544 2970 597 δὲ
2988 544 3153 598 ἐλεεῖν
3183 546 3473 617 σπέρματὸ
3503 549 3780 607 κάλλιστον

2218 629 2319 698 τῆς
2342 631 2563 702 ἀρετῆς.

2865 729 3020 784 ΚΕΦ.
3063 739 3137 795 ς’.

2217 812 2364 882 Στίχ.
2399 812 2496 866 κδ’.
2549 815 2660 869 Τοῦ
2711 815 3156 896 διας-ολᾴσσειν
3206 838 3281 876 σε
3336 824 3454 878 ἀπὸ
3498 828 3780 896 γυναικὸς

2846 891 3174 959 ὑπάνδρου.

2283 972 2394 1042 Τῆς
2415 974 2523 1028 τῶν
2552 976 2873 1047 ἑτεροδόξων
2905 981 3248 1048 διδασκαλίας
3281 986 3372 1039 καὶ
3400 986 3496 1039 τοῦ
3515 987 3780 1057 συκοφάνο

2214 1077 2303 1113 του
2337 1065 2514 1118 αὐτῶν
2535 1065 2712 1134 λόγου.

2212 1156 2357 1228 Στίχ.
2410 1166 2508 1214 κε’.
2546 1162 2720 1228 Μηδὲ
2762 1165 3200 1236 συναρπασθῇς
3249 1167 3367 1221 ἀπὸ
3421 1166 3538 1220 τῶν
3589 1168 3776 1236 αὐτῆς

2817 1234 3159 1303 βλεφάρων.

2279 1320 2369 1390 Μή
2402 1336 2460 1373 σε
2496 1324 2817 1397 συναρπάσῃ
2855 1325 2923 1380 τὰ
2955 1328 3299 1399 γοητεύματα
3343 1330 3441 1400 τῆς
3469 1329 3776 1402 κεκομψευ-

2211 1412 2376 1483 μένης
2407 1414 2677 1484 φράσεως.

537 1561 601 1619 ν.
655 1565 710 1620 5.
757 1569 800 1621 A
834 1571 1259 1678 mulieredaliena
1300 1585 1351 1628 et
1382 1577 1566 1678 mala;
1607 1580 1652 1632 si
1697 1590 1745 1634 te
1777 1585 2103 1640 sermonibus

1013 1659 1043 1678 η
1126 1648 1350 1678 ηνηΙδηοιι
1390 1649 1505 1678 in-..
1553 1661 1600 1678 ι..

2207 1596 2367 1678 Στὶχ..
2390 1604 2451 1678 ε’.
2501 1598 2639 1678 Ἀστὸ-
2672 1603 2953 1678 γυναικὸς
2983 1606 3307 1678 ἀλλοτρίας
3337 1608 3435 1661 καὶ
3475 1609 3773 1678 πονηρᾶς,

1012 1642 1082 1693 ad
1125 1648 1353 1712 graliam
1389 1649 1624 1702 invadat.

607 1726 687 1782 Ab
729 1730 1066 1789 idololatrica
1115 1736 1386 1792 doctrina.
1447 1737 1694 1795 Jucunda
1755 1745 1900 1799 enim
1942 1749 2100 1803 docet

533 1831 657 1871 cum
693 1819 764 1874 sit
804 1822 1022 1892 elegans
1053 1836 1219 1895 atque
1254 1829 1456 1884 diserta
1483 1872 1498 1896 ,
1546 1833 1875 1904 voluptatem
1909 1853 2100 1910 nempe
2133 1808 2172 1861 Β

536 1916 592 1961 et
625 1908 932 1966 divitiarum
955 1930 1217 1970 amorem.

1164 2007 1316 2064 CAP.
1363 2011 1450 2065 XI.

533 2088 594 2146 ν.
635 2091 725 2147 29.
757 2093 862 2159 Qui
895 2113 995 2151 non
1019 2109 1329 2221 atleiztperal
1354 2121 1408 2156 se
1436 2106 1617 2162 domui
1647 2126 1780 2174 suat,
1814 2112 2096 2169 heredita-

1175 2180 1214 2221 ιι
1252 2185 1476 2221 ventum-

1175 2180 1214 2222 η
1252 2185 1476 2227 ventum.

597 2253 761 2309 Uxori
791 2270 983 2328 nempe
1004 2299 1019 2323 ,
1057 2260 1220 2315 veluti
1264 2267 1372 2317 vasi
1407 2266 1694 2334 infirmiori
1733 2271 1810 2337 ‘7;
1841 2273 1967 2328 [iliis
1991 2315 2006 2338 ,
2037 2287 2096 2331 ul.

523 2344 763 2398 animum
794 2363 898 2401 non
931 2350 1334 2420 despondeant;
1366 2360 1544 2413 sorori
1592 2362 1642 2414 in
1677 2365 2092 2424 necessitatibus

522 2435 578 2488 id
616 2438 757 2505 quod
800 2440 932 2493 utile
981 2441 1086 2508 sit,
1151 2455 1207 2498 et
1251 2447 1425 2504 servis
1453 2453 1593 2518 quod
1623 2451 1830 2521 justum
1887 2472 1950 2512 ac
1995 2475 2094 2529 par

517 2524 881 2584 exhibentem.

1111 2626 1262 2682 CAP.
1324 2629 1511 2691 XXIII.

519 2709 584 2761 ν.
628 2709 676 2763 I.
723 2711 787 2766 Si
813 2714 1245 2799 sederiseoznare
1279 2723 1334 2775 in
1363 2740 1542 2779 mensa
1565 2732 1814 2799 potentis,
1843 2736 2086 2790 conside-

670 2793 851 2835 ranler
886 2789 1158 2841 considera
1189 2807 1306 2858 qua:
1353 2805 1473 2847 sunt
1529 2789 1771 2866 apposita
1801 2789 1934 2859 'tibi.

520 2868 580 2923 Υ.
622 2871 676 2923 2.
722 2873 789 2926 Et
834 2877 992 2945 injice
1050 2896 1263 2964 martum
1306 2897 1492 2950 tuam,
1541 2893 1710 2946 sciens
1753 2897 1893 2964 quod
1953 2900 2086 2954 talia

977 2953 1244 3016 oportebat
1294 2971 1618 3026 praeparare.

590 3031 773 3088 Mensa
828 3043 1062 3105 potentis
1133 3053 1258 3097 sunt
1332 3062 1612 3106 sermones
1663 3058 2078 3126 prophetarmn,

508 3413 633 3453 esca
662 3415 678 3455 :
712 3417 933 3460 ccenare
967 3407 1135 3476 enim,
1165 3426 1272 3465 non
1304 3419 1576 3483 prandere
1609 3425 1943 3490 propositum
1970 3438 2072 3482 est.

506 3488 625 3544 Non
660 3501 770 3546 tam
795 3497 937 3562 quod
968 3497 1314 3569 historicum,
1350 3522 1510 3574 quam
1536 3488 1680 3578 quod
1711 3488 2077 3575 intellectuale

503 3593 612 3648 est,
640 3588 877 3654 require.
918 3589 1160 3648 Potentis
1189 3597 1332 3650 enim
1370 3603 1646 3668 proposita
1677 3620 1866 3663 mensa
1893 3651 1909 3675 ,
1939 3613 2072 3666 nihil

511 3674 734 3741 humile,
784 3680 924 3734 nihil
978 3693 1234 3743 terrestre
1287 3691 1340 3744 in
1388 3706 1564 3748 escam
1603 3700 1847 3768 require;
1891 3705 1984 3758 sed
2028 3708 2073 3761 si

509 3767 635 3836 quid
675 3769 962 3840 spirituale
994 3777 1064 3830 sit
1088 3789 1252 3846 atque
1279 3781 1520 3839 cceleste.

1102 3871 1256 3927 CAP.
1306 3875 1475 3935 XXX.

789 3954 851 4010 V.
911 3958 997 4014 I5.
1053 3961 1311 4020 Hirudini
1339 3980 1442 4024 tres
1471 3973 1598 4040 ﬁlia:
1617 3984 1792 4030 erant.

571 4042 802 4116 Hirudo,
835 4060 917 4105 est
942 4054 1208 4124 diabolus,
1239 4061 1366 4129 quia
1402 4064 1703 4120 animarum
1727 4071 2067 4140 sanguinem,

502 4136 557 4192 id
623 4150 708 4196 est
769 4143 987 4199 vitalem
1041 4162 1229 4203 earum
1281 4156 1553 4223 virtutem,
1602 4136 1852 4230 exsugit:
1896 4162 2069 4219 liabet

500 4237 684 4285 autem
717 4231 939 4296 ﬁlias,et
969 4253 1072 4292 non
1104 4239 1284 4297 ﬁlios:
1320 4245 1451 4299 nihil
1490 4249 1634 4303 enim
1684 4252 1846 4307 habet
1887 4255 2064 4322 virile,

508 4323 604 4376 sed
629 4338 844 4379 omnem
877 4325 1245 4386 effeminatam
1266 4337 1619 4406 voluptatem.
1656 4341 1905 4401 lnl'ernus
1928 4387 1944 4413 ,
1983 4350 2065 4402 vel

498 4407 841 4479 improbitas,
877 4431 997 4484 quae
1032 4419 1141 4475 ﬁlia
1177 4433 1262 4477 est
1295 4425 1522 4494 diaboli,
1578 4407 2066 4492 interﬁciens'ani-

493 4515 642 4564 mas,
694 4514 750 4558 et
789 4507 1097 4566 satietatem
1132 4528 1238 4568 non
1291 4518 1508 4586 capiens
1543 4539 1556 4586 ;
1595 4525 1838 4581 mulieris
1884 4543 2058 4594 amor,

495 4591 577 4645 vel
601 4594 766 4663 impia
797 4599 1064 4670 doctrina,
1091 4619 1211 4674 quae
1239 4623 1426 4666 errore
1457 4628 1564 4667 non
1595 4617 1835 4684 repletur
1865 4636 1880 4683 ;
1915 4631 2056 4675 terra

492 4695 613 4749 quae
643 4700 746 4739 non
779 4690 1016 4756 repletur
1065 4709 1204 4764 aqua
1225 4737 1240 4762 ,
1282 4699 1463 4754 anima
1513 4717 1704 4775 nempe
1729 4711 1977 4774 glareosa
2007 4721 2059 4764 et

493 4770 813 4844 infecunda,
843 4780 1071 4852 irrigata
1099 4788 1317 4856 quidem
1355 4806 1571 4863 semper
1602 4770 1903 4866 scripturis
1922 4843 1936 4868 ,
1964 4803 2056 4857 sed

491 4877 611 4930 qua!
641 4867 776 4923 nihil
807 4873 1125 4932 melioratur
1163 4895 1301 4950 :pro
1353 4884 1438 4941 his
1487 4889 1740 4946 omnibus
1781 4901 1865 4946 est
1915 4893 2056 4964 ignis

489 4956 800 5023 punitionis.

557 5132 583 5167 ὀ
631 5134 821 5194 IPetr.
866 5158 946 5208 nt,
984 5145 1032 5198 7.

557 5253 636 5329 (3)
674 5258 1083 5340 Ἃσθενεστέρῳ.

2341 1666 2450 1720 ἐάν
2473 1684 2544 1721 σε
2563 1666 2766 1740 λόγοις
2784 1673 2906 1739 τοῖς
2927 1666 3076 1742 πρὸς
3100 1666 3638 1747 χᾶριφίέμϐάληταιῖ

2272 1758 2383 1827 Τῆς
2429 1760 2686 1814 πολυθέου
2738 1764 3105 1831 διδασκαλίας,
3167 1769 3326 1823 Ἦδέα
3374 1773 3481 1844 γὰρ
3535 1774 3776 1830 διδάσκει

2206 1849 2481 1919 στωμύλος
2511 1846 2570 1904 οὗ
2581 1869 2668 1917 σα,
2701 1853 2893 1926 ἡδονὴν
2920 1858 3014 1910 καὶ
3041 1857 3490 1930 φιλοχρηματίαν.

2829 2032 2985 2086 ΚΕΦ.
3019 2035 3119 2089 ΙΑ’.

2197 2138 2342 2208 Στίχ.
2363 2138 2465 2193 κ6’.
2497 2141 2558 2194 Ὀ
2572 2142 2658 2211 μὴ
2675 2147 3259 2218 συμπεριφερόμενος
3282 2148 3360 2214 τῷ
3389 2149 3606 2205 ἑαυτοῦ
3629 2153 3776 2218 οῐκῳ

2618 2216 3059 2283 κληρονομήσει
3087 2217 3328 2288 ἄνεμον.

2264 2301 2484 2354 Γυναικὶ
2547 2305 2644 2374 μὲν
2665 2345 2680 2370 ,
2743 2310 2818 2369 ὡς
2881 2309 3325 2379 ἀσθενεστέρων
3381 2314 3457 2384 (5)
3519 2317 3727 2370 σκεύει
3759 2336 3771 2347 ·

2193 2393 2420 2458 τέκνοις,
2457 2395 2542 2447 ἴνα
2573 2397 2647 2468 μὴ
2683 2397 2865 2470 ἁθυμῇ
2887 2417 2898 2429 ·
2936 2401 3136 2472 ἀδελφῇ
3163 2404 3222 2457 ἐν
3258 2405 3524 2473 ἀνάγκαις
3551 2411 3774 2480 γινόμε-

2193 2501 2278 2536 νον
2328 2487 2628 2557 χρήσιμονο
2677 2489 2880 2556 δούλοις
2910 2493 2969 2546 τὸ
3027 2494 3234 2550 δίκαιον
3264 2501 3358 2552 καὶ
3399 2501 3498 2572 τὴν
3545 2504 3774 2575 ἰσότητα

2191 2577 2519 2648 παρέχοντα.

2190 2759 2336 2849 Στξχ.
2388 2771 2460 2849 α’.
2507 2767 2647 2820 Ἐὰν
2698 2771 2954 2849 καθίσῃς
3003 2772 3267 2849 δειπνεῖν
3313 2776 3410 2849 ἐπεὶ
3463 2781 3774 2849 τραπέζης

2255 2829 2582 2902 δυνάστου,
2615 2839 2842 2905 νοητῶς
2865 2829 2988 2894 sedat
3019 2844 3089 2897 τὰ
3112 2829 3546 2916 παρατιθέμειῗά
3571 2868 3698 2910 σοι.

2187 2922 2332 2994 Στξχ.
2363 2925 2428 2996 β’.
2457 2929 2566 2982 Καὶ
2593 2930 2885 3010 ἐτίσαέέε
2921 2933 3035 3001 τὴν
3071 2922 3236 3005 χεῖρά
3265 2958 3400 3010 σου,
3447 2942 3644 3010 εἰδὼς,
3677 2945 3771 2998 ὅτι

2514 3000 2758 3054 τοιαῦτα
2786 3001 2904 3055 ἔδει
2935 3000 3412 3073 παρασκευάσαι.

2257 3087 2520 3158 Τράπεζα
2559 3093 2817 3148 δυνάστου
2856 3099 2905 3151 οἱ
2960 3099 3106 3168 λόγοι
3151 3101 3259 3155 τῶν
3299 3105 3616 3176 προφητῶν.
3671 3109 3770 3172 οὓς

2181 3176 2260 3230 δεῖ
2288 3181 2553 3236 ἀκούοντα
2586 3187 2680 3238 καὶ
2709 3188 2974 3258 ἀνάγοντα
2998 3191 3104 3244 ἀπὸ
3127 3193 3227 3268 τῆς
3257 3198 3494 3267 ἱστορίας
3523 3203 3605 3264 εἰς
3635 3201 3773 3255 Θεω-

2180 3458 2251 3525 φῇ
2271 3472 2283 3485 ’
2309 3456 2591 3529 δειπνῆσαι
2610 3463 2736 3534 γὰρ,
2767 3467 2863 3519 οὐκ
2882 3469 3170 3540 ἀριστῆσαι
3191 3473 3494 3543 πρόκειται.
3522 3479 3616 3549 Μὴ
3635 3456 3771 3534 τοσ-

2177 3546 2334 3599 οῦτον
2373 3551 2665 3622 ἱστορικὸν,
2728 3557 2850 3610 ὅσον
2879 3559 3214 3632 διανοητικδν
3255 3565 3425 3637 ζήτει.
3477 3572 3771 3626 Δυνάστου

2175 3637 2284 3711 γὰρ
2322 3646 2687 3719 προκειμένης
2717 3651 3014 3722 τραπέζης,
3051 3657 3220 3726 μηδὲν
3243 3659 3603 3730 χαμαίζηλον,
3655 3685 3770 3735 μ’β-

2174 3731 2262 3784 δὲν
2290 3734 2493 3801 γεῶδες
2527 3739 2772 3811 ἐπιζήτει
2800 3745 3092 3816 τρέφεσθαι
3111 3789 3124 3811 ,
3148 3749 3262 3802 ἀλλ’
3294 3751 3348 3803 εἴ
3370 3771 3419 3805 τι
3456 3731 3772 3826 πνευματι-

2174 3821 2266 3875 κὸν
2295 3826 2389 3878 καὶ
2411 3828 2675 3898 οὐράνιον.

2820 3923 2976 3978 ΚΕΦ.
3009 3928 3089 3980 A'.

2276 4004 2418 4075 Στίχ.
2459 4015 2536 4063 ιε’.
2576 4008 2906 4082 Τιῖβὸἐλλῃ
2937 4018 3090 4085 τρεῖς
3113 4024 3434 4093 θυγατέρες
3457 4022 3642 4095 ἦσαν.

2241 4091 2440 4149 Βδὲλλα
2456 4098 2484 4148 ὁ
2508 4098 2770 4164 διάϐολος,
2793 4104 2867 4167 ὼς
2893 4105 2952 4157 τὸ
2979 4108 3083 4160 τῶν
3107 4111 3293 4181 ψυχῶν
3321 4091 3487 4185 ama,
3502 4119 3768 4175 τουτέστι

2168 4187 2266 4260 τὴν
2301 4191 2536 4264 ζωτικὴν
2565 4195 2741 4250 αὐτῶν
2770 4197 2996 4272 δύναμιν
3017 4244 3032 4267 ,
3060 4207 3337 4275 ἐκμυζῶν.
3378 4211 3528 4280 Ἔχει
3561 4213 3620 4266 δὲ
3657 4216 3763 4268 Ου-

2166 4281 2421 4352 γατέρας,
2466 4286 2560 4337 καὶ
2594 4288 2713 4358 οὐχὶ
2747 4291 2922 4355 υἱούς·
2971 4296 3122 4349 οὐδὲν
3168 4298 3276 4372 γὰρ
3304 4301 3568 4374 ἀνδρεῖον,
3611 4308 3765 4363 ἀλλά

2167 4368 2347 4422 πᾶσαν
2377 4371 2568 4444 ἡδονὴν
2590 4375 3021 4454 ὲκϐηλυμμένην.
3049 4368 3280 4460 ᾍδηςῆ
3311 4368 3476 4446 κακία
3497 4368 3765 4472 Θυγάτηρ

2097 4485 2138 4540 D
2167 4453 2300 4510 οὖσα
2333 4461 2426 4513 τοῦ
2458 4462 2725 4531 διαϐόλου,
2765 4453 3287 4551 ἀναιροῦσα-ψυχὰς
3326 4485 3420 4536 καὶ
3473 4453 3637 4558 κόρον

2167 4544 2532 4617 λαμϐάνουσα·
2570 4560 2823 4624 γυναικὸς
2845 4561 3004 4632 ἔρως,
3039 4566 3071 4636 ῆ
3104 4544 3614 4634 ἀθέοςῗδιδασκαλία
3649 4544 3763 4646 τῆς

2169 4638 2382 4709 ἀπάτης
2416 4642 2490 4713 μὴ
2529 4645 2908 4723 πληρουμένη·
2973 4657 3043 4728 γῆ
3093 4675 3150 4710 τε
3199 4662 3299 4715 οὐκ
3348 4638 3762 4746 ἐμπιπλαμὲνιτῖ

2169 4726 2377 4793 ὕδατος,
2410 4733 2552 4806 ψυχὴ
2585 4738 2890 4814 ψαμμώδης
2911 4747 3003 4798 καὶ
3035 4726 3247 4816 ἄγονος,
3283 4726 3620 4830 ποτιζομένῆ
3645 4726 3762 4830 iis;

2165 4818 2250 4871 dei.
2264 4824 2380 4886 ταῖς
2395 4825 2656 4896 Γραφαίς,
2689 4833 2852 4904 μηδὲν
2866 4836 2919 4889 δὲ
2946 4838 3316 4916 βελτιουμένηο
3337 4848 3420 4917 ἐφ’
3432 4844 3519 4914 αἷς
3539 4818 3759 4922 πάσαις

2165 4909 2276 4982 πῦρ
2303 4914 2418 4968 ἐστι
2441 4916 2547 4972 τῶν
2574 4921 2865 4982 κολάσεων.
