3880 6216
511 262 626 318 165

1406 264 1960 322 SUPPLEMENTUM
1994 265 2085 319 AD
2119 265 2442 323 ORIGENIS
2477 263 2886 324 EXEGETICA.

3664 276 3761 332 16$

518 380 695 436 sibilia
730 381 943 450 respicit
972 397 990 448 ;
1022 381 1218 446 oratio,
1248 384 1413 439 verba
1449 396 1501 440 et
1523 386 1878 457 cogitationes
1904 405 1918 453 ;
1945 402 2095 442 mens

2197 386 2304 438 τῶν
2336 388 2592 459 ῥημάτων
2639 389 2733 442 καὶ
2756 387 2864 442 τῶν
2897 388 3196 460 νοημάτων·
3228 391 3256 443 6
3293 391 3348 446 δὲ
3398 390 3541 458 νοῦς,
3570 393 3766 467 Θεωρία

516 475 776 545 denique,
807 477 860 532 in
906 477 1360 535 intellectualibus
1395 481 1558 536 rebus
1585 490 1852 538 versatur.

589 566 611 598 ³
637 566 792 623 Sicut
834 583 987 624 mens
1021 585 1115 639 per
1143 586 1334 625 sensus
1359 571 1424 624 ad
1464 571 1744 626 sensibilia
1773 572 2089 636 intenditur,

520 658 590 713 ita
617 660 780 714 etiam
810 675 907 728 per
932 659 1162 715 virtutes
1189 661 1573 716 intellectualia
1598 663 1872 718 observat.
1890 665 2086 730 Quam-

519 753 706 807 obrem
753 767 940 808 sensus
989 767 1205 823 quoque
1237 753 1520 809 continere
1551 754 1838 821 rationem,
1873 757 2090 825 sapiens

519 844 772 900 Salomon
799 861 896 900 nos
919 847 1096 900 docet.

585 931 608 962 ‘
635 931 735 997 Qui
771 934 1068 1002 nequitiam
1108 935 1330 1000 habent,
1359 945 1626 1004 quatenus
1658 937 1888 1008 improbi
1937 949 2086 1001 sunt,

517 1022 839 1091 sapientiam
868 1036 1228 1093 aspernantur
1259 1046 1270 1080 ε
1301 1037 1352 1081 et
1384 1029 1510 1096 quia
1545 1031 1738 1082 timore
1766 1041 1973 1093 carent,
1997 1033 2086 1099 qui

517 1128 710 1169 sensus
735 1117 949 1170 initium
999 1120 1147 1183 l'acit,
1183 1120 1386 1175 idcirco
1412 1121 1543 1175 fatui
1576 1132 1702 1177 sunt
1728 1134 1782 1176 et
1809 1124 2089 1192 sapientia:

516 1217 936 1277 contemptores.
974 1210 1114 1276 Quid
1178 1212 1249 1264 ita
1276 1212 1299 1265 ?
1324 1213 1446 1280 quia
1486 1229 1661 1283 neque
1695 1223 1880 1284 agunt,
1913 1229 2088 1283 neque

518 1297 850 1368 intelligunt.
883 1299 1144 1369 Quisquis
1173 1303 1317 1356 enim
1367 1305 1507 1357 male
1563 1307 1707 1374 agit,
1744 1305 1917 1359 lucem
1950 1307 2084 1361 odit.

517 1390 706 1460 Neque
733 1409 826 1447 eos
849 1397 1064 1464 propria
1100 1407 1289 1450 natura
1349 1397 1695 1461 dehonestat,
1723 1399 1814 1451 sed
1849 1399 2084 1467 ipsorum

516 1483 755 1542 inscitia.
788 1484 1172 1542 Verumtamen
1213 1489 1284 1558 pii
1320 1489 1568 1543 homines
1599 1491 1936 1558 disciplinam
1973 1506 2088 1543 am-

516 1574 846 1644 plectuntur,
882 1586 938 1630 ut
967 1580 1224 1634 mundato
1249 1583 1429 1634 animo
1459 1583 1728 1650 excipiant
1769 1583 1942 1648 illam,
1968 1599 2086 1654 quae

517 1667 572 1721 in
607 1669 910 1722 malivolam
966 1671 1200 1724 animam
1244 1687 1347 1725 non
1384 1673 1706 1742 ingreditur,
1740 1676 2081 1744 sapientiam.

516 1757 707 1824 Secus,
745 1762 836 1830 qui
869 1762 959 1816 Dei
1002 1765 1193 1820 timore
1245 1776 1453 1828 carent,
1486 1775 1575 1834 qut
1631 1781 1826 1822 sensus
1870 1769 2078 1822 initium

516 1855 668 1919 facit,
694 1871 869 1921 neque
895 1859 1216 1926 sapientiam
1259 1874 1435 1928 neque
1471 1861 1810 1928 disciplinam
1841 1863 2080 1930 sapiunt,

510 1947 605 2000 sed
635 1958 921 2018 utramque
952 1963 1314 2019 aspernantur
1346 1965 1357 2009 :
1386 1952 1529 2007 velut
1552 1953 1626 2007 illi
1653 1955 1742 2023 qui
1780 1953 1944 2009 Vetus
1979 1955 2081 2008 Te-

509 2043 833 2089 stamentum
871 2053 975 2091 non
995 2036 1310 2102 admittunt,
1337 2050 1391 2092 ct
1415 2037 1724 2094 Creatorem
1748 2041 2082 2098 crudelitatis

506 2123 848 2182 insimulant.

491 2269 498 2285 ,
578 2219 599 2251 ⁵
631 2217 784 2274 Sicut
828 2230 1014 2275 vertex
1057 2231 1112 2275 et
1155 2221 1351 2276 collum
1400 2222 1489 2277 hic
1536 2223 1755 2278 denotat
1804 2234 2035 2280 mentem
2061 2267 2076 2290 ,

502 2311 575 2366 ita
607 2314 771 2366 etiam
825 2328 1026 2368 corona
1075 2324 1130 2366 et
1176 2325 1399 2383 torques
1449 2315 1756 2384 signiﬁcant
1803 2317 1905 2371 hoc
1961 2317 2078 2372 loco

500 2405 807 2460 scientiam.
836 2405 987 2461 Solet
1014 2407 1158 2459 enim
1205 2405 1438 2474 Spiritus
1485 2417 1708 2461 sanctus
1749 2408 1933 2463 multis
1980 2425 2079 2463 no-

497 2498 735 2551 minibus
775 2496 1064 2566 indigitare
1111 2496 1276 2549 Deum
1318 2507 1371 2550 et
1418 2496 1641 2566 angelos
1671 2497 1808 2567 ejus,
1840 2507 2073 2553 mentem

498 2603 560 2642 ac
609 2589 883 2648 virtutem.
918 2589 1200 2642 scientiam
1231 2597 1285 2642 et
1325 2589 1721 2656 insipientiam,
1779 2591 2072 2655 malitiam,

497 2678 787 2747 ipsumque
817 2678 1089 2732 diabolum
1115 2693 1236 2732 cum
1265 2678 1468 2747 angelis
1491 2679 1626 2746 ejus.
1651 2679 1805 2733 Haud
1840 2695 1965 2734 vero
1997 2691 2075 2733 te-

495 2784 646 2824 mere
668 2771 883 2822 nomina
907 2771 1158 2840 imponit.
1192 2777 1250 2824 ut
1283 2771 1500 2839 quidam
1527 2772 1980 2830 existimant;sed
2006 2787 2069 2826 ea

496 2862 831 2915 diversarum
866 2863 1238 2932 operationum
1267 2873 1394 2917 sunt
1427 2864 1623 2918 indicia
1657 2882 1672 2917 :
1712 2866 1820 2918 Deo
1852 2867 2069 2934 quidem

494 2967 591 3022 per
618 2954 840 3020 angelos
889 2955 939 3007 iu
988 2955 1142 3008 nobis
1183 2963 1481 3023 operante;
1521 2963 1574 3009 et
1618 2955 1773 3009 nobis
1807 2957 1858 3010 in
1893 2971 1956 3010 eo
1992 2957 2070 3008 vi-

495 3044 695 3109 cissim,
720 3045 1030 3114 pariterque
1052 3045 1266 3100 diabolo
1297 3060 1424 3115 erga
1457 3061 1555 3100 nos
1581 3055 1795 3116 agente.

563 3222 585 3255 °
610 3222 675 3278 Hi
703 3234 830 3278 sunt
862 3224 1297 3281 adversariorum
1333 3227 1672 3291 cohaeredes,
1704 3227 1794 3295 qui
1819 3228 2061 3282 eamdem

492 3326 612 3366 cum
635 3313 764 3382 ipsis
788 3315 1115 3384 participant
1139 3315 1560 3384 improbitatem.
1585 3316 1878 3371 Commune
1901 3331 2063 3384 porro

491 3413 596 3469 est,
633 3405 774 3471 quod
808 3421 912 3458 non
962 3415 1045 3460 est
1078 3407 1238 3462 unius
1291 3407 1406 3462 Dei.
1443 3408 1827 3464 Animadverte
1884 3419 2061 3464 autem

491 3497 836 3552 concordiam
867 3498 1166 3567 improbam
1193 3509 1248 3554 et
1273 3502 1582 3558 exitiosam.

560 3591 580 3621 "
615 3591 750 3644 Rete
796 3600 876 3644 est
920 3603 1122 3645 aeterna
1158 3607 1340 3662 ptena,
1377 3601 1431 3648 et
1462 3592 1611 3647 varia
1653 3595 1863 3662 punitio
1889 3609 2006 3664 quae
2031 3608 2058 3646 a

485 3680 629 3751 justo
657 3681 837 3750 judice
873 3683 1098 3752 impuris
1136 3685 1421 3739 animabus
1468 3685 1786 3755 imponitur,
1815 3694 1874 3739 ut
1924 3684 2061 3738 male

488 3785 632 3830 natae
667 3776 762 3829 alte
783 3777 1096 3844 perdantur.
1133 3774 1252 3830 Jam
1294 3790 1423 3831 vero
1448 3777 1662 3845 pennati
1695 3792 1794 3831 nos
1817 3777 2060 3830 homines

489 3863 736 3928 dicimur,
785 3864 911 3933 quia
947 3865 1161 3920 volandi
1217 3865 1443 3942 viribus,
1493 3865 1757 3935 siquidem
1811 3865 2056 3931 velimus,

486 3957 694 4026 praediti
728 3971 935 4010 sumus.

560 4047 582 4077 ⁸
611 4047 826 4100 Exitum
857 4062 1002 4101 nunc
1047 4048 1282 4116 appellat
1311 4047 1682 4117 egredientem
1713 4062 1741 4100 a
1776 4045 1976 4100 malitia
2007 4055 2060 4099 et

487 4137 794 4206 insipientia
826 4138 1081 4189 animam.
1119 4137 1213 4189 Ille
1246 4146 1426 4190 autem
1469 4146 1550 4191 est
1590 4136 1821 4189 filiorum
1845 4136 2059 4191 lsraelis

485 4233 684 4297 exitus,
710 4233 800 4300 qui
835 4233 892 4286 tit
924 4242 1047 4301 post
1075 4233 1312 4302 genesim
1349 4248 1416 4286 ex
1453 4232 1661 4301 judicio
1704 4231 1795 4286 Dei
1837 4246 1901 4285 ac
1940 4246 2056 4284 ma-

485 4325 728 4393 gisterio.
757 4323 874 4377 Jam
903 4324 1072 4391 ipsam
1096 4324 1332 4375 animam
1362 4324 1491 4376 dicit
1525 4323 1759 4392 plateam
1789 4339 1801 4374 :
1841 4340 1859 4372 ι
1887 4322 2054 4375 Dilata

2201 477 2309 529 τῶν
2343 479 2566 550 νοητῶν.

2266 572 2475 644 ’Ὠσπερ
2512 571 2599 624 διὰ
2644 571 2750 625 τῶν
2791 572 3092 644 αἰσθήσεων
3124 577 3152 628 6
3185 575 3308 640 νοῦς
3334 577 3613 632 ἐπιϐάλλει
3653 583 3762 643 τοῖς

2194 663 2486 733 αἰσθητοῖς,
2547 661 2688 716 οὕτω
2737 665 2829 716 καὶ
2860 663 2947 717 διὰ
2977 664 3085 718 τῶν
3127 667 3336 736 ἀρετῶν
3383 668 3670 722 ἐποπτεύει
3699 671 3762 722 τά

2193 755 2374 825 νοητά·
2407 755 2596 825 διόπερ
2629 756 2723 808 καὶ
2759 755 3062 826 αἰσθήσεως
3095 757 3253 810 αὑτὸν
3287 758 3440 827 λόγον
3471 759 3687 830 ἐπέχειν
3736 763 3764 813 6

2194 845 2354 914 σοφὸς
2379 844 2628 914 Σολομὼν
2652 847 2796 916 ἡμᾶς
2828 846 3086 902 διδάσκει.

2261 935 2323 987 Οἱ
2363 935 2628 1004 κτώμενοι
2682 937 2900 1002 κακίαν,
2947 938 3026 1008 τῷ
3065 939 3223 991 κακοὶ
3264 933 3401 992 εἶναι
3432 940 3760 1006 ὲξουδενοῦσι

2193 1028 2404 1096 σοφίαν·
2430 1030 2523 1082 καὶ
2558 1029 2632 1100 μὴ
2667 1029 2878 1098 ἔχοντες
2911 1031 3070 1099 φόϐον
3093 1031 3184 1084 τὸν
3215 1031 3467 1084 ποιοῦντα
3486 1032 3656 1104 ἀρχὴν
3679 1037 3762 1086 αἱ-

2191 1119 2452 1190 σθήσεως,
2485 1121 2864 1191 ἀναισθητοῦσι
2901 1124 2993 1175 καὶ
3021 1123 3347 1186 ὲξουδενοῦσι
3375 1125 3582 1192 σοφίαν·
3616 1126 3758 1191 πῶς

2189 1208 2265 1278 τῷ
2300 1211 2374 1281 μὴ
2408 1212 2664 1281 πράττειν
2702 1213 2833 1283 μηδὲ
2862 1213 3117 1282 μετιέναι·
3171 1216 3280 1276 πᾶς
3308 1213 3415 1284 γάρ
3438 1215 3551 1268 ότά
3585 1216 3759 1285 φαῦλα

2191 1301 2462 1372 πράττων,
2511 1307 2657 1373 μισεῖ
2686 1305 2746 1356 τὸ
2801 1304 2936 1372 φῶς·
2973 1305 3084 1358 ἀλλ’
3118 1306 3178 1358 οὐ
3228 1307 3374 1377 παρά
3431 1308 3526 1378 τὴν
3558 1309 3760 1361 οἰκείαν

2190 1393 2349 1460 φύσιν
2380 1395 2725 1464 ἀτιμάζεται.
2768 1395 2901 1449 ἀλλά
2940 1396 3089 1466 παρὰ
3129 1397 3227 1466 τὴν
3272 1398 3492 1450 ἐκείνων
3516 1399 3754 1466 ἄγνοιαν·

2189 1485 2304 1537 ἀλλ’
2329 1488 2377 1538 οἱ
2412 1487 2650 1550 εὐσεϐεῖς
2684 1488 2960 1558 αἱροῦνται
2991 1488 3086 1558 τὴν
3119 1489 3384 1554 παιδείαν,
3420 1491 3506 1542 ἵνα
3537 1490 3632 1562 τὴν
3659 1491 3759 1560 ψυ-

2190 1577 2287 1647 χὴν
2313 1577 2694 1648 καθαρθέντες,
2731 1579 3069 1642 εἰσδέξωνται
3091 1580 3189 1648 τὴν
3209 1581 3290 1644 εἰς
3316 1581 3636 1650 κακότεχνον
3659 1583 3759 1652 ψυ-

2190 1670 2292 1740 χὴν
2319 1669 2390 1740 μὴ
2425 1669 2691 1723 εἰσιοῦσαν
2718 1671 2923 1738 σοφίαν·
2943 1670 3062 1723 οἱδὲ
3088 1671 3160 1742 μὴ
3196 1671 3406 1741 ἔχοντες
3429 1673 3756 1742 φόϐονΘεοῦ,

2188 1765 2277 1815 τὸν
2299 1762 2550 1815 ποιοῦντα
2576 1763 2745 1834 ἀρχὴν
2786 1763 3106 1832 αἰσθήσεως,
3141 1764 3520 1834 άναισθητοῦσι
3565 1766 3758 1834 σοφίας

2184 1857 2277 1908 καὶ
2309 1855 2573 1928 παιδείας,
2605 1857 2698 1907 καὶ
2734 1855 3102 1918 ἐξουθενοῦσιν
3145 1856 3427 1928 ἀμφότερα
3452 1857 3571 1926 (1⁸)·
3606 1858 3680 1920 ὡς
3708 1859 3758 1910 oi

2181 1945 2277 2016 τὴν
2295 1924 2532 1998 [Ῐαλαιὰν
2553 1945 2625 2016 μὴ
2641 1945 2932 2015 δεχόμενοι,
2949 1946 3144 1998 καὶτὸν
3164 1924 3237 2018 An
3247 1924 3501 2019 μιουργδν
3605 1949 3759 2018 ὠμὸν

2180 2038 2570 2102 διαϐάλλοντες.

2255 2218 2464 2288 Ὥσπερ
2485 2220 2517 2288 ἡ
2543 2217 2751 2289 κορυφὴ
2783 2219 2875 2271 καὶ
2902 2220 2929 2271 6
2945 2217 3210 2289 τράχηλος
3235 2217 3383 2288 δηλοῖ
3412 2216 3640 2270 ἐνταῦθα
3659 2216 3761 2272 τὸν

2179 2309 2321 2372 νοῦν,
2354 2309 2494 2362 οὕτω
2519 2311 2612 2362 καὶ
2638 2313 2666 2363 ὁ
2700 2311 2960 2380 στέφανος
2994 2313 3086 2364 καὶ
3117 2313 3145 2364 6
3172 2311 3348 2373 κλοιὸς
3388 2309 3619 2362 ἐνταῦθα
3652 2325 3750 2379 ση-

2181 2401 2360 2472 μαίνει
2407 2402 2506 2471 τὴν
2535 2401 2753 2470 γνῶσιν·
2789 2401 2926 2473 αῦτη
2960 2403 3068 2474 γὰρ
3101 2406 3133 2475 ἡ
3172 2403 3425 2472 συνήθεια
3453 2401 3546 2454 τοῦ
3577 2402 3755 2453 Πνεῦ-

2181 2510 2344 2564 ματος
2378 2493 2470 2544 τοῦ
2503 2493 2677 2560 ἁγίου,
2719 2493 2931 2556 πολλοῖς
2960 2495 3216 2564 ὀνόμασιν
3240 2492 3486 2563 ὠνόμασε
3516 2491 3757 2546 τὸνθεόν

2175 2601 2234 2636 τε
2269 2584 2363 2637 καὶ
2407 2586 2532 2647 τοὺς
2579 2583 2843 2652 ἀγγέλους
2885 2585 3069 2650 αὐτοῦ,
3114 2587 3207 2638 καὶ
3237 2586 3324 2638 τὸν
3357 2584 3499 2648 νοῦν,
3534 2585 3626 2637 καὶ
3651 2585 3757 2655 τὴν

2175 2675 2393 2746 ἀρετὴν,
2426 2676 2519 2729 καὶ
2548 2675 2644 2747 τὴν
2671 2675 2892 2743 γνῶσιν,
2924 2677 3016 2729 καὶ
3057 2677 3155 2746 τὴν
3184 2677 3474 2744 ἀγνωσίαν,
3511 2677 3605 2729 καὶ
3651 2675 3756 2744 τὴν

2173 2768 2391 2832 κακίαν,
2445 2769 2537 2821 καὶ
2571 2768 2733 2821 αὐτὸν
2770 2768 2859 2821 τὸν
2900 2767 3141 2822 διάϐολον
3195 2768 3288 2821 καὶ
3321 2770 3444 2830 τοὺς
3484 2767 3756 2835 ἀγγέλους

2173 2857 2355 2910 αὐτοῦ·
2405 2859 2502 2927 οὐχ
2544 2858 2728 2922 ἁπλῶς
2769 2859 2825 2912 δὲ
2873 2859 3051 2929 τίθησι
3087 2857 3154 2911 τὰ
3193 2857 3448 2927 ὀνόματα,
3493 2857 3566 2919 ὥς
3602 2873 3756 2919 τινες

2171 2950 2390 3004 οἴονται·
2437 2952 2708 3022 διαφόρων
2741 2953 3028 3022 ἐνεργειῶν
3057 2952 3162 3004 είσὶ
3189 2951 3560 3021 γνωρίσματαο
3609 2948 3755 3001 Θεοῦ

2173 3041 2228 3094 δὲ
2254 3041 2342 3095 διὰ
2373 3042 2479 3094 τῶν
2511 3042 2757 3110 ἀγγέλων
2799 3044 2927 3113 ἡμῖν
2957 3040 3328 3114 ἐνεργοῦντος,
3356 3042 3448 3094 καὶ
3477 3039 3633 3111 ἡμῶν
3687 3042 3755 3094 ἐν

2167 3133 2334 3203 αὐτῷ,
2366 3133 2636 3204 δαιμόνων
2657 3152 2716 3186 τε
2746 3135 2882 3205 πρὸς
2917 3135 3081 3204 ἡμᾶς.

2239 3220 2399 3279 Οὗτοι
2425 3227 2848 3296 συγκληρονόμοι
2871 3227 2977 3278 τῶν
2994 3227 3376 3296 ἀντικειμένων
3395 3225 3550 3288 εἰσὶν,
3574 3225 3621 3276 οἱ
3642 3222 3756 3293 τῆς

2166 3319 2330 3389 αὐτῆς
2346 3319 2528 3382 αὐτοῖς
2549 3319 2744 3382 κακίας
2764 3319 2965 3390 μεταλα
2975 3318 3280 3390 μϐάνοντες·
3308 3317 3482 3370 κοινὸν
3497 3317 3554 3369 δέ
3570 3319 3749 3379 ἐστιν,

2164 3411 2192 3463 ὃ
2223 3413 2294 3483 μὴ
2325 3412 2416 3464 τοῦ
2451 3412 2569 3475 ένός
2612 3414 2728 3465 ἐστι
2764 3412 2857 3465 τοῦ
2899 3412 3052 3466 Θεοῦο
3112 3416 3212 3487 ὅρα
3257 3414 3313 3467 δὲ
3363 3411 3611 3482 ὁμόνοιαν
3650 3428 3756 3464 πο-

2163 3518 2226 3572 νη
2236 3501 2336 3572 ράν
2359 3502 2452 3554 καὶ
2483 3501 2724 3572 ὄλεθρον.

2232 3593 2454 3648 Δίκτυόν
2489 3597 2604 3648 ἐστι
2644 3596 2862 3660 κόλασις
2904 3595 3137 3661 αἰώνιος,
3179 3595 3274 3648 καὶ
3309 3593 3635 3664 πολυσχιδὴς
3669 3612 3758 3647 τι-

2166 3686 2344 3758 μωρία
2399 3686 2550 3756 παρά
2605 3687 2699 3740 τοῦ
2746 3687 2952 3740 δικαίου
3013 3686 3200 3758 κριτοῦ
3246 3688 3367 3748 ταῖς
3411 3683 3757 3754 ἀκαθάρτοις

2163 3779 2545 3850 προσαγομένη
2577 3779 2771 3849 ψυχαῖς
2799 3779 2883 3831 ἐπ’
2911 3779 3154 3850 ἀπωλείᾳ.
3180 3777 3286 3831 τῶν
3321 3775 3503 3839 κακῶς
3535 3775 3754 3842 ἐκφῦν-

2161 3886 2269 3921 των
2298 3869 2531 3939 πτερῶν·
2567 3868 2820 3940 πτερωτὰ
2853 3869 2928 3933 δὲ,
2965 3871 3125 3940 ἡμεῖς
3154 3871 3201 3921 οἱ
3233 3867 3506 3938 ἄνθρωποι
3540 3866 3591 3918 οἱ
3647 3866 3754 3919 δύ-

2161 3976 2322 4029 ναμιν
2351 3959 2444 4012 ἐὰν
2473 3959 2714 4030 θέλωμεν
2754 3959 2965 4030 ἔχοντες
2988 3960 3082 4011 τοῦ
3107 3958 3432 4028 ἀναπτῆναι.

2231 4049 2447 4116 Ἔξοδον
2491 4050 2586 4104 νῦν
2633 4051 2885 4120 ὀνομάζει
2924 4051 3022 4121 τὴν
3076 4049 3392 4116 ἐξελθοῦσαν
3419 4047 3597 4118 ψυχὴν
3632 4049 3759 4101 ἀπὸ

2160 4141 2356 4203 κακίας
2371 4142 2464 4193 καὶ
2488 4140 2777 4209 ἀγνωσίας·
2803 4140 3020 4210 τοιαύτη
3052 4140 3107 4192 δὲ
3135 4139 3309 4204 ἔξοδος
3337 4139 3443 4190 τῶν
3466 4137 3596 4189 υἱῶν
3642 4137 3759 4190 Ἰσ-

2163 4230 2316 4301 ραὴλ,
2361 4232 2393 4300 ἡ
2435 4231 2570 4301 μετὰ
2603 4231 2700 4302 τὴν
2730 4233 2792 4284 ἐκ
2835 4231 2936 4301 τῆς
2968 4231 3201 4302 κρίσεως
3230 4229 3322 4281 τοῦ
3363 4228 3497 4280 Θεοῦ
3528 4228 3624 4280 κα.)⁸
3660 4228 3755 4281 διο

2158 4321 2453 4385 δασκαλίας
2484 4324 2698 4390 γένεσιν
2724 4326 2996 4391 γεγονυῖαν
3023 4323 3118 4393 τὴν
3155 4321 3320 4391 αὐτὴν
3349 4321 3404 4373 δὲ
3437 4319 3614 4390 ψυχὴν
3643 4320 3756 4374 καὶ

485 4417 650 4477 enim,
686 4415 861 4484 inquit
893 4415 1196 4484 Scriptura,
1222 4429 1284 4467 os
1314 4425 1484 4480 tuum,
1517 4423 1566 4468 et
1599 4415 1828 4482 implebo
1855 4413 1999 4467 illud.
2031 4431 2049 4462 ι
2087 4429 2096 4486 ι

2189 4415 2418 4468 πλατεῖαν
2448 4414 2594 4483 λέγει
2616 4433 2628 4445 ·
2655 4434 2672 4464 ι
2695 4415 2970 4468 Πλάτυνον
2995 4413 3122 4484 γάρ,
3152 4413 3303 4483 φησὶ,
3327 4413 3387 4464 τὸ
3420 4413 3593 4481 στόμα
3615 4428 3751 4474 σου,

434 4571 438 4575 _
491 4525 511 4557 ι
531 4506 596 4560 Et
611 4524 705 4562 vos
728 4523 941 4577 quoque
957 4507 1278 4570 dilatamini,
1302 4525 1320 4556 ι
1343 4507 1415 4558 ait
1432 4507 1482 4558 in
1509 4506 1741 4559 secunda
1765 4505 1830 4557 ad
1856 4504 2048 4559 Corin-

2192 4505 2246 4555 ai.
2258 4503 2362 4574 πλη
2371 4503 2527 4574 ρὼσω
2543 4504 2688 4557 αὑτά
2705 4524 2721 4555 ι
2732 4505 2823 4556 καὶ
2841 4521 2861 4555 ι
2874 4502 3226 4572 πλατύνθητε,
3243 4503 3393 4572 φησὶ,
3414 4503 3506 4554 καὶ
3518 4503 3545 4553 ὑ
3556 4504 3680 4571 μεῖς
3691 4541 3708 4563 ,
3726 4522 3747 4550 ι

488 4600 628 4654 thios
660 4601 874 4654 Paulus.
909 4600 973 4652 Et
1000 4601 1066 4653 ab
1093 4601 1274 4654 anima
1329 4598 1568 4666 quidem,
1609 4612 1730 4665 qua:
1753 4597 1827 4649 ita
1857 4596 2048 4658 evasit,

2189 4613 2212 4648 ν
2245 4597 2309 4665 τῇ
2357 4595 2492 4666 πρὸς
2523 4596 2842 4667 Κορινθίους
2871 4598 2898 4648 6
2940 4594 3166 4657 Παῦλος·
3224 4594 3318 4646 καὶ
3365 4593 3468 4644 ὑπὸ
3501 4592 3598 4662 μὲν
3634 4596 3753 4664 τῆς

487 4691 788 4745 celebratur
817 4693 1102 4761 sapientia,
1133 4701 1188 4746 et
1219 4692 1272 4744 in
1303 4701 1443 4746 terra
1487 4691 1778 4744 virtutibus
1811 4688 2050 4757 spatiosa

2189 4685 2325 4749 ῦτως
2373 4686 2734 4757 ἐξερχομένης
2767 4687 2961 4756 ψυχῆς,
3010 4686 3256 4755 ὑμνεῖται
3291 4685 3324 4754 ἡ
3367 4683 3541 4751 σοφίαο
3583 4684 3643 4734 ὲν
3681 4685 3754 4737 δὲ

487 4782 820 4836 conﬁdenter
845 4783 1004 4852 degit.
1036 4784 1290 4838 Summos
1317 4792 1496 4837 autem
1527 4797 1710 4836 muros
1733 4781 1861 4834 dicit
1885 4781 2051 4849 ipsius

2189 4781 2227 4848 ’ᾗ
2267 4778 2644 4849 πλατυνομένῃ
2695 4777 2780 4830 διὰ
2813 4778 2920 4829 τῶν
2952 4776 3181 4847 ἀρετῶν,
3233 4774 3540 4845 παρρησίαν
3583 4774 3751 4842 ἄγει.

490 4887 752 4927 summam
788 4887 819 4926 a
862 4874 1242 4941 cupiditatibus
1293 4873 1738 4942 tranquillitatem
1763 4888 1779 4927 :
1809 4873 2051 4940 quando-

2189 4872 2378 4941 Ακρων
2397 4870 2451 4922 δὲ
2479 4870 2698 4940 τειχέων
2721 4871 2909 4941 αὐτῆς,
2941 4871 3036 4941 τὴν
3061 4869 3233 4941 ἄκραν
3273 4868 3535 4922 ἀπάθειαν
3557 4867 3751 4936 λέγει’

489 4964 704 5033 quidem
753 4966 844 5032 qui
897 4966 1071 5033 legem
1117 4965 1385 5036 diligunt,
1436 4979 1648 5017 mttrum
1681 4963 1784 5017 sibi
1819 4964 2052 5017 circum-

2189 4963 2311 5032 ἵπερ
2340 4964 2388 5014 οἱ
2423 4961 2742 5030 ἀγαπῶντες
2781 4962 2870 5014 τὸν
2905 4961 3086 5032 νόμον,
3129 4959 3564 5031 παραϐάλλουσιν
3607 4961 3757 5014 ἑαυ-

489 5056 637 5109 dant.
656 5054 966 5122 Cujusmodi
997 5057 1134 5108 muri
1160 5057 1334 5124 gratia
1365 5065 1614 5124 precatur
1638 5053 1802 5108 David
1827 5055 2044 5108 dicens:

2189 5056 2265 5115 οῖς
2296 5056 2490 5122 τεῖχος·
2516 5054 2653 5124 ὑπὲρ
2682 5047 2742 5107 οῦ
2768 5055 2980 5124 τείχους
3011 5052 3225 5122 εὗχεται
3257 5054 3350 5105 καὶ
3388 5053 3416 5103 6
3463 5051 3624 5103 Δαυῖδ
3646 5052 3755 5104 λέ-

495 5163 516 5198 (
535 5149 1402 5204 Ᾱὲιιίθοιιηῑιινηιυπίιιίετυεοιεηι
1443 5166 1456 5201 :
1497 5168 1516 5200 ι
1546 5149 1596 5202 id
1625 5157 1709 5202 est
1731 5147 1886 5215 hujus
1919 5162 2050 5202 meae
2154 5160 2282 5212 γων·
2315 5162 2333 5192 ε
2357 5143 2768 5214 Οἰκοδομηθήτω
2784 5144 2851 5197 τὰ
2872 5145 3020 5214 τείχη
3047 5141 3422 5216 Ἰερουσαλὴμ,
3443 5160 3462 5192 ι
3482 5141 3752 5195 τουτέστι

491 5239 680 5293 anima:
706 5242 958 5308 prostrati
1002 5242 1139 5295 muri
1173 5249 1389 5310 propter
1412 5240 1556 5296 Uria:
1581 5239 1872 5312 negotium.

2189 5235 2259 5303 ἧς
2291 5235 2500 5287 τοιᾶσδε
2542 5235 2719 5305 ψυχῆς
2752 5234 2819 5286 τὰ
2860 5234 3344 5300 καταπεπτωκότα,
3391 5232 3632 5304 δηλονότι
3666 5235 3752 5286 ἐκ

2158 5323 2256 5392 τῆς
2281 5323 2374 5376 τοῦ
2402 5324 2597 5394 οὐρίου
2623 5325 2965 5396 προφάσεως.

552 5417 574 5448 ⁹
606 5416 882 5484 Quomodo
910 5432 1038 5488 ergo
1065 5417 1200 5471 dixit
1224 5424 1381 5470 antea
1405 5415 1660 5471 Salomon
1697 5430 1710 5466 :
1746 5431 1764 5464 ι
1795 5412 1895 5479 Qui
1929 5427 2054 5484 per-

2227 5416 2351 5479 Πῶς
2368 5413 2776 5498 οῦνέμπροσθέν
2805 5435 2965 5488 φησιν
2979 5417 3007 5470 6
3027 5415 3295 5486 Σολομώνο
3318 5435 3337 5469 ι
3361 5415 3416 5469 Ὀ
3432 5413 3490 5468 δὲ
3514 5413 3756 5485 ἐπιχαί-

553 5556 733 5612 ³ν.7.
812 5557 983 5612 ‘ibid.
1061 5555 1252 5612 “v.9.
1330 5556 1536 5610 ‘v.H.
1613 5557 1717 5609 ⁷ν.
1752 5557 1839 5612 Π.
1907 5556 2096 5610 8v.2(

2207 5565 2228 5595 θ
2259 5570 2314 5607 v.
2353 5556 2442 5609 26.

552 5699 651 5768 (t‘)
694 5699 814 5753 llaec
850 5701 1044 5769 partim
1079 5711 1394 5769 repetuntur
1423 5716 1486 5755 ex
1521 5702 1920 5768 superioribus;
1959 5701 2051 5754 sed
2095 5709 2274 5753 tamen
2309 5700 2379 5753 ita
2405 5713 2464 5754 se
2496 5698 2653 5753 habet
2687 5697 2874 5754 codex.
