3880 6216
163 299 265 352 165

1322 298 1684 355 EXPOSITIO
1711 299 1778 353 IN
1807 298 2220 356 PROVERBIA.

3302 305 3405 361 166

155 432 264 487 ρων
290 413 648 485 ἀπολλυμένῳ
672 414 771 466 οὐκ
800 413 1216 484 ἁθωωοήσεται;
1257 432 1273 466 t
1306 416 1375 467 Ἢ
1405 415 1542 485 τάχα
1566 415 1726 478 οὕτως

1842 425 2000 471 eunte
2055 418 2270 487 gaudet,
2322 431 2424 471 non
2474 417 2578 471 erit
2613 417 2916 475 innocens?
2950 437 2969 470 ι
2996 417 3090 472 Vel
3138 418 3297 489 igitur
3331 421 3406 476 ita

155 503 334 574 χαίρει
361 505 396 574 ἡ
429 505 610 572 σοφία,
635 505 710 567 ὡς
737 504 906 575 ἐχάρη
946 505 1038 556 ἐπὶ
1069 507 1133 574 τῇ
1169 505 1412 576 ἀπωλείᾳ
1446 506 1727 560 Ματθαίου

154 596 245 648 τοῦ
273 595 530 662 τελώνου,
557 597 651 649 καὶ
677 598 768 649 ἐπὶ
792 598 884 650 τοῦ
917 598 1113 671 λῃστοῦ
1151 597 1393 670 ἀπωλείᾳ
1417 598 1732 651 πιστεύσαν-

153 701 243 748 τος
266 684 345 754 τῷ
376 685 622 757 Χριστῷ;
646 686 739 739 τοῦ
767 689 861 758 μὲν
886 689 1014 759 γὰρ,
1031 689 1120 741 τὸν
1147 687 1348 761 λῃστὴν
1367 691 1400 759 ἡ
1436 689 1617 758 σοφία·
1637 689 1728 742 τοῦ

154 776 231 840 δὲ,
270 777 364 829 τὸν
393 779 628 848 τελώνην
650 779 898 832 ἀπώλεσε
932 779 1028 850 (*2).

227 868 518 940 Πολιορκία
559 869 678 922 ἐστὶ
702 870 1011 923 διδασκαλία
1034 871 1220 942 ἠθικὴ,
1248 872 1346 943 τὴν
1371 871 1556 934 κακῶς
1584 872 1729 924 οἰκο-

152 959 480 1030 δομηθεῖσαν
526 960 702 1034 ψυχὴν
737 964 1184 1034 καταστρέφουσα
1227 964 1320 1016 ἐπὶ
1357 967 1422 1034 τῇ
1457 963 1550 1016 τοῦ
1593 963 1728 1016 Θεοῦ

155 1051 461 1121 πολιορκίᾳ.

225 1141 440 1213 Ὠσπερ
460 1141 529 1194 τά
553 1144 720 1214 νήπια
748 1143 950 1214 μεταξὺ
979 1143 1198 1198 δικαίων
1227 1145 1321 1198 καὶ
1347 1145 1548 1200 ἀδίκων
1569 1147 1725 1209 εἰσὶν,

152 1230 296 1284 οὕτω
327 1233 424 1285 καὶ
445 1233 644 1298 πάντες
671 1237 719 1287 οἱ
751 1236 1023 1306 ἂνθρωποι
1059 1237 1260 1307 μεταξὺ
1293 1238 1538 1306 ἀγγέλων
1555 1255 1612 1290 τε
1639 1241 1730 1292 καὶ

151 1321 426 1392 δαιμόνων
486 1327 611 1389 εἰσὶ,
669 1328 804 1397 μήτε
861 1327 1114 1398 δαίμονες
1147 1329 1296 1392 ὄντες
1331 1331 1465 1400 μήτε
1510 1331 1728 1399 ἄγγελοι

151 1414 605 1485 χρηματίζοντες,
633 1418 792 1490 μέχρι
817 1418 917 1489 τῆς
935 1420 1240 1484 συντελείας
1259 1421 1350 1473 τοῦ
1386 1423 1596 1486 αἰῶνος·
1623 1423 1731 1492 ἡδί-

152 1524 286 1561 κουν
316 1509 373 1562 δὲ
425 1509 670 1581 νηπίους,
707 1507 848 1576 εἶπε,
905 1513 1032 1584 περὶ
1079 1506 1153 1566 ὧν
1199 1515 1434 1585 Χριστὸς
1477 1514 1601 1586 ἔφη·
1636 1515 1726 1588 Μὴ

153 1601 548 1673 σκανδαλίσητε
575 1603 674 1656 ἕνα
704 1604 810 1656 τῶν
840 1605 1051 1675 μικρῶν
1085 1604 1310 1658 τούτων.

231 1781 292 1834 Ὀ
344 1781 558 1852 ἀπαθὴς
602 1781 862 1852 ἡσυχάζει
883 1783 1098 1851 ἀφόϐως
1147 1783 1254 1836 ἀπὸ
1303 1781 1502 1846 παντὸς
1557 1785 1725 1837 κακοῦ

150 1873 436 1943 λογισμοῦ,
463 1873 557 1926 καὶ
585 1875 698 1943 μετ’
728 1874 903 1942 ὀλίγον
947 1873 1361 1944 κατασκηνώσει
1393 1877 1450 1928 ὲν
1479 1877 1543 1945 τῇ
1575 1875 1725 1944 βασι-

151 1964 269 2035 λείᾳ
317 1963 415 2018 τοῦ
461 1965 614 2018 Θεοῦ·
657 1965 733 2028 ὡς
779 1965 1017 2029 ἀκούσας
1062 1968 1155 2019 καὶ
1184 1965 1423 2031 φυλάξας
1463 1966 1530 2020 τὰ
1553 1983 1722 2038 προσ-

151 2056 408 2126 τάγματα
429 2057 616 2122 αὐτοῦ,
651 2058 732 2111 ὅτι
754 2057 976 2128 ἢλπισεν
1009 2060 1096 2112 ἐπ’
1119 2058 1301 2112 αὐτόν.

1655 2167 1808 2223 CAP.

221 2264 412 2327 Οῦτως
462 2263 692 2335 κρύπτει
726 2265 943 2336 ἐντολὴν
995 2265 1088 2318 τοῦ
1119 2265 1252 2318 Θεοῦ
1281 2267 1309 2318 ὁ
1338 2264 1505 2318 ποιῶν
1535 2263 1724 2335 αὐτὴν,

146 2353 176 2421 ἢ
209 2357 239 2407 ό
271 2355 347 2425 μὴ
377 2355 472 2408 ἐπὶ
521 2355 795 2426 κενοδοξία
827 2356 1014 2410 ποιῶν·
1054 2356 1175 2410 ὅθεν
1200 2356 1294 2409 καὶ
1315 2359 1362 2410 οἱ
1392 2357 1641 2426 δαίμονες
1665 2359 1728 2411 ἐκ

148 2444 241 2497 τοῦ
294 2444 372 2515 μὴ
407 2449 704 2517 συγχωρεῖν
754 2447 920 2518 αὐτὴν
945 2449 1116 2501 ποιεῖν
1150 2449 1316 2519 ἡμᾶς,
1350 2447 1612 2521 ἁρπάζειν
1645 2447 1729 2500 λέ-

148 2554 362 2606 γονται.
1253 2535 1262 2542 ’

219 2630 354 2682 Τότε
386 2631 636 2700 συνήσεις
660 2629 818 2693 πῶςὸ
845 2630 1006 2698 φόϐος
1029 2630 1121 2684 τοῦ
1136 2630 1340 2702 Κυρίου
1369 2631 1510 2703 ἀρχὴ
1539 2633 1728 2702 σοφίας

146 2720 318 2783 ἐστὶν,
357 2722 452 2773 καὶ
483 2722 598 2784 πῶς
621 2723 718 2792 τῆς
746 2721 838 2774 τοῦ
864 2721 998 2774 Θεοῦ
1021 2721 1274 2791 γνώσεως
1296 2723 1502 2790 γίνεται
1538 2725 1728 2796 πρόξε-

145 2830 257 2875 νος,
304 2812 435 2865 ὃταν
469 2815 526 2865 ὲν
572 2813 752 2866 πίστει
800 2815 890 2866 καὶ
919 2814 1069 2885 πόοῳ
1109 2815 1258 2885 αὐτῴ
1287 2816 1536 2888 ὑπάρχῃς
1559 2833 1728 2888 προσ-

146 2903 295 2973 δεής·
321 2903 677 2974 προῦπάρξαι
704 2904 760 2956 δὲ
790 2905 870 2958 δεῖ
901 2906 1086 2974 σοφίαν
1127 2907 1220 2960 καὶ
1253 2905 1484 2970 σύνεσιν,
1514 2909 1646 2979 πρὸς
1669 2909 1729 2960 τὸ

145 2970 444 3063 δυνηθῆναι
504 2970 737 3048 συνεῖναι
786 2995 948 3064 φόϐον
975 2970 1225 3066 νΚυρίου·
1281 2970 1638 3070 προσάξωμεν
1671 3001 1727 3054 δὲ
1756 2970 1798 3026 C

148 3085 323 3137 ταῦτα
351 3089 465 3149 τοῖς
493 3087 588 3156 τὴν
629 3085 819 3155 σοφίαν
873 3088 966 3140 κα)¹
987 3086 1200 3140 σύνεσιν
1240 3087 1593 3153 ἐξουθενοῦσι·
1627 3110 1728 3145 κα-

147 3175 446 3244 ταφεύγειν
479 3177 534 3229 δὲ
565 3176 901 3247 βουλομένοις
941 3179 1031 3231 ἐπὶ
1059 3179 1120 3232 τὺ
1150 3179 1428 3248 φοϐεῖσθαι
1459 3181 1548 3234 τὸν
1575 3182 1726 3246 Θεὸν,

145 3267 223 3331 ὡς
263 3269 360 3320 ἐπὶ
392 3269 615 3338 εὐχερὲς
638 3270 888 3339 πρᾶγμα.

220 3359 463 3432 Χριστοῦ
516 3360 625 3431 γὰρ
665 3362 739 3432 μὴ
775 3360 1062 3432 ῥυομένου,
1098 3361 1173 3424 ὡς
1199 3363 1406 3432 ἀγαθὴν
1439 3363 1726 3435 ὁδεύσομεν

151 3453 248 3522 τὴν
276 3453 483 3522 κακήν·
519 3453 662 3519 ἀγιοι
697 3453 794 3522 μὲν
820 3453 926 3525 γάρ
976 3454 1153 3506 πάντα
1197 3453 1411 3522 λέγουσι
1443 3458 1628 3510 πιστά·
1662 3457 1731 3510 τά

147 3542 205 3594 δὲ
256 3543 342 3596 οῦ·
374 3545 402 3596 ὁ
426 3542 744 3606 δὲδιάϐολος
777 3543 928 3596 οὐδὲν
955 3544 1161 3608 πιστὸν,
1198 3545 1316 3597 ἀντὶ
1345 3545 1460 3607 τοῦ,
1497 3548 1730 3611 πίστεως

151 3633 319 3698 ᾰξιον’
349 3634 522 3704 ἄνδρα
544 3633 651 3704 γάρ
682 3634 775 3688 νῦν
801 3634 891 3687 τὸν
911 3633 1156 3688 διάϐολον
1180 3635 1348 3703 λέγει,
1381 3636 1455 3700 ὼς
1479 3639 1536 3689 ὲν
1549 3637 1728 3705 Εὐαγ-

153 3725 376 3791 γελίοις·
399 3724 453 3776 εἰ
487 3741 547 3792 γε
579 3725 860 3795 ἄνθρωπος
890 3727 1122 3796 πονηρὸς
1158 3727 1374 3800 ἔσπειρε
1408 3729 1474 3782 τὰ
1497 3728 1725 3793 ζιζάνια·

155 3817 385 3888 μεγίστη
419 3817 475 3870 δὲ
504 3817 579 3880 ὡς
608 3817 782 3871 ἔοικεν
819 3819 1096 3889 ἐπιϐουλὴ,
1128 3821 1188 3873 τὸ
1225 3825 1534 3891 περιτυχεῖν
1567 3823 1725 3894 βουλῇ

154 3911 320 3977 κακῇ,
375 3908 471 3960 καὶ
516 3907 739 3979 ἀνδράσι
779 3907 970 3972 δολίοις
1007 3911 1101 3963 καὶ
1145 3910 1394 3975 ὑπούλοις
1426 3912 1518 3964 καὶ
1565 3929 1730 3982 πονη-

153 4002 287 4069 ροῖς.

224 4095 284 4145 El
307 4094 340 4164 ἡ
373 4092 504 4144 ποιά
525 4091 686 4162 βουλὴ
709 4093 1135 4165 συντετριμμένη
1164 4095 1326 4164 ἤγουν
1351 4097 1725 4166 ἐσκοτισμένη,

150 4185 240 4239 νοῦ
280 4184 498 4255 κίνησίς
529 4185 694 4248 ἐστιν,
747 4183 860 4247 πῶς
910 4183 1047 4255 αὕτη
1084 4186 1344 4238 ἀπέλιπεν
1383 4185 1726 4240 διδασκαλίαν

147 4277 432 4345 νεότητοςς
468 4275 585 4338 πῶς
607 4276 662 4328 δὲ
695 4277 789 4328 καὶ
818 4276 964 4340 Θείας
995 4277 1286 4331 ἐπελάϐετο
1311 4277 1598 4348 διαΟήκης;
1638 4279 1725 4341 Ὠς
1757 4312 1800 4365 D

149 4370 256 4440 γὰρ
284 4369 415 4439 περὶ
438 4367 576 4432 ζώου
605 4367 844 4436 λογικοῦ,
873 4369 968 4439 τῆς
994 4372 1166 4440 κακῆς
1191 4368 1526 4440 βουλῆςὴμῖν
1550 4369 1726 4422 διαλέ-

149 4477 322 4527 γεται.
353 4462 421 4512 Ἢ
445 4460 539 4513 νῦν
571 4460 762 4530 βουλὴν
792 4461 965 4530 κακὴν
1003 4461 1091 4513 τὸν
1114 4461 1356 4514 διάϐολον
1377 4461 1544 4530 λέγει·
1572 4461 1726 4525 οὗτος

150 4551 257 4621 γὰρ
277 4549 466 4612 κακῶς
490 4549 858 4611 ἐϐουλεύσατο,
884 4549 1068 4601 εἰπών·
1107 4569 1123 4600 ι
1147 4550 1358 4602 Ἐπάνω
1381 4551 1486 4602 τῶν
1513 4551 1724 4622 ἄστρων

152 4640 300 4710 θήσω
324 4641 418 4693 τὸν
439 4640 624 4711 Θρὸνον
659 4659 779 4710 μου,
807 4643 897 4693 καὶ
920 4641 1111 4712 ἔσομαι
1133 4643 1315 4712 ὅμοιος
1338 4641 1414 4711 τῷ
1429 4642 1684 4712 Ὑψίστῳ·
1701 4661 1718 4693 ι

154 4733 446 4787 ἐπελάθετο
474 4733 531 4786 δὲ
556 4733 652 4802 τῆς
687 4733 834 4796 Θείας
860 4733 1130 4801 γνώσεως,
1165 4733 1474 4786 καταλιπὼν
1503 4735 1598 4804 τὴν
1649 4733 1726 4785 δι-

151 4823 446 4875 δασκαλίαν
491 4822 588 4891 τῆς
622 4824 886 4891 νεότητος·
923 4825 1043 4892 ἥτις
1075 4824 1262 4892 νεότης
1305 4825 1403 4894 τὴν
1458 4824 1726 4895 προτέραν

154 4915 315 4968 αὐτοῦ
343 4915 676 4967 κατάστασιν
707 4915 874 4985 δηλοῖ,
931 4915 1052 4968 καθ’
1080 4915 1147 4985 ἣν
1177 4917 1268 4968 καὶ
1297 4914 1533 4984 ζηλωτὸς
1556 4911 1643 4985 ἦν·
1676 4919 1722 4968 εἰ

152 5005 374 5068 ἃνὲους
408 5005 626 5058 δύναται
658 5007 948 5070 συνετίζειν
970 5005 1095 5058 ἔνθα
1130 5005 1261 5058 πολὺ
1281 5007 1340 5059 τὸ
1361 5007 1627 5077 δυσήνιον,
1649 5007 1721 5077 μὴ

155 5099 324 5170 παρού
335 5114 455 5166 σης·
482 5097 658 5167 πολλῷ
683 5098 880 5167 μᾶλλον
903 5097 1178 5168 πρεσϐύτῃ
1203 5096 1494 5168 ὠφέλιμος.

221 5275 374 5327 Ὅσοι
432 5273 932 5344 καταλαμϐάνονται
972 5275 1075 5326 ὑπὸ
1124 5276 1380 5328 ἐνιαυτῶν
1425 5275 1586 5346 ζωῆς,
1633 5274 1719 5328 διὰ

150 5365 255 5418 τῶν
286 5365 463 5437 ἔργων
495 5364 594 5434 τῆς
622 5363 918 5434 μελλούσης
938 5363 1165 5428 ἀειζώου
1192 5367 1356 5436 ζωῆς,
1387 5360 1529 5419 οῦτοι
1561 5381 1722 5419 κατα·

222 5554 267 5585 ¹⁶
295 5570 344 5606 v.
368 5556 459 5608 9.7.

539 5556 578 5586 “
619 5570 672 5613 v.
703 5556 793 5610 δὲ.
873 5555 915 5584 ¹²
942 5569 992 5608 v.
1026 5554 1117 5608 55.
1199 5553 1242 5586 ¹³
1264 5568 1314 5608 v.
1361 5555 1385 5607 1

1833 509 2028 574 gaudet
2055 508 2336 577 sapientia,
2365 519 2524 578 prout
2555 510 2623 565 de
2646 519 2904 578 pereunte
2937 511 3226 579 publicano
3264 510 3398 566 Mat-

1835 602 1975 656 tbazo
2002 601 2184 670 gavisa
2230 609 2331 666 est,
2366 616 2468 656 nec
2506 617 2610 656 non
2662 602 2729 655 de
2757 611 3018 670 pereunte
3062 601 3273 656 latrone
3309 603 3402 672 qui

1832 691 2047 745 Christo
2079 690 2357 745 credidit?
2385 690 2544 745 Certe
2577 692 2660 744 hic
2684 691 2951 745 latronem
2983 691 3271 761 sapientia,
3295 692 3403 746 illic

1836 797 1962 837 vero
1991 781 2332 851 publicanum
2368 782 2751 852 pessumdedit.

1903 876 1948 907 ¹⁰
1977 874 2234 930 Ohsessio
2265 884 2346 930 est
2385 875 2605 928 moralis
2644 875 2910 940 doctrina,
2943 890 3064 944 quae
3103 877 3246 931 male
3271 875 3398 932 mdi-

1831 969 2043 1023 ﬁcatatn
2073 968 2308 1022 animam
2346 966 2595 1037 subjugat
2617 967 2885 1021 obsidenti
2915 967 3042 1022 Deo.

1901 1150 1942 1180 “
1977 1147 2127 1203 Sicut
2159 1146 2395 1201 infantes
2439 1147 2601 1201 medii
2627 1156 2752 1202 sunt
2795 1147 2937 1200 inter
2973 1148 3146 1216 iustos
3176 1157 3232 1201 et
3260 1146 3401 1215 iniu-

1829 1248 1962 1303 stos,
1988 1239 2065 1294 sic
2092 1237 2252 1292 etiam
2285 1240 2462 1290 cuncti
2500 1237 2751 1291 homines
2785 1237 2949 1291 medii
2984 1237 3124 1291 inter
3181 1238 3400 1305 angelos

1829 1329 2206 1396 daemonesque
2254 1336 2408 1389 sunt,
2453 1326 2575 1394 quia
2621 1341 2796 1396 neque
2835 1325 3008 1396 angeli
3057 1335 3179 1380 sunt
3225 1342 3400 1396 neque

1829 1421 2101 1474 daemones
2151 1429 2281 1472 ante
2325 1417 2503 1472 saeculi
2540 1418 3088 1471 consummationem.
3137 1416 3397 1485 lnjuriam

1828 1521 2005 1566 autem
2037 1511 2360 1572 inferebant,
2395 1510 2587 1578 inquit,
2615 1509 2876 1579 parvulis,
2914 1509 2982 1562 de
3019 1508 3216 1576 quibus
3244 1510 3401 1564 Chri-

1829 1609 1943 1654 stus
1975 1597 2111 1651 dixit
2145 1614 2158 1648 :
2186 1595 2384 1650 Cavete
2415 1611 2657 1665 nequem
2699 1612 2763 1650 ex
2795 1597 2878 1650 his
2902 1597 3140 1666 parvulis
3174 1600 3401 1654 scanda-

1831 1689 2026 1743 lizetis.
2101 1689 2109 1742 Ι

1902 1781 1946 1811 ¹¹
1978 1777 2376 1848 Cupiditatibus
2405 1777 2566 1831 homo
2591 1776 2726 1830 liber
2761 1777 2958 1832 nullam
2997 1793 3218 1848 pravam
3250 1779 3400 1848 cogi-

1833 1871 2086 1926 tationem
2118 1868 2416 1936 experitur,
2445 1877 2499 1921 et
2537 1867 2698 1935 paulo
2734 1880 2852 1937 post
2905 1870 2954 1922 in
2993 1884 3156 1939 regno
3183 1869 3275 1924 Dei
3309 1871 3400 1924 ha-

1829 1963 2024 2017 bitabit
2057 1979 2070 2014 :
2103 1959 2300 2029 quippe
2330 1959 2418 2027 qui
2447 1957 2696 2012 mandata
2724 1959 2842 2028 ejus
2871 1961 3245 2026 custodiverit,
3276 1962 3400 2032 quia

1831 2056 2066 2126 speravit
2090 2054 2142 2108 in
2169 2069 2314 2108 eum.

1842 2167 1907 2222 ll.

1907 2264 1950 2295 ¹³
1981 2263 2070 2317 Sic
2097 2261 2187 2316 Dei
2212 2269 2537 2330 prmceptum
2587 2261 2896 2323 abscondit,
2933 2263 3022 2330 qui
3051 2263 3179 2318 illud
3213 2265 3403 2320 obser-

1832 2365 1943 2418 vat,
1972 2352 2056 2407 vel
2085 2353 2176 2421 qui
2209 2353 2350 2406 haud
2376 2353 2444 2406 ob
2462 2367 2653 2405 vanam
2683 2351 2910 2416 gloriam
2933 2354 3204 2410 observat.
3224 2356 3402 2423 Quare

1832 2456 1890 2503 et
1915 2446 2208 2507 daunones,
2254 2447 2382 2498 dum
2417 2459 2514 2498 nos
2548 2459 2653 2498 non
2691 2445 2874 2498 sinunt
2915 2444 3041 2499 illud
3072 2447 3398 2515 observare,

1834 2553 2025 2608 rapere
2065 2528 2337 2592 dicuntur.

1907 2633 1951 2663 “
1990 2631 2142 2685 Tunc
2174 2629 2442 2697 intelliges
2470 2629 2737 2699 quomodo
2760 2629 2922 2684 timor
2944 2630 3156 2685 Domini
3188 2633 3399 2687 initium

1832 2725 2107 2794 sapientia:
2142 2723 2233 2788 sit,
2269 2732 2324 2777 et
2373 2722 2640 2790 quomodo
2669 2722 2962 2791 agnitionis
2996 2722 3087 2778 Dei
3123 2725 3279 2780 dator
3307 2727 3400 2793 sit,

1831 2816 2262 2886 quotiescunque
2310 2829 2430 2868 cum
2463 2814 2566 2868 fide
2595 2825 2648 2866 et
2677 2813 2945 2868 desiderio
2999 2815 3094 2870 lies
3126 2816 3240 2870 Deo
3271 2832 3401 2882 sup-

1833 2908 1974 2975 plex.
2007 2905 2111 2960 Sed
2157 2905 2366 2959 anteire
2409 2905 2569 2958 debet
2613 2905 2874 2973 sapientia
2919 2915 2975 2960 et
3026 2907 3400 2977 intelligentia,

1833 2997 1980 3064 prius
2008 3011 2166 3064 quam
2207 2995 2417 3049 Domini
2462 2995 2708 3050 timorem
2741 2997 3198 3064 comprehendere
3225 3010 3405 3054 mente

1829 3104 2017 3157 queas.
2053 3087 2178 3143 l-lzec
2216 3088 2280 3142 iis
2311 3088 2649 3142 inculcamus
2681 3088 2768 3156 qui
2805 3089 3124 3156 sapientiam
3159 3101 3211 3145 et
3240 3091 3400 3144 intel-

1828 3182 2102 3252 ligentiam
2152 3188 2542 3248 aspernantur;
2576 3188 2631 3233 et
2685 3188 2865 3233 tamen
2913 3183 2978 3234 ad
3032 3181 3121 3233 Dei
3151 3181 3400 3236 timorem

1830 3272 2088 3326 accedere
2117 3271 2322 3335 volunt,
2353 3280 2610 3340 tanquam
2642 3271 2708 3324 ad
2739 3271 2899 3325 facile
2924 3271 3221 3340 negotium.

1901 3365 1942 3393 ¹⁵
1975 3361 2084 3416 Nisi
2118 3361 2365 3416 Christus
2397 3377 2496 3415 nos
2522 3361 2732 3424 liberet,
2774 3364 2912 3418 mala
2938 3365 3022 3417 via
3052 3362 3212 3430 quasi
3253 3361 3392 3416 bona

1830 3467 2135 3522 pergemus.
2167 3453 2350 3505 Sancti
2395 3463 2544 3506 certe
2596 3453 2826 3507 ﬁdeliter
2880 3453 3060 3507 omnia
3096 3455 3307 3517 dicunt,
3344 3462 3400 3506 et

1828 3560 1950 3613 qua:
1975 3553 2102 3599 sunt
2141 3558 2320 3599 secus.
2356 3543 2609 3598 Diabolus
2631 3559 2760 3598 vero
2794 3545 2928 3598 nihil
2955 3545 3204 3609 fideliter,
3235 3546 3287 3600 id
3317 3558 3401 3602 est

1829 3637 1932 3690 fide
1963 3637 2202 3707 dignum.
2229 3635 2473 3703 Namque
2505 3635 2593 3690 hic
2625 3637 2894 3691 diabolum
2929 3638 3028 3691 viri
3062 3639 3278 3694 nomine
3305 3641 3402 3694 de-

1830 3738 2004 3794 notat,
2033 3730 2174 3783 utin
2197 3729 2519 3800 Evangeliis,
2567 3730 2830 3799 siquidem
2867 3730 2975 3786 illic
3019 3731 3190 3788 malus
3234 3733 3400 3787 homo

1831 3821 2038 3874 zizania
2087 3821 2242 3875 sevit.
2277 3820 2630 3875 Maximarum
2683 3830 2832 3876 certe
2875 3823 3194 3876 insidiarum
3233 3824 3401 3879 instar

1828 3919 1930 3976 est,
1965 3927 2086 3965 cum
2117 3911 2311 3981 aliquis
2343 3911 2396 3965 in
2426 3927 2650 3981 pravum
2681 3912 2961 3966 consilium
3007 3913 3216 3979 incidit,
3239 3925 3400 3986 atque

1828 4002 1882 4057 in
1918 4004 2162 4058 homines
2193 4003 2429 4065 dolosos,
2462 4001 2704 4067 fallaces,
2738 4011 2792 4057 et
2821 4005 3116 4072 improbos.

1903 4093 1947 4124 ¹⁶
1977 4091 2034 4146 Si
2079 4091 2399 4146 cuicuimodi
2430 4093 2717 4146 consilium
2747 4095 3064 4159 contritum,
3098 4097 3151 4150 id
3175 4106 3258 4151 est
3298 4098 3398 4150 ob-

1829 4191 2126 4242 scuratum,
2172 4183 2366 4234 utentis
2407 4183 2697 4236 commotio
2741 4191 2856 4248 est,
2889 4200 2985 4238 cur
3016 4186 3397 4242 adolescentia:

1829 4272 2168 4341 disciplinam
2196 4273 2467 4337 deseruit;
2500 4289 2598 4327 cur
2626 4275 2789 4328 divini
2831 4275 3052 4330 foederis
3084 4276 3247 4331 oblita
3273 4289 3354 4333 est
3374 4279 3400 4330 ‘l

1829 4361 1962 4415 Nam
1997 4362 2160 4416 veluti
2197 4378 2318 4416 cum
2349 4363 2598 4416 rationali
2631 4363 2849 4417 animali
2885 4366 2951 4418 de
2975 4381 3138 4433 pravo
3172 4367 3396 4421 consilio

1827 4455 2106 4507 nobiscum
2134 4453 2387 4522 loquitur.
2417 4453 2511 4506 Vel
2545 4468 2687 4507 nunc
2715 4453 2912 4506 malum
2946 4456 3230 4508 consilium
3263 4456 3396 4512 dicit

1827 4544 2113 4598 diabolum.
2150 4543 2246 4597 llic
2279 4545 2420 4597 enim
2463 4545 2703 4612 improbe
2732 4559 2914 4598 secum
2947 4545 3292 4610 deliberavit,
3311 4549 3393 4600 di-

1827 4650 1952 4689 cens
1988 4650 2002 4686 :
2043 4654 2060 4685 ‹
2088 4634 2260 4703 Super
2290 4645 2434 4687 astra
2461 4650 2654 4702 ponam
2697 4636 2944 4689 thronum
2971 4652 3170 4702 meum,
3193 4653 3395 4708 eroque

1827 4727 2016 4780 similis
2033 4726 2328 4780 Altissimo.
2361 4745 2378 4776 ι
2403 4726 2506 4779 Sed
2533 4727 2731 4780 oblitus
2757 4737 2839 4781 est
2865 4729 3058 4781 divina:
3075 4729 3390 4798 agnitionis,

1827 4818 2032 4884 abjccta
2066 4816 2442 4870 adolescentiae
2481 4817 2783 4886 disciplina.
2815 4818 3187 4873 Adolescentia
3208 4831 3390 4876 autem

1827 4907 2147 4974 intelligitur
2185 4905 2330 4974 prior
2365 4904 2481 4973 ejus
2523 4917 2718 4969 status,
2760 4923 2867 4974 quo
2899 4907 3025 4960 felix
3061 4917 3198 4961 erat.
3235 4907 3389 4973 Quod

1828 5000 1872 5053 si
1929 4999 2298 5052 adolescentes
2343 4999 2628 5068 disciplina
2677 5001 2894 5053 erudire
2938 5000 3224 5070 valetquee
3259 5009 3393 5054 tetas

1827 5093 2031 5158 absque
2056 5090 2338 5160 disciplina
2368 5090 2522 5145 valde
2553 5099 2844 5146 contumax
2868 5099 2980 5156 est;
3009 5093 3195 5161 utique
3224 5091 3393 5147 multo

1827 5181 1933 5236 erit
1967 5181 2152 5234 utilior
2177 5181 2380 5234 homini
2410 5181 2548 5235 seni.

1897 5274 1940 5304 "
1980 5273 2296 5342 Quicunque
2330 5273 2809 5343 apprehenduntur
2838 5273 2905 5328 ab
2939 5274 3096 5328 annis
3124 5274 3268 5340 vitae,
3296 5287 3393 5344 per

1825 5379 1986 5433 opera
2018 5366 2210 5421 futura:
2236 5375 2455 5421 aeterna:
2491 5367 2634 5431 vitm,
2681 5365 2734 5419 hi
2782 5375 2956 5420 rectas
2986 5366 3210 5420 semitas
3243 5365 3393 5420 inve-

1493 5553 1536 5583 ¹δ
1574 5567 1623 5608 v.
1661 5553 1714 5606 5.
1793 5555 1835 5584 ’⁸
1875 5569 1921 5608 v.
1961 5554 2046 5608 12.
2125 5556 2171 5587 ¹⁶
2199 5571 2249 5611 v.
2283 5557 2368 5614 17.
2444 5557 2487 5586 ⁸⁷
2512 5571 2564 5609 v.
2594 5557 2676 5610 19.

219 5674 571 5748 (2)-ιιοειιιιιε
601 5677 664 5731 de
696 5677 860 5731 variis
902 5675 1092 5744 σοφίας
1121 5677 1410 5746 generibus
1463 5673 1748 5747 Origenes,
1785 5677 1870 5734 hic
1909 5678 2125 5748 quidem
2173 5693 2398 5748 pravam
2427 5679 2720 5748 serpentis,
2781 5693 2875 5733 seu
2924 5676 3146 5742 diaboli,
3176 5674 3394 5746 sapien-

164 5746 281 5798 tiam
309 5746 606 5814 indigitat.,
