3880 6216
493 324 592 379 167

1366 309 1925 370 SUPPLEMENTUM
1964 311 2055 363 AD
2084 307 2412 364 OlilGENlS
2444 306 2861 363 EXEGETICA.

3643 307 3741 362 163

487 438 637 491 nicnt
672 433 1073 503 imperturbata:
1099 429 1402 501 quietmque
1433 430 1554 483 vita:
1598 429 1720 498 (Qui
1747 433 1924 495 secus)
1960 428 2061 481 mi-

2169 426 2501 495 λαμϐάνουσι
2534 424 2752 496 τρίϐους
2791 423 3004 487 εὐθείας
3038 423 3136 493 τῆς
3161 423 3431 494 ἀταράχου
3466 424 3559 475 καὶ
3599 423 3746 476 duita-

488 528 782 585 sericordia
810 528 899 580 Dei
929 541 1030 579 non
1057 522 1532 593 compellunturin
1564 522 1681 574 vias
1707 532 1885 574 rectas
1906 528 2067 573 teter-

490 636 571 674 naa
600 616 1015 675 vitae—"Nam
1050 611 1764 681 sectatoresjustitizndiligit
1791 610 2065 673 Dominus,

491 724 665 777 neque
692 723 784 761 cos
823 707 998 775 capiet
1028 704 1312 758 consilium
1351 702 1571 755 malum.
1597 700 1700 766 Qui
1746 712 1929 753 autem
1957 715 2061 753 non

491 800 897 869 apprehendunt
920 806 1096 851 rectas
1122 796 1249 849 vitae
1276 795 1413 858 vias,
1451 809 1555 845 non
1591 801 1976 846 convertentur
1998 793 2064 846 ad

491 905 713 960 regnum
752 888 865 955 Dei,
902 889 1028 958 quia
1061 887 1269 943 scilicet
1304 884 1518 940 diabolo
1546 882 1850 938 confidunt.

2177 519 2371 574 στάτου
2408 516 2571 587 ζωῆς·
2614 518 2673 569 ού
2707 516 3211 586 καταλαμϐάνονται
3241 515 3344 567 ὑπὸ
3376 514 3483 567 τῶν
3510 516 3743 586 οἰκτειρ-

2178 607 2293 677 μῶν
2322 607 2487 660 αὑτοῦ
2522 608 2601 668 είς
2632 606 2731 669 τὰς
2766 605 2983 676 τρίϐους
3012 605 3109 673 τῆς
3138 604 3349 664 εὐθείας
3380 604 3655 667 ἀειζωῒας.
3678 634 3745 645 -

2174 696 2476 759 Διώκοντας
2498 696 2602 767 γὰρ
2624 694 2966 764 δικαιοσύνην
2990 695 3178 764 ἀγαπᾷ
3205 694 3425 765 Κύριος,
3458 696 3553 747 καὶ
3584 694 3643 747 οὐ
3673 693 3744 763 μὴ

2170 786 2643 869 συγκαταλάϐηται
2672 786 2864 847 αὐτοὺς
2890 786 2922 855 ή
2951 786 3044 838 τοῦ
3075 786 3314 856 πονηροῦ
3348 785 3533 856 βουλή·
3568 786 3628 837 ού
3654 803 3747 837 κα-

2167 880 2571 951 ταλαμϐάνουσι
2621 880 2677 933 δὲ
2707 879 2925 949 τρίϐους
2951 878 3163 942 εὐθείας
3194 878 3358 949 ζωῆς·
3393 879 3514 932 οὐδὲ
3548 879 3622 950 μὴ
3650 880 3746 933 ἀν·-

2174 971 2555 1043 τιστρέψουσιν
2585 973 2666 1033 είς
2692 972 2790 1039 τὴν
2835 969 3108 1040 βασιλείαν
3136 970 3228 1024 τοῦ
3260 969 3417 1035 Θεοῦ,
3450 972 3498 1023 οἱ
3526 971 3604 1041 τῷ
3634 956 3745 1025 δια-

2182 1064 2322 1133 ϐόλῳ
2344 1062 2682 1125 πεποιθότες.

1988 1176 2141 1232 CAP.
2174 1177 2262 1232 111.

565 1271 609 1302 ¹⁹
640 1271 731 1326 llle
760 1271 1100 1326 obliviscitur
1140 1270 1298 1340 legis,
1339 1270 1429 1341 qui
1474 1269 1719 1341 legitime
1744 1284 1847 1323 non
1881 1270 2015 1325 vivit
2046 1287 2061 1324 :

488 1364 731 1417 meminit
762 1378 890 1418 vero
939 1362 1091 1433 legis,
1132 1364 1221 1432 qui
1255 1378 1321 1417 ex
1351 1364 1468 1433 ejus
1491 1378 1678 1417 norma
1725 1363 1889 1416 vitam
1918 1378 2063 1417 com-

487 1456 655 1523 ponit.
681 1453 775 1508 llle
805 1455 932 1509 item
967 1454 1132 1507 verba
1179 1454 1269 1507 Dei
1303 1454 1558 1517 cuStodit,
1584 1455 1673 1524 qui
1706 1469 1809 1507 non
1846 1469 1907 1508 ea
1940 1463 2060 1508 tan—

485 1548 764 1601 tummodo
796 1546 1135 1614 exsequitur,
1176 1546 1269 1599 sed
1311 1556 1365 1599 et
1401 1546 1522 1601 aliis
1556 1547 1694 1600 idem
1727 1547 1907 1601 facere
1937 1563 2061 1602 sua—

486 1642 594 1694 det.
624 1641 672 1693 ls
700 1649 877 1694 autem
914 1641 1075 1693 verba
1102 1640 1193 1692 Dei
1225 1642 1557 1709 pessumdat,
1589 1642 1681 1709 qui
1722 1655 1819 1695 nec
1848 1642 1963 1711 ipse
1993 1657 2057 1695 ea

485 1732 708 1800 exsequi
751 1731 882 1792 vult,
915 1740 969 1784 et
1019 1731 1154 1785 alios
1204 1731 1423 1801 insuper
1472 1732 1713 1801 impedit.
1757 1730 1871 1785 Non
1915 1733 2057 1787 enim

486 1824 761 1877 auditores
798 1822 931 1893 legis
970 1821 1427 1891 justifieabuntur.

557 1916 602 1946 ”
634 1914 869 1980 Sanitas,
914 1929 1078 1982 quam
1114 1916 1286 1969 virtus
1320 1916 1541 1984 praebet,
1596 1917 1798 1972 medela
1823 1926 1908 1971 est
1939 1917 2058 1972 vita:

489 2018 595 2062 tua:
639 2008 757 2062 :sic
808 2009 967 2061 etiam
1026 2007 1120 2061 Dei
1158 2008 1328 2077 gratia
1362 2017 1417 2061 et
1462 2024 1592 2062 cura
1638 2009 2059 2079 cogitationibus

486 2101 593 2153 tuis
609 2108 662 2153 et
678 2100 937 2153 consiliis.
958 2099 1091 2154 Cum
1116 2102 1309 2154 anima:
1338 2100 1503 2164 vires,
1527 2101 1578 2154 id
1604 2110 1686 2154 est
1713 2102 1959 2166 virtutes,
1978 2101 2060 2155 di-

482 2192 660 2243 vinam
685 2204 864 2244 curam
890 2191 1093 2244 sortitae
1112 2190 1333 2255 fuerint,
1351 2201 1475 2245 tunc
1494 2190 1672 2244 omnia
1695 2206 1816 2245 ossa
1836 2206 1951 2245 mea
1973 2190 2057 2243 di-

483 2291 609 2336 cent
638 2298 653 2333 :
693 2302 710 2332 ‹
739 2281 979 2346 Domine,
1004 2282 1247 2345 Domine,
1274 2282 1395 2349 quis
1411 2280 1600 2335 similis
1624 2281 1855 2334 esttibi?
1880 2300 1899 2331 ι
1923 2279 2054 2335 Nam

483 2370 666 2424 divino
693 2369 943 2439 prmsidio
972 2370 1280 2438 impetrato,
1309 2370 1637 2424 memorialis
1674 2369 1906 2424 facultas
1940 2370 2056 2423 ani-

483 2476 582 2514 mae
604 2476 823 2531 prorsus
838 2461 1012 2514 dicet:
1034 2460 1264 2514 «Memor
1278 2461 1351 2514 fui
1374 2461 1485 2526 Dei,
1504 2470 1557 2515 ct
1574 2461 1748 2515 laetata
1777 2477 1914 2515 sum.
1931 2481 1949 2513 ›
1973 2463 2055 2516 Si-

481 2553 685 2607 militer
702 2552 1113 2620 contemplativa
1139 2548 1366 2607 facultas
1382 2555 1524 2609 dicet
1549 2572 1562 2606 :
1593 2572 1610 2604 ι
1641 2554 2052 2623 lntellexiopera

481 2653 590 2707 tua,
610 2652 662 2697 et
678 2643 949 2712 obstupui.
977 2662 994 2692 ι
1012 2642 1381 2699 Desiderativa
1395 2660 1549 2715 atque
1566 2648 1735 2701 dicet:
1757 2667 1775 2699 ‹
1808 2648 2052 2711 Domine,

476 2748 659 2791 coram
696 2744 751 2787 te
779 2748 940 2787 omne
974 2734 1300 2789 desiderium
1341 2752 1542 2791 meum.
1568 2756 1587 2789 ι
1618 2741 1854 2809 Denique
1889 2742 2054 2794 ratio-

481 2828 617 2882 nalis
646 2827 873 2885 facultas
899 2830 1070 2885 dicet:
1102 2848 1120 2879 ι
1150 2828 1393 2898 Cogitavi
1426 2831 1539 2884 dies
1564 2834 1833 2901 antiquos.
1861 2851 1879 2883 ι
1908 2832 2053 2888 Reli-

479 2934 600 2988 quae
633 2923 834 2989 pariter
872 2922 1155 2975 facultates
1189 2921 1260 2975 ita
1286 2935 1343 2974 se
1376 2931 1585 2991 gerent.

549 3099 595 3130 ¹¹
633 3098 925 3168 Sapientia:
950 3099 1207 3154 studiosis
1244 3099 1376 3153 nihil
1424 3099 1705 3155 molestum
1740 3101 1868 3165 erit,
1914 3101 2054 3155 sicut

479 3193 642 3245 etiam
692 3192 747 3245 in
781 3192 1022 3261 pecuniae
1079 3191 1375 3261 cupiditate
1413 3193 1687 3246 usuvenit.
1730 3192 1880 3246 Mens
1918 3207 2049 3260 pura

478 3283 801 3352 propinquat
829 3283 1131 3351 sapientim,
1165 3285 1289 3351 quia
1323 3284 1463 3353 quod
1510 3288 1708 3338 bonum
1740 3297 1825 3337 ρει
1864 3284 2042 3353 digno-

478 3374 598 3426 scit.
654 3372 1035 3428 Verumtamen
1082 3375 1295 3443 impura
1348 3389 1500 3429 mens
1558 3375 1819 3444 sapientia
1865 3375 2051 3445 procul

479 3463 673 3518 aberit.

546 3558 596 3588 η
658 3555 770 3611 lloc
824 3558 1023 3628 lignum
1101 3566 1223 3626 post
1289 3558 1773 3628 transgressionem
1831 3569 2050 3624 gustare

476 3649 715 3702 Adamus
747 3651 1105 3717 prohibetur;
1139 3652 1338 3720 quippe
1378 3651 1505 3719 quia
1541 3666 1570 3703 a
1598 3649 1822 3717 iustitia:
1858 3650 2049 3705 fructi-

478 3748 576 3797 bus
599 3744 845 3797 nascitur
878 3744 1039 3799 arbor
1071 3745 1220 3798 vitae.
1262 3744 1437 3798 Arbor
1466 3759 1597 3797 vero
1622 3745 1766 3806 vine,
1787 3744 2045 3812 sapientia

474 3833 569 3889 Dei
603 3844 706 3891 est.
744 3835 943 3889 Merito
969 3849 1151 3890 autem
1186 3846 1409 3904 tangere
1436 3836 1641 3904 lignum
1689 3836 1792 3888 hoc
1820 3835 2045 3889 interdi-

475 3928 619 3981 citur
646 3928 832 3996 iniquo
859 3927 1051 3984 cuivis.

544 4018 593 4049 ’³
614 4018 754 4071 Dens
789 4019 1053 4087 sapientia
1082 4032 1174 4072 sua
1211 4025 1412 4071 terram
1444 4032 1659 4087 quoque
1688 4018 1959 4083 fundavit,
1994 4028 2048 4073 et

476 4126 640 4165 sensu
685 4110 802 4177 ejus
832 4121 1130 4179 eruperunt
1168 4111 1370 4179 abyssi,
1412 4120 1463 4165 et
1509 4113 1677 4163 nubes
1707 4125 1829 4164 rore
1853 4126 2044 4163 mana-

473 4212 618 4257 runt.
662 4202 831 4269 Quam
858 4216 985 4270 ergo
1029 4202 1116 4255 hic
1156 4201 1409 4254 Salomon
1460 4212 1664 4255 terram
1712 4202 1867 4267 dixit,
1907 4203 2043 4255 Pau-

472 4296 556 4349 lus
602 4295 941 4348 latitudinem
976 4294 1307 4362 appellavit;
1352 4304 1406 4348 et
1440 4296 1529 4363 qui
1566 4295 1653 4348 hic
1693 4295 1814 4347 coeli
1859 4296 2045 4348 dicun-

2240 1264 2407 1335 Οὗτος
2430 1271 2840 1327 ἐπιλανθάνεται
2856 1271 2948 1325 τοῦ
2966 1273 3152 1342 νόμου,
3176 1273 3203 1324 6
3224 1272 3296 1343 μὴ
3313 1270 3557 1341 νομίμως
3575 1269 3739 1339 βιούς·

2169 1358 2320 1427 οὗτος
2350 1364 2407 1416 δὲ
2439 1363 2706 1434 μέμνηται
2746 1363 2840 1416 τοῦ
2886 1364 3074 1434 νόμου,
3108 1366 3135 1415 6
3167 1362 3273 1427 ζῶν
3301 1364 3421 1415 κατ’
3443 1361 3625 1415 αὐτόν·
3652 1362 3744 1413 καὶ

2168 1452 2320 1521 οὗτος
2351 1460 2509 1528 τηρεῖ
2539 1456 2606 1509 τά
2654 1458 2872 1528 ῥήματα
2902 1456 2995 1509 τοῦ
3030 1456 3185 1519 Θεοῦ,
3214 1458 3240 1508 ὁ
3280 1458 3354 1527 μὴ
3390 1456 3546 1526 μόνον
3576 1454 3745 1507 ποιῶν

2167 1551 2328 1613 αὐτὰ,
2385 1550 2519 1604 ἀλλὰ
2565 1551 2658 1602 καὶ
2708 1550 2885 1612 ἄλλοις
2924 1548 3438 1619 συμϐουλευόμενος.
3474 1543 3641 1611 Οὗτος
3683 1546 3746 1599 δὲ

2164 1640 2453 1693 ἀπόλλυσιν
2485 1638 2643 1701 αὐτὰ,
2678 1642 2705 1691 6
2732 1638 2805 1709 μὴ
2828 1638 3146 1708 βουλόμενος
3180 1638 3437 1709 πράττειν
3464 1636 3623 1701 αὐτὰ,
3649 1635 3749 1689 καὶ

2162 1734 2381 1803 ἐτέρους
2409 1732 2649 1785 κωλύων·
2695 1732 2756 1784 ού
2799 1732 2907 1802 γάρ
2949 1733 2998 1784 οί
3044 1732 3307 1802 ἀκροαταὶ
3341 1730 3435 1783 τοῦ
3462 1731 3623 1802 νόμου
3672 1730 3747 1781 δι-

2161 1826 2581 1896 καιωθήσονται.

2233 1924 2403 1985 Ἴασις
2428 1922 2572 1973 ἐστὶν
2596 1921 2629 1989 ή
2664 1918 2723 1983 ἐξ
2743 1918 2943 1990 ἀρετῆς
2978 1918 3159 1986 ὑγίεια
3190 1919 3253 1988 τῇ
3291 1916 3535 1987 πολιτείᾳ
3558 1934 3671 1969 σου·
3706 1919 3742 1987 ἡ

2158 2014 2212 2067 δὲ
2244 2012 2337 2066 τοῦ
2370 2012 2502 2065 Θεοῦ
2548 2012 2707 2083 χάρις
2741 2010 2834 2063 καὶ
2874 2009 3162 2079 ἐπιμέλεια
3200 2010 3312 2071 τοῖς
3334 2007 3612 2077 λογισμοῖς
3644 2025 3744 2059 σου

2158 2107 2252 2160 καὶ
2275 2105 2647 2174 διανοήμασιν·
2680 2103 2809 2155 ὅταν
2841 2103 2898 2155 αἱ
2930 2101 3184 2171 δυνάμεις
3213 2100 3309 2170 τῆς
3334 2099 3528 2169 ψυχῆς,
3574 2100 3748 2169 ἤγουν

2158 2200 2213 2249 αἱ
2246 2197 2461 2267 ἀρεταὶ,
2506 2193 2819 2265 ἐπιμελείας
2858 2193 3080 2263 τύχωσι,
3113 2192 3173 2244 τὸ
3214 2191 3511 2262 τηνικαῦτα
3555 2189 3747 2261 ἐροῦσι

2161 2291 2332 2343 πάντα
2366 2288 2433 2341 τὰ
2451 2289 2582 2340 ὀστᾶ
2609 2303 2729 2358 μου·
2750 2306 2767 2337 ι
2798 2285 2990 2356 Κύριε,
3017 2284 3205 2355 Κύριε,
3248 2284 3331 2345 τίς
3360 2283 3543 2352 ὅμοιός
3565 2299 3682 2343 σοι;
3716 2299 3743 2337 ι

2174 2382 2516 2453 Ἐπιμελείας
2540 2381 2647 2450 γάρ
2658 2378 2896 2449 τυχοῦσα
2921 2379 2953 2446 ὴ
2976 2394 3078 2448 μνη
3089 2376 3375 2447 μονευτικὴ
3398 2376 3622 2445 δύναμις
3642 2376 3747 2445 τῆς

2154 2470 2348 2543 ψυχῆς.
2382 2471 2594 2533 πάντως
2633 2472 2747 2541 ἐρεῖ
2775 2470 2855 2523 τόο
2886 2487 2905 2521 r
2929 2468 3233 2539 Ἐμνήσθην
3251 2467 3343 2519 τοῦ
3373 2467 3509 2520 Θεοῦ
3538 2467 3632 2519 καὶ
3646 2469 3746 2519 εύ-

2157 2562 2417 2633 φράνθην.
2442 2582 2460 2615 ι
2479 2561 2709 2632 Ὁμοίως
2729 2562 2783 2613 δὲ
2807 2562 2896 2614 καὶ
2915 2560 3162 2630 η’ὀπτικὴ
3190 2557 3329 2623 λέξει
3346 2567 3425 2612 το·
3445 2582 3459 2607 ι
3473 2560 3748 2632 Κατενόη-

2156 2652 2291 2705 σατά
2308 2652 2442 2721 ἔργα
2455 2668 2568 2716 σου,
2598 2653 2691 2704 καὶ
2722 2650 2962 2720 ἐξέστην.
2978 2668 2995 2700 ι
3016 2647 3285 2711 Ὡσαύτως
3300 2650 3355 2703 δὲ
3372 2651 3466 2703 καὶ
3487 2653 3519 2721 ἡ
3550 2650 3748 2703 ἐπιθυ-

2158 2746 2378 2815 μητική·
2402 2763 2419 2793 ι
2446 2743 2638 2814 Κύριε,
2670 2743 2910 2795 ἐναντίον
2944 2759 3035 2794 σου
3055 2743 3202 2795 πᾶσα
3230 2744 3263 2811 ὴ
3290 2741 3550 2812 ἐπιθυμία
3575 2758 3699 2813 μου·
3716 2760 3740 2795 ι

2154 2838 2267 2907 ἐρεῖ
2297 2835 2353 2887 δὲ
2371 2836 2461 2887 καὶ
2480 2837 2512 2904 ἡ
2530 2834 2742 2904 λογική·
2769 2832 3187 2904 (Διελογισάμην
3214 2836 3245 2904 η
3257 2834 3424 2904 μέρας
3442 2835 3703 2905 ἀρχαίας.
3716 2855 3739 2887 ι

2154 2926 2310 2981 Κατά
2341 2926 2514 2980 ταῦτα
2563 2926 2899 2996 συμϐήσεται
2932 2927 3025 2979 καὶ
3049 2927 3141 2978 ἐπὶ
3188 2925 3294 2977 τῶν
3345 2925 3521 2979 ἀλλων
3570 2925 3745 2980 δυνά-

2163 3033 2331 3086 μεων.

2225 3108 2608 3171 Τουτέστιτοῖς
2638 3106 2977 3177 βουλομένοις
3012 3107 3163 3159 οὐδὲν
3190 3107 3444 3161 δύσκολον
3472 3107 3607 3176 ἔχοι,
3638 3125 3743 3160 κα-

2155 3200 2335 3272 θάπερ
2358 3204 2392 3272 ἡ
2421 3200 2527 3254 τῶν
2550 3200 2845 3271 χρημάτων
2872 3198 3154 3269 ἐπιθυμία·
3172 3199 3296 3262 νοῦς
3323 3200 3559 3271 καθαρὸς
3587 3202 3746 3269 ἐγγί-

2154 3293 2233 3357 ζει
2257 3294 2436 3365 σοφία·
2466 3293 2651 3362 ἐπειδὴ
2683 3292 2742 3344 τὸ
2780 3285 2837 3343 εὖ
2864 3290 3137 3358 γινώσκει·
3166 3292 3195 3343 6
3214 3290 3271 3343 δὲ
3294 3291 3602 3362 ἀκάθαρτος
3638 3310 3742 3362 μα-

2152 3384 2354 3456 κρυνθή
2367 3402 2513 3438 σεται
2547 3386 2639 3438 ἀπ’
2655 3384 2842 3454 αὐτῆς.

2222 3558 2423 3611 Τούτου
2473 3558 2564 3611 τοῦ
2601 3558 2757 3623 ξύλου
2803 3557 2938 3627 μετὰ
2980 3556 3078 3627 τὴν
3123 3556 3434 3627 παράϐασιν
3468 3558 3497 3609 6
3558 3557 3742 3628 Ἀδὰμ

2155 3650 2586 3720 μεταλαμϐάνειν
2638 3649 2933 3702 κωλύεται·
2992 3651 3147 3719 είπερ
3204 3650 3312 3702 ἀπὸ
3364 3649 3596 3720 καρπῶν
3656 3651 3744 3704 δι-

2150 3742 2441 3812 καιοσύνης
2489 3742 2771 3810 φυτεύεται
2819 3742 3030 3811 δένδρον
3082 3742 3252 3812 ζωῆς·
3302 3742 3361 3793 τὸ
3411 3741 3466 3792 δὲ
3512 3740 3743 3812 δένδρον

2151 3834 2313 3903 ζωῆς,
2348 3836 2380 3902 ἡ
2428 3832 2519 3885 τοῦ
2562 3833 2695 3885 Θεοῦ
2734 3833 2893 3900 σοφία
2948 3832 3061 3884 ἐστὶ
3084 3850 3097 3862 ·
3134 3831 3363 3894 δικαίως
3393 3832 3449 3885 δέ
3484 3831 3738 3901 ἅψασθαι

2149 3923 2451 3975 κεκώλυται
2476 3924 2663 3975 τούτου
2694 3922 2785 3976 τοῦ
2813 3923 2969 3987 ξύλου
3002 3924 3109 3984 πᾶς
3143 3923 3478 3993 παράνομος.

2229 4017 2287 4067 ὐ
2330 4016 2459 4079 Θεὸς
2509 4018 2573 4085 τῇ
2625 4016 2722 4086 μὲν
2772 4016 2932 4086 σοφίᾳ
2960 4015 3051 4067 καὶ
3079 4014 3175 4084 τὴν
3217 4015 3319 4086 γῆν
3362 4015 3737 4085 ὲθεμελίωςε·

2146 4107 2236 4159 διὰ
2268 4106 2325 4159 δὲ
2356 4108 2455 4176 τῆς
2486 4108 2785 4176 αἰσθήσεως
2823 4107 2984 4160 αὑτοῦ
3018 4105 3330 4176 ἐρῤάγησαν
3372 4106 3622 4165 ἄϐυσσοι,
3662 4108 3738 4160 τὰ

2143 4199 2200 4252 δὲ
2224 4200 2357 4269 νέφη
2386 4198 2658 4269 ἐρρύησαν
2686 4198 2935 4270 δρόσους·
2968 4198 3033 4268 ἣν
3062 4194 3155 4250 οὖν
3177 4198 3412 4251 ἐνταῦθα
3441 4199 3545 4267 γῆν
3579 4194 3733 4263 εἷπε,

2146 4291 2354 4354 Παῦλος
2389 4293 2417 4343 ὁ
2449 4291 2601 4358 ἅγιος
2631 4290 2829 4353 πλάτος
2869 4290 3115 4359 ὠνόμασε
3135 4308 3148 4321 ο
3197 4290 3294 4343 καὶ
3327 4292 3451 4353 τοὺς
3489 4290 3741 4345 ἐνταῦθα

476 4400 584 4453 tnr,
616 4386 956 4441 altitudinem
982 4386 1071 4440 ille
1101 4395 1259 4440 vocat
1292 4386 1591 4453 inEpistola
1633 4386 1700 4439 ad
1739 4387 1997 4454 Ephesios
2024 4404 2038 4448 ;

2162 4380 2405 4449 δύρανοὺς
2434 4380 2778 4450 λεγομένους,
2812 4378 2943 4447 ὕψος
2984 4381 3185 4442 ἐκεῖνος
3208 4382 3262 4432 ἐν
3292 4382 3356 4449 τῇ
3386 4380 3523 4449 πρὸς
3561 4374 3739 4448 Ἐφε-

471 4491 526 4533 ct
552 4495 671 4549 quae
702 4480 908 4547 tropice
942 4479 1198 4532 dicuntur
1244 4478 1444 4549 abyssi,
1488 4494 1579 4532 eas
1616 4478 2037 4547 profunditatem

471 4574 602 4628 dicit
634 4595 646 4628 :
678 4573 940 4628 roriferas
968 4572 1199 4641 denique
1242 4570 1431 4635 nubes,
1473 4571 1878 4639 longitudinem.
1914 4568 2038 4622 llmc

470 4679 634 4734 porro
668 4665 847 4718 omnia
886 4664 1235 4718 rationalium
1269 4672 1585 4715 naturarum
1615 4661 1856 4731 symbola
1888 4670 2031 4723 sunt,

470 4769 589 4822 qua:
628 4765 821 4807 ornatu
852 4764 905 4807 et
934 4768 1164 4824 corpore
1194 4750 1447 4807 differunt
1478 4753 1774 4806 secundum
1802 4752 2033 4820 propria:

470 4847 875 4901 constitutionis
905 4847 1231 4915 analogiam.
1257 4843 1519 4914 Congruit
1541 4843 1817 4911 sapientia:
1837 4856 2031 4896 nomen

469 4936 633 4990 etiam
658 4936 747 4989 Dei
768 4937 922 4992 Filio.
952 4937 1057 4990 Sed
1084 4949 1137 4990 et
1163 4937 1347 4989 anima
1376 4934 1568 4997 fidelis,
1598 4942 1738 4987 terra
1756 4943 1836 4987 est
1851 4942 2035 4986 centu-

467 5028 661 5097 plicem
695 5027 926 5081 fructum
958 5029 1228 5083 reddens:
1266 5044 1387 5097 quae
1428 5026 1644 5096 quidem
1689 5040 1755 5079 ex
1808 5026 2033 5093 pingue-

469 5121 613 5185 dine,
644 5121 800 5172 idest
827 5121 1115 5188 sapientia,
1160 5120 1381 5188 sapiens
1424 5123 1512 5182 lit,
1552 5118 1661 5172 Deo
1712 5117 2035 5185 sapientiam

468 5225 627 5279 super
658 5226 717 5264 ea
751 5209 1027 5265 fundante.
1068 5211 1217 5264 Facit
1244 5214 1387 5265 enim
1414 5211 1556 5265 hanc
1580 5210 1811 5262 animam
1831 5206 2034 5262 doctri-

466 5315 547 5353 na:
578 5300 872 5366 cumulum,
912 5302 1191 5370 sapientiae
1221 5303 1479 5364 cinnum;
1525 5308 1685 5367 atque
1713 5314 1775 5351 ex
1802 5312 1863 5351 ea
1895 5311 2035 5350 sein-

465 5404 559 5456 per
588 5390 924 5457 proliciente,
953 5390 1152 5447 caelum
1184 5389 1347 5443 cllicit
1372 5429 1387 5452 ,
1432 5386 1780 5457 purissimam
1812 5393 2031 5437 creatu-

465 5492 597 5545 ram,
631 5481 945 5549 angelorum
989 5492 1153 5550 atque
1200 5478 1652 5535 intellectualium
1705 5475 2033 5529 substantia-

466 5587 579 5623 rum
612 5572 974 5627 habitaculum
1001 5614 1016 5640 ,
1050 5575 1365 5629 exsistentis
1400 5573 1495 5627 Dei
1537 5584 1696 5625 sensu
1728 5566 2027 5636 pmditam.

534 5748 578 5779 ’⁸
602 5764 649 5802 v.
682 5751 764 5806 l9.
805 5753 847 5784 ¹⁹
920 5756 1052 5807 v.1.
1132 5755 1175 5785 ²⁰
1209 5771 1259 5809 v.
1294 5755 1345 5809 8.

2142 4469 2289 4530 σίους
2320 4468 2503 4520 καλεῖ·
2531 4468 2622 4519 καὶ
2649 4468 2745 4529 τὰς
2775 4467 3070 4536 λεγομένας
3106 4467 3382 4537 τροπικῶς
3420 4468 3737 4533 ἀϐύσσους,

2137 4559 2391 4629 ὀνομάζει
2437 4560 2623 4628 βάθος·
2676 4559 2746 4612 τά
2797 4558 3177 4630 δεδροσωμένα
3212 4560 3368 4631 νέφη,
3416 4560 3593 4629 μῆκος
3626 4580 3742 4614 xa-

2138 4643 2250 4705 ὶῖεῖ·
2287 4651 2459 4704 ταῦτα
2487 4652 2541 4703 δὲ
2575 4651 2751 4703 πάντα
2784 4652 3016 4718 λογικῶν
3052 4653 3166 4704 ἐστι
3202 4651 3416 4720 φύσεων
3448 4652 3732 4722 σύμϐολα,

2138 4744 2527 4812 διαιρουμένων
2574 4744 2797 4811 κόσμοις
2831 4743 2923 4795 καὶ
2971 4742 3182 4813 σώματι
3234 4743 3374 4795 κατά
3425 4743 3740 4811 ἀναλογίαν

2139 4837 2237 4905 τῆς
2282 4837 2689 4898 καταστάσεως⁶
2733 4835 2959 4906 ἁρμόζει
3003 4834 3159 4887 τοῦτο
3200 4834 3294 4887 καὶ
3338 4833 3431 4887 νῦν
3480 4834 3558 4905 τῷ
3604 4836 3736 4906 Tit?)

2138 4928 2232 4980 τοῦ
2274 4927 2439 4980 Θεοῦ·
2501 4926 2636 4979 ἀλλά
2698 4928 2790 4979 καὶ
2841 4928 2872 4995 ἡ
2930 4924 3074 4994 ψυχὴ
3122 4927 3155 4995 ἡ
3208 4925 3397 4995 πιστὴ,
3451 4926 3521 4996 γῆ
3568 4928 3736 4979 ἐστιν

2145 5018 2632 5071 ἐκατονταπλασίον
2692 5016 3140 5087 καρποφοροῦσα·
3206 5016 3342 5088 αὕτη
3391 5017 3446 5069 δέ
3500 5019 3565 5070 ὲκ
3617 5020 3737 5089 τῆς·

2144 5111 2412 5180 πιότητος,
2444 5111 2564 5179 ἥτις
2610 5109 2727 5161 ἐστὶ
2764 5109 2941 5176 σοφία,
2980 5110 3114 5178 σοφή
3140 5126 3153 5138 ο
3201 5108 3577 5179 θεμελιοῦντος
3622 5111 3740 5164 αὑ-

2140 5202 2238 5272 τὴν
2297 5202 2380 5253 ἐπ’
2431 5201 2565 5269 αὐτῇ
2615 5198 2709 5252 τοῦ
2755 5199 2921 5252 Θεοῦ·
2974 5200 3185 5267 ἐδράζει
3230 5200 3339 5270 γάρ
3396 5200 3566 5270 αὐτὴν
3614 5202 3734 5271 τὴν

2142 5292 2457 5362 συναγωγὴν
2508 5294 2608 5363 τῆς
2658 5291 3025 5354 διδασκαλίας,
3083 5292 3175 5343 καὶ
3231 5291 3390 5360 πῆξιν
3450 5292 3558 5343 ἀπὸ
3630 5309 3733 5345 σο-

2141 5384 2267 5452 φίας
2311 5383 2662 5452 ποιούμενος·
2719 5384 2812 5435 καὶ
2863 5383 2948 5435 ἀεὶ
3008 5382 3445 5453 προκοπτούσης,
3482 5384 3730 5453 οὐρανὸν

2138 5477 2528 5548 ἀπεργάζεται,
2565 5475 2945 5546 καθαρώτατον
2984 5476 3207 5545 κτίσμα,
3248 5475 3496 5543 ἀγγέλων
3530 5492 3589 5527 τε
3622 5478 3734 5530 καὶ

2138 5566 2245 5619 τῶν
2279 5564 2480 5635 νοερῶν
2508 5565 2703 5619 οὐσιῶν
2751 5564 3087 5634 οἰκητήριον,
3125 5563 3398 5617 λαϐοῦσαν
3431 5581 3489 5617 τε
3517 5566 3732 5639 αἴσθη-

1412 5757 1470 5827 ίει
1510 5768 1559 5807 v.
1608 5752 1729 5806 ιε.
1771 5752 1814 5782 η
1859 5765 1908 5803 v.
1962 5748 2045 5803 ts.
2124 5748 2170 5779 ’³
2208 5763 2256 5801 ν.
2292 5749 2380 5803 19.
