3880 6216
217 361 310 414 me
1171 339 1174 342 ‘
1377 355 1742 412 exposmo
1785 356 1848 411 IN
1889 354 2306 414 PROVERBIA.

3364 363 3466 416 I70

208 497 290 530 σιν
326 476 421 530 τοῦ
466 475 636 541 όντος,
681 478 773 531 xai.
819 475 1184 529 κατανοοῦσαν
1239 476 1334 546 τὴν
1383 475 1492 529 τῶν
1533 478 1785 548 πραγμά-

1909 492 2076 531 rerum
2118 478 2323 532 intima:
2368 485 2570 533 natura:
2621 479 2891 549 peritam,
2929 488 2983 536 et
3050 481 3319 538 variorum
3374 485 3465 539 Dei

205 586 313 620 των
357 567 665 638 ἀκρίϐειαν,
710 568 871 620 οἱονεὶ
917 566 976 618 τὸ
1018 566 1324 636 πολύμυθον
1374 566 1476 618 τῶν
1521 566 1612 620 τοῦ
1656 567 1788 619 Θεοῦ

207 677 296 729 κρι
303 658 515 727 μάτων.

274 751 425 821 Πρὸς
461 751 634 820 μόνην
684 750 784 820 τὴν
829 749 1021 819 σοφίαν
1050 749 1403 804 ἀδυνατοῦσιν
1438 752 1484 803 οἱ
1515 750 1788 821 δαίμονες,

203 841 499 910 λογισμοὺς
530 841 818 911 ἐμϐάλλειν
852 843 932 904 είς
961 841 1058 912 τὴν
1083 841 1312 911 καρδίαν
1337 841 1428 894 τοῦ
1467 841 1790 910 σεσοφισμέ-

203 947 295 982 νου
334 930 408 1000 μὴ
441 930 906 1003 συγχωρούμενοι·
942 933 971 983 ὁ
1010 931 1117 1003 γὰρ
1159 931 1282 994 νοῦς
1325 932 1436 994 τοῖς
1466 931 1567 1000 τῆς
1602 930 1792 998 σοφίας

204 1021 655 1091 ἀντιποιούμενος
711 1021 1090 1094 θεωρήμασιν,
1163 1022 1512 1085 ἀνεπίδεκτος
1583 1023 1791 1090 γίνεται

202 1112 480 1183 λογισμῶν
520 1113 868 1184 ἀκαθάρτων.
905 1146 975 1154 —
1004 1112 1149 1177 Νοῦς
1187 1113 1426 1184 καθαρὸς
1469 1113 1674 1182 ἐγγίζει
1706 1131 1794 1166 σο-

203 1203 323 1274 φία,
370 1204 562 1274 ἐπειδὴ
604 1204 665 1258 τὸ
719 1200 776 1258 εῦ
823 1203 1114 1272 γινώσκει·
1161 1206 1188 1257 ὁ
1226 1205 1281 1258 δὲ
1331 1203 1640 1275 ἀκάθαρτος
1684 1222 1791 1274 μα-

202 1295 570 1368 κρυνθήσεται
603 1295 696 1348 ἀπ’
728 1297 915 1366 αὐτῆς.

272 1385 620 1456 Πρὸσκομμα
669 1384 895 1455 λογικῆς
945 1384 1158 1455 φύσεώς
1195 1388 1309 1438 ἐστι
1359 1386 1615 1457 λογισμὸς
1658 1386 1793 1439 ἀκά-

202 1474 428 1546 θαρτος,
475 1474 510 1546 ἧ
555 1474 758 1542 γνῶσις
796 1475 1030 1546 ψευδής·
1063 1479 1092 1530 ὁ
1130 1477 1189 1529 δὲ
1220 1479 1286 1547 τῇ
1324 1478 1416 1530 τοῦ
1456 1478 1592 1532 Θεοῦ
1629 1479 1790 1552 βουλῇ

201 1567 786 1639 περιστοιχειούμενος,
821 1569 878 1620 ὲν
907 1569 1118 1632 τούτοις
1148 1569 1209 1622 οὐ
1241 1570 1599 1641 προσκόπτει.

273 1657 414 1711 Οὔτε
464 1659 673 1727 ἔφοδος,
726 1661 882 1731 φησὶ,
927 1661 1182 1730 πονηρῶν
1231 1661 1507 1732 λογισμῶν
1567 1661 1791 1732 φοϐήσει

199 1750 290 1804 et.»
324 1751 587 1818 γεγονότα
634 1750 813 1820 σοφὸν,
862 1749 986 1804 οὔτε
1033 1751 1254 1816 ἀσεϐεῖς
1303 1752 1500 1817 ἔξωθεν
1546 1755 1791 1818 ἐπιόντες

1891 569 2237 635 judiciormn.
2277 597 2287 606 -

1969 748 2012 778 ’⁵
2062 747 2357 814 Sapientia:
2421 747 2797 802 tantummodo
2852 749 3148 816 pratvalere
3190 727 3476 822 nequeunt.

1898 839 2195 902 daemones,
2231 840 2321 907 qui
2353 857 2544 907 pravas
2592 842 2950 910 cogitationes
2995 845 3046 896 in
3085 859 3178 898 cor
3211 846 3470 914 sapientis

1897 947 2002 987 non
2033 932 2290 985 sinuntur
2335 932 2576 1000 injicere.
2647 932 2780 986 Nam
2813 948 2966 989 meus
3011 937 3292 1004 sapientia:
3338 955 3470 992 eon-

1899 1022 2337 1092 templationibus
2391 1024 2596 1078 intenta
2618 1064 2632 1087 ,
2689 1025 2921 1095 impuris
2956 1027 3376 1097 cogitationibus
3410 1031 3471 1086 lit

1897 1115 2204 1184 impervia.-
2236 1115 2411 1170 -Mens
2434 1130 2568 1184 pura
2600 1120 3002 1188 appropinquat
3021 1123 3322 1190 sapientiae,
3345 1129 3468 1194 quia

1895 1208 2038 1276 quod
2074 1218 2282 1261 rectum
2319 1217 2400 1263 est
2434 1210 2679 1278 agnoscit
2714 1225 2905 1266 :seeus
2927 1227 3053 1267 vero
3077 1213 3285 1284 impura
3317 1233 3469 1272 mens

1895 1313 1923 1350 a
1960 1298 2225 1366 sapientia
2257 1298 2418 1368 longe
2453 1299 2701 1353 discedit.

1963 1390 2008 1422 “
2043 1388 2370 1445 Scandalum
2399 1390 2685 1445 rationalis
2719 1399 2930 1447 natura:
2958 1403 3042 1448 est
3068 1396 3331 1466 cogitatio
3363 1397 3459 1452 im-

1895 1497 2057 1550 pura,
2099 1482 2181 1536 vel
2221 1483 2359 1536 falsa
2389 1484 2645 1552 cognitio.
2679 1481 2781 1548 Qui
2830 1495 3014 1540 autem
3060 1487 3237 1541 divina
3279 1489 3470 1544 volun-

1897 1584 2008 1628 tate
2039 1575 2491 1630 circummunitus
2518 1584 2626 1641 est,
2663 1575 2717 1630 in
2744 1588 2873 1632 ante
2907 1579 3048 1633 dicta
3081 1595 3184 1633 non
3215 1581 3462 1635 incurrit.

1965 1665 2006 1695 ³⁷
2046 1664 2229 1732 Neque
2263 1665 2524 1731 incursio,
2555 1667 2752 1736 inquit,
2786 1671 3050 1722 malarum
3076 1670 3464 1740 cogitationum

1894 1756 2194 1824 sapientem
2239 1757 2620 1820 terrelacient;
2662 1772 2836 1828 neque
2901 1760 3049 1827 impii
3099 1762 3344 1816 exterius
3390 1763 3465 1817 ir-

198 1840 297 1910 τὴν
327 1841 496 1894 αὐτοῦ
542 1840 933 1912 καθαιρήσουσι
979 1840 1228 1912 δύναμιν,
1276 1841 1565 1912 ἐρημῶσαι
1611 1841 1785 1894 θέλον-

1909 1858 2138 1910 mentes,
2167 1848 2420 1902 virtutem
2448 1849 2567 1918 ejus
2599 1827 2920 1921 infringent,
2947 1851 3074 1906 dum
3105 1868 3228 1907 emn
3257 1864 3470 1908 natura-

200 1948 294 1993 τες
319 1931 431 1983 τῶν
456 1931 614 2000 φύσει
647 1931 828 1985 καλῶν
848 1951 860 1964 ·
893 1931 985 1985 τὸν
1025 1931 1134 2003 γάρ
1167 1932 1439 1986 ἀνάλωτον
1474 1933 1651 1996 οὐδεὶς
1691 1933 1785 1986 δυ-

198 2023 425 2093 νήσεται
455 2021 638 2076 λαϐεῖν
673 2039 688 2052 ·
728 2023 928 2086 καίτοι,
965 2023 1018 2076 τί
1065 2023 1160 2075 τοῦ
1203 2023 1432 2086 ἀσεϐοῦς
1467 2023 1787 2077 αὐθαδέστε-

205 2129 335 2183 ρον;
372 2113 534 2168 Ἀλλά
579 2115 673 2167 καὶ
713 2113 877 2167 αὑτοῦ
918 2132 1051 2186 φησι
1086 2113 1182 2167 τοῦ
1227 2114 1566 2168 παντοδαποῦ
1599 2114 1786 2186 θηρίου

202 2203 571 2276 περιγενήσῃ,
608 2205 790 2273 πρᾶος
833 2203 908 2256 ὣν
961 2203 1056 2258 καὶ
1115 2203 1383 2274 ἐπιεικὴς,
1431 2202 1525 2256 τοῦ
1581 2204 1786 2275 Κυρίου

201 2292 357 2356 ὗντος
387 2294 527 2363 μετά
563 2295 654 2347 σοῦ
676 2312 689 2325 ·
715 2294 962 2348 ἐντεῦθεν
992 2295 1049 2348 δὲ
1084 2293 1448 2366 μανθάνομεν,
1481 2294 1556 2358 ὡς
1580 2296 1612 2365 ή
1637 2295 1790 2364 ἐλεη-

204 2385 414 2456 μοσύνη
451 2389 729 2458 περιαιρεῖ
761 2387 998 2457 φοϐερὰς
1035 2388 1356 2455 φαντασίας,
1401 2387 1616 2459 νύκτωρ
1657 2389 1788 2458 ἡμῖν

202 2479 636 2549 συμϐαινούσας,
667 2481 700 2552 ἦ
733 2481 826 2532 καὶ
844 2480 1195 2551 θεωρητικῶς
1214 2495 1227 2509 ·
1267 2479 1326 2531 οὑ
1362 2479 1521 2550 μόνον
1545 2479 1624 2542 δὲ,
1654 2479 1788 2532 ἀλλά

201 2574 300 2627 καὶ
323 2571 438 2625 τῶν
470 2573 529 2625 ὲν
551 2575 616 2643 τῇ
646 2574 970 2642 μεταστάσει
1009 2571 1262 2643 πονηρῶν
1303 2571 1665 2643 κατηγοριῶν,
1696 2573 1788 2625 καὶ

199 2665 309 2717 τῶν
330 2667 387 2718 ἐν
413 2668 481 2736 τῇ
512 2666 695 2737 κρίσει
726 2665 1032 2734 βλαπτικῶν
1060 2666 1335 2720 κολάσεων
1365 2667 1639 2737 περιαιρεῖ
1661 2666 1789 2729 τοὺς

196 2757 348 2810 οὗτοι
376 2757 743 2828 φρονοῦντας·
775 2757 836 2810 τὸ
872 2757 1003 2811 αὐτὸ
1026 2757 1083 2811 δὲ
1117 2761 1261 2811 ποιεῖ
1295 2757 1387 2811 καὶ
1427 2757 1671 2828 πραότας
1693 2758 1787 2809 καὶ

196 2849 500 2921 ἀοργησία,
537 2850 627 2902 καὶ
681 2849 1064 2921 μακροθυμία,
1125 2851 1220 2904 καὶ
1269 2851 1368 2903 ὅσα
1423 2849 1630 2919 πέφυκε
1684 2867 1786 2903 κα-

195 2944 520 2998 ταστέλλειν
559 2942 650 2996 τὸν
696 2944 864 3014 θυμὸν
908 2945 1331 3015 ταρασσόμενον·
1380 2943 1538 3011 είπερ
1586 2945 1650 2996 ἐκ
1687 2942 1786 3012 τῆς

195 3036 454 3108 ταραχῆς
491 3034 586 3088 τοῦ
634 3035 804 3106 θυμοῦ
843 3037 912 3090 τὰ
953 3035 1158 3108 φοϐερά
1203 3036 1462 3107 φάσματα
1501 3033 1658 3089 εἴωθε
1703 3034 1787 3103 γί⁶

197 3131 414 3186 νεσθαι.

270 3225 352 3276 Οὐ
385 3223 546 3293 μόνον
576 3222 681 3275 τῶν
712 3220 986 3292 ἐδωδίμων
1032 3219 1106 3291 μὴ
1142 3219 1355 3290 ἀπόσχῃ
1384 3215 1448 3272 εὖ
1485 3222 1658 3272 ποιεῖν
1703 3221 1788 3271 ὲν-

195 3316 316 3386 δεῆ,
359 3315 501 3368 ἀλλά
561 3315 653 3367 καὶ
690 3312 942 3382 γνώσεως
986 3312 1121 3364 Θεοῦ
1155 3313 1251 3365 καὶ
1286 3311 1476 3381 σοφίας
1515 3312 1609 3364 xa‘t
1642 3312 1789 3363 ἐντο-

198 3408 340 3462 λῶν·
391 3408 486 3460 καὶ
533 3409 643 3460 πᾶν
696 3405 874 3459 ὁτιοῦν
923 3404 1042 3474 Θεῷ
1087 3404 1238 3473 φίλον
1299 3405 1394 3458 καὶ
1443 3405 1582 3474 πρὸς
1625 3403 1787 3457 αὑτὸν

197 3499 461 3564 οἰκειοῦν,
491 3499 565 3570 μὴ
599 3498 813 3570 ἀπόσχῃ
838 3493 896 3552 εῦ
933 3500 1106 3550 ποιεῖν
1129 3497 1207 3568 τῷ
1237 3497 1532 3568 ἐνδεομένῳ
1563 3513 1676 3550 σου.

269 3674 423 3741 Αὕτη
459 3675 492 3744 ἡ
523 3673 660 3745 πρὸς
683 3675 773 3727 τὸν
804 3673 1032 3745 πλησίον
1062 3673 1230 3745 ἔχθρα
1256 3673 1627 3744 ἀπεργάζεταί
1667 3689 1789 3726 τινα

201 3766 394 3829 κακὸν,
428 3765 492 3818 οὐ
529 3766 688 3836 μόνον
721 3767 1050 3837 σωματικὸν,
1076 3764 1213 3818 ἀλλὰ
1244 3765 1338 3817 καὶ
1358 3762 1609 3833 ψυχικόν.

275 3857 508 3923 Ἀγνοια
530 3855 736 3924 Κυρίου
773 3857 832 3908 ὲν
868 3855 1038 3918 οίκοις
1077 3853 1310 3917 ἀσεϐῶν,
1335 3853 1535 3921 γνῶσις
1571 3851 1627 3904 δὲ
1653 3849 1788 3902 Θεοῦ

202 3951 262 4002 ὲν
293 3947 498 4016 ψυχαῖς
535 3945 788 4001 δικαίων·
841 3945 1096 4010 ἐπαύλεις
1139 3945 1364 3998 δικαίων
1419 3943 1786 4010 εὐλογοῦνται,

198 4041 332 4094 ὅταν
369 4042 398 4092 ὁ
439 4039 677 4111 Χριστὸς
719 4039 968 4112 ἀπονέμῃ
1003 4039 1070 4092 τά
1101 4039 1239 4108 γέρα
1285 4037 1502 4106 ἑκάστῳ
1547 4034 1685 4088 κατά
1723 4034 1790 4086 τὰ

200 4129 344 4198 ἔργα
372 4127 552 4182 αὐτῶν
571 4147 584 4160 ·
619 4131 732 4192 τοῖς
759 4128 979 4182 ἀσεϐέσι
1008 4128 1065 4182 δὲ
1098 4127 1345 4198 κατάραν
1379 4128 1474 4180 καὶ
1507 4126 1607 4178 οὐκ
1638 4125 1791 4178 εὐλο-

201 4222 354 4288 γίαν.

283 4313 356 4366 Ἥ
399 4313 546 4384 ἄκρα
587 4312 756 4366 κακία
791 4311 886 4365 καὶ
929 4313 1008 4375 είς
1059 4310 1210 4374 τέλος
1260 4308 1576 4381 ἐπηρμένη,
1619 4308 1789 4378 ὑπερ-

200 4401 411 4472 ηφανία
453 4402 728 4456 καλεῖται·
778 4401 1160 4454 ἀντιτάσσεται
1198 4399 1255 4452 δὲ
1287 4399 1490 4470 Κύριος
1533 4400 1644 4460 τοῖς
1693 4397 1790 4468 μὲν

1894 1939 2038 1994 libus
2091 1939 2250 1994 bonis
2302 1940 2538 2009 spoliare
2589 1941 2795 1994 volunt.
2857 1940 3099 2013 Namque
3135 1946 3461 2016 inexpugna-

1894 2030 2060 2085 bilem
2109 2031 2233 2098 quis
2280 2030 2596 2099 expugnet?
2671 2029 2991 2100 Quanquam
3059 2049 3247 2088 revera
3300 2036 3465 2104 impio

1895 2118 2115 2173 homine
2145 2119 2277 2173 nihil
2307 2129 2386 2172 est
2413 2119 2698 2175 audacius.
2733 2120 2874 2188 Quin
2906 2124 3038 2178 adeo
3061 2123 3232 2191 ipsam
3251 2142 3466 2196 quoque

1897 2211 2350 2266 immanissimam
2380 2209 2554 2266 feram
2587 2212 2892 2281 superabis,
2939 2214 3083 2270 mitis
3125 2216 3169 2270 si
3215 2216 3386 2272 fueris
3414 2230 3468 2273 et

1894 2305 2196 2374 benignus,
2240 2303 2352 2357 Deo
2386 2303 2500 2368 ,tibi
2551 2302 2858 2359 assistente.
2922 2303 3060 2361 Hinc
3095 2307 3467 2378 intelligimus,

1897 2398 1967 2451 ab
2011 2396 2361 2466 eleemosyna
2405 2396 2680 2467 exstingui
2712 2398 2882 2452 malas
2921 2399 3293 2469 cogitationes,
3347 2417 3469 2472 qua:

1895 2496 2058 2542 noctu
2091 2487 2247 2541 nobis
2298 2487 2578 2554 eveniunt,
2626 2486 2711 2540 vel
2755 2501 2853 2555 per
2881 2486 3246 2556 phantasiam.
3285 2489 3468 2560 Neque

1895 2580 1948 2633 id
1980 2579 2400 2644 tantummodo;
2428 2578 2521 2633 sed
2559 2595 2588 2632 a
2614 2578 2768 2633 malis
2803 2579 2854 2632 in
2885 2579 3010 2634 vitae
3044 2581 3273 2634 transitu
3303 2597 3467 2638 accu-

1895 2671 2200 2726 sationibus
2223 2710 2238 2736 ,
2269 2679 2324 2724 et
2356 2685 2388 2725 a
2424 2669 2667 2725 molestis
2699 2668 2888 2738 judieii
2927 2673 3110 2740 poenis
3145 2671 3335 2728 liberat
3374 2688 3468 2729 eos

1894 2762 1987 2832 qui
2044 2763 2144 2816 hae
2188 2771 2373 2817 mente
2407 2771 2554 2817 sunt.
2603 2761 2747 2816 Idem
2783 2772 3044 2831 praestant
3088 2767 3463 2826 mansuetudo,

1895 2854 2109 2921 lenitas,
2151 2854 2434 2924 patientia,
2469 2862 2524 2908 et
2549 2868 2886 2923 quaecunque
2920 2854 2986 2906 ad
3017 2855 3350 2911 eohihendas
3374 2859 3467 2910 ira:

1894 2947 2288 3001 commotiones
2327 2955 2615 3016 spectant:
2654 2946 2919 3014 siquidem
2945 2963 3011 3001 ex
3046 2947 3143 3002 ira:
3178 2950 3465 3017 perturba-

1897 3040 2042 3096 tione
2070 3039 2344 3096 terribiles
2376 3039 2676 3109 pbantasia:
2707 3039 2824 3093 lieri
2851 3038 3048 3094 solent.

1960 3217 2006 3248 ’⁸
2023 3215 2138 3271 Νοη
2156 3214 2428 3270 alimonia:
2451 3214 2822 3269 tantummodo
2846 3213 3028 3285 largus
3043 3223 3162 3269 esto
3182 3215 3461 3288 indigenti,

1889 3325 2078 3366 verum
2105 3309 2266 3362 etiam
2292 3305 2498 3361 notitia:
2523 3305 2618 3359 Dei
2651 3307 3038 3376 sapientia'quc
3069 3307 3186 3376 ejus
3228 3318 3283 3362 et
3322 3324 3461 3378 pra:-

1891 3411 2192 3473 ceptorum.
2234 3399 2302 3454 Et
2336 3398 2603 3469 quidquid
2637 3399 2746 3452 Deo
2775 3407 2986 3468 gratum
3020 3410 3124 3463 est,
3168 3400 3325 3469 eique
3365 3417 3464 3455 nos

1892 3495 2353 3564 appropinquans,
2401 3505 2469 3546 ne
2513 3491 2753 3546 tribuere
2780 3492 2986 3545 abnuas
3014 3492 3062 3546 ei
3113 3493 3206 3562 qui
3244 3507 3347 3563 ope
3372 3501 3468 3548 tua

1893 3587 2116 3655 indiget.

1963 3681 2008 3711 ²⁹
2036 3677 2162 3733 Haec
2190 3678 2452 3732 adversus
2498 3674 2807 3743 proximum
2838 3674 3120 3729 inimicitia
3153 3675 3294 3730 male
3336 3677 3467 3732 facit

1895 3768 2129 3824 hominis
2154 3783 2260 3823 non
2291 3767 2506 3835 corpori
2545 3775 2782 3829 tantum,
2811 3767 2903 3819 sed
2930 3766 3093 3820 etiam
3130 3768 3344 3823 animae.

1964 3862 2008 3893 ³ο
2040 3860 2347 3931 Ignorantia
2375 3858 2468 3912 Dei
2500 3857 2551 3911 in
2580 3857 2832 3911 domibus
2861 3858 3144 3926 impiorum
3171 3877 3186 3924 ;
3218 3861 3312 3915 Dei
3340 3875 3468 3916 con-

1895 3966 1974 4010 tra
2004 3952 2192 4008 notitia
2233 3952 2287 4005 in
2319 3948 2918 4017 auimabusjustorum.
2957 3949 3240 4005 Domicilia
3290 3953 3466 4020 justo-

1893 4063 2012 4103 rum
2049 4043 2443 4101 benedicuntur
2477 4057 2490 4093 :
2521 4056 2644 4096 cum
2689 4040 2899 4096 scilicet
2923 4040 3176 4098 Christus
3226 4043 3464 4113 ipsorum

1892 4139 2150 4210 operibus
2172 4136 2394 4208 praemia
2424 4134 2715 4196 retribuet;
2741 4143 3114 4191 verumtamen
3152 4136 3330 4206 impiis
3356 4153 3469 4190 ma-

1892 4231 2261 4294 ledictionem,
2294 4241 2399 4281 non
2431 4225 2886 4282 benedictionem.

1963 4321 2004 4352 ³¹
2060 4320 2285 4375 Summa
2340 4325 2396 4371 et
2447 4325 2819 4370 consummata
2867 4316 3149 4385 nequitia,
3212 4315 3463 4386 superbia

1896 4414 2222 4485 appellatur.
2260 4409 2588 4464 Adversatur
2618 4415 2798 4458 autem
2840 4405 2978 4460 Deus
3011 4405 3243 4474 injustis,
3274 4418 3465 4476 quate-

200 4499 433 4563 ἀδίκοις,
466 4499 542 4562 ὡς
575 4496 887 4569 δικαιοσύνη
909 4513 922 4527 ·
957 4498 1068 4559 τοῖς
1098 4493 1380 4564 ψεύσταις,
1419 4491 1494 4554 ὡς
1526 4489 1752 4560 ἀλήθεια
1773 4507 1784 4518 ·

1909 4521 1996 4560 ius
2050 4502 2262 4573 iustitia
2312 4508 2418 4566 est,
2477 4497 2832 4552 mendacibus
2890 4507 3156 4566 quatenus
3209 4499 3414 4553 veritas
3447 4542 3461 4564 ,

200 4595 316 4655 τοῖς
362 4590 420 4643 δὲ
464 4589 851 4660 ὑπερηφάνοις,
900 4589 976 4651 ὡς
1021 4583 1520 4655 ταπεινοφροσύνη·
1565 4581 1646 4634 διὸ
1692 4581 1784 4632 καὶ

199 4685 317 4747 τοῖς
365 4681 598 4736 ταπεινά
630 4681 880 4752 φρονοῦσι
933 4680 1084 4748 φίλος
1122 4680 1269 4733 ἐστί·
1312 4676 1470 4730 τοῦτο
1511 4674 1621 4746 γάρ
1669 4676 1784 4728 ἐστι

199 4775 286 4836 τὺ,
319 4774 514 4827 Δίδωσι
543 4775 700 4844 χάριν
730 4774 1002 4835 ταπεινοῖς
1021 4789 1032 4801 ·
1069 4773 1180 4834 τοῖς
1209 4770 1264 4822 δὲ
1290 4770 1658 4840 ὑπερηφάνοις
1695 4769 1786 4821 ἀν-

203 4867 545 4920 τιτάσσεται.

277 4958 448 5024 Δόξαν
501 4956 750 5029 οὐράνιον
798 4957 1293 5028 κληρονομήσουσιν
1353 4957 1401 5009 οἱ
1451 4957 1549 5027 τὴν
1608 4955 1787 5010 ἔνθεον

206 5050 402 5120 σοφίαν
439 5049 701 5120 μαθόντες
729 5066 788 5101 τε
820 5049 913 5102 καὶ
947 5047 1286 5113 διδάξαντες·
1328 5046 1550 5117 ὕψωσαν
1583 5048 1638 5101 δὲ
1672 5051 1790 5101 ἑαυ-

203 5144 320 5205 τοῖς
363 5143 590 5212 ἀτιμίαν
633 5143 682 5194 οί
734 5141 948 5204 ἀσεϐεῖς
999 5139 1227 5194 ἐνώπιον
1264 5140 1510 5208 ἀγγέλων
1555 5141 1650 5193 καὶ
1691 5141 1786 5193 ἁν-

206 5231 446 5307 θρώπων
476 5232 627 5304 παρά
655 5231 750 5285 τοῦ
778 5231 1038 5302 Χριστοῦ.

1894 4595 2143 4666 superbis
2174 4602 2442 4662 quatenus
2473 4589 2735 4645 modestia
2758 4597 2857 4643 est.
2888 4589 3182 4658 Propterea
3209 4600 3260 4644 et
3291 4591 3467 4645 humi—

1892 4689 2020 4743 lium
2045 4688 2253 4741 amicus
2291 4691 2392 4737 est.
2420 4681 2495 4735 lta
2517 4681 2658 4735 enim
2689 4682 3000 4750 signiﬁcant
3029 4681 3192 4736 verba
3228 4701 3240 4737 :
3275 4680 3464 4740 Humi-

1896 4782 2036 4836 libus
2069 4779 2161 4834 dat
2192 4775 2464 4847 gratiam;
2491 4782 2546 4827 at
2571 4775 2819 4845 superbis
2848 4773 3192 4828 adversatur.

1964 4955 2007 4986 ³⁸
2057 4951 2346 5008 ϐωιοειοῐῐι
2377 4947 2604 5018 gloriam
2635 4945 3056 5010 haereditabunt,
3103 4947 3194 5014 qui
3225 4946 3464 5001 divinam

1891 5044 2209 5114 sapientiam
2241 5039 2536 5094 didicerint
2565 5046 2622 5091 et
2653 5034 2959 5090 docuerint.
3007 5034 3299 5089 Cumulant
3331 5051 3464 5091 vero

1890 5140 1993 5195 sibi
2022 5132 2373 5206 ignominiam
2397 5130 2582 5200 impii,
2614 5142 2794 5182 coram
2826 5126 3031 5196 angelis
3054 5137 3108 5180 et
3135 5127 3465 5194 hominibus,

1890 5245 1922 5284 a
1947 5227 2189 5283 Christo.

1715 5369 1865 5427 CAP.
1901 5369 1990 5423 IV.

279 5481 559 5545 Παιδείαν,
596 5481 696 5552 τὴν
740 5479 936 5551 ἠθικὴν
967 5479 1166 5553 ἀρετὴν
1205 5479 1380 5549 λέγει·
1422 5480 1650 5543 ἔννοιαν,
1687 5479 1785 5550 τὴν

206 5575 360 5632 θείαν
395 5573 626 5645 γνῶσιν·
663 5572 774 5635 υίὸς
803 5572 857 5624 δὲ
892 5572 1100 5642 ἀρετῶν
1135 5574 1163 5624 ό
1193 5575 1311 5626 κατ’
1351 5573 1518 5636 αὑτάς
1557 5589 1790 5624 πεποιω-

319 5798 366 5830 ’⁸
401 5813 454 5854 V.
485 5795 573 5852 18.
649 5794 695 5826 ’⁸
732 5810 782 5847 v.
817 5796 903 5849 25-
983 5797 1026 5828 ’⁷
1057 5809 1109 5847 V.
1139 5793 1230 5845 25.
1309 5794 1350 5825 ²³
1383 5807 1432 5847 v.
1461 5792 1551 5846 27.

543 5899 808 5957 Pyrum.
856 5895 972 5956 (in.
1024 5890 1217 5954 XVII.

1632 5791 1677 5824 19
1706 5807 1753 5847 ν.
1951 5791 1996 5824 30
2021 5806 2068 5845 γ’

1970 5479 2016 5514 ⁵³
2068 5473 2418 5542 Disciplinam
2486 5471 2620 5525 dicit
2667 5468 2926 5524 moralem
2969 5469 3254 5534 virtutem;
3312 5470 3468 5524 intel-

1899 5570 2126 5635 lectum,
2161 5567 2404 5623 divinam
2441 5564 2744 5619 scientiam.
2788 5561 2960 5616 Filius
2995 5573 3174 5616 autem
3203 5562 3465 5616 virtutum

2908 5789 2950 5818 ³³
2977 5804 3024 5840 v.
3057 5789 3104 5842 l.

3071 5887 3108 5942 t5

2267 5790 2304 5820 ³¹
2338 5804 2383 5843 v.
2418 5789 2505 5844 54.
2582 5787 2624 5822 ³²
2653 5805 2700 5843 ν.
