3880 6216
443 349 539 407 ΠΙ

1294 334 1855 393 SUPPLEMENTUM
1896 333 1985 388 AD
2020 329 2343 388 ORIGENIS
2379 327 2797 386 EXEGETICA.

3615 324 3713 378 17!

440 484 545 540 est,
579 471 669 542 qui
712 468 816 524 illis
846 474 931 524 est
968 463 1335 530 informatus;
1374 462 1577 531 quique
1613 459 1756 514 haud
1786 457 2012 512 alterius

2121 455 2297 526 μένος,
2322 454 2380 516 ὃς
2412 452 2513 506 ούκ
2541 451 2697 506 άλλου
2724 450 2903 521 χάριν,
2935 446 3047 501 ἀλλ’
3079 447 3241 501 ἕνεκα
3275 446 3373 515 τῆς
3400 444 3601 516 ἀρετῆς
3632 447 3700 499 τά

441 568 517 623 rei
564 563 758 635 gratia,
806 559 899 616 sed
939 566 1163 629 propter
1193 558 1363 627 ipsam
1404 555 1684 619 virtutem,
1734 551 1789 605 in
1839 565 1901 606 ea
1958 566 2017 606 se

440 665 680 715 εχει-ρει.

510 748 556 780 ³⁵
606 746 817 799 Donum
852 742 1055 798 bonum
1086 739 1156 795 do
1195 737 1607 801 vobis,c(cleste
1652 751 1913 808 regnum,
1971 737 2016 791 si

440 839 613 911 legem
658 852 834 893 meam
868 850 977 890 non
1006 831 1378 889 deserueritis.
1418 830 1517 887 Hic
1564 846 1729 900 porro
1772 830 2016 885 animad-

438 932 762 988 vertendum
794 938 900 993 est,
930 930 1133 983 donum
1182 928 1387 982 bonum
1423 924 1529 981 dici
1564 926 1633 979 ab
1655 939 1720 979 eo
1754 932 2016 987 mentem,

439 1033 664 1097 propter
703 1022 855 1075 illum
896 1020 988 1089 qui
1018 1022 1157 1075 dona
1220 1018 1273 1072 in
1321 1017 1499 1073 sinum
1553 1015 1753 1085 accipit
1794 1012 2015 1083 injuste,

438 1127 493 1173 et
520 1130 623 1171 nec
662 1127 922 1183 prospero
961 1125 1219 1167 successu
1251 1110 1446 1163 utitur.
1500 1106 1635 1161 Nam
1685 1106 1871 1175 iniqua
1926 1103 2015 1157 illa

437 1208 581 1263 dona
633 1204 765 1259 dicit
797 1217 895 1273 pro
936 1200 1170 1270 improbi
1206 1198 1447 1255 hominis
1494 1195 1748 1267 negotiis,
1797 1209 1919 1265 qua:
1969 1192 2014 1249 si

439 1312 595 1353 mens
623 1296 884 1366 excipiat,
909 1295 963 1350 in
992 1294 1096 1348 viis
1121 1291 1235 1346 suis
1267 1306 1370 1345 non
1402 1290 1716 1345 fortunatur
1736 1327 1749 1345 .

510 1392 555 1423 "
588 1390 799 1447 Corona
828 1388 1150 1458 gratiarum,
1182 1385 1437 1438 mandata
1464 1382 1675 1437 Domini
1710 1390 1859 1446 sunt,
1896 1394 2015 1451 qua:

440 1486 595 1554 regni
655 1497 916 1538 coronam
969 1479 1206 1534 vicissim
1242 1475 1556 1532 retribnunt
1598 1475 2015 1531 observantibus

441 1579 579 1646 ipsa.
611 1576 827 1630 Corona
847 1586 977 1627 vero
1002 1570 1322 1626 deliciarum
1354 1568 1591 1637 cognitio
1619 1566 1739 1631 Dei,
1767 1580 1885 1636 qua:
1918 1581 2017 1620 nos

438 1678 753 1739 protegens,
781 1678 996 1721 omnem
1028 1661 1288 1717 lascivam
1319 1658 1730 1729 cngitationem,
1764 1672 2013 1713 omnem-

438 1776 545 1832 que
568 1761 755 1815 falsam
782 1758 1063 1815 scientiam
1094 1754 1322 1825 repellit.

2123 549 2243 601 κατ’
2277 545 2443 617 αὐτὴν
2476 546 2707 615 ἐνεργεῖ.

2190 723 2375 794 Δῶρον
2397 722 2598 791 ἀγαθὸν
2632 718 2909 792 δωροῦμαι
2939 717 3087 789 ὑμῖν,
3121 718 3221 788 τὴν
3255 715 3577 787 ἐπουράνιον
3607 714 3702 784 βα-

2122 818 2342 884 σιλείαν,
2380 816 2474 870 ἐὰν
2506 814 2598 868 τὸν
2637 814 2799 884 νόμον
2850 828 2950 882 μου
3004 810 3078 880 μὴ
3125 808 3557 878 ἐγκαταλίπητε·
3601 823 3700 876 σηο

2123 910 2379 981 μειωτέον
2423 909 2480 961 δὲ
2525 904 2791 968 ἐνταῦθα,
2840 904 2921 957 ὅτι
2966 902 3135 973 δῶρον
3185 899 3387 968 ἀγαθὸν
3442 898 3699 969 ὀνομάζει

2117 1001 2209 1054 τὸν
2230 998 2373 1063 νοῦν,
2404 998 2491 1052 διὰ
2521 997 2613 1051 τὸν
2640 994 2986 1065 λαμϐάνοντα
3011 991 3160 1060 δῶρα
3182 990 3239 1043 ἐν
3263 990 3449 1061 κόλπῳ
3478 990 3694 1054 ἀδίκως,

2120 1095 2212 1148 καὶ
2238 1093 2313 1165 μὴ
2342 1090 2795 1160 κατευοδούμενον
2813 1105 2825 1117 ·
2872 1089 3055 1141 ἐκεῖνα
3090 1086 3199 1155 γάρ
3230 1083 3379 1155 δῶρα
3422 1083 3600 1146 ἄδικα,
3629 1083 3699 1135 τά

2120 1186 2417 1258 πράγματα
2446 1182 2594 1251 λέγει
2635 1180 2728 1233 τοῦ
2768 1177 3029 1249 πονηροῦ,
3068 1177 3210 1247 ἅπερ
3242 1178 3271 1229 6
3303 1176 3426 1240 νοῦς
3472 1176 3699 1246 δεχόμε-

2118 1294 2226 1339 νος,
2252 1275 2312 1328 ού
2338 1271 2722 1328 κατευοδοῦται
2758 1273 2815 1325 ἐν
2847 1272 2967 1333 ταῖς
2994 1270 3135 1333 ὁδοῖς
3174 1267 3358 1322 αὐτοῦ.

2188 1370 2457 1439 Στέφανος
2479 1368 2715 1440 χαρίτων
2736 1368 2791 1421 αἱ
2813 1365 3022 1419 ἐντολαὶ
3046 1365 3139 1419 τοῦ
3164 1363 3299 1417 Θεοῦ
3321 1365 3476 1427 εἰσιν,
3498 1363 3699 1423 αἱτινες

2116 1461 2207 1515 τὸν
2268 1460 2528 1530 στέφανον
2591 1458 2693 1528 τῆς
2754 1457 3030 1528 βασιλείας
3102 1457 3522 1528 ἀντιπαρέχουσι
3588 1457 3701 1520 τοῖς

2118 1546 2363 1599 ποιοῦσιν
2388 1545 2558 1608 αὑτάς
2578 1563 2591 1575 ·
2630 1546 2894 1614 στέφανος
2918 1545 2975 1599 δέ
2999 1546 3207 1617 τρυφῆς
3233 1547 3267 1616 ἡ
3300 1545 3500 1613 γνῶσις
3533 1547 3567 1616 ἠ
3601 1544 3697 1599 τοῦ

2115 1636 2272 1701 Θεοῦ,
2315 1638 2436 1707 ἥτις
2473 1637 2918 1708 ύπερασπίζουσα
2964 1636 3156 1708 ἡμῶν,
3219 1637 3397 1690 πάντα
3440 1637 3700 1707 λογισμὸν

2115 1729 2359 1801 ἐμπαθῆ,
2389 1731 2482 1783 καὶ
2515 1732 2696 1784 πᾶσαν
2729 1731 2928 1799 γνῶσιν
2958 1729 3130 1800 ψευδῆ
3161 1729 3481 1784 ἀπωθεῖται.

508 1852 552 1882 ³⁸
577 1849 672 1905 Hae
692 1848 996 1916 complures
1023 1846 1123 1900 via:
1149 1844 1215 1898 ad
1250 1859 1411 1898 unam
1436 1853 1665 1914 vergunt
1698 1844 1865 1907 viam,
1891 1856 2014 1913 quae

2185 1818 2355 1876 Αῦται
2385 1824 2440 1875 αί
2475 1820 2666 1876 πολλαὶ
2709 1821 2819 1875 ὁδοὶ
2860 1822 2940 1885 είς
2987 1822 3116 1892 μίαν
3165 1822 3388 1890 ἄγουσιν
3428 1822 3567 1887 ὁδὸν,
3598 1820 3700 1893 τὴν

438 1943 573 2000 dicit
600 1958 614 1996 :
648 1942 762 2012 Ego
782 1955 900 1996 sum
933 1939 1041 1993 via.
1094 1934 1288 1990 Multas
1330 1945 1510 1992 autem
1541 1936 1656 1990 vias
1680 1935 1813 1989 dixit
1843 1936 2016 1989 virtu-

436 2042 539 2099 tes,
566 2049 685 2104 quae
716 2033 783 2088 ad
806 2032 899 2087 Dei
930 2030 1299 2102 cognitionem
1341 2029 1635 2084 deducunt.
1683 2025 2009 2097 Multiplica-

435 2129 636 2183 buntur
652 2134 830 2181 autem
859 2124 986 2179 anni
1008 2123 1134 2177 vita:
1162 2122 1388 2186 homini,
1419 2120 1507 2188 qui
1542 2119 1592 2172 in
1621 2118 2009 2189 prophetarum

436 2233 571 2275 voce
603 2218 754 2273 audit
785 2215 1061 2272 ccelestem
1090 2214 1305 2268 Patrem
1328 2252 1343 2274 .
1372 2210 1673 2279 recipitque
1697 2222 1793 2279 per
1824 2208 2010 2276 unige-

432 2310 610 2363 nitum
638 2306 831 2362 Filium
863 2306 1027 2365 verba
1063 2303 1228 2368 illius,
1255 2312 1311 2355 ut
1330 2303 1382 2355 in
1413 2302 1536 2355 vitae
1563 2299 1722 2367 iustae
1750 2297 1851 2354 viis
1876 2298 2008 2352 diri-

435 2408 618 2466 gatur,
659 2412 767 2467 quo
798 2396 978 2453 salvus
1007 2395 1101 2450 (lat
1129 2394 1183 2448 in
1212 2403 1416 2449 aeterna
1452 2392 1581 2447 vita.

505 2583 547 2615 ³⁷
578 2580 785 2637 Horum
809 2589 1123 2635 castrorum
1159 2577 1320 2632 statin
1349 2584 1434 2631 est
1468 2576 1734 2645 nequitia,
1784 2584 1838 2629 et
1868 2573 2002 2629 falsa

432 2671 688 2735 scientia,
729 2680 783 2725 et
811 2670 1069 2741 quidquid
1096 2668 1203 2723 Deo
1230 2668 1466 2722 invisum
1492 2676 1598 2723 est.
1633 2667 1830 2723 Hostes
1857 2668 2001 2723 enim

432 2774 561 2819 sunt
580 2764 755 2833 impia:
780 2764 1155 2835 cogitationes,
1184 2777 1303 2833 qua:
1326 2761 1539 2818 animas
1562 2762 1857 2832 perimunt.

501 2952 547 2983 ³³
578 2949 802 3005 Dilectis
830 2948 943 3005 suis
968 2948 1197 3019 largitur
1234 2947 1377 3003 Deus
1414 2962 1697 3011 somnum;
1744 2954 1801 3000 at
1851 2946 2001 3016 impii

434 3041 725 3097 dilectione
751 3040 869 3109 ejus
891 3054 998 3095 non
1032 3037 1306 3102 fruuntur,
1342 3037 1540 3107 quibus
1566 3045 1717 3094 certe
1753 3052 2001 3093 somnum

432 3131 697 3187 Dominus
741 3145 848 3184 non
884 3129 1152 3185 concedit.
1211 3127 1353 3184 Hinc
1407 3127 1739 3184 credibiliter
1787 3129 1999 3184 ostendi

424 3232 629 3294 potest,
661 3223 805 3277 haud
839 3236 957 3278 esse
988 3222 1251 3285 idoneam
1278 3219 1542 3291 capiendo
1577 3234 1771 3277 somno
1800 3220 2005 3278 daemo-

431 3332 561 3372 num
587 3325 855 3370 naturam.

503 3406 549 3438 ³⁹
583 3406 855 3460 Anteennt
881 3403 1035 3459 nobis
1081 3404 1333 3469 virtutes,
1365 3418 1572 3474 nosque
1600 3401 1913 3458 illuminant
1949 3400 2005 3457 in

426 3506 698 3566 praesente
755 3496 900 3561 vita;
953 3509 1077 3565 qua:
1127 3495 1171 3549 si
1212 3510 1336 3549 cum
1386 3495 1569 3549 futura
1630 3504 2002 3564 comparetur,

430 3604 553 3659 qua:
576 3589 691 3643 dies
714 3597 821 3654 est,
848 3602 954 3641 nox
986 3586 1233 3652 dicetur;
1264 3587 1435 3641 donec
1468 3596 1726 3657 exsurgat
1751 3587 1867 3641 dies
1889 3626 1904 3651 ,
1950 3586 2003 3640 in

428 3696 538 3751 qua
562 3679 789 3748 iustitia:
821 3678 902 3733 sol
928 3678 1157 3733 orietur.
1210 3675 1310 3734 Vel
1364 3677 1514 3745 dicit,
1550 3678 1727 3748 quoad
1782 3686 1895 3733 tuto
1948 3679 2003 3732 in

429 3773 551 3828 loco
589 3786 688 3827 nos
718 3772 1076 3832 constituant,
1119 3784 1223 3824 non
1258 3771 1543 3826 recedunt.
1580 3770 1676 3827 Est
1714 3772 1860 3826 enim
1894 3770 2001 3826 diei

427 3864 731 3936 proprium,
750 3873 807 3918 ut
842 3864 1091 3918 tenebras
1121 3863 1392 3933 dispellat.
1420 3862 1574 3930 Quod
1596 3878 1727 3919 sane
1748 3863 2001 3920 Christus

427 3955 599 4009 etiam
644 3954 873 4010 aiebat:
905 3955 1007 4022 Qui
1058 3953 1306 4008 ambulat
1355 3954 1408 4008 in
1447 3955 1555 4019 die,
1600 3970 1708 4009 non
1754 3954 1998 4011 olTendiI.

426 4047 631 4107 Contra
657 4047 717 4101 ﬁt
752 4048 804 4103 in
840 4049 944 4102 viis
982 4047 1309 4117 impiorum;
1343 4048 1433 4117 qui
1478 4063 1601 4101 cum
1625 4062 1800 4117 neque
1826 4049 2002 4103 sciant

428 4155 605 4210 neque
644 4140 967 4210 intelligant,
999 4141 1053 4195 in
1102 4140 1346 4196 tenebris
1393 4140 1674 4195 ambulant
1723 4151 1779 4196 et
1821 4140 1997 4196 allen-

423 4233 588 4299 dunt;
621 4248 800 4303 neque
844 4232 1006 4287 ullam
1044 4234 1256 4288 veniant
1298 4232 1611 4297 inveniunt,
1653 4233 1806 4303 quasi
1844 4234 1998 4304 igno-

425 4325 604 4379 rantia
665 4324 905 4394 prolapsi
956 4323 1156 4379 fuerint
1200 4344 1214 4379 :
1264 4324 1364 4393 ipsi
1408 4324 1550 4378 enim
1578 4324 1684 4379 sibi
1744 4326 1997 4380 tenebras

416 4420 783 4477 obduxerunt.
813 4421 880 4476 Et
910 4421 1131 4485 videsis,
1159 4420 1303 4490 quod
1327 4419 1499 4474 virtus
1529 4420 1581 4474 in
1608 4420 1802 4474 mediis
1831 4422 1992 4475 etiam

2116 1915 2377 1969 εἰποῦσαν
2397 1932 2409 1945 ·
2443 1914 2583 1983 Ἐγώ
2612 1916 2726 1985 είμι
2752 1915 2785 1985 ἡ
2813 1914 2930 1978 όδός
2949 1931 2961 1944 ·
2991 1913 3188 1978 πολλὰς
3208 1914 3263 1967 δὲ
3288 1915 3507 1985 εἴρηκεν
3522 1915 3697 1979 ὁδοὺς,

2113 2009 2212 2071 τάς
2245 2007 2446 2080 ἀρετάς
2475 2007 2575 2071 τάς
2603 2006 2873 2079 φερούσας
2908 2008 3001 2061 ἐπὶ
3031 2006 3130 2078 τὴν
3170 2006 3372 2075 γνῶσιν
3404 2007 3497 2059 τοῦ
3531 2005 3693 2059 Θεοῦ.

2114 2100 2553 2173 Πληθυνθήσεται
2593 2100 2650 2153 δὲ
2683 2100 2776 2170 ἐτη
2814 2099 2959 2171 ζωῆς
3000 2098 3094 2152 τοῦ
3146 2098 3435 2163 ἀκούοντος
3468 2097 3556 2151 διά
3587 2098 3701 2152 τῶν

2113 2192 2409 2265 προφητῶν
2437 2191 2529 2245 τοῦ
2556 2192 2880 2262 ἐπουρανίου
2903 2190 3136 2261 Πατρὸς,
3165 2191 3257 2244 καὶ
3286 2191 3574 2261 δεχομένου
3608 2190 3701 2243 διά

2111 2285 2204 2339 τοῦ
2239 2283 2558 2356 μονογενοῦς
2589 2284 2717 2336 Υἱοῦ
2758 2284 2886 2347 τοὺς
2925 2283 3116 2352 λόγους
3148 2280 3333 2346 αὑτοῦ,
3368 2284 3448 2345 είς
3477 2282 3537 2334 τὸ
3566 2300 3701 2336 κατ-

2110 2376 2437 2447 ευθυνθῆναι
2482 2377 2539 2429 ἐν
2589 2379 2709 2439 ταῖς
2737 2375 2876 2438 ὁδοῖς
2918 2375 3017 2447 τῆς
3050 2374 3396 2445 δικαιοσύνης
3427 2374 3519 2428 τοῦ
3553 2374 3696 2444 βίου,

2108 2470 2252 2533 ὅπως
2280 2468 2536 2539 ἀποσωθῇ
2567 2468 2647 2531 είς
2670 2467 2769 2538 τὴν
2797 2467 3024 2533 ἀείζωον
3044 2466 3211 2537 ζωήν.

2179 2561 2381 2615 Τούτου
2415 2560 2509 2614 τοῦ
2546 2559 2778 2629 στρατοῦ
2807 2560 2836 2611 6
2879 2558 3045 2623 τόπος
3084 2560 3234 2612 ἐστὶν
3266 2559 3301 2629 ἠ
3333 2556 3502 2611 κακία
3536 2556 3633 2611 καὶ
3662 2558 3696 2626 ἡ

2106 2652 2452 2723 ψευδώνυμος
2479 2653 2701 2722 γνῶσις,
2737 2652 2832 2705 καὶ
2858 2652 2965 2704 πᾶν
2993 2649 3167 2704 ὁτιοῦν
3194 2649 3417 2702 ἄδεκτον
3447 2647 3524 2718 τῷ
3548 2646 3693 2717 Θεῷ·

2108 2746 2354 2816 πολέμιοι
2379 2744 2488 2817 γάρ
2522 2747 2659 2799 εἰσιν
2683 2746 2733 2798 οἱ
2766 2743 2983 2806 ἀσεϐεῖς
3028 2742 3302 2813 λογισμοὶ,
3351 2741 3530 2813 ψυχὰς
3555 2743 3701 2796 ἀπο-

2106 2836 2427 2900 κτείνοντες.

2190 2928 2272 2981 Ἐκ
2300 2930 2415 2991 τοῖς
2448 2927 2752 2999 ἀγαπητοῖς
2785 2925 2950 2981 αὐτοῦ
2976 2925 3193 2979 δίδωσιν
3214 2926 3242 2979 6
3264 2923 3465 2997 Κύριος
3497 2923 3691 2977 ὕπνον·

2104 3022 2153 3073 οἱ
2191 3019 2248 3073 δὲ
2290 3020 2511 3084 ἀσεϐεῖς
2558 3021 2659 3074 οὐκ
2707 3021 2845 3073 εἰσιν
2873 3016 3037 3072 αὐτοῦ
3067 3017 3370 3088 ἀγαπητοί·
3412 3019 3527 3079 τοῖς
3558 3016 3696 3069 ἀσε-

2105 3110 2255 3165 ϐέσιν
2282 3111 2389 3183 ἄρα
2429 3109 2490 3162 ού
2520 3109 2732 3164 δίδωσιν
2777 3108 2940 3163 ὕπνον
2983 3110 3012 3161 6
3054 3108 3293 3181 Κύριος·
3338 3106 3586 3160 ἐντεῦθεν
3633 3107 3695 3160 δὲ

2112 3203 2225 3256 ἐστι
2260 3205 2354 3257 καὶ
2375 3203 2645 3267 πειθανῶς
2677 3202 2869 3269 δεῖξαι,
2904 3202 2987 3255 ὅτι
3014 3201 3074 3255 ού
3102 3200 3384 3255 καθεύδειν
3404 3200 3695 3269 πεφύκασι

2105 3298 2376 3368 δαίμονες.

2176 3409 2614 3483 ῐῐροπορεύονται
2672 3408 2831 3479 ἡμῶν
2874 3408 2930 3461 αἱ
2964 3406 3177 3478 ἀρεταὶ.
3228 3407 3322 3459 καὶ
3360 3405 3698 3477 φωτίζουσιν

2101 3505 2251 3576 ἡμᾶς
2271 3506 2328 3559 ἐν
2366 3503 2444 3573 τῷ
2465 3503 2690 3574 παρόντι
2722 3501 2841 3572 βίῳ,
2869 3500 2927 3563 ὃς
2961 3499 3096 3571 πρὸς
3120 3499 3210 3551 τὸν
3243 3498 3524 3569 μέλλοντα,
3551 3499 3699 3569 ἠμὲ-

2108 3615 2205 3667 ραν
2237 3596 2387 3663 ὄντα,
2422 3595 2517 3662 νὺξ
2544 3595 2792 3663 λέγεται·
2834 3594 2939 3656 ἕως
2973 3590 3308 3662 κατορθώσει
3341 3592 3374 3662 ὴ
3402 3590 3592 3662 ἡμέρα
3633 3593 3699 3644 ἐν

2101 3686 2194 3765 ᾖό
2224 3690 2322 3762 τῆς
2362 3682 2713 3757 δικαιοσύνης
2754 3685 2905 3756 ἥλιος
2948 3682 3245 3737 ἀνατέλλει.
3297 3682 3369 3735 ’Ἡ
3414 3682 3535 3735 ἀντὶ
3569 3681 3696 3744 τοῦ,

2101 3783 2205 3846 ἕως
2235 3782 2384 3853 ἡμᾶς
2414 3782 2470 3833 ἐν
2498 3778 2765 3848 ἀσφαλείᾳ
2798 3778 3254 3848 καταστήσουσιν,
3283 3774 3381 3827 οὐκ
3414 3773 3697 3842 ἀφίσταν-

2099 3890 2216 3927 ται·
2247 3871 2404 3926 τοῦτο
2443 3872 2553 3943 γὰρ
2592 3870 2808 3941 ἡμέρας
2854 3868 3006 3933 ῐδιον,
3055 3868 3116 3922 τὸ
3169 3865 3361 3929 σκότος
3408 3864 3691 3919 διαλύειν·

2098 3968 2235 4036 ὅπερ
2276 3960 2368 4019 οῦν
2406 3964 2499 4018 καὶ
2522 3963 2755 4034 Χριστὸς
2809 3960 3029 4029 ἔλεγεν·
3075 3958 3134 4012 Ὅ
3170 3956 3491 4028 περιπατῶν
3528 3959 3586 4011 ἐν
3619 3961 3691 4029 τῇ

2099 4058 2281 4130 ἡμέρα
2325 4057 2385 4110 ού
2434 4056 2798 4126 προσκόπτει·
2850 4051 3156 4107 τούναντίον
3208 4050 3263 4104 δὲ
3310 4052 3365 4104 αἱ
3402 4051 3511 4104 τῶν
3548 4053 3693 4104 ἀσε-

2098 4150 2208 4203 ϐῶν
2231 4166 2243 4179 ·
2282 4149 2404 4202 ἐπεὶ
2430 4143 2522 4201 οῦν
2552 4147 2652 4199 οὐκ
2681 4145 2923 4214 ἔγνωσαν
2953 4143 3073 4196 οὐδὲ
3104 4143 3366 4213 συνῆκαν,
3399 4142 3459 4194 ἐν
3500 4142 3694 4195 σκότει

2096 4242 2540 4313 διαπορεύονται·
2613 4237 3084 4309 προσκόπτουσιν,
3154 4234 3269 4288 ἀλλ’
3330 4234 3431 4287 ούκ
3497 4233 3693 4304 ἔχουσι

2098 4330 2424 4401 συγγνώμην
2468 4328 2544 4392 ὡς
2592 4326 2783 4397 ἀγνοίᾳ
2836 4324 3298 4397 προσπταίοντες·
3355 4324 3509 4377 αὐτοὶ
3572 4324 3692 4395 γὰρ

2096 4424 2306 4485 ἑαυτοῖς
2346 4422 2407 4473 τὸ
2453 4420 2644 4482 σκότος
2694 4418 3054 4491 εἰργάσαντο·
3112 4416 3212 4488 ὅρα
3260 4416 3318 4469 δὲ
3367 4416 3445 4479 ὡς
3494 4417 3529 4487 ἡ
3584 4418 3692 4488 μὲν

422 4511 664 4565 tenebris
702 4511 877 4566 lucem
919 4510 1206 4576 diﬂundit;
1254 4511 1498 4580 nequitia
1527 4520 1727 4579 autem,
1779 4512 1832 4565 in
1868 4512 1989 4567 luce
2022 4543 2028 4595 J

2118 4513 2263 4585 ιρετὴ
2300 4513 2394 4566 καὶ
2428 4514 2484 4565 ἐν
2520 4511 2699 4565 σκότει
2746 4509 2860 4579 φῶς
2904 4510 3178 4580 ἐποίησεν·
3212 4511 3246 4579 ή
3278 4508 3333 4561 δὲ
3378 4508 3547 4563 κακία
3587 4510 3691 4563 καὶ

416 4617 631 4672 quoque
659 4602 1001 4658 tenebrescit.

486 4695 535 4726 “
575 4693 683 4748 Sed
724 4708 901 4762 neque
944 4693 1219 4761 quomodo
1275 4701 1502 4761 peccant
1556 4694 1709 4763 impii
1775 4695 1987 4759 sciunt,

2096 4610 2153 4660 ἐν
2193 4607 2331 4677 φωτὶ
2362 4606 2569 4668 σκότος.
2600 4634 2672 4644 —
2722 4603 2856 4655 υὺδὲ
2894 4602 2984 4655 τὸν
3015 4602 3216 4674 τρόπον
3270 4602 3387 4665 πῶς
3426 4602 3693 4673 ἁμαρτά-

2096 4717 2295 4764 νουσιν,
2333 4701 2382 4751 οί
2417 4696 2637 4760 ἀσεϐεῖς
2683 4696 3035 4750 ἐπίστανται·
3077 4694 3195 4747 οὐδὲ
3234 4694 3331 4765 τὴν
3369 4694 3549 4748 αἰτίαν
3595 4711 3690 4762 γι-

415 4800 595 4856 neque
613 4800 833 4841 causam
859 4784 1217 4839 oﬁ‘ensionum
1243 4799 1462 4838 suarum
1492 4796 1690 4840 norunt
1716 4802 1729 4838 :
1756 4786 1991 4856 denique

2118 4790 2380 4852 νὼσκουσι,
2439 4789 2603 4842 πόθεν
2668 4786 3133 4859 προσκόπτουσιν·
3194 4783 3308 4836 ἀλλ’
3360 4783 3481 4836 οὐδὲ
3545 4784 3689 4839 αὐτὸ

416 4893 487 4933 Ite
515 4878 690 4946 ipsum
721 4876 937 4945 quidem
984 4883 1271 4944 peccatum
1303 4889 1461 4930 suum
1508 4878 1984 4943 animadvertunt;

2118 4883 2248 4937 τοῦτο
2291 4883 2489 4946 ἴσασιν,
2542 4881 2625 4934 ὅτι
2673 4876 3117 4950 παρανομοῦσιν·
3167 4876 3306 4949 ὅπερ
3343 4876 3489 4929 ἐστὶν
3543 4874 3688 4945 γνὼ-

408 4968 559 5039 quod
589 4975 849 5021 extremae
874 4966 1128 5034 nequitiae
1160 4965 1417 5020 indicium
1455 4976 1559 5022 est.

2118 4995 2262 5048 ιισμα
2292 4977 2388 5046 τῆς
2417 4974 2650 5045 ἐσχάτης
2682 4972 2898 5034 κακίας.

486 5058 533 5090 ⁴¹
564 5057 769 5113 Fontes
795 5058 930 5111 dicit
960 5057 1219 5122 virtutes,
1251 5059 1392 5113 unde
1417 5067 1594 5113 scatet
1626 5074 1762 5129 aqua
1796 5061 1983 5116 vivens

2161 5067 2350 5139 Πηγάς
2373 5066 2519 5135 λέγει
2550 5063 2649 5128 τὰς
2677 5062 2899 5136 ἀρετάς,
2928 5061 3021 5132 ἀφ’
3043 5055 3118 5114 ὧν
3145 5060 3399 5128 γεννᾶται
3429 5057 3490 5111 τὸ
3522 5058 3679 5131 ὕδωρ

413 5150 719 5205 divinorum
753 5150 1067 5217 verborum,
1101 5149 1155 5204 id
1185 5158 1269 5204 est
1296 5148 1497 5204 Christi
1528 5152 1779 5222 cognitio.
1816 5153 1982 5208 David

2118 5157 2151 5209 ηδ
2183 5154 2290 5221 ζῶν
2337 5155 2444 5208 τῶν
2491 5153 2650 5207 θείων
2704 5154 2986 5225 ῥημάτων,
3034 5152 3172 5222 ὅπερ
3222 5150 3369 5203 ἐστὶν
3401 5149 3433 5220 ἡ
3468 5148 3681 5217 γνῶσις

411 5257 628 5315 quoque
664 5259 679 5297 :
712 5242 1121 5311 Apparuerunt,
1161 5243 1355 5312 inquit,
1401 5242 1577 5298 fontes
1609 5259 1896 5314 aquarum,
1929 5254 1986 5300 et

2118 5247 2184 5301 ὀὔ
2214 5246 2473 5318 Χριστοῦ.
2504 5247 2613 5299 Καὶ
2638 5246 2666 5297 6
2690 5245 2852 5299 Δαυῖδ
2875 5262 2888 5274 ·
2927 5242 3211 5313 Ὠφθησαν
3237 5240 3365 5313 γὰρ,
3388 5242 3574 5311 φησὶν,
3610 5243 3677 5295 αἱ

412 5333 650 5389 revelata
714 5341 840 5386 sunt
897 5330 1249 5387 fundamenta
1302 5332 1453 5388 orbis
1517 5342 1825 5400 terrarum,
1880 5335 1982 5391 sub

2118 5340 2264 5412 πηγαὶ
2295 5339 2403 5394 τῶν
2449 5338 2675 5401 ὑδάτων,
2718 5336 2813 5391 καὶ
2851 5333 3301 5405 ἀνεκαλύφθησαν
3340 5332 3407 5385 τὰ
3441 5331 3679 5402 θεμέλια

414 5427 652 5482 adventu
680 5423 933 5480 videlicet
957 5424 1267 5480 Servatoris
1295 5426 1466 5480 nostri
1491 5424 1617 5481 Jesu
1645 5426 1870 5483 ChriSti.

2118 5430 2183 5500 ἧς
2225 5429 2569 5499 οἰκουμένης,
2615 5426 2766 5498 παρὰ
2804 5426 2904 5497 τὴν
2941 5424 3236 5495 ἐπιδημίαν
3287 5422 3529 5494 δηλονότι
3568 5423 3675 5479 τοῦ

2082 5523 2330 5593 Σωτῆρος
2363 5520 2518 5592 ἡμῶν
2556 5519 2727 5591 Ἰησοῦ
2749 5516 3004 5589 Χριστοῦ.

486 5611 532 5643 ⁸⁸
555 5608 709 5665 Oculi
737 5610 835 5676 tui,
871 5609 1255 5679 inquit,_recta
1284 5608 1524 5678 videant,
1564 5610 1616 5666 id
1644 5620 1729 5667 est
1757 5626 1822 5668 ea
1858 5620 1981 5667 tan-

2157 5615 2217 5666 Οί
2250 5612 2515 5683 ὀφθαλμοί
2551 5629 2665 5677 σου,
2709 5604 2881 5673 εἶπεν,
2912 5608 3054 5680 όρθά
3103 5606 3468 5677 βλεπέτωσαν,
3499 5623 3676 5667 τουτο

515 5804 557 5835 ³⁵
588 5819 635 5859 v.
669 5802 723 5859 2.
800 5802 919 5861 δν.
944 5800 997 5858 9.
1074 5800 1190 5855 "V.
1225 5798 1312 5856 l0.
1388 5798 1431 5833 ⁸⁷
1467 5798 1636 5859 v.15.
1712 5798 1757 5831 ³⁸
1786 5814 1835 5855 v.
1888 5797 1973 5854 l6.

2130 5796 2302 5853 v.18.
2381 5796 2424 5828 "°
2458 5812 2507 5852 ν.
2556 5794 2643 5851 l9.
2721 5796 2761 5827 δ’
2803 5810 2851 5849 v.
2904 5793 2995 5851 21.
3072 5793 3116 5827 ⁸⁹
3152 5794 3299 5851 v.25.
