3880 6216
272 378 373 432 173

1435 389 1802 446 EXPOSITIO
1831 390 1895 444 IN
1932 390 2349 451 PROVERBIA.

3419 412 3521 464 ΓΜ

266 496 386 550 ἐστι
426 497 499 551 τὰ
560 498 679 569 Θεῷ
709 499 847 569 μόνα
889 501 1033 571 φίλα,
1070 503 1236 574 ἥγουν
1269 506 1335 559 τὰ
1373 509 1523 578 παρά
1558 510 1666 563 τῶν
1712 530 1828 582 προ-

1960 525 2068 567 tum
2103 531 2223 584 qua:
2261 516 2368 569 Deo
2400 527 2524 571 sunt
2554 517 2752 587 placita
2780 538 2793 587 ;
2821 536 3013 591 nempe
3036 538 3155 592 qum
3185 539 3213 579 a
3245 528 3525 598 prephctis

264 587 453 656 φητῶν
477 590 611 657 ἡμῖν
653 591 1051 661 σαφηνισθέντα
1097 596 1225 665 περὶ
1268 597 1361 650 τοῦ
1405 600 1640 670 Χριστοῦ
1691 602 1851 671 μόνου

262 680 358 730 καὶ
390 679 519 732 τῶν
531 679 789 750 μαθητῶν
821 683 987 738 αὑτοῦ
1013 702 1027 715 ·
1068 686 1163 739 καὶ
1196 688 1295 742 ὅσα
1328 690 1481 760 παρά
1525 708 1671 753 τινος
1712 693 1852 762 πρὸς

259 770 353 823 τὸν
386 771 618 840 Χριστὸν
640 772 942 826 οίκειοῦντα
967 774 1226 848 λαληθείη
1252 781 1346 833 καὶ
1382 780 1562 850 μόνον.

330 862 622 931 Συμφωνεῖ
656 863 864 928 τούτοις
898 867 977 929 τὸ,
1024 869 1150 921 Ἐὰν
1185 870 1263 940 μὴ
1295 870 1498 942 Κύριος
1525 872 1854 944 οἰκοδομήσῃ

258 950 428 1021 οἷκον,
462 958 556 1010 καὶ⁵
595 958 802 1029 φυλάξῃ
844 960 999 1013 πόλιν
1018 978 1031 991 ι
1079 963 1355 1017 τουτέστιν
1384 963 1479 1017 ὲάν
1522 964 1599 1037 μὴ
1644 965 1847 1036 Κύριος

256 1050 369 1120 δώῃ
400 1051 531 1121 ἡμῖν
567 1052 719 1121 ίσχὺν
751 1053 843 1107 τοῦ
889 1054 1217 1109 κατευθῦναι
1252 1056 1320 1109 τά
1357 1056 1493 1127 πρὸς
1532 1056 1693 1109 αὑτὸν
1731 1056 1845 1111 δια-

253 1143 500 1212 δήματα,
530 1144 706 1215 μάτην
736 1150 899 1217 ἡμεῖς
939 1148 1239 1219 κοπιῶμεν,
1273 1150 1321 1201 οί
1364 1151 1439 1222 μὴ
1472 1151 1530 1203 ὲν
1560 1151 1843 1221 παρακλή-

256 1250 341 1285 σει
385 1235 546 1292 αὑτὸν
592 1238 1040 1311 ἐπικαλούμενοι,
1086 1240 1204 1296 ἀλλ’
1242 1242 1300 1294 έν
1342 1240 1599 1315 αὐθαδείῃ
1633 1243 1841 1311 ἐπιχει-

257 1342 503 1395 ρουντες.

1958 605 2301 660 manifestata
2326 607 2482 663 nobis
2515 609 2739 665 fuerunt
2781 615 2843 666 de
2887 613 3002 668 solo
3031 614 3250 670 Christo
3284 619 3523 689 discipu-

1954 693 2124 762 lisque
2148 694 2263 762 ejus
2298 715 2310 748 :
2346 711 2685 768 quzecunque
2716 701 2947 771 denique
2980 704 3080 758 abs
3124 708 3316 774 quovis
3338 708 3525 765 dicen-

1954 793 2041 838 tur
2073 785 2138 837 ad
2163 785 2441 841 Christum
2470 793 2842 845 tantummodo
2878 793 3217 849 deducentia.

2022 876 2068 908 “
2096 874 2191 931 llis
2226 888 2530 935 consonant
2565 881 2655 935 illa
2691 898 2703 933 :
2740 881 2854 937 Nisi
2882 883 3140 942 Dominus
3165 888 3525 946 aediﬁcaverit

1953 964 2193 1032 domum,
2218 970 2639 1027 ctcustodiverit
2661 974 2967 1042 civitatem;
3007 977 3059 1031 id
3080 988 3182 1045 est,
3210 980 3309 1036 nisi
3336 983 3513 1037 Domi-

1956 1072 2057 1111 nus
2092 1058 2250 1113 nobis
2280 1059 2386 1114 vim
2432 1062 2864 1131 suppeditaverit
2912 1065 3179 1134 dirigendi
3229 1071 3296 1124 ad
3345 1072 3523 1141 ipsum

1951 1163 2172 1215 gressus
2198 1160 2443 1216 nostros,
2470 1150 2672 1207 frustra
2702 1168 2799 1209 nos
2829 1154 3138 1212 laboramus
3158 1198 3173 1222 ,
3202 1161 3293 1228 qui
3324 1175 3525 1230 nequa-

1950 1255 2113 1310 quam
2150 1256 2273 1297 eum
2318 1245 2572 1312 precibus
2609 1246 2960 1314 invocamus,
3003 1249 3099 1304 sed
3136 1264 3257 1306 cum
3296 1254 3521 1310 audacia

1949 1346 2064 1385 rem
2105 1332 2368 1403 gerimus.

1781 1424 1933 1482 CAP.
1970 1423 2038 1479 ν.

326 1520 772 1591 Στωμυλεύονται
801 1522 908 1592 γὰρ
940 1524 1058 1577 αἵτε
1104 1524 1363 1595 πρόδηλοι
1397 1525 1616 1596 πόρναι,
1654 1524 1749 1578 καὶ
1790 1525 1847 1579 αἱ

253 1610 363 1665 τῶν
431 1614 754 1684 ἑτεροδόξων
830 1614 1189 1680 διδασκαλίαι,
1260 1616 1547 1669 ἀπατῶσαι
1602 1616 1689 1670 διὰ
1748 1617 1848 1686 τῆς

253 1706 653 1776 χρηστολογίας
710 1708 809 1772 τὰς
856 1707 967 1763 τῶν
1016 1708 1240 1762 ἀκάκων
1284 1709 1550 1779 καρδίαςο
1613 1709 1842 1780 μεγίστη

251 1793 347 1850 οὖν
371 1799 640 1868 ἀσφάλεια
672 1800 732 1853 τὸ
768 1800 844 1872 μὴ
876 1800 1077 1855 ἁλῶναι
1108 1799 1203 1871 τὴν
1236 1800 1439 1871 ἀρχήν
1484 1800 1678 1854 ἁλόντα
1710 1800 1840 1873 γὰρ,

249 1890 509 1944 δύσκολον
548 1892 849 1961 διαφυγεῖν.

323 1984 503 2054 Μέχρι
544 1984 643 2054 μὲν
679 1985 778 2056 τῆς
819 1984 991 2055 ἀκοῆς
1020 1984 1220 2049 αὐτῶν,
1268 1985 1328 2038 τὸ
1357 1984 1539 2039 καλόν.
1574 1984 1834 2055 Σημαίνει

248 2071 306 2124 δὲ
337 2073 399 2125 τὸ
430 2073 584 2137 λίπος
629 2074 727 2145 τὴν
778 2074 993 2145 ἡδονὴν,
1024 2075 1118 2143 ἀφ’
1144 2070 1212 2146 ἦς
1239 2073 1479 2126 τίκτεται
1512 2074 1545 2143 ὴ
1588 2073 1833 2146 ἀκαθαρ-

249 2166 378 2217 σίαο
413 2160 483 2235 ἧς
508 2165 750 2234 ἔκγονον,
800 2168 966 2219 κακία
1000 2167 1095 2219 καὶ
1132 2167 1353 2234 ἄγνοια·
1398 2159 1472 2218 ὧν
1524 2164 1676 2218 οὐδὲν
1720 2165 1835 2219 ἔστι

247 2258 575 2329 πικρότερον
615 2260 672 2312 ἐν
702 2261 814 2323 τοῖς
852 2260 1133 2328 γεγονόσιν
1186 2260 1366 2330 εὑρεῖν
1408 2260 1465 2310 ἐν
1502 2258 1684 2328 ἡμέρᾳ
1716 2256 1835 2327 κρί-

251 2365 415 2401 σεως.

289 2365 612 2492 ειΫΕςντεῦθεν
658 2438 1001 2510 γινώσκομεν
1048 2440 1131 2493 ὅτι
1165 2439 1226 2492 τὸ
1258 2437 1485 2509 θυμικδν
1522 2438 1684 2509 μέρος
1717 2438 1835 2491 ὲπι-

246 2531 443 2599 κρατεῖ
473 2532 533 2582 ὲν
559 2532 671 2592 τοῖς
714 2530 995 2599 δαίμοσιν·
1030 2530 1372 2600 Ἀνελεήμων
1395 2528 1524 2600 γὰρ,
1558 2528 1711 2597 φησὶ,
1741 2527 1832 2580 θυ-

246 2620 373 2690 μὸς,
399 2621 492 2675 καὶ
531 2619 677 2684 ὀξεῖα
700 2621 838 2692 ὀργὴ
867 2620 1047 2675 αὐτῶν
1072 2639 1083 2650 ·
1118 2619 1409 2691 θηρεύουσι
1435 2620 1545 2690 γὰρ
1578 2619 1656 2681 είς
1686 2616 1834 2671 ἀπώ-

242 2712 403 2766 λειαν
441 2713 569 2775 τοὺς
608 2713 1035 2785 πειθαρχοῦντας
1067 2714 1250 2777 αὐτοῖς
1270 2730 1282 2742 ’
1327 2711 1469 2765 οὕτω
1494 2711 1601 2783 γὰρ
1634 2710 1832 2781 τιμῶσι

244 2804 375 2866 τοὺς
400 2803 674 2873 τιμῶντας
703 2804 923 2866 αὐτούς.

315 2894 416 2946 Διὰ
461 2894 573 2947 τῶν
635 2896 845 2950 κακιῶν
899 2898 948 2949 οἰ
1014 2898 1241 2972 πονηροὶ
1298 2897 1681 2969 κατατρίϐουσι
1736 2894 1835 2959 τὰς

240 2990 459 3061 σάρκας
501 2990 594 3043 τοῦ
638 2991 897 3062 Χριστοῦ,
944 2992 1039 3046 καὶ
1086 2993 1147 3045 τὸ
1182 2987 1319 3063 αἷμα
1357 2991 1832 3048 καταναλίσκουσι.

238 3081 421 3133 κοινὸν
480 3082 612 3135 αὐτὸ
657 3084 998 3155 ἡγησάμενοι
1048 3084 1147 3155 (1)·
1196 3082 1256 3138 Ὀ
1289 3083 1515 3155 τρώγων
1559 3084 1668 3156 γάρ
1710 3101 1831 3154 μου,

236 3170 398 3240 φησὶ,
434 3170 533 3242 τὴν
558 3173 755 3242 σάρκα,
791 3174 885 3225 καὶ
916 3171 1086 3227 πίνων
1125 3190 1227 3243 μου
1262 3175 1324 3227 τὸ
1356 3169 1513 3244 αἷμα,
1550 3173 1659 3245 ἔχει
1691 3172 1835 3243 ζωὴν

2018 1520 2064 1553 ⁸⁸
2122 1519 2397 1579 Blaterant
2441 1525 2585 1579 enim
2613 1534 2722 1581 tum
2762 1528 2991 1596 publica:
3020 1533 3333 1588 meretrices
3358 1575 3374 1599 ,
3401 1544 3516 1590 tum

1944 1613 2402 1671 heterodoxorum
2434 1619 2633 1674 schola:
2657 1664 2670 1687 ,
2730 1621 2956 1689 pulchro
3008 1623 3222 1692 eloquio
3258 1627 3522 1693 ingenuo-

1943 1721 2063 1760 rum
2085 1708 2246 1761 corda
2279 1708 2628 1778 deeipientes.
2687 1711 2780 1766 Est
2815 1713 2999 1782 itaque
3034 1724 3208 1768 tutum
3250 1718 3506 1782 maxime,

1941 1812 2009 1852 ne
2073 1798 2233 1853 initio
2294 1800 2663 1871 decipiantur;
2734 1820 2858 1858 nam
2925 1807 3212 1876 deceptus,
3293 1808 3511 1864 difficile

1941 1890 2144 1944 evadit.

2011 1978 2059 2010 “
2092 1980 2405 2035 Auditionis
2444 1990 2620 2049 tenus,
2668 1983 2975 2041 delectatio.
3013 1986 3291 2057 Pinguedo
3329 1998 3510 2045 autem

1939 2070 2272 2139 voluptatem
2322 2073 2576 2136 denotat,
2636 2087 2700 2127 ex
2752 2089 2856 2143 qua
2904 2075 3192 2143 impuritas
3239 2080 3512 2150 gignitur;

1938 2160 2093 2229 cujus
2123 2164 2430 2233 progenies,
2458 2166 2697 2234 nequitia
2726 2176 2778 2220 et
2805 2168 3041 2221 inscitia.
3074 2168 3238 2240 Atqui
3268 2170 3353 2227 his
3372 2172 3520 2229 vitiis

1939 2253 2075 2308 nihil
2104 2256 2413 2310 invenietur
2444 2258 2685 2312 amarius
2718 2259 2770 2313 in
2800 2259 2889 2313 die
2910 2261 3119 2330 judicii.

2016 2426 2062 2458 “
2117 2427 2254 2482 llinc
2300 2428 2679 2499 cognoscimus
2720 2428 3037 2499 qualitatem
3090 2432 3407 2489 iracundam
3459 2436 3513 2491 in

1937 2524 2271 2578 dmmonibus
2298 2524 2615 2592 praevalere.
2674 2524 2902 2581 Immitis
2956 2541 3099 2581 enim
3154 2540 3258 2594 est,
3314 2531 3506 2599 inquit,

1936 2614 2091 2669 furor
2119 2628 2326 2679 eorum,
2354 2627 2403 2670 et
2433 2614 2512 2669 ira
2539 2626 2718 2671 acuta.
2751 2617 3030 2672 Venantur
3058 2620 3252 2691 quippe
3284 2623 3349 2676 ad
3377 2622 3514 2677 inte-

1940 2708 2101 2761 ritum
2125 2723 2220 2763 eos
2247 2708 2336 2776 qui
2360 2707 2463 2763 sibi
2490 2708 2891 2776 obtemperant.
2923 2712 3016 2766 Sic
3056 2713 3303 2769 videlicet
3336 2716 3507 2770 hono-

1940 2807 2062 2852 rant
2084 2813 2199 2862 eos,
2226 2799 2318 2867 qui
2348 2798 2491 2867 ipsos
2524 2800 2813 2857 honorant.

2008 2890 2052 2922 ⁸⁷
2078 2890 2325 2945 Peccatis
2358 2890 2472 2945 suis
2501 2891 2731 2961 improbi
2780 2893 3026 2948 homines
3062 2892 3267 2949 Christi
3321 2910 3513 2950 carnes

1940 2990 2249 3047 conterunt,
2270 2986 2332 3038 'et
2358 2985 2671 3055 sanguinem
2704 2995 3047 3049 consumunt,
3081 3001 3196 3040 rem
3227 2986 3509 3056 profanam

1938 3076 2340 3131 existimantes.
2374 3077 2626 3133 Attamen
2651 3077 2999 3134 aitChristus
3035 3097 3050 3133 :
3081 3078 3180 3146 Qui
3223 3080 3509 3135 mandueat

1940 3181 2116 3221 meam
2180 3182 2402 3222 carnem
2460 3180 2516 3221 et
2551 3168 2683 3223 bibit
2730 3185 2906 3224 meum
2964 3173 3304 3243 sanguinem,
3343 3173 3504 3228 habet

234 3260 481 3326 αἰώνιον,
540 3261 697 3331 κάγὼ
750 3264 1042 3335 ἀναστήσω
1083 3264 1247 3318 αὐτὸν
1275 3267 1333 3319 ὲν
1366 3265 1570 3336 ἐσχάτῃ
1612 3264 1825 3335 ἡμέρᾳ⁰

1947 3257 2100 3310 vitam
2126 3266 2408 3323 aaternam,
2430 3266 2485 3311 et
2503 3273 2602 3328 ego
2620 3260 2953 3316 resuscitabo
2972 3278 3095 3317 eum
3127 3264 3179 3316 in
3212 3264 3508 3319 novissimo

234 3356 263 3405 ό
287 3353 346 3407 δὲ
380 3354 615 3420 ἀναξίως
650 3356 843 3411 ἐσθίων
875 3357 935 3411 τὸ
966 3358 1125 3428 σῶμα
1157 3358 1251 3411 κα)⁵
1285 3358 1457 3412 πίνων
1487 3357 1547 3411 τὸ
1581 3351 1719 3429 αἷμα
1738 3354 1830 3410 τοῦ

237 3443 471 3513 Κυρίου,
498 3447 670 3516 κρῖμα
703 3445 881 3517 ἐαυτῷ
900 3446 1069 3500 ἐσθίει
1104 3448 1199 3501 καὶ
1229 3447 1388 3502 πίνει.

306 3531 421 3588 Ἦν
444 3536 535 3589 ὅτε
566 3538 667 3590 οὐκ
702 3533 770 3608 ἦν
798 3539 990 3603 κακὸν,
1036 3541 1131 3592 καὶ
1175 3538 1328 3593 ἔσται
1364 3540 1453 3593 ὅτε
1497 3541 1598 3593 οὐκ
1646 3538 1825 3592 ἔσται·

236 3626 605 3693 ἀνεξάλειπτα
637 3630 748 3703 γὰρ
789 3632 857 3686 τὰ
894 3633 1185 3704 σπέρματα
1234 3634 1333 3704 τῆς
1376 3634 1606 3705 ἀρετῆς·
1657 3633 1831 3687 πείθει

234 3719 294 3773 δέ
327 3737 396 3791 με
426 3721 521 3773 καὶ
554 3717 704 3786 οὗτος
737 3724 869 3793 παρ’
892 3724 1090 3793 ὀλίγον,
1116 3725 1211 3778 καὶ
1236 3725 1296 3777 οὐ
1326 3726 1548 3789 τελείως
1583 3725 1640 3780 ἐν
1670 3729 1832 3781 παντὶ

237 3812 394 3883 κακῷ
437 3812 677 3881 γεγονὼς
724 3817 753 3868 ὁ
797 3815 1053 3880 πλούσιος
1103 3818 1160 3871 ὲν
1203 3817 1280 3888 τῷ
1330 3817 1433 3891 ᾄδῃ
1484 3817 1571 3871 διὰ
1629 3818 1831 3871 κακίαν

236 3906 583 3975 κρινόμενος,
614 3906 706 3959 καὶ
747 3908 1032 3979 οἰκτείρων
1068 3909 1196 3972 τοὺς
1235 3909 1499 3983 ἀδελφούς
1537 3908 1613 3979 (2)
1636 3925 1647 3936 ·
1687 3908 1745 3962 τὸ
1773 3908 1829 3961 δὲ

236 3996 428 4061 ἐλεεῖν,
456 3997 677 4069 σπέρμα
697 4001 953 4069 τυγχάνει
976 4001 1038 4054 τὸ
1069 4000 1355 4055 κάλλιστον
1385 4001 1482 4072 τῆς
1512 4000 1732 4072 ἀρετῆς.

316 4174 385 4228 Ἦ
430 4175 630 4243 γνῶσις
677 4175 771 4228 καὶ
819 4176 997 4248 φρέαρ
1042 4177 1158 4229 ἐστὶ
1198 4178 1290 4230 καὶ
1338 4177 1525 4248 πηγή’
1563 4178 1672 4240 τοῖς
1727 4175 1824 4245 μὲν

233 4266 345 4335 γὰρ
370 4265 728 4337 προσελθοῦσι
757 4270 876 4330 ταῖς
902 4268 1144 4339 ἀρεταῖς,
1182 4269 1317 4339 βαθὺ
1351 4270 1527 4342 φρέαρ
1571 4265 1710 4322 εἶναι
1741 4267 1826 4320 δο-

235 4360 354 4409 κεῖ·
379 4360 494 4421 τοῖς
521 4356 577 4410 δὲ
611 4358 847 4411 ἀπαθέσι
877 4360 971 4412 καὶ
1002 4358 1285 4431 καθαροῖς,
1331 4361 1482 4432 πηγή
1504 4376 1517 4390 ’
1555 4359 1697 4412 οὓτω
1731 4360 1825 4413 καὶ

231 4453 261 4502 ό
289 4449 482 4522 Σωτὴρ
514 4449 801 4513 ἐκαθέζετο
832 4452 925 4504 ἐπὶ
950 4453 1016 4523 τῇ
1046 4454 1217 4523 πηγῇ,
1244 4452 1361 4523 ὥρα
1388 4448 1454 4522 ἦν
1485 4452 1617 4504 ὡσεί
1655 4452 1788 4521 ἕκτη
1808 4470 1819 4481 ⁸

232 4544 501 4615 πηγὴνδὲ
532 4544 641 4598 νόει
668 4544 766 4616 τὴν
817 4544 967 4597 θείαν
1015 4544 1237 4613 γνῶσιν,
1289 4545 1384 4597 καὶ
1424 4544 1485 4596 οὐ
1534 4543 1595 4595 τὸ
1645 4544 1822 4615 φρέαρ

1936 3346 2045 3401 die.
2061 3345 2178 3417 Jam
2196 3362 2326 3401 vero
2346 3348 2435 3417 qui
2453 3348 2670 3419 indigne
2686 3366 2881 3419 corpus
2904 3353 3194 3407 manducat
3211 3363 3265 3407 et
3283 3356 3502 3424 sangui-

1935 3453 2058 3493 nem
2089 3440 2222 3494 bibit
2251 3439 2487 3505 Domini,
2516 3440 2778 3508 judicium
2807 3443 2909 3497 sibi
2945 3444 3239 3499 rnanducat
3262 3454 3319 3500 et
3341 3446 3499 3501 bibit.

2005 3528 2053 3561 ’⁸⁸
2084 3528 2222 3585 Olim
2260 3545 2365 3584 non
2396 3530 2496 3584 fuit
2524 3532 2751 3597 malum,
2788 3541 2843 3587 et
2872 3533 2975 3588 hoc
3000 3534 3174 3603 ipsum
3217 3534 3507 3603 aliquando

1934 3634 2042 3673 non
2098 3621 2203 3674 erit
2233 3638 2245 3673 :
2278 3629 2406 3675 sunt
2458 3620 2605 3675 enim
2661 3620 2970 3677 indelebilis
3004 3624 3225 3678 virtutis
3273 3625 3503 3679 semina.

1936 3712 2047 3767 Hoc
2091 3712 2223 3766 mihi
2282 3713 2670 3782 propemodum
2719 3714 2918 3769 suadet
2956 3714 3109 3770 dives
3155 3716 3244 3770 ille
3276 3718 3365 3785 qui
3399 3732 3504 3771 non

1932 3804 2155 3857 omnino
2185 3811 2333 3858 totus
2359 3804 2536 3860 malus
2561 3805 2769 3870 fuerat,
2816 3807 2918 3860 etsi
2950 3806 3019 3861 ob
3050 3807 3344 3875 nequitiam
3369 3806 3505 3861 infe-

1930 3894 2008 3948 ris
2037 3894 2385 3962 adjudicatus
2416 3914 2431 3950 :
2461 3909 2589 3953 ecce
2625 3898 2769 3951 enim
2797 3897 2885 3952 ille
2918 3898 3345 3953 misericordiam
3375 3913 3501 3969 erga

1931 3982 2127 4038 fratres
2179 3984 2470 4039 retinebat.
2530 3988 2693 4056 Atqui
2744 3987 3121 4043 misericordia
3186 4003 3369 4044 semen
3422 4001 3504 4043 est

1929 4077 2149 4131 virtutis
2178 4079 2463 4147 Optimum.

1997 4170 2042 4203 "
2091 4171 2334 4226 Scientia
2383 4186 2576 4243 puteus
2621 4172 2782 4228 simul
2846 4183 2932 4229 est
2985 4184 3042 4230 et
3096 4174 3261 4231 fons:
3296 4177 3498 4231 etenim

1928 4262 2040 4318 illis
2070 4265 2159 4332 qui
2193 4265 2259 4319 ad
2290 4265 2550 4320 virtutem
2601 4268 2837 4336 primum
2883 4269 3168 4332 accedunt,
3199 4266 3499 4337 profundus

1926 4364 2123 4424 puteus
2149 4356 2364 4412 videtur
2394 4372 2410 4412 :
2441 4369 2497 4413 at
2524 4359 2938 4427 itnperturbatis
2967 4372 3127 4428 atque
3151 4360 3323 4428 puris,
3354 4360 3494 4416 fons.

1928 4445 2021 4500 Sic
2044 4448 2207 4500 etiam
2259 4447 2511 4503 Salvator
2544 4449 2765 4503 sedebat
2794 4464 2959 4516 supra
2997 4449 3200 4503 fontem
3232 4449 3362 4503 hora
3388 4450 3498 4504 eir-

1928 4538 2064 4592 citer
2088 4546 2259 4593 sexta.
2290 4539 2371 4593 Tu
2394 4555 2525 4595 vero
2554 4542 2756 4594 fontem
2788 4541 3027 4610 intellige
3053 4540 3287 4595 divinam
3320 4542 3494 4596 scien-

233 4637 328 4689 τοῦ
365 4638 587 4701 ὓδατος·
635 4637 824 4709 ὥσπερ
868 4638 923 4690 δὲ
975 4639 1008 4708 ἡ
1050 4637 1200 4709 πηγὴ
1249 4638 1534 4709 πρόκειται
1580 4637 1820 4700 ἀκόπως,

1947 4632 2087 4693 .iam,
2141 4647 2246 4685 non
2295 4647 2450 4701 aqua;
2506 4642 2748 4702 puteum.
2796 4633 2864 4688 Et
2900 4633 3062 4688 sicuti
3115 4633 3236 4688 fons
3283 4644 3497 4703 pr05tat

232 4730 483 4782 τουτέστι
536 4730 598 4782 τὸ
642 4730 833 4801 τρέχον
892 4729 1034 4802 ὕδωρ
1087 4731 1199 4792 τοῖς
1260 4728 1507 4799 διψῶσιν,
1563 4728 1703 4781 οὕτω
1758 4727 1819 4779 τὸ

232 4823 412 4894 φρέαρ
444 4825 504 4876 ὲν
535 4823 688 4893 κόπῳ
718 4826 829 4887 τοῖς
858 4823 1099 4876 θέλουσιν
1137 4822 1348 4875 ἀντλεῖν
1368 4840 1380 4852 ·
1430 4822 1523 4875 καὶ
1564 4820 1753 4891 ὥσπερ
1783 4823 1815 4891 ἡ

232 4917 387 4985 πηγὴ
404 4915 680 4979 ἄπαυστός
699 4917 812 4968 ὲστι
829 4914 922 4967 τοῦ
945 4916 1078 4985 ῥεῖν,
1092 4913 1305 4985 οὕτωςὴ
1324 4913 1614 4984 αἰσθητικὴ
1630 4913 1815 4986 γραφὴ

232 5008 459 5060 ἁένναον
489 5006 602 5076 έχει
639 5008 728 5060 τὸν
756 5007 974 5078 δρόμον,
1004 5006 1097 5059 καλ⁸
1118 5004 1339 5059 εὔκολον
1371 5008 1483 5069 τοῖς
1514 5005 1706 5074 διψῶσι
1726 5004 1815 5056 τὸν

231 5097 366 5152 θεὸν
395 5099 703 5169 γεραίρειν·
735 5100 829 5152 καὶ
858 5098 1046 5168 ὥσπερ
1087 5098 1145 5150 τὸ
1178 5098 1353 5168 φρέαρ
1388 5097 1553 5149 κόπον
1587 5096 1815 5167 παρέχει

230 5194 343 5252 τοῖς
377 5190 683 5253 ἀντλοῠσιν,
728 5191 868 5244 οὓτω
915 5191 1010 5243 καὶ
1053 5192 1086 5261 ὴ
1132 5189 1443 5259 θεωρητικὴ
1477 5189 1675 5257 γνῶσις
1703 5191 1815 5253 τοῖς

235 5279 447 5334 θέλουσι
476 5281 544 5333 δι’
572 5282 743 5351 αὐτῆς
771 5282 869 5345 τὰς
901 5282 1100 5353 ἀρετὰς
1144 5281 1508 5353 κατορθῶσαι,
1551 5280 1725 5350 ψυχῆς
1754 5297 1814 5331 τε

230 5375 327 5424 καὶ
362 5372 637 5442 σώματος,
672 5374 741 5426 τά
767 5391 825 5426 τε
857 5373 973 5426 θεῖα
1014 5376 1233 5439 ἐννοεῖν,
1276 5374 1370 5427 καὶ
1398 5371 1498 5443 τῆς
1544 5371 1815 5441 βασιλείας

229 5463 342 5515 τῶν
372 5464 621 5534 οὐρανῶν
654 5466 1088 5536 ἀντιποιηθῆναι.

1929 4726 2135 4793 absque
2165 4726 2376 4793 labore,
2419 4737 2603 4795 utpote
2644 4742 2785 4797 aqua
2824 4727 3135 4785 discurrens
3160 4730 3496 4798 sitientibus,

1925 4817 1998 4871 ita
2024 4828 2219 4887 puteus
2248 4819 2485 4874 laborem
2512 4820 2744 4890 requirit
2770 4821 3070 4878 volentium
3097 4824 3398 4880 exantlare.
3429 4825 3495 4880 Et

1924 4907 2084 4963 sicuti
2120 4908 2244 4965 fons
2286 4910 2625 4968 incessanter
2675 4923 2884 4981 manat,
2944 4917 3017 4968 Ita
3051 4916 3324 4971 sensibilis
3360 4917 3496 4972 scri-

1923 5009 2077 5069 ptura
2104 5016 2393 5069 perennem
2434 5004 2601 5060 habet
2625 5006 2828 5062 ﬂuxum
2849 5049 2863 5074 ,
2918 5008 3261 5077 faciliterque
3288 5009 3372 5063 his
3401 5012 3493 5079 qui

1922 5092 2111 5146 sitiunt
2177 5094 2341 5148 Deum
2396 5095 2589 5154 donat.
2653 5098 2715 5152 Et
2776 5100 2935 5155 sicuti
2994 5109 3188 5171 puteus
3252 5101 3491 5156 laborem

1919 5192 2070 5238 creat
2095 5184 2609 5253 exantlantibus,ita
2643 5200 2697 5244 et
2723 5192 2949 5246 scientia
2981 5194 3391 5264 contemplativa
3426 5196 3495 5252 iis

1922 5275 2013 5345 qui
2038 5276 2224 5331 volunt
2240 5278 2467 5334 virtutes
2492 5292 2641 5337 recte
2660 5298 2919 5338 exercere
2937 5286 3129 5340 animae
3140 5288 3495 5356 corporisque

1921 5376 1978 5422 ct
2039 5368 2218 5423 divina
2276 5370 2622 5443 intelligere,
2680 5387 2734 5430 et
2777 5378 3036 5432 caelorum
3081 5392 3307 5447 regnum
3371 5378 3491 5431 adi-

1922 5475 2077 5529 plSCl.

302 5598 431 5654 “v.
472 5599 567 5653 27.
642 5600 688 5633 ’δ”
733 5616 782 5656 v.
835 5602 888 5655 1.
963 5604 1009 5635 ⁸⁸
1048 5618 1101 5657 v.
1146 5604 1200 5658 5.
1274 5603 1321 5635 “
1352 5619 1404 5658 ν.
1444 5602 1498 5658 9.
1574 5602 1618 5634 ⁸⁷
1660 5602 1803 5658 v.ll.

1965 5615 2017 5654 v.
2056 5601 2143 5655 l4.
2219 5600 2265 5633 ⁴⁹
2291 5618 2345 5659 v.
2378 5603 2467 5662 l5.

296 5725 373 5796 (l)
412 5727 797 5782 Animadverte
842 5730 1174 5784 catholicum
1210 5730 1506 5785 doctissimi
1560 5739 1614 5785 et
1656 5730 1801 5783 anti-

231 5796 479 5919 σείςείηῄ
508 5797 757 5869 Origenis
788 5801 1157 5857 testimonium
1197 5804 1263 5857 de
1310 5811 1662 5858 sacrosancta
1698 5800 1803 5856 Eu-

234 5878 262 5917 ‘:
301 5878 515 5921 artstta.

1981 5727 2059 5796 (2)
2104 5726 2203 5781 llic
2243 5729 2421 5802 innuit
2462 5730 2724 5802 Origenes
2764 5748 3006 5789 errorem
3056 5733 3204 5788 illum
3240 5749 3391 5788 snnm
3426 5737 3495 5793 de

1913 5797 2118 5919 fllllll‘Iz‘t,
2145 5808 2266 5865 post
2297 5801 2480 5866 vitam,
2506 5797 2858 5861 conversione
2884 5805 3191 5874 impiorum,
3223 5816 3275 5860 et
3298 5820 3492 5877 pretia-

1913 5883 2029 5919 ΙἹΙΙΙΙ
2075 5883 2179 5919 IIIC-

1913 5883 2029 5923 l'lllll
2056 5883 2179 5921 Illic.
