3880 6216
406 363 507 419 175

1252 362 1807 420 SUPPLEMENTUM
1838 365 1926 419 AD
1958 364 2277 422 ORIGENIS
2312 366 2721 427 EXEGETICA.

3527 377 3633 433 {76

470 479 633 535 "llic
677 476 915 533 mulieris
951 475 1215 532 vocabulo
1260 479 1541 532 scientiam
1579 478 1672 534 Dei
1703 480 1959 541 denotat;

2136 481 2371 534 Γυναῖκα
2405 482 2633 534 ἐνταῦθα
2662 482 2759 553 τὴν
2795 483 2884 535 τοῦ
2910 483 3043 537 Θεοῦ
3093 485 3292 553 γνῶσιν
3340 490 3593 560 σημαίνει
3616 509 3627 521 ·

398 587 519 643 qua:
545 571 701 627 nobis
731 570 842 639 jam
877 569 1003 623 inde
1031 568 1099 623 ab
1156 568 1519 623 adolescentia
1571 571 1771 624 tradita
1831 572 1964 635 fuit;

397 675 453 720 et
477 678 636 733 quam
666 662 913 731 superius
956 659 1212 717 Salomon
1246 661 1549 730 juventutis
1597 663 1965 727 magisterium

397 756 559 811 dixit.
585 754 727 819 -Fili,
762 753 904 809 enim
948 752 1142 821 inquit,
1174 768 1240 808 ne
1263 762 1313 807 te
1341 754 1827 822 capiatconsilium
1852 769 1966 807 ma-

398 849 509 903 lum
535 848 611 920 (id
643 846 988 903 estdiabolns
1021 847 1283 901 malorum
1315 848 1667 903 consiliorum
1705 845 1964 915 molitor),

401 956 510 1012 quo
533 941 780 996 doctrina
814 938 1117 1009 iuventutis
1144 939 1434 1003 deseritur,
1472 949 1527 994 ct
1568 939 1809 993 divinum
1862 940 1966 994 foe-

399 1037 502 1089 dus
530 1032 785 1089 oblivioni
830 1032 1081 1085 traditur.
1112 1031 1320 1086 Oblivio
1351 1041 1531 1086 autem
1574 1042 1628 1085 et
1656 1031 1961 1097 derelictio,

396 1139 649 1198 possessu
684 1124 925 1180 scientiae
964 1123 1261 1178 deteriores
1293 1132 1457 1188 sunt,
1502 1122 1671 1177 veluti
1730 1124 1965 1179 sanitate

398 1215 555 1286 longe
583 1214 734 1285 peior
759 1214 1002 1278 morbus,
1032 1221 1085 1267 et
1111 1211 1249 1267 infra
1278 1213 1444 1265 vitam
1472 1226 1635 1267 mors.
1673 1211 1844 1265 Simul
1877 1221 1959 1265 ta—

396 1324 516 1364 men
547 1308 661 1377 ipsa
705 1306 928 1361 scientia
960 1315 1014 1359 et
1052 1313 1225 1358 mater
1254 1304 1454 1359 dicitur
1509 1314 1564 1358 et
1617 1320 1753 1358 uxor
1799 1314 1961 1372 atque

392 1418 548 1458 soror
580 1418 594 1455 :
627 1409 821 1462 mater,
851 1400 975 1468 quia
1004 1399 1095 1468 qui
1137 1398 1322 1453 docuit
1359 1413 1445 1453 me
1468 1438 1483 1462 ,
1538 1412 1634 1466 per
1680 1397 1958 1452 scientiam

392 1493 696 1565 megenuit,
722 1502 778 1545 ut
807 1490 1003 1543 Paulus
1027 1505 1120 1559 per
1150 1490 1495 1558 Evangelium
1522 1488 1775 1543 Galatas:
1802 1505 1956 1550 uxor,

388 1589 516 1656 quia
549 1586 679 1640 mihi
704 1584 951 1653 copulata
977 1584 1119 1651 parit
1149 1584 1376 1636 virtutes
1402 1591 1457 1636 et
1493 1590 1636 1635 recta
1669 1581 1955 1650 dogmata;

392 1675 659 1744 siquidem
698 1689 884 1743 reapse
938 1672 1162 1726 scientia
1201 1672 1340 1740 parit
1399 1671 1519 1725 viro
1568 1672 1904 1739 prudentiam
1942 1689 1953 1723 :

394 1780 571 1830 soror,
606 1766 731 1833 quia
762 1780 859 1834 ego
888 1764 1091 1832 pariter
1143 1774 1301 1831 atque
1360 1762 1450 1815 illa
1502 1777 1567 1816 ex
1623 1777 1731 1815 uno
1785 1762 1953 1831 geniti

2070 573 2205 643 α’ύτη
2235 574 2289 627 δὲ
2319 576 2381 627 ἐκ
2416 575 2660 645 νεότητος
2707 576 2836 645 ἡμῖν
2893 576 3079 647 ἐδόθη·
3146 579 3333 648 ἥντινα
3384 583 3639 656 ἀνωτέρω

2067 666 2412 722 διδασκαλίαν
2429 672 2458 723 6
2478 670 2726 742 Σολομῶν
2748 672 2995 743 νεότητος
3018 676 3163 745 λέγει
3188 695 3199 706 ·
3220 678 3336 743 Υίὲ,
3354 681 3461 752 γάρ
3479 701 3551 753 φη
3561 701 3635 746 σι,

2070 756 2142 827 μή
2180 774 2237 809 σε
2275 760 2553 833 καταλάϐῃ
2583 760 2743 834 βουλὴ
2776 766 2919 836 κακὴ
2965 767 3089 835 (τὸν
3144 768 3386 824 διάϐολον
3440 772 3636 841 λέγων,

2065 849 2140 911 ὡς
2173 850 2356 913 κακῶς
2387 851 2851 926 βουλευσάμενον)·
2919 858 2953 927 ἡ
2998 859 3335 915 ἀπολιποῦσα
3390 864 3634 918 διδασκα-

2066 940 2185 995 λίαν
2231 944 2497 1014 νεότητος,
2554 948 2649 1000 καὶ
2701 948 2963 1020 διαθήκην
3001 950 3150 1005 θείαν
3202 953 3631 1027 ὲπιλελησμένη·

2064 1029 2199 1118 λήθη
2229 1032 2283 1085 δὲ
2310 1035 2403 1087 καὶ
2435 1036 2737 1106 ἀπόλειψις,
2774 1039 3024 1107 γνώσεως
3059 1045 3304 1115 κτήσεως
3350 1046 3597 1118 δεύτεραι
3616 1064 3629 1077 ·

2065 1117 2251 1191 ῶσπερ
2286 1123 2379 1174 καὶ
2400 1124 2585 1191 ὑγείας
2611 1126 2761 1191 νόσος
2786 1129 3008 1201 ἐσχάτη,
3064 1134 3157 1185 καὶ
3211 1133 3356 1204 ζωῆς
3406 1117 3631 1201 Θάνατος

2062 1209 2341 1281 δεύτερος·
2380 1214 2493 1285 ἅμα
2520 1216 2575 1269 δὲ
2601 1218 2697 1270 καὶ
2742 1220 2950 1284 τούτοις
2978 1240 3057 1287 τε,
3088 1224 3169 1276 ὅτι
3221 1227 3357 1297 ὅπερ
3407 1229 3439 1297 ἡ
3491 1228 3629 1300 αὐτὴ

2063 1303 2278 1369 γνῶσις,
2316 1306 2409 1358 καὶ
2459 1309 2639 1380 μήτηρ
2668 1310 2883 1379 λέγεται
2915 1314 3007 1366 καὶ
3040 1317 3175 1386 γυνὴ
3225 1319 3319 1370 καὶ
3383 1318 3584 1390 ἀδελφή
3613 1338 3626 1350 ·

2064 1395 2245 1465 μήτηρ
2272 1398 2387 1465 μὲν,
2414 1400 2601 1471 ἐπειδὴ
2631 1404 2659 1455 6
2695 1402 2909 1469 διδάξας
2951 1423 3039 1475 με,
3078 1406 3145 1459 δι’
3168 1407 3336 1478 αὐτῆς
3364 1427 3429 1480 με
3452 1411 3629 1478 γεγένσ

2060 1504 2239 1555 νηκεν,
2262 1489 2337 1551 ὡς
2353 1491 2559 1555 Παῦλος
2586 1492 2674 1545 διά
2705 1494 2796 1546 τοῦ
2824 1495 3153 1564 Εὐαγγελίου
3186 1500 3425 1564 Γαλάτας
3449 1520 3462 1531 ·
3496 1503 3625 1571 γυνὴ

2058 1578 2133 1643 δὲ,
2177 1580 2257 1633 ὅτι
2308 1582 2539 1637 συνοῦσά
2567 1602 2657 1654 μοι
2698 1586 2868 1641 τίκτει
2896 1590 2992 1651 τάς
3030 1590 3227 1661 ἀρετὰς
3262 1592 3353 1644 καὶ
3384 1592 3627 1663 δόγματα

2058 1668 2193 1739 ὀρθά
2212 1687 2224 1698 ·
2258 1670 2312 1722 εἴ
2336 1688 2397 1739 γε
2426 1674 2457 1742 ἡ
2492 1675 2651 1742 σοφία
2684 1676 2834 1751 ἀνδρὶ
2865 1679 3037 1731 τίκτει
3065 1680 3324 1751 φρόνησιν
3351 1699 3364 1711 ·
3400 1683 3621 1754 ἀδελφὴ,

2058 1760 2135 1813 ὅτι
2168 1760 2279 1830 ἐγώ
2300 1780 2357 1814 τε
2392 1765 2483 1817 καὶ
2503 1764 2639 1834 αῦτη
2668 1766 2731 1818 ἐκ
2764 1768 2856 1820 τοῦ
2888 1769 3003 1831 ἑνὸς
3032 1770 3331 1841 γεγόναμεν
3364 1772 3496 1825 Θεοῦ
3530 1774 3623 1825 καὶ

390 1856 592 1910 fuimus
618 1832 727 1909 Deo
756 1832 933 1909 Patre.
960 1852 1059 1906 Dic
1095 1852 1262 1918 enim,
1296 1852 1495 1921 inquit,
1552 1852 1846 1921 sapienliw,
1896 1860 1951 1904 ut

2056 1850 2295 1922 Πατρός·
2326 1845 2513 1907 Εἶπον
2535 1832 2666 1930 γὰρ,
2699 1857 2852 1928 φησὶ,
2887 1858 3001 1928 τὴν
3026 1832 3269 1928 σοφίανί,
3297 1860 3422 1929 σὴν
3451 1861 3621 1917 ἀδελ-

389 1965 539 2005 soror
567 1962 657 2004 tua
683 1950 749 2003 sit
780 1949 847 2001 “.

458 2045 504 2076 ⁵³
536 2042 721 2099 Gratia
750 2051 805 2098 et
861 2042 1099 2096 amicitia
1154 2040 1409 2095 liberant.
1439 2038 1623 2094 Virtus
1664 2048 1845 2094 autem
1897 2049 1947 2094 et

390 2136 613 2191 scientia
680 2133 997 2189 rationalem
1032 2133 1267 2187 animam
1303 2132 1560 2187 liberant.
1594 2131 1726 2186 Nam
1778 2133 1948 2202 gratia

382 2240 439 2283 et
475 2227 737 2292 amicitia,
766 2227 939 2281 virtus
962 2235 1017 2281 et
1048 2226 1274 2280 scientia
1318 2234 1463 2281 sunt.
1504 2224 1622 2279 Jam
1650 2224 1697 2278 si
1754 2240 1949 2280 cervus

364 2335 446 2377 ex
489 2319 747 2383 amicitia,
780 2328 835 2372 et
867 2317 1045 2388 pullus
1082 2332 1147 2370 ex
1196 2316 1385 2388 gratiis
1443 2316 1715 2385 gignitur;
1758 2329 1948 2369 cervus

380 2410 599 2478 quidem
632 2420 717 2464 est
766 2407 1241 2477 contemplationis
1278 2407 1602 2478 symbolum,
1639 2407 1816 2475 pullus
1847 2423 1946 2460 au-

382 2509 489 2553 tem
514 2498 717 2567 quietis
757 2512 785 2550 a
821 2496 1247 2566 cupiditatibus;
1299 2510 1530 2565 quorum
1585 2496 1817 2550 alterum
1880 2512 1947 2551 ex

376 2593 693 2657 virtutibus,
725 2591 954 2646 alterum
1001 2605 1067 2646 ex
1114 2590 1338 2644 scientia
1373 2590 1603 2644 conﬁeri
1666 2606 1945 2659 compara-

379 2696 494 2741 tum
520 2695 624 2739 est.
656 2714 726 2725 —
755 2684 960 2739 Cervus
989 2692 1073 2737 est
1106 2681 1585 2752 contemplationis
1633 2683 1945 2752 symbolum

375 2778 521 2834 circa
555 2791 812 2845 corporea
834 2785 889 2828 et
919 2776 1234 2843 incorporea
1264 2783 1318 2829 et
1342 2774 1626 2829 scientiam
1659 2775 1747 2828 Dei
1776 2776 1947 2829 zami-

378 2870 511 2924 citia
560 2878 762 2927 autem,
793 2867 1099 2921 dilectionis
1123 2882 1250 2935 erga
1312 2866 1479 2921 Deum
1532 2877 1588 2920 et
1648 2866 1940 2921 homines:

377 2962 562 3031 pullus
592 2959 850 3029 denique,
882 2959 1257 3029 imperturbati
1282 2959 1471 3014 animi.
1491 2960 1556 3013 Et
1590 2960 1796 3015 theoria
1832 2960 1946 3028 qni-

373 3054 497 3107 dem
538 3051 778 3107 scientia:
816 3049 932 3115 Dei,
972 3065 1038 3103 ex
1078 3049 1611 3103 animaevirtutibus
1669 3050 1941 3119 procreari

1966 1970 1969 1973 -
2055 1941 2180 2010 φὴν
2200 1939 2374 2000 εῖναι.

2138 2034 2198 2088 'H
2225 2037 2384 2107 χάρις
2409 2040 2502 2092 καὶ
2538 2042 2571 2112 ἡ
2613 2040 2764 2111 φιλία
2795 2042 3101 2114 ἐλευθεροῖ·
3130 2047 3162 2115 ἡ
3216 2045 3271 2099 δὲ
3318 2046 3484 2117 ἁρετὴ
3528 2045 3623 2098 καὶ

2052 2126 2249 2194 γνῶσις
2284 2130 2623 2203 ἐλευθεροῦσι
2684 2132 2859 2204 ψυχὴν
2910 2134 3167 2207 λογικήν·
3227 2138 3259 2207 ἡ
3316 2138 3471 2209 χάρις
3515 2138 3623 2208 γάρ

2052 2220 2145 2273 καὶ
2174 2222 2206 2291 ἡ
2236 2221 2405 2289 φιλία,
2434 2223 2601 2295 ἀρετὴ
2637 2226 2730 2278 καὶ
2764 2226 2965 2293 γνῶσίς
3004 2228 3181 2281 ἐστιν·
3223 2230 3271 2281 εί
3320 2229 3374 2282 δὲ
3425 2230 3624 2301 ἔλαφος

2052 2316 2114 2366 ἐκ
2144 2314 2241 2383 τῆς
2265 2315 2465 2384 φιλίας,
2492 2318 2520 2369 6
2544 2317 2717 2381 πῶλος
2755 2320 2818 2370 ἐκ
2847 2317 2953 2373 τῶν
2981 2320 3218 2390 χαρίτων
3246 2323 3495 2390 γεννᾶται
3527 2339 3539 2351 ·
3588 2324 3623 2394 ή

2049 2402 2140 2459 οῦν
2174 2406 2369 2477 ἔλαφός
2391 2410 2506 2462 ἐστι
2535 2408 2637 2478 τῆς
2669 2410 2897 2480 Θεωρίας
2924 2411 3186 2481 σύμϐολον
3207 2430 3219 2442 ·
3267 2414 3296 2465 6
3326 2413 3382 2466 δὲ
3422 2414 3621 2479 πῶλος,

2047 2499 2148 2568 τῆς
2168 2499 2435 2563 ἀπαθείας
2457 2517 2470 2529 ·
2513 2502 2546 2571 ὴ
2589 2502 2685 2571 μὲν
2716 2500 2845 2573 γὰρ,
2872 2500 2931 2569 ἐξ
2964 2503 3171 2575 ἀρετῶν
3194 2521 3205 2531 ·
3237 2506 3271 2574 ἡ
3296 2504 3373 2569 δὲ,
3421 2507 3485 2559 ὲκ
3519 2507 3619 2576 τῆς

2049 2586 2296 2655 γνώσεως
2324 2588 2568 2657 γίνεσθαι
2607 2590 2867 2660 πέφυκεν.
2908 2623 2974 2631 —-
3004 2593 3067 2645 Ἡ
3115 2594 3215 2664 μὲν
3257 2594 3451 2665 ἕλαφός
3475 2598 3624 2650 ἐστιν

2050 2679 2281 2752 θεωρίας
2334 2682 2631 2752 σύμϐολον,
2687 2685 2953 2755 σωμάτων
3029 2686 3124 2738 καὶ
3165 2687 3469 2757 ἀσωμάτων
3527 2689 3624 2742 καὶ

2047 2773 2303 2841 γνώσεως
2336 2774 2469 2828 Θεοῦ
2498 2793 2509 2805 ·
2543 2778 2575 2847 ή
2606 2776 2663 2829 δὲ
2696 2778 2869 2846 φιλία,
2899 2779 2999 2849 τῆς
3042 2779 3177 2851 πρὸς
3207 2781 3338 2833 Θεὸν
3385 2782 3478 2835 καὶ
3530 2782 3623 2836 τὸν

2048 2866 2271 2936 πλησίον
2308 2868 2525 2937 ἀγάπης
2547 2883 2561 2900 '
2598 2870 2625 2920 6
2659 2870 2716 2922 δὲ
2760 2869 2959 2934 πῶλος,
2984 2872 3083 2941 τῆς
3114 2872 3377 2935 ἀπαθείας
3399 2890 3411 2902 ·
3445 2874 3539 2926 καὶ
3584 2876 3620 2945 ἠ

2050 2958 2148 3029 μὲν
2178 2959 2377 3035 θεωρία
2414 2960 2513 3030 τῆς
2535 2962 2669 3032 πρὸς
2693 2962 2824 3016 Θεὸν
2847 2962 3118 3031 γνώσεως,
3148 2964 3206 3031 ἐξ
3229 2965 3433 3036 ἀρετῶν
3460 2966 3620 3019 εἴωθε

2046 3051 2290 3119 γίνεσθαι
2312 3052 2587 3123 ψυχικῶν·
2625 3056 2657 3124 ἡ
2715 3054 2771 3107 δὲ
2804 3055 3012 3126 ἀγάπη,
3046 3058 3130 3108 ὲκ.
3162 3056 3260 3126 τῆς
3312 3057 3499 3126 σοφίας
3543 3058 3622 3126 γί-

375 3144 514 3199 solet
544 3163 555 3197 :
588 3142 826 3205 dilectio,
859 3156 922 3196 ex
952 3140 1215 3209 sapientia
1256 3156 1272 3194 :
1307 3140 1706 3208 tranquillitas,
1738 3154 1802 3194 ex
1834 3140 1944 3194 vir-

2056 3142 2232 3196 νεσθαι
2261 3143 2499 3213 πέφυκεν
2519 3160 2531 3173 ·
2561 3145 2593 3214 ἡ
2626 3144 2681 3197 δὲ
2705 3144 2965 3209 ἀπάθεια,
2998 3148 3063 3199 ὲκ
3093 3145 3201 3199 τῶν
3232 3147 3321 3200 τοῦ
3369 3147 3620 3218 σώματος

375 3236 580 3290 tutibus
600 3235 863 3305 corporis.
891 3230 1153 3287 Hortatur
1187 3247 1317 3286 vero
1354 3246 1452 3287 nos
1491 3243 1549 3286 ut
1586 3248 1708 3287 cum
1760 3232 1943 3301 hujus-

378 3327 523 3381 mndi
560 3326 752 3395 gratiis
789 3340 1003 3396 semper
1027 3341 1308 3381 versemur
1342 3345 1357 3381 :
1418 3343 1542 3382 nam
1577 3329 1667 3397 qui
1700 3344 1820 3383 cum
1876 3331 1943 3385 iis

375 3428 715 3481 consuescet,
746 3433 853 3473 non
888 3417 955 3472 ad
983 3418 1147 3473 Deum
1179 3420 1351 3473 solum
1390 3422 1644 3487 accedet,
1690 3423 1785 3477 sed
1816 3436 1941 3475 cum

374 3511 465 3566 illo
493 3511 659 3566 etiam
714 3510 999 3565 habitabit.
1033 3540 1103 3551 —
1133 3510 1356 3579 Propria
1412 3513 1690 3568 rationalis
1736 3524 1941 3568 natura:

371 3613 455 3658 est
479 3607 674 3668 virtus,
704 3618 824 3672 quae
858 3602 1097 3656 amicitia
1141 3603 1460 3673 appellatur,
1489 3614 1544 3660 et
1604 3605 1713 3661 Deo
1759 3608 1941 3663 conci-

372 3697 470 3749 liat
518 3694 843 3765 copulatque
869 3708 961 3749 eos
996 3693 1089 3762 qui
1127 3708 1189 3749 se
1221 3706 1519 3764 sequuntur
1538 3712 1634 3766 per
1656 3699 1938 3753 scientiam

373 3789 490 3843 Dei.
531 3817 599 3827 —
626 3786 759 3841 Nam
797 3786 889 3856 qui
917 3787 1137 3841 virtutis
1178 3787 1527 3856 scientiaeque
1577 3804 1763 3843 amore
1792 3790 1940 3845 duci-

374 3890 482 3948 tur,
522 3889 937 3951 quotuscunque
968 3880 1249 3937 meliorum
1278 3891 1385 3936 est.

440 4062 491 4096 ⁸³
510 4060 763 4118 Nonnulli
795 4062 897 4116 hoc
926 4062 990 4115 de
1013 4062 1239 4131 profana
1273 4062 1538 4131 sapientia
1584 4065 1691 4119 diei
1726 4073 1935 4134 putant,

370 4154 426 4209 in
452 4168 555 4224 qua
579 4153 669 4207 diu
705 4153 908 4207 versari
946 4167 1049 4205 non
1080 4152 1315 4221 expedit,
1339 4163 1558 4223 propter
1585 4155 1856 4210 hrerentes
1883 4158 1937 4209 in

370 4258 437 4300 ca
466 4257 701 4300 errores.
722 4242 824 4297 Alii
862 4242 925 4297 de
948 4243 1314 4310 improbitate,
1350 4244 1642 4312 quominus
1686 4245 1939 4301 videlicet

372 4334 674 4389 familiares
721 4334 771 4388 ei
828 4334 1018 4398 simus,
1070 4335 1496 4403 interpretantur
1546 4335 1626 4390 sic
1675 4354 1686 4389 :
1745 4350 1939 4404 nempe

372 4427 522 4495 quia,
547 4425 649 4481 etsi
685 4425 1015 4495 impossibile
1046 4436 1127 4481 est
1160 4422 1449 4481 hominem'
1476 4427 1631 4481 malis
1654 4429 1937 4498 cogitatio-

2044 3234 2285 3304 ἀρετῶν·
2333 3238 2587 3305 παραινεῖ
2615 3235 2671 3289 δὲ
2720 3237 2870 3307 ἡμᾶς
2912 3240 3031 3302 ταῖς
3089 3238 3364 3303 τοιαύταις
3404 3240 3621 3311 χάρισιν

2044 3326 2132 3378 ἀεὶ
2160 3326 2506 3397 προσομιλεῖν
2523 3344 2536 3357 ·
2570 3329 2598 3380 6
2622 3325 2677 3378 δὲ
2699 3326 2907 3391 τούτοις
2929 3328 3340 3399 ὲμφιλοχωρῶν,
3371 3329 3433 3381 οὐ
3458 3330 3620 3399 μόνον

2041 3419 2119 3490 τῷ
2141 3418 2260 3490 Θεῷ
2283 3420 2695 3491 προσομιλήσει,
2717 3421 2853 3475 ἀλλά
2898 3422 2990 3475 καὶ
3040 3421 3284 3485 σύνοικος
3328 3421 3620 3492 γενήσεται

2043 3509 2208 3579 αὐτῷ.
2242 3542 2309 3551 -
2333 3509 2458 3564 Ἰδία
2489 3512 2587 3581 τῆς
2615 3512 2839 3582 λογικῆς
2902 3511 3116 3581 φύσεώς
3179 3496 3380 3582 ἐστινὴ
3423 3511 3617 3581 ἀρετὴ,

2043 3602 2164 3671 ἥτις
2195 3602 2436 3658 καλεῖται
2469 3603 2618 3672 φιλία
2639 3644 2654 3668 ,
2711 3605 2805 3658 καὶ
2838 3604 3183 3674 συμφιλιάζει
3212 3601 3289 3674 τῷ
3336 3602 3454 3673 Θεῷ
3489 3603 3618 3667 τοὺς

2044 3694 2341 3763 ἑπομένους
2370 3694 2505 3765 αὐτῇ
2555 3694 2642 3748 διὰ
2695 3694 2797 3763 τῆς
2851 3692 3104 3762 γνώσεως
3135 3694 3229 3768 τοῦ
3257 3693 3413 3748 Θεοῦ.
3434 3721 3502 3732 -—-
3526 3692 3618 3745 Ἐν

2043 3783 2150 3852 γὰρ
2178 3787 2243 3856 τῇ
2298 3785 2398 3855 τῆς
2448 3786 2645 3857 ἀρετῆς
2696 3785 2847 3857 φιλίᾳ
2893 3787 2983 3839 καὶ
3032 3788 3096 3857 τῇ
3136 3784 3236 3855 τῆς
3293 3783 3617 3853 γνώσεωςώ

2042 3876 2573 3947 συμπεριφερόμενος
2632 3876 2918 3941 πολλοστὸς
2976 3880 3089 3929 ἐστι
3130 3876 3237 3929 τῶν
3299 3873 3609 3945 ὠφελουμέ-

2041 3985 2145 4020 νων
2153 4007 2166 4019 .

2113 4057 2269 4121 Τινὲς
2298 4060 2396 4129 μὲν
2428 4059 2586 4113 τοῦτο
2605 4059 2734 4130 περὶ
2778 4059 2877 4130 τῆς
2906 4058 3100 4124 ἔξωθεν
3130 4059 3319 4127 σοφίας
3360 4055 3611 4128 νομίζουο

2045 4165 2096 4201 σι
2122 4148 2393 4216 λέγεσθαι,
2429 4148 2565 4219 πρὸς
2590 4149 2654 4219 ἣν
2688 4147 2954 4219 χρονίζειν
2982 4149 3040 4201 ού
3087 4148 3248 4201 καλὸν
3281 4147 3367 4201 διὰ
3420 4146 3515 4209 τὰς
3553 4146 3612 4197 ὲν

2043 4241 2180 4311 αὐτῇ
2209 4242 2423 4303 ἀπάτας
2443 4259 2456 4272 ·
2482 4241 2623 4304 τινὲς
2649 4241 2706 4292 δὲ
2752 4242 2881 4311 περὶ
2906 4242 3003 4311 τῆς
3038 4241 3234 4304 κακίας
3277 4241 3371 4294 καὶ
3434 4240 3494 4291 τὸ
3535 4239 3613 4309 μὴ

2040 4331 2208 4386 πολὺν
2235 4331 2373 4386 εἶναι
2428 4333 2564 4403 πρὸς
2600 4333 2799 4404 αὐτὴν,
2848 4333 3241 4404 ἑρμηνεύουσιν
3285 4332 3489 4394 οὕτως·
3528 4330 3610 4383 ὃτι

2040 4422 2296 4476 ἀδύνατον
2321 4422 2418 4492 μὲν
2447 4422 2787 4476 παντάπασιν
2810 4422 3108 4492 ἀπέχεσθαι
3137 4420 3417 4493 ἄνθρωπον
3448 4438 3613 4491 πονη-

368 4516 526 4571 nibus
550 4517 769 4571 omnino
800 4532 986 4573 carere
1008 4556 1024 4581 ,
1048 4528 1287 4574 attamen
1319 4520 1370 4574 in
1395 4520 1461 4572 iis
1492 4534 1597 4575 non
1632 4520 1931 4587 immorari,

2056 4518 2148 4572 >ῶν
2169 4518 2462 4588 λογισμῶν·
2494 4518 2567 4590 μὴ
2596 4517 2925 4590 ἐγχρονίζειν
2947 4516 3125 4588 μέντοι
3151 4516 3207 4568 ἐν
3227 4514 3428 4579 αὐτοῖς,
3453 4513 3610 4566 δυνα-

366 4606 658 4674 possibile;
686 4622 821 4677 quas
852 4617 1047 4663 auctor
1076 4607 1231 4662 ulnas
1252 4608 1510 4677 appellat.

2041 4608 2132 4663 τόν
2152 4626 2165 4639 ·
2202 4608 2295 4673 οὒς
2320 4610 2416 4662 καὶ
2447 4610 2693 4678 ἀγκάλας
2726 4609 2895 4661 καλεῖ.

1876 4722 2027 4780 CAP.
2069 4722 2157 4778 Vl.

437 4814 487 4847 “
514 4814 833 4884 Quicunque
866 4815 967 4869 sibi
1003 4815 1233 4869 amicum
1280 4814 1555 4871 Christum
1609 4821 1928 4890 despondet,

369 4914 629 4975 tanquam
672 4904 937 4973 justitiam
968 4920 1034 4960 ac
1074 4908 1380 4972 veritatem,
1415 4909 1460 4962 is
1504 4910 1741 4965 animam
1776 4928 1931 4968 suam

367 4997 605 5053 inimicis
631 4998 930 5062 contradit,
966 4998 1057 5066 qui
1108 4999 1353 5055 homines
1399 5017 1714 5072 oppugnare
1758 5005 1933 5057 solent

366 5099 588 5157 propter
615 5088 854 5157 ipsorum
888 5100 1015 5155 erga
1040 5087 1379 5144 Salvatorem
1427 5093 1764 5146 charitatem.
1799 5091 1932 5144 Nam

366 5178 608 5234 charitas
623 5178 904 5249 Spiritalis,
921 5187 1001 5233 est
1019 5179 1247 5234 scientia
1273 5181 1386 5244 Dei,
1410 5182 1563 5252 cujus
1586 5198 1747 5237 causa
1765 5183 1933 5237 sancti

368 5274 469 5327 viri
512 5272 608 5327 Dei
649 5281 772 5327 sunt
824 5272 1006 5335 amici,
1043 5283 1102 5326 ut
1147 5271 1382 5329 Joannes
1440 5275 1677 5344 Baptista
1728 5278 1936 5331 amicus

366 5367 547 5436 sponsi
573 5375 709 5428 erat,
752 5364 1091 5434 Moysesque,
1118 5373 1171 5418 et
1199 5365 1422 5435 apostoli
1460 5384 1473 5418 :
1505 5367 1623 5421 Jatn
1655 5368 1819 5435 enim,
1856 5371 1936 5423 in-

368 5458 502 5527 quit,
526 5473 631 5511 non
657 5456 938 5526 appellabo
962 5473 1054 5510 vos
1078 5472 1286 5521 servos,
1312 5458 1405 5512 sed
1429 5460 1655 5513 amicos.

437 5643 482 5673 ⁸¹¹
512 5641 700 5697 Viden‘
726 5651 995 5697 certamen
1033 5650 1086 5695 et
1129 5641 1510 5711 vigilantiam?
1535 5640 1742 5697 Anima:
1769 5641 1926 5711 quip4

434 5798 479 5831 '°
506 5814 554 5854 v.
592 5800 675 5851 18.
748 5798 792 5830 "
828 5796 984 5853 Prov.
1025 5812 1113 5861 vn,
1142 5796 1192 5851 4.
1272 5797 1315 5827 ⁸³
1343 5796 1503 5851 v.19.
1582 5797 1625 5828 ⁸³
1664 5812 1712 5851 v.
1745 5795 1833 5851 ‘20.
1915 5796 1958 5828 '”
1994 5815 2040 5852 v.

2110 4822 2226 4885 na;
2274 4823 2303 4874 6
2354 4821 2444 4874 τὸν
2493 4820 2645 4887 φίλον
2695 4820 2787 4872 τὸν
2832 4818 3067 4888 Χριστὸν
3115 4814 3483 4885 ἐγγυώμενος,
3534 4812 3611 4875 ὡς

2037 4913 2383 4982 δικαιοσύνην
2432 4912 2526 4964 καὶ
2572 4910 2849 4982 ἀλήθειαν,
2890 4908 3227 4978 παραδίδωσι
3272 4907 3372 4975 τὴν
3412 4904 3609 4957 ἑαυτοῦ

2036 5006 2213 5077 ψυχὴν
2233 5007 2346 5067 τοῖς
2375 5003 2467 5073 ὲχθ
2476 5004 2606 5073 ροῖς,
2624 5005 2735 5065 τοῖς
2761 5000 2974 5054 εἰωθόσι
3004 4999 3256 5068 πολεμεῖν
3273 5000 3381 5060 τοῖς
3402 4996 3498 5049 ἀνθ
3506 4997 3613 5067 ρώ-

2041 5113 2182 5159 ποις,
2218 5094 2306 5147 διά
2331 5093 2427 5163 τὴν
2478 5093 2611 5163 πρὸς
2638 5093 2729 5146 τὸν
2771 5092 2998 5161 Σωτῆρα
3038 5089 3248 5159 φιλίαν·
3299 5088 3449 5157 φιλία
3499 5088 3611 5160 γάρ

2041 5190 2155 5240 ἐστι
2185 5185 2550 5255 πνευματικὴ,
2589 5184 2787 5252 γνῶσις
2813 5182 2968 5247 Θεοῦ,
2994 5180 3115 5234 καθ’
3146 5182 3211 5250 ἢν
3236 5182 3329 5233 καὶ
3360 5181 3410 5231 οἱ
3462 5179 3613 5247 ἅγιοι

2045 5276 2187 5345 φίλοι
2242 5274 2373 5327 Θεοῦ
2414 5273 2857 5345 χρηματίζουσιν,
2888 5273 2962 5334 ὡς
2991 5274 3019 5324 6
3055 5270 3305 5340 Ἰωάννης
3357 5271 3383 5320 6
3412 5270 3615 5321 Βαπτι-

2045 5366 2173 5436 στὴς
2199 5364 2348 5434 φίλος
2369 5360 2436 5434 ἦν
2464 5364 2557 5417 τοῦ
2583 5364 2835 5433 νυμφίου,
2854 5361 3091 5431 Μωῦσῆς
3116 5378 3175 5412 τε
3210 5361 3301 5412 καὶ
3320 5359 3613 5412 οἱάπόστο-

2044 5457 2153 5509 λοι·
2186 5456 2380 5509 Ούκέτι
2399 5457 2527 5525 γὰρ,
2574 5454 2758 5525 φησὶν,
2786 5453 2929 5523 ὑμᾶς
2980 5450 3129 5503 καλῶ
3187 5450 3424 5512 δούλους,
3477 5449 3616 5503 ἀλλά

2043 5549 2245 5617 φίλους.

2117 5642 2276 5711 Ὁρᾷς
2307 5640 2490 5709 ἀγῶνα
2522 5640 2613 5695 καὶ
2642 5637 2977 5711 ἀγρυπνίαν;
3014 5635 3220 5697 ’Ύπνος
3247 5635 3345 5705 μέν
3372 5635 3489 5688 ἐστι
3508 5632 3614 5703 ψυ-

2083 5797 2135 5851 5.
2215 5796 2259 5828 δ’
2288 5812 2336 5849 v.
2373 5796 2423 5849 «t.
