3880 6216
291 280 389 332 ίῖῗ

1469 271 1836 328 ΕΧΡΟΞΙἸΊΟ
1868 270 1930 323 IN
1969 267 2380 324 PROVERBIA.

3447 259 3550 312 178

288 401 391 471 χῆς
429 401 460 470 ἡ
519 399 639 452 κατ’
684 397 961 468 ἐνέργειαν
1003 396 1282 468 ἁμαρτία·
1334 395 1642 466 νυσταγμὸς
1695 394 1774 456 δὲ,
1820 394 1865 446 τί

1983 401 2308 461 pe‘somnus
2339 397 2418 444 est
2439 394 2719 459 peractum
2752 393 3030 453 peccatum
3063 399 3072 431 :
3111 381 3423 438 dormitatio
3459 397 3552 434 au—

287 493 508 561 πρῶτον
529 495 586 545 ἐν
619 495 687 563 τῇ
712 490 857 562 ψυχῇ
894 490 1282 560 συνιστάμενον
1309 487 1620 558 ἀκάθαρτον
1659 487 1839 556 νόημα
1859 503 1872 516 ο

286 587 593 654 ὲπινυσταγ
604 586 703 655 μὺς
730 585 786 637 δὲ
808 587 841 654 ἡ
866 583 1002 654 πρὸς
1023 583 1090 636 τὰ
1120 583 1286 653 χείρω
1309 583 1478 653 ῥοπήν
1509 580 1706 634 κωλύει
1733 575 1824 632 οὖν
1849 581 1876 632 6

291 678 391 746 μὲν
410 679 576 749 νόμος
606 679 696 732 τὸν
736 676 899 730 ὕπνον
919 694 930 706 ·
959 677 1048 730 τὸν
1091 677 1148 730 δὲ
1177 674 1487 744 νυσταγμὺν
1532 673 1594 726 τὸ
1635 673 1878 741 Εὐαγγέ-

287 770 403 824 λιον
423 789 438 804 ο
459 773 512 824 ετ
534 787 597 839 γε
613 771 642 822 6
662 771 759 841 μὲν
788 768 1111 840 περικόπτει
1132 769 1232 839 τὴν
1257 769 1376 821 κατ’
1399 766 1678 838 ἐνέργειαν
1707 768 1878 836 ἁμαρ-

286 863 415 916 τίαν
435 880 450 894 ο
482 862 544 916 τὸ
579 863 659 927 δὲ,
689 862 787 933 τὴν
823 861 969 915 κατὰ
997 861 1237 914 διάνοιαν
1287 859 1504 930 πρῶτον
1555 857 1877 928 συνισταμέ-

285 972 388 1026 νην
416 955 633 1010 κακίαν·
670 954 899 1028 Ἐρρέθη
921 955 1053 1026 γὰρ,
1085 954 1238 1026 φησὶ,
1261 955 1373 1016 τοῖς
1399 950 1666 1024 ἀρχαίοις,
1683 951 1760 1005 06
1784 967 1879 1018 φο-

285 1047 501 1110 νεύσεις
528 1063 542 1078 ο
572 1046 682 1115 ἐγὼ
702 1047 758 1099 δὲ
775 1045 918 1114 λέγω
943 1047 1091 1116 ὑμῖν,
1122 1046 1237 1099 Οὐκ
1263 1043 1589 1116 ὀργισθήσῃ.

364 1139 710 1210 Σημειωτέον
736 1137 992 1201 ἐνταῦθα,
1126 1137 1224 1208 τὴν
1249 1136 1344 1190 τοῦ
1381 1136 1669 1207 μύρμηκος
1719 1149 1876 1202 φυσι-

288 1229 396 1300 κὴν
432 1229 752 1300 ἐναρμόνιον
787 1230 1022 1300 κίνησιν,
1072 1229 1263 1298 σοφίαν
1317 1227 1503 1281 καλεῖο
1544 1227 1639 1279 καὶ
1689 1225 1796 1296 γὰρ
1846 1225 1875 1276 6

284 1321 601 1393 σοφώτερος
639 1321 828 1390 σοφοῦ,
885 1321 1191 1391 σοφώτερος
1245 1319 1493 1388 λέγεται·
1527 1317 1646 1381 πῶς
1685 1317 1741 1370 δὲ
1781 1318 1875 1370 ml

280 1414 386 1466 οὐκ
410 1414 558 1467 ἐστιν
592 1414 698 1466 ὑπὸ
728 1413 1017 1484 δεσπότην,
1052 1413 1103 1466 εἴ
1134 1429 1197 1481 γε
1236 1411 1303 1465 τὰ
1363 1411 1652 1481 σύμπαντα
1711 1410 1872 1464 δοῦλα.

283 1506 380 1558 τοῦ
415 1504 552 1558 Θεοῦ
581 1506 646 1575 ;ἢ
678 1506 894 1575 μήποτε
913 1507 942 1559 6
975 1505 1109 1567 Θεὸς
1161 1504 1378 1573 λέγεται
1407 1503 1670 1573 δεσπότης
1691 1502 1871 1572 διχῶς,

281 1598 361 1660 ὡς
391 1597 744 1667 δημιουργὸς,
778 1597 874 1651 ml
901 1597 977 1660 ὡς
1009 1596 1444 1666 γινωσκόμενος;
1477 1596 1570 1649 Διὸ
1603 1597 1695 1648 ml
1726 1597 1872 1648 Παῦ-

281 1687 375 1751 λος
436 1687 676 1759 γράφει·
719 1688 870 1742 Νυνὶ
925 1687 993 1741 δὲ
1037 1686 1536 1756 ἐλευθερωθέντες
1589 1686 1708 1742 ἀπὸ
1764 1685 1873 1754 τῆς

1981 495 2088 540 tem
2112 482 2378 539 conflatus
2401 482 2456 536 in
2483 481 2665 536 anima
2697 480 2942 548 impurus
2967 478 3234 546 cogitatus
3269 492 3284 529 :
3318 474 3554 546 denique

1979 575 2374 640 indormitalio,
2391 572 2682 630 declinatio
2705 572 2772 625 ad
2798 570 3092 624 deteriora.
3118 567 3276 622 Vetat
3302 582 3548 622 somnum

1977 671 2085 739 lex,
2121 668 2557 726 dormitationem
2591 663 2942 734 Evangelium
2972 681 2984 716 :
3019 662 3106 715 illa
3129 663 3274 716 enim
3314 669 3550 730 amputat

1967 763 2188 834 .peceati
2217 758 2761 820 consummationem,
2804 757 2910 811 hoc
2963 755 3333 810 suborientem
3381 753 3548 808 menti

1979 854 2292 925 nequitiam.
2324 852 2457 906 Nam
2487 851 2687 906 dictum
2718 849 2815 902 fuit
2844 847 3084 916 antiquis
3114 863 3126 897 :
3160 845 3280 900 Non
3312 844 3548 909 occides;

1977 963 2078 1019 ego
2114 956 2296 1002 autem
2323 946 2445 1000 dico
2469 942 2644 1009 vobis,
2674 943 2793 997 Non
2826 939 3100 996 irascaris.

2052 1123 2097 1156 ⁸⁵
2139 1123 2236 1179 llic
2269 1119 2806 1178 animadvertendum
2835 1127 2940 1182 est,
2974 1115 3215 1170 formica:
3251 1111 3548 1169 naturalem

1976 1222 2306 1279 concinnum
2333 1227 2566 1284 motum,
2601 1215 2784 1270 vocari
2833 1213 2903 1268 ab
2931 1221 3151 1266 auctore
3203 1208 3547 1279 sapientiam.

1977 1314 2112 1368 Nam
2141 1313 2233 1383 qui
2257 1319 2342 1367 est
2367 1309 2614 1379 sapiente
2645 1305 2965 1376 sapientior,
2993 1304 3039 1358 is
3091 1300 3290 1357 dicitur
3332 1299 3548 1370 sapien-

1979 1408 2107 1462 tior.
2135 1403 2422 1473 Quomodo
2455 1411 2636 1456 autem
2670 1400 2895 1454 formica
2923 1397 3026 1452 sub
3065 1394 3281 1450 domino
3310 1409 3416 1449 non
3440 1399 3550 1458 est,

1977 1495 2427 1568 quandoquidem
2449 1493 2630 1548 omnia
2669 1493 2780 1546 Deo
2817 1487 3189 1545 famulantur?
3245 1485 3350 1540 nisi
3405 1483 3549 1556 quod

1977 1589 2120 1645 Deus
2143 1585 2435 1656 dupliciter
2458 1583 2657 1639 dicitur
2683 1581 2952 1645 dominus,
2977 1590 3031 1636 et
3067 1578 3191 1648 quia
3233 1585 3468 1642 creator,
3495 1582 3551 1629 ct

1977 1680 2103 1750 quia
2133 1678 2406 1754 cognitus.
2442 1676 2619 1743 Quare
2637 1684 2690 1729 et
2724 1671 2921 1728 Paulus
2955 1671 3144 1726 scribit
3184 1687 3195 1722 :
3229 1668 3384 1723 Nunc
3430 1684 3559 1721 vero-

280 1781 594 1849 ἁμαρτίας,
630 1779 1030 1847 δουλωθέντες
1059 1780 1127 1833 δὲ
1158 1780 1242 1846 τῷ
1295 1777 1416 1845 Θεῷ
1449 1779 1714 1852 (δηλονότι
1745 1782 1865 1832 κατ’

1979 1772 2187 1827 liberati
2213 1788 2245 1824 α
2269 1778 2500 1840 peccato,
2523 1767 2657 1822 servi
2678 1775 2852 1820 autent
2899 1765 3025 1834 [acti
3052 1763 3162 1817 Deo
3194 1760 3271 1832 (id
3330 1771 3412 1816 est
3464 1777 3551 1816 se-

279 1875 483 1945 ἀρετὴν
528 1874 622 1928 καὶ
656 1874 878 1944 γνῶσιν)
904 1873 1072 1943 ἔχετε
1129 1873 1240 1928 τὸν
1279 1872 1512 1942 καρπὸν
1558 1872 1726 1942 ὑμῶν
1779 1876 1866 1938 εὶς

279 1965 600 2034 ἁγιασμόν,
636 1964 702 2018 τὸ
732 1965 801 2018 δὲ
830 1964 1005 2031 τέλος
1033 1964 1188 2034 ζωὴν
1234 1965 1475 2018 αἰώνιον
1496 1983 1507 1994 ·
1567 1967 1615 2018 εξ
1667 1965 1720 2018 δὲ
1770 1965 1864 2018 τοῦ

279 2058 526 2113 τοιούτου
551 2057 741 2121 τέλους
789 2057 884 2110 ml
911 2059 1010 2128 τῆς
1057 2057 1313 2126 γνώσεως
1360 2057 1589 2128 ἄμοιρός
1648 2060 1796 2111 ἐστιν
1840 2062 1868 2113 6

282 2149 534 2220 μύρμηξ,
556 2149 750 2218 ἄλογος
765 2148 861 2215 ὣν,
909 2150 1070 2220 δῆλον
1096 2150 1180 2203 ὅτι
1212 2151 1306 2205 καὶ
1338 2152 1438 2223 τῆς
1466 2151 1717 2224 τοιαύτης
1749 2154 1867 2207 δου-

278 2241 430 2306 λείας
462 2242 746 2312 ἐλεύθερος
775 2261 790 2274 ο
823 2241 1002 2305 καλῶς
1021 2238 1114 2297 οὖν
1145 2243 1359 2311 λέγεται
1392 2244 1466 2316 μὴ
1500 2240 1635 2297 εἶναι
1661 2245 1691 2297 6
1727 2245 1866 2316 μύρ-

285 2335 394 2404 μηξ
428 2334 535 2386 ὑπὸ
577 2334 866 2404 δεσπότην,
917 2332 1060 2386 κατὰ
1103 2333 1309 2404 ταύτην
1361 2333 1460 2405 τὴν
1508 2336 1824 2390 δεσποτείαν
1851 2354 1864 2368 ·

279 2418 421 2476 εἶναι
449 2423 508 2476 δὲ
541 2423 703 2476 πάλιν
733 2423 840 2475 ὑπὸ
869 2422 1184 2476 δεσποτείαν
1212 2422 1450 2493 λέγεται,
1469 2425 1574 2478 ὑπὸ
1593 2426 1682 2480 τὸν
1713 2425 1866 2489 Θεὸν,

279 2515 359 2578 ὡς
392 2515 499 2568 ὑπὸ
521 2514 877 2588 δημιουργόν.

354 2608 453 2661 Διὰ
503 2610 605 2678 μὲν
651 2607 748 2662 τοῦ
792 2610 1082 2681 μύρμηκος
1145 2607 1322 2662 έοικεν
1385 2610 1414 2662 6
1463 2608 1712 2680 Σολομῶν
1769 2609 1869 2680 τὴν

280 2701 597 2770 πρακτικὴν
631 2701 745 2754 ὁδὸν
789 2704 922 2772 ἡμῖν
976 2702 1316 2773 ὑπογράφειν
1338 2719 1352 2731 ·
1409 2700 1498 2755 διὰ
1523 2701 1580 2754 δὲ
1633 2701 1736 2772 τῆς
1770 2719 1866 2771 με·

279 2790 495 2860 λίσσης,
529 2791 629 2862 τὴν
656 2791 889 2864 Θεωρίαν
909 2792 1019 2847 τῶν
1055 2793 1356 2862 γεγονότων
1383 2791 1636 2862 σημαίνει
1665 2792 1759 2846 καὶ
1773 2793 1869 2845 αύ-

277 2882 376 2938 τοῦ
395 2883 490 2936 τοῦ
521 2883 868 2955 ποιήσαντος,
909 2885 1103 2954 ἥντινα
1125 2883 1220 2936 καὶ
1239 2882 1471 2955 καθαροὶ
1507 2883 1603 2937 καὶ
1635 2884 1872 2955 ἀκάθαρ-

283 2992 392 3039 τοι,
421 2977 519 3028 καὶ
578 2974 735 3042 σοφοὶ
781 2977 876 3029 ml.
931 2975 1170 3046 ἀνόητοι,
1218 2976 1357 3046 πρὸς
1399 2974 1500 3046 τὴν
1545 2975 1646 3044 τῆς
1690 2975 1868 3045 ψυχῆς

280 3067 472 3134 ὑγείαν
505 3067 902 3138 προσφέρονται
922 3085 934 3096 ·
964 3069 1058 3122 ml
1088 3068 1337 3138 φαίνεται
1369 3069 1468 3140 μέν
1500 3085 1590 3138 μοι
1619 3068 1648 3120 ὁ
1677 3070 1866 3140 κηρὸς,

282 3157 464 3211 αὐτῶν
484 3158 594 3211 τῶν
615 3159 954 3230 πραγμάτων
983 3160 1138 3229 λόγον
1162 3161 1376 3232 ἐπέχειν
1395 3177 1409 3190 ·
1444 3161 1504 3214 τὸ
1523 3161 1566 3215 δ’
1586 3164 1815 3215 ὲναποκε
1824 3161 1866 3214 ί-

283 3265 446 3318 μενον
496 3248 646 3320 αὐτῷ
687 3249 828 3320 μέλι,
871 3249 1136 3320 σύμϐολον
1175 3247 1312 3304 εἶναι
1361 3251 1455 3320 τῆς
1489 3251 1720 3323 Θεωρίας
1767 3252 1867 3306 αύ-

275 3337 390 3392 τῶν
415 3356 430 3369 ·
463 3340 604 3392 καὶὸ
629 3341 726 3411 μὲν
760 3340 929 3412 κηρὸς
958 3341 1374 3413 παρελεύσεται⁸
1411 3342 1470 3395 '0
1491 3342 1719 3414 οὐρανὸς
1732 3342 1864 3413 γὰρ,

278 3432 438 3502 φησὶ,
470 3432 565 3485 ml
588 3435 622 3503 ὴ
652 3433 723 3503 γῆ
775 3433 1201 3505 παρελεύσεται⁶
1237 3433 1298 3487 τὸ
1333 3433 1390 3486 δὲ
1442 3432 1562 3503 μέλι
1609 3433 1669 3485 οὐ
1728 3450 1866 3503 παρ-

277 3524 593 3577 ιλεύσεται·
623 3524 743 3577 οὐδὲ
761 3524 868 3597 γὰρ
899 3527 946 3577 οἱ
976 3525 1121 3594 λόγοι
1149 3525 1578 3596 παρελεύσονται
1602 3524 1698 3577 τοῦ
1755 3525 1866 3578 Σω-

279 3614 446 3686 τῆρος
479 3613 640 3684 ἡμῶν
675 3614 851 3686 Ἰησοῦ
880 3615 1145 3686 Χριστοῦ·
1185 3615 1314 3686 περὶ¹
1342 3607 1418 3669 ὧν
1449 3614 1598 3684 λέγει
1645 3619 1672 3670 ὁ
1711 3615 1867 3668 Σολο-

285 3705 402 3775 μῶν
423 3723 436 3734 ·
469 3707 660 3774 Κηρία
682 3706 946 3776 μέλιτος,
980 3709 1143 3777 λόγοι
1179 3709 1390 3762 καλοί·
1430 3710 1751 3777 τλύκασμα
1799 3707 1866 3761 δὲ

277 3799 498 3863 αὐτῶν,
535 3798 696 3865 ιασις
728 3799 964 3869 ψυχῆςο
992 3801 1086 3855 καὶ
1117 3801 1145 3854 6
1177 3799 1358 3865 Δαυῒδ,
1387 3801 1480 3866 Ὠς
1507 3803 1861 3871 γλυκύτερα,

278 3893 435 3961 φησὶ,
464 3909 498 3943 τ
501 3890 548 3956 ᾧ
567 3891 819 3962 ιῑάρυτγί
838 3911 980 3962 μου,
1008 3893 1080 3947 τὰ
1105 3893 1280 3963 λόγιά
1302 3911 1418 3948 σου
1448 3893 1598 3962 ὑπὲρ
1621 3895 1758 3963 μέλι
1783 3893 1866 3959 τῷ

279 3983 536 4050 στόματι
558 3999 681 4052 μου
701 3999 715 4013 ·
750 3983 810 4036 τὸ
841 3983 896 4036 δὲ
918 3983 1262 4056 ἀποτέλεσμα
1297 3984 1390 4039 τοῦ
1415 3986 1580 4038 πόνου
1608 3985 1717 4038 τῶν
1737 3987 1864 4055 ἁρε-

277 4073 391 4127 τῶν
420 4073 515 4127 καὶ
535 4074 635 4144 τῆς
672 4074 950 4143 γνώσεως,
999 4075 1160 4130 πόνον
1197 4077 1480 4147 ὠνόμασε·
1528 4077 1765 4148 βασιλεῖς
1804 4076 1860 4129 δὲ

279 4166 377 4218 καὶ⁸
434 4165 666 4229 ἰδιώτας,
699 4168 759 4220 ού
786 4167 911 4230 τοὺς
943 4167 1003 4220 τὸ
1025 4167 1262 4238 διάδημα
1285 4167 1503 4239 ἔχοντας
1526 4208 1541 4233 ,
1586 4169 1621 4238 ἢ
1650 4169 1772 4231 τοὺς
1803 4169 1860 4220 ὲν
1890 4179 1894 4182 ’

278 4257 484 4327 ηπρὶᾳ
507 4257 744 4328 πένητας
767 4259 936 4327 λέγει,
969 4258 1105 4312 ἀλλὰ
1132 4260 1258 4323 τοὺς
1290 4261 1427 4330 πρὸς
1472 4261 1566 4312 τὸν
1597 4259 1726 4312 Θεὸν
1769 4260 1859 4312 τὸν

276 4349 404 4402 νοῦν
435 4350 825 4419 σεσοφισμένον
850 4353 943 4406 καὶ
975 4353 1288 4425 ἐρρωμένον
1314 4356 1435 4416 ταῖς
1465 4354 1682 4424 ἀρεταῖς
1708 4352 1857 4423 ἔχον·

274 4459 398 4505 τας,
438 4442 672 4512 βασιλεῖς
696 4442 861 4511 λέγει.

359 4533 422 4586 ’0
462 4531 627 4597 ὕπνος
655 4530 806 4597 οὗτος
833 4535 969 4606 μόνῃ
1003 4535 1242 4605 πέφυκεν
1270 4534 1682 4606 ἐπισυμδαίνείν
1708 4533 1854 4605 ψυχῇ

274 4625 469 4695 λογικῇ
491 4641 505 4655 ο
527 4626 782 4695 σημαίνει
810 4627 915 4696 γὰρ
950 4627 1184 4682 ἐνταῦθα
1215 4625 1487 4698 [ἄγνοι]αν
1525 4626 1618 4680 ml.
1680 4627 1856 4693 ἀγνω-

278 4712 512 4772 σίανσῶν
536 4720 568 4788 ἡ
595 4719 874 4790 ἀγρυπνία
897 4722 1042 4773 ποιεῖ
1063 4737 1203 4786 τινα,
1219 4720 1293 4784 ὡς
1318 4720 1595 4792 στρουθίον
1627 4721 1856 4792 μονάζον

276 4814 373 4864 ἐπὶ
408 4811 677 4883 δώματος.

351 4905 685 4974 Προσεκτέον
723 4903 956 4958 ἐνταῦθα
988 4905 1195 4975 μήποτε
1231 4905 1338 4975 ἄρα
1381 4904 1468 4957 διὰ
1518 4906 1625 4958 τῶν
1677 4905 1853 4958 τοιού-

275 5012 387 5048 των
417 4995 732 5065 κινημάτων
763 4997 856 5049 τοῦ
885 4995 1136 5066 σώματος
1168 4995 1507 5064 γινώσκωσιν
1543 4998 1593 5049 οί
1616 4997 1853 5050 ἀντικεί-

280 5106 433 5159 μενοι
457 5090 586 5153 τοὺς
611 5089 796 5144 αὐτῶν
833 5089 1125 5160 λογισμοὺς
1162 5092 1221 5143 ὲν
1256 5091 1386 5159 ἡμῖν
1421 5089 1818 5160 στρεφομένους
1839 5105 1852 5120 ο

275 5177 467 5250 ἐπειδὴ
498 5178 934 5252 καρδιογνώστην
965 5181 1127 5252 μόνον
1145 5181 1237 5234 τὸν
1258 5180 1388 5234 Θεὸν
1415 5177 1858 5252 πεπιστεύκαμεν

273 5264 438 5326 εἶναι.

349 5363 464 5424 Πᾶς
490 5364 519 5416 6
546 5363 774 5436 τρώγων
801 5362 903 5430 τὰς
929 5363 1138 5436 σάρκας
1156 5363 1248 5417 τοῦ
1283 5361 1517 5436 Χριστοῦ
1545 5363 1640 5416 ml
1681 5364 1849 5418 πίνων

272 5451 337 5506 τὸ
364 5448 506 5523 αἷμα
535 5455 700 5509 αὑτοῦ
728 5455 830 5528 (1),
860 5459 1050 5510 κτᾶται
1085 5451 1223 5527 αἷμα
1273 5456 1480 5510 δίκαιον
1501 5471 1517 5488 ·
1567 5448 1628 5508 οὗ
1675 5473 1851 5526 στερι-

379 5592 429 5624 ⁸⁶
452 5611 508 5649 v.
538 5594 594 5650 6.
670 5597 716 5630 ⁵⁷
748 5595 906 5652 Rom.
942 5613 1016 5664 vr,
1047 5597 1141 5652 22.

346 5705 423 5774 (t)
461 5705 672 5761 Rursus
697 5707 948 5777 Origenis
975 5709 1038 5764 de
1068 5709 1168 5764 SS.
1208 5708 1543 5765 Eucharistia
1580 5708 1851 5763 sententia

1231 5597 1279 5630 ⁵⁸
1322 5614 1374 5651 v.
1403 5597 1457 5654 8.
1533 5599 1579 5632 ⁵³
1606 5599 1765 5654 Prov.
1796 5611 1909 5665 va,
1931 5593 2023 5648 (24.

1969 1865 2205 1920 cundum
2231 1864 2488 1917 virtutem
2519 1876 2584 1916 ac
2609 1858 3140 1929 seientiam),habetis
3179 1856 3408 1925 fructum
3462 1869 3547 1907 ve-

1969 1970 2134 2014 strum
2166 1953 2900 2025 in'sanctiﬁcationent,§ﬁnem
2916 1968 3033 2006 vero
3053 1948 3543 2006 vitamwternam".

1968 2052 2085 2106 .Iam
2109 2053 2152 2106 si
2196 2051 2322 2106 linis
2374 2048 2678 2116 huiusmodi
2730 2056 2893 2112 atque
2935 2044 3184 2100 scientia:
3221 2057 3420 2112 expers
3465 2050 3547 2096 est

1972 2143 2200 2198 formica
2220 2150 2410 2210 utpote
2435 2136 2788 2201 irrationalis,
2813 2143 3028 2192 constat
3059 2149 3178 2190 eam
3212 2150 3333 2190 esse
3354 2135 3547 2204 hujus-

1969 2237 2178 2292 remedi
2203 2250 2420 2306 quoque
2449 2232 2712 2287 famulatu
2740 2231 3010 2286 liberam.’
3027 2228 3173 2285 Bene
3195 2244 3324 2299 ergo
3346 2228 3546 2284 dicitur

1972 2329 2199 2383 formica
2236 2341 2343 2381 non
2375 2339 2494 2380 esse
2552 2325 2654 2379 sub
2684 2322 2926 2383 domino,
2961 2320 3263 2376 secundum
3290 2318 3543 2388 hujusce-

1972 2420 2118 2474 modi
2153 2417 2513 2473 dominatum.
2536 2416 2790 2469 Attamen
2821 2413 2920 2468 sub
2953 2411 3043 2466 Dei
3081 2411 3354 2466 dominatu
3383 2409 3546 2466 vicis-

1970 2513 2072 2568 sim
2105 2511 2330 2575 dicitur,
2357 2510 2456 2563 sub
2483 2523 2548 2562 eo
2577 2507 2785 2562 scilicet
2814 2515 3071 2574 tanquam
3104 2513 3376 2558 creatore.

2045 2604 2091 2636 ⁵⁸
2123 2602 2386 2659 Formica:
2426 2599 2784 2655 similitudine
2815 2599 3029 2653 videtur
3079 2599 3234 2653 nobis
3287 2597 3547 2652 Salomon

1971 2697 2116 2750 viam
2178 2693 2371 2763 agendi
2417 2692 2746 2747 describere
2802 2707 2818 2745 :
2874 2706 2975 2760 ape
3031 2698 3212 2744 autem
3277 2689 3545 2744 theoriam

1973 2797 2217 2842 actarum
2253 2801 2435 2841 rerum
2467 2786 2742 2854 ipsiusque
2797 2783 3000 2838 actoris
3034 2784 3295 2838 denotare
3324 2799 3336 2833 :
3381 2795 3543 2851 quam

1974 2880 2239 2936 theoriam
2287 2893 2383 2934 seu
2415 2877 2720 2933 doctrinam
2758 2876 2876 2945 puri
2918 2889 3074 2944 mque
3118 2884 3283 2944 atque
3326 2874 3544 2942 impuri,

1973 2973 2245 3044 sapientes
2264 2987 2328 3027 ac
2358 2969 2514 3035 fatui,
2541 2971 2605 3023 ad
2653 2984 2764 3024 sua:
2803 2968 3000 3024 animm
3054 2957 3344 3024 sanitatem
3391 2967 3546 3022 adhi-

1974 3067 2119 3119 bent.
2159 3063 2228 3117 Et
2254 3063 2381 3117 mihi
2416 3063 2628 3117 videtur
2669 3063 2844 3122 favus.
2894 3059 3135 3127 ipsorum
3203 3061 3543 3130 negotiorum

1969 3156 2148 3212 locum
2179 3165 2366 3210 tenere
2395 3171 2408 3209 :
2437 3155 2647 3209 hmrens
2665 3162 2846 3207 autem
2870 3152 2918 3207 ei
2948 3151 3078 3217 mel,
3096 3151 3396 3223 symbolum
3425 3166 3546 3207 esse

1971 3249 2197 3304 theorite
2220 3250 2480 3316 ipsorum.
2517 3247 2580 3300 Et
2610 3245 2768 3300 favus
2791 3246 3007 3313 quidem
3035 3245 3334 3315 praeteribit
3361 3261 3378 3299 :
3419 3259 3542 3296 nam

1959 3342 2189 3406 Caelum,
2215 3341 2407 3411 inquit,
2425 3350 2480 3394 et
2501 3349 2644 3394 terra
2667 3339 3019 3408 praeteribunt
3048 3359 3061 3394 :
3093 3338 3196 3392 mel
3224 3346 3404 3392 tamen
3431 3352 3536 3392 non

1967 3435 2287 3506 praeteribit,
2315 3433 2441 3502 quia
2463 3432 2760 3488 Salvatoris
2786 3433 2957 3487 neStri
2979 3430 3105 3487 Jesu
3143 3411 3344 3486 Christi
3379 3431 3538 3486 verba

1967 3544 2072 3584 non
2099 3525 2472 3598 praeteribunt.
2515 3525 2591 3580 De
2618 3525 2815 3595 quibus
2873 3525 3006 3580 dicit
3047 3523 3300 3580 Salomon
3333 3541 3348 3578 :
3405 3520 3542 3575 Favi

1966 3619 2162 3684 mellis,
2184 3617 2391 3688 pulchri
2426 3633 2729 3680 sermones;
2773 3627 2819 3670 et
2855 3615 3078 3670 dulcedo
3110 3616 3318 3680 horum,
3348 3615 3542 3666 anima:

1966 3711 2169 3767 medela
2196 3710 2263 3764 ⁸³.
2297 3709 2468 3764 David
2496 3710 2660 3764 etiam
2694 3728 2706 3762 :
2740 3707 3016 3771 Dulciora,
3054 3707 3250 3774 inquit,
3297 3705 3542 3775 faucibus

1964 3805 2091 3860 meis
2117 3803 2339 3859 oracula
2369 3814 2482 3867 tua,
2512 3801 2629 3870 plus
2655 3818 2811 3870 quant
2836 3801 2937 3854 mel
2969 3801 3046 3854 ori
3096 3815 3209 3853 meo
3274 3799 3339 3853 ⁶⁰.
3389 3797 3531 3852 Effe-

1965 3907 2115 3951 ctum
2140 3910 2271 3950 vero
2301 3895 2503 3950 laboris
2527 3894 2787 3947 virtutum
2817 3901 2978 3962 atque
2999 3893 3264 3956 scientia»,
3295 3890 3535 3944 laborem

1962 3987 2284 4045 nominavit.
2322 3987 2495 4054 [teges
2520 4000 2685 4054 porro
2718 3995 2773 4039 et
2798 3985 3016 4051 idiotas,
3043 3999 3150 4038 non
3174 3983 3304 4037 dicit
3331 3982 3414 4036 vel
3440 3996 3536 4035 eos

1961 4081 2054 4152 qui
2083 4079 2390 4135 diademate
2426 4087 2714 4139 ornantur,
2747 4075 2831 4129 vel
2853 4075 2920 4130 de
2955 4074 3301 4144 sterquilinio
3333 4084 3534 4142 paupe-

1961 4189 2052 4230 res
2075 4191 2091 4240 ;
2117 4177 2212 4228 sed
2236 4170 2483 4226 homines
2503 4171 2594 4239 qui
2623 4185 2749 4240 erga
2777 4169 2944 4224 Deum
2984 4175 3216 4222 mentem
3250 4167 3386 4220 bene
3407 4178 3533 4217 eru-

1958 4267 2131 4322 ditam
2159 4275 2324 4334 atque
2355 4264 2409 4318 in
2456 4263 2756 4318 virtutibus
2789 4261 3134 4318 obfirmatam
3175 4259 3395 4324 habent,
3433 4257 3531 4312 hos

1960 4372 2114 4428 reges
2135 4357 2284 4412 dicit.

2031 4538 2072 4571 “
2115 4537 2352 4592 Somnus
2386 4536 2475 4591 hic
2505 4533 2756 4591 rationali
2808 4541 3012 4587 tantum
3064 4531 3256 4585 animae
3297 4531 3527 4600 obrepit.

1959 4630 2206 4700 Namque
2229 4631 2318 4685 hic
2357 4630 2638 4700 significat
2697 4627 3065 4696 insipientiam
3119 4634 3177 4678 et
3235 4624 3526 4678 inscitiam.

1958 4723 2250 4791 Evigilatio
2281 4723 2502 4790 quidem
2547 4721 2678 4774 facit
2730 4718 3004 4772 hominem
3067 4724 3323 4784 tanquam
3384 4725 3531 4769 stru-

1961 4816 2200 4869 thionent
2239 4813 2547 4867 solitarium
2589 4812 2642 4866 in
2673 4813 2851 4865 domo.

2029 4907 2073 4936 ⁸³
2100 4905 2198 4960 llic
2227 4893 2613 4958 attendendum
2649 4914 2755 4966 est,
2788 4918 2853 4956 ne
2887 4901 3026 4956 forte
3048 4916 3113 4955 ex
3155 4898 3527 4968 hujuscemodi

1954 4999 2200 5068 corporis
2223 4998 2461 5052 motibus
2486 5003 2820 5062 cognoscant
2846 4994 3144 5049 adversarii
3171 4993 3532 5063 cogitationes

1954 5091 2097 5146 intra
2122 5106 2223 5145 nos
2249 5097 2560 5144 versantes.
2615 5086 2750 5141 Nam
2777 5087 3023 5143 cordium
3077 5085 3296 5156 quidem
3349 5084 3530 5140 solum

1957 5185 2125 5241 Deum
2155 5185 2488 5254 cognitorem
2517 5197 2641 5238 esse
2674 5184 2966 5239 credimus.

2031 5366 2076 5397 ⁸⁸
2105 5365 2425 5434 Quicunque
2446 5365 2646 5419 Christi
2701 5377 2896 5419 carnes
2937 5362 3249 5424 manducat,
3301 5370 3355 5414 et
3411 5356 3532 5428 ejus

1959 5459 2283 5530 sanguinem
2317 5458 2476 5523 bibit,
2501 5459 2816 5528 sanguinem
2835 5456 3041 5526 justum
3089 5453 3360 5524 possidet;
3421 5466 3526 5520 quo

2767 5594 2808 5625 ⁶¹
2834 5609 2885 5646 v.
2907 5593 3012 5648 9.“
3047 5609 3096 5645 v.
3128 5593 3213 5646 13.
3277 5591 3322 5623 “
3358 5605 3405 5644 v.
3437 5590 3526 5644 17.

1963 5704 2183 5774 exponit
2217 5713 2378 5776 atque
2423 5715 2596 5762 tuetur
2626 5705 2925 5764 lluetiusin
2961 5705 3316 5776 Oi‘igcuianis,
3339 5704 3430 5762 lib.
3467 5719 3526 5771 tt,

2129 5594 2173 5626 ⁸ο
2203 5593 2290 5648 Ps.
2333 5609 2527 5653 cxvm.
2560 5595 2682 5649 10⁵5.

276 5778 568 5844 catholica,
606 5793 764 5846 quam
802 5775 854 5834 et
903 5780 959 5833 in
1015 5779 1134 5836 aliis
1186 5783 1426 5848 ejusdem
1473 5782 1688 5850 scriptis
1739 5780 1843 5833 late
1953 5775 2372 5842 dissert.xiv,2.
