3880 6216
349 285 443 339 I79
1184 264 1749 329 SUPPLEMENTUM
1780 261 1871 316 AD
1909 254 2232 315 ORIGENIS
2266 250 2676 309 EXEGETICA.

3482 248 3584 303 180

344 406 386 458 si
415 401 654 473 privetur
695 392 974 451 rationalis
999 391 1200 456 anima,
1234 406 1296 447 ea
1322 390 1460 445 mori
1498 387 1719 441 dicitur.
1765 380 1897 436 Nam

2013 376 2248 447 σκομένη
2289 372 2433 444 ψυχὴ
2474 369 2687 439 λογικὴ,
2734 366 2951 436 λέγεται
2984 365 3343 436 ἀποθνήσκειν
3365 383 3379 396 ⁸
3423 367 3581 439 Ψυχή

344 498 523 551 anima
554 505 673 561 quze
695 497 904 560 peccat,
932 487 1046 557 ipsa
1077 487 1355 542 morietur.
1383 482 1536 549 Quod
1556 481 1601 534 si
1639 479 1761 549 quis
1782 492 1910 530 san-

341 589 460 659 guis
486 587 670 655 justus
691 589 796 645 est,
827 580 1017 648 utique
1049 578 1156 632 erit
1190 585 1247 631 et
1294 573 1549 644 injustas,
1598 585 1759 643 quem
1805 567 1907 623 sibi

342 658 621 732 attrahunt
652 673 748 743 qui
796 669 1085 726 comedunt
1125 667 1310 721 datum
1359 664 1413 718 in
1462 677 1642 719 eseam
1696 658 1910 731 populis

342 769 655 838 Ethiopum
688 766 733 797 “
763 759 1099 835 (draconem)
1142 774 1283 829 pane
1310 757 1579 813 mendacii
1621 755 1904 809 nutritum.

340 862 408 916 Et
433 873 564 916 sane
594 859 688 927 "qui
728 856 831 912 diis
855 853 1046 909 alienis
1069 850 1402 914 sacrificant,
1440 849 1643 918 justum
1684 845 1906 913 sangui-

340 966 463 1013 nem
492 964 649 1004 suum
690 946 1088 1018 pessumdant:
1126 943 1220 1013 qui
1270 952 1451 996 autem
1483 949 1658 997 semet
1697 936 1908 995 sacrifi-

338 1044 484 1096 cium
519 1041 628 1095 Deo
657 1039 756 1094 soli
786 1036 1041 1102 oﬂerunt,
1073 1035 1112 1090 ii
1149 1035 1467 1105 sanguinem
1498 1032 1755 1101 injustum
1797 1029 1907 1085 dis-

337 1133 593 1203 perdunt.
634 1132 1004 1202 Subsequetur
1049 1139 1232 1186 autem
1284 1129 1506 1185 omnino
1543 1125 1727 1196 injusti
1780 1139 1907 1179 san-

336 1227 514 1297 guinis
537 1225 838 1296 corruptio.
873 1223 1262 1280 Verumtamen
1316 1223 1371 1277 id
1399 1220 1612 1276 nonnisi
1642 1222 1907 1286 praesente

334 1328 577 1390 tempore
600 1318 827 1381 accidit;
849 1316 945 1371 sed
967 1316 1035 1371 ab
1058 1316 1211 1370 initio
1231 1329 1336 1368 non
1365 1313 1467 1367 fuit
1490 1312 1591 1366 sic.
1620 1310 1735 1364 Non
1760 1306 1903 1362 enim

334 1414 387 1467 in
417 1413 591 1468 morbi
621 1412 968 1481 corruptione
996 1409 1248 1464 valetudo
1296 1420 1591 1478 puerorum
1632 1402 1757 1468 fuit,
1810 1399 1903 1470 qui

331 1510 447 1565 sani
485 1504 641 1563 initio
661 1504 830 1573 geniti
857 1502 1095 1557 fuerunt.

401 1599 449 1631 "
470 1596 838 1667 Reprehendit
876 1603 1069 1652 mutua
1111 1591 1413 1657 mendacia,
1465 1605 1587 1660 qum
1636 1590 1784 1658 ipsos
1834 1590 1903 1641 ad

330 1689 757 1758 disceptationes
807 1688 1097 1743 conferunt
1136 1694 1300 1753 atque
1356 1683 1497 1736 lites.
1555 1679 1651 1735 Vel
1703 1681 1902 1734 fratres
1936 1724 1977 1782 Β

331 1789 481 1844 sunt,
522 1778 615 1847 qui
641 1778 948 1848 adeptionis
991 1776 1221 1848 gratiam
1270 1774 1496 1837 habent,
1552 1782 1606 1827 et
1654 1774 1754 1827 sub
1790 1786 1898 1825 uno

337 1881 466 1926 sunt
493 1878 648 1939 patre
676 1870 925 1934 Christo;
955 1884 1092 1939 quos
1124 1867 1357 1921 invicem
1400 1864 1708 1920 distrahere
1738 1880 1900 1919 cona-

334 1974 424 2017 tur
454 1962 608 2017 testis
660 1961 985 2032 iniquitatis,
1017 1958 1457 2030 perturbationes
1520 1957 1654 2024 ipsis
1696 1957 1899 2011 immit-

328 2066 447 2113 tens
469 2067 524 2112 et
541 2056 769 2124 judicia.
806 2054 1039 2111 Verbum
1067 2064 1248 2108 autent
1311 2068 1329 2102 ι
1372 2052 1621 2107 accendit
1657 2069 1674 2102 ι
1734 2064 1901 2119 appo—

327 2151 494 2215 nitur,
515 2161 575 2204 ut
608 2148 797 2214 credo,
833 2156 1056 2217 prepter
1098 2146 1325 2201 vitiosas
1355 2144 1735 2215 cogitationes,
1781 2157 1899 2211 qua

326 2243 567 2298 animum
597 2242 660 2296 ad
689 2243 824 2296 iram
850 2241 1145 2309 odiumque
1170 2234 1897 2303 inflammant,cupiditatem

324 2348 504 2393 autem
568 2336 639 2391 ad
694 2334 871 2405 turpia
918 2347 1104 2403 opera.
1166 2329 1487 2396 Huiusmodi
1543 2328 1897 2397 cogitationes

325 2429 522 2484 Paulus
553 2443 772 2499 quoque
797 2424 1137 2496 appellavit“
1162 2422 1387 2491 maligni
1428 2420 1533 2475 tela
1566 2421 1741 2492 ignea,
1778 2433 1898 2489 quae

325 2521 557 2575 animam
587 2520 878 2575 vulnerant
906 2526 1245 2585 mortemque
1278 2515 1575 2568 adducunt.

392 2615 436 2646 ⁸⁷
479 2613 703 2667 Matrem
724 2626 908 2666 secum
931 2610 1135 2664 habere
1165 2621 1288 2661 eum
1316 2606 1490 2676 jubet,
1518 2620 1638 2675 quae
1682 2613 1766 2660 est
1812 2619 1897 2659 sa-

324 2707 529 2778 pientia
594 2718 890 2776 generans,
945 2715 1143 2769 nempe
1189 2698 1281 2752 illa
1349 2698 1643 2752 secundum
1698 2698 1891 2753 Deum.

322 2800 491 2871 Atqui
524 2798 852 2866 oportuisset
883 2802 1094 2864 patrem
1121 2794 1304 2862 potius
1335 2791 1643 2857 nominare,
1665 2805 1897 2859 namque

323 2894 410 2948 hic
440 2891 509 2945 ad
529 2890 622 2943 ﬁlii
653 2887 1033 2944 exsistentiam
1063 2885 1183 2954 plus
1210 2884 1441 2940 confert.
1477 2883 1584 2937 Sed
1615 2882 1742 2951 quia
1773 2883 1891 2937 fieri

323 2983 533 3054 nequit,
566 2990 624 3035 ut
658 2982 772 3050 ipse
793 2981 957 3035 Deum
985 2986 1281 3049 cognoscat
1315 2984 1441 3031 ante
1485 2974 1750 3031 factarum
1806 2990 1893 3030 re-

2011 468 2140 537 γὰρ,
2164 467 2346 538 φησιν,
2372 467 2405 536 ή
2442 462 2850 535 ἁμαρτάνουσα,
2878 458 3016 528 αὕτη
3044 458 3390 511 ἀποθανεῖται
3410 477 3423 490 ·
3450 461 3499 511 εί
3524 460 3582 513 δέ

2011 562 2158 614 ἐστιν
2185 553 2323 629 αἷμα
2348 558 2575 619 δίκαιον,
2613 554 2728 607 ἐστι
2758 550 3001 623 δηλονότι
3037 550 3131 603 καὶ
3164 543 3302 620 αἷμα
3343 549 3527 604 άδικον
3562 567 3577 582 ο

2009 654 2145 723 ὅπερ
2181 650 2502 718 συνάγουσιν
2540 649 2598 700 ἑν
2636 648 2849 707 ἑαυτοῖς
2875 645 2926 697 οἱ
2957 642 3335 705 κατεσθίοντες
3357 643 3418 696 τὸ
3435 643 3580 696 δεδο-

2012 744 2171 815 μένον
2195 742 2388 815 βρῶμα
2419 740 2566 802 λαοῖς
2593 740 2705 802 τοῖς
2741 736 2955 807 Αἰθίοψι
2977 777 2995 802 ,
3020 738 3118 791 καὶ
3151 738 3482 809 τρεφόμενον
3502 736 3581 807 τῷ

2008 838 2157 908 ἄρτῳ
2185 833 2285 888 τοῦ»
2304 832 2562 903 ψεύδους·
2616 829 2709 884 καὶ
2746 831 2795 882 οἱ
2837 829 2935 899 μὲν
2984 827 3205 891 θύοντες
3248 827 3388 891 θεοῖς
3428 827 3581 881 ἀλλο-

2008 925 2198 996 τρίοις,
2232 922 2292 976 τὸ
2324 922 2524 976 δίκαιον
2560 918 2767 973 ἑαυτῶν
2796 916 2935 989 αἷμα
2978 918 3494 988 καταναλίσκουσινυ
3520 922 3572 973 oi

2006 1017 2063 1071 δὲ
2094 1017 2304 1077 ἑαυτοῖς
2336 1012 2527 1066 θυσίαν
2546 1010 2625 1082 τῷ
2653 1011 2798 1082 μόνῳ
2827 1008 2967 1079 Θεῷ,
2996 1008 3057 1061 τὸ
3108 1009 3287 1063 ἀδικον
3343 1010 3582 1080 διαφθεί-

2010 1122 2194 1178 ρουσιν
2224 1098 2389 1175 αἷμαι
2412 1101 2770 1171 ἀκολουθήσει
2799 1100 2856 1152 δέ
2885 1100 3104 1163 πάντως
3157 1103 3225 1171 τῇ
3276 1100 3376 1172 μὲν
3405 1102 3581 1173 φθορᾷ

2006 1198 2099 1251 τοῦ
2125 1198 2310 1251 ἀδίκου
2341 1197 2588 1267 αἵματος
2621 1193 2758 1249 ἀλλά
2790 1193 2946 1247 τοῦτο
2973 1194 3071 1265 μὲν
3097 1194 3312 1257 πάντως
3355 1194 3451 1247 νῦν
3480 1196 3579 1248 πέ-

2007 1307 2145 1360 φυκε
2174 1288 2441 1359 γίνεσθαι,
2471 1289 2563 1343 ἀπ’
2585 1287 2757 1358 ἀρχῆς
2774 1286 2832 1339 δέ
2860 1287 2957 1356 οὐχ
2987 1285 3158 1350 οὕτως
3181 1304 3193 1315 ο
3221 1286 3279 1339 οὐ
3310 1285 3419 1357 γάρ
3440 1289 3579 1342 κατά

2006 1381 2212 1454 φθορὰν
2244 1382 2400 1436 νόσου
2450 1379 2609 1448 ὑγεία
2634 1377 2742 1431 τῶν
2779 1377 3007 1441 παίδων,
3046 1377 3184 1447 μετά
3242 1379 3342 1448 τῆς
3390 1379 3579 1448 ὑγείας

2006 1472 2099 1525 ἀπ’
2124 1471 2298 1543 ἀρχῆς
2318 1469 2671 1541 τικτομένων.

2074 1564 2383 1619 Διαϐάλλων
2411 1563 2471 1616 τὸ
2506 1562 2700 1633 ψεῦδος
2731 1561 2998 1634 ἀλλήλοις,
3024 1561 3221 1626 αὐτοὺς
3244 1562 3323 1626 είς
3372 1562 3580 1634 διακρί-

2006 1677 2119 1723 σεις
2157 1660 2312 1730 φέρει
2340 1659 2436 1713 καὶ
2467 1656 2761 1720 ἀντιδικίας
2787 1673 2801 1687 ·
2826 1655 2859 1725 ἦ
2887 1655 3107 1724 ἀδελφοί
3133 1658 3269 1709 εἰσιν
3294 1658 3344 1710 oi.
3394 1657 3455 1710 τὸ
3480 1658 3580 1728 τῆς

2005 1751 2275 1814 υἱοθεσίας
2309 1748 2522 1821 ἔχοντες
2551 1750 2815 1821 χάρισμα,
2850 1748 2945 1801 καὶ
2975 1747 3080 1800 ὑπὸ
3108 1748 3199 1801 τὸν
3235 1749 3394 1803 αὐτὸν
3426 1749 3578 1813 ὄντες

2004 1842 2217 1913 πατέρα
2247 1841 2478 1911 Χριστόν
2501 1859 2513 1871 ·
2550 1838 2641 1903 οὓς
2670 1838 2923 1910 χωρίζειν
2968 1841 3235 1909 ἐπιχειρεῖ
3286 1841 3315 1891 ὁ
3367 1839 3579 1910 μάρτυς

1999 1935 2099 2005 τῆς
2125 1933 2357 1995 ἀδικίας,
2395 1930 2638 2003 ταραχὰς
2670 1932 2729 1982 ἑν
2774 1932 2960 1993 αὐτοῖς
3002 1930 3285 2001 ἐμϐάλλων
3322 1932 3415 1984 καὶ
3460 1932 3578 2001 κρί-

2002 2045 2113 2091 σεις
2133 2045 2146 2058 ·
2170 2027 2228 2078 τὸ
2251 2026 2307 2078 δέ
2334 2044 2352 2077 ι
2373 2023 2603 2087 ἐκκαίει,
2633 2041 2653 2075 ι
2682 2022 2757 2086 ὡς
2782 2018 2954 2093 οἶμαι,
2976 2023 3321 2094 προστίθεται
3344 2023 3433 2077 διὰ
3452 2024 3581 2086 τοὺς

2000 2118 2267 2190 ἐμπαθεῖς
2322 2118 2636 2188 λογισμοὺς,
2665 2116 3007 2179 ἀνάπτοντας
3047 2116 3216 2185 θυμὸν
3275 2117 3393 2186 μὲν,
3440 2116 3578 2187 πρὸς

1998 2210 2165 2281 ὀργὴν
2198 2210 2291 2263 καὶ
2328 2212 2481 2280 μῖσος
2521 2208 2816 2279 ἐπιθυμίαν
2844 2208 2901 2261 δὲ
2953 2208 3090 2279 πρὸς
3134 2209 3365 2280 αἰσχρὰς
3410 2210 3582 2278 ἐργα-

2000 2303 2120 2367 σίας
2141 2319 2153 2332 ·
2182 2301 2405 2365 τούτους
2430 2302 2557 2364 τοὺς
2606 2300 2903 2370 λογισμοὺς
2944 2301 3039 2353 καὶ
3072 2300 3101 2351 ὁ
3152 2298 3306 2368 ἅγιος
3364 2298 3577 2364 Παῦλος

1997 2396 2249 2465 ὠνόμασε
2307 2393 2398 2447 τοῦ
2458 2393 2698 2465 πονηροῦ
2746 2392 2877 2462 βέλη
2928 2391 3322 2464 πεπυρωμένα,
3371 2389 3577 2461 τιτρώ-

1946 2520 1957 2529 -
1999 2502 2197 2539 σκοντα
2228 2484 2327 2554 τὴν
2350 2482 2548 2553 ψυχὴν,
2583 2482 2680 2536 καὶ
2702 2481 2930 2535 θάνατον
2962 2479 3321 2551 ἐργαζόμενα.

2067 2599 2180 2670 Τὴν
2217 2596 2427 2669 μητέρα
2462 2594 2763 2663 ἐπάγεσθαι
2797 2592 3146 2664 προστάσσει,
3202 2591 3324 2661 ἥτις
3360 2590 3505 2643 ἐστὶν
3536 2589 3574 2661 ή

2000 2692 2160 2760 σοφία
2176 2688 2443 2759 γεννῶσα,
2476 2690 2509 2758 ή
2535 2687 2633 2758 μὲν
2665 2686 2807 2739 κατά
2840 2686 2970 2739 Θεόν
2993 2703 3006 2715 ·
3053 2685 3229 2738 καίτοι
3257 2683 3422 2754 ἐχρῆν
3470 2683 3573 2737 αῦ-

1994 2784 2085 2837 τὸν
2105 2785 2278 2837 εἰπεῖν
2300 2782 2390 2834 τὸν
2419 2780 2633 2850 πατέρα
2653 2798 2664 2809 ·
2688 2772 2843 2841 οὗτος
2861 2776 2970 2847 γὰρ
3001 2778 3136 2848 πρὸς
3159 2776 3218 2829 τὺ
3247 2776 3574 2847 συνεῖναιτῷ

1996 2875 2097 2946 υἱῷ
2130 2873 2327 2946 μᾶλλον
2356 2870 2790 2943 ἐπιτηδειότερος
2815 2885 2828 2899 ·
2857 2866 2971 2921 ἀλλ’
3004 2868 3190 2938 ἐπειδὴ
3220 2868 3281 2921 οὐ
3326 2867 3571 2929 δυνατὸν,

1995 2970 2156 3025 αὑτὸν
2182 2967 2383 3038 γνῶναι
2410 2966 2500 3020 τὸν
2535 2966 2667 3020 Θεὸν
2695 2966 2802 3033 πρὸ
2831 2964 2930 3035 τῆς
2970 2964 3077 3018 τῶν
3106 2962 3406 3032 γεγονότων
3436 2962 3570 3015 θεω-

322 3090 441 3128 rum
466 3073 738 3140 notitiam,
766 3072 886 3127 ideo
910 3080 1137 3124 matrem
1163 3069 1342 3139 potius
1375 3083 1539 3138 quam
1568 3077 1779 3139 patrem
1804 3082 1888 3122 se-

2010 3063 2141 3127 οίας,
2176 3061 2362 3115 τούτου
2387 3061 2545 3131 χάριν
2584 3059 2682 3129 τὴν
2727 3056 2937 3128 μητέρα
2981 3056 3078 3109 καὶ
3105 3056 3166 3109 οὐ
3208 3055 3299 3108 τὸν
3359 3054 3569 3125 πατέρα

320 3180 444 3219 cum
477 3166 681 3219 habere
716 3162 911 3231 jubet;
973 3168 1031 3213 ut
1065 3174 1162 3228 per
1202 3167 1432 3211 matrem
1478 3156 1620 3211 filius
1678 3167 1888 3225 patrem

2010 3145 2324 3222 προστάσσει
2350 3148 2679 3218 ἐπάγεσθαι*
2709 3149 2795 3202 ἵνα
2820 3148 2907 3201 διὰ
2931 3148 3031 3217 τῆς
3063 3145 3266 3217 μητρὸς
3292 3147 3320 3199 ό
3351 3146 3461 3208 υίὸς
3486 3145 3573 3216 ἴδῃ

318 3266 630 3329 cognoscat.
659 3254 791 3309 Nam
822 3253 925 3307 nisi
957 3252 1072 3320 ipsa
1096 3266 1218 3305 eum
1251 3249 1543 3320 pepererit,
1574 3248 1749 3304 lucem
1784 3264 1891 3304 non

2010 3243 2085 3297 τὸν
2122 3243 2336 3313 πατέρα
2359 3259 2374 3273 ο
2417 3240 2511 3294 ἐὰν
2543 3240 2649 3313 γὰρ
2688 3240 2826 3312 αὐτὴ
2870 3237 2944 3310 μή
2971 3239 3230 3308 γεννήσῃ,
3277 3238 3337 3289 οὺ
3386 3235 3572 3307 βλέπει

319 3354 533 3423 aspicit,
567 3366 689 3421 quae
714 3347 964 3403 videlicet
990 3346 1159 3415 ipsius
1196 3344 1283 3398 Dei
1311 3344 1521 3413 agnitio
1545 3352 1647 3397 est.

2010 3336 2055 3389 ιὸ
2082 3335 2216 3405 φῶς,
2244 3336 2381 3405 ὅπερ
2403 3334 2519 3387 ἐστὶ
2550 3333 2750 3403 γνῶσις
2781 3332 2947 3386 αὐτοῦ
2968 3331 3065 3384 τοῦ
3092 3330 3248 3384 Θεοῦ.

387 3446 435 3477 ⁶⁸
467 3444 603 3511 Quia
640 3442 949 3496 mandatum
975 3438 1106 3506 legis
1169 3438 1390 3492 lucerna
1432 3444 1517 3491 est
1563 3445 1619 3490 et
1667 3435 1780 3490 lux.
1825 3435 1894 3490 Et

318 3541 549 3595 fortasse
570 3538 787 3591 lucerna
822 3533 1227 3589 Testamentum
1253 3528 1423 3585 Vetus
1454 3538 1575 3585 est:
1599 3528 1891 3583 illudenim

318 3616 443 3687 erat
471 3632 626 3701 quasi
660 3629 876 3682 lucerna
906 3641 1025 3695 qua:
1060 3624 1457 3678 incendebatur
1485 3632 1536 3676 et
1569 3623 1883 3691 apparebat.

316 3725 433 3777 Lux
466 3738 613 3786 vero,
639 3720 844 3774 Novum
873 3718 1283 3772 Testamentum
1319 3724 1436 3772 est:
1476 3714 1586 3786 Ego
1610 3715 1777 3779 enim,
1805 3714 1889 3767 iu-

319 3816 461 3885 quit,
516 3814 607 3868 lux
658 3828 777 3866 smn
841 3810 1067 3873 mundi;
1128 3811 1499 3877 improborum
1554 3806 1888 3877 redargutio,

316 3912 581 3965 bonorum
624 3906 880 3963 eruditio.
928 3905 1063 3960 Nam
1103 3919 1199 3973 per
1243 3903 1413 3972 legem
1470 3901 1710 3972 cognitio
1762 3914 1890 3969 pec-

313 4003 446 4058 cati.

383 4095 427 4126 "
451 4092 626 4148 Tanta
654 4100 738 4147 est
772 4091 915 4147 enim
951 4089 1207 4161 nequitia:
1234 4087 1507 4158 voluptas,
1537 4094 1742 4156 quanta
1769 4083 1892 4138 uni-

310 4188 359 4244 ci
390 4189 568 4259 panis.

379 4279 425 4311 7°
452 4279 509 4334 Si
537 4293 567 4332 a
597 4292 722 4333 vera
752 4274 980 4332 scientia
1012 4272 1366 4343 corripietur,
1393 4268 1675 4326 scientiam
1701 4283 1890 4338 quam-

309 4374 445 4430 libet
477 4372 671 4429 falsam
700 4369 937 4439 abjiciet,
969 4368 1058 4439 qui
1078 4376 1237 4420 antea
1279 4363 1674 4428 furabatur,ob
1706 4362 1887 4417 scienv

314 4469 402 4523 tia:
434 4466 817 4537 indigentiam,
849 4479 916 4519 ex
971 4463 1234 4518 infatuata
1273 4477 1303 4516 a
1346 4460 1642 4516 Servatore
1702 4466 1888 4512 nostro

313 4560 547 4614 scientia
579 4572 644 4612 ac
668 4555 965 4626 sapientia.
996 4553 1334 4607 Redditurus
1368 4561 1547 4605 autem
1577 4546 1887 4616 septuplum

310 4651 539 4714 dicitur,
566 4652 692 4719 quia
714 4651 916 4719 septies
944 4649 995 4703 in
1019 4649 1109 4702 die
1134 4645 1379 4702 laudabit
1412 4646 1582 4700 Deum
1613 4683 1629 4707 ,
1662 4649 1717 4697 et
1751 4656 1887 4695 cun-

311 4744 417 4798 ctis
440 4744 695 4798 sensibus
722 4742 837 4797 suis
861 4744 971 4796 Deo
999 4741 1233 4805 traditis,
1270 4737 1527 4793 liberabit
1563 4751 1622 4792 se
1658 4749 1688 4789 a
1722 4749 1884 4806 para-

310 4835 381 4890 tis
415 4833 635 4888 diabolo
670 4841 724 4888 et
753 4833 960 4903 angelis
986 4832 1103 4902 eius
1140 4829 1447 4902 suppliciis.

379 5101 425 5135 '”
480 5099 673 5156 Omnis
726 5097 819 5168 qui
874 5097 1152 5167 iniquitati
1195 5096 1603 5161 communicat,
1639 5094 1888 5151 mmchus

305 5198 409 5253 est,
448 5188 649 5242 diaboli
683 5186 899 5241 scilicet
942 5186 1034 5256 qui
1088 5188 1298 5256 primus
1336 5199 1567 5241 uxorem
1607 5186 1760 5240 duxit
1789 5200 1884 5239 ne-

306 5281 558 5353 quitiam,
586 5278 728 5334 etab
755 5279 911 5334 initio
945 5279 1214 5332 homicida
1255 5278 1377 5335 fuit.
1420 5278 1565 5334 Idem
1613 5293 1736 5333 cum
1785 5277 1876 5333 illo

307 5377 504 5431 animae
533 5373 767 5443 propriae
791 5371 1017 5427 exitium
1052 5371 1235 5427 infert.

2066 3428 2186 3481 Ὅτι
2220 3429 2252 3497 ή
2281 3425 2466 3497 ἐντολὴ
2484 3425 2579 3478 τοῦ
2610 3426 2773 3495 νόμου
2807 3424 2998 3494 λύχνος
3022 3422 3138 3474 ἐστὶ
3170 3422 3263 3474 καὶ
3292 3419 3407 3490 φῶς
3430 3437 3444 3451 ο
3473 3419 3571 3474 καὶ

1995 3522 2134 3591 τάχα
2156 3520 2366 3591 λύχνος,
2396 3522 2429 3591 ή
2459 3519 2674 3573 Παλαιά
2695 3519 2939 3587 Διαθήκη
2981 3515 3129 3569 ἐστίν
3149 3533 3163 3546 ο
3214 3514 3420 3575 ἐκεῖνος
3458 3511 3568 3582 γὰρ

1991 3607 2059 3683 ἦν
2091 3609 2333 3681 ὁλύχνος
2363 3611 2392 3662 ὁ
2438 3610 2725 3680 καιόμενος
2768 3608 2866 3661 καὶ
2912 3605 3153 3676 φαίνων⁸
3206 3603 3340 3674 φῶς,
3372 3605 3405 3673 ή
3453 3601 3571 3656 Νέα

1993 3703 2232 3773 Διαθήκη
2260 3717 2272 3730 ⁶
2293 3701 2434 3769 Ἐγὼ
2465 3701 2593 3772 γὰρ,
2624 3699 2808 3771 φησὶν,
2836 3700 2951 3769 είμὶ
2980 3698 3043 3751 τὸ
3071 3696 3186 3767 φῶς
3214 3695 3307 3749 τοῦ
3328 3697 3528 3766 κόσμου
3552 3712 3563 3727 ·

1995 3794 2212 3866 ἐλεγχος
2244 3796 2339 3866 μὲν
2358 3793 2467 3847 τῶν
2501 3794 2706 3857 κακῶν,
2729 3792 2947 3848 παιδεία
2973 3791 3030 3844 δὲ
3059 3790 3169 3844 τῶν
3202 3788 3422 3859 ἀγαθῶν
3442 3807 3455 3820 ·
3480 3789 3567 3844 διὰ

1993 3889 2098 3961 γὰρ
2129 3888 2293 3959 νόμου
2329 3888 2626 3956 ἐπίγνωσις
2650 3884 2945 3958 ἁμαρτίας.

2064 4067 2311 4138 Τοσαύτη
2333 4067 2441 4137 γάρ
2470 4068 2617 4120 ἐστιν
2652 4068 2685 4137 ἡ
2713 4065 2874 4138 ήδονή
2907 4065 3007 4135 τῆς
3038 4064 3257 4130 κακίας,
3309 4064 3408 4133 ὅση
3473 4063 3569 4115 καὶ

1993 4162 2109 4226 ἑνὸς
2141 4163 2328 4233 ἄρτου.

2075 4254 2199 4306 Ἐὰν
2230 4254 2341 4323 ἁλῷ
2373 4254 2476 4307 ὑπὸ
2515 4251 2770 4321 γνώσεως
2808 4251 3061 4323 ἀληθοῦς,
3103 4250 3436 4321 ἀποθήσεται
3470 4251 3565 4303 πᾶ·

1995 4365 2093 4401 σαν
2117 4350 2316 4416 γνῶσιν
2339 4348 2529 4420 ψευδῆ,
2583 4350 2611 4402 ό
2644 4348 2905 4419 πρότερον
2937 4346 3203 4410 κλέπτων,
3248 4347 3316 4400 δι’
3352 4346 3559 4399 ἑνδειαν

1918 4415 1964 4470 D
1993 4443 2266 4512 γνώσεως,
2292 4415 2398 4497 ἀπὸ
2435 4415 2535 4513 τῆς
2592 4415 2971 4515 μωρανθείσης
3024 4443 3128 4497 ὑπὸ
3181 4440 3273 4495 τοῦ
3309 4440 3563 4511 Σωτῆρος

1990 4532 2146 4604 ἡμῶν
2182 4532 2435 4601 γνώσεως
2479 4534 2571 4587 καὶ
2609 4533 2836 4602 σοφίαςν
2899 4533 3178 4588 ἀποτίσειν
3227 4531 3283 4585 δὲ
3346 4530 3563 4598 λέγεται

1988 4628 2416 4690 ἑπταπλασίονα,
2449 4627 2510 4681 τὸ
2568 4626 2797 4690 ἑπτάκις
2834 4626 2935 4697 τῆς
2990 4626 3207 4697 ἡμέρας
3260 4626 3428 4679 αἰνεῖν
3475 4622 3568 4676 τὸν

1986 4720 2150 4772 Θεόνσ
2190 4720 2285 4773 καῖ¹
2323 4720 2499 4774 πάντα
2540 4718 2610 4771 τὰ
2651 4719 2964 4790 ὑπάρχοντα
3022 4716 3171 4786 αὐτῷ
3235 4715 3565 4785 αἰσθητήρια

1983 4813 2106 4877 δοὺς
2150 4812 2228 4884 τῷ
2298 4811 2437 4883 Θεῷ,
2516 4810 2737 4882 ῥύσεται
2784 4810 2973 4865 ἑαυτὸν
3041 4811 3106 4863 ἐκ
3166 4808 3275 4862 τῶν
3331 4810 3563 4877 ἡτοιμα-

1992 4922 2024 4957 σ
2034 4905 2211 4975 μένων
2236 4904 2313 4975 τῷ
2344 4903 2574 4975 διαϐόλῳ
2601 4904 2689 4958 καὶ
2730 4905 2843 4966 τοῖς
2872 4902 3121 4973 ἀγγέλοις
3178 4899 3344 4956 αὐτοῦ
3392 4916 3565 4968 τιμω-

1990 4998 2139 5071 ριῶν.

2058 5093 2174 5155 Πᾶς
2206 5092 2235 5144 ὁ
2288 5090 2623 5163 κοινωνήσας
2670 5091 2736 5160 τῇ
2804 5089 2995 5160 κακίᾳ,
3055 5086 3240 5159 μοιχός
3295 5085 3411 5139 ἐστι
3467 5082 3563 5135 τοῦ

1985 5183 2231 5237 διαϐόλου
2254 5184 2347 5237 τοῦ
2387 5182 2603 5253 πρώτου
2631 5182 2909 5253 γήμαντος
2938 5179 3036 5251 τὴν
3071 5179 3270 5233 κακίαν
3289 5219 3303 5242 ,
3346 5176 3439 5231 καὶ
3465 5176 3560 5228 ἀπ’

1986 5278 2161 5349 ἀρχῆς
2210 5276 2494 5346 γεγονότος
2550 5273 2998 5347 ἀνθρωποκτόνου
3024 5287 3041 5303 ο
3097 5272 3192 5325 καὶ
3262 5270 3360 5323 σὺν
3413 5266 3565 5338 αὑτῷ

1983 5372 2258 5424 ἀπώλειαν
2280 5373 2345 5434 τῇ
2380 5370 2527 5442 ψυχῇ
2556 5367 2721 5422 αὑτοῦ
2755 5368 3143 5439 περιποιεῖται.

1803 5468 1955 5526 CAP.
2001 5463 2104 5524 νη.

374 5563 421 5597 ν’
457 5564 623 5620 Soror
664 5573 849 5621 nostra
883 5565 1147 5635 sapientia
1196 5573 1301 5630 est,
1338 5572 1604 5634 quatenus
1640 5564 1728 5620 ille
1789 5567 1879 5635 qui
1944 5629 1946 5632 ν

375 5756 419 5787 ’⁸
458 5758 545 5815 Ps.
584 5775 774 5827 Lxxm,
802 5760 879 5816 Μ.
948 5760 989 5793 ⁸⁵
1026 5776 1072 5813 v.
1111 5758 1194 5815 l9.
1245 5758 1284 5791 "
1315 5757 1449 5829 Eph.
1482 5774 1556 5829 νιν
1586 5759 1667 5816 ιδ·
1752 5760 1793 5793 6⁷
1831 5776 1879 5820 νε

2070 5757 2111 5789 ⁸⁸
2147 5772 2196 5808 ι’.
2218 5752 2305 5808 Ξῖ).

2077 5564 2302 5635 Ἀδελφὴ
2344 5563 2498 5635 ἡμῶν
2551 5562 2709 5632 σοφία
2760 5559 2894 5627 ἐστὶ,
2934 5557 3066 5613 διότι
3111 5557 3140 5610 ὁ
3180 5557 3408 5627 ποιήσας
3457 5551 3561 5625 τὴν

2387 5753 2427 5785 ιν
2457 5767 2503 5808 γ,
2534 5750 2621 5806 26,
2700 5750 2743 5785 το
2782 5764 2830 5805 γ,
2864 5746 2950 5806 30.
3025 5746 3067 5779 ⁷¹
3103 5760 3151 5799 v.
3189 5741 3278 5799 32.
3352 5740 3469 5795 "V.
3499 5735 3566 5795 4.
