3880 6216
271 254 368 313 181

1436 269 1806 331 EXPOSlTIO
1834 274 1901 331 IN
1930 276 2340 337 PROVERBIA.

3419 291 3521 348 182

262 376 554 447 ἀσώματον
587 378 750 450 φύσιν
773 384 981 456 Πατὴρ,
1025 387 1114 441 καὶ
1146 389 1347 463 ταύτην
1386 394 1686 465 πεποίηκεν
1707 414 1720 426 -
1765 414 1825 450 σο

1949 400 2323 469 ineorpoream
2362 412 2613 462 naturam
2645 408 2770 464 fecit
2803 408 2997 476 Pater,
3026 409 3166 466 hanc
3207 426 3419 481 quoque
3445 413 3516 469 fe-

263 471 391 538 φίαν
417 472 475 525 δὲ
499 474 731 529 ἐνταῦθα
769 476 914 546 λέγει
953 480 1014 533 οὐ
1053 480 1144 534 τὸν
1178 483 1305 537 Υίὸν
1353 486 1451 538 τοῦ
1505 487 1662 556 Θεοῦ,
1708 490 1846 544 ἀλλά

260 562 361 632 τὴν
386 562 622 636 θεωρίαν
656 568 767 623 τῶν
803 570 1072 640 σωμάτων
1116 575 1210 627 καὶ
1244 577 1574 648 ἀσωμάτων,
1613 582 1707 635 καὶ
1744 584 1844 655 τῆς

261 658 321 709 ὲν
353 658 493 729 αὐτῇ
522 660 757 731 κρίσεως
790 663 885 717 καὶ
914 665 1171 736 προνοίας
1207 669 1522 742 ὲγκείμενα.

331 748 443 820 Τὴν
479 751 657 821 σάρκα
705 754 800 807 τοῦ
845 755 1130 828 ἀνθρώπου
1184 758 1374 832 θυρίδα
1414 765 1672 836 ὀνομάζει
1713 768 1841 824 νῦν·

258 838 348 893 διὰ
379 842 489 913 γὰρ
515 844 718 917 ταύτης
746 848 777 899 6
818 850 1050 920 πονηρὸς
1092 850 1191 916 τάς
1223 854 1439 919 ἀπάτας
1474 860 1587 924 τοῖς
1631 861 1843 932 ἀνθρώ-

260 947 387 995 ποις
421 936 746 1007 ὲργάζεται,
787 943 899 1005 τοῖς
928 942 1273 1015 βουλομένοις
1315 947 1520 1004 ὁδεύειν
1561 950 1659 1024 τὴν
1704 953 1842 1008 πλα-

257 1024 412 1078 τείαν
452 1028 570 1105 666:)
605 1030 701 1084 καὶ
732 1032 1071 1105 εὐρύχωρον,
1112 1037 1207 1091 καὶ
1247 1039 1566 1109 ἀπάγουσαν
1611 1044 1706 1097 ἐπὶ
1744 1046 1842 1117 τὴν

256 1118 536 1175 ἀπώλειαν
554 1139 567 1152 '
601 1123 834 1179 ἐνταῦθα
866 1126 923 1180 δὲ
951 1129 1278 1198 προσεκτέον
1321 1132 1372 1185 τί
1406 1150 1571 1204 φησιν
1618 1137 1647 1190 6
1682 1137 1840 1191 Σολο-

260 1209 382 1279 μῶν
406 1213 534 1284 περὶ
564 1215 663 1284 τῆς
693 1216 923 1283 κακίας·
951 1220 1035 1274 ὅτι
1077 1220 1179 1275 οὐκ
1226 1223 1364 1295 αὐτὴ
1416 1225 1508 1280 τὸν
1555 1227 1840 1299 ἄνθρωπον

255 1302 318 1354 ἐν
346 1302 547 1374 ἀρχαῖς
582 1308 676 1359 ἐπὶ
712 1307 810 1380 τὴν
858 1310 1120 1366 πλατεῖαν
1160 1312 1281 1382 ἄγει
1305 1332 1319 1345 ·
1366 1315 1489 1368 οὐδὲ
1538 1318 1841 1387 ἀναγκάζει

256 1395 586 1465 πορεύεσθαι
623 1399 815 1467 διόδοις
839 1401 1002 1457 οἴκων
1024 1403 1194 1475 αὐτῆς
1212 1446 1227 1469 ,
1257 1405 1290 1476 ἢ
1317 1408 1699 1478 προσεγγίζειν
1725 1428 1837 1480 γω-

254 1487 366 1557 νίᾳ,
400 1488 433 1559 ἦ
461 1488 643 1545 λαλεῖν
682 1492 742 1547 ὲν
775 1495 955 1548 σκότει
983 1497 1284 1569 ὲσπερινῷ·
1322 1499 1441 1553 ἀλλ’
1470 1501 1565 1554 ὲάν
1594 1502 1679 1576 ῖδῃ
1715 1504 1838 1558 τινὰ

254 1580 446 1668 ἑαυτδν
474 1582 777 1639 ἐπιδιδόντα
800 1590 919 1651 ταῖς
949 1588 1163 1660 ἡδοναῖς
1185 1631 1200 1654 ,
1235 1590 1397 1657 εὐθὺς
1425 1598 1659 1667 συναντᾷ
1688 1596 1836 1668 αὐτῷ

250 1671 316 1725 τὸ
340 1666 481 1737 εἶδος
501 1674 699 1745 ἔχουσα
719 1679 993 1749 πορνικὸν,
1013 1681 1048 1750 ἢ
1072 1684 1217 1735 ποιεῖ
1242 1682 1339 1747 τὰς
1357 1684 1491 1739 νέων
1514 1666 1834 1752 ἐξίπτασθαι

252 1762 505 1833 καρδίας.

323 1856 386 1907 Oi
442 1855 541 1925 μὲν
580 1856 640 1910 ἐν
688 1862 807 1925 ταῖς
857 1861 1142 1927 πλατείαις
1191 1866 1539 1938 ῥεμϐόμενοι,
1588 1871 1833 1941 μοιχείας

250 1944 350 1997 καὶ
382 1948 637 2017 πορνείας
675 1953 769 2005 καὶ
808 1953 1015 2026 κλοπῆς
1039 1954 1371 2027 λαμϐάνουσι
1410 1950 1735 2032 λογίσμούς·
1783 1964 1832 2017 οἱ

246 2218 413 2273 τινῶν
436 2221 929 2296 ἀπαγορευομένων
968 2225 1307 2302 πραγμάτων
1340 2237 1641 2302 φαντασίας
1690 2238 1831 2309 λαμ-

248 2309 503 2375 ϐάνοντες
526 2330 541 2343 ·
596 2314 696 2386 δρα
741 2316 797 2368 δὲ
852 2318 926 2391 μὴ
978 2323 1351 2401 κατηγόρημα.
1386 2324 1472 2395 εἴη
1530 2327 1690 2381 τοῦτο
1738 2331 1832 2384 καὶ

247 2406 422 2473 ἁγίων
446 2407 656 2479 ἀνδρῶν
678 2430 693 2438 δ
730 2410 822 2464 καί
844 2429 928 2475 τις
964 2415 1037 2485 μὴ
1068 2416 1358 2487 ἡσυχάζων
1385 2419 1522 2473 ἀλλά
1557 2421 1829 2493 ῥεμϐόμε-

243 2513 372 2561 νος,
402 2500 516 2558 τοῖς
543 2503 961 2575 κατηγορήμασι
1003 2509 1319 2580 κοινωνήσει
1356 2510 1458 2581 τῆς
1503 2512 1699 2584 ἀτίμου
1730 2532 1827 2584 γυ-

244 2587 455 2650 ναικός.

321 2679 440 2731 Τῶν
463 2679 769 2753 λογισμῶν,
814 2687 865 2738 οἱ
899 2686 998 2757 μὲν
1034 2688 1263 2761 καθαροί
1314 2693 1472 2760 εἰσιν,
1513 2696 1561 2748 οἱ
1594 2695 1651 2749 δὲ
1690 2697 1828 2751 ἀκάο

243 2768 438 2843 θαρτοι
458 2788 471 2800 ·
501 2774 721 2828 καὶτῶν
744 2778 1018 2849 γραμμῶν
1046 2782 1102 2833 αἱ
1129 2782 1228 2851 μὲν
1255 2783 1460 2837 εὐθεῖαι
1501 2786 1792 2844 καλοῦνται
1810 2806 1825 2822 ο

241 2862 303 2913 αἱ
330 2860 387 2914 δὲ
408 2863 772 2936 κεκλασμέναι
793 2887 805 2899 ·
832 2870 1002 2938 γωνία
1023 2871 1081 2924 δέ
1103 2872 1219 2926 ἐστι
1244 2876 1589 2948 κεκλασμένη
1612 2880 1794 2936 εὐθεῖα
1810 2901 1825 2915 ο

239 2954 277 3022 ἢ
310 2955 481 3022 γωνία
510 2959 717 3029 νοητῶς
754 2962 902 3015 ἐστιν
936 2962 964 3014 6
986 2963 1295 3035 ἀκάθαρτος
1331 2967 1617 3042 λογισμός·
1643 2973 1702 3027 τὸ
1734 2970 1827 3029 οὖν

240 3045 402 3115 παρὰ
436 3050 614 3102 πᾶσαν
642 3052 843 3119 γωνίαν
876 3055 1175 3128 ἐνεδρεύειν
1201 3058 1300 3129 τὴν
1326 3062 1521 3116 κακίαν
1544 3103 1559 3130 ,
1587 3064 1739 3136 δηλοῖ
1768 3067 1828 3121 τὸ

1860 1789 1907 1848 Β

1949 491 2048 547 cit.
2094 494 2432 567 Sapientiam
2472 509 2653 556 autem
2700 502 2804 557 hoc
2850 503 2973 560 loco
3001 505 3133 558 dicit
3178 521 3286 560 non
3317 504 3519 562 Filium

1949 586 2065 655 Dei,
2101 592 2194 648 sed
2239 596 2602 665 corporalium
2659 608 2716 654 et
2766 599 3185 669 incorporalium
3237 604 3518 663 notionem

1946 686 2204 757 insitique
2226 687 2392 742 divini
2416 689 2603 758 judicii
2637 705 2700 745 ac
2724 693 3094 760 providentiae.

2017 781 2065 813 "
2096 780 2345 836 Hominis
2372 796 2593 837 carnem
2629 798 2773 838 nunc
2802 784 3092 840 fenestram
3124 787 3394 858 appellat:
3422 805 3519 861 per

1947 872 2090 927 hanc
2118 873 2317 942 quippe
2360 874 2629 943 malignus
2672 875 2855 931 fucum
2888 877 3197 935 hominibus
3245 880 3400 949 facit,
3425 884 3517 952 qui

1945 963 2056 1021 lata
2086 967 2434 1037 spatiosaque
2458 966 2545 1021 via
2574 968 2825 1024 incedere
2854 970 3042 1026 volunt
3070 973 3135 1026 ad
3157 973 3513 1042 perditionem

1944 1055 2194 1112 ducente.
2239 1056 2341 1113 Hic
2375 1072 2505 1113 vero
2535 1059 3076 1117 animadvertendum
3103 1074 3187 1119 est
3216 1066 3346 1135 quid
3371 1067 3516 1122 dicat

1945 1146 2011 1203 de
2041 1148 2278 1217 nequitia
2314 1147 2595 1216 Salomon,
2649 1166 2843 1222 nempe
2872 1156 3014 1223 quod
3048 1170 3152 1210 non
3197 1157 3308 1227 ipsa
3342 1159 3516 1213 homi-

1944 1254 2071 1293 nem
2109 1240 2265 1295 initio
2296 1241 2349 1295 in
2401 1242 2633 1312 plateam
2666 1244 2840 1309 ducit,
2887 1260 3060 1315 neque
3100 1248 3246 1317 cogit
3287 1264 3516 1321 pergere

1944 1332 1998 1387 in
2030 1333 2179 1389 vicos
2207 1335 2401 1389 aedium
2431 1351 2672 1401 suarum,
2703 1354 2879 1408 neque
2912 1342 2976 1394 ad
3008 1340 3265 1410 angulum
3298 1344 3512 1413 propin-

1940 1440 2130 1495 quare,
2173 1436 2270 1482 aut
2313 1429 2367 1482 in
2417 1432 2742 1501 vespertinis
2786 1432 3024 1488 tenebris
3071 1434 3305 1504 colloqui
3344 1452 3359 1490 :
3418 1434 3513 1489 sed

1938 1525 2225 1589 postquam
2254 1518 2527 1576 hominem
2562 1522 2760 1578 viderit
2801 1534 2993 1594 sponte
3040 1540 3099 1580 se
3151 1524 3513 1595 voluptatibus

1941 1608 2277 1675 tradentem,
2336 1618 2465 1666 tunc
2501 1612 2549 1666 ei
2603 1612 2663 1667 fit
2708 1614 2921 1669 obviam
2973 1616 3282 1670 meretricia
3337 1614 3513 1670 forma

1936 1711 2234 1773 assumpta,
2266 1718 2385 1774 quae
2403 1703 2658 1773 juvenum
2684 1708 2846 1762 corda
2874 1706 3001 1762 facit
3021 1708 3260 1763 exsilire.

2006 1880 2054 1913 ⁷⁸
2079 1878 2182 1947 Qui
2208 1880 2260 1936 in
2287 1880 2480 1951 plateis
2506 1889 2709 1936 temere
2734 1882 3069 1938 inambulant
3088 1922 3103 1946 ,
3126 1883 3193 1937 de
3220 1883 3507 1949 adulterio,

1935 1971 2284 2035 scortatione,
2318 1969 2571 2040 furtoque
2605 1969 2763 2026 facile
2792 1971 3050 2040 cogitant.
3079 1972 3178 2038 Qui
3204 1986 3331 2025 vero
3352 1979 3508 2026 extra

1934 2063 2047 2118 hzec
2098 2064 2216 2119 loca
2260 2063 2544 2131 otiantur,
2595 2065 2904 2121 contrarias
2954 2076 3164 2121 natura:
3208 2065 3508 2136 voluptates

1932 2163 2231 2221 sectantur,
2283 2154 2647 2209 masculorum
2688 2156 3013 2212 concubitus
3057 2156 3402 2221 all‘ectantes,
3452 2165 3509 2211 et

1932 2246 2032 2300 alia
2068 2246 2315 2315 quaedam
2357 2246 2525 2301 vetita
2566 2261 2730 2317 opera
2760 2248 3101 2303 meditantes.
3144 2247 3288 2302 Cave
3321 2254 3500 2301 autem

1933 2356 1999 2395 ne
2032 2340 2147 2396 ham
2190 2340 2502 2396 criminatio
2556 2341 2610 2394 in
2673 2350 2895 2397 sanctos
2937 2355 3155 2410 quoque
3190 2340 3335 2395 viros
3364 2341 3503 2395 inci-

1931 2435 2023 2489 dat
2050 2450 2063 2484 :
2098 2449 2223 2491 nam
2252 2434 2356 2489 nisi
2392 2435 2515 2505 quis
2547 2435 2893 2490 solitudinem
2925 2437 3170 2497 adamet,
3196 2435 3290 2489 sed
3321 2435 3503 2503 potius

1910 2534 2138 2583 'temere
2164 2536 2408 2597 vagetur,
2448 2528 2497 2583 is
2539 2528 2757 2597 quidem
2802 2528 3100 2583 inhonestze
3132 2527 3374 2582 mulieris
3416 2527 3500 2581 in-

1931 2619 2152 2674 famiam
2187 2619 2551 2689 participabit.

2001 2715 2046 2746 ⁷⁵
2073 2712 2448 2783 Cogitationes
2471 2712 2593 2767 alia:
2618 2725 2768 2781 pura:
2800 2720 2943 2775 sunt,
2976 2710 3093 2765 alim
3126 2712 3371 2780 impurae.
3404 2708 3501 2763 Li-

1933 2821 2047 2863 neae
2074 2807 2276 2876 pariter
2305 2805 2424 2860 alia:
2449 2815 2610 2861 recta:
2636 2814 2782 2873 sunt,
2810 2804 2928 2860 aliae
2974 2804 3201 2859 inﬂexa}.
3255 2804 3499 2873 Angulus

1930 2906 2111 2953 autem
2136 2906 2223 2952 est
2248 2894 2443 2952 inflexa
2467 2898 2628 2951 linea.
2676 2895 2846 2950 Porro
2875 2895 3308 2951 intellectualiter
3331 2911 3500 2963 angu-

1929 2988 2015 3044 lus
2036 2996 2123 3044 est
2146 2988 2354 3057 impura
2388 2988 2667 3058 cogitatio.
2706 2988 2875 3056 igitur
2905 2988 2957 3042 in
2995 2986 3250 3042 omnibus
3290 2986 3499 3054 angulis

1928 3080 2113 3134 venari
2139 3079 2511 3149 iniquitatem,
2541 3080 2763 3148 perinde
2788 3090 2870 3135 est
2896 3095 2959 3135 ac
2993 3080 3136 3135 omni
3162 3079 3495 3149 impurarum

236 3136 335 3189 διά
362 3140 578 3194 πάντων
611 3141 719 3196 τῶν
749 3145 1074 3218 ἀκαθάρτων
1108 3148 1384 3223 λογισμῶν
1419 3155 1590 3226 αὐτὴν
1623 3157 1824 3222 ἐξαπα-

1939 3171 2320 3243 cogitationum
2350 3184 2551 3242 genere
2573 3170 2809 3225 animam
2843 3171 3119 3241 propriam
3153 3170 3424 3241 decipere.

236 3230 346 3300 τᾷν
382 3231 480 3304 τὴν
512 3233 711 3307 ψυχήν.

312 3324 412 3376 Διά
456 3324 564 3379 τῶν
596 3328 816 3399 κειριῶν
845 3330 938 3383 καὶ
970 3332 1064 3386 τοῦ
1101 3334 1297 3405 κρόκου
1354 3338 1578 3392 καὶτῶν
1598 3339 1820 3407 λοιπῶν,

232 3415 310 3468 τὰ
332 3415 586 3486 ἀπατηλά
613 3417 964 3492 θεωρήματα,
998 3425 1032 3495 ἢ
1062 3424 1131 3479 τά
1158 3426 1389 3499 διάφορα
1424 3431 1571 3503 πάθη
1624 3434 1823 3504 σημαί-

232 3522 341 3557 νει.
371 3532 442 3543 ·-
470 3507 613 3578 Ὅρα
651 3510 750 3580 τὴν
796 3514 1025 3580 κακίαν,
1069 3517 1168 3570 οὐκ
1212 3517 1437 3589 ἔχουσαν
1488 3523 1583 3592 ἀφ’
1624 3525 1821 3596 ἑαυτῆς

232 3597 418 3667 ἀρχὴν
438 3637 452 3661 ,
485 3598 598 3651 ἀλλ’
622 3601 729 3654 ἀπὸ
771 3604 878 3658 τῶν
909 3606 1008 3677 τῆς
1037 3607 1241 3679 ἀρετῆς
1283 3615 1783 3686 προοιμιαζομένων
1803 3634 1815 3647 ·

230 3688 298 3741 τὸ
348 3689 458 3760 γὰρ
501 3694 753 3747 κοινωνὸν
804 3697 989 3752 λαϐεῖν
1036 3700 1259 3765 θυσίας,
1314 3704 1539 3772 ἀγαθόν.
1596 3706 1723 3759 Ὅτε
1765 3708 1819 3762 δὲ

232 3783 424 3847 αὐτοῖς
453 3788 841 3855 κατεπάλαισε,
874 3794 994 3847 τότε
1015 3780 1197 3865 ἐνίησι
1210 3796 1302 3850 τὸν
1331 3797 1426 3863 ἰὸν,
1462 3797 1529 3852 τὰ
1555 3803 1667 3863 τοῖς
1693 3801 1821 3872 ἐρῶ-

237 3894 327 3929 σιν
354 3877 669 3950 ἐπιθυμητὰ
708 3884 1113 3952 καταλέγουσα,
1144 3887 1180 3942 ἃ
1207 3889 1383 3943 πάντα
1435 3891 1598 3944 ίκανά
1645 3910 1816 3946 κατα·
1862 3962 1865 3965 ἱ

234 3968 558 4039 γοητεῦσαι,
585 3971 645 4023 οὐ
676 3973 801 4045 περὶ
828 3976 928 4045 τὴν
959 3976 1161 4030 οἰκείαν
1190 3976 1373 4047 φύσιν,
1402 3977 1540 4033 ἀλλά
1570 3983 1698 4053 περὶ
1720 3983 1817 4055 τὴν

233 4061 346 4112 τῶν
369 4063 678 4116 ἀκουόντων
718 4066 1028 4138 ἀφροσύνην
1048 4087 1061 4099 ·
1104 4069 1245 4124 κατά
1292 4071 1350 4124 δὲ
1377 4071 1612 4127 διάνοιαν
1655 4076 1688 4146 ἡ
1721 4093 1817 4131 κα-

233 4151 333 4205 κία
358 4151 515 4223 ζητεῖ
542 4155 602 4208 τὸ
632 4156 919 4227 πρόσωπον
962 4160 1119 4230 ἡμῶν
1156 4162 1545 4233 καταισχῦναι,
1587 4165 1675 4219 διά
1708 4168 1816 4219 τῶν

233 4246 463 4317 κειριῶν
487 4247 583 4300 καὶ
606 4247 705 4318 τῆς
734 4250 939 4321 κλίνης,
972 4254 1191 4307 καὶτῶν
1217 4256 1568 4326 ἀμφιτάπων,
1601 4260 1693 4312 καὶ
1720 4260 1812 4314 τοῦ

234 4339 463 4408 κρόκου,
488 4341 581 4392 καὶ
608 4340 701 4394 τοῦ
727 4344 1098 4415 κινναμώμου·
1125 4347 1267 4419 ειπερ
1290 4348 1433 4403 κακά
1461 4350 1555 4404 καὶ
1583 4351 1816 4424 διάφορα

234 4429 386 4500 πάθη
437 4432 690 4501 σημαίνει
740 4434 939 4505 ἡδονῶν
987 4438 1139 4509 παρά
1190 4441 1301 4504 τοῖς
1339 4442 1653 4513 ὲφευρεταῖς
1704 4445 1810 4498 τῶν

232 4521 425 4575 κακῶν
458 4522 737 4594 γινόμενα.

305 4617 381 4674 Τὸ
393 4617 471 4670 δι’
489 4616 725 4685 ἡμερῶν
740 4619 985 4674 πολλῶν
993 4620 1281 4689 ἐπανήξει
1292 4628 1380 4691 εὶς
1397 4626 1501 4679 τὸν
1517 4623 1687 4680 οἷκον
1705 4629 1781 4683 αὐ
1795 4658 1810 4666 -

236 4707 344 4761 τοῦ
359 4709 501 4762 πάνυ
520 4711 901 4781 πνευματικῶς
922 4714 1232 4777 ἐνατενίσας
1246 4717 1312 4786 τῇ
1333 4717 1609 4790 οἰκονομίᾳ
1623 4719 1653 4771 6
1666 4718 1813 4774 Παῦ-

234 4800 347 4864 λος,
370 4800 599 4869 ἔσχατον
624 4801 815 4873 ἐχθρὸν
846 4802 993 4871 λέγει
1020 4805 1409 4878 καταργείσθαι
1441 4809 1529 4862 τὸν
1554 4808 1778 4863 θάνατον
1799 4826 1812 4837 ⁸

231 4892 293 4945 ὃν
336 4892 430 4945 καὶ
462 4892 633 4964 ἄνδρα
666 4890 805 4947 εἶναι
851 4895 949 4965 τῆς
997 4898 1259 4967 πονηρίας
1305 4898 1553 4970 Σολομῶν
1602 4900 1817 4970 προδιέφ

234 4984 415 5055 de”;
437 5002 449 5013 .
483 4984 576 5037 τὸν
630 4985 705 5049 ὡς
753 4986 1034 5056 βαλαντίον
1075 4989 1340 5061 ἀργυρίου
1376 4991 1608 5045 λαϐόντα
1655 4994 1712 5045 ὲν
1747 4995 1815 5063 τῇ

234 5078 382 5148 χειρὶ
430 5077 593 5131 αὐτοῦ
635 5078 733 5149 τὴν
760 5079 1185 5151 ανθρωπότητα,
1228 5084 1277 5135 εί
1331 5084 1424 5137 καὶ
1451 5080 1606 5147 αὖθις
1649 5086 1705 5138 ὲν
1739 5085 1816 5155 τῷ

1999 3350 2045 3382 ’⁷⁸
2074 3349 2282 3405 lnstitis
2325 3359 2488 3419 atque
2511 3363 2674 3405 croco
2707 3357 2762 3403 et
2789 3347 2912 3403 aliis
2940 3348 3248 3417 hujusmodi
3280 3347 3496 3403 fallaces

1930 3442 2347 3512 imaginationes
2391 3441 2681 3510 variasque
2726 3440 3161 3511 perturbationes
3202 3439 3494 3510 significat.

1926 3561 1997 3572 --
2028 3532 2221 3601 Specta
2272 3532 2565 3601 nequitiam
2616 3531 2756 3587 haud
2784 3547 2847 3587 ex
2897 3546 2956 3586 se
3002 3533 3113 3599 ipsa
3161 3531 3372 3585 initium
3400 3547 3494 3585 su-

1929 3632 2185 3688 mentem,
2207 3623 2301 3677 sed
2326 3637 2356 3676 a
2381 3622 2598 3677 virtutis
2626 3622 2953 3702 primordiis.
2980 3621 3114 3675 Nam
3144 3622 3382 3676 sodalem
3406 3636 3494 3675 sa-

1926 3717 2116 3773 criﬁcii
2144 3731 2444 3782 assumere,
2477 3717 2617 3772 bona
2668 3732 2755 3771 res
2784 3726 2888 3771 est.
2931 3716 3034 3771 Sed
3077 3732 3199 3771 cum
3235 3726 3285 3770 te
3327 3731 3495 3785 expu-

1926 3809 2194 3880 gnaverit,
2221 3816 2347 3863 tunc
2371 3822 2635 3864 venenum
2662 3809 2756 3863 tibi
2788 3808 2982 3863 mulier
3009 3808 3315 3875 inspirabit,
3342 3822 3493 3861 ama-

1930 3898 2065 3953 toria
2104 3900 2351 3969 loquens.
2384 3914 2507 3969 quae
2536 3899 2717 3954 omnia
2760 3900 3075 3969 decipiendo
3108 3900 3300 3955 idonea
3331 3910 3489 3963 sunt;

1926 3991 2069 4047 haud
2116 3992 2363 4061 equidem
2396 4006 2464 4047 ex
2512 3991 2732 4061 propria
2757 4000 2969 4056 natura,
3014 3991 3108 4046 sed
3154 3992 3223 4047 oh
3269 3993 3491 4050 audien-

1926 4083 2059 4137 tium
2108 4083 2411 4139 stultitiam.
2440 4083 2878 4141 lntellectualiter
2914 4100 3066 4147 vero,
3101 4086 3339 4155 nequitia
3374 4097 3485 4144 sat-

1924 4177 2036 4245 agit
2071 4175 2261 4229 faciem
2293 4186 2531 4231 nostram
2582 4176 2806 4246 implere
2837 4176 3150 4246 ignominia,
3183 4177 3403 4245 institis,
3435 4188 3491 4233 et

1923 4267 2110 4333 cubili,
2152 4278 2206 4321 et
2250 4268 2538 4337 tapetibus,
2574 4278 2629 4323 et
2664 4282 2828 4323 croco
2855 4282 2919 4322 ac
2948 4270 3289 4323 cinnamomo
3319 4285 3334 4322 :
3370 4285 3489 4339 qua:

1923 4358 2093 4413 malas
2131 4358 2413 4427 variasque
2440 4358 2768 4428 voluptatum
2793 4359 3076 4428 passiones
3105 4358 3431 4429 significant,
3459 4376 3487 4413 a

1921 4452 2173 4506 vitiorum
2201 4449 2571 4504 inventoribus
2597 4450 2925 4518 excogitata.

1988 4543 2031 4572 ⁷⁷
2072 4540 2244 4595 Verba
2299 4541 2413 4594 haec
2445 4555 2459 4591 :
2494 4548 2609 4606 post
2655 4540 2765 4593 dies
2810 4540 3003 4595 mullos
3064 4550 3354 4597 revertetur
3416 4545 3485 4597 ad

1918 4634 2134 4686 domum
2156 4648 2330 4695 suam,
2360 4631 2677 4699 spiritaliter
2705 4632 2927 4686 omnino
2956 4642 3007 4686 et
3032 4635 3095 4686 ad
3124 4635 3485 4689 meonomiam

1918 4724 2091 4778 relata
2121 4733 2375 4791 spectans
2410 4721 2631 4789 Paulus,
2664 4733 2995 4791 postremum
3020 4725 3232 4779 hostem
3261 4727 3334 4780 ait
3360 4742 3488 4781 eva—

1919 4824 2159 4879 cuatum,
2193 4814 2244 4869 id
2279 4824 2362 4869 est
2391 4825 2642 4881 mortem,
2666 4830 2826 4883 quam
2854 4831 2951 4870 ceu
2984 4816 3258 4871 hominem
3289 4817 3491 4888 iniqui-

1922 4904 2050 4959 tatis
2085 4903 2340 4959 Salomon
2375 4905 2631 4959 describit
2678 4919 2694 4957 :
2735 4908 2825 4973 qui
2876 4921 3188 4961 crumenam
3223 4907 3371 4962 velut
3400 4924 3489 4963 ar-

1916 5006 2076 5067 gento
2105 4997 2319 5067 plenam
2367 4998 2419 5051 in
2448 4997 2700 5052 manibus
2746 5005 2912 5063 tenet,
2964 4998 3015 5051 id
3067 5008 3149 5054 est
3179 5000 3490 5055 humanita-

1916 5098 2057 5154 tem;
2089 5090 2134 5144 si
2167 5089 2304 5143 forte
2330 5090 2505 5146 denuo
2534 5090 2661 5144 dum
2702 5100 2915 5159 peccat,
2944 5090 3188 5146 divinum
3236 5093 3484 5149 timorem

235 5172 575 5243 ἁμαρτάνειν
602 5173 664 5225 οὐ
694 5173 924 5245 πάρεστι
946 5173 1274 5245 προϐλέπειν
1299 5175 1392 5227 τὸν
1419 5174 1512 5227 τοῦ
1544 5175 1679 5229 Θεοῦ
1715 5176 1809 5244 <96-

1939 5182 2164 5237 nnittere
2201 5191 2388 5251 queat.
2440 5181 2731 5251 Propterea
2765 5182 2979 5253 angitur
3021 5185 3145 5239 dum
3176 5199 3348 5254 genus
3378 5187 3482 5240 hu-

233 5268 331 5319 ϐον
353 5282 365 5293 ·
398 5266 536 5319 διότι
571 5266 792 5336 κήδεται
832 5267 1154 5339 ἀνεχόμενος
1192 5267 1284 5320 τοῦ
1319 5268 1510 5335 γένους
1560 5268 1665 5321 τῶν
1717 5269 1810 5321 ἀνα

232 5358 471 5430 θρώπων
495 5376 511 5389 ’
553 5358 675 5412 ἐπεὶ
699 5360 746 5411 εἰ
775 5360 850 5431 μὴ
876 5359 965 5413 τὸν
992 5359 1084 5419 τοῦ
1116 5358 1248 5413 Θεοῦ
1276 5360 1438 5430 φόϐον
1483 5360 1807 5430 προέϐλεπε,

236 5451 466 5523 ῥυζηδὸν
501 5451 708 5514 πάντας
734 5451 801 5505 ἂν
825 5452 1091 5504 ἀπώλετο.

305 5544 426 5599 Τῶν
455 5544 730 5620 ἐρρωδιῶν
755 5545 880 5617 τρία
905 5544 1036 5617 γένη
1056 5544 1212 5609 εἰσὶν,
1249 5545 1277 5598 ὅ
1302 5561 1359 5597 τε
1394 5544 1629 5615 κέμφος,
1664 5544 1755 5597 καὶ
1784 5548 1809 5598 6

1918 5289 2136 5327 manum
2188 5273 2420 5328 tolerare
2465 5274 2697 5345 cogitur.
2743 5273 2877 5328 Nam
2924 5276 3028 5331 nisi
3083 5275 3326 5331 diabolus
3386 5277 3483 5333 Det

1921 5364 2164 5418 timorem
2196 5379 2306 5433 prae
2336 5364 2510 5419 oculis
2566 5366 2809 5429 haberet,
2857 5376 3081 5422 cunctos
3126 5382 3324 5439 magno
3380 5369 3483 5421 im-

1919 5464 2043 5522 petu
2075 5456 2359 5522 pessumda
2370 5465 2470 5512 ret.
3308 5476 3313 5481 ·

1988 5544 2033 5576 ⁷⁸
2071 5544 2429 5605 llerodiorum
2477 5549 2578 5606 tria
2617 5564 2817 5621 genera
2860 5558 3005 5622 sunt,
3058 5550 3147 5609 ille
3192 5553 3281 5624 qui
3331 5565 3481 5609 cem--

308 5725 353 5757 "
390 5741 441 5779 v.
478 5726 532 5780 ti.
610 5726 653 5757 7"
691 5724 853 5782 v.12.
933 5727 975 5758 ⁷⁸
1004 5742 1051 5780 v.
1096 5725 1175 5783 12.
1253 5728 1298 5759 7‘
1324 5743 1374 5783 γ.
1410 5727 1494 5783 16.
1574 5729 1615 5760 ⁷⁷
1644 5742 1692 5784 v.
1730 5726 1817 5784 20.

1966 5744 2014 5786 γ.
2057 5728 2145 5783 22.
