3888 6214
399 296 494 351 185

1231 296 1792 355 SUPPLEMENTUM
1826 297 1917 351 AD
1951 297 2272 353 ORIGENIS
2302 297 2716 354 EXEGETICA.

3522 301 3626 354 ιδι

392 420 546 483 phus,
580 426 637 472 et
663 418 753 488 qui
788 418 962 483 albus,
993 427 1047 474 et
1073 421 1165 488 qui
1197 412 1487 475 asteriséus
1516 420 1953 490 appellatur.llos

2064 424 2244 486 λευκὸς
2267 463 2280 486 ,
2306 425 2399 477 καὶ
2425 427 2452 477 ὁ
2478 422 2802 494 ἀστερίσκος
2825 421 3155 493 καλούμενος
3175 439 3188 453 ο
3220 421 3422 476 τούτων
3447 423 3476 476 ὀ
3506 421 3633 493 κέμ·

391 510 532 564 inter
591 512 852 580 cemphus
902 511 1294 581 intemperante
1337 514 1404 567 ad
1450 513 1652 565 coitum
1711 512 1952 576 libidine,

384 599 508 655 dire
535 601 847 656 concumbit
890 611 946 655 et
983 603 1170 657 veneri
1200 602 1457 672 indulget,
1492 605 1800 672 clamatque
1827 604 1954 657 dum

389 692 720 760 libidinatur,
761 695 1080 760 sanguinem
1113 695 1290 749 oculis
1316 696 1592 760 emittens,
1623 704 1954 765 generatque

385 804 687 844 aerumnose
711 798 890 843 etnon
921 792 1037 845 sine
1060 790 1323 845 cruciatu.
1351 788 1471 844 Jam
1491 805 1626 845 vero
1645 791 1862 845 videtur
1887 807 1953 846 ex

389 881 546 950 hujus
573 883 822 937 animalis
857 883 1081 939 historia
1116 883 1388 938 delineare
1417 883 1552 939 istos
1583 884 1795 953 cemphi
1833 885 1954 939 imi-

389 981 593 1027 tatores
620 986 686 1028 ac
731 973 938 1028 similes
981 983 1202 1044 propter
1237 973 1731 1043 intemperantiam.
1781 974 1876 1028 Est
1899 984 1955 1029 et

386 1061 532 1117 aliud
564 1063 618 1118 in
640 1063 774 1118 mari
809 1066 1163 1134 cemphorum
1191 1079 1378 1133 genus,
1410 1067 1674 1136 gregatim
1705 1067 1807 1120 hac
1835 1066 1955 1121 illae

385 1155 650 1220 volitans;
687 1171 825 1226 quos
853 1165 1028 1212 nauta:
1071 1157 1237 1212 multa
1280 1172 1403 1213 esca
1437 1158 1549 1212 funi
1584 1160 1832 1228 imposita
1863 1173 1957 1212 ve-

388 1256 604 1302 nantur.
643 1247 706 1302 ili
743 1249 887 1303 enim
916 1265 1019 1304 non
1058 1250 1218 1304 modo
1244 1266 1348 1306 non
1383 1250 1594 1321 fugiunt
1622 1252 1666 1306 si
1699 1266 1837 1320 quos
1865 1266 1954 1304 ca-

387 1348 506 1400 ptos
531 1339 735 1406 vident,
785 1344 878 1396 sed
913 1341 1051 1396 alius
1084 1341 1246 1396 alium
1281 1345 1587 1412 praecedere
1637 1343 1860 1398 festinat
1887 1343 1954 1396 ad

386 1442 686 1502 eapturam.
711 1432 804 1488 Sic
835 1435 1083 1489 videntur
1109 1438 1199 1506 qui
1229 1437 1280 1489 in
1309 1437 1440 1491 vitio
1465 1436 1792 1502 volutantur,
1815 1437 1955 1490 alius

387 1523 549 1576 alium
613 1537 870 1593 superare
923 1525 1289 1594 voluptatibus
1357 1528 1678 1598 gestientes,
1745 1525 1953 1581 exitiali

389 1623 561 1670 morte
590 1625 761 1671 semet
791 1617 1088 1688 implicare.

2063 531 2160 582 φος
2192 513 2445 586 ἀκρατῶς
2478 513 2614 583 ἔχων
2645 513 2770 583 περὶ
2801 513 2898 576 τὰς
2923 513 3115 583 μίξεις,
3145 515 3396 584 χαλεπῶς
3421 515 3634 580 εὐνάζε-

2059 622 2147 658 ται
2179 606 2272 658 καὶ
2301 604 2501 674 ὀχεύει,
2536 605 2724 677 κράζει
2748 622 2830 668 τε,
2862 606 2955 658 κα)⁵
2991 606 3193 676 ὀχεύων
3223 601 3360 678 αἷμα
3409 609 3632 678 ἀφίησιν

2061 699 2124 750 ἐκ
2152 697 2259 750 τῶν
2291 697 2602 768 ὀφθαλμῶν,
2639 698 2732 750 καὶ
2763 698 2934 749 τίκτει
2959 697 3174 766 φαύλως
3198 701 3292 753 καὶ
3323 701 3593 772 ὀδυνηρῶς
3613 719 3627 733 ·

2060 780 2201 840 ἔὸικε
2228 786 2286 840 δὲ
2315 788 2347 858 ή
2381 787 2565 859 γραφὴ
2593 789 2701 840 ἀπὸ
2732 787 2831 858 τῆς
2863 788 3099 858 ἱστορίας
3124 789 3217 842 τοῦ
3246 787 3385 854 ζὼου
3418 792 3628 855 τούτου,

2059 878 2184 938 τοὺς
2216 875 2566 946 πειθομένους
2591 878 2657 946 τῇ
2686 876 2918 948 πονηρίᾳ
2952 878 3343 949 κεμφωμένους
3405 882 3499 934 καὶ
3546 883 3632 948 ἐξ·

2060 967 2446 1039 ωμοιωμένους
2466 966 2573 1020 τῶν
2618 966 2819 1039 ὀρνέων
2851 968 2919 1020 δι’
2947 968 3240 1023 ἀκολασίαν
3263 986 3280 1003 ·
3311 970 3504 1025 ἔστιδὲ
3538 974 3632 1026 καὶ

2062 1057 2188 1111 ἄλλο
2207 1054 2345 1121 εἶδος
2376 1057 2587 1128 κὲμφου
2630 1059 2690 1110 ὲν
2725 1060 2789 1129 τῇ
2829 1057 3070 1130 θαλάσσῃ
3101 1060 3220 1112 κατ’
3237 1061 3437 1130 ἀγέλας
3473 1065 3631 1118 ίπτά-

2067 1167 2224 1221 μενον
2268 1142 2371 1203 ὦδε
2411 1149 2667 1202 κάκεῖσε·
2703 1148 2732 1202 ὃ
2773 1151 2823 1201 οἱ
2869 1149 3151 1223 πλωτῆρες
3193 1152 3632 1228 πολυάγκυστρον

2058 1240 2404 1303 δελεάσαντες
2455 1242 2660 1309 σχοῖνον
2685 1281 2698 1305 ,
2756 1239 3047 1310 ἀγρεύουσι
3068 1259 3082 1272 ’
3114 1241 3207 1294 καὶ
3267 1243 3326 1295 οὐ
3383 1244 3538 1314 μόνον
3570 1247 3630 1299 οὐ

2061 1332 2251 1402 φεύγει
2279 1332 2487 1402 βλέπων
2509 1333 2577 1386 τὰ
2605 1331 2670 1402 θη
2679 1331 2935 1402 ρευθὲντα
2958 1372 2972 1395 ,
3023 1332 3158 1386 ἀλλὰ
3187 1335 3280 1387 καὶ
3305 1334 3461 1400 ἄλλος
3492 1337 3633 1408 ἄλλῳ

2063 1424 2350 1497 προτρέχει
2388 1423 2750 1495 άγρευθῆναι·
2799 1422 2974 1488 οὕτως
3008 1425 3250 1480 ἐοίκασιν
3289 1431 3336 1481 oi
3365 1433 3428 1501 τῇ
3469 1432 3633 1502 κακίᾳ

2061 1515 2545 1588 προσομιλοῦντες,
2587 1515 2744 1579 ἄλλος
2793 1515 2950 1568 ἄλλον
2994 1518 3154 1587 νικᾷν
3195 1519 3514 1585 σπεύδοντες
3548 1521 3633 1574 διὰ

2059 1609 2168 1663 τῶν
2191 1609 2413 1680 ἡδονῶν,
2432 1607 2705 1679 ὲπολέθρῳ
2728 1607 2942 1680 θανάτῳ
2959 1608 3186 1672 ἑαυτοὺς
3201 1612 3630 1683 περιπείρουσιν.

1875 1711 2028 1770 CAP.
2069 1707 2201 1763 VIII.

457 1800 502 1832 τ’
531 1801 639 1854 Ιὶοτ
666 1800 768 1856 hoc
796 1801 916 1856 loco
949 1804 1077 1857 dicit
1112 1819 1209 1872 pro
1237 1805 1457 1870 virtute,
1487 1821 1606 1874 quae
1641 1805 1789 1862 cordi
1815 1805 1962 1858 acci-

2135 1797 2376 1868 Καρδίαν
2416 1795 2648 1850 ἐνταῦθα
2671 1795 2768 1867 τὴν
2789 1796 2991 1868 ἀρετὴν
3025 1795 3233 1870 εἴρηκε,
3272 1800 3368 1873 τὴν
3399 1801 3634 1870 ἐπισυμ-

389 1891 489 1945 dit.
533 1887 626 1946 Vel
652 1907 746 1948 cor
791 1895 925 1948 dicit
960 1895 1088 1950 illud
1119 1906 1360 1952 creatum
1406 1915 1434 1952 a
1468 1898 1577 1954 Deo
1609 1909 1662 1953 et
1694 1899 1956 1968 spiritale.

455 2068 502 2101 ³ο
566 2069 900 2139 Sapientiam
971 2073 1056 2128 hic
1114 2090 1210 2144 pro
1273 2077 1507 2145 quodam
1560 2078 1856 2150 disciplina:
1907 2090 1958 2134 et

388 2161 628 2215 scientia:
651 2151 849 2231 genere
876 2166 1094 2234 accipit.
1133 2166 1267 2221 Nam
1299 2168 1578 2238 disciplina
1626 2171 1961 2240 scientiaque

389 2254 699 2323 nominatis,
733 2257 883 2312 addit
915 2277 926 2313 :
958 2256 1154 2312 Melior
1185 2269 1262 2314 est
1290 2263 1434 2314 enim
1473 2263 1735 2332 sapientia
1764 2263 1960 2332 lapidi-

391 2349 481 2401 bus
522 2350 767 2418 pretiosis
820 2369 838 2404 :
869 2352 1021 2420 quasi
1067 2353 1356 2420 disciplina
1403 2363 1458 2408 et
1491 2355 1721 2409 scientia
1772 2356 1953 2410 conti-

388 2449 579 2494 neatur
611 2443 663 2495 in
689 2444 971 2511 sapientia,
1001 2459 1121 2513 qua:
1153 2460 1181 2497 a
1215 2443 1418 2514 Spiritu
1447 2447 1620 2508 dator,
1656 2447 1706 2500 id
1732 2457 1816 2502 est
1837 2463 1960 2502 ver-

388 2533 512 2586 bum
544 2535 846 2602 sapientize.
881 2535 937 2591 ld
976 2536 1150 2605 ipsum
1205 2551 1337 2592 vero
1372 2538 1573 2592 dicitur
1603 2539 1764 2594 etiam
1799 2540 1968 2610 spiri—'

389 2638 473 2679 ius
502 2627 827 2696 adoptionis.

455 2717 497 2749 ⁸³
533 2719 908 2773 Adnotandum
956 2728 1060 2782 est,
1104 2720 1444 2787 iniquitatem
1501 2731 1556 2775 et
1608 2722 1863 2791 iniuriam
1901 2731 1957 2779 et

385 2808 716 2876 superbiam,
765 2809 870 2863 dici
909 2809 998 2864 hic
1027 2824 1126 2878 pro
1157 2812 1375 2865 homine
1417 2812 1639 2880 iujusto,
1677 2823 1958 2868 contume-

387 2900 538 2962 lioso,
576 2909 630 2954 et
662 2900 916 2970 superbo,
953 2916 1113 2970 quem
1145 2917 1213 2957 ex
1248 2903 1349 2958 hoc
1384 2904 1616 2973 pessimo
1654 2905 1818 2960 animi
1858 2908 1954 2961 ha-

387 2991 496 3044 bitu
531 2991 797 3059 indigitat.

455 3081 502 3113 "
527 3083 581 3136 id
617 3091 760 3143 est,a
786 3098 870 3136 me
899 3091 1105 3137 rectum
1146 3084 1431 3138 consilium
1457 3092 1509 3140 et
1556 3092 1725 3138 tutum
1765 3099 1954 3154 proce-

385 3173 461 3226 dit
491 3191 502 3225 :
535 3174 624 3228 ubi
653 3175 792 3227 enirn
824 3174 976 3239 illud,
1012 3176 1082 3230 ibi
1118 3177 1215 3231 hoc
1239 3192 1455 3246 quoque
1485 3187 1589 3231 εει.
1626 3149 1810 3232 Viden'
1830 3179 1947 3233 ubi-
1978 3149 2022 3205 α

385 3281 494 3332 que
529 3267 826 3334 anteposita
860 3277 913 3320 et
945 3270 1253 3336 praestantia
1296 3270 1614 3338 incorporea
1657 3269 1955 3337 corporali-

383 3359 521 3414 bus?
567 3360 766 3415 Deinde
809 3371 1097 3430 postquam
1147 3363 1305 3430 dixit,
1355 3375 1577 3431 regnum
1627 3363 1802 3431 ipsum
1836 3378 1863 3415 a
1895 3378 1954 3418 se

385 3452 642 3516 conferri,
690 3453 836 3507 addit
883 3437 1024 3522 quod
1056 3453 1228 3508 multo
1280 3452 1454 3520 majus
1506 3463 1590 3508 est
1624 3470 1640 3506 :
1677 3469 1801 3507 nam
1851 3455 1954 3509 hoc

387 3559 574 3612 reapse
624 3558 856 3614 regnare
894 3554 1002 3609 est,
1052 3547 1096 3599 si
1130 3546 1251 3615 quis
1298 3546 1574 3600 dominatu
1617 3547 1763 3617 juste
1814 3548 1956 3601 sciat

385 3637 479 3688 uti.
507 3634 763 3690 Nonnulli
788 3636 1112 3705 interpretes
1145 3653 1330 3706 regum
1359 3639 1578 3693 nomine
1621 3639 1710 3694 hic
1755 3638 1954 3693 intelli-

383 3735 512 3796 gunt
535 3737 753 3782 sanctos
776 3737 832 3782 et
859 3743 1138 3796 proceres;
1180 3741 1439 3798 tyrannos
1469 3739 1649 3785 autem
1688 3731 1826 3795 illos,
1859 3731 1950 3799 qui

383 3818 560 3872 adhuc
597 3832 717 3872 cum
762 3832 933 3874 carne
978 3819 1290 3885 decertarat,
1347 3829 1403 3874 et
1457 3822 1782 3889 cupiditates
1825 3836 1953 3876 suas

382 3909 616 3964 violenta
646 3909 693 3962 vi
727 3920 993 3979 premunt.

457 4001 504 4034 ⁸⁸
557 4001 812 4069 Majorctn
859 4002 1150 4057 dilectione
1209 4003 1296 4059 hic
1344 4019 1582 4058 amorem
1637 4005 1949 4070 introducit,

385 4095 602 4162 quando
637 4096 824 4148 eodem
855 4095 1044 4149 ordine
1077 4111 1179 4150 non
1207 4097 1443 4165 ponitur.
1477 4097 1613 4151 Ecce
1643 4098 1787 4151 enim
1819 4098 1953 4152 Ser-

383 4196 569 4240 vatore
597 4185 808 4240 dicente
853 4185 1031 4248 Petro,
1062 4186 1228 4239 Amas
1271 4200 1356 4238 me
1387 4185 1467 4239 M‘?
1514 4187 1600 4240 llic
1627 4187 1952 4256 alloquentis

383 4281 520 4330 bene
552 4292 777 4348 gnarus,
813 4279 954 4346 quod
980 4279 1159 4333 minus
1192 4290 1308 4334 erat
1345 4283 1447 4336 sibi
1494 4283 1682 4337 tribuit
1718 4285 1947 4339 dicens:

381 4366 423 4419 D
448 4367 550 4437 ligo
577 4377 650 4422 te.
687 4367 870 4423 Tertio
891 4379 1066 4423 autem
1099 4371 1323 4426 audiens
1358 4391 1370 4426 :
1405 4373 1588 4428 Simon
1636 4373 1802 4442 Jonw,
1829 4377 1950 4430 dili-

2064 1891 2352 1946 ϐαίνουσαν
2384 1894 2446 1963 τῇ
2481 1892 2676 1964 καρδίᾳ
2707 1895 2740 1965 ἢ
2771 1894 2868 1965 τὴν
2892 1893 2996 1946 ὑπὸ
3016 1893 3149 1947 Θεοῦ
3180 1893 3507 1965 κτιζομένην
3539 1893 3637 1965 τὴν

2071 1983 2457 2052 πνευματικήν.

2133 2073 2242 2144 Τὴν
2287 2073 2475 2142 σοφίαν
2504 2073 2736 2128 ἐνταῦθα
2764 2080 2842 2139 ὡς
2870 2077 3025 2145 γένος
3057 2076 3215 2131 ἔλαϐε
3257 2076 3355 2147 τῆς
3391 2076 3636 2140 παιδείας

2063 2166 2155 2218 καὶ
2195 2165 2294 2233 τῆς
2328 2165 2581 2234 γνώσεως
2603 2184 2616 2198 ο
2662 2167 2908 2222 παιδείαν
2935 2168 3043 2240 γὰρ
3083 2169 3174 2222 καὶ
3203 2169 3404 2236 γνῶσιν
3431 2167 3629 2239 προτά-

2061 2257 2396 2326 ξας,ὲπάγειο
2413 2259 2724 2327 Κρείσσων
2743 2261 2849 2329 γὰρ
2862 2262 3047 2328 σοφία
3065 2262 3248 2314 λίθων
3259 2259 3631 2324 πολυτελῶν,

2057 2349 2134 2412 ὡς
2171 2350 2270 2421 τῆς
2301 2350 2547 2414 παιδείας
2581 2351 2674 2404 καὶ
2716 2352 2814 2421 τῆς
2841 2351 3093 2419 γνώσεως
3134 2351 3536 2423 περισχομένης
3577 2353 3635 2404 ἐν

2058 2444 2125 2514 τῇ
2157 2443 2316 2516 σοφίᾳ
2337 2443 2436 2512 (ι),
2473 2445 2620 2515 ἥπερ
2644 2444 2732 2497 διὰ
2759 2443 2848 2497 τοῦ
2883 2443 3200 2516 Πνεύματος
3229 2445 3459 2509 δίδοται,
3482 2444 3636 2513 λόγος

2061 2534 2252 2602 σοφίας
2277 2552 2290 2567 ·
2323 2535 2384 2588 τὸ
2420 2535 2464 2587 δ’
2512 2535 2648 2588 αὐτὸ
2689 2535 2844 2588 τοῦτο
2876 2535 3092 2604 λέγεται
3137 2537 3231 2590 καὶ
3265 2536 3480 2607 πνεῦμα
3524 2538 3637 2590 υἱο-

2060 2626 2266 2690 θεσίας.

2127 2719 2470 2791 Σημειωτέον
2508 2721 2590 2774 ὅτι
2629 2719 2841 2774 ἀδικίαν
2870 2721 2962 2774 καὶ
3002 2719 3160 2791 ὕϐριν
3198 2719 3293 2774 καὶ
3344 2721 3633 2791 ὑπερηφα-

2059 2812 2195 2875 νίαν,
2224 2813 2314 2864 τὸν
2335 2812 2516 2866 ἄδικον
2545 2811 2803 2884 ὑϐριστὴν
2827 2813 2920 2865 καὶ
2950 2814 3298 2884 ὑπερήφανον
3319 2812 3486 2883 λέγει,
3524 2812 3635 2866 ἀπὺ

2057 2903 2157 2974 τῆς
2187 2905 2470 2975 χειρίστης
2492 2904 2656 2973 ἕξεως
2676 2903 2956 2976 ὀνομάζων
2977 2905 3158 2958 αὐτόν.

2129 3105 2386 3159 Τουτέστι
2414 3108 2541 3175 παρ’
2564 3107 2695 3176 ἐμοῦ
2725 3107 2783 3159 τὸ
2807 3105 3058 3160 εὔϐουλον
3083 3108 3176 3161 καὶ
3199 3107 3471 3176 ἀσφαλές·
3495 3108 3634 3160 ὅπου

2054 3197 2161 3269 γὰρ
2190 3198 2369 3263 τοῦτο,
2405 3200 2651 3252 κάκεῖνο·
2687 3201 2819 3271 ὁρᾷς
2846 3199 3120 3270 πανταχοῦ
3165 3200 3534 3271 προτιθέμενα
3562 3202 3634 3252 τὰ

2054 3289 2317 3361 ἀσώματα
2346 3291 2451 3345 τῶν
2469 3291 2795 3362 σωματικῶν
2818 3291 2909 3346 καί¹
2932 3292 3270 3364 κρατοῦντας
3302 3286 3435 3344 Εἶτα
3461 3289 3631 3344 εἰπὼν

2055 3383 2147 3435 καὶ
2175 3383 2303 3436 αὐτὸ
2332 3383 2391 3436 τὸ
2415 3384 2714 3454 βασιλεύειν
2738 3385 2802 3438 δι’
2824 3385 2992 3454 αὐτῆς
3040 3383 3320 3455 γινόμενον
3340 3425 3354 3449 ,
3387 3383 3632 3454 ἐπήγαγε

2055 3476 2147 3529 καὶ
2173 3477 2201 3528 ὂ
2244 3476 2424 3548 πολλῷ
2471 3477 2654 3547 μεῖζόν
2683 3479 2798 3530 ἐστι.
2822 3495 2834 3508 ·
2868 3477 3024 3530 τοῦτο
3059 3476 3167 3549 γὰρ
3203 3475 3505 3547 βασιλεύειν
3530 3517 3543 3539 ,
3567 3472 3633 3526 τὸ

2052 3567 2308 3622 δύνασθαι
2343 3570 2566 3633 δικαίως
2599 3568 2897 3641 κεχρῆσθαι
2923 3571 2988 3640 τῇ
3022 3571 3184 3640 αρχῇ,
3216 3566 3420 3637 βέλτιον
3451 3583 3464 3596 ο
3497 3564 3633 3619 ἔνιοι

2052 3661 2129 3724 δὲ,
2164 3661 2402 3731 βασιλεῖς
2439 3663 2538 3734 μὲν
2577 3664 2703 3726 τοὺς
2751 3663 2939 3731 ἁγίους
2971 3664 3064 3715 καὶ
3122 3662 3480 3732 μεγιστᾶναςο
3537 3676 3633 3711 τυ-

2057 3755 2279 3826 ράννους
2299 3755 2378 3819 δὲ,
2403 3757 2528 3817 τοὺς
2558 3755 2639 3808 ἔτι
2669 3755 3039 3826 πολεμοῦντας
3059 3753 3157 3826 τὴν
3180 3754 3377 3826 σάρκα,
3406 3753 3499 3806 καὶ
3521 3751 3632 3806 τῶν

2055 3840 2243 3896 παθῶν
2271 3860 2335 3894 τυ
2345 3841 2689 3914 ραννοῦντας.

2125 4021 2313 4086 Μείζω
2346 4023 2528 4093 φιλίας
2556 4025 2764 4092 εἰσάγει
2786 4025 2885 4094 τὴν
2912 4023 3132 4095 ἀγάπην
3155 4023 3387 4078 ἐνταῦθα
3410 4067 3423 4085 ,
3464 4024 3630 4093 ἡνίκα

2055 4111 2129 4181 μὴ
2164 4111 2303 4164 κατὰ
2338 4113 2430 4165 τοῦ
2467 4113 2630 4167 αὐτοῦ
2673 4114 2924 4169 τάττεται
2950 4133 2963 4144 ο
3011 4115 3200 4184 ἀμέλει
3245 4114 3339 4167 τοῦ
3375 4115 3630 4184 Σωτῆρος

2051 4201 2127 4272 τῷ
2153 4202 2341 4274 Πέτρῳ
2356 4204 2622 4272 λέγοντος,
2665 4206 2908 4277 ’Λγαπᾷς
2933 4223 2998 4276 με
3019 4223 3031 4269 ;
3053 4207 3138 4259 τὸν
3171 4206 3628 4278 προσδιαλεγόμε-

2051 4311 2138 4346 νον
2162 4293 2334 4356 είδὼς,
2358 4295 2418 4346 τὸ
2441 4290 2598 4364 ἦττον
2621 4294 2833 4348 δίδωσιν
2857 4297 3054 4368 ἑαυτῷ,
3091 4299 3172 4362 τὸ,
3207 4300 3332 4351 Ὅτι
3365 4297 3503 4368 φιλῶ
3532 4315 3589 4351 σε
3612 4316 3624 4328 ·

2051 4385 2111 4438 τὸ
2147 4385 2202 4438 δὲ
2234 4385 2412 4456 τρίτον
2450 4387 2709 4451 ἀκούσας,
2735 4389 2916 4459 Σίμων
2964 4391 3138 4454 Ἰωνᾶ,
3169 4390 3342 4460 φιλεῖς
3377 4408 3477 4461 με;
3507 4390 3629 4443 ἐλυ-

380 4459 462 4524 gis
491 4460 618 4513 me?
646 4475 791 4528 aegro
826 4461 1006 4514 animo
1038 4461 1160 4526 luit,
1202 4464 1327 4531 quia
1363 4467 1518 4520 tertia
1564 4468 1665 4521 hac
1699 4468 1814 4523 vice
1848 4469 1950 4523 mi-

2064 4478 2200 4550 πήθη
2223 4479 2304 4532 ὅτι
2330 4479 2392 4532 τὸ
2421 4475 2580 4551 ἦττον
2605 4480 2785 4550 τρίτον
2821 4481 2968 4552 αύτῷ
3001 4483 3325 4553 προσένειμε

380 4549 528 4604 noris
557 4551 889 4620 signiﬁcatus
925 4555 1240 4608 vocabulum
1275 4572 1456 4611 secum
1481 4559 1835 4614 adhibuisset.

448 4638 496 4672 ⁸³
529 4640 686 4695 Solus
733 4644 948 4711 sapiens
1003 4643 1151 4698 dives
1198 4644 1529 4716 illustrisque
1570 4659 1651 4704 est
1687 4666 1702 4702 :
1744 4651 1943 4705 etenim

382 4729 660 4799 multiplex
683 4733 820 4797 apud
852 4745 973 4786 eum
1008 4734 1276 4802 possessio
1315 4746 1417 4800 est,
1457 4745 1512 4791 ct
1555 4739 1834 4806 sapientia:
1863 4756 1946 4796 se-

381 4822 560 4886 mina;
595 4837 714 4891 quae
743 4824 792 4876 in
820 4825 1010 4892 spiritu
1040 4841 1248 4890 serens,
1278 4830 1438 4882 vitam
1474 4831 1644 4884 metit.
1689 4829 1822 4884 Cum
1849 4847 1946 4886 au-

379 4923 484 4965 tem
511 4927 636 4967 suas
673 4929 794 4968 esse
831 4916 961 4969 dicit
1006 4917 1246 4985 divitias,
1272 4919 1452 4976 dicere
1502 4922 1715 4976 videtur
1747 4938 1759 4972 :
1800 4921 1944 4977 Nihil

375 5019 511 5073 opus
582 5005 676 5059 tibi
725 5015 808 5060 est
849 5009 1123 5076 expensis,
1171 5026 1268 5065 nec
1329 5027 1386 5066 re
1429 5027 1566 5067 nova
1615 5015 1832 5082 aliqua,
1885 5023 1945 5069 ut

376 5113 561 5152 amore
591 5114 711 5153 meo
739 5103 966 5170 potiaris
993 5119 1008 5167 ;
1049 5112 1257 5157 tantum
1289 5107 1501 5175 diligas,
1535 5116 1588 5161 et
1624 5109 1943 5163 reda‘mabe-

377 5193 470 5244 ris.
517 5191 647 5244 lme.
673 5203 816 5260 quod
858 5195 1235 5258 estmirabilc,
1275 5212 1465 5264 nempe
1515 5199 1565 5251 in
1597 5200 1797 5253 divitiis
1819 5213 1940 5254 esse

370 5285 659 5352 justitiam,
683 5285 736 5339 id
765 5299 980 5354 quoque
1013 5290 1152 5357 apud
1186 5303 1272 5342 me
1296 5298 1400 5353 est,
1423 5299 1474 5344 et
1501 5290 1642 5345 aliud
1665 5291 1942 5360 quodlibet

376 5377 591 5429 bonum.

474 5494 518 5523 7°
548 5509 594 5546 ν.
631 5494 680 5547 5.
762 5493 808 5524 ³ο
839 5509 886 5546 v.
928 5496 1011 5550 ll.
1091 5493 1134 5526 ί·
1165 5512 1211 5548 v.
1243 5496 1325 5550 l3.
1405 5496 1502 5549 θεν.
1535 5495 1616 5550 Μ.

1711 5498 1755 5529 ⁸³
1789 5513 1836 5552 ν.
1889 5501 1974 5555 l7.

2127 4659 2247 4710 ’Ὀτι
2283 4658 2442 4727 μόνος
2495 4659 2524 4710 ὀ
2575 4659 2735 4728 σοφὸς
2777 4642 3031 4723 πλούσιος
3077 4660 3170 4713 καὶ
3208 4659 3472 4726 εὖκλεής·
3508 4659 3626 4714 ἔστι

2052 4749 2160 4820 γάρ
2183 4750 2240 4801 ὲν
2269 4747 2416 4818 αὐτῷ
2457 4750 2646 4819 κτῆσις
2675 4750 2883 4803 πολλῶν
2929 4752 3022 4804 καὶ
3051 4754 3365 4822 γεννήματα
3398 4752 3587 4820 σοφίας
3607 4769 3620 4782 ·

2051 4837 2087 4891 ἃ
2115 4839 2209 4891 καὶ
2239 4839 2474 4910 σπείρων
2509 4841 2587 4903 εἰς
2632 4840 2690 4892 τὸ
2727 4841 2970 4911 πνεῦμα,
3008 4841 3209 4914 θερίζει
3265 4843 3439 4914 ζωήψ
3476 4843 3622 4898 ἔοικε

2051 4930 2108 4983 δὲ
2149 4930 2236 4984 διὰ
2279 4931 2374 4984 τοῦ
2409 4933 2605 5003 ἑαυτῆς
2637 4933 2815 5001 λέγειν
2857 4935 2948 4987 τὸν
2985 4935 3244 5000 πλοῦτον,
3283 4936 3522 4990 τοιοῦτον
3569 4955 3622 4993 τι

2050 5020 2247 5088 λέγειν,
2277 5021 2358 5075 ὅτι
2386 5022 2459 5074 Οὐ
2507 5021 2664 5092 χρεία
2697 5039 2777 5075 σοι
2799 5022 3070 5094 δαπάνης,
3102 5024 3220 5076 οὐδὲ
3248 5026 3618 5096 καινοτομίας,

2047 5113 2127 5175 είς
2156 5112 2245 5166 τὸν
2272 5113 2407 5184 πρὸς
2436 5113 2535 5184 ἐμὲ
2563 5113 2738 5184 ἔρωτα
2761 5155 2776 5180 ,
2813 5115 2927 5167 ἀλλ’
2965 5117 3126 5186 ἀρκεῖ
3156 5116 3216 5169 τὸ
3247 5117 3470 5186 φιλῆσαι
3521 5120 3623 5189 μό-

2045 5221 2153 5268 νον,
2185 5205 2276 5257 καὶ
2304 5205 2752 5280 ἀνταγαπηθήσῃ.
2793 5207 2953 5261 Ἀλλά
2991 5209 3114 5280 μὴν,
3138 5210 3230 5264 καὶ
3250 5211 3278 5263 ὃ
3307 5210 3618 5280 θαυμαστόν

2045 5297 2160 5346 ὲστι
2179 5335 2195 5358 ,
2222 5294 2282 5347 τὸ
2312 5297 2369 5347 ὲν
2401 5295 2610 5364 πλούτῳ
2638 5292 2774 5348 εἶναι
2802 5295 3145 5369 δικαιοσύνην
3165 5340 3179 5363 ,
3216 5303 3346 5371 παρ’
3372 5301 3494 5372 ἐμοὶ
3523 5303 3617 5354 καὶ

2050 5386 2206 5440 τοῦτό
2233 5387 2367 5452 ἐστι,
2392 5389 2484 5440 καὶ
2515 5386 2584 5440 τὰ
2611 5387 2743 5441 ἄλλα
2772 5389 2947 5443 πάντα
2966 5391 3161 5460 ἀγαθά.

2045 5502 2091 5532 ⁸³
2130 5501 2285 5556 Joan.
2336 5521 2443 5569 ut,
2477 5503 2662 5558 13-17.
2733 5506 2779 5537 ⁸⁵
2813 5523 2865 5560 ν·
2912 5509 2996 5562 13-

443 5586 698 5668 (l)‘i_\pud
732 5587 1119 5668 Augustinum,
1149 5587 1342 5641 Contra
1387 5589 1548 5642 Acad.
1577 5605 1636 5653 ll,
1672 5591 1756 5653 l6,
1803 5594 2327 5662 exstati‘amigcrata
2364 5597 2644 5652 deﬁnitio:
2681 5597 2951 5668 Sapientia
2996 5611 3067 5653 est
3126 5618 3297 5654 rerum
3350 5586 3610 5659 humana-

370 5670 486 5706 rum
514 5657 907 5725 divinarumque
936 5660 1174 5710 scientia.

441 5726 515 5792 ('2)
556 5725 876 5782 Accuratum
927 5728 1328 5784 distinctionem
1373 5728 1496 5784 facit
1525 5729 1740 5785 Gnccus
1779 5733 1914 5789 inter
1947 5735 1970 5785 ἀ

2064 5737 2160 5803 κᾷν
2199 5748 2247 5790 ct
2277 5738 2468 5804 φιλεῖν,
2503 5741 2642 5809 quod
2682 5755 2838 5796 secus
2864 5741 2913 5796 in
2957 5740 3070 5796 Lat.
3118 5743 3327 5811 vulgato
3369 5743 3453 5797 lit.
