3888 6214
198 286 301 343 ιεδ

1364 289 1740 344 Εχρυδιτιο
1781 287 1843 341 ΙΝ
1885 286 2300 342 ΡιιογΕῑιιιιΑ.

3356 289 3458 341 {ab

261 409 436 464 υύσία
461 409 598 465 οὖσα
625 413 658 482 ἠ
689 411 782 465 τοῦ
811 411 944 466 Θεοῦ
971 412 1162 482 σοφία,
1193 411 1299 484 πρὸ
1324 410 1537 464 αἰώνων
1563 410 1784 482 γεγένη-

1958 409 2005 441 ⁸⁶
2045 407 2358 462 Substanlia
2398 422 2521 460 cum
2561 407 2631 460 sit
2660 405 2754 460 Del
2789 405 3076 474 sapientia,
3108 413 3234 460 ante
3261 409 3456 460 saecula

194 523 308 566 ται,
343 507 440 560 καὶ
486 505 593 576 πρὸ
624 506 855 568 κτίσεως
881 506 1052 568 ἀΐδιος
1086 501 1155 576 ἦν
1175 521 1190 534 ·
1218 507 1306 559 ὅτε
1336 505 1392 558 δὲ
1420 505 1604 575 σχέσιν
1639 505 1778 576 πρὸς

194 593 260 643 τα
307 594 546 664 γεννητά
585 594 838 658 ἐδέξατο,
879 595 1002 648 τότε
1042 596 1186 667 ἀρχὴ
1215 595 1324 648 τῶν
1351 596 1485 649 όδῶν
1522 594 1618 648 τοῦ
1647 595 1785 648 Θεοῦ

196 684 390 749 γέγονε
448 685 558 738 τῶν
603 685 902 757 ποιητικῶν
949 687 1044 739 καὶ
1099 687 1501 758 προνοητικῶνο
1553 685 1786 754 σύζυγος

195 770 287 827 οὖν
316 776 350 844 ἡ
380 775 528 846 ἀρχὴ
561 779 674 838 τοῖς
701 777 996 846 κτίσμασιν
1025 770 1102 830 ὧν
1155 778 1381 847 γέγονεν
1419 777 1592 849 ἀρχὴ,
1627 794 1790 831 τουτο

198 866 347 919 ἐστιν
376 869 412 938 ἠ
441 869 579 939 πρὸς
606 868 676 920 τὰ
714 869 947 938 γεννητὰ
985 869 1199 939 σχέσιςο
1225 871 1259 940 ἡ
1301 868 1359 922 δὲ
1397 868 1559 937 σοφία
1594 867 1786 934 ἀΐδιος,

197 960 475 1026 οὐσιωδῶς
506 961 612 1033 πρὸ
638 959 847 1015 αἰώνων
873 960 1023 1032 παρά
1043 960 1122 1031 τῷ
1150 960 1269 1032 Θεῷ
1301 960 1642 1033 ὑπάρχουσα.

285 1221 538 1277 Ἀσέϐεια
570 1224 672 1295 μέν
700 1226 848 1278 ἐστιν
879 1227 912 1296 ἡ
943 1226 1024 1290 είς
1045 1223 1178 1279 Θεὸν
1207 1226 1452 1297 ἁμαρτία
1471 1244 1484 1257 ·
1522 1227 1708 1280 ἀσεϐεῖ
1729 1229 1787 1281 δὲ

195 1314 298 1367 καὶ
321 1317 404 1378 είς
439 1314 540 1386 τὴν
571 1316 764 1368 ἐαυτοῦ
789 1315 966 1386 ψυχὴν
988 1319 1017 1369 ό
1035 1316 1290 1386 σωρεύων
1320 1317 1543 1372 κόλασιν
1568 1321 1634 1389 τῇ
1660 1319 1785 1372 ἐαυ-

200 1405 296 1459 τοῦ
328 1407 501 1478 ψυχῇ,
535 1407 634 1478 τὴν
658 1411 770 1472 τοῖς
803 1408 1058 1460 ἀσεϐέσιν
1089 1409 1531 1480 ἡτοιμασμένηνο
1564 1410 1788 1463 ἀκόλου-

201 1499 294 1551 θον
323 1499 382 1552 δὲ
417 1500 592 1554 καὶτὸ
610 1501 830 1571 ἀγαπᾷν
854 1500 1083 1555 θάνατον
1103 1501 1231 1565 τοὺς
1251 1501 1444 1572 σοφίαν
1466 1500 1780 1572 μισοῦντας,

201 1591 362 1662 εἴπερ
396 1592 430 1660 ἡ
455 1592 616 1661 σοφία
645 1590 782 1662 ζωή.

1887 510 2010 554 nata
2037 510 2140 563 est,
2166 509 2220 552 et
2245 508 2371 553 ante
2395 507 2680 552 creaturas
2715 500 3067 567 sempiterna.
3107 499 3240 551 Cum
3279 508 3458 550 autem

1881 593 2201 647 relationem
2243 608 2374 661 erga
2416 601 2699 646 creaturas
2757 592 3012 654 admisit,
3069 601 3199 644 tunc
3247 591 3460 644 initium

1881 686 2094 740 viarum
2132 684 2222 739 Dei
2269 685 2409 738 facta
2453 693 2557 746 est.
2585 683 2878 739 creationis
2921 679 3172 737 videlicet
3199 692 3255 737 et
3281 683 3465 749 provi-

1882 775 2110 842 dentite;
2145 775 2462 830 consociato
2512 776 2768 829 nimirum
2809 774 2966 829 initio
3011 790 3134 829 cum
3169 773 3462 838 creaturis,

1883 867 2079 938 quibus
2116 867 2264 921 dedit
2293 866 2528 928 initium,
2562 866 2613 919 id
2634 875 2718 920 est
2747 865 3064 920 relationem
3093 879 3219 931 erga
3252 876 3466 918 creatu-

1885 971 1976 1012 ras
2005 956 2204 1012 habere
2245 957 2433 1027 cmpit.
2483 958 2738 1012 Attamen
2786 959 2899 1028 ipsa
2949 957 3218 1026 sapientia
3263 955 3466 1025 sempi-

1881 1057 2032 1102 terna
2073 1059 2178 1114 est,
2220 1050 2654 1104 substantialiter
2701 1059 2830 1105 ante
2867 1049 3068 1104 saecula
3118 1049 3258 1118 apud
3295 1049 3463 1104 Deum

1881 1143 2179 1197 exsistens.

1951 1232 1997 1264 ⁸⁷
2039 1233 2290 1300 Impietas
2329 1241 2414 1286 est
2445 1232 2712 1286 adversus
2755 1232 2922 1285 Deum
2951 1237 3252 1300 peccatum.
3297 1230 3468 1299 lmpie

1883 1328 1995 1394 agit
2015 1327 2178 1381 etiam
2204 1336 2395 1381 contra
2421 1327 2656 1379 animant
2688 1341 2863 1383 suam.
2887 1325 2977 1395 qui
2999 1326 3249 1396 congerit
3272 1325 3464 1378 anima:

1881 1434 1994 1473 suae
2017 1419 2376 1488 punitionem,
2411 1418 2594 1488 impiis
2616 1428 3001 1487 praeparatam.
3030 1419 3464 1473 Consentaneum

1889 1525 2105 1579 quoque
2148 1519 2252 1572 est,
2298 1518 2358 1564 ut
2407 1510 2442 1563 ii
2487 1516 2715 1562 mortem
2762 1519 2948 1564 ament
2994 1511 3086 1579 qui
3143 1507 3466 1578 sapientiam

1890 1601 2154 1667 oderunt;
2186 1601 2454 1671 siquidem
2479 1601 2746 1671 sapientia
2775 1601 2885 1654 vita
2919 1610 3023 1655 est.

1711 1691 1863 1746 CAP.
1908 1693 1998 1749 IX.

276 1781 392 1852 Τὴν
441 1781 636 1850 σοφίαν
685 1781 918 1835 ἐνταῦθα
961 1782 1161 1848 δισσῶς
1216 1783 1492 1840 ἐπιλαϐεῖν
1516 1825 1531 1850 ,
1585 1786 1682 1858 τὴν
1728 1789 1794 1840 ἐκ

1971 1791 2016 1823 ⁸⁸
2056 1790 2394 1860 Sapientiam
2445 1789 2549 1845 hoc
2585 1789 2708 1843 loco
2746 1787 3038 1856 dupliciter
3085 1783 3463 1853 intelligiaio:

205 1871 348 1924 Πνεύ
357 1889 528 1941 ματος
556 1873 712 1941 ἁγίου
740 1875 882 1944 φημὶ
915 1876 974 1927 ἐν
1007 1875 1188 1943 λόγοις
1217 1876 1311 1929 καὶ
1333 1881 1516 1949 γραφῇ
1542 1878 1788 1933 δοθεῖσαν

204 1967 322 2027 τοῖς
355 1964 640 2037 θεόφροσιν
661 2008 676 2030 ,
699 1967 766 2020 δι’
795 1964 862 2038 ἧς
905 1967 1000 2022 καὶ
1035 1970 1068 2038 ἡ
1095 1969 1391 2037 ἐπίγνωσις
1418 1973 1512 2024 τοῦ
1543 1972 1678 2026 Θεοῦ
1711 1973 1792 2044 τῷ

205 2057 403 2127 κόσμῳ
424 2058 726 2130 ἐγνωρίσθη
752 2077 764 2088 '
795 2059 1055 2124 ὡσαύτως
1085 2061 1141 2114 δὲ
1169 2062 1264 2114 καὶ
1296 2063 1388 2115 τὸν
1419 2064 1783 2118 ἐνυπόστατον

213 2149 336 2200 Υἱὸν
360 2149 456 2202 καὶ
482 2150 654 2217 Λόγον
675 2151 770 2204 τοῦ
799 2151 956 2215 Θεοῦ,
985 2151 1076 2206 τὸν
1111 2153 1171 2218 ἐξ
1186 2155 1285 2207 οὐκ
1307 2154 1435 2208 ὄντα
1459 2157 1538 2219 εἰς
1570 2156 1631 2209 τὸ
1653 2152 1789 2212 εἶναι

207 2241 599 2310 παραγαγόντα
629 2243 697 2296 τὰ
719 2244 1012 2313 σύμπαντα
1034 2246 1100 2315 τῇ
1129 2245 1290 2316 σοφίᾳ
1315 2244 1504 2300 αὑτοῦ.

277 2333 506 2404 Θύματα
529 2333 764 2388 ἐνταῦθά
791 2353 924 2407 φησι
962 2337 1089 2402 τοὺς
1116 2337 1232 2391 ὅσοι
1259 2340 1536 2410 προφῆται
1563 2341 1628 2412 τῇ
1660 2359 1793 2410 παρ-

203 2423 412 2475 αινέσει
452 2425 691 2494 Χριστοῦ
740 2427 1166 2497 σφραγισθέντες
1208 2430 1304 2482 καὶ
1349 2430 1789 2502 σφαγιαζόμενοι,

202 2515 296 2569 διὰ
333 2517 393 2569 τὸ
432 2518 625 2588 κιρνᾷν
669 2518 867 2582 αὐτοὺς
907 2517 986 2589 τῷ
1010 2520 1111 2591 τῆς
1133 2521 1388 2589 γνώσεως
1420 2523 1658 2594 κρατῆρι
1694 2523 1793 2595 τὴν

201 2608 282 2670 ὡς
307 2603 447 2661 οἶνον
469 2609 598 2679 ἡδὺν
626 2610 920 2678 ἐπίγνωσιν
949 2613 1116 2666 αὑτοῦ
1138 2617 1246 2678 τοῖς
1274 2615 1527 2686 ἐχέφροσι
1546 2633 1560 2646 '
1597 2615 1792 2685 λέγων,

203 2700 301 2769 Μὴ
333 2701 605 2773 φοϐηθῆτε
625 2703 732 2755 ἀπὸ
746 2703 851 2756 τῶν
873 2704 1300 2760 ἀποκτεινόντων
1323 2707 1382 2760 τὸ
1407 2707 1586 2779 σῶμα,
1611 2708 1708 2780 τὴν
1735 2709 1793 2761 δὲ

201 2791 390 2862 ψυχὴν
424 2792 496 2863 μὴ
518 2793 830 2864 δυναμένων
856 2797 1174 2851 ἀποκτεῖναι
1192 2815 1206 2828 ·
1243 2799 1336 2854 καὶ
1363 2801 1470 2873 γὰρ
1499 2801 1662 2865 αὐτὸς
1693 2803 1793 2854 αὐ-

199 2882 337 2945 τοὺς
365 2884 688 2952 ἐσφαγίασε,
727 2887 821 2939 καὶ
860 2888 1170 2956 σφαγιάζει,
1191 2889 1279 2942 διὰ
1305 2890 1367 2943 τὸ
1398 2891 1794 2962 παρακελεύειν

202 2977 378 3037 αὐτὸς
404 2979 529 3040 τοὺς
572 2979 652 3041 εἰς
699 2979 863 3032 αὑτὸν
897 2982 1250 3045 πιστεύοντας
1302 2983 1444 3055 ὑπὲρ
1493 2984 1693 3049 αὑτοῦ,
1718 2984 1795 3048 ὡς

200 3068 377 3130 αὐτὸς
404 3068 544 3140 ὑπὲρ
572 3070 726 3139 ὑμῶν
757 3070 1112 3144 ἀποθνήσκει.

281 3159 347 3211 Εἰ
379 3139 592 3223 Παῦλος
622 3164 650 3214 ό
676 3139 972 3226 ἀπόστολος
1003 3164 1188 3228 δοῦλος
1229 3165 1464 3237 Χριστοῦ
1488 3206 1502 3230 ,
1527 3169 1556 3221 ό
1575 3168 1631 3221 δὲ
1657 3169 1794 3238 Χρι-
1821 3139 1864 3198 C

206 3253 338 3314 στὸς
363 3252 524 3320 σοφία
551 3255 700 3316 ἐστὶ,
730 3256 940 3320 Παῦλος
965 3257 1073 3329 γὰρ
1101 3260 1130 3310 ό
1163 3259 1460 3322 ἀπόστολος
1486 3259 1669 3323 δοῦλος
1699 3261 1796 3332 τῆς

206 3344 408 3413 σοφίας
441 3345 587 3398 ἐστίν
607 3363 621 3375 ο
659 3346 920 3412 ὡσαύτως
951 3349 1046 3402 καὶ
1077 3349 1295 3403 ἐπὶτῶν
1319 3349 1520 3403 λοιπῶν
1556 3352 1794 3406 ἀποστό-

204 3437 322 3489 λων
353 3438 450 3490 xui.
477 3439 772 3508 προφητῶν
797 3441 888 3493 τὸν
917 3441 1074 3509 λόγον
1107 3443 1424 3513 συνάξομεν,
1458 3443 1674 3508 δούλους
1698 3445 1796 3516 τῆς

208 3529 410 3598 σοφίας
437 3529 602 3582 αὑτοῦ
631 3531 1029 3598 ἀποδείξαντες.

283 3620 362 3671 Οὐ
389 3619 474 3671 δεῖ
507 3621 920 3690 ἁμαρτάνοντας
963 3621 1204 3692 ἐλέγχειν
1235 3625 1362 3686 τοὺς
1395 3625 1596 3687 κακοὺς
1615 3663 1630 3688 ,
1662 3623 1798 3677 ἀλλὰ

209 3713 344 3782 περὶ
382 3711 531 3764 θείου
565 3713 729 3781 φόϐου
760 3713 958 3777 αὐτοὺς
1005 3715 1443 3786 ὑπομιμνήσκειν
1467 3756 1481 3774 ,
1513 3716 1661 3779 ὅστις
1703 3716 1800 3770 αὐ-

208 3805 341 3868 τοῦς
365 3804 664 3874 ἀποστήσει
686 3805 784 3874 τῆς
805 3806 1002 3870 κακίας
1019 3824 1031 3836 ο
1055 3806 1088 3877 ἢ
1114 3809 1316 3871 κακοὺς
1337 3809 1463 3869 τοὺς
1487 3808 1594 3861 ἀπὸ
1621 3810 1800 3880 ἀμαρ-

209 3895 336 3958 τίας
363 3896 814 3967 ἐπιστρέφοντας,
845 3899 938 3951 καὶ
973 3898 1223 3963 θέλοντας
1252 3900 1425 3953 ἐλθεῖν
1452 3901 1587 3971 πρὸς
1634 3902 1799 3972 μετά-

211 4009 398 4046 νοιαν·
449 3993 636 4064 ἀκμὴν
678 3994 735 4046 δὲ
784 3995 987 4058 κακοὺς
1041 3995 1201 4058 ὄντας
1251 3998 1343 4049 καὶ
1388 3996 1801 4066 τυφλώττοντας

212 4083 456 4154 ὑπόμενε
481 4099 492 4111 ·
524 4085 617 4137 καὶ
655 4083 728 4154 μὴ
763 4085 882 4138 καθ’
907 4085 964 4138 ἓν
999 4086 1218 4157 σφάλμα
1250 4087 1457 4156 ἔλεγχε,
1488 4088 1576 4139 ἵνα
1607 4088 1680 4158 μὴ
1719 4089 1799 4150 εἰς

215 4177 374 4244 μῖσος
414 4177 481 4227 ἐκ
511 4175 812 4246 προοιμίων
855 4175 1079 4230 ἔλθωσιν
1104 4195 1116 4208 ·
1148 4179 1276 4230 ὅταν
1313 4179 1367 4230 δὲ
1401 4179 1665 4246 γένωνται
1709 4197 1799 4232 σο-

213 4269 306 4334 φοὶ
326 4308 340 4330 ,
373 4267 468 4320 καὶ
500 4267 872 4338 στερεωθῶσιν
893 4307 907 4331 ,
938 4268 1146 4339 ἔλεγχε.
1185 4271 1296 4324 Καὶ
1335 4272 1362 4322 ὁ
1398 4270 1628 4340 Χριστὸς
1676 4271 1799 4335 τοὺς

217 4357 468 4429 μαθητὰς
491 4359 572 4410 ἔτι
596 4359 746 4422 νέους
777 4360 956 4423 ὄντας,
979 4361 1076 4413 οὐκ
1106 4361 1321 4433 ἤλεγχε,
1355 4361 1444 4415 διὰ
1472 4361 1532 4414 τὸ
1565 4360 1640 4432 μὴ
1677 4363 1802 4424 τοὺς

1893 1897 2083 1953 nempe
2116 1883 2262 1937 illam
2294 1898 2415 1952 qua:
2443 1898 2472 1937 a
2511 1891 2707 1938 saneto
2753 1881 2959 1949 Spiritu
2999 1879 3160 1933 datur
3203 1875 3471 1946 religiosis

1893 1976 2222 2040 hominibus,
2284 1990 2380 2043 per
2423 1991 2586 2045 quam
2631 1975 2726 2030 Dei
2769 1986 2985 2043 quoque
3031 1971 3222 2024 notitia
3271 1969 3473 2022 mundo

1893 2065 2162 2118 inclaruit.
2205 2065 2330 2118 Pari
2373 2064 2537 2118 modo
2582 2064 2746 2118 etiam
2792 2055 3470 2132 enhypostatieumFilium

1892 2173 1955 2210 ac
1980 2157 2212 2211 Verbum
2243 2157 2360 2220 Dei,
2388 2172 2417 2210 a
2444 2155 2596 2223 cujus
2617 2155 2882 2225 sapientia
2907 2155 3088 2210 omnia
3119 2169 3184 2208 ex
3209 2152 3378 2206 nihilo
3404 2149 3473 2203 ad

1891 2249 2268 2303 cxsisteudum
2307 2249 2504 2304 educta
2532 2249 2770 2302 fuerunt.

1965 2341 2008 2373 ⁸⁸
2051 2339 2309 2394 Victimas
2355 2341 2458 2394 hoc
2502 2341 2621 2393 loco
2662 2337 2793 2392 dicit
2835 2335 3150 2406 prophetas.
3200 2339 3474 2403 quotquot

1893 2431 2096 2486 Christi
2138 2431 2514 2485 adhortatione
2563 2430 2760 2500 signati
2805 2437 2860 2483 et
2908 2426 3169 2482 immolati
3226 2424 3468 2482 fuerunt.

1894 2525 2018 2578 dum
2074 2523 2125 2576 in
2163 2522 2407 2576 scientiae
2449 2531 2669 2576 cratere
2714 2519 3071 2590 propinareut
3125 2515 3278 2585 quasi
3317 2514 3474 2567 dulce

1895 2617 2076 2669 viuum
2129 2616 2284 2669 bonzc
2332 2616 2530 2669 mentis
2577 2614 2890 2668 hominibus
2943 2609 3145 2666 Christi
3200 2607 3472 2668 notitiam,

1895 2708 2128 2763 dicentis
2155 2706 2266 2762 :Ne
2295 2707 2533 2761 timeatis
2561 2721 2656 2761 eos
2690 2707 2781 2774 qui
2809 2703 3066 2759 occidunt
3094 2713 3311 2766 corpus,
3355 2698 3473 2750 aui-

1897 2815 2038 2853 mam
2081 2809 2259 2854 autem
2296 2814 2400 2854 non
2450 2807 2676 2866 possunt
2708 2797 2978 2852 occidere.
3015 2794 3174 2847 Certe
3203 2792 3316 2859 ipse
3347 2788 3473 2844 illos

1895 2889 2293 2961 quodammodo
2343 2887 2660 2952 immolavit,
2707 2896 2761 2942 et
2804 2887 2983 2940 adhuc
3028 2881 3299 2941 immolat,
3343 2879 3471 2932 dum

1897 2983 2120 3034 mandat
2149 2980 2214 3034 iis
2237 2979 2327 3042 qui
2355 2978 2458 3034 sibi
2484 2979 2715 3033 credunt
2739 2979 2812 3031 ita
2844 2976 3004 3039 mori,
3042 2982 3203 3043 prout
3225 2971 3339 3040 ipse
3367 2985 3469 3038 pro

1896 3074 2054 3128 vobis
2079 3085 2324 3127 mortuus
2353 3083 2462 3128 est.

1967 3166 2014 3198 ⁹⁰
2062 3164 2119 3220 Si
2163 3164 2363 3218 Paulus
2400 3163 2674 3233 apostolus
2699 3174 2892 3216 servus
2933 3155 3174 3220 Christi,
3226 3153 3478 3209 Christus

1898 3271 2078 3315 autem
2121 3259 2385 3328 sapientia
2425 3268 2530 3322 est,
2580 3256 2781 3310 Paulus
2812 3254 2999 3321 utique
3046 3247 3325 3320 apostolus
3358 3260 3478 3298 ser-

1897 3365 1997 3405 vus
2019 3350 2298 3420 sapientiae
2328 3359 2432 3402 est.
2479 3347 2604 3401 Pari
2638 3345 2798 3400 modo
2824 3354 2879 3398 et
2909 3345 2975 3397 de
3011 3341 3233 3410 reliquis
3262 3345 3478 3408 aposto-

1901 3444 1963 3498 lis
1989 3454 2041 3498 et
2064 3444 2130 3497 de
2155 3442 2434 3512 prephetis
2457 3438 2830 3511 syllogismum
2858 3435 3268 3496 eoucludemus,
3287 3445 3480 3486 servos

1899 3550 1992 3590 cos
2015 3535 2294 3604 sapientia:
2330 3533 2533 3586 Christi
2570 3530 2928 3584 affirmantes.

1970 3627 2013 3657 ³⁸
2048 3625 2163 3679 Νοη
2204 3633 2418 3692 oportet
2451 3622 2623 3676 malos
2673 3621 2764 3688 qui
2819 3626 3050 3690 peccant
3091 3628 3341 3686 arguere,
3382 3613 3478 3668 sed

1902 3717 2048 3786 ipsos
2080 3718 2375 3770 admonere
2406 3715 2587 3785 potius
2615 3713 2783 3767 divini
2819 3711 3053 3774 timoris,
3079 3709 3171 3778 qui
3198 3723 3294 3762 eos
3324 3721 3354 3760 a
3385 3721 3482 3758 nec

1900 3812 2071 3880 quitia
2111 3813 2373 3866 retrahet.
2410 3807 2503 3862 Vel
2541 3807 2710 3862 malos
2750 3806 2907 3871 dicit,
2950 3805 3040 3872 qui
3082 3816 3260 3857 tamen
3315 3816 3346 3854 a
3385 3816 3482 3853 ne-

1901 3903 2072 3972 quitia
2120 3904 2232 3969 jam
2290 3900 2640 3970 resipiscunt,
2679 3907 2737 3953 ct
2782 3898 2847 3950 ad
2879 3895 3255 3968 pmniteutiam
3293 3893 3483 3949 volunt

1903 3997 2181 4050 accedere.
2212 3994 2599 4048 Verumtamen
2646 3992 2767 4046 illos
2795 3991 2886 4059 qui
2934 4004 3144 4043 summe
3188 3987 3314 4041 mali
3354 3996 3481 4039 sunt

1901 4100 1956 4144 et
1981 4089 2291 4149 czecutiunt,
2321 4085 2559 4151 sustine;
2599 4097 2778 4151 neque
2809 4083 2876 4136 ad
2907 4080 3115 4151 singula
3148 4087 3364 4150 peccata
3392 4094 3479 4130 ar-

1902 4197 2026 4250 gue,
2072 4196 2138 4234 ne
2183 4179 2368 4232 statim
2399 4177 2554 4230 initio
2603 4177 2787 4231 odium
2837 4175 3184 4243 suscipiant:
3222 4172 3317 4226 sed
3350 4186 3477 4224 eum

1904 4275 2118 4325 demum
2165 4271 2439 4338 sapientes
2489 4271 2619 4322 fient
2670 4277 2721 4321 et
2771 4267 3074 4327 firmiores,
3128 4275 3258 4317 tunc
3290 4278 3475 4330 argue.

1907 4362 2038 4416 Nam
2075 4379 2141 4416 ne
2167 4362 2419 4416 Christus
2447 4361 2664 4429 quidem
2704 4358 3002 4428 discipulos
3026 4356 3206 4410 adhuc
3234 4363 3482 4409 recentes

215 4451 482 4514 παλαιοὺς
518 4453 719 4514 ἀσκοὺς
753 4452 1007 4518 εὐθέτους
1039 4450 1177 4508 εἶναι
1209 4456 1341 4527 πρὸς
1363 4455 1480 4508 νέον
1516 4455 1680 4509 οἶνον.
1732 4456 1795 4506 'll

1909 4455 2260 4523 increpabat;
2311 4453 2438 4521 quia
2495 4464 2709 4505 veteres
2755 4459 2908 4503 utres
2955 4462 3094 4502 novo
3147 4446 3274 4499 vino
3338 4445 3484 4501 haud

214 4543 424 4606 κακοὺς
479 4543 627 4612 λέγει
685 4546 811 4607 τοὺς
863 4547 1104 4618 ἄφρονας
1162 4547 1258 4600 καὶ
1308 4547 1559 4617 μωρούς·
1605 4548 1800 4620 ἥτοὺς

213 4635 396 4702 πάντη
448 4634 758 4704 ἀλλοτρίους
794 4637 893 4707 τῆς
929 4637 1082 4702 θείας
1136 4637 1516 4705 διδασκαλίας,
1564 4638 1658 4703 οὓς
1700 4640 1801 4692 οὐκ

214 4721 485 4792 ἐλέγχειν,
521 4724 654 4777 ἀλλά
683 4727 973 4790 νουθετεῖν,
1003 4728 1085 4780 δεῖ
1114 4730 1208 4782 καὶ
1226 4728 1494 4783 διδάσκειν
1513 4748 1525 4761 ’
1546 4733 1593 4783 εί
1623 4731 1679 4783 δὲ
1708 4731 1800 4784 καὶ

213 4812 510 4884 ἠλέγχοντο
553 4816 754 4885 ’Λχαάϐ
800 4818 894 4871 καὶ
931 4818 1176 4890 Ἡρώδης
1197 4859 1212 4881 ,
1245 4820 1362 4873 ἀλλ’
1401 4821 1500 4891 ἤδη
1539 4821 1800 4891 μετέσχον

215 4907 306 4959 τοῦ
336 4907 486 4960 θείου
515 4909 715 4977 νόμου,
747 4911 796 4962 εί
824 4911 918 4964 καὶ
951 4911 1267 4981 παρέϐησαν
1289 4929 1302 4942 ·
1345 4912 1426 4964 διὸ
1457 4913 1552 4965 καὶ
1583 4912 1805 4974 τούτους

213 4998 292 5051 δεῖ
317 4998 588 5069 ἐλέγχειν.
634 5001 702 5052 Ἦ
731 5000 872 5055 ἔοικε
911 5001 1080 5055 ταῦτα
1116 5001 1250 5070 πρὸς
1293 5001 1418 5064 τοὺς
1455 5003 1575 5054 τότε
1599 5001 1796 5070 λέγειν,

212 5089 338 5150 τοὺς
368 5089 837 5160 νηπιωδεστέρους
858 5110 870 5120 ·
898 5093 1021 5144 ἐπεὶ
1039 5093 1180 5154 τίνος
1206 5091 1388 5143 ἕνεκεν
1411 5091 1639 5162 ἦλεγχεν
1682 5093 1797 5144 Ἰω-

215 5181 380 5250 άννης
411 5180 510 5232 καὶ
543 5181 753 5244 Παῦλος
780 5184 959 5246 ς-Ού
1008 5183 1087 5236 δεῖ
1117 5183 1528 5256 ἁμαρτάνοντας
1553 5183 1799 5254 ἐλέγχειν

214 5273 338 5334 τοὺς
360 5271 570 5335 κακούς
588 5289 601 5302 ’
639 5276 668 5326 ὁ
690 5274 800 5345 γὰρ
823 5275 904 5336 εἰς
933 5275 1222 5344 πρόσωπον
1245 5275 1484 5346 ἔλεγχοςν
1511 5277 1801 5346 ἀναισΐδν⁶

215 5366 435 5435 τότερον
473 5369 619 5418 ποιεῖ
662 5365 754 5420 τὸν
808 5367 1220 5437 ἁμαρτάνοντα·
1269 5368 1375 5439 χρὴ
1419 5367 1476 5420 δὲ
1521 5370 1668 5438 ἡμᾶς
1707 5369 1801 5422 ἐπὶ

215 5455 394 5522 σοφῶν
443 5456 540 5508 καὶ
591 5456 814 5510 δικαίων
871 5457 1030 5511 τοῦτο
1081 5462 1286 5513 ποιεῖν·
1331 5459 1645 5524 ἀναμεταξὺ
1697 5461 1796 5529 μὲν

214 5564 304 5599 του
335 5548 699 5620 ὲλεγχομένου
733 5551 826 5603 καὶ
857 5550 1191 5622 ἐλέγχοντος,
1227 5553 1328 5605 οὐκ
1357 5553 1451 5604 ἐπὶ
1476 5551 1684 5606 πολλῶν
1711 5551 1788 5604 δέ.

1907 4555 2062 4600 erant
2100 4545 2300 4598 idonei.
2358 4541 2453 4596 Vel
2513 4543 2686 4596 tnalos
2735 4541 2864 4595 dicit
2904 4539 3152 4617 homines
3199 4537 3396 4592 stultos
3427 4544 3485 4590 et

1909 4637 2126 4700 bardos,
2157 4634 2235 4687 vel
2271 4634 2390 4687 illos
2426 4637 2518 4702 qui
2549 4649 2576 4685 a
2611 4633 2790 4684 divina
2820 4631 3066 4684 doctrina
3101 4645 3322 4698 prorsus
3351 4629 3486 4682 alie-

1909 4729 1960 4780 ni
1992 4735 2149 4789 snnt;
2177 4741 2314 4793 quos
2347 4741 2450 4777 non
2489 4724 2778 4788 increpare
2806 4721 2900 4774 scd
2947 4722 3242 4774 admouere
3269 4728 3485 4786 eportct

1911 4834 1974 4872 ac
2013 4816 2230 4871 docere.
2271 4815 2426 4881 Quod
2457 4815 2500 4869 si
2551 4813 2910 4867 nihilominus
2952 4812 3224 4881 objurgati
3265 4811 3482 4864 fuerunt

1909 4911 2196 4965 Achaahus
2242 4919 2405 4978 atque
2463 4907 2724 4969 llerodcs,
2778 4905 2833 4959 hi
2887 4905 3106 4974 quidem
3145 4903 3255 4972 jam
3293 4903 3484 4956 imbuti

1908 5004 2124 5057 fuerant
2203 5001 2385 5054 divina
2452 5001 2605 5069 lege,
2675 5015 2840 5068 quam
2911 5006 3084 5051 erant'
3140 4996 3480 5070 transgressi.

1906 5093 2269 5161 Quamobrem
2295 5103 2348 5147 et
2382 5092 2482 5146 hos
2508 5092 2757 5162 redargui
2785 5105 2883 5161 par
2918 5089 3043 5146 fuit.
3069 5087 3165 5142 Vel
3195 5087 3310 5141 hme
3339 5087 3485 5140 vide-

1908 5194 1996 5238 tur
2039 5185 2222 5238 dicere
2252 5185 2318 5238 de
2367 5184 2449 5237 sui
2497 5182 2761 5252 temporis
2807 5181 3122 5235 rndiorihus
3151 5178 3482 5231 hominibus.

1906 5278 2015 5332 Cur
2039 5285 2183 5334 enim
2232 5278 2466 5334 Joannes
2503 5293 2718 5348 quoque
2767 5289 2822 5332 et
2882 5276 3081 5330 Paulus
3125 5274 3485 5341 reprehende-

1904 5372 2074 5426 bant?
2099 5402 2168 5413 —
2197 5372 2365 5426 Malos
2390 5372 2478 5440 qui
2514 5380 2742 5439 peccant
2783 5386 2890 5424 non
2915 5375 3133 5439 oportet
3160 5366 3483 5436 obiurgare;

1903 5478 2026 5515 nam
2063 5465 2412 5533 reprehensio
2444 5465 2495 5516 in
2523 5463 2714 5517 faciem
2755 5461 2993 5531 objecta,
3028 5459 3489 5528 impudentiorem

1901 5554 2035 5609 facit
2064 5570 2187 5610 eum
2237 5555 2328 5624 qui
2371 5566 2580 5625 peccat.
2623 5558 2868 5626 Arguere
2915 5555 3094 5612 potius
3134 5559 3346 5626 Oportet
3400 5563 3477 5602 sa-

216 5641 426 5708 pientes
463 5657 528 5695 ac
548 5640 759 5709 justos;
812 5653 1208 5710 verumtamen,
1260 5644 1590 5711 reprehenso
1622 5658 1684 5694 ac
1717 5641 2170 5713 reprehendente,
2211 5661 2316 5701 non
2353 5653 2534 5700 autem
2570 5644 2772 5712 multis,
2803 5642 3180 5713 praesentibus.

283 5733 328 5764 ⁸⁵
361 5733 511 5788 v.22.
586 5733 628 5764 ⁸⁷
661 5749 710 5788 ν.
739 5734 827 5791 56.
900 5736 944 5766 ⁸³
983 5750 1033 5790 v.
1076 5735 1126 5792 1.
1203 5736 1246 5767 ⁸³
1279 5751 1328 5790 v.
1360 5735 1414 5789 2.
1489 5735 1534 5766 ⁹⁰
1571 5749 1619 5789 v.
1651 5733 1703 5788 5.

1782 5735 1822 5766 "
1856 5749 1905 5787 ν.
1939 5734 1995 5792 8.
