3888 6214
378 285 481 340 187

379 494 720 563 naufragium
756 492 979 551 faciens,
1005 504 1064 544 se
1092 487 1328 557 procella
1364 486 1527 542 veluti
1556 497 1611 541 et
1650 486 1784 541 alios
1811 500 1949 555 quos

380 586 518 654 regit
546 585 753 653 perdet.
787 580 1083 651 Dereliquit
1105 581 1249 635 enim
1280 580 1395 634 vias
1425 581 1805 634 mandatorum
1833 579 1950 646 ejus

378 675 470 743 qui
523 674 650 728 dicit
684 689 697 725 :
732 671 843 742 Ego
876 685 995 727 sum
1030 670 1184 735 vitis,
1237 684 1336 725 vos
1382 670 1656 739 palmites,
1705 679 1759 724 et
1786 670 1951 725 Pater

379 784 533 825 meus
564 768 800 838 agricola
838 775 945 823 est.
968 795 1039 805 —
1074 764 1177 832 Qui
1221 764 1324 819 sibi
1367 779 1475 819 non
1523 774 1810 819 coacervat
1843 765 1953 818 vir-

382 862 587 914 tutibus
609 860 848 914 divinam
874 857 1185 922 scientiam,
1215 857 1304 911 hic
1335 872 1441 911 non
1468 866 1757 912 coacervat
1792 869 1952 914 aeter-

382 954 437 1009 ni
470 952 619 1021 regni
646 949 1007 1005 immortalem
1031 949 1288 1004 fructum.
1331 949 1431 1005 Est
1453 959 1631 1004 autem
1663 950 1946 1013 sterilitas,

384 1044 625 1113 nequitia
656 1051 710 1097 et
739 1041 975 1096 inscitia.

452 1135 498 1167 ”
528 1137 633 1189 Ceu
665 1148 834 1202 panes
880 1132 1095 1198 vitales,
1148 1132 1331 1186 divina
1382 1133 1546 1187 verba
1590 1132 1825 1189 libenter
1853 1149 1952 1204 gu-

385 1232 552 1288 stare,
591 1232 645 1277 et
698 1224 751 1276 in
785 1223 983 1277 mentis
1031 1222 1294 1293 penetrali
1338 1223 1643 1278 divinorum
1694 1238 1951 1279 sensuum

389 1312 917 1382 contemplationem.
946 1344 1015 1354 —
1052 1312 1227 1367 Panes
1276 1314 1469 1366 anima:
1519 1321 1645 1367 sunt
1700 1314 1949 1379 virtutes,

386 1420 522 1475 quas
551 1416 735 1459 noster
757 1420 973 1476 quoque
996 1404 1259 1461 Servator
1290 1406 1446 1461 nobis
1474 1406 1784 1474 imperavit,
1814 1404 1954 1477 jeju-

388 1499 535 1551 nium
567 1498 798 1563 scilicet,
829 1498 1186 1564 continentia,
1209 1499 1408 1565 oratio,
1459 1508 1513 1553 et
1549 1502 1768 1556 similia.
1800 1502 1951 1557 Clam

387 1603 516 1644 vero
538 1589 650 1644 haec
679 1590 905 1661 agenda,
932 1604 1001 1646 ne
1023 1590 1081 1645 in
1106 1600 1396 1660 conspectu
1435 1592 1712 1647 hominum
1751 1592 1881 1648 siut.

1258 274 1821 333 SUPPLEMENTUM
1856 274 1948 330 AD
1986 272 2310 332 ORIGENIS
2350 275 2757 333 EXEGETICA.

446 404 494 436 θ’
525 401 625 469 Qui
665 400 811 453 omni
842 406 1005 452 vento
1061 397 1322 452 doctrina:
1362 396 1768 459 circumfertur,
1823 396 1944 451 fidei
1976 408 2023 464 Α

3518 286 3626 341 188

2134 399 2194 450 ’0
2221 398 2382 451 παντὶ
2420 397 2605 469 ἀνέμῳ
2646 398 2743 469 τῆς
2787 399 3132 465 διδασκαλίας
3173 402 3622 475 περιφερόμενος,

2050 492 2368 561 ναυαγήσας
2411 492 2539 561 περὶ
2584 491 2681 562 τὴν
2712 491 2925 556 πίστιν,
2975 492 3049 557 ὡς
3082 495 3173 547 ὑπ’
3214 496 3398 566 ἀνέμῳ
3430 498 3625 550 ἐαυτόν

2049 598 2110 634 τε
2140 583 2237 647 καὶ¹
2254 581 2446 644 ἄλλους
2473 581 2765 652 ποιμάνας,
2787 581 3065 637 ἀπώλεσεν
3083 601 3097 614 ·
3124 584 3353 638 ἀπέλιπε
3380 586 3489 658 γὰρ
3513 587 3623 640 τῶν

2049 672 2277 727 ἐντολῶν
2304 672 2404 737 τὰς
2429 673 2598 739 ὁδοὺς,
2632 673 2729 727 τοῦ
2759 675 3022 739 εἰπόντος,
3052 675 3192 744 Ἑγὼ
3224 678 3338 747 εἰμι
3368 680 3405 748 ἡ
3438 679 3623 749 ἀμπε-

2050 764 2162 829 λος,
2188 766 2345 836 ὑμεῖς
2369 766 2436 819 τὰ
2460 766 2733 837 κλήματα,
2770 768 2865 821 καὶ
2888 768 2916 820 6
2938 768 3126 839 Πατήρ
3161 786 3261 839 μου
3293 770 3322 823 6
3350 772 3616 842 γεωργός.

2051 859 2191 912 -Ὀ
2222 859 2297 929 μὴ
2326 859 2574 927 συνάγων
2602 860 2699 912 σὺν
2715 861 2835 922 ταῖς
2855 859 3077 930 ἀρεταῖς
3100 859 3197 931 τὴν
3221 860 3371 915 θείαν
3396 862 3615 929 γνῶσιν,

2049 945 2205 1013 οὗτος
2248 951 2310 1003 οὐ
2341 952 2561 1018 συνάγει
2592 950 2692 1021 τῆς
2731 951 2947 1005 αἰωνίου
2978 950 3251 1021 βασιλείας
3284 952 3381 1023 τήν
3414 953 3619 1007 ἀθάνα-

2051 1061 2141 1098 τον
2168 1042 2473 1114 εὐκαρπίαν
2497 1059 2510 1073 ο
2542 1043 2786 1113 ἀκαρπία
2817 1042 2872 1095 δέ
2903 1045 3018 1096 ἐστι
3039 1044 3205 1097 κακία
3233 1046 3327 1098 καὶ
3351 1046 3560 1114 ἄγνοια.

2122 1134 2244 1189 Τῶν
2272 1136 2349 1199 ὡς
2380 1135 2560 1206 ἀρτων
2588 1134 2854 1199 ζωτικῶν,
2888 1135 3047 1187 θείων
3078 1135 3250 1202 λόγων
3276 1137 3446 1208 ἡδέως
3478 1137 3619 1206 ἅψα-

2054 1229 2215 1294 σθαι,
2242 1228 2469 1282 καὶτῶν
2504 1227 2562 1280 ἐν
2598 1226 2664 1297 τῇ
2706 1228 2920 1297 κρυπτῇ
2961 1224 3056 1278 τοῦ
3093 1225 3184 1278 νοῦ
3221 1224 3423 1297 θεωρίᾳ
3460 1226 3617 1280 θείων

2054 1320 2625 1391 νοημάτων.--Ἀρτοι
2660 1319 2765 1371 είσὶ
2792 1316 2894 1387 τῆς
2923 1316 3099 1387 ψυχῆς
3128 1317 3184 1369 αί
3215 1317 3436 1387 ἀρεταὶ,
3476 1317 3617 1371 αἴτια

2052 1428 2141 1473 νες
2169 1410 2261 1463 καὶ
2290 1408 2441 1478 παρά
2465 1406 2559 1461 τοῦ
2583 1406 2833 1477 Σωτῆρος
2862 1406 3017 1476 ἡμῶν
3046 1406 3455 1477 προσετάγησαν
3486 1406 3617 1478 παῤ

2052 1505 2184 1572 ἡμῖν
2215 1501 2457 1569 γίνεσθαι
2478 1517 2491 1529 ’
2518 1497 2766 1551 τουτέστι
2806 1496 3060 1567 νηστεία,
3090 1498 3382 1568 ἐγκράτεια
3406 1538 3420 1561 ,
3450 1514 3617 1568 προσ-

2053 1593 2207 1665 ευχὴ,
2248 1592 2340 1647 καὶ
2365 1591 2434 1643 τὰ
2457 1592 2617 1661 ὃμοια
2635 1605 2647 1618 ’
2682 1590 2863 1661 κρυφῇ
2887 1588 2965 1652 δέ,
2999 1588 3137 1657 πρὸς
3160 1589 3221 1642 τὸ
3258 1590 3331 1659 μὴ
3360 1588 3619 1658 θεαθῆναι

2054 1677 2193 1732 αὐτὰ
2225 1678 2335 1737 τοῖς
2367 1673 2692 1746 ἀνθρώποις.

1900 1775 2051 1831 CAP.
2086 1770 2155 1825 Χ.

458 1872 505 1903 ’⁸
538 1872 723 1926 Virum
769 1870 902 1926 dicit
948 1870 1190 1929 doctrina
1243 1886 1568 1942 pauperem;
1598 1887 1813 1939 manus,
1860 1887 1949 1928 sa-
1981 1879 2023 1933 Β

389 1962 606 2031 pientlte
634 1969 807 2014 actus.

461 2050 509 2082 "
541 2049 633 2103 Vir
662 2050 921 2105 cordatus
955 2039 1031 2103 ab
1051 2051 1306 2104 :erumnis
1336 2057 1390 2104 et
1418 2050 1820 2107 calamitatibus
1849 2066 1957 2107 non

391 2141 716 2205 amburitur,
750 2149 804 2195 et
822 2140 1041 2209 justitite
1072 2141 1310 2208 germina
1341 2140 1550 2210 profert
1581 2157 1596 2195 :
1632 2154 1687 2197 at
1716 2143 1957 2213 iniquus,

390 2241 455 2287 ει
487 2248 546 2287 re
580 2247 794 2302 quoque
820 2229 961 2285 bona
991 2232 1247 2288 damnum
1277 2232 1501 2302 patitur.

460 2325 508 2356 "
547 2322 900 2390 Disciplinam
941 2324 1319 2391 increpatione
1354 2332 1627 2380 carentem
1667 2325 1800 2381 dicit
1842 2327 1959 2381 ani-

392 2429 493 2468 ποτε
528 2414 724 2468 malam
774 2412 969 2484 agendi
1021 2415 1283 2469 rationem
1309 2454 1326 2479 ,
1356 2422 1489 2484 "quae
1540 2426 1596 2471 et
1624 2433 1862 2474 errorem
1906 2429 1961 2475 et

391 2505 617 2559 exitium
642 2505 691 2558 ei
714 2504 945 2560 confert.
975 2505 1080 2559 Sed
1112 2505 1194 2559 via
1227 2504 1368 2570 vitae,
1389 2522 1494 2560 non
1523 2508 1695 2562 solum
1714 2511 1782 2564 ab
1804 2520 1960 2565 teter-

392 2612 459 2652 na
484 2611 746 2660 aerumna,
766 2611 956 2649 verum
974 2597 1137 2650 etiam
1166 2596 1262 2651 abs
1281 2598 1518 2666 qualibet
1548 2600 1669 2654 vitae
1692 2601 1957 2667 molestia,

390 2702 488 2742 eos
539 2688 630 2757 qui
679 2686 899 2741 malitiae
952 2701 1079 2741 sunt
1130 2696 1419 2751 expertes,
1456 2689 1710 2744 defendit.
1759 2690 1959 2747 Malitia

393 2796 524 2835 vero
549 2791 801 2836 carentes
833 2782 962 2836 dicit
992 2774 1134 2849 illos,
1167 2798 1257 2851 qui
1308 2783 1448 2838 male
1479 2786 1546 2839 ab
1580 2785 1759 2855 aliquo
1786 2787 1963 2855 passi,

394 2875 760 2930 innocentiam
802 2882 977 2929 tamen
1008 2890 1129 2930 cum
1172 2875 1437 2930 charitate
1474 2876 1722 2933 retinent.
1742 2878 1835 2934 Vel
1884 2880 1966 2933 di-

396 2966 676 3036 scipliuam
692 2967 1072 3035 ἀνεξέλεγκτον
1086 2966 1214 3022 dicit
1238 2967 1405 3033 illam,
1433 2982 1552 3038 qua:
1586 2971 1818 3037 speciem
1849 2972 1968 3039 qui-

398 3058 518 3112 dem
553 3059 769 3128 pietatis
803 3061 985 3125 habet,
1028 3062 1122 3116 sed
1162 3070 1340 3115 tamen
1394 3070 1550 3115 caret
1598 3062 1968 3130 experimento

398 3164 453 3210 et
476 3152 866 3223 exploratione.
900 3152 1032 3206 Nam
1062 3154 1151 3223 qui
1182 3168 1287 3208 non
1319 3154 1480 3207 fuerit
1516 3154 1847 3223 exploratus,
1876 3171 1970 3210 ne-

2126 1864 2348 1934 Ἀνδρα,
2372 1860 2463 1915 τὸν
2492 1858 2588 1913 τοῦ
2619 1857 2778 1927 λόγου
2814 1857 3201 1929 πτωχεύσαντα
3219 1874 3232 1887 ·
3274 1857 3367 1909 καὶ
3399 1858 3581 1928 χεῖρας
3601 1894 3623 1921 ,

2054 1960 2152 2023 τὰς
2184 1958 2285 2027 τῆς
2310 1954 2499 2023 σοφίας
2522 1949 2767 2025 πράξεις.

2137 2052 2195 2105 '0
2231 2050 2326 2119 νοή
2336 2064 2449 2118 μων
2483 2046 2587 2098 ὑπὸ
2620 2043 2729 2097 τῶν
2768 2042 3001 2111 θλίψεων
3031 2042 3126 2095 καὶ
3173 2040 3283 2093 τῶν
3329 2039 3626 2112 συμφορῶν

2060 2144 2133 2215 μὴ
2159 2140 2569 2211 συγκαιόμενος,
2602 2136 2915 2206 γεννήματα
2937 2133 3274 2204 δικαιοσύνης
3302 2133 3456 2204 φέρει
3476 2149 3488 2162 ·
3518 2134 3546 2184 6
3566 2132 3625 2185 δέ

2058 2232 2394 2303 παράνομος,
2426 2229 2521 2281 καὶ⁵
2552 2225 2656 2280 ὑπὸ
2687 2225 2796 2277 τῶν
2823 2224 3104 2295 βελτιόνων
3134 2223 3523 2295 διαφθείρεται.

2128 2324 2383 2377 Παιδείαν
2418 2320 2803 2387 ἀνεξέλεγκτον
2855 2316 3108 2387 ὀνομάζει
3151 2317 3249 2387 τὴν
3296 2317 3469 2387 κακὴν
3524 2314 3623 2385 τῆς

2056 2416 2231 2488 ψυχῆς
2252 2414 2545 2477 πολιτείαν,
2571 2414 2692 2483 ἥτις
2721 2412 2816 2464 καὶ
2844 2409 3115 2472 ἀπωλείας
3141 2409 3235 2462 καὶ
3260 2408 3463 2478 πλάνης
3486 2406 3623 2475 αὐτῇ

2058 2511 2267 2579 γίνεται
2304 2507 2591 2578 πρόξενος’
2620 2506 2653 2575 ή
2688 2506 2745 2558 δὲ
2786 2504 2902 2567 ὁδὸς
2938 2503 3038 2573 τῆς
3078 2502 3239 2571 ζωῆς,
3275 2501 3334 2554 ού
3372 2500 3526 2571 μόνον
3558 2500 3629 2551 ἐκ

2058 2604 2158 2673 τῆς
2187 2602 2428 2663 αἰωνίου,
2457 2599 2595 2653 ἀλλά
2627 2601 2721 2653 καὶ
2752 2600 2816 2651 ἐκ
2839 2597 3017 2667 πάσης
3045 2595 3341 2663 κακότητος
3380 2592 3473 2646 τοῦ
3509 2593 3626 2663 βίου

2060 2695 2374 2766 δυσχερείας
2399 2694 2524 2757 τοὺς
2542 2694 2779 2756 ἀκάκους
2810 2690 3065 2761 φυλάσσει
3086 2706 3098 2717 ·
3136 2687 3461 2750 ἀκάκους.δέ
3479 2686 3629 2753 λέγει

2061 2788 2185 2849 τοὺς
2202 2786 2384 2849 κακῶς
2409 2786 2471 2840 ἐκ
2484 2803 2624 2849 τινος
2640 2783 3027 2854 ὑπομένοντας,
3052 2782 3143 2832 καὶ
3158 2779 3390 2831 ἀκακίαν
3407 2776 3629 2831 ἀσκοῦνα

2063 2899 2159 2944 τας
2192 2883 2249 2934 ἐν
2267 2881 2471 2952 ἀγάπῃ.
2502 2881 2574 2932 Ἦ
2592 2877 2783 2939 οὕτως.
2825 2873 3247 2941 Ἀνεξέλεγκτος,
3280 2873 3313 2941 ή
3336 2871 3629 2942 πρόσχημα

2070 2976 2165 3045 μὲν
2191 2973 2469 3036 εὐσεϐείας
2495 2973 2711 3043 ἔχουσα,
2744 2971 3085 3040 ἀγύμναστος
3114 2965 3169 3018 δὲ
3200 2960 3331 3017 οὖσα
3348 2965 3440 3016 καὶ
3455 2963 3634 3029 ἀνεξέ-

2065 3082 2294 3130 ταστος·
2334 3066 2363 3117 6
2402 3063 2510 3135 γὰρ
2558 3064 2630 3134 μὴ
2679 3060 3050 3131 ἐλεγχόμενος,
3098 3058 3192 3109 καὶ
3242 3053 3489 3125 φανερῶν
3538 3054 3634 3106 καὶ

2072 3157 2274 3227 ἑτέροις
2304 3154 2374 3208 τὰ
2398 3156 2718 3225 φρονήματα
2751 3153 2845 3205 καὶ
2877 3150 3002 3212 τοὺς
3029 3145 3406 3214 διαλογισμοὺς
3447 3142 3635 3206 αὑτοῦ,

399 3262 507 3315 que
538 3246 659 3300 aliis
701 3257 936 3323 mentem
965 3261 1117 3300 suam
1146 3248 1604 3318 cogitationesque
1628 3249 1965 3319 patefecerit,

2078 3247 2335 3301 πλανᾶται
2355 3248 2548 3317 οἰήσει.

400 3337 448 3390 is
475 3335 528 3389 in
554 3349 689 3388 vana
716 3335 1133 3403 praesumptione
1163 3343 1428 3389 versatur.

470 3427 515 3459 "
566 3424 821 3496 Operiunt
874 3425 1007 3481 dicit
1038 3441 1159 3493 pro,
1198 3442 1303 3479 non
1342 3426 1527 3479 sinunt
1564 3440 1848 3496 apparere.
1872 3424 1973 3481 Vel

402 3517 743 3573 inimicitiam
769 3518 844 3571 ait
875 3532 974 3588 pro
1010 3516 1238 3582 malitia,
1269 3516 1425 3584 cujus
1459 3532 1623 3572 causa
1661 3518 1817 3573 invisi
1847 3532 1973 3573 eva-

404 3610 581 3665 dimus
610 3610 736 3664 Deo.
767 3608 836 3661 At
879 3609 1024 3662 enim
1060 3608 1398 3662 inimicitiam
1429 3610 1689 3664 adversus
1719 3610 1887 3664 Deum
1918 3620 1976 3666 et

404 3702 680 3764 homines,
717 3700 916 3755 nostris
972 3701 1025 3754 in
1076 3700 1329 3755 cordibus
1359 3717 1390 3753 ιι
1442 3701 1682 3766 maligno
1728 3702 1968 3766 insitam,

404 3792 506 3845 viri
537 3791 666 3859 justi
699 3790 1000 3858 expellunt,
1028 3790 1305 3857 Deumque
1339 3789 1498 3843 labiis
1522 3790 1824 3855 celebrant,
1851 3807 1974 3845 cum

405 3881 482 3935 ita
532 3880 801 3949 malignus
840 3896 937 3934 eos
978 3880 1289 3935 teutaverit.
1337 3878 1394 3933 Si
1444 3882 1580 3934 enim
1621 3897 1739 3934 cum
1778 3881 1976 3934 inimici

403 3989 657 4039 essemus,
690 3973 863 4041 inquit
902 3971 1100 4026 Paulus
1120 3972 1189 4035 ’⁸,
1220 3974 1538 4026 reconciliati
1558 3990 1735 4028 sumus
1752 3972 1863 4027 Deo
1889 3990 1980 4044 per

404 4078 621 4120 mortem
672 4065 801 4120 Filii
847 4068 983 4136 ejus.
1033 4068 1185 4133 Quod
1221 4069 1265 4121 si
1312 4069 1595 4123 inimicitia
1634 4071 1824 4125 vitium
1871 4082 1978 4137 est,

405 4160 595 4226 utique
645 4158 881 4212 amicitia
912 4158 1084 4211 virtus
1111 4168 1165 4211 et
1194 4160 1400 4227 agnitio
1440 4161 1555 4227 Dei,
1580 4177 1689 4230 qua
1717 4160 1982 4216 efﬁcimur

404 4250 562 4303 amici
600 4249 718 4317 ejus
762 4260 817 4303 et
856 4260 1167 4305 sanctarum
1212 4260 1557 4320 potestatum.
1593 4252 1711 4307 Jam
1750 4255 1841 4324 qui
1887 4256 1979 4311 tali

405 4340 658 4393 amicitiae
694 4354 895 4410 genere
929 4340 1039 4395 Deo
1069 4340 1271 4396 fuerint
1315 4343 1503 4411 amici,
1536 4348 1723 4413 utique
1754 4356 1809 4399 et
1842 4346 1980 4401 iuvi-

405 4445 521 4485 cem
547 4432 706 4485 amici
738 4442 919 4487 erunt.

475 4525 522 4558 ⁸⁸
550 4526 793 4591 Domine,
837 4535 959 4581 ante
993 4536 1041 4579 te
1073 4542 1225 4582 omne
1267 4528 1592 4583 desiderium
1624 4545 1797 4584 meum
1822 4531 1862 4597 ¹,
1894 4531 1980 4585 in-

2141 3405 2812 3492 Τὸ,κα.λύ.πτουσιν,ἀντὶ
2832 3417 2948 3483 τοῦ,
2982 3416 3082 3470 οὐκ
3124 3414 3283 3466 ἐῶσιν
3325 3409 3635 3465 ἀνανεῦσαι.

2077 3522 2147 3574 Ἦ
2177 3520 2374 3591 ἔχθραν
2399 3517 2497 3587 τὴν
2522 3515 2720 3568 κακίαν
2748 3512 2915 3580 λέγει,
2957 3511 3023 3562 δι’
3052 3506 3119 3580 ἧς
3161 3506 3345 3578 ἐχθροὶ
3375 3500 3640 3572 γινόμεθα

2073 3613 2166 3667 τοῦ
2192 3612 2327 3665 Θεοῦ
2350 3629 2360 3639 ·
2386 3609 2482 3681 τὴν
2496 3608 2551 3661 δέ
2574 3605 2714 3658 κατά
2734 3604 2826 3657 τοῦ
2842 3602 2977 3655 Θεοῦ
3005 3602 3097 3654 καὶ
3118 3600 3215 3653 ἀνθ
3226 3597 3419 3667 ρώπων
3435 3595 3637 3663 ἔχθραν

2075 3703 2427 3775 ἐγγινομένην
2456 3701 2583 3770 ἡμῖν
2604 3700 2660 3751 ἐν
2685 3698 2750 3767 τῇ
2788 3694 2982 3766 καρδίαι⁴
3008 3692 3111 3745 ὑπὸ
3137 3690 3228 3743 τοῦ
3255 3684 3509 3757 πονηροῦ,
3537 3686 3645 3775 αύ-

2208 3774 2302 3864 μέν
2333 3790 2677 3844 ἀποσείονται
2717 3788 2766 3839 οἱ
2806 3785 3022 3846 δίκαιοι,
3076 3784 3187 3843 τοῖς
3215 3781 3268 3833 δέ
3307 3779 3506 3849 χείλεσι
3546 3774 3645 3828 τὸν

2076 3889 2208 3942 Θεὸν
2248 3884 2525 3955 ὑμνοῦσιν,
2562 3883 2690 3934 ὅταν
2732 3878 2903 3940 οὕτως
2943 3876 3123 3937 αὐτοῖς
3155 3875 3179 3925 6
3229 3870 3461 3942 πονηρὸς
3504 3870 3646 3921 6m-

2079 3980 2265 4050 ϐάλλησ
2288 3980 2355 4033 El
2380 3976 2488 4045 γὰρ
2514 3972 2712 4043 ἐχθροὶ
2744 3971 2934 4036 ὄντες.
2962 3969 3121 4038 φησιν
3151 3967 3178 4017 6
3206 3964 3410 4024 Παῦλος
3428 3968 3466 4023 ’,
3500 3975 3613 4013 κατ

2078 4072 2429 4141 ηλνίὰγημεν
2471 4068 2553 4133 τῷ
2612 4065 2733 4131 Θεῷ
2778 4063 2874 4117 διὰ
2908 4062 3011 4115 τοῦ
3040 4057 3296 4116 θανάτου
3346 4057 3450 4109 τοῦ
3505 4053 3645 4107 Υίοῦ

2078 4163 2295 4219 αὑτοῦ·
2340 4163 2387 4214 εί
2419 4161 2474 4213 δὲ
2504 4162 2536 4229 ἡ
2570 4158 2764 4228 ἔχθρα,
2797 4156 2964 4207 κακία
3004 4153 3169 4216 ἐστὶν,
3215 4152 3248 4221 ἡ
3298 4148 3446 4218 φιλία
3475 4145 3650 4218 ἀρετὴ

2081 4259 2173 4312 καὶ
2188 4257 2386 4326 γνῶσις
2406 4253 2561 4315 Θεοῦ,
2588 4252 2653 4304 δι’
2685 4247 2753 4323 ἦς
2779 4250 2919 4319 φίλοι
2943 4248 3203 4318 γινόμεθα
3218 4242 3382 4297 αὐτοῦ
3410 4242 3501 4294 καὶ
3535 4240 3649 4293 τῶν

2082 4349 2253 4418 ἁγίων
2273 4348 2553 4416 δυνάμεων
2577 4362 2590 4377 ο
2617 4342 2780 4396 ἐπὶδὲ
2802 4342 2901 4410 τῆς
2930 4340 3107 4408 φιλίας
3146 4336 3369 4405 ταύτης,
3407 4334 3455 4385 οἱ
3492 4332 3647 4395 ὅντες

2081 4439 2244 4494 αὑτοῦ
2275 4439 2435 4508 φίλοι,
2459 4438 2550 4490 καὶ
2572 4434 2811 4504 ἀλλήλων
2838 4432 2943 4485 εἰσὶ
2964 4430 3127 4500 φίλοι.

2152 4533 2350 4599 Κύριε,
2369 4528 2642 4581 ἐναντίον
2658 4542 2774 4579 σου
2798 4524 2962 4579 πᾶσα
2980 4523 3014 4589 ἠ
3029 4520 3305 4589 ἐπιθυμία
3316 4537 3455 4588 μου,
3483 4515 3651 4587 φησὶν

406 4618 524 4687 quit
556 4617 743 4673 David.
773 4618 828 4673 ld
856 4629 962 4685 est,
993 4621 1252 4690 quidquid
1284 4620 1392 4675 Deo
1434 4632 1643 4691 gratum
1674 4632 1781 4686 est,
1821 4596 1977 4690 etju-

2082 4627 2110 4678 6
2135 4596 2294 4677 Δαυίδ
2312 4639 2325 4653 ·
2352 4619 2627 4674 τουτέστιν
2652 4618 2752 4671 ὃσα
2773 4614 2850 4685 τῷ
2883 4611 3003 4684 Θεῷ
3034 4611 3258 4684 ἀρεστὰ,
3291 4611 3383 4662 καὶ
3420 4604 3648 4667 δικαίοις

409 4717 524 4762 stos
544 4708 721 4775 decet,
756 4709 809 4763 id
845 4710 1140 4779 optandum
1174 4719 1276 4775 est,
1303 4718 1363 4762 ut
1383 4710 1730 4777 acceptabilis
1752 4712 1823 4765 sit
1848 4726 1973 4765 ora-

412 4800 489 4855 tio
516 4809 704 4854 nostra
735 4815 920 4854 coram
964 4801 1095 4856 Deo.
1119 4802 1187 4855 At
1229 4801 1425 4869 impius
1458 4802 1759 4871 perditione
1786 4816 1977 4871 perpe-

411 4903 499 4944 tua
534 4891 940 4962 circumagitur,
962 4892 1091 4948 dum
1121 4909 1241 4963 qua:
1267 4893 1376 4949 Deo
1395 4895 1618 4949 minime
1646 4902 1802 4963 grata
1827 4903 1973 4960 sunt,

411 4983 557 5051 cupit
585 4984 822 5052 agitque.

479 5076 501 5107 ι
531 5073 590 5129 Si
618 5076 783 5130 timor
818 5075 911 5130 Dei
930 5076 1081 5131 addit
1106 5076 1241 5144 dies,
1261 5077 1472 5132 initium
1502 5086 1680 5131 autem
1697 5057 1980 5145 sapientiae

414 5167 576 5220 timor
609 5166 842 5232 Domini,
877 5169 1061 5238 utique
1094 5169 1149 5223 lii
1181 5170 1296 5225 dies
1323 5181 1508 5234 partes
1552 5168 1830 5238 sapientia:
1856 5174 1981 5223 sunt

417 5274 445 5310 a
468 5259 695 5327 justitia:
733 5260 847 5313 sole
886 5276 1180 5316 concessae.
1203 5261 1336 5316 Nam
1364 5262 1446 5316 vir
1481 5264 1794 5332 proficiens,
1824 5270 1985 5332 auget

413 5353 663 5406 notiones
683 5363 738 5407 et
762 5352 1207 5410 illuminationes.
1235 5355 1340 5409 Pro
1368 5357 1561 5411 diebus
1581 5364 1761 5411 autem
1795 5355 1984 5424 hujus-

417 5446 559 5501 uiodi
591 5457 713 5500 orat
735 5447 927 5514 David,
959 5449 1147 5505 dicens
1176 5468 1192 5505 ς
1229 5448 1311 5503 Νε
1347 5466 1551 5506 revoces
1578 5466 1657 5504 me
1681 5452 1734 5504 in
1763 5450 1987 5505 dimidio

377 5606 388 5615 ’
488 5613 533 5645 ”
570 5612 733 5666 “1‘2.
813 5613 857 5643 ⁹³
892 5628 939 5668 v.
980 5614 1057 5668 l7.
1148 5614 1193 5645 “
1234 5629 1283 5667 ι’.
1314 5613 1363 5666 ιΙς.
1445 5613 1491 5645 ’³
1517 5628 1543 5666 ι’
1593 5612 1645 5667 5.

426 5684 504 5739 to.
578 5684 597 5713 ‘
626 5698 674 5736 v.
706 5681 794 5734 27.

2080 4717 2327 4788 ἁρμόζει,
2350 4713 2634 4783 ἐπιθυμεῖν
2658 4710 2782 4780 χρὴ,
2816 4708 2903 4761 ἵνα
2928 4706 3092 4777 δεκτὴ
3126 4707 3159 4775 ἡ
3192 4700 3465 4775 προσευχὴ
3490 4696 3650 4769 ἡμῶν

2080 4806 2302 4876 γένηται
2345 4803 2584 4857 ἐναντίον
2628 4798 2888 4853 τοῦΘεοῦ
2914 4814 2926 4829 ο
2967 4798 2995 4849 6
3036 4796 3093 4849 δὲ
3139 4794 3359 4863 ἀσεϐὴς,
3406 4789 3653 4858 ἀπωλείᾳ.

2082 4898 2275 4969 αίωνίᾳ
2296 4895 2649 4968 περιφέρεται
2681 4895 2739 4945 ἐν
2762 4890 2838 4961 τῷ
2861 4888 3146 4959 ἐπιθυμεῖν
3169 4888 3262 4940 καὶ
3291 4885 3549 4957 πράττειν
3583 4882 3658 4936 τὰ

2086 4991 2160 5063 μὴ
2186 4989 2305 5060 Θεῷ
2330 4988 2479 5057 φίλα.

2155 5082 2217 5135 Ei
2252 5081 2414 5150 φόϐος
2434 5078 2637 5149 Κυρίου
2675 5073 3024 5147 προστίθησιν
3058 5070 3288 5141 ἡμέρας,
3316 5067 3457 5137 ἀρχὴ
3485 5066 3539 5119 δὲ
3568 5082 3660 5117 σο-

2087 5175 2215 5245 φίας
2236 5173 2396 5242 φόϐος
2416 5171 2642 5241 Κυρίου,
2663 5170 2717 5222 αἱ
2746 5167 2947 5238 ἡμέραι
2976 5160 3154 5226 αὗται,
3180 5162 3318 5233 μέρη
3346 5161 3444 5229 τῆς
3467 5160 3661 5227 σοφίας

2090 5267 2225 5318 εἰσιν
2252 5264 2355 5317 ὑπὸ
2376 5262 2470 5317 τοῦ
2504 5262 2654 5333 ήλίου
2678 5261 2776 5330 τῆς
2801 5257 3142 5327 δικαιοσύνης
3176 5255 3488 5323 γινόμεναι·
3525 5267 3663 5319 προ-

2092 5357 2305 5410 κόπτων
2320 5355 2428 5425 γάρ
2450 5353 2770 5425 προστίθησι
2798 5349 3025 5419 γνώσεις
3050 5350 3143 5402 καὶ
3166 5345 3493 5416 φωτισμούςο
3517 5344 3663 5413 ὑπὲρ

2092 5449 2149 5501 δὲ
2180 5445 2431 5501 τοιούτων
2471 5442 2691 5515 ἡμερῶν
2726 5441 2941 5513 εὔχεται
2972 5439 3066 5493 καὶ
3115 5437 3274 5493 Δαυῖδ
3317 5436 3486 5503 λέγων
3508 5449 3520 5461 ·
3558 5436 3613 5486 Μ
3622 5432 3659 5499 ὴ

1726 5611 1770 5643 ’κ
1810 5624 1858 5667 v.
1899 5608 1983 5663 l7.

2078 5607 2105 5639 ’⁷
2136 5608 2301 5664 ν.18.
2382 5599 2661 5657 "Rarum.
2703 5596 2786 5651 lO.
2861 5595 2905 5628 "
2951 5608 2997 5649 v.
3028 5593 3121 5647 24.
3199 5589 3213 5620 '
3261 5586 3401 5643 l’sal.
3451 5599 3661 5649 xxxvii,
