3888 6214
130 297 240 352 239

1308 287 1397 341 EX
1407 283 1677 342 POSITIO
1700 283 1766 339 ΙΝ
1809 279 2225 338 PROVERBtA.

3298 267 3403 323 19.0

124 410 442 480 ἀναγάγῃς
469 426 545 478 με
571 408 641 463 ἑν
663 407 867 477 ἡμίσει
886 403 1119 474 rumpebar
1142 419 1259 471 μου
1280 421 1292 432 ’
1317 401 1518 465 ταύτας
1545 400 1601 453 δὲ
1623 399 1723 462 τὰς

1849 400 2027 453 lierum
2054 411 2286 450 meorum
2307 393 2350 446 ³.
2383 390 2543 446 Hisce
2573 388 2765 443 diebus
2789 384 3038 454 expletis,
3062 382 3401 437 Abrahamus

128 504 357 575 ἡμέρας
385 503 479 556 καὶ
524 500 774 571 ’Λϐραάμ
810 496 1101 569 πληρώσας
1138 493 1379 548 ἀπέθανε
1419 491 1720 565 πρεσϐύτε-

1824 504 2040 559 quoque
2065 487 2200 542 obiit
2228 498 2392 541 senex
2426 481 2728 552 plenusque
2755 478 2990 532 dierum.
3020 474 3239 528 Divinas
3266 488 3402 540 quo-

134 560 232 664 ὣς
252 560 362 646 ,καί
399 560 633 664 πλήρης⁵
658 560 880 661 ἡμερῶν
900 560 935 619 ί.
955 588 1048 640 καὶ
1079 585 1177 649 τάς
1210 585 1361 648 θείας
1392 560 1610 655 όράσεις
1647 583 1723 647 ὡς

1849 595 1929 649 me
1963 578 2221 642 visiones,
2253 573 2407 643 quasi
2450 571 2605 635 dies,
2643 567 2792 621 addit
2846 565 3104 619 Dominus
3135 577 3257 616 cum
3300 560 3403 613 ﬁde

127 687 354 757 ἡμέρας
381 683 705 756 προστίθησι
730 681 933 754 Κύριος
953 682 1067 743 τοῖς
1094 681 1151 731 ὲν
1164 676 1346 729 πίστει
1369 673 1725 746 φοϐουμένοις

130 778 334 833 αὐτόν·
370 777 443 829 τὰ
475 776 677 828 δὲυτῶν
710 773 923 828 ἀσεϐῶν
959 772 1076 841 ἔτη,
1121 769 1299 838 ἀσοφα
1333 766 1599 838 ὁραθέντα
1632 766 1727 819 καὶ

127 870 291 933 θείας
313 869 540 947 χάριτος
570 866 722 929 ἄνευ,
746 862 1120 933 ὡλιγώθησαν.

198 959 395 1012 Δίὦνα
420 959 513 1011 τὸν
540 956 831 1028 ἀνθρώπου
857 954 968 1025 βίον
989 953 1159 1021 λέγει,
1184 952 1263 1016 ὡς
1290 953 1319 1004 6
1352 949 1593 1014 Παῦλος·
1642 949 1728 1003 Οὐ

122 1052 213 1121 μὴ
245 1051 423 1121 φάγω
450 1048 595 1118 κρέα
620 1051 708 1114 εὶς
738 1046 846 1101 τόν
862 1045 1067 1113 αἰῶνα,
1089 1045 1190 1099 ἵνα
1214 1044 1297 1115 μὴ
1328 1044 1434 1097 τὸν
1461 1042 1729 1110 ἀδελφόν

125 1161 254 1212 μου
292 1141 726 1196 σκανδαλίσωο
777 1138 839 1192 τὸ
877 1138 985 1210 γὰρ
1034 1135 1638 1209 συμπαρεκτεινόμενον
1662 1135 1728 1203 τῇ

131 1234 403 1289 συστάσει
423 1233 522 1303 τῆς
551 1232 697 1301 ζωῆς
729 1230 916 1295 αὐτοῦ,
949 1229 1124 1283 αἰῶνα
1148 1228 1430 1298 ὠνόμασεν
1451 1244 1464 1257 ο
1492 1226 1608 1279 Οὐκ
1645 1226 1731 1277 ὲν-

126 1325 304 1379 δὼσει
330 1324 463 1395 γὰρ,
497 1325 683 1395 φησὶν,
709 1324 738 1377 ό
763 1322 968 1384 δίκαιος
997 1320 1314 1391 ἀμαρτῆσαι
1347 1316 1731 1388 ἐνοχλούμενος

129 1416 239 1470 ὑπὸ
263 1415 365 1469 τοῦ
400 1414 658 1486 πονηροῦ.
691 1414 755 1467 Οἱ
797 1412 853 1465 δὲ
876 1412 1093 1475 ἀσεϐεῖς
1122 1411 1526 1481 ἁμαρτάνοντες
1552 1408 1612 1460 οὐ
1643 1407 1733 1478 μό-

1825 670 2144 726 timeutibus
2186 682 2268 723 se.
2311 666 2382 720 At
2417 678 2549 719 vero
2585 661 2876 728 impiorum
2910 655 3059 718 anni,
3089 653 3405 722 insipientes

1826 765 2108 838 comperti,
2142 771 2198 819 et
2220 761 2428 829 absque
2465 756 2646 813 divina
2670 754 2873 825 gratia,
2899 749 3131 806 breviati
3161 746 3401 800 ίιιεῐιιιιι.

1902 956 1924 987 ⁵
1952 951 2218 1009 Saeculum
2258 946 2390 1004 dicit
2445 947 2738 1001 humanam
2790 939 2981 1001 vitam,
3010 944 3070 989 ut
3109 932 3308 988 Paulus
3336 931 3357 962 '
3387 948 3402 983 :

1830 1049 1955 1104 Non
1984 1041 2311 1100 manducabo
2338 1053 2547 1094 carnem
2573 1037 2628 1088 in
2649 1032 2921 1097 sarculum,
2950 1045 3012 1083 ne
3037 1028 3169 1097 forte
3189 1025 3406 1093 fratrem

1830 1155 2000 1194 meum
2022 1134 2396 1191 scandalizem.
2437 1129 2644 1198 Quippe
2661 1127 2978 1182 demensum
2998 1121 3122 1175 vitae
3146 1132 3257 1173 suae
3284 1132 3408 1184 spa-

1833 1231 1989 1295 tium,
2022 1227 2276 1283 saeculum
2312 1220 2634 1277 nominavit.
2686 1216 2802 1271 Non
2853 1213 3173 1273 delabetur,
3210 1207 3403 1276 inquit,

1826 1323 2007 1391 justus
2037 1320 2102 1375 ad
2126 1314 2458 1388 peccandum
2498 1318 2718 1380 propter
2751 1306 2929 1362 illatas
2965 1303 3071 1360 sibi
3114 1318 3142 1356 a
3172 1300 3407 1367 maligno

1834 1412 2132 1470 molestias.
2164 1409 2236 1463 At
2290 1404 2441 1475 impii
2491 1408 2784 1472 peccantes
2820 1412 2926 1453 non
2981 1409 3150 1462 regno
3200 1400 3405 1447 tantum

131 1527 224 1563 νον
250 1507 620 1563 ἐκπεσοῦνται
651 1506 752 1576 τῆς
791 1503 1091 1576 βασιλείας,
1143 1501 1281 1556 ἀλλά
1306 1501 1368 1554 τὸ
1392 1499 1505 1572 πῦρ
1542 1499 1638 1553 κα)⁴
1669 1498 1731 1551 οὐ

1849 1507 2104 1571 :xcident,
2127 1515 2313 1556 verum
2343 1512 2411 1553 ne
2445 1506 2643 1553 terram
2677 1492 2893 1563 quidem
2924 1486 3267 1545 habitabant.

130 1602 235 1673 τὴν
262 1601 372 1671 γῆν
406 1601 742 1671 οἰκήσουσιν.

216 1692 374 1747 Ἀντὶ
406 1692 524 1755 τοῦ,
566 1692 788 1762 χάριτος
826 1686 1111 1749 ἀνάπλεώς
1152 1687 1336 1738 ἐστιν·
1387 1681 1647 1746 εὐσεϐοῦς
1677 1681 1734 1735 δὲ

134 1786 320 1855 στόμα
354 1783 451 1836 νῦν
479 1784 570 1836 τὸν
600 1781 724 1834 νοῦν
769 1780 916 1848 λέγει
962 1778 1057 1831 καὶ
1099 1777 1200 1847 τὴν
1232 1776 1457 1848 καρδίαν
1479 1814 1495 1838 ,
1530 1774 1606 1838 ὼς
1638 1773 1726 1827 διὰ

1849 1773 2062 1831 laminis
2078 1786 2139 1825 os
2165 1784 2309 1824 nunc
2329 1782 2425 1838 pro
2452 1774 2634 1819 mente
2662 1763 2795 1817 dicit
2822 1770 2876 1814 et
2904 1761 3220 1825 corde,quae
3248 1752 3408 1822 quasi

131 1846 251 1936 τιτι-ἱ
280 1881 509 1952 χεςλέων
528 1877 695 1950 ὑμνοῦ
704 1893 803 1930 σαν
820 1846 911 1928 τὸν
938 1874 1104 1929 Θεόν·
1133 1846 1193 1925 τὸ
1214 1873 1271 1925 δὲ
1297 1846 1491 1925 λαλοῦν
1514 1869 1729 1941 πονηρὰ

1849 1868 1987 1923 abiis
2035 1865 2200 1919 Deum
2233 1858 2639 1915 concelebrant.
2683 1854 2837 1921 Quod
2885 1860 3065 1906 autem
3115 1862 3281 1920 prava
3330 1846 3402 1900 lo-

136 1942 320 2043 στόμα
349 1970 461 2023 τῶν
490 1942 722 2030 ἀσεϐῶν,
774 1966 1179 2038 ἀποστρέφεται
1224 1964 1334 2017 ἀπὸ
1358 1961 1454 2016 τοῦ
1481 1961 1616 2015 Θεοῦ
1643 1962 1724 2023 είς

1849 1960 2014 2029 [uitur
2045 1972 2107 2011 os
2159 1955 2447 2023 impiorum
2481 1991 2495 2013 ,
2531 1956 2880 2016 retorquetur
2908 1962 2936 1997 ιι
2973 1945 3081 1998 Deo
3132 1943 3187 1994 iu
3233 1942 3406 2009 ipsum

135 2061 199 2113 τὸ
223 2032 375 2165 εἶναι
393 2058 473 2129 τῷ
505 2056 728 2129 πονηρῴ
747 2071 762 2085 ·
787 2056 889 2127 ὅρα
1000 2032 1055 2107 τί
1084 2054 1182 2108 ἀπ’
1210 2053 1445 2119 ἐκείνου,
1467 2051 1519 2104 τί
1542 2051 1599 2105 δὲ
1625 2051 1734 2104 ἀπὸ

1854 2051 2077 2122 mpium.
2114 2046 2328 2103 Videsis
2350 2052 2532 2099 autem
2561 2043 2689 2111 quid
2718 2042 2785 2095 ab
2822 2040 2932 2103 illo,
2952 2047 3007 2094 et
3031 2035 3161 2107 quid
3190 2032 3257 2087 ab
3284 2033 3405 2085 hoc.

144 2166 362 2203 τουτου.

1907 1682 1928 1713 ⁸
1951 1680 2059 1735 Pro
2090 1693 2155 1733 eo
2190 1691 2255 1732 ac
2293 1675 2339 1729 si
2366 1674 2537 1737 dicat,
2581 1670 2772 1743 gratiae
2802 1668 2993 1738 plenus
3016 1672 3117 1720 est.
3150 1660 3406 1731 Religiosi

1660 2252 1813 2310 CAP.
1832 2294 1835 2297 λ
1853 2252 1946 2307 XI.

219 2357 407 2426 Ἔχων
428 2355 534 2425 γὰρ
562 2355 698 2424 πρὸς
722 2352 790 2405 τά
816 2352 1076 2423 μέλλοντα
1102 2351 1195 2404 τὸν
1225 2350 1447 2415 σκοπὸν,
1470 2348 1726 2420 τυγχάνει

1903 2351 1923 2382 ⁷
1955 2348 2057 2416 Qui
2099 2359 2319 2417 scopum
2353 2342 2458 2398 sibi
2497 2338 2752 2412 proponit
2795 2350 2882 2391 res
2913 2334 3149 2395 futuras,
3187 2344 3411 2401 prorsus

143 2450 373 2512 πάντως
397 2421 471 2502 ὧν
495 2421 861 2518 προσεδόκησε
882 2445 1208 2514 τελευτήσας
1232 2446 1260 2497 6
1292 2443 1513 2506 δίκαιος.
1548 2443 1617 2494 Ἢ
1650 2443 1730 2505 είς

1849 2442 2069 2513 acquirit
2112 2437 2573 2509 exspectationem
2613 2446 2767 2487 suam
2819 2428 3058 2484 moriens
3089 2423 3285 2493 justus.
3318 2421 3410 2476 Vel

135 2544 241 2614 τὴν
292 2541 585 2594 ἀνάστασιν
620 2540 768 2609 ἡμᾶς
818 2536 1177 2607 παραπέμπει
1204 2553 1215 2564 ·
1256 2535 1350 2588 καὶ
1396 2534 1489 2588 ἐπὶ
1539 2532 1730 2587 τούτου

144 2636 243 2707 μὲν
303 2633 454 2705 μένει
493 2632 561 2685 τὰ
590 2631 741 2691 ὄντα,
767 2630 861 2684 καλ⁸
901 2630 1001 2681 οὐκ
1033 2627 1379 2696 ἀφανίζεται·
1408 2628 1495 2680 ἐπ’
1521 2628 1730 2679 ἐκείνου

142 2728 202 2783 δὲ
231 2727 330 2781 καὶ
368 2724 439 2778 τά
470 2724 601 2777 ὄντα
640 2723 951 2775 σϐέννυται·
982 2721 1040 2772 ὲν
1063 2719 1172 2791 γὰρ
1203 2719 1281 2790 τῷ
1308 2720 1535 2791 παρόντι
1572 2719 1731 2790 μόνον

143 2815 304 2868 αἰῶνι
339 2812 649 2881 καυχῶνται
673 2829 686 2841 ·
714 2810 843 2882 περὶ
872 2805 947 2864 ὧν
980 2809 1195 2881 εἴρηται
1214 2828 1227 2840 ·
1257 2803 1370 2863 Ὧν
1398 2812 1437 2878 ἡ
1485 2809 1634 2874 δόξα
1661 2810 1731 2863 ἐν

140 2908 217 2978 τῇ
240 2909 508 2977 αἰσχύνῃ
535 2905 752 2961 αὐτῶν.

216 3086 334 3153 Οὐχ
368 3084 444 3148 ὡς
487 3083 854 3154 ὑποκειμένου
901 3083 996 3136 τοῦ
1047 3080 1306 3144 εὐσεϐοῦς
1348 3084 1415 3153 τῇ
1454 3083 1575 3153 δίκῃ
1606 3082 1739 3152 φησι

139 3178 225 3239 τὸ,
244 3177 386 3229 Ἀπ’
402 3176 649 3230 αὺτοῦπα
659 3177 922 3248 ραδίδοται
942 3175 1164 3246 ἀσεϐὴς,
1185 3175 1299 3228 ἀλλ’
1318 3176 1551 3246 ὲπειδὴὴ
1574 3176 1740 3244 παγίς

141 3271 296 3321 ἐστιν
326 3266 436 3319 ἀπὸ
457 3265 552 3319 τοῦ
582 3266 818 3338 πονηροῦ
837 3264 978 3319 κατά
1004 3264 1099 3317 τοῦ
1125 3264 1356 3327 δικαίου,
1385 3264 1577 3317 τούτου
1610 3267 1737 3336 ῥυο-

146 3360 315 3431 μένου
364 3359 686 3427 περιπίπτει
735 3358 908 3431 ταύτῃ
951 3361 979 3412 ό
1031 3356 1263 3428 ἀσεϐής·
1296 3356 1659 3427 ὲξαρπάζεται
1711 3357 1740 3408 6

144 3452 381 3522 εὐσεϐὴς
406 3451 511 3503 ὑπὸ
529 3451 687 3515 Θεοῦ,
711 3451 739 3502 6
764 3451 820 3503 δὲ
842 3450 1044 3520 ἀσεϐὴς
1075 3448 1544 3517 ἐγκαταλειφθεὶς,
1582 3466 1739 3519 περι-

147 3545 363 3597 πίπτει·
394 3543 533 3596 κατά
559 3544 639 3603 τὸ,
659 3545 762 3597 Ἐν
794 3542 917 3608 τοῖς
937 3542 1134 3611 ἔργοις
1165 3541 1283 3595 τῶν
1313 3540 1528 3610 χειρῶν
1550 3541 1739 3595 αὑτοῦ

146 3634 509 3705 συνελήφθη
539 3639 571 3689 ό
606 3638 970 3704 ἁμαρτωλός.
1006 3636 1078 3688 Ἦ
1108 3637 1299 3707 ἐπειδὴ
1328 3638 1357 3689 6
1385 3635 1591 3699 δίκαιος
1610 3637 1741 3689 ὑπό-

148 3729 328 3783 κειταί
356 3746 497 3781 τισιν
517 3729 593 3792 ὡς
618 3728 713 3782 ἅνθ
723 3747 905 3801 ρωπος
930 3730 1147 3801 ἀμαρτή
1158 3746 1341 3800 μασιν,
1368 3728 1538 3781 ἐλθὼν
1560 3731 1588 3781 6
1610 3729 1738 3781 ἀσε-

150 3822 254 3893 ϐὴς
288 3825 382 3873 καὶ
418 3825 795 3893 κακοποιῆσας
827 3822 916 3873 τὸν
941 3820 1168 3883 δίκαιον,
1192 3820 1300 3874 τῶν
1328 3820 1425 3892 μὲν
1457 3818 1740 3891 ἁμαρτιῶν

152 3916 247 3965 καὶ
280 3913 390 3965 τῶν
423 3914 695 3966 κολάσεων
714 3913 822 3965 τῶν
860 3911 1168 3983 μελλουσῶν
1202 3914 1493 3984 ἐρρύσατο,
1516 3914 1596 3975 εἰς
1611 3913 1740 3964 ἐαυ-

148 4006 243 4058 τὸν
270 4005 327 4058 δὲ
359 4005 461 4068 τὰς
488 4006 758 4077 τιμωρίας
800 4005 1105 4071 ἀνεδέξατο.
1149 4004 1505 4074 Παραδίδοται
1554 4004 1610 4057 δὲ
1651 4006 1739 4073 ὑφ’

157 4098 354 4150 ἑαυτοῦ
390 4099 495 4150 ὑπὸ
522 4099 621 4169 τῆς
648 4098 782 4161 ἰδίας
815 4098 1032 4161 κακίας,
1060 4096 1136 4160 ὡς
1165 4097 1437 4167 παραδοὺς
1449 4096 1640 4150 ἑαυτὸν
1661 4097 1741 4160 εἰς

153 4191 414 4259 ἀδόκιμον
438 4188 580 4243 νοῦν.

231 4284 389 4334 Ἤτοι
433 4281 705 4352 διάκρισις
744 4281 778 4352 ἡ
815 4282 943 4351 περὶ
987 4280 1097 4334 τῶν
1145 4280 1464 4351 πρακτέων,
1501 4278 1533 4348 ἢ
1566 4283 1637 4349 μή
1661 4294 1674 4307 ⁸
1704 4277 1736 4347 ἢ

1835 2538 1901 2591 ad
1954 2534 2406 2590 resurrectionem
2446 2544 2547 2583 nos
2594 2525 2847 2581 amandat
2892 2529 3109 2575 auctor.
3163 2516 3227 2571 Et
3258 2516 3408 2584 justo

1836 2627 2053 2698 quidem
2087 2631 2442 2692 manentqnze
2466 2619 2647 2680 habet,
2669 2630 2770 2670 nec
2796 2618 3026 2682 pereunt
3049 2627 3062 2663 :
3092 2607 3292 2677 iujusto
3316 2621 3413 2659 au-

1838 2728 1946 2774 tem
1978 2730 2033 2774 et
2062 2716 2205 2787 quod
2241 2716 2426 2778 habet,
2471 2709 2863 2778 exstinguitur.
2906 2703 3117 2773 Quippe
3142 2700 3409 2772 ejusmodi

1838 2811 2087 2867 homines
2116 2806 2364 2878 prmsenti
2402 2814 2606 2859 tantum
2641 2801 2839 2857 saeculo
2874 2795 3268 2859 exsultant;de
3293 2794 3416 2863 qui-

1846 2902 1947 2959 bus
1969 2904 2169 2959 dictum
2198 2909 2282 2955 est
2304 2901 2326 2932 ⁸
2358 2916 2372 2952 z
2401 2897 2636 2964 Quorum
2665 2894 2834 2964 gloria
2864 2892 2919 2945 in
2951 2887 3238 2959 ignominia
3272 2885 3414 2951 ipso-

1759 2995 1804 3054 C
1838 3015 1978 3053 rum.

1908 3090 2027 3146 Non
2058 3089 2183 3159 quia
2235 3083 2545 3156 suppositus
2574 3076 2905 3136 damnationi
2953 3074 3114 3130 fuerit
3152 3072 3237 3126 vir
3269 3070 3413 3141 pius,

1838 3186 1972 3242 dicit
2002 3205 2013 3238 :
2052 3180 2254 3251 Impius
2308 3177 2547 3232 traditur
2576 3188 2674 3241 pro
2728 3184 2794 3223 eo
2822 3185 2837 3231 ;
2871 3168 2963 3223 sed
2996 3166 3123 3235 quia
3164 3164 3411 3231 laqueum

1842 3276 2124 3347 improbus
2145 3274 2292 3341 justo
2321 3271 2658 3329 tetenderat;
2686 3265 2791 3317 hoc
2828 3269 3034 3329 erepto,
3058 3256 3248 3311 incidit
3275 3256 3329 3308 in
3357 3253 3414 3307 il-

1843 3370 1951 3424 lum
2004 3364 2305 3435 improbus.
2334 3361 2576 3428 Eripitur
2614 3374 2641 3409 a
2690 3358 2797 3410 Deo
2835 3354 2953 3422 pius
2986 3367 3001 3416 ;
3041 3349 3239 3417 impius
3286 3361 3415 3401 vero

1842 3459 2129 3528 derelictus
2168 3456 2415 3523 laqueum
2449 3450 2699 3503 incurrit.
2733 3446 2894 3501 Juxta
2924 3443 3053 3497 illud
3087 3460 3100 3495 :
3141 3439 3206 3493 In
3238 3438 3414 3506 operi-

1843 3554 1936 3606 bus
1988 3562 2241 3602 manuum
2289 3560 2505 3599 suarum
2546 3542 2947 3609 comprehensus
2992 3542 3067 3589 est
3110 3540 3351 3603 peccator
3374 3531 3417 3583 ’.

1844 3644 1939 3696 Vel
1983 3662 1994 3697 :
2024 3641 2147 3710 quia
2180 3638 2361 3707 justus
2396 3634 2667 3689 obnoxius
2692 3641 2798 3697 est,
2851 3639 3037 3696 utpote
3065 3626 3247 3685 homo,
3289 3624 3415 3691 qni-

1842 3732 2065 3790 busdam
2118 3728 2374 3798 peccatis,
2405 3721 2793 3791 superveniens
2842 3718 3041 3785 impius
3083 3723 3140 3769 et
3175 3710 3422 3779 afﬂigens

1840 3828 2066 3898 justum,
2101 3837 2130 3875 a
2174 3818 2412 3891 peccatis
2451 3826 2508 3869 et
2537 3814 2732 3869 futuris
2776 3810 2952 3881 poenis
2997 3809 3141 3861 hunc
3191 3804 3418 3866 liberat,

1845 3894 1896 3971 in
1926 3930 1984 3970 se
2020 3922 2199 3965 autem
2240 3923 2431 3978 poenas
2458 3906 2574 3959 illas
2609 3901 2856 3956 attrahit.
2893 3894 3418 3953 Proditnrnimirum

1843 4023 1873 4061 a
1904 4021 1999 4061 sua
2024 4003 2191 4073 ipsius
2214 4000 2436 4063 malitia,
2465 4004 2751 4066 postquam
2770 4007 2829 4046 se
2857 3990 2909 4043 in
2943 3986 3243 4056 improbam
3269 3999 3419 4039 men-

1845 4106 1951 4152 tem
1988 4092 2241 4160 conjecit.

1915 4273 1958 4305 ¹⁰
1982 4271 2246 4325 Nimirum
2270 4281 2449 4323 rerum
2476 4263 2803 4333 agendarum
2835 4267 2926 4312 aut
2958 4271 3062 4310 non
3095 4251 3420 4323 agendarum

155 4374 298 4427 ὥστε
322 4373 415 4425 τὸν
444 4343 651 4425 ἑαυτῶν
677 4343 789 4440 βίον
816 4343 1118 4442 οἰκονομεῖν
1136 4389 1149 4401 ·
1170 4343 1459 4424 κλυδώνιον
1493 4343 1599 4441 γ’άρ

1849 4363 2147 4425 discretio;
2188 4358 2270 4413 vel
2329 4358 2566 4427 propria:
2630 4352 2755 4406 vita:
2808 4343 3252 4401 administratio.
3302 4356 3422 4408 qua:

162 4466 304 4537 μέγα
336 4466 433 4517 καὶ
477 4465 747 4535 ἀφόρητον
772 4481 785 4492 ·
831 4464 879 4515 oi
916 4462 1149 4516 τοιοῦτοι
1197 4464 1306 4534 γάρ
1349 4463 1511 4515 παντὶ¹
1557 4460 1745 4531 ἀνέμῳ

159 4554 582 4626 περιφερόμενοι
609 4552 909 4621 ναυαγοῦσι
936 4553 1066 4624 περὶ
1088 4554 1181 4605 τὸν
1211 4553 1323 4622 βίον
1356 4553 1388 4621 ἢ
1412 4553 1510 4623 τὴν
1540 4551 1743 4613 πίστιν,

162 4650 255 4703 καὶ
300 4648 375 4712 ὡς
410 4645 583 4715 φύλλα
622 4645 839 4716 δένδρου
879 4645 1170 4698 πίπτουσιν
1200 4643 1308 4697 ἀπὸ
1347 4642 1443 4696 τοῦ
1474 4641 1630 4705 Θεοῦ,
1665 4637 1748 4704 οἷς

166 4743 239 4811 μὴ
267 4740 505 4811 ὑπάρχει
539 4738 700 4808 σοφία
737 4737 910 4790 Θεοῦο
949 4738 998 4789 εί
1041 4736 1097 4788 δὲ
1132 4738 1164 4807 ὴ
1209 4736 1450 4806 σωτηρία
1499 4733 1646 4785 ἐστὶν
1690 4734 1748 4785 ὲν

165 4838 350 4907 βουλῇ,
382 4837 478 4888 καὶ
506 4835 603 4904 οὐχ
653 4832 841 4894 ἀπλῶς
893 4830 1078 4902 βουλῇ,
1123 4829 1261 4882 ἀλλά
1307 4831 1400 4882 καὶ
1427 4827 1615 4898 πολλῇ,
1647 4827 1748 4880 οὐκ

167 4930 275 4999 ἀρα
320 4930 379 4981 ἐν
428 4926 675 4997 σώμασιν
707 4925 740 4995 ἢ
776 4925 1083 4996 χρήμασιν,
1134 4922 1255 4975 οὐδὲ
1286 4919 1431 4975 κατὰ
1464 4920 1624 4988 φύσιν
1664 4936 1749 4983 τις

167 5020 397 5085 σώζεται
418 5035 432 5048 ο
465 5017 608 5071 κατά
626 5018 752 5080 τοὺς
781 5016 879 5080 τάς
907 5015 1096 5085 φύσεις
1125 5014 1458 5082 εἰσάγοντας.

246 5196 514 5253 Ἐνταῦθα
541 5194 639 5266 τὴν
670 5194 851 5265 ψυχὴν
878 5192 1138 5263 ἄντικρυς
1162 5192 1421 5262 προεῖπεν
1449 5189 1625 5261 σῶμα’
1649 5190 1745 5243 καὶ

165 5295 196 5346 6
221 5289 452 5363 Χριστὸς
484 5288 541 5340 δὲ
578 5290 638 5339 ὲν
679 5289 793 5348 τοῖς
819 5283 1196 5352 Εὐαγγελίοις,
1243 5282 1402 5353 σῶμα
1432 5281 1532 5352 τὴν
1567 5280 1745 5352 ψυχὴν

166 5379 417 5452 ὀνομάζει
438 5396 453 5410 υ
494 5380 559 5431 '0
582 5376 836 5445 λύχνος,
863 5372 1059 5442 λέγων,
1074 5372 1181 5426 τοῦ
1210 5370 1482 5440 σώματός
1513 5371 1684 5425 ἐστιν
1714 5373 1748 5423 ό

168 5473 505 5542 ὀφθαλμός-⁸
553 5467 749 5539 λύχνον
804 5467 902 5538 μὲν
946 5461 1067 5517 εἷπε
1113 5463 1205 5517 τὸν
1234 5463 1358 5515 νοῦν
1383 5480 1397 5490 ”
1447 5461 1608 5525 αὐτὸς
1641 5461 1750 5533 γάρ

170 5573 280 5625 ἐστι
300 5568 549 5637 γνώσεως
579 5564 826 5627 δεκτικὸς
862 5580 875 5593 ·
903 5560 1060 5627 σῶμα
1092 5558 1148 5611 δὲ
1174 5556 1233 5611 τὸ
1263 5555 1490 5628 θυμικὸν
1515 5558 1608 5609 καὶ
1634 5556 1751 5609 ἐπι-

237 5691 260 5725 ³
294 5690 432 5744 Psal.
464 5706 536 5752 cr,
565 5688 657 5741 25.
762 5687 783 5715 δ
818 5701 866 5739 v.
906 5684 994 5736 '50.
1097 5683 1116 5713 ⁵
1149 5681 1481 5752 Ιϐοτςμνιιι,
1538 5679 1622 5735 15.

188 5758 229 5789 ¹⁶
286 5772 337 5811 v.
402 5758 489 5813 14.
528 5750 604 5791 ⁷¹¹
648 5773 701 5812 ν.
731 5756 813 5812 17.
895 5758 935 5787 ¹²
972 5752 1156 5809 Matth.
1186 5766 1257 5813 va.
1288 5750 1376 5808 22.

1734 5680 1752 5710 °
1802 5694 1851 5733 v.
1903 5676 1991 5733 '52.

1843 4466 1989 4510 certe
2042 4466 2239 4520 magna
2272 4448 2508 4520 procella
2552 4454 2638 4501 est
2679 4453 2733 4497 et
2776 4436 3151 4494 intolerabilis.
3184 4433 3246 4487 Ili
3277 4433 3419 4485 enim

1841 4548 1989 4605 omni
2020 4556 2180 4601 vento
2202 4541 2662 4600 circumferuntur
2692 4537 2746 4590 in
2772 4535 2898 4587 vita:
2928 4540 3020 4585 aut
3054 4527 3176 4583 lidei
3200 4526 3420 4581 naufra-

1843 4642 1949 4712 gio,
1976 4649 2032 4695 et
2050 4647 2304 4707 tanquam
2329 4633 2539 4688 arboris
2568 4630 2691 4684 folia
2717 4627 3066 4681 decutiuntur
3088 4638 3115 4673 ει
3145 4621 3272 4683 Deo,
3303 4619 3424 4687 qui-

1848 4735 1946 4788 bus
1988 4732 2078 4786 Dei
2112 4728 2377 4799 sapientia
2422 4740 2525 4778 non
2555 4722 2717 4777 inest.
2745 4719 2895 4786 Quod
2932 4718 2977 4771 si
3019 4714 3169 4769 salus
3201 4713 3255 4766 in
3288 4726 3421 4765 con-

1847 4823 1969 4877 silio
2000 4819 2251 4881 vertitur,
2282 4829 2459 4884 neque
2509 4813 2562 4865 in
2614 4808 2841 4865 consilio
2877 4804 3197 4874 simpliciter
3238 4803 3332 4857 scd
3369 4801 3422 4853 in

1846 4913 1966 4983 ejus
1999 4913 2178 4980 copia,
2216 4922 2319 4962 non
2366 4906 2529 4974 igitur
2555 4903 2875 4971 corporibus
2922 4896 3197 4952 divitiisve
3241 4891 3426 4947 inniti-

1849 5016 1936 5061 tur
1967 5024 1980 5058 :
2012 5017 2187 5071 neque
2217 5001 2284 5055 ab
2333 4996 2512 5051 indole
2551 4994 2769 5064 propria
2805 4991 2929 5061 quis
2964 4988 3249 5050 salvatur;
3281 4986 3424 5053 quod

1847 5095 1934 5149 aio
1960 5102 2148 5146 contra
2186 5105 2279 5144 eos
2298 5088 2388 5158 qui
2427 5085 2619 5140 indolis
2652 5082 2899 5138 haeresim
2927 5080 3210 5133 invehunt.

1922 5186 1966 5218 “
2016 5182 2115 5238 llic
2149 5184 2430 5237 evidenter
2467 5175 2787 5231 vocabulum
2828 5174 3010 5227 anima
3059 5184 3157 5234 pro
3199 5178 3427 5223 corpore

1852 5278 2050 5348 posuit.
2088 5275 2154 5329 Et
2206 5273 2419 5343 quidem
2470 5270 2721 5325 Christus
2773 5263 2829 5319 in
2877 5260 3188 5329 Evangeliis
3230 5272 3426 5326 corpus

1853 5370 1984 5425 dicit
2012 5383 2111 5439 pro
2159 5367 2341 5421 anima
2375 5382 2391 5419 :
2443 5361 2709 5424 Lucerna,
2746 5357 2921 5426 inquit
2955 5356 3023 5419 “,
3075 5353 3312 5420 corporis
3350 5360 3424 5403 est

1856 5463 2038 5516 oculus
2072 5474 2091 5523 ;
2122 5459 2397 5514 lucernam
2451 5469 2641 5522 nempe
2683 5452 2868 5507 dicens
2910 5461 3010 5518 pro
3058 5453 3261 5508 mente,
3308 5458 3425 5511 quae

1858 5552 2099 5609 scientiae
2137 5564 2307 5617 capax
2352 5554 2456 5613 est.
2503 5543 2711 5611 Corpus
2739 5548 2916 5594 autem
2952 5532 3424 5604 concupiscibilcm

2104 5677 2122 5707 ⁷
2159 5691 2207 5729 v.
2243 5674 2293 5727 7.
2401 5672 2419 5702 "
2449 5668 2639 5739 Philip.
2677 5682 2761 5733 ιιι,
2810 5662 2891 5719 l9.
2999 5661 3018 5692 °
3048 5656 3191 5714 l‘sal.
3224 5671 3299 5724 Ix,
3335 5654 3421 5709 l7.
