3888 6214
471 243 564 296 I'Jl

1361 243 1924 301 SUPPLEMENTUM
1951 244 2042 299 AD
2077 244 2406 302 ORIGENIS
2436 243 2852 302 EXEGE-TICA.

3636 245 3733 298 I92

465 385 587 424 esse
615 369 782 424 animi
815 378 1044 440 partem,
1073 383 1238 440 quam
1271 367 1488 438 quidam
1544 369 1936 431 irrationalem,
1961 371 2045 424 alii

2157 368 2460 440 Θυμητικὸν
2492 367 2657 439 μέρος
2678 366 2781 436 τῆς
2813 365 2991 436 ψυχῆς
3011 382 3022 395 ·
3046 364 3182 434 ὅπερ
3201 362 3343 426 τινὲς
3373 361 3490 432 μὲν,
3521 361 3730 430 ἄλογον·

466 469 647 515 autem
701 461 1032 528 patheticam
1067 460 1357 530 appellant.
1393 457 1568 513 Homo
1623 469 1803 513 autem
1843 474 1910 513 ex
1959 450 2047 524 iis,

464 567 586 620 qua:
639 552 768 606 fecit
805 553 1090 622 docetque,
1143 552 1319 615 bouis,
1366 566 1511 604 nunc
1540 551 1756 620 quidem
1785 553 2050 622 cognitio-

466 658 588 696 nem
648 644 1013 712 corporalium
1052 653 1107 698 et
1164 641 1580 712 iurorporalium
1611 683 1626 705 ,
1669 644 1721 697 in
1772 653 2046 714 posterum

464 743 645 789 autem
674 751 901 805 regnum
937 736 1199 790 caalorum
1247 735 1481 803 acquirit
1519 734 1623 789 sibi
1661 736 2049 808 disripulisque

465 823 603 878 suis.
639 823 963 879 Pessumdat
1013 839 1143 877 vero
1197 839 1302 877 non
1344 839 1503 878 suum
1549 835 1754 878 tantum
1811 842 2042 896 corpus;

464 917 556 969 sed
587 915 750 969 etiam
793 914 1054 980 animam,
1086 929 1208 970 cum
1241 916 1306 972 iis
1350 915 1440 984 qui
1474 915 1522 969 ei
1575 916 1902 984 obaudiunt,
1934 919 2044 991 igni

462 1006 666 1062 exitiali
700 1007 996 1062 contradit.

535 1099 576 1131 ¹³
601 1098 695 1153 Ille
721 1099 902 1153 manui
928 1114 1119 1154 manus
1144 1099 1338 1154 inserit
1371 1101 1587 1168 injuste,
1622 1101 1711 1171 qui
1749 1117 2042 1172 pravorum

465 1195 521 1247 lit
546 1208 769 1264 operum
809 1193 1233 1263 dogmatumque
1280 1194 1556 1263 magister.
1598 1195 1694 1250 Ille
1732 1203 1914 1250 autem
1955 1197 2042 1266 ju-

461 1284 667 1338 stitiam
704 1284 860 1347 serit,
887 1285 978 1354 qui
1011 1284 1078 1339 de
1106 1285 1402 1340 virtutibus
1439 1295 1493 1341 et
1522 1285 1614 1343 Dei
1658 1288 1886 1344 scientia
1915 1304 2042 1360 pro—

463 1370 570 1426 I‘ert
601 1387 906 1428 sermones.

536 1463 580 1495 “
615 1463 682 1518 lis
710 1465 800 1534 qui
855 1464 907 1517 in
955 1463 1190 1534 propriis
1227 1475 1456 1529 serunt,
1484 1475 1538 1522 et
1578 1469 1731 1536 plura
1781 1467 2038 1538 eﬂiciunt,

461 1567 809 1626 opponuntur
843 1556 915 1610 illi
950 1556 1040 1626 qui
1090 1559 1298 1611 minora
1343 1559 1621 1630 colligunt.
1655 1561 1758 1627 Qui
1811 1578 1942 1632 ergo
1985 1566 2038 1618 in

464 1649 694 1718 propriis
727 1659 937 1716 serunt,
975 1652 1008 1705 ii
1034 1660 1159 1706 sunt
1183 1650 1273 1719 qui
1313 1650 1367 1704 in
1399 1652 1588 1720 spiritu
1624 1664 1836 1722 serunt,
1869 1665 1920 1711 et
1959 1658 2040 1710 vi-

2151 461 2295 524 τινὲς
2349 460 2425 522 δὲ,
2478 459 2779 530 παθητικὸν
2825 457 2990 528 μέρος
3035 453 3308 509 καλοῦσιν.
3367 453 3424 504 ’0
3456 451 3513 505 δέ
3560 451 3618 516 ἐξ
3659 445 3734 505 ὧν

2153 551 2326 605 ἐποίει
2353 551 2448 604 καὶ¹
2465 549 2712 604 διδάσκει
2739 546 2978 618 ἀγαθῶν,
3004 544 3253 600 ἐντεῦθεν
3280 543 3378 614 μὲν
3399 543 3600 612 γνῶσιν
3623 560 3729 594 σωκ

2155 644 2340 715 μάτων
2368 642 2464 697 καὶ
2503 641 2811 712 ἀσωμάτων
2850 641 2911 692 ἐν
2957 638 3036 709 τῷ
3067 636 3311 708 μέλλοντι
3350 635 3408 688 δὲ
3453 633 3729 704 βασιλείαν

2148 734 2395 809 οὐρανῶν
2414 777 2429 800 ,
2471 735 2834 806 περιποιεῖται
2867 730 3044 801 ἐαυτῷ
3064 730 3158 783 καὶ
3200 730 3313 791 τοῖς
3357 725 3691 799 μαθητεῶσιν
3712 743 3724 755 ·

2149 827 2387 894 ἐξολλύει
2417 827 2476 880 δὲ
2516 827 2575 880 οὐ
2611 826 2770 898 μόνον
2791 824 2854 880 τὸ
2881 821 3075 876 ἐαυτοῦ
3111 819 3292 891 σῶμα,
3331 817 3469 872 ἀλλά
3507 818 3600 871 καὶ
3627 818 3726 887 τὴν

2147 921 2346 992 ψυχὴν,
2384 921 2482 974 σὺν
2499 922 2613 984 τοῖς
2637 916 2978 989 πειθομένοις
3003 913 3168 984 αὐτῷ,
3195 911 3273 984 τῷ
3303 911 3438 982 πυρὶ
3461 910 3724 964 συναπόλ-

2145 1015 2318 1069 λυσιν.

2259 1101 2385 1171 ὖτος
2407 1105 2551 1177 χειρὶ
2577 1107 2765 1176 χεῖρας
2785 1102 3038 1175 ἐμϐάλλει
3071 1101 3292 1163 ἀδίκως,
3317 1101 3345 1152 6
3368 1098 3550 1153 κακῶν
3577 1098 3723 1167 γινό-

2147 1216 2306 1270 μενος
2335 1198 2676 1271 πραγμάτων
2712 1197 2806 1250 καὶ
2861 1195 3147 1265 δογμάτων
3179 1192 3521 1254 διδάσκαλος·
3567 1185 3721 1254 οὗτος

2141 1286 2200 1338 δὲ
2226 1285 2439 1356 σπείρει
2461 1284 2830 1354 δικαιοσύνην,
2854 1285 2883 1337 6
2911 1283 3037 1354 περὶ
3066 1281 3275 1354 ἀρετῶν
3303 1282 3396 1335 καὶ
3424 1279 3557 1333 Θεοῦ
3581 1279 3722 1348 γνώ-

2145 1394 2282 1442 σεως
2303 1377 2626 1448 προϊέμενος
2654 1375 2864 1446 λόγους.

2212 1469 2338 1532 Τοῖς
2368 1470 2448 1532 είς
2489 1467 2559 1522 τὰ
2601 1467 2708 1522 ἴδια
2740 1467 3042 1539 σπείρουσι,
3077 1467 3170 1520 καὶ
3202 1463 3422 1518 πλείονα
3451 1463 3716 1526 ποιοῦσιν,

2141 1562 2470 1616 ἀντίκεινται
2514 1563 2564 1614 οἱ
2609 1561 2930 1629 συνάγοντες
2959 1564 3053 1612 καὶ
3085 1557 3497 1627 ἐλαττούμενοι·
3533 1558 3582 1610 οἱ
3606 1555 3718 1626 γὰρ

2139 1654 2209 1709 τά
2234 1655 2343 1709 ῐδια
2365 1655 2693 1726 σπείροντες,
2721 1653 2858 1706 εἰσὶν
2871 1655 2920 1706 οἱ
2945 1653 3025 1715 εἰς
3048 1652 3109 1704 τὸ
3135 1650 3351 1721 πνεῦμα
3381 1649 3713 1720 σπείροντες,

465 1750 570 1792 tam
601 1750 812 1796 metunt
850 1743 970 1811 :qui
1024 1750 1203 1797 autent
1259 1743 1469 1796 minora
1519 1745 1802 1815 colligunt,
1830 1747 1867 1801 ii
1911 1758 2037 1802 sunt

2140 1749 2234 1800 καὶ
2258 1747 2402 1818 ζωὴν
2431 1746 2736 1818 θερίζοντες
2758 1763 2774 1778 ⁸
2805 1745 2854 1798 oi
2889 1744 2947 1798 δὲ
2974 1745 3296 1811 συνάγοντες
3340 1743 3431 1796 καὶ
3462 1742 3714 1796 ἐλαττού-

461 1833 553 1902 qui
599 1831 654 1886 iu
684 1847 850 1889 carne
900 1843 1111 1904 serunt,
1142 1846 1198 1892 et
1229 1838 1634 1907 corruptionem
1666 1839 1769 1895 sibi
1814 1854 2037 1896 coacer-

462 1935 610 1984 vani.

534 2018 576 2050 ¹⁸
615 2019 965 2074 Frumentum
1011 2031 1094 2076 est
1123 2021 1359 2076 divinum
1390 2024 1636 2090 verbum,
1687 2025 1827 2094 quod
1861 2022 2033 2081 .Iudzei

454 2109 812 2174 occultantes,
848 2112 1096 2180 gentibus
1119 2114 1545 2183 dereliquerunt.
1571 2115 1762 2170 Simile
1788 2126 1873 2172 est
1907 2117 2033 2173 huic

454 2201 615 2255 etiam
672 2201 800 2257 illud
832 2219 860 2257 a
897 2203 1189 2260 Scrvatore
1255 2217 1442 2261 nostro
1496 2208 1549 2262 in
1609 2209 1911 2278 Evangeliis
1945 2211 2031 2265 di-

453 2303 595 2347 ctum
617 2293 660 2324 "
697 2309 713 2349 :
747 2293 915 2350 Nemo
939 2295 1206 2352 lucernam
1233 2301 1543 2365 accendens,
1584 2303 1735 2368 ponit
1773 2318 1886 2356 eam
1931 2304 2028 2356 sub

450 2388 643 2450 modio,
667 2388 756 2441 sed
778 2406 934 2456 super
957 2390 1355 2456 candelabrum,
1394 2403 1451 2446 ut
1483 2394 1652 2447 luceat
1685 2395 1926 2450 omnibus
1939 2398 2029 2466 qui

449 2481 503 2534 in
531 2481 686 2534 domo
713 2490 858 2537 sunt.
898 2481 1055 2538 Sicut
1091 2484 1236 2538 enim
1271 2483 1605 2539 frumentum
1655 2487 1910 2542 alimonia
1942 2499 2027 2544 est

448 2572 697 2641 corporis
725 2613 740 2638 ,
778 2573 852 2628 ita
908 2574 1001 2629 Dei
1039 2576 1316 2647 cOguitio,
1347 2585 1433 2631 est
1475 2578 1692 2634 animae.
1751 2578 1852 2646 Qui
1897 2595 2026 2636 vero

449 2675 740 2733 utrumque
769 2665 1084 2721 alimentum
1123 2668 1304 2730 habet,
1333 2683 1434 2722 nec
1463 2677 1642 2724 tamen
1673 2673 1896 2740 prazbet,
1929 2675 2023 2728 sed

448 2760 751 2813 mercedem
775 2774 873 2828 pro
897 2759 980 2815 bis
1001 2761 1170 2831 exigit
1195 2762 1262 2818 ab
1290 2762 1356 2818 iis
1381 2764 1472 2834 qui
1502 2765 1635 2818 dare
1663 2779 1767 2820 non
1797 2766 2020 2832 habent,

447 2861 615 2904 totum
642 2851 691 2906 id
714 2853 1050 2908 da:mo:iibus
1082 2855 1369 2923 relinquet.
1409 2855 1540 2910 Dicit
1572 2871 1693 2911 eum
1723 2856 1834 2913 fore
1856 2861 2020 2915 etiam

447 2945 626 3014 populi
671 2947 1120 3013 exsecrationem,
1146 2953 1271 3016 quia
1305 2950 1353 3004 ci
1403 2953 1470 3006 ab
1521 2952 1835 3022 angelorum
1884 2969 2020 3008 cun-

443 3048 766 3107 etorumque
805 3037 1074 3107 justorum
1107 3044 1304 3111 populo
1343 3043 1396 3097 in
1450 3043 1539 3099 die
1571 3045 1756 3114 iudicii
1800 3046 2022 3101 maledi-

441 3136 611 3180 CL'llll'.

517 3219 557 3249 “’
591 3218 821 3276 Fabrica
849 3225 1143 3278 secundum
1177 3226 1448 3296 spiritum,
1476 3237 1559 3281 est
1585 3228 1882 3298 practicum
1922 3232 2020 3286 bo-

442 3324 632 3365 narum
671 3312 930 3368 virtutum
981 3317 1323 3372 exercitium.
1361 3319 1464 3385 Qui
1517 3320 1625 3374 Deo
1657 3320 1834 3375 debita
1867 3337 2022 3377 exse-

2141 1858 2310 1911 μενοι,
2346 1841 2486 1894 εἰσὶν
2517 1842 2565 1893 οἱ
2585 1841 2666 1903 είς
2701 1840 2800 1911 τὴν
2822 1840 3001 1910 σάρκα
3026 1838 3362 1908 σπείροντες,
3394 1837 3486 1891 καὶ
3506 1836 3713 1908 φθορὰν

2138 1935 2461 2002 συνάγοντες
2480 1933 2708 1996 ἐαυτοῖς.

2205 2027 2356 2089 Σῖτος
2377 2027 2406 2079 6
2428 2024 2568 2088 θεῖος
2593 2023 2768 2092 λόγος,
2792 2021 2852 2078 ὅν
2880 2021 3324 2092 κατακρύψαντες
3359 2021 3410 2073 οἱ
3447 2018 3709 2081 Ἰουδαῖοι,

2134 2119 2422 2174 κατέλιπον
2460 2116 2620 2170 αὐτὸν
2639 2118 2750 2180 τοῖς
2775 2114 3002 2168 ἔθνεσιν.
3025 2143 3096 2154 -
3121 2113 3340 2184 ’Ὁμοιόν
3368 2115 3484 2165 ἐστι
3527 2111 3709 2182 ,τούτῳ

2132 2216 2226 2269 καὶ
2266 2215 2327 2267 τὸ
2368 2213 2472 2266 ὑπὸ
2517 2210 2610 2264 τοῦ
2651 2209 2902 2280 Σωτῆρος
2935 2208 3094 2280 ἡμῶν
3127 2209 3187 2261 ἐν
3217 2209 3330 2270 τοῖς
3355 2205 3709 2274 Εὐαγγελίοις

2131 2304 2419 2375 λεγόμενον
2440 2320 2453 2334 ·
2486 2301 2567 2365 τὸ,
2607 2299 2814 2363 Οὐδεὶς
2853 2299 3086 2368 λύχνον
3116 2297 3297 2366 ἅψας,
3329 2296 3568 2362 τίθησιν
3597 2297 3706 2348 αὺ-

2129 2397 2236 2451 τὸν
2269 2395 2386 2450 ὑπό
2417 2394 2524 2448 τὸν
2545 2392 2777 2464 μόδιον,
2814 2393 2953 2462 ἀλλ’
2987 2389 3105 2444 ὑπὸ
3135 2389 3247 2456 τὴν
3278 2388 3560 2456 λυχνίαν,
3597 2386 3709 2440 τοῦ

2127 2489 2364 2557 φαίνειν
2396 2485 2546 2541 πᾶσι
2574 2483 2696 2550 τοῖς
2728 2483 2798 2537 ἐν
2825 2480 2899 2551 τῇ
2927 2481 3113 2547 οἰκίᾳ·
3145 2479 3331 2548 ὧσπερ
3363 2477 3470 2548 γὰρ
3496 2479 3526 2529 6
3561 2479 3710 2539 σῖτος

2125 2580 2298 2652 τροφή
2350 2580 2465 2631 ἐστι
2515 2575 2595 2648 τῷ
2638 2574 2871 2646 σώματι,
2939 2571 3114 2634 οὓτως
3161 2571 3194 2640 ἡ
3240 2569 3362 2622 θεία
3403 2567 3607 2636 γνῶσις
3636 2571 3706 2637 τῇ

2124 2672 2268 2743 ψυχῇ
2291 2688 2303 2700 ο
2326 2673 2355 2724 6
2387 2669 2443 2723 δὲ
2476 2669 2576 2741 τὴν
2597 2669 2706 2722 τῶν
2736 2665 3060 2738 ἀμφοτέρων
3086 2662 3293 2734 τροφὴν
3330 2659 3467 2730 ἔχων
3497 2659 3592 2712 καὶ
3629 2660 3708 2729 μὴ

2124 2764 2401 2836 παρέχων,
2426 2761 2540 2816 ἀλλ’
2572 2761 2714 2832 ὑπὲρ
2736 2758 2939 2812 τούτων
2979 2755 3167 2826 μισθὸν
3198 2755 3422 2807 ἀπαιτεῖ
3459 2753 3572 2814 τοῖς
3602 2753 3709 2804 οὐκ

2123 2859 2305 2930 έχουσι
2330 2855 2532 2921 δοῦναι,
2556 2853 2869 2908 ὑπολίποιτο
2898 2849 3058 2903 αὐτὸν
3074 2851 3186 2911 τοῖς
3207 2847 3475 2917 δαίμοσιν.
3495 2843 3676 2914 Γράφε
3690 2862 3707 2895 ι

2121 2951 2178 3004 δὲ
2216 2951 2310 3003 καὶ
2336 2948 2802 3019 δημοκατάρατον,
2833 2944 2913 2996 ὅτι
2953 2941 3058 2994 ὑπὸ
3085 2940 3174 2993 τὸν
3201 2939 3373 3009 δῆμον
3397 2935 3506 2990 τῶν
3535 2936 3708 3003 ἀγκέ-

2124 3042 2231 3096 λων
2250 3040 2343 3094 καὶ
2365 3039 2582 3093 πάντων
2604 3035 2712 3089 τῶν
2726 3034 2949 3089 δικαίων
2965 3033 3021 3086 ἐν
3035 3033 3104 3102 τῇ
3127 3029 3309 3102 ἡμέρᾳ
3321 3026 3708 3100 τῆςκρίσεως,

2125 3133 2522 3205 ἐπικατάρατος
2547 3129 2719 3184 ἔσται.

2191 3225 2486 3294 Τεκτονική
2513 3225 2626 3276 ἐστι
2649 3218 2792 3274 κατά
2823 3217 3038 3287 πνεῦμα
3062 3217 3095 3287 ἡ
3123 3210 3398 3284 πρακτικὴ
3424 3210 3532 3264 τῶν
3557 3209 3702 3277 ἀγα-

2120 3319 2228 3373 οῶν
2275 3316 2484 3389 ἀρετῶν
2521 3309 2787 3385 ἐργασία·
2835 3309 2865 3360 6
2909 3307 2967 3360 δὲ
3017 3305 3087 3360 τὰ
3131 3303 3250 3374 Θεῷ
3303 3299 3706 3370 ἐποφειλόμενα

441 3402 647 3472 quitur,
681 3406 875 3474 qumrit
903 3407 1038 3463 alios
1070 3412 1178 3463 Deo
1227 3421 1410 3479 gratos
1453 3412 1717 3478 homines,
1750 3415 2021 3486 quiaque

2139 3413 2394 3484 τράττων,
2427 3407 2579 3478 ζητεῖ
2613 3404 2939 3476 θεαρέστους
2980 3398 3198 3469 ἄνδρας,
3233 3394 3552 3467 δεχομένους
3599 3392 3703 3455 τὰς·

443 3495 552 3549 Deo
586 3495 764 3551 debita
795 3500 1100 3568 peragenda
1147 3502 1470 3572 suscipiant,
1506 3513 1562 3556 ut
1596 3504 1735 3558 sicut
1780 3506 1914 3572 ipse,
1946 3507 2015 3560 ita

2139 3501 2235 3572 ὶεῷ
2263 3497 2571 3568 ἐποφειλάς,
2626 3494 2712 3546 ἵνα
2763 3492 2952 3560 ὥσπερ
2990 3488 3151 3551 αὐτὸς
3196 3487 3290 3540 καὶ
3323 3486 3474 3540 αὐτοὶ
3523 3486 3703 3554 ἐμπο-

439 3597 492 3638 et
525 3586 597 3639 illi
626 3603 683 3641 se
711 3601 904 3658 gr-raut
926 3610 936 3644 :
959 3607 1116 3647 secus
1147 3609 1407 3660 vero,eos
1439 3595 1528 3665 qui
1565 3611 1663 3666 pro
1694 3595 1850 3652 bouis
1877 3598 2015 3652 mala

2139 3594 2382 3647 ιεύιυνται
2399 3609 2415 3622 ·
2444 3590 2570 3650 τοὺς
2596 3587 2652 3640 δέ
2686 3585 2760 3657 μὴ
2784 3583 2853 3637 τά
2881 3579 3041 3646 καλὰ,
3056 3578 3192 3634 ἀλλά
3212 3577 3282 3632 τὰ
3311 3576 3458 3631 κακά
3479 3576 3706 3647 ζητοῦν·

443 3687 626 3747 agunt,
657 3681 866 3735 vitabit.

510 3768 554 3798 ’⁸
585 3768 708 3824 Ilwc
737 3782 816 3827 est
848 3774 970 3828 vita:
992 3777 1158 3831 arbor
1187 3775 1238 3830 in
1265 3777 1442 3832 medio
1469 3779 1723 3847 paradiso
1754 3780 2014 3851 pIautata,

438 3859 593 3927 cujus
650 3873 900 3919 contactu
947 3866 1289 3922 iuterdietum
1326 3868 1426 3922 l'uit
1471 3869 1701 3933 Adamo,
1751 3873 1841 3940 qui
1897 3883 2018 3940 post

439 3963 716 4020 peccatum
749 3958 952 4011 semina
1000 3959 1226 4029 justitia:
1281 3959 1593 4030 abiecerat,
1656 3962 1796 4017 unde
1852 3965 2014 4019 arbor

438 4046 563 4098 vita:
589 4048 926 4114 producitur.

2114 3702 2234 3748 τας,
2271 3682 2596 3752 παρήσεται.

2186 3776 2357 3829 Τοῦτο
2406 3774 2468 3826 τὸ
2510 3771 2724 3843 δένδρον
2759 3768 2859 3838 τῆς
2898 3766 3042 3836 ζωῆς
3077 3765 3192 3817 ἐστι
3239 3761 3300 3814 τὸ
3337 3759 3598 3830 φυτευθὲν
3637 3761 3700 3811 ἐν

2120 3868 2270 3940 μέσῳ
2295 3865 2387 3920 τοῦ
2413 3855 2834 3937 παραδείσου,οὗ
2865 3856 3103 3928 ἅψασθαι
3133 3853 3271 3926 μετά
3293 3854 3391 3924 τὴν
3417 3851 3700 3922 ἁμαρτίαν

2121 3959 2366 4028 ἐκωλύθη
2394 3958 2424 4010 6
2461 3955 2650 4026 Ἀδὰμ,
2672 3953 2741 4006 τὰ
2766 3953 3052 4023 σπέρματα
3074 3948 3174 4018 τῆς
3198 3945 3541 4015 δικαιοσύνης
3565 3945 3701 3998 ἁπο-

2120 4050 2319 4114 6αλὼν,
2343 4048 2434 4118 ἀφ’
2464 4040 2538 4102 ὧν
2572 4045 2763 4116 φύεται
2795 4043 2856 4095 τὸ
2878 4041 3091 4112 δένδρον
3113 4037 3212 4108 τῆς
3233 4036 3398 4106 ζωῆς.

1925 4149 2078 4206 CAP.
2123 4147 2239 4203 XII.

506 4243 548 4273 "
586 4241 668 4296 Ne
695 4246 905 4312 quando
929 4254 1101 4300 taceas
1127 4266 1158 4301 a
1185 4265 1288 4312 me,
1325 4249 1401 4302 ait
1440 4250 1608 4304 David
1627 4254 1695 4314 ²⁰,
1722 4258 1771 4305 et
1796 4250 2007 4304 assimi-
2041 4260 2045 4312 1

2181 4243 2425 4310 Μήποτε
2451 4235 2931 4308 πίιρασιωπήσῃς
2947 4233 3046 4288 ἀπ’
3062 4229 3229 4301 ἐμοῦ,
3258 4230 3421 4299 φησὶν
3441 4228 3468 4280 ὁ
3506 4225 3696 4288 Δαυῒδ,

431 4331 580 4383 labor
607 4333 1037 4388 descendentibus
1075 4338 1129 4389 iu
1156 4338 1350 4393 locum.
1381 4340 1474 4394 Vir
1503 4341 1722 4411 iniquus
1753 4342 2018 4397 tacebitur

2139 4337 2210 4389 sal
2237 4333 2669 4405 ὀμοιωθήσομαι
2688 4328 2810 4394 τοῖς
2828 4326 3291 4381 καταϐαίνουσιν
3319 4323 3405 4385 είς
3433 4318 3692 4372 λάκκον.

431 4440 461 4476 a
483 4424 608 4489 Deo,
632 4425 683 4479 id
713 4436 816 4493 est,
844 4429 970 4481 odio
1006 4429 1310 4496 habebitur,
1349 4446 1447 4485 nec
1480 4433 1851 4487 misericordia
1881 4434 2021 4489 frue-

433 4528 541 4580 tur,
566 4534 690 4572 cum
719 4520 940 4587 pra‘mia
985 4521 1050 4574 iis
1081 4522 1173 4591 qui
1205 4523 1599 4578 incarnationis
1627 4540 1740 4580 sua:
1779 4527 2012 4595 gratiam

430 4610 767 4684 admiserunt
811 4613 1060 4665 Christus
1118 4613 1448 4676 distribuet,
1490 4624 1650 4681 prout
1699 4616 1901 4673 dicitur
1953 4617 2009 4672 in

432 4700 734 4770 Evangeliis
768 4717 781 4752 :
820 4701 889 4755 Et
911 4703 1142 4771 gratiam
1166 4721 1260 4772 pro
1284 4706 1456 4775 gratia
1472 4707 1537 4760 ".

2133 4428 2297 4498 ’Λνὴρ
2327 4425 2643 4497 παράνομος
2663 4419 3220 4491 παρασιωπηοήσεται
3252 4413 3355 4466 ὑπὸ
3394 4412 3485 4464 τοῦ
3519 4409 3657 4463 Θεοῦ
3676 4451 3693 4470 ,

2111 4519 2355 4573 τουτέστι
2385 4517 2766 4589 μισηοήσεται,
2799 4513 2892 4565 καὶ
2917 4511 3017 4562 οὐκ
3050 4507 3424 4577 ὲλεηθήσεται,
3459 4504 3589 4555 ὃταν
3619 4501 3696 4554 τὰ

2111 4612 2248 4683 γέρα
2294 4613 2405 4673 τοῖς
2445 4609 2543 4678 τὴν
2583 4606 2742 4676 χάριν
2765 4605 2863 4673 τῆς
2893 4601 3154 4670 ἐνσάρκου
3179 4595 3485 4664 οἰκονομίας
3521 4591 3691 4646 αὐτοῦ

2106 4705 2438 4776 δεξαμένοις,
2457 4700 2621 4753 ἀπονὲ
2631 4717 2726 4768 μῃ.
2749 4696 2892 4750 καθά
2912 4709 3072 4764 φησιν
3097 4693 3152 4744 ἐν
3186 4687 3555 4757 Εὑαγγελίοις,
3573 4687 3690 4741 Καὶ

2109 4797 2283 4864 χάριν
2315 4794 2447 4849 ἀντὶ
2471 4792 2733 4862 χάριτος.

1898 4890 2051 4945 CAP.
2093 4891 2232 4948 XIII.

503 4969 548 5001 “
571 4971 776 5025 Diiitiae
794 4973 1078 5044 impiorum
1103 4978 1363 5044 nequitia,
1383 4994 1518 5049 quos
1538 4979 1670 5048 justi
1699 4983 1999 5053 destruent,

425 5075 572 5118 recto
598 5063 851 5120 videlicet
904 5069 1236 5137 magisterio.
1275 5071 1572 5142 Eapropter
1603 5074 1654 5127 iu
1700 5075 1880 5128 futuro
1901 5092 2002 5130 sa:-

421 5157 544 5207 culo
589 5157 898 5224 quindecim
951 5160 1261 5216 civitatibus
1307 5165 1579 5233 pra'positi
1634 5177 1812 5221 erunt.
1863 5167 1995 5222 Nam

419 5249 696 5302 cudestem
731 5250 1101 5306 Ιιωι-οιιὶιςιιοιιι
1137 5270 1297 5324 quam
1344 5259 1557 5324 capturi
1597 5268 1754 5312 erant
1803 5260 1868 5324 ii,
1900 5263 1994 5330 qui

421 5356 563 5393 nunc
594 5357 652 5394 se
682 5343 946 5416 impietati
997 5349 1346 5415 addixerunt,
1380 5349 1512 5418 justi
1561 5365 1992 5422 consequentur,

417 5432 558 5486 sicut
605 5443 660 5487 ct
711 5434 911 5492 Paulus
937 5440 1012 5494 ait
1043 5440 1088 5471 ’³
1129 5457 1140 5493 :
1185 5439 1488 5495 Secundum
1527 5443 1780 5498 duritiam
1823 5456 1996 5501 autem

493 5620 533 5648 ’³
563 5637 588 5668 ι’
640 5623 729 5674 fil.
767 5625 808 5653 ¹¹⁵
838 5641 886 5679 v.
919 5625 1009 5678 Ἠ.

423 5705 459 5750 t.
496 5690 575 5744 I6.
652 5695 694 5724 ²²
725 5711 773 5746 ν.
815 5697 901 5750 ‘22.
986 5695 1028 5726 ’³
1061 5693 1214 5750 Rom.
1258 5710 1319 5760 ιι,
1360 5692 1413 5747 5.

1091 5624 1134 5654 ¹⁵
1165 5640 1214 5676 v.
1244 5620 1335 5674 ‘26.
1413 5621 1454 5650 “"
1487 5617 1676 5676 Matth.
1706 5639 1755 5688 ι’,
1786 5625 1870 5679 I5.
1949 5627 1989 5657 ”
2027 5641 2045 5678 ι

2139 5625 2198 5678 :7.
2276 5627 2386 5680 ην.
2421 5625 2507 5680 50.
2589 5626 2694 5677 "’v.
2729 5623 2779 5679 2.
2860 5616 3064 5688 ²9ΡειιΙ.
3101 5633 3268 5685 xxv",
3313 5621 3360 5674 ι.

2183 4989 2416 5046 Πλοῦτος
2447 4984 2658 5040 ἀσεϐῶν
2694 4982 2878 5036 κακία.
2911 4981 2975 5034 Oi.
3006 4979 3062 5032 δέ
3092 4977 3288 5030 δίκαιοι
3316 4971 3690 5039 ὲξαναλὼσου-

2111 5093 2194 5129 σιν
2239 5078 2456 5139 αὐτοὺς,
2505 5073 2742 5145 δηλονότι
2785 5071 2871 5124 διὰ
2905 5070 3007 5138 τῆς
3044 5067 3254 5136 ἀγαθῆς
3293 5063 3642 5125 διδασκαλίας
3669 5079 3684 5092 ·

2104 5170 2281 5223 τοίνυν
2311 5169 2403 5223 καὶ
2432 5170 2488 5220 ἐν
2522 5168 2600 5238 τῷ
2623 5165 2863 5238 μέλλοντι
2892 5162 3048 5216 αἰῶνι
3080 5163 3266 5214 ἐπάνω
3292 5156 3688 5210 πεντεκαίδεκα

2106 5265 2312 5317 πόλεων
2351 5260 2628 5330 γενόμενοι
2649 5275 2663 5288 ο
2704 5257 2802 5327 τὴν
2821 5255 2928 5325 γὰρ
2944 5255 3044 5322 κλη
3053 5251 3295 5324 ροδοσίαν
3317 5250 3415 5318 τὴν
3430 5249 3685 5318 οὐράνιον

2104 5356 2168 5425 ἢν
2189 5352 2420 5426 ἤμελλον
2442 5349 2730 5404 ἀπολαϐεῖν
2759 5349 2808 5399 ei
2840 5345 3064 5416 ἀσεϐείᾳ
3095 5343 3292 5404 αὐτοὺς
3317 5339 3681 5400 ἐκδὼσαντες,

2103 5446 2305 5516 ταύτην
2324 5444 2788 5515 κληρονομήσουσι
2809 5437 3026 5502 δίκαιοι,
3053 5434 3196 5490 καθά
3220 5433 3312 5488 κάκ
3335 5432 3544 5497 Παῦλός
3570 5449 3680 5501 φη-

3443 5615 3673 5674 "Joan.
