3888 6214
173 340 280 392 I35

1360 331 1725 388 EXPOSITIO
1759 333 1822 388 IN
1850 332 2027 389 PROV
2041 331 2242 386 EllBIA
2255 373 2266 386 .

3338 320 3443 374 194

173 468 281 510 σιν·
302 454 468 509 Κατὰ
489 453 557 506 δὲ
575 452 687 521 τὴν
701 450 1084 520 σκληρότητά
1105 467 1220 504 σου
1238 453 1332 507 καὶ
1358 455 1766 521 ἀμετανόητόν

1899 464 1913 505 ι
1947 453 2274 521 impwnitcns
2296 465 2406 515 cor,
2436 447 2762 501 tltesaurizas
2794 445 2884 497 tibi
2915 445 3048 496 iram
3091 443 3143 494 in
3176 441 3260 493 (lie
3288 439 3380 492 im'
3399 449 3446 492 et

169 567 291 604 σου
324 546 582 614 καρδίαν
612 543 984 612 θησαυρίζεις
1012 545 1248 610 σεαυτῷ
1273 545 1459 615 ὀργὴν
1485 547 1554 598 ἐν
1577 545 1767 615 ἡμέρᾳ

1899 544 2195 598 ιἰ·είαιὶοηὶε
2233 543 2374 612 justi
2407 541 2599 610 judicii
2643 539 2758 592 Dei.
2793 537 2901 591 Sed
2930 537 3103 589 bonus
3130 531 3316 603 (Deus)
3340 529 3447 585 hie-

170 636 359 708 δρτῆς
391 638 488 690 καὶ
513 636 957 702 ἀποκαλύψεως
980 634 1081 688 καὶ
1117 634 1555 703 δικαιοκρισίας
1592 637 1768 690 Θεοῦ.

180 733 244 784 ’ϐ
280 731 340 784 δὲ
391 730 597 798 ἀγαθὸς
631 728 1022 798 κληροδοτῆσαι
1068 729 1285 799 ποιήσει
1329 731 1456 792 τοὺς
1497 729 1574 792 ὡς
1620 728 1773 793 υἱοὺς

171 824 346 895 πατρὶ
374 821 731 892 πειθομένους
754 819 921 890 αὐτῷ,
954 819 1048 872 καὶ
1085 820 1212 884 τοὺς
1244 819 1439 892 ἐκείνῳ
1458 823 1507 853 εδ
1531 821 1775 893 υίοθετή-

173 934 258 970 σει
280 915 386 988 τὴν
413 915 523 968 τῶν
547 912 791 985 οὐρανῶν
817 910 1116 983 βασιλείαν.

1867 639 2023 691 redes
2044 636 2235 690 cﬂiciet
2270 635 2410 700 illos,
2441 632 2556 702 qui,
2585 639 2644 684 ut
2690 630 2828 699 patri
2869 628 2984 692 lilii,
3014 627 3063 680 ei
3108 625 3450 692 obtempera-

1869 739 2017 795 rnnt,
2053 738 2216 798 atque
2250 728 2304 782 in
2339 740 2562 797 regnum
2587 722 2852 781 cotlorum
2879 712 3179 790 adoptabit.

1656 985 1810 1064 CAP.
1843 999 1987 1057 XIV.

247 1106 468 1175 Ὠσπερ
503 1102 747 1175 ἀήττητά
770 1102 899 1164 εἰσι,
921 1101 1173 1176 καθάπερ
1196 1103 1266 1158 τὰ
1291 1103 1432 1158 ὅπλα
1467 1105 1566 1174 τὴν
1592 1104 1769 1174 ἀσφά-

170 1197 328 1250 λειαν
362 1198 669 1268 περιποιεῖ·
700 1194 850 1248 οὐδὲν
878 1194 987 1266 γὰρ
1019 1195 1258 1267 πονηρὸν
1293 1197 1679 1268 ἀντιστήσεται
1700 1198 1766 1266 τῇ

174 1290 366 1359 σοφία,
407 1289 546 1341 διότι
587 1285 748 1339 ὅπλον
794 1287 940 1337 ἐστὶν
968 1286 1390 1358 ἀκαταμάχητρν
1412 1302 1426 1316 ·
1461 1287 1628 1359 μόνην
1660 1286 1769 1356 γὰρ

172 1382 319 1451 πρὸς
352 1379 560 1449 ταύτην
597 1377 946 1432 ἀδυνατοῦσιν
985 1378 1035 1429 οἱ
1070 1379 1323 1448 δαίμονες
1343 1395 1357 1409 ·
1383 1378 1460 1449 τῷ
1492 1379 1549 1432 δὲ
1575 1378 1769 1450 ἄφρονι

173 1474 245 1528 τά.
269 1490 329 1526 τε
353 1474 530 1544 ὁρατά
558 1475 654 1526 καὶ⁸
685 1473 951 1546 ἀσώματα
977 1473 1156 1526 πάντα
1180 1455 1417 1527 ἐναντία.

249 1565 449 1628 υἰκίας
471 1565 706 1618 ἐνταῦθα
730 1565 799 1618 τὰ
823 1565 1053 1636 σώματα
1087 1563 1269 1632 λέγει·
1319 1563 1488 1616 οἰκίαι
1528 1564 1636 1634 γάρ
1669 1565 1776 1615 εἰσι

174 1657 288 1711 τῶν
312 1658 506 1728 ψυχῶν
527 1677 540 1689 ·
572 1659 874 1726 ὀφείλωνται
913 1657 970 1711 δὲ
1001 1656 1154 1728 παρά
1184 1656 1294 1709 τῶν
1326 1659 1425 1727 τὴν
1468 1656 1776 1709 θεοσέϐειαν

1943 1099 1988 1129 ’⁵
2019 1095 2093 1151 Ita
2131 1103 2256 1149 sunt
2299 1089 2521 1152 invicta,
2550 1087 3004 1158 quemadmodum
3025 1097 3173 1137 arma
3197 1079 3454 1152 prm‘stanl

1873 1189 2118 1245 tutelam.
2182 1184 2333 1238 Nulla
2381 1183 2577 1252 quipp:
2629 1179 2949 1249 improbitas
2991 1177 3205 1230 resistet
3238 1176 3454 1242 sapien-

1875 1285 1983 1344 tiae,
2006 1295 2122 1350 qum
2152 1286 2236 1331 cst
2266 1271 2697 1343 inexpugnabilis
2728 1280 3025 1324 armatura.
3073 1267 3205 1327 lluic
3231 1265 3319 1318 nni
3350 1278 3453 1317 non

1875 1371 2168 1443 pratvalent
2221 1369 2513 1423 dmmones.
2577 1363 2911 1432 lmprttdenti
2982 1369 3160 1414 autem
3222 1356 3454 1412 visibilia

1873 1479 2024 1533 atque
2063 1473 2117 1517 et
2150 1462 2464 1529 incorporea
2495 1456 2770 1511 contraria
2808 1463 2954 1510 sunt.

1945 1557 1991 1587 ²⁶
2029 1555 2229 1609 Domos
2261 1554 2362 1605 hnc
2401 1551 2522 1603 loco
2565 1562 2796 1616 corpora
2833 1545 2985 1606 dicit,
3017 1558 3136 1612 qua:
3175 1551 3302 1596 sunt
3334 1542 3450 1594 aui-

1877 1661 2086 1700 marum
2119 1641 2413 1696 domicilia.
2446 1638 2654 1692 Debent
2696 1645 2880 1690 autem
2912 1637 2980 1690 ab
3026 1636 3113 1700 iis,
3151 1634 3240 1702 qui
3287 1632 3453 1686 divini

177 1750 404 1803 εἰδότων
429 1750 523 1802 καὶ
544 1750 643 1820 τὴν
675 1748 1011 1820 θεωρητικὴν
1031 1748 1253 1818 γνῶσιν,
1270 1749 1320 1800 οἱ
1347 1749 1655 1818 παράνομοι
1675 1749 1774 1820 τὴν

1899 1737 2050 1791 :ultus
2090 1745 2142 1790 et
2194 1735 2502 1788 theoreticrc
2555 1732 2801 1783 scientia:
2851 1736 2975 1780 sunt
3014 1725 3197 1794 periti,
3245 1724 3458 1777 discere

178 1841 518 1910 θεογνωσίαν
569 1840 760 1912 μαθεῖν
803 1842 864 1894 οὐ
895 1840 1076 1912 μόνον,
1121 1839 1257 1892 ἀλλά
1300 1841 1388 1892 καὶ
1436 1842 1615 1894 πᾶσαν
1663 1838 1770 1892 τῶν

179 1931 466 1994 ζωοποιῶν
493 1930 753 1984 ἐντολῶν·
791 1931 876 1983 ἵνα
908 1930 1140 2001 καθαροὶ
1172 1930 1473 2000 γενόμενοι,
1497 1932 1647 1984 ῐδωσι
1681 1931 1773 1986 τὸν

180 2022 317 2076 Θεὸν
343 2026 458 2086 τοῖς
483 2025 688 2095 νοεροίς
710 2022 1026 2092 ὀφθαλμοῖς·
1051 2022 1209 2075 τοῦτο
1233 2023 1341 2093 γάρ
1364 2024 1481 2075 ἐστι
1513 2022 1575 2091 τὸ
1599 2023 1775 2093 μακά-

182 2132 302 2186 ριον
325 2115 504 2179 τέλος,
530 2116 665 2186 ὅπερ
685 2117 835 2189 πάσῃ
864 2117 1027 2184 φύσει
1061 2115 1254 2186 λογικῇ
1282 2116 1611 2187 τετήρηται·
1639 2116 1696 2168 αἱ
1717 2115 1774 2168 δέ

179 2206 351 2259 οἰκίαι
374 2205 481 2259 τῶιν
502 2206 724 2259 δικαίων
749 2205 961 2276 ἓτοιμαί
985 2206 1122 2258 εἰσιν
1146 2206 1226 2268 εἰς
1247 2204 1409 2275 δοχὴν
1441 2204 1680 2270 πάντων,
1701 2203 1776 2267 ὡς

184 2297 400 2351 κελεύει
424 2301 450 2351 ὁ
477 2298 710 2370 Κύριος.

257 2391 608 2462 Διανοήματα
637 2389 731 2442 νῦν
759 2385 909 2443 εἶπεν
949 2389 1048 2454 τὰς
1100 2390 1246 2454 θείας
1291 2389 1510 2462 ὁράσεις
1547 2388 1640 2441 καί
1678 2386 1779 2449 τὰς

183 2481 331 2547 ἕξεις
354 2481 464 2534 τῶν
488 2482 720 2554 ἀρετῶν,
747 2484 926 2554 ἇσπερ
946 2487 1065 2548 ταῖς
1093 2483 1233 2547 ὁδοῖς
1253 2481 1346 2536 νοῦ
1378 2483 1404 2535 0
1414 2481 1778 2555 ρασυκαρδίου

185 2572 502 2626 ἀντέθεικεν
520 2590 534 2603 ·
578 2575 712 2628 Ἀπὸ
739 2576 848 2646 γὰρ
867 2576 973 2630 τοῦ
1002 2577 1479 2645 περισσεύματος
1508 2574 1615 2644 τῆς
1648 2592 1782 2642 καρ-

186 2665 324 2731 δίας
353 2665 535 2719 λαλεῖ
561 2666 633 2721 τὰ
658 2669 853 2736 χείλη,
885 2663 1036 2722 εἶπεν
1067 2670 1095 2722 ὁ
1134 2667 1358 2740 Κύριος·
1390 2668 1448 2720 οὐ
1471 2666 1578 2738 γὰρ
1613 2683 1780 2719 κακοο

187 2757 444 2826 ποιῆσαι,
471 2757 584 2810 ἀλλ’
600 2758 994 2829 ἀγαθοποιῆσαι
1013 2759 1042 2811 ὁ
1060 2757 1260 2826 ἀγαθὸς
1293 2757 1431 2828 ἀνὴρ
1473 2756 1777 2808 διανοεῖται·

187 2850 216 2901 ὁ
235 2851 297 2902 δὲ
324 2850 722 2921 θρασυκάρδιος
743 2850 817 2913 ὡς
845 2851 1035 2920 ἄφρων
1057 2851 1310 2922 πράττων
1328 2849 1423 2901 καὶ
1453 2848 1648 2917 λέγων,
1679 2849 1782 2917 ἐμ-

190 2943 569 3014 πλησθήσεται
607 2944 904 3013 μαστίγων,
923 2946 1016 2997 καὶ
1044 2943 1386 3015 πραγμάτων
1418 2939 1782 3010 ἀφαιρέσεως,

189 3037 289 3086 καὶ
309 3034 464 3098 τέλος
498 3034 595 3106 τὴν
622 3035 797 3106 ψυχὴν
823 3035 988 3089 αὑτοῦ
1022 3034 1295 3088 ἀπολέσει.

1874 1831 2022 1902 impii
2066 1845 2172 1884 non
2221 1827 2396 1890 solum
2454 1825 2542 1878 Dei
2581 1823 2968 1890 cognitionem,
2998 1820 3093 1874 sed
3131 1831 3188 1874 ct
3233 1819 3453 1872 univer-

1873 1938 1988 1978 sam
2022 1919 2340 1976 salutarium
2395 1917 2778 1970 mandatorum
2833 1913 3096 1966 rationem
3127 1927 3142 1975 ;
3182 1920 3241 1964 ut
3269 1924 3455 1963 emun-

1874 2014 1986 2068 dati
2026 2013 2245 2068 videant
2282 2011 2449 2064 Deum
2479 2006 2788 2061 intellectus
2832 2005 3023 2057 oculis.
3053 2001 3152 2056 llic
3201 2002 3346 2055 enim
3375 2011 3458 2054 est

1876 2106 2067 2160 beatus
2098 2104 2248 2168 ﬁnis,
2276 2101 2366 2172 qui
2407 2100 2554 2155 omni
2587 2097 2840 2152 rationali
2885 2104 3091 2150 natura:
3124 2104 3454 2147 reservatur.

1875 2195 2152 2251 Justorum
2188 2209 2318 2248 vero
2358 2192 2554 2246 domus
2603 2199 2806 2258 parata:
2857 2196 2982 2242 sunt
3029 2184 3270 2239 omnium
3306 2196 3458 2235 rece-

1877 2287 2069 2358 ptioni,
2103 2283 2432 2355 proutjubet
2463 2283 2744 2336 Dominus.

1950 2383 1994 2414 "’
2022 2379 2389 2453 Cogitationes
2422 2391 2565 2429 nunc
2597 2374 2734 2428 dixit
2757 2371 2970 2426 divinas
2999 2367 3240 2422 visiones
3268 2374 3324 2418 et
3348 2365 3447 2416 ha-

1882 2475 2027 2529 bitus
2047 2475 2332 2532 virtutum,
2350 2484 2488 2534 quas
2514 2466 2615 2520 viis
2646 2463 2880 2520 hominis
2907 2459 3179 2515 temerarii
3202 2456 3452 2526 opponit.

1885 2569 2128 2635 Namque
2156 2582 2220 2619 ex
2237 2561 2565 2617 abundantia
2583 2556 2757 2612 cordis
2775 2555 3065 2623 loquuntur
3092 2549 3256 2610 labia,
3280 2545 3459 2606 inquit

1887 2661 2144 2715 Dominus
2173 2658 2239 2710 ’³.
2267 2655 2414 2709 llaud
2441 2653 2585 2707 enim
2616 2648 2774 2711 male,
2790 2648 2885 2702 sed
2912 2645 3052 2698 bene
3079 2644 3259 2696 facere
3289 2643 3460 2693 bonus

1883 2755 1967 2806 vir
2004 2751 2313 2805 meditatur.
2345 2743 2697 2812 Temerarius
2729 2754 2856 2793 vero
2889 2736 3259 2806 imprudenter
3294 2743 3462 2800 agens

1885 2861 1950 2899 ac
1986 2845 2232 2912 loquens,
2284 2839 2582 2907 replebitur
2625 2833 2875 2902 ﬂagellis,
2913 2839 2967 2884 ct
3018 2830 3094 2883 rei
3144 2823 3459 2879 domestica:

1883 2936 2248 2998 detrimentis,
2286 2944 2340 2988 et
2369 2933 2604 3000 denique
2629 2929 2864 2981 animam
2895 2938 3046 2977 suam
3076 2919 3282 2989 perdet.

1685 3124 1838 3179 CAP.
1872 3122 1986 3176 XV.

279 3221 568 3291 Ἑλέγχους
599 3221 694 3276 νῦν
721 3220 820 3285 τὰς
854 3220 1070 3283 ἐντολὰς
1109 3217 1280 3275 εἶπεν·
1315 3212 1474 3273 αὗται
1501 3217 1607 3290 γὰρ
1631 3216 1778 3288 ἡμᾶς
1807 3222 1849 3279 C

194 3316 614 3386 ἁμαρτάνοντας
636 3314 964 3384 ἐλέγχουσιν·
999 3313 1048 3366 oi
1074 3313 1131 3365 δὲ
1157 3312 1440 3384 μισοῦντες
1467 3311 1656 3375 αὐτὰς,
1693 3309 1786 3362 καὶ

193 3416 262 3484 τῇ
293 3413 617 3484 αἱσχρότητι
650 3412 760 3465 τῶν
791 3411 1074 3484 ἁμαρτιῶν
1108 3412 1659 3482 συναποθνήσκοντες,
1689 3409 1786 3462 σὺν

195 3506 275 3577 τῷ
331 3507 556 3578 πονηρῷ
599 3505 779 3560 αὐτῶν
826 3507 1095 3577 ἐφευρετῇ
1138 3506 1387 3576 πονηρῶς
1437 3505 1784 3575 τακήσονται·

199 3597 310 3651 ὑπὸ
333 3597 391 3650 δὲ
422 3597 533 3650 τῶν
584 3596 886 3668 παριόντων
941 3595 1040 3666 τὴν
1070 3595 1290 3658 κακίαν,
1323 3592 1648 3664 γνωρίζεται
1689 3593 1789 3664 τῆς

201 3689 618 3760 ἀναμαρτησίας
639 3691 674 3760 ἡ
703 3688 920 3742 παιδεία
934 3687 1029 3741 τοῦ
1063 3687 1296 3741 ἀκάκου.

282 3783 520 3853 Ἡσυχία
567 3784 716 3836 ἐστὶν
748 3783 925 3853 ἀποχὴ
973 3781 1170 3844 κακίας
1199 3780 1520 3852 ἐμπράκτου
1545 3781 1638 3834 καὶ
1663 3779 1791 3850 ὁρά-

205 3891 366 3936 σεων,
399 3875 466 3946 ἦν
499 3875 550 3926 οἱ
593 3873 790 3942 ἀγαθοὶ
836 3870 1217 3944 ἡσυχάζουσιν·
1246 3874 1297 3924 οἱ
1328 3872 1385 3925 δὲ
1412 3871 1505 3924 τοῦ
1535 3872 1653 3935 νοὸς
1694 3872 1791 3926 καὶ

207 3967 460 4038 σώματος
480 3965 748 4037 ὀφθαλμοὶ
773 3964 880 4019 τῶν
907 3963 1118 4030 κακῶν,
1149 3962 1328 4017 πάντα
1351 3963 1445 4016 τὸν
1461 3962 1650 4034 χρόνον
1679 3963 1792 4015 ἐπι-

203 4060 452 4114 νοοῦνται
486 4059 648 4112 κακά.

287 4153 346 4205 Ὁ
369 4151 429 4204 δὲ
468 4151 688 4214 συνετὸς
718 4151 818 4204 οὐκ
845 4149 991 4202 ἐστιν
1023 4151 1080 4203 ἐν
1113 4148 1240 4219 ᾅδου
1273 4148 1368 4201 τοῦ
1400 4147 1509 4202 τῶν
1535 4148 1778 4220 ἀμαρτω-

205 4244 331 4296 λῶν·
359 4243 470 4296 ὁδοὶ
515 4241 684 4313 ζωῆς,
711 4242 1048 4312 διανοήματα
1077 4239 1236 4293 θείων
1268 4240 1442 4309 λόγων
1476 4239 1570 4294 καὶ
1594 4239 1792 4311 ἔργων·

205 4339 234 4389 ὁ
265 4336 320 4388 δὲ
348 4334 568 4398 συνετὸς
610 4334 698 4388 ἀεὶ
745 4332 919 4387 ταῦτα
960 4335 1103 4386 ποιεῖ
1133 4333 1227 4386 καὶ
1259 4331 1522 4395 διδάσκει,
1567 4331 1656 4384 ἵνα
1698 4331 1796 4384 σὺν

206 4428 320 4487 τοῖς
347 4422 684 4494 μαθητιῶσιν
714 4421 967 4483 ἐκκλίνας
996 4422 1061 4472 ἐκ
1087 4419 1182 4473 τοῦ
1213 4419 1340 4490 ᾅδου
1376 4419 1544 4490 σωθῇ.

277 4518 342 4569 0i.
368 4516 470 4580 τὰς
496 4515 716 4579 ἐντολὰς
739 4513 906 4568 αὐτοῦ
933 4515 1006 4585 μὴ
1035 4513 1388 4584 πράττοντες,
1419 4511 1604 4583 ἐχθροὶ
1627 4509 1790 4565 αὐτοῦ

210 4611 365 4662 εἰσιν·
419 4608 562 4678 φίλοι
593 4608 650 4660 δέ
696 4607 861 4660 αὑτοῦ
917 4606 1155 4673 γίνονται
1195 4603 1334 4656 ἐπὰν
1401 4605 1516 4666 τοῖς
1561 4601 1792 4664 δικαίοις

212 4701 657 4774 προσδράμωσιν,
687 4698 1166 4770 ἐξομολογούμενοι
1195 4695 1296 4758 τὰς
1337 4695 1561 4766 πράξεις
1614 4693 1792 4748 αὐτῶν

211 4797 310 4859 τὰς
355 4794 600 4866 πονηράς
647 4793 744 4864 (1)·
789 4792 848 4856 ἐξ
886 4785 962 4845 ὧν
1010 4790 1324 4859 ἐναχθέντες
1353 4787 1428 4850 ὡς
1458 4789 1654 4840 ἐκεῖνοι
1697 4785 1796 4848 τὰς

214 4887 510 4952 ζωοποιοὺς
530 4886 679 4950 ὁδοὺς
710 4884 1082 4956 πορεύσονται·
1109 4881 1319 4934 Παύλου
1345 4877 1697 4950 κηρύξαντος,
1729 4879 1797 4930 Οἵ

214 4993 360 5034 ποτε
386 4979 560 5044 ἄντες
586 4978 806 5046 ἐχθροὶ,
825 4972 1296 5044 κατηλλάγησαν
1311 4969 1390 5035 τῷ
1422 4968 1542 5034 Θεῷ
1564 4969 1662 5023 διὰ
1691 4967 1798 5021 τοῦ

215 5070 476 5126 θανάτου
495 5069 602 5123 τοῦ
638 5067 774 5121 Ποῦ
803 5065 1006 5119 αὐτοῦ·
1043 5061 1375 5134 προσεκτέον
1407 5060 1488 5114 ὅτι
1517 5059 1716 5122 πάντες
1747 5061 1794 5112 οἱ

215 5163 421 5234 ἐχθροὶ,
441 5161 531 5214 διὰ
561 5161 667 5213 τῶν
691 5157 914 5213 δικαίων
937 5156 1079 5224 φίλοι
1101 5154 1358 5223 γίνονται·
1392 5152 1478 5205 ἵνα
1507 5152 1601 5205 καὶ
1632 5153 1794 5204 πᾶσιν

215 5254 345 5323 εἴπῃ
373 5249 627 5322 Χριστός·
664 5245 874 5302 Οὐκέτι
915 5243 1072 5314 ὑμᾶς
1101 5239 1264 5296 καλῶ
1307 5238 1586 5303 δούλους,
1633 5234 1796 5290 ἀλλὰ

215 5346 456 5414 φίλους.

322 5463 370 5493 ’⁸
402 5463 477 5515 ita
518 5461 637 5515 cod.
716 5459 762 5490 ’⁵
787 5472 839 5511 v.
861 5457 915 5510 7.
991 5454 1036 5486 ²⁶
1066 5469 1118 5506 v.
1149 5452 1202 5506 9.

220 5533 261 5562 ³³
290 5531 450 5586 Rom.
479 5547 533 5597 v,
557 5531 645 5584 10.
720 5528 766 5560 ³⁸
785 5526 944 5582 Joan.
979 5540 1068 5590 xv,
1105 5523 1194 5576 15.

291 5650 369 5721 (1)
400 5647 543 5703 Nihil
570 5646 876 5701 evidentius
922 5642 1162 5721 videtur,
1187 5651 1348 5721 quam
1383 5637 1500 5721 haec
1541 5629 1794 5721 Qrigenlis

220 5700 465 5774 duetiina
489 5700 558 5771 de
585 5700 931 5786 peccatorum
977 5712 1119 5777 apud
1149 5700 1488 5786 sacerdotem
1510 5773 1520 5783 ι
1542 5700 1790 5786 luciqnda

219 5772 956 5856 conleSsioncfrjusdcmquc
981 5772 1316 5837 salutaribus
1336 5772 1555 5831 monitis
1578 5772 1792 5826 audien-

1823 4562 1870 4621 D

1297 5450 1341 5482 ⁸⁷
1373 5464 1427 5506 v.
1453 5448 1543 5506 14.
1614 5446 1660 5479 ’⁸
1686 5443 1877 5500 Matth.

1954 3213 1997 3243 ’9
2021 3207 2405 3276 Correptiones
2443 3203 2576 3258 dicit
2602 3199 3013 3255 mandatazluec
3039 3193 3182 3249 enitn
3213 3180 3310 3244 nos
3332 3205 3461 3260 pec-

1890 3313 2077 3360 cantes
2109 3300 2430 3370 corripiunt.
2471 3297 2573 3363 Qui
2609 3309 2740 3348 vero
2775 3293 2864 3346 illa
2891 3291 3140 3352 oderunt,
3178 3295 3233 3339 ct
3268 3299 3461 3352 pecca-

1892 3410 2064 3451 torum
2101 3391 2420 3461 turpitudini
2461 3388 2922 3446 commoriuntur,
2963 3395 3087 3435 cum
3115 3375 3360 3445 improbo
3395 3374 3458 3427 il-

1891 3491 2062 3543 lorum
2088 3479 2368 3541 inventore
2397 3476 2692 3536 tabesecnl.
2722 3479 2766 3531 A
2799 3469 3258 3545 prtelercuntibus
3285 3474 3464 3544 autent

1891 3580 2210 3651 nequitiam,
2245 3576 2591 3647 cognoscitur
2641 3570 2923 3641 disciplina
2955 3562 3324 3635 impet-cantiae
3363 3561 3464 3614 lto—

1891 3677 2054 3732 minis
2082 3673 2332 3729 insontis.
2936 3729 2939 3735 ι

1960 3767 2006 3799 ³ο
2026 3765 2190 3833 Quies
2221 3771 2304 3817 est
2342 3758 2668 3814 abstinentia
2708 3772 2738 3810 a
2801 3750 3038 3823 nequitia
3094 3757 3314 3803 actuosa
3346 3753 3402 3799 et
3436 3755 3467 3798 a

1891 3858 2231 3930 spectaculis,
2257 3868 2363 3924 qua
2393 3852 2514 3906 boui
2545 3851 2727 3920 quiete
2759 3847 3037 3901 fruuntur.
3065 3841 3256 3896 Mentis
3281 3851 3462 3894 autem

1893 3961 1947 4005 et
1976 3949 2222 4017 corporis
2253 3944 2393 4000 oculi
2421 3943 2787 4012 improborum
2819 3938 2964 3992 onmi
3005 3945 3248 4004 tempore
3293 3933 3466 3986 medi-

1897 4051 2081 4096 tantur
2119 4052 2312 4107 prava.

1967 4133 2005 4164 "
2029 4132 2122 4185 Vir
2137 4131 2392 4186 cordatus
2417 4127 2468 4181 in
2484 4125 2696 4180 inferno
2715 4120 3053 4192 peccantium
3075 4131 3181 4172 non
3197 4125 3463 4169 versatur.

1896 4223 2010 4279 Via:
2038 4224 2180 4287 vita},
2206 4217 2584 4275 meditationes
2611 4224 2738 4268 sunt
2766 4211 3075 4266 divinorum
3097 4206 3385 4260 verborum
3415 4217 3464 4256 et

1895 4331 2141 4385 operum.
2175 4311 2267 4364 Vir
2295 4310 2551 4364 cordatus
2585 4318 2800 4373 semper
2830 4301 2946 4355 haec
2980 4298 3091 4367 agit
3121 4305 3175 4375 et
3205 4295 3387 4354 docet,
3412 4302 3470 4343 ut

1897 4382 2020 4461 cum
2051 4401 2331 4471 discipulis
2357 4399 2471 4453 suis
2504 4395 2783 4451 declinans
2814 4393 2880 4444 ab
2915 4387 3104 4443 inferis
3153 4383 3344 4437 salvus
3381 4382 3468 4434 sit.

1971 4499 2014 4530 ³³
2034 4497 2132 4564 Qui
2151 4495 2243 4548 Dei
2266 4490 2535 4546 mandatis
2559 4502 2666 4541 non
2685 4486 3083 4550 obtemperant,
3118 4474 3323 4531 inimici
3356 4474 3472 4542 ejus

1896 4601 2052 4650 sunt;
2092 4588 2186 4641 sed
2217 4583 2454 4652 ejusdem
2487 4578 2648 4632 amici
2678 4575 2836 4636 ﬁunt,
2860 4585 2980 4626 cum
3026 4577 3086 4623 ut
3112 4566 3289 4622 malos
3323 4578 3476 4620 actus

1898 4694 2023 4735 suos
2053 4677 2429 4738 conliteantur,
2464 4671 2529 4723 ad
2569 4667 2746 4736 iustos
2781 4662 3029 4717 homines
3059 4674 3117 4713 se
3142 4655 3473 4717 conferunt;

1902 4789 1930 4827 a
1964 4771 2166 4841 quibus
2203 4765 2442 4828 deducti,
2479 4761 2744 4816 salutares
2769 4757 2887 4808 vias
2913 4767 3065 4822 teque
3085 4740 3151 4804 ac
3185 4750 3258 4803 illi
3285 4763 3476 4818 perse-

1900 4874 2157 4936 quentur.
2217 4859 2383 4914 Paulo
2431 4855 2740 4910 clamante:
2792 4849 2894 4914 Qui
2942 4845 3228 4906 aliquando
3272 4841 3474 4895 inimici

1901 4930 2073 5016 erant,
2097 4949 2420 5005 reconciliati
2450 4954 2569 5000 sunt
2600 4942 2704 4996 Deo
2733 4958 2825 5010 per
2851 4949 3072 4992 mortem
3106 4934 3236 4988 Filii
3260 4935 3375 5002 ejus
3407 4930 3474 4984 ³³.

1901 5043 2476 5103 Animadvertendum,
2503 5035 2772 5106 quomodo
2797 5045 2989 5086 omnes
3027 5027 3255 5091 inimici,
3297 5026 3472 5097 justo-

1900 5153 2020 5192 rum
2069 5148 2235 5204 opere
2285 5133 2417 5184 liant
2464 5129 2663 5194 amici;
2697 5133 2757 5178 ut
2782 5122 3036 5175 omnibus
3065 5120 3280 5172 demum
3328 5117 3476 5169 dicat

1899 5232 2152 5288 Christus
2173 5227 2218 5260 ³⁵
2242 5243 2257 5280 :
2287 5226 2410 5282 lam
2439 5241 2541 5279 non
2571 5219 2794 5290 amplius
2819 5232 2905 5271 eo:
2929 5228 3106 5268 servos
3133 5209 3359 5281 appello,
3385 5207 3472 5260 sed

1903 5323 2120 5376 amicos.

1913 5458 2009 5507 xu,
2037 5442 2126 5497 51.
2233 5439 2278 5471 ’θ
2304 5453 2357 5492 v.
2393 5436 2478 5491 10.
2557 5433 2602 5465 ³ο
2637 5447 2686 5485 r.
2716 5428 2800 5484 15.
2878 5424 2921 5457 ³¹
2953 5436 3003 5475 v.
3027 5420 3122 5475 24.
3222 5417 3265 5448 ³³
3300 5430 3350 5467 v.
3382 5414 3473 5468 28.

2233 5439 2278 5471 ’θ
2304 5453 2357 5492 v.
2393 5436 2478 5491 10.
2557 5433 2602 5465 ³ο
2637 5447 2686 5485 v.
2716 5428 2800 5484 15.
2878 5424 2921 5457 ³¹
2953 5436 3003 5475 v.
3027 5420 3122 5475 24.

1898 5625 2000 5752 (Ἠ.
2042 5623 2241 5678 Nolent
2278 5623 2384 5677 hoc
2432 5615 2746 5675 heterodoxi
2775 5620 3057 5682 tantopere
3090 5621 3119 5661 a
3167 5599 3458 5668 conf-teni,

1900 5713 1926 5749 ιι
1992 5706 2276 5752 torrentes.

1900 5706 2276 5752 ιιωιοιτριιίοε.
