1944 3107
226 155 280 184 195

667 152 947 181 SUPPLEMENTUM
963 152 1008 179 AD
1034 150 1195 180 ORIGENIS
1213 151 1417 179 EXEGETICA.

1791 151 1842 178 I96

952 211 1029 239 CAP.
1050 211 1123 239 XVI.

260 263 282 280 ³³
295 263 398 291 Rursus
423 263 459 290 ibi
480 270 586 298 quoque
607 262 737 298 sapientia
759 269 826 297 opus
841 266 892 293 est,
908 265 938 288 ut
951 260 1005 288 cle-

1091 259 1175 286 Πάλιν
1200 260 1279 286 κάκεῖ
1290 259 1340 295 τῆς
1357 260 1452 294 σοφίας
1466 259 1553 295 χρεία,
1575 259 1617 286 ἵνα
1644 258 1809 294 ὲξιλάσηται·
1824 258 1842 295 ἢ

224 310 351 336 mentium
365 309 502 343 impetret.
518 308 565 335 Vel
577 308 622 343 qui
639 307 788 342 punitionis
803 308 941 334 decretum
957 305 1009 333 scit

224 355 347 389 angelus,
363 354 439 381 furor
452 354 499 381 Dei
511 353 620 381 dicitur.
628 353 736 380 Peritus
748 358 837 379 autem
852 352 1007 379 divinorum

225 401 367 428 verborum
387 405 419 427 es
438 406 563 434 operum,
579 405 629 426 ceu
654 397 707 433 ipsi
731 402 822 425 mente
844 396 1006 430 conformis,

225 446 296 474 haud
311 453 372 472 eum
387 446 556 472 extimescet.

258 493 282 508 "
295 491 355 518 Nidi
371 491 511 526 sapientiae
532 495 597 518 sunt
614 489 750 524 Ecclesiae,
771 489 809 517 vel
826 489 946 518 cmlestia
959 489 1008 516 ha-

224 537 350 565 bitacula.
367 538 504 572 Sapientia
524 545 588 565 vero
602 537 681 565 Jesus
694 537 818 565 Christus
833 541 884 567 est,
900 537 946 564 Dei
961 535 1008 563 Fi-

224 582 284 610 lius.
301 582 361 609 Nidi
374 587 463 609 autem
477 582 640 616 prudentia},
664 582 869 617 przestantiores
882 586 1005 617 argento,

224 628 349 662 practica:
364 628 478 654 virtutes
493 631 566 660 sunt,
580 628 698 662 jnstitia,
716 628 843 660 scientia,
861 627 1006 662 sapientia,

224 674 414 708 temperantia,
431 673 574 706 fortitudo,
588 673 792 708 longanimitas,
813 674 956 709 patientia,
968 675 1006 701 le-

224 720 304 752 nitas,
316 719 498 754 eleemosyna,
519 718 586 746 [Ides
600 726 661 746 cum
682 727 729 754 spe
742 725 769 748 ct
793 720 942 754 charitate;
958 728 1007 755 per

223 772 291 799 quas
311 773 359 793 ceu
378 765 511 792 scalarum
534 768 634 800 gradus
651 766 676 793 in
694 766 833 801 sapientiai
852 767 1005 794 habitacula

224 812 327 847 ingredi
344 813 410 839 nihil
427 817 498 839 vetat
511 820 558 840 cos
569 813 615 848 qui
632 813 695 840 illuc
706 815 891 841 conscendere
913 818 940 841 et
958 814 1006 840 ha-

224 858 311 885 bitare
325 858 472 887 voluerint.

261 904 282 920 ³⁷
299 904 473 940 Disciplinam
486 905 551 932 dicit
565 904 688 932 timorem
709 904 768 937 Dei,
782 905 924 940 jejunium,
937 912 1004 932 con-

226 951 376 983 tinentiam;
392 950 511 985 vigilias,
529 951 740 986 hymnologiam,
750 955 777 977 et
788 959 847 978 eam
859 959 940 985 quant
957 959 1005 978 no-

225 996 266 1023 bis
283 996 353 1023 Deus
369 997 548 1031 experimenti
563 1004 644 1024 causa
662 997 815 1024 morborum
831 997 1004 1024 indncitcas-

224 1043 391 1077 ligationcm.
405 1042 641 1077 Roprchensiones
653 1043 719 1070 dicit
732 1044 857 1069 mandata
872 1043 933 1076 Dei;
950 1043 1006 1070 haec

222 1088 294 1114 enim
319 1092 463 1122 peccantes
480 1094 531 1114 nos
556 1088 768 1123 reprehendunt.
787 1088 850 1116 Vias
872 1088 922 1116 hoc
947 1089 1005 1116 loco

222 1134 290 1161 dicit
306 1141 412 1166 sensus,
429 1140 497 1168 quos
510 1133 556 1168 qui
568 1134 699 1166 custodit,
716 1139 802 1161 morte
813 1139 934 1169 ereptam
947 1142 1005 1162 ser~

223 1185 269 1208 vat
297 1180 414 1207 animam
433 1188 508 1207 suam
536 1180 570 1207 ad
590 1180 684 1207 vitam.
701 1180 785 1208 Porro
807 1181 861 1208 vita
882 1185 923 1208 est
946 1188 1006 1215 qua:

222 1226 313 1254 omnia
326 1227 490 1259 viviﬂeat,et
504 1234 538 1253 ex
553 1226 637 1254 nihilo
645 1226 679 1254 ad
691 1227 878 1254 elsistentiam
892 1227 1006 1254 adduxit

223 1271 342 1299 Trinitas
357 1276 461 1299 sancta.
471 1271 522 1304 Qui
532 1276 623 1298 autem
636 1271 720 1298 vitam
734 1271 831 1306 diligit,
844 1279 1006 1307 semperque

223 1317 316 1345 vivere
338 1321 423 1352 optat,
440 1325 471 1344 os
497 1324 575 1344 suum
602 1317 761 1350 continebit,
781 1317 923 1351 quominus
938 1325 1005 1345 non-

224 1364 274 1391 nisi
290 1364 323 1390 de
339 1364 392 1390 Deo
404 1363 494 1390 verbis
506 1367 532 1390 et
549 1363 676 1398 operibus
693 1362 829 1397 loquatur,
848 1368 876 1391 et
893 1363 942 1391 Dei
959 1371 1007 1391 co-

224 1408 337 1443 gnitioni
353 1409 472 1436 studium
488 1409 634 1443 impendet.

259 1453 281 1469 ⁸⁸
295 1454 355 1481 Vita
371 1453 442 1482 Deus
457 1460 509 1482 est.
534 1454 605 1482 Fons
625 1460 715 1482 autem
728 1455 790 1482 vita:
804 1455 946 1490 tripliciter
960 1462 1007 1490 per

223 1507 253 1527 se
266 1499 433 1534 exsistentis,
450 1500 593 1536 sapientia,
609 1501 733 1534 scientia,
749 1506 777 1528 et
791 1501 905 1529 virtutes
926 1506 1004 1534 sunt;

223 1554 277 1582 quo
293 1554 325 1573 ex
340 1546 414 1574 l'onte
432 1548 478 1582 qui
494 1548 598 1580 bibunt,
616 1548 847 1575 immortalitatem
863 1549 1006 1583 sempiter-

1058 307 1073 332 6
1089 306 1151 337 τοὺς
1173 306 1236 340 περὶ
1251 305 1387 337 κολάσεως
1413 306 1591 340 ἐπιστάμενος
1606 304 1699 339 λόγους
1718 305 1841 338 ἄγγελος,

1059 351 1142 387 θυμὸς
1158 351 1204 378 τοῦ
1221 351 1288 378 Θεοῦ
1305 351 1422 386 λέγεται.
1443 352 1472 378 ’0
1487 351 1514 378 δὲ
1528 351 1608 386 σοφὸς
1623 352 1650 377 ἐν
1661 351 1742 382 θείοις
1753 351 1842 386 ἔργοις

1058 398 1105 424 καὶ
1118 397 1216 432 λόγοις,
1238 397 1276 429 ὼς
1303 398 1430 434 όμόφρων
1445 397 1519 433 αὐτῷ
1543 397 1591 430 ὣν,
1609 397 1640 423 οὺ
1663 396 1842 433 πτοηθήσεται

1057 443 1149 471 αὐτόν.

1091 490 1205 517 Νοσσιαὶ
1216 489 1314 527 σοφίας
1325 490 1391 516 εἰσὶν
1406 489 1609 525 αἱἘκκλησίαι,
1626 489 1643 525 ἢ
1658 489 1686 516 αἱ
1699 489 1727 516 ὲν
1741 488 1780 525 τῷ
1795 490 1842 516 οὗ-

1057 536 1131 572 ρανῷ
1151 535 1257 572 σκηναί·
1280 535 1360 570 σοφία
1374 536 1412 567 δὲ,
1435 534 1537 570 Ἰησοῦς
1547 535 1671 571 Χριστὸς,
1688 536 1703 561 6
1714 535 1759 562 τοῦ
1774 535 1842 562 Θεοῦ

1058 582 1130 613 Υἱὸς.
1150 582 1233 608 ἐστὶν.
1248 581 1363 608 Νοσσιαὶ
1372 581 1400 608 δὲ
1416 582 1571 617 φρονήσεως
1587 580 1760 617 αίρετώτεραι
1771 581 1842 616 ὑπὲρ

1056 627 1195 663 ἀργύριον,
1212 628 1240 653 αἱ
1257 627 1409 662 πρακτικαὶ
1425 627 1531 663 ἀρεταί·
1549 627 1715 662 δικαιοσύνη,
1730 627 1840 661 γνῶσις,

1058 674 1147 709 σοφία,
1170 673 1342 710 σωφροσύνη,
1365 673 1485 709 ἀνδρεία,
1511 673 1695 709 μακροθυμία,
1718 674 1842 706 ἀνεξικα-

1056 720 1112 752 κία,
1140 720 1282 756 ἀοργησία,
1308 720 1486 755 ἐλεημοσύνη,
1504 720 1596 751 πίστις
1614 720 1661 746 σὺν
1689 719 1775 745 ἐλπίδι
1793 720 1840 746 καὶ¹

1056 766 1162 801 ἀγάπη·
1181 766 1214 792 δι’
1224 767 1255 798 ἃς
1269 766 1305 797 ὡς
1317 766 1448 801 κλίμακος
1465 765 1606 800 βαθμίδας,
1617 766 1656 797 είς
1672 764 1720 797 τὰς
1731 765 1781 800 τῆς
1799 774 1842 791 σο-

1057 812 1121 846 φίας
1156 812 1257 847 σκηνὰς
1283 813 1395 839 εἰσιέναι
1415 811 1551 839 ἀκώλυτον
1577 813 1639 843 τοὺς
1665 812 1767 838 ἀνιέναι
1795 813 1841 839 καὶ

1055 858 1165 893 οἰκῆσαι
1182 858 1367 893 βουλομένους.

1090 904 1217 931 Παιδείαν
1230 904 1302 938 λέγει
1324 904 1405 938 φόϐου
1418 903 1496 937 Θεοῦ,
1513 903 1653 939 νηστείαν,
1669 904 1841 940 ἐγκράτειαν,

1020 935 1041 962 Β
1055 951 1217 988 ἀγρυπνίαν,
1231 935 1393 987 ὕμνοι-καὶ
1416 951 1464 986 τὴν
1487 935 1515 978 εν
1534 935 1621 982 νόσοις
1645 935 1843 986 πρόςδοκιμὴν

1055 998 1122 1025 Θεοῦ
1147 998 1334 1034 ἐπερχομένην
1355 998 1420 1033 ἡμῖν
1444 997 1574 1023 παιδείαν.
1597 996 1738 1031 Ἐλέγχους
1767 996 1843 1031 λέγει

1055 1045 1103 1076 τὰς
1130 1044 1241 1074 ἐντολὰς
1262 1043 1309 1070 τοῦ
1334 1044 1411 1070 Θεοῦ·
1430 1040 1510 1070 αὗται
1531 1043 1585 1079 γὰρ
1601 1044 1674 1078 ἡμᾶς
1688 1043 1845 1077 ἐλέγχουσιν

1056 1091 1269 1127 ἁμαρτάνοντας.
1294 1090 1385 1122 Ὁδοὺς
1401 1089 1517 1116 ἐνταῦθα
1532 1090 1581 1120 τὰς
1594 1089 1734 1124 αἰσθήσεις
1749 1088 1843 1124 φησίν

1055 1139 1069 1164 6
1080 1138 1108 1164 δὲ
1121 1138 1265 1173 φυλάσσων
1280 1137 1375 1169 αὐτὰς,
1391 1138 1468 1172 τηρεῖ
1484 1136 1517 1162 ὲκ
1536 1136 1650 1162 θανάτου
1667 1135 1715 1171 τὴν
1745 1134 1843 1162 ἑαυτοῦ

1055 1184 1142 1219 ψυχὴν
1157 1183 1224 1218 πρὸς
1242 1184 1323 1217 ζωήν·
1346 1182 1403 1218 ζωὴ
1427 1182 1482 1217 γάρ
1497 1183 1569 1208 ἐστιν
1585 1181 1601 1216 ἡ
1620 1181 1707 1208 πάντα
1724 1179 1843 1213 ζωοῦσα,

1056 1230 1104 1257 καὶ
1120 1230 1149 1262 ἐξ
1166 1230 1215 1256 οὐκ
1229 1230 1311 1256 ὄντων
1340 1230 1379 1260 είς
1391 1229 1420 1255 τὸ
1444 1226 1514 1255 εἶναι
1540 1228 1737 1263 παραγαγοῦσα
1757 1227 1844 1262 Τριὰς

1056 1277 1130 1312 ἁγίου
1149 1279 1164 1303 ὁ
1175 1277 1203 1303 δὲ
1219 1276 1333 1310 ἀγαπῶν
1347 1275 1395 1311 τὴν
1409 1274 1491 1309 ζωὴν,
1507 1274 1552 1300 καὶ
1568 1274 1611 1300 ἀεὶ
1622 1274 1670 1309 ζῇν
1686 1274 1753 1308 αὐτῇ
1766 1273 1842 1307 ἐφιέ-

1057 1331 1147 1358 μενος,
1171 1322 1292 1356 φείσεται
1314 1321 1446 1356 στόματος
1461 1319 1543 1346 αὑτοῦ
1563 1320 1595 1345 ὲκ
1610 1319 1664 1345 τῶν
1674 1318 1710 1354 μὴ
1721 1317 1787 1344 Θεοῦ
1798 1317 1844 1343 λεί⁴

1056 1377 1112 1403 γων
1139 1369 1185 1395 καὶ
1212 1368 1309 1404 ἔργων,
1334 1367 1381 1394 καὶ
1401 1368 1434 1402 τῇ
1460 1366 1558 1401 γνώσει
1589 1365 1634 1392 τοῦ
1660 1364 1727 1390 Θεοῦ
1759 1372 1844 1399 προσ-

1056 1415 1121 1447 έξει.

1092 1461 1152 1497 Ζωὴ
1168 1461 1182 1487 ό
1197 1460 1263 1492 Θεός
1278 1461 1345 1486 ἐστι·
1362 1459 1411 1494 τῆς
1425 1458 1453 1485 δὲ
1467 1456 1647 1494 τρισσοφαοῦς
1660 1455 1810 1488 αὑτοζωῖας
1825 1456 1843 1489 ἡ

1057 1508 1141 1543 πηγὴ,
1157 1508 1174 1542 ή
1191 1505 1326 1541 σοφίαηκαὶ
1340 1506 1356 1541 ὴ
1372 1504 1470 1539 γνῶσις
1487 1504 1532 1530 καὶ
1550 1504 1578 1530 αί
1599 1502 1693 1538 ἀρεταί
1708 1502 1786 1528 εἰσιν·
1812 1500 1844 1532 ἐξ

1055 1551 1089 1589 ἦς
1106 1552 1197 1588 πηγῆς
1207 1553 1231 1578 οἱ
1254 1551 1386 1581 πίνοντες,
1400 1549 1547 1580 ἀθανασίας
1570 1548 1711 1584 μετέχουσι
1728 1554 1774 1572 και
1785 1546 1845 1572 ἀει-

224 1600 341 1627 namque
354 1594 437 1620 vitam
452 1594 624 1629 participant.
644 1593 702 1621 Jam
724 1594 769 1628 qui
785 1595 857 1621 dicto
871 1594 944 1622 fonte
957 1602 1005 1629 po-

1061 1599 1147 1631 ζωῖας’
1165 1600 1219 1630 τοῖς
1233 1598 1262 1624 δὲ
1277 1597 1456 1632 κεκτημένοις
1466 1595 1514 1631 τὴν
1539 1594 1665 1629 τοιαύτην
1681 1593 1782 1629 πηγὴν,
1800 1592 1843 1618 ἔν-

224 1638 266 1665 titi
281 1643 354 1671 sunt,
368 1639 385 1666 ii
398 1639 478 1666 verba
494 1639 556 1667 vita:
569 1640 743 1667 meditantur.
762 1641 798 1667 At
815 1647 879 1667 vero
896 1641 1005 1667 insano-

224 1692 284 1711 rum
297 1684 448 1719 disciplina,
465 1685 624 1720 improbitas
638 1690 680 1713 est
696 1695 703 1713 :
720 1691 776 1712 tum
793 1690 821 1713 et
836 1693 895 1722 qua:
907 1686 1006 1714 dicitur

223 1729 283 1756 sine
296 1731 467 1765 correptione
483 1731 637 1765 disciplina,
654 1732 767 1759 stultitia
785 1736 836 1759 est.

256 1775 279 1792 ³³
293 1776 440 1804 Scientiam
468 1777 617 1812 appellavit
640 1779 836 1813 cognitionem,
860 1777 924 1813 quia
950 1778 1006 1806 hazc

223 1822 314 1849 omnia
332 1823 439 1858 negotia
467 1825 617 1859 cognoscit.
643 1824 696 1851 Cor
721 1825 882 1859 sapientium
906 1825 1007 1860 cogitat

223 1875 284 1902 quae
304 1869 337 1895 ab
352 1876 399 1896 ore
418 1871 542 1904 proprio,
564 1870 591 1897 in
604 1870 707 1904 judicio
721 1871 755 1898 de
771 1871 909 1905 corporeis
921 1876 950 1897 et
965 1871 1006 1897 in-

224 1915 363 1950 corporeis
383 1924 391 1943 :
411 1920 439 1943 et
463 1916 535 1951 quod
561 1916 610 1951 ipsi
640 1915 733 1944 facere
762 1916 876 1949 docent,
906 1916 1008 1951 pariter

225 1965 318 1995 agunt.

262 2005 285 2022 ⁸⁸
306 2006 409 2033 Diaboli
425 2006 548 2034 doctrina
562 2007 661 2035 eruditi
678 2007 824 2041 daemones,
841 2014 949 2037 sanctos
960 2016 1007 2044 op-

227 2057 357 2088 pugnant,
373 2060 474 2088 eosque
498 2061 513 2080 a
537 2054 654 2081 scientia
677 2055 723 2082 Dei
749 2062 841 2083 arcere
863 2061 1006 2089 conantur,

224 2106 284 2133 quae
298 2098 368 2126 solet
396 2099 468 2133 ipsos
493 2101 618 2134 copulare
639 2100 756 2127 amicitia
775 2109 837 2128 cum
853 2101 1007 2129 ctelestibns

225 2144 417 2179 potestatibus.
440 2144 495 2172 lioc
511 2145 596 2178 ipsum
614 2145 740 2174 Salomon
756 2153 875 2181 quoque,
892 2151 921 2174 nt
936 2148 1008 2174 arbi-

226 2196 293 2223 tror,
307 2190 358 2218 hoc
368 2189 450 2218 etiam
463 2191 611 2226 signiﬁcat,
624 2199 785 2226 perversum
797 2193 904 2227 quidem
920 2193 1007 2220 homi-

224 2243 286 2263 nem
301 2235 394 2263 dicens
415 2235 543 2263 Satanam
562 2246 569 2264 ;
586 2242 760 2265 transeuntes
774 2238 827 2265 doli
846 2238 930 2272 faces,
943 2246 1006 2266 ern-

1055 1654 1112 1672 νοια
1127 1645 1213 1678 λόγων
1233 1642 1304 1678 ζωῆς
1318 1643 1385 1668 ἐστι·
1405 1643 1422 1677 ὴ
1437 1642 1466 1668 δὲ
1477 1640 1583 1667 παιδεία
1604 1640 1736 1676 ἀφρόνων,
1753 1639 1770 1674 ἡ
1789 1647 1842 1665 κα-

1055 1690 1102 1717 κία
1115 1689 1197 1716 ἐστίν’
1213 1690 1231 1725 ὴ
1247 1687 1275 1714 δὲ
1297 1687 1488 1722 ἀνεξέλεγκτος
1512 1685 1629 1717 παιδεία,
1657 1686 1675 1720 ἡ
1702 1683 1843 1720 ἀφροσύνη

1056 1736 1138 1763 ἐστίν.

1090 1780 1145 1815 Τὴν
1157 1779 1257 1814 γνῶσιν
1268 1777 1492 1813 ὲπιγνωμοσὺνην
1505 1774 1576 1807 εἷπε,
1592 1775 1667 1810 παρὰ
1683 1774 1713 1801 τὺ
1730 1774 1762 1801 τὰ
1778 1775 1844 1800 πᾶν·

1056 1835 1090 1853 τα
1102 1825 1184 1861 αὐτὴν
1205 1824 1396 1858 ἐπιγινώσκειν
1418 1823 1453 1850 τὰ
1472 1824 1629 1858 πράγματα·
1654 1822 1670 1856 ἡ
1692 1821 1720 1847 δὲ
1743 1820 1842 1855 καρδία

1055 1870 1109 1898 τῶν
1125 1870 1215 1906 σοφῶν
1229 1871 1284 1897 νοεῖ
1297 1870 1331 1896 τά
1344 1870 1396 1896 ἀπὸ
1406 1868 1453 1895 τοῦ
1467 1868 1531 1895 ἰδίου
1543 1868 1674 1903 στόματος
1687 1867 1716 1893 ἕν
1740 1874 1770 1892 τε
1785 1866 1843 1901 κρί-

1057 1926 1098 1944 σει
1123 1916 1255 1952 σωμάτων
1270 1916 1317 1942 καὶ
1332 1915 1495 1950 ἀσωμάτων,
1515 1914 1562 1940 καὶ
1581 1914 1650 1948 ἆπερ
1662 1912 1738 1939 αὐτοὶ
1754 1913 1842 1937 ποιεῖν

1056 1963 1208 1990 διδάσκουσι
1224 1961 1270 1988 καὶ
1282 1962 1456 1996 πράττουσιν.

1091 2009 1193 2042 Λόγους
1203 2009 1227 2034 oi
1235 2007 1359 2042 δαίμονες
1369 2005 1443 2041 παρὰ
1450 2004 1495 2032 τοῦ
1512 2004 1635 2031 διαϐόλου
1649 2002 1841 2038 μανθάνοντες,

1058 2053 1225 2089 ἐπιχειροῦσι
1238 2055 1293 2084 τοῖς
1315 2052 1413 2086 ἁγίοις,
1433 2051 1480 2077 καὶ
1491 2049 1635 2085 πειρᾶσθαι
1648 2048 1775 2085 χωρίζειν
1790 2048 1841 2074 αὺ-

1056 2099 1118 2130 τοὺς
1130 2099 1298 2126 ὲπινοοῦνται
1309 2098 1417 2133 ἀπὺτῆς
1431 2096 1567 2130 γνώσεως,
1590 2096 1651 2130 ἥτις
1662 2095 1767 2129 πέφυκε
1781 2103 1844 2120 συν-

1058 2145 1152 2171 άπτειν
1175 2145 1273 2176 αὐτοὺς
1287 2144 1354 2180 πρὸς
1364 2143 1454 2178 φιλίαν
1472 2143 1532 2173 ταῖς
1546 2141 1716 2176 ἐπουρανίοις
1727 2140 1843 2174 δυνάμε-

1058 2199 1094 2216 σι·
1109 2191 1138 2217 τὸ
1146 2191 1167 2217 δ’
1177 2190 1325 2217 αὑτὺτοῦτο
1336 2190 1382 2216 καὶ
1394 2190 1408 2215 ὁ
1418 2188 1541 2223 Σολομῶν
1551 2187 1588 2219 ὡς
1599 2184 1677 2221 οἶμαι
1686 2185 1729 2212 διὰ
1742 2186 1843 2220 ταύτης

1059 2236 1108 2271 τῆς
1118 2236 1265 2272 παροιμίας
1277 2236 1418 2271 δεδήλωκε·
1433 2233 1537 2260 σκολιὸν
1549 2233 1597 2268 μὲν
1607 2232 1690 2268 ἄνδρα
1700 2232 1787 2266 λέγων
1796 2231 1843 2257 τὸν

225 2281 295 2309 ditos
309 2282 343 2309 ab
357 2282 402 2310 illo
422 2282 508 2310 malos
534 2282 691 2310 daemones:
709 2284 822 2315 amicos,
837 2289 947 2312 sanctos
961 2286 1006 2319 qui

1061 2284 1189 2310 Σατανᾶν·
1205 2282 1401 2318 πορευομένους
1420 2281 1448 2307 δὲ
1464 2279 1626 2315 λαμπτῆρας
1637 2279 1711 2305 δόλου
1725 2278 1789 2309 τοὺς
1802 2278 1843 2304 δι-

225 2327 340 2355 scientia
353 2336 401 2356 sua
417 2328 502 2355 Deum
518 2329 657 2364 attingunt
674 2334 702 2357 et
717 2332 788 2357 inter
798 2337 837 2357 se.

261 2458 283 2475 δ’
299 2458 348 2485 Vir
367 2458 487 2494 iniquus,
501 2458 626 2487 diabolus
641 2463 694 2493 est,
709 2460 754 2494 qni
769 2460 815 2487 Dei
832 2461 936 2488 amicos
949 2465 1009 2489 ten-

226 2509 279 2537 tat,
301 2504 456 2538 inducitque
477 2504 505 2531 in
528 2504 585 2532 vias
610 2505 769 2539 perditionis
785 2510 813 2533 et
832 2513 884 2533 non
910 2507 1005 2535 bonas.

227 2551 372 2585 Postquam
385 2557 449 2577 vero
464 2555 621 2578 sanctorum
634 2551 752 2587 aliquem
767 2552 913 2587 deceperit,
923 2553 1007 2580 obﬁr-

228 2601 283 2623 mat
296 2596 346 2623 sibi
360 2603 414 2631 pra:
421 2596 508 2623 oculis
520 2597 747 2630 machinationes,
758 2598 858 2633 cogitat
869 2605 1007 2633 perversa,

226 2650 259 2669 ne
283 2642 352 2670 forte
377 2643 511 2677 paenitens
536 2643 655 2670 salvetur
681 2643 703 2670 is
719 2651 797 2678 quem
822 2649 934 2671 venatus
955 2650 1006 2673 est.

226 2689 248 2705 "
264 2688 380 2722 lnspirat
391 2693 482 2716 autem
496 2688 606 2716 auribus
628 2689 686 2724 ejus
702 2697 800 2724 pravas
814 2691 949 2724 quaslibet
962 2699 1007 2718 co-

225 2734 380 2768 gitationes,
397 2734 612 2769 desperationem
628 2738 655 2761 et
668 2736 850 2763 omnimodam
869 2737 1001 2771 intempe-

225 2782 320 2810 rantia:
335 2781 509 2816 voluptatem.
526 2781 587 2810 llaec
598 2787 639 2811 est
651 2784 739 2811 omnis
753 2783 880 2817 nequitia:
895 2783 1002 2816 fornax,

1056 2328 1236 2364 δασκομένους
1245 2328 1308 2363 παρ’
1317 2326 1398 2353 αὑτοῦ
1410 2327 1511 2357 κακοὺς
1524 2324 1651 2360 δαίμονάς
1659 2332 1734 2359 φησι⁸
1750 2323 1843 2357 φίλους

1057 2373 1096 2405 δὲ,
1118 2373 1182 2404 τοὺς
1198 2372 1302 2406 ἁγίους,
1327 2372 1389 2403 τοὺς
1405 2370 1449 2397 διὰ
1467 2371 1515 2406 τῆς
1530 2369 1655 2404 γνώσεως
1675 2368 1842 2403 ἁπτομένους

1056 2418 1096 2453 τῷ
1109 2418 1168 2453 Θεῷ
1179 2419 1225 2444 καὶ
1238 2417 1372 2452 ἀλλήλοις.

1099 2464 1180 2499 Ἀνὴρ
1197 2464 1354 2499 παράνομος
1378 2463 1392 2489 6
1413 2461 1533 2494 διάὁολός
1559 2462 1640 2487 ἐστιν’
1661 2459 1843 2494 ἀποπειρᾶται

1054 2509 1083 2537 δὲ
1100 2510 1193 2545 φίλους
1210 2510 1288 2542 Θεοῦ,
1304 2510 1351 2536 καὶ
1373 2509 1475 2543 ἀπάγει
1498 2509 1596 2539 αὐτοὺς
1612 2508 1671 2538 ταῖς
1686 2506 1753 2541 πρὸς
1768 2504 1843 2531 ἀπώ-

1055 2556 1129 2583 λειαν
1140 2557 1209 2588 ὁδοῖς
1224 2557 1271 2583 καὶ
1285 2556 1335 2583 οὐκ
1347 2556 1471 2590 ἀγαθαῖς-
1486 2556 1550 2582 ὅταν
1566 2554 1594 2580 δέ.
1613 2562 1673 2580 τινα
1687 2553 1740 2579 τῶν
1757 2552 1843 2584 ἁγίων

1055 2603 1192 2639 ἀπατήσῃ,
1220 2602 1340 2638 στηρίξει
1363 2603 1486 2637 νοήματα
1511 2602 1567 2632 τοῖς
1586 2599 1734 2634 ὀφθαλμοῖς
1748 2597 1842 2628 αὑτοῦ,

1056 2649 1103 2675 καὶ
1117 2648 1253 2682 λογίζεται
1264 2648 1475 2684 διεστραμμένα,
1494 2648 1530 2682 μή
1547 2654 1605 2677 πως
1620 2645 1693 2680 σωθῇ
1712 2644 1843 2679 μετανοήσ

1057 2702 1106 2725 σας
1119 2694 1148 2720 ὃν
1165 2694 1303 2730 ὲθήρευσε·
1321 2693 1405 2725 κνίζει
1415 2693 1443 2719 δὲ
1456 2694 1512 2723 τοῖς
1523 2692 1639 2726 χείλεσιν
1653 2690 1735 2717 αὐτοῦ
1747 2690 1775 2715 ὲν
1787 2690 1843 2720 τοίς

1055 2739 1121 2772 ὠσὶν
1133 2739 1236 2766 ἐκείνου
1247 2739 1336 2765 πάντα
1346 2739 1379 2764 τὰ
1398 2738 1469 2765 κακὰ
1485 2738 1587 2772 ὲνθυμή
1593 2745 1676 2771 ματα,
1687 2735 1843 2768 ἁπόγνωσίν

1056 2793 1085 2812 τε
1102 2785 1147 2812 καὶ⁹
1172 2786 1260 2812 πᾶσαν
1276 2784 1371 2820 ἡδονὴν
1388 2784 1543 2815 ἀκολασίας·
1563 2781 1637 2814 οὗτος
1654 2781 1768 2817 κάμινός
1785 2782 1843 2807 ἐστι

258 2862 280 2878 ³⁸
297 2870 321 2890 v.
339 2864 380 2891 Η.
418 2864 441 2880 ³⁸
453 2873 474 2892 v.
491 2864 535 2893 l6.
573 2865 594 2881 ³⁷
610 2864 693 2893 v.17.
733 2865 787 2893 ³⁸ν.
804 2865 847 2893 ‘22.
887 2866 908 2882 ³¹¹
925 2873 949 2892 v.
967 2865 1011 2893 ‘13.

1061 2866 1074 2882 ³
1090 2873 1113 2893 v.
1129 2865 1174 2893 ‘28.
1212 2865 1232 2881 “
1249 2873 1273 2892 ιν.
1289 2864 1334 2893 ‘29.
1372 2865 1393 2880 δ’
1407 2872 1429 2891 v.
1443 2863 1488 2891 30.
