  <div class='ocr_page' id='page_1' title='image "/cluster/home/n/w/nwhite01/storage/ocr_20150623/17/nnc1.0046978615/108.png"; bbox 0 0 3888 6214; ppageno 0'>
   <div class='ocr_carea' id='block_1_1' title="bbox 237 328 1811 393">
    <p class='ocr_par' dir='ltr' id='par_1_1' title="bbox 237 328 1805 387">
     <span class='ocr_line' id='line_1_1' title="bbox 237 328 1805 387; baseline -0.001 -1"><span class='ocrx_word' id='word_1_1' title='bbox 237 333 337 387; x_wconf 78' lang='grc'><strong>197</strong></span> <span class='ocrx_word' id='word_1_2' title='bbox 1436 328 1805 387; x_wconf 73' lang='lat' dir='ltr'><strong>EXPOSITIO</strong></span> 
     </span>
    </p>
   </div>
   <div class='ocr_carea' id='block_1_2' title="bbox 1918 328 3485 393">
    <p class='ocr_par' dir='ltr' id='par_1_2' title="bbox 1933 328 3485 393">
     <span class='ocr_line' id='line_1_2' title="bbox 1933 328 3485 393; baseline 0.006 -9"><span class='ocrx_word' id='word_1_3' title='bbox 1933 328 2347 389; x_wconf 68' lang='lat' dir='ltr'><strong>PROVERBlA.</strong></span> <span class='ocrx_word' id='word_1_4' title='bbox 3383 339 3485 393; x_wconf 73' lang='grc'><strong>198</strong></span> 
     </span>
    </p>
   </div>
   <div class='ocr_carea' id='block_1_3' title="bbox 233 446 1811 520">
    <p class='ocr_par' dir='ltr' id='par_1_3' title="bbox 233 448 1811 520">
     <span class='ocr_line' id='line_1_3' title="bbox 233 448 1811 520; baseline -0.001 -19"><span class='ocrx_word' id='word_1_5' title='bbox 233 449 417 520; x_wconf 88' lang='grc' dir='ltr'>πάσης</span> <span class='ocrx_word' id='word_1_6' title='bbox 437 449 653 513; x_wconf 65' lang='grc' dir='ltr'>κακίας</span> <span class='ocrx_word' id='word_1_7' title='bbox 684 448 778 503; x_wconf 68' lang='grc' dir='ltr'>καὶ</span> <span class='ocrx_word' id='word_1_8' title='bbox 796 448 981 519; x_wconf 83' lang='grc' dir='ltr'>φλέγει</span> <span class='ocrx_word' id='word_1_9' title='bbox 1005 450 1061 502; x_wconf 84' lang='grc' dir='ltr'>ὲν</span> <span class='ocrx_word' id='word_1_10' title='bbox 1087 449 1223 520; x_wconf 79' lang='grc' dir='ltr'>αὑτῇ</span> <span class='ocrx_word' id='word_1_11' title='bbox 1242 448 1339 512; x_wconf 75' lang='grc' dir='ltr'>τὰς</span> <span class='ocrx_word' id='word_1_12' title='bbox 1376 449 1552 519; x_wconf 82' lang='grc' dir='ltr'>ψυχὰς</span> <span class='ocrx_word' id='word_1_13' title='bbox 1579 449 1687 502; x_wconf 89' lang='grc' dir='ltr'><strong>τῶν</strong></span> <span class='ocrx_word' id='word_1_14' title='bbox 1708 448 1811 501; x_wconf 86' lang='grc' dir='ltr'>ὀλι-</span> 
     </span>
    </p>
   </div>
   <div class='ocr_carea' id='block_1_4' title="bbox 1918 446 3485 520">
    <p class='ocr_par' dir='ltr' id='par_1_4' title="bbox 1924 446 3485 520">
     <span class='ocr_line' id='line_1_4' title="bbox 1924 446 3485 520; baseline 0.003 -19"><span class='ocrx_word' id='word_1_15' title='bbox 1924 450 1976 502; x_wconf 85' lang='lat' dir='ltr'><strong>in</strong></span> <span class='ocrx_word' id='word_1_16' title='bbox 2005 462 2111 518; x_wconf 91' lang='lat' dir='ltr'><strong>qua</strong></span> <span class='ocrx_word' id='word_1_17' title='bbox 2145 446 2541 503; x_wconf 90' lang='lat' dir='ltr'><strong>comburuntur</strong></span> <span class='ocrx_word' id='word_1_18' title='bbox 2571 451 2768 506; x_wconf 71' lang='lat' dir='ltr'><strong>animm</strong></span> <span class='ocrx_word' id='word_1_19' title='bbox 2795 464 2982 505; x_wconf 88' lang='lat' dir='ltr'><strong>eorum</strong></span> <span class='ocrx_word' id='word_1_20' title='bbox 3016 452 3104 520; x_wconf 86' lang='lat' dir='ltr'><strong>qui</strong></span> <span class='ocrx_word' id='word_1_21' title='bbox 3142 451 3269 506; x_wconf 87' lang='lat' dir='ltr'><strong>illuc</strong></span> <span class='ocrx_word' id='word_1_22' title='bbox 3294 451 3485 505; x_wconf 82' lang='lat' dir='ltr'><strong>labun-</strong></span> 
     </span>
    </p>
   </div>
   <div class='ocr_carea' id='block_1_5' title="bbox 232 538 1811 613">
    <p class='ocr_par' dir='ltr' id='par_1_5' title="bbox 232 540 1809 613">
     <span class='ocr_line' id='line_1_5' title="bbox 232 540 1809 613; baseline -0.001 -18"><span class='ocrx_word' id='word_1_23' title='bbox 232 541 604 613; x_wconf 73' lang='grc' dir='ltr'>σθησομένων·</span> <span class='ocrx_word' id='word_1_24' title='bbox 633 542 769 595; x_wconf 88' lang='grc' dir='ltr'><strong>ἀλλά</strong></span> <span class='ocrx_word' id='word_1_25' title='bbox 790 543 992 613; x_wconf 80' lang='grc' dir='ltr'><strong>ταύτης</strong></span> <span class='ocrx_word' id='word_1_26' title='bbox 1022 541 1120 611; x_wconf 83' lang='grc' dir='ltr'>τῆς</span> <span class='ocrx_word' id='word_1_27' title='bbox 1144 540 1369 612; x_wconf 80' lang='grc' dir='ltr'>καμίνου</span> <span class='ocrx_word' id='word_1_28' title='bbox 1386 542 1691 594; x_wconf 78' lang='grc' dir='ltr'><strong>ἐκτινάσσει</strong></span> <span class='ocrx_word' id='word_1_29' title='bbox 1713 541 1809 612; x_wconf 83' lang='grc' dir='ltr'>τὴν</span> 
     </span>
    </p>
   </div>
   <div class='ocr_carea' id='block_1_6' title="bbox 1918 538 3487 613">
    <p class='ocr_par' dir='ltr' id='par_1_6' title="bbox 1918 538 3487 613">
     <span class='ocr_line' id='line_1_6' title="bbox 1918 538 3487 613; baseline 0.002 -19"><span class='ocrx_word' id='word_1_30' title='bbox 1918 549 2023 594; x_wconf 89' lang='lat' dir='ltr'><strong>tur.</strong></span> <span class='ocrx_word' id='word_1_31' title='bbox 2051 538 2157 595; x_wconf 88' lang='lat' dir='ltr'><strong>Sed</strong></span> <span class='ocrx_word' id='word_1_32' title='bbox 2185 544 2328 595; x_wconf 90' lang='lat' dir='ltr'><strong>enim</strong></span> <span class='ocrx_word' id='word_1_33' title='bbox 2362 541 2520 610; x_wconf 82' lang='lat' dir='ltr'><strong>hujus</strong></span> <span class='ocrx_word' id='word_1_34' title='bbox 2549 557 2770 613; x_wconf 89' lang='lat' dir='ltr'><strong>quoque</strong></span> <span class='ocrx_word' id='word_1_35' title='bbox 2792 542 3050 604; x_wconf 73' lang='lat' dir='ltr'><strong>Efornacis</strong></span> <span class='ocrx_word' id='word_1_36' title='bbox 3073 544 3296 598; x_wconf 74' lang='lat' dir='ltr'><strong>discutit</strong></span> <span class='ocrx_word' id='word_1_37' title='bbox 3336 543 3487 597; x_wconf 85' lang='lat' dir='ltr'><strong>ﬂam-</strong></span> 
     </span>
    </p>
   </div>
   <div class='ocr_carea' id='block_1_7' title="bbox 232 631 1811 707">
    <p class='ocr_par' dir='ltr' id='par_1_7' title="bbox 232 634 1811 707">
     <span class='ocr_line' id='line_1_7' title="bbox 232 634 1811 707; baseline -0.001 -20"><span class='ocrx_word' id='word_1_38' title='bbox 232 635 409 705; x_wconf 82' lang='grc' dir='ltr'>φλόγα</span> <span class='ocrx_word' id='word_1_39' title='bbox 440 634 664 706; x_wconf 81' lang='grc' dir='ltr'><strong>Πνεῦμα</strong></span> <span class='ocrx_word' id='word_1_40' title='bbox 691 635 852 701; x_wconf 87' lang='grc' dir='ltr'>θεῖον,</span> <span class='ocrx_word' id='word_1_41' title='bbox 882 635 1189 707; x_wconf 77' lang='grc' dir='ltr'>διασυρίζον</span> <span class='ocrx_word' id='word_1_42' title='bbox 1229 635 1419 704; x_wconf 80' lang='grc' dir='ltr'>σοφίαν</span> <span class='ocrx_word' id='word_1_43' title='bbox 1450 634 1661 706; x_wconf 81' lang='grc' dir='ltr'>δρόσου·</span> <span class='ocrx_word' id='word_1_44' title='bbox 1685 634 1811 687; x_wconf 89' lang='grc' dir='ltr'>πολ-</span> 
     </span>
    </p>
   </div>
   <div class='ocr_carea' id='block_1_8' title="bbox 1918 631 3483 707">
    <p class='ocr_par' dir='ltr' id='par_1_8' title="bbox 1918 631 3483 704">
     <span class='ocr_line' id='line_1_8' title="bbox 1918 631 3483 704; baseline 0.003 -20"><span class='ocrx_word' id='word_1_45' title='bbox 1918 646 2061 685; x_wconf 89' lang='lat' dir='ltr'><strong>mam</strong></span> <span class='ocrx_word' id='word_1_46' title='bbox 2089 631 2305 687; x_wconf 89' lang='lat' dir='ltr'><strong>divinus</strong></span> <span class='ocrx_word' id='word_1_47' title='bbox 2332 632 2589 702; x_wconf 80' lang='lat' dir='ltr'><strong>Spiritus,</strong></span> <span class='ocrx_word' id='word_1_48' title='bbox 2627 635 2909 691; x_wconf 88' lang='lat' dir='ltr'><strong>insibilaus</strong></span> <span class='ocrx_word' id='word_1_49' title='bbox 2959 636 3279 704; x_wconf 77' lang='lat' dir='ltr'><strong>sapientiam</strong></span> <span class='ocrx_word' id='word_1_50' title='bbox 3324 652 3483 691; x_wconf 72' lang='grc' dir='ltr'>τοι-ιε.</span> 
     </span>
    </p>
   </div>
   <div class='ocr_carea' id='block_1_9' title="bbox 229 724 1811 799">
    <p class='ocr_par' dir='ltr' id='par_1_9' title="bbox 229 725 1810 799">
     <span class='ocr_line' id='line_1_9' title="bbox 229 725 1810 799; baseline 0.002 -23"><span class='ocrx_word' id='word_1_51' title='bbox 229 726 309 778; x_wconf 79' lang='grc' dir='ltr'><strong>λοὶ</strong></span> <span class='ocrx_word' id='word_1_52' title='bbox 344 726 404 778; x_wconf 84' lang='grc' dir='ltr'>δὲ</span> <span class='ocrx_word' id='word_1_53' title='bbox 443 726 523 780; x_wconf 74' lang='grc' dir='ltr'>ἔτι</span> <span class='ocrx_word' id='word_1_54' title='bbox 561 727 668 781; x_wconf 88' lang='grc' dir='ltr'><strong>τῶν</strong></span> <span class='ocrx_word' id='word_1_55' title='bbox 712 730 833 781; x_wconf 81' lang='grc' dir='ltr'>κατ’</span> <span class='ocrx_word' id='word_1_56' title='bbox 868 727 1038 799; x_wconf 81' lang='grc' dir='ltr'>αὐτὴν</span> <span class='ocrx_word' id='word_1_57' title='bbox 1081 728 1308 799; x_wconf 77' lang='grc' dir='ltr'>πονηροὶ</span> <span class='ocrx_word' id='word_1_58' title='bbox 1350 726 1646 797; x_wconf 79' lang='grc' dir='ltr'>ἄνθρωποι,</span> <span class='ocrx_word' id='word_1_59' title='bbox 1686 725 1810 779; x_wconf 82' lang='grc' dir='ltr'>εἰώ-</span> 
     </span>
    </p>
   </div>
   <div class='ocr_carea' id='block_1_10' title="bbox 1918 724 3485 799">
    <p class='ocr_par' dir='ltr' id='par_1_10' title="bbox 1918 724 3485 799">
     <span class='ocr_line' id='line_1_10' title="bbox 1918 724 3485 799; baseline 0.002 -21"><span class='ocrx_word' id='word_1_60' title='bbox 1918 724 2110 778; x_wconf 76' lang='grc' dir='ltr'>Δᾱιιυο</span> <span class='ocrx_word' id='word_1_61' title='bbox 2143 739 2273 780; x_wconf 90' lang='lat' dir='ltr'><strong>vero</strong></span> <span class='ocrx_word' id='word_1_62' title='bbox 2304 726 2457 780; x_wconf 91' lang='lat' dir='ltr'><strong>multi</strong></span> <span class='ocrx_word' id='word_1_63' title='bbox 2494 727 2597 782; x_wconf 88' lang='lat' dir='ltr'><strong>hoc</strong></span> <span class='ocrx_word' id='word_1_64' title='bbox 2628 738 2791 797; x_wconf 83' lang='lat' dir='ltr'><strong>pacto</strong></span> <span class='ocrx_word' id='word_1_65' title='bbox 2820 728 3047 798; x_wconf 82' lang='lat' dir='ltr'><strong>improbi</strong></span> <span class='ocrx_word' id='word_1_66' title='bbox 3078 729 3354 792; x_wconf 83' lang='lat' dir='ltr'><strong>homines,</strong></span> <span class='ocrx_word' id='word_1_67' title='bbox 3392 745 3485 799; x_wconf 87' lang='lat' dir='ltr'><strong>pa-</strong></span> 
     </span>
    </p>
   </div>
   <div class='ocr_carea' id='block_1_11' title="bbox 227 814 1811 899">
    <p class='ocr_par' dir='ltr' id='par_1_11' title="bbox 227 814 1503 889">
     <span class='ocr_line' id='line_1_11' title="bbox 227 814 1503 889; baseline 0.004 -22"><span class='ocrx_word' id='word_1_68' title='bbox 227 814 353 868; x_wconf 86' lang='grc' dir='ltr'>θασι</span> <span class='ocrx_word' id='word_1_69' title='bbox 384 817 774 886; x_wconf 83' lang='grc' dir='ltr'>μιμεῖσθαιτδν</span> <span class='ocrx_word' id='word_1_70' title='bbox 804 816 1014 889; x_wconf 82' lang='grc' dir='ltr'>πατέρα</span> <span class='ocrx_word' id='word_1_71' title='bbox 1031 817 1213 881; x_wconf 81' lang='grc' dir='ltr'>αὑτοῖς</span> <span class='ocrx_word' id='word_1_72' title='bbox 1239 816 1503 872; x_wconf 92' lang='grc' dir='ltr'>διάϐολον.</span> 
     </span>
    </p>
   </div>
   <div class='ocr_carea' id='block_1_12' title="bbox 1918 814 3037 899">
    <p class='ocr_par' dir='ltr' id='par_1_12' title="bbox 1918 818 3037 899">
     <span class='ocr_line' id='line_1_12' title="bbox 1918 818 3037 899; baseline 0.005 -29"><span class='ocrx_word' id='word_1_73' title='bbox 1918 825 2055 871; x_wconf 89' lang='lat' dir='ltr'><strong>trem</strong></span> <span class='ocrx_word' id='word_1_74' title='bbox 2082 831 2237 871; x_wconf 90' lang='lat' dir='ltr'><strong>suum</strong></span> <span class='ocrx_word' id='word_1_75' title='bbox 2270 818 2542 873; x_wconf 87' lang='lat' dir='ltr'><strong>diabolum</strong></span> <span class='ocrx_word' id='word_1_76' title='bbox 2566 819 2740 875; x_wconf 87' lang='lat' dir='ltr'><strong>solent</strong></span> <span class='ocrx_word' id='word_1_77' title='bbox 2774 821 2995 877; x_wconf 88' lang='lat' dir='ltr'><strong>imitari.</strong></span> <span class='ocrx_word' id='word_1_78' title='bbox 3016 870 3037 899; x_wconf 57' lang='lat'><strong><em>.</em></strong></span> 
     </span>
    </p>
   </div>
   <div class='ocr_carea' id='block_1_13' title="bbox 296 906 1811 982">
    <p class='ocr_par' dir='ltr' id='par_1_13' title="bbox 296 907 1808 981">
     <span class='ocr_line' id='line_1_13' title="bbox 296 907 1808 981; baseline 0.001 -20"><span class='ocrx_word' id='word_1_79' title='bbox 296 908 556 972; x_wconf 83' lang='grc' dir='ltr'>Κόλπους</span> <span class='ocrx_word' id='word_1_80' title='bbox 590 909 822 963; x_wconf 75' lang='grc' dir='ltr'>ἐνταῦθα</span> <span class='ocrx_word' id='word_1_81' title='bbox 848 911 947 975; x_wconf 90' lang='grc' dir='ltr'><strong>τάς</strong></span> <span class='ocrx_word' id='word_1_82' title='bbox 992 911 1216 981; x_wconf 79' lang='grc' dir='ltr'>καρδίας</span> <span class='ocrx_word' id='word_1_83' title='bbox 1248 911 1436 981; x_wconf 77' lang='grc' dir='ltr'>εἴρηκε</span> <span class='ocrx_word' id='word_1_84' title='bbox 1458 911 1566 963; x_wconf 89' lang='grc' dir='ltr'><strong>τῶν</strong></span> <span class='ocrx_word' id='word_1_85' title='bbox 1590 907 1808 963; x_wconf 78' lang='grc' dir='ltr'>ἀδίκων·</span> 
     </span>
    </p>
   </div>
   <div class='ocr_carea' id='block_1_14' title="bbox 1918 906 3482 982">
    <p class='ocr_par' dir='ltr' id='par_1_14' title="bbox 1987 906 3482 982">
     <span class='ocr_line' id='line_1_14' title="bbox 1987 906 3482 982; baseline 0.004 -22"><span class='ocrx_word' id='word_1_86' title='bbox 1987 906 2035 938; x_wconf 77' lang='grc'>⁸³</span> <span class='ocrx_word' id='word_1_87' title='bbox 2062 906 2225 961; x_wconf 90' lang='lat' dir='ltr'><strong>Sinus</strong></span> <span class='ocrx_word' id='word_1_88' title='bbox 2258 908 2350 963; x_wconf 86' lang='lat' dir='ltr'><strong>hic</strong></span> <span class='ocrx_word' id='word_1_89' title='bbox 2394 912 2559 965; x_wconf 88' lang='lat' dir='ltr'><strong>corda</strong></span> <span class='ocrx_word' id='word_1_90' title='bbox 2592 912 2727 966; x_wconf 82' lang='lat' dir='ltr'><strong>dixit</strong></span> <span class='ocrx_word' id='word_1_91' title='bbox 2778 913 3104 982; x_wconf 92' lang='lat' dir='ltr'><strong>iniquorum.</strong></span> <span class='ocrx_word' id='word_1_92' title='bbox 3141 911 3278 966; x_wconf 88' lang='lat' dir='ltr'><strong>Puto</strong></span> <span class='ocrx_word' id='word_1_93' title='bbox 3306 922 3482 966; x_wconf 90' lang='lat' dir='ltr'><strong>autem</strong></span> 
     </span>
    </p>
   </div>
   <div class='ocr_carea' id='block_1_15' title="bbox 226 994 1811 1073">
    <p class='ocr_par' dir='ltr' id='par_1_15' title="bbox 226 994 1811 1073">
     <span class='ocr_line' id='line_1_15' title="bbox 226 994 1811 1073; baseline 0.002 -22"><span class='ocrx_word' id='word_1_94' title='bbox 226 994 383 1070; x_wconf 76' lang='grc' dir='ltr'>οἶμαι</span> <span class='ocrx_word' id='word_1_95' title='bbox 408 1000 464 1053; x_wconf 90' lang='grc' dir='ltr'>δὲ</span> <span class='ocrx_word' id='word_1_96' title='bbox 497 1001 578 1054; x_wconf 84' lang='grc' dir='ltr'><strong>ὅτι</strong></span> <span class='ocrx_word' id='word_1_97' title='bbox 600 1002 692 1054; x_wconf 79' lang='grc' dir='ltr'><strong>καὶ</strong></span> <span class='ocrx_word' id='word_1_98' title='bbox 713 1003 985 1073; x_wconf 78' lang='grc' dir='ltr'>πανταχοῦ</span> <span class='ocrx_word' id='word_1_99' title='bbox 1012 1004 1042 1056; x_wconf 92' lang='lat'><strong>6</strong></span> <span class='ocrx_word' id='word_1_100' title='bbox 1059 1002 1256 1066; x_wconf 85' lang='grc' dir='ltr'>κόλπος</span> <span class='ocrx_word' id='word_1_101' title='bbox 1282 1003 1315 1073; x_wconf 81' lang='grc' dir='ltr'>ἢ</span> <span class='ocrx_word' id='word_1_102' title='bbox 1340 1002 1431 1054; x_wconf 83' lang='grc' dir='ltr'><strong>τὸν</strong></span> <span class='ocrx_word' id='word_1_103' title='bbox 1458 1000 1603 1067; x_wconf 90' lang='grc' dir='ltr'>νοῦν,</span> <span class='ocrx_word' id='word_1_104' title='bbox 1629 1000 1664 1071; x_wconf 78' lang='grc' dir='ltr'><strong>ἦ</strong></span> <span class='ocrx_word' id='word_1_105' title='bbox 1712 1000 1811 1068; x_wconf 77' lang='grc' dir='ltr'>τὴν</span> 
     </span>
    </p>
   </div>
   <div class='ocr_carea' id='block_1_16' title="bbox 1918 994 3481 1073">
    <p class='ocr_par' dir='ltr' id='par_1_16' title="bbox 1918 998 3481 1069">
     <span class='ocr_line' id='line_1_16' title="bbox 1918 998 3481 1069; baseline 0.004 -17"><span class='ocrx_word' id='word_1_106' title='bbox 1918 998 2095 1053; x_wconf 89' lang='lat' dir='ltr'><strong>sinum</strong></span> <span class='ocrx_word' id='word_1_107' title='bbox 2115 999 2317 1069; x_wconf 88' lang='lat' dir='ltr'><strong>ubique</strong></span> <span class='ocrx_word' id='word_1_108' title='bbox 2338 1001 2644 1067; x_wconf 82' lang='lat' dir='ltr'><strong>signiﬁcare</strong></span> <span class='ocrx_word' id='word_1_109' title='bbox 2666 1012 2760 1058; x_wconf 90' lang='lat' dir='ltr'><strong>aut</strong></span> <span class='ocrx_word' id='word_1_110' title='bbox 2782 1014 3018 1058; x_wconf 87' lang='lat' dir='ltr'><strong>mentem</strong></span> <span class='ocrx_word' id='word_1_111' title='bbox 3057 1012 3149 1057; x_wconf 90' lang='lat' dir='ltr'><strong>aut</strong></span> <span class='ocrx_word' id='word_1_112' title='bbox 3176 1004 3481 1059; x_wconf 82' lang='lat' dir='ltr'><strong>scientiam.</strong></span> 
     </span>
    </p>
   </div>
   <div class='ocr_carea' id='block_1_17' title="bbox 229 1088 1811 1165">
    <p class='ocr_par' dir='ltr' id='par_1_17' title="bbox 229 1092 1811 1165">
     <span class='ocr_line' id='line_1_17' title="bbox 229 1092 1811 1165; baseline 0.001 -22"><span class='ocrx_word' id='word_1_113' title='bbox 229 1092 434 1157; x_wconf 79' lang='grc' dir='ltr'>γνῶσιν</span> <span class='ocrx_word' id='word_1_114' title='bbox 485 1093 759 1164; x_wconf 86' lang='grc' dir='ltr'>σημαίνει·</span> <span class='ocrx_word' id='word_1_115' title='bbox 793 1094 888 1148; x_wconf 81' lang='grc' dir='ltr'><strong>καὶ</strong></span> <span class='ocrx_word' id='word_1_116' title='bbox 932 1095 1058 1157; x_wconf 86' lang='grc' dir='ltr'>τοὺς</span> <span class='ocrx_word' id='word_1_117' title='bbox 1089 1094 1188 1164; x_wconf 83' lang='grc' dir='ltr'><strong>μὲν</strong></span> <span class='ocrx_word' id='word_1_118' title='bbox 1214 1094 1483 1165; x_wconf 79' lang='grc' dir='ltr'>πονηροὺς</span> <span class='ocrx_word' id='word_1_119' title='bbox 1513 1093 1543 1146; x_wconf 89' lang='lat'><strong>6</strong></span> <span class='ocrx_word' id='word_1_120' title='bbox 1565 1092 1811 1154; x_wconf 88' lang='grc' dir='ltr'>διάϐολος</span> 
     </span>
    </p>
   </div>
   <div class='ocr_carea' id='block_1_18' title="bbox 1918 1088 3483 1165">
    <p class='ocr_par' dir='ltr' id='par_1_18' title="bbox 1918 1088 3483 1165">
     <span class='ocr_line' id='line_1_18' title="bbox 1918 1088 3483 1165; baseline 0.004 -23"><span class='ocrx_word' id='word_1_121' title='bbox 1918 1088 1988 1143; x_wconf 84' lang='grc' dir='ltr'>Ει</span> <span class='ocrx_word' id='word_1_122' title='bbox 2016 1090 2289 1158; x_wconf 87' lang='lat' dir='ltr'><strong>improbos</strong></span> <span class='ocrx_word' id='word_1_123' title='bbox 2318 1092 2535 1161; x_wconf 86' lang='lat' dir='ltr'><strong>quidem</strong></span> <span class='ocrx_word' id='word_1_124' title='bbox 2571 1102 2747 1165; x_wconf 86' lang='lat' dir='ltr'><strong>gestat</strong></span> <span class='ocrx_word' id='word_1_125' title='bbox 2774 1092 2829 1148; x_wconf 80' lang='lat' dir='ltr'><strong>in</strong></span> <span class='ocrx_word' id='word_1_126' title='bbox 2857 1093 2980 1149; x_wconf 84' lang='lat' dir='ltr'><strong>sinu</strong></span> <span class='ocrx_word' id='word_1_127' title='bbox 3008 1093 3279 1158; x_wconf 82' lang='lat' dir='ltr'><strong>diabolus,</strong></span> <span class='ocrx_word' id='word_1_128' title='bbox 3306 1093 3483 1163; x_wconf 77' lang='lat' dir='ltr'><strong>iustos</strong></span> 
     </span>
    </p>
   </div>
   <div class='ocr_carea' id='block_1_19' title="bbox 226 1179 2198 1259">
    <p class='ocr_par' dir='ltr' id='par_1_19' title="bbox 226 1179 2198 1259">
     <span class='ocr_line' id='line_1_19' title="bbox 226 1179 2198 1259; baseline 0.003 -25"><span class='ocrx_word' id='word_1_129' title='bbox 226 1182 635 1250; x_wconf 78' lang='grc' dir='ltr'>ἐγκολπίζεται,</span> <span class='ocrx_word' id='word_1_130' title='bbox 664 1186 790 1249; x_wconf 79' lang='grc' dir='ltr'>τοὺς</span> <span class='ocrx_word' id='word_1_131' title='bbox 825 1185 881 1239; x_wconf 85' lang='grc' dir='ltr'>δὲ</span> <span class='ocrx_word' id='word_1_132' title='bbox 919 1186 1159 1251; x_wconf 83' lang='grc' dir='ltr'>δικαίους</span> <span class='ocrx_word' id='word_1_133' title='bbox 1180 1188 1208 1239; x_wconf 97' lang='lat'><strong>6</strong></span> <span class='ocrx_word' id='word_1_134' title='bbox 1237 1187 1460 1259; x_wconf 83' lang='grc' dir='ltr'>Κύριος.</span> <span class='ocrx_word' id='word_1_135' title='bbox 1920 1179 2198 1237; x_wconf 72' lang='grc' dir='ltr'>ῡοηιίηυε-</span> 
     </span>
    </p>
   </div>
   <div class='ocr_carea' id='block_1_20' title="bbox 1705 1270 2051 1329">
    <p class='ocr_par' dir='ltr' id='par_1_20' title="bbox 1705 1270 2051 1329">
     <span class='ocr_line' id='line_1_20' title="bbox 1705 1270 2051 1329; baseline -0.003 -1"><span class='ocrx_word' id='word_1_136' title='bbox 1705 1271 1859 1329; x_wconf 78' lang='lat' dir='ltr'><strong>CAP.</strong></span> <span class='ocrx_word' id='word_1_137' title='bbox 1888 1270 2051 1327; x_wconf 80' lang='lat' dir='ltr'><strong>XVIL</strong></span> 
     </span>
    </p>
   </div>
   <div class='ocr_carea' id='block_1_21' title="bbox 300 1362 1811 1443">
    <p class='ocr_par' dir='ltr' id='par_1_21' title="bbox 300 1366 1811 1443">
     <span class='ocr_line' id='line_1_21' title="bbox 300 1366 1811 1443; baseline -0.004 -18"><span class='ocrx_word' id='word_1_138' title='bbox 300 1373 364 1425; x_wconf 84' lang='grc' dir='ltr'>Εί</span> <span class='ocrx_word' id='word_1_139' title='bbox 389 1372 499 1436; x_wconf 69' lang='grc' dir='ltr'>πᾶς</span> <span class='ocrx_word' id='word_1_140' title='bbox 543 1370 573 1424; x_wconf 92' lang='lat'><strong>6</strong></span> <span class='ocrx_word' id='word_1_141' title='bbox 616 1369 784 1425; x_wconf 83' lang='grc' dir='ltr'>ποιῶν</span> <span class='ocrx_word' id='word_1_142' title='bbox 806 1370 905 1443; x_wconf 83' lang='grc' dir='ltr'><strong>τὴν</strong></span> <span class='ocrx_word' id='word_1_143' title='bbox 936 1369 1212 1442; x_wconf 84' lang='grc' dir='ltr'>ἁμαρτίαν</span> <span class='ocrx_word' id='word_1_144' title='bbox 1242 1366 1428 1433; x_wconf 86' lang='grc' dir='ltr'>δοῦλός</span> <span class='ocrx_word' id='word_1_145' title='bbox 1468 1369 1606 1432; x_wconf 77' lang='grc' dir='ltr'>ἐστι,</span> <span class='ocrx_word' id='word_1_146' title='bbox 1632 1367 1741 1430; x_wconf 80' lang='grc' dir='ltr'>πᾶς</span> <span class='ocrx_word' id='word_1_147' title='bbox 1790 1367 1811 1419; x_wconf 77' lang='lat'><strong>6</strong></span> 
     </span>
    </p>
   </div>
   <div class='ocr_carea' id='block_1_22' title="bbox 1918 1362 3485 1443">
    <p class='ocr_par' dir='ltr' id='par_1_22' title="bbox 1987 1362 3485 1438">
     <span class='ocr_line' id='line_1_22' title="bbox 1987 1362 3485 1438; baseline 0.007 -20"><span class='ocrx_word' id='word_1_148' title='bbox 1987 1363 2033 1395; x_wconf 76' lang='lat'><strong>“</strong></span> <span class='ocrx_word' id='word_1_149' title='bbox 2063 1362 2121 1419; x_wconf 90' lang='lat' dir='ltr'><strong>Si</strong></span> <span class='ocrx_word' id='word_1_150' title='bbox 2146 1364 2323 1419; x_wconf 90' lang='lat' dir='ltr'><strong>omnis</strong></span> <span class='ocrx_word' id='word_1_151' title='bbox 2352 1364 2442 1434; x_wconf 82' lang='lat' dir='ltr'><strong>qui</strong></span> <span class='ocrx_word' id='word_1_152' title='bbox 2465 1364 2597 1419; x_wconf 80' lang='lat' dir='ltr'><strong>facit</strong></span> <span class='ocrx_word' id='word_1_153' title='bbox 2623 1376 2925 1436; x_wconf 83' lang='lat' dir='ltr'><strong>peccatum,</strong></span> <span class='ocrx_word' id='word_1_154' title='bbox 2957 1385 3149 1425; x_wconf 87' lang='lat' dir='ltr'><strong>servus</strong></span> <span class='ocrx_word' id='word_1_155' title='bbox 3178 1380 3280 1438; x_wconf 86' lang='lat' dir='ltr'><strong>est,</strong></span> <span class='ocrx_word' id='word_1_156' title='bbox 3306 1373 3485 1429; x_wconf 82' lang='lat' dir='ltr'><strong>omnis</strong></span> 
     </span>
    </p>
   </div>
   <div class='ocr_carea' id='block_1_23' title="bbox 224 1458 1811 1536">
    <p class='ocr_par' dir='ltr' id='par_1_23' title="bbox 224 1461 1811 1536">
     <span class='ocr_line' id='line_1_23' title="bbox 224 1461 1811 1536; baseline -0.004 -17"><span class='ocrx_word' id='word_1_157' title='bbox 224 1466 474 1529; x_wconf 73' lang='grc' dir='ltr'>ἀποστὰς</span> <span class='ocrx_word' id='word_1_158' title='bbox 507 1465 607 1536; x_wconf 85' lang='grc' dir='ltr'>τῆς</span> <span class='ocrx_word' id='word_1_159' title='bbox 649 1464 845 1528; x_wconf 85' lang='grc' dir='ltr'>κακίας</span> <span class='ocrx_word' id='word_1_160' title='bbox 884 1465 971 1517; x_wconf 88' lang='grc' dir='ltr'><strong>διά</strong></span> <span class='ocrx_word' id='word_1_161' title='bbox 1019 1462 1119 1533; x_wconf 80' lang='grc' dir='ltr'><strong>τῆς</strong></span> <span class='ocrx_word' id='word_1_162' title='bbox 1155 1463 1377 1534; x_wconf 85' lang='grc' dir='ltr'>ἀρετῆς,</span> <span class='ocrx_word' id='word_1_163' title='bbox 1410 1462 1516 1515; x_wconf 91' lang='grc' dir='ltr'><strong>τῶν</strong></span> <span class='ocrx_word' id='word_1_164' title='bbox 1546 1461 1811 1531; x_wconf 78' lang='grc' dir='ltr'>δαιμόνων</span> 
     </span>
    </p>
   </div>
   <div class='ocr_carea' id='block_1_24' title="bbox 1918 1458 3476 1536">
    <p class='ocr_par' dir='ltr' id='par_1_24' title="bbox 1918 1458 3476 1533">
     <span class='ocr_line' id='line_1_24' title="bbox 1918 1458 3476 1533; baseline 0.004 -22"><span class='ocrx_word' id='word_1_165' title='bbox 1918 1458 2156 1513; x_wconf 75' lang='lat' dir='ltr'><strong>vicissim</strong></span> <span class='ocrx_word' id='word_1_166' title='bbox 2203 1458 2293 1528; x_wconf 90' lang='lat' dir='ltr'><strong>qui</strong></span> <span class='ocrx_word' id='word_1_167' title='bbox 2331 1473 2359 1512; x_wconf 91' lang='lat' dir='ltr'><strong>a</strong></span> <span class='ocrx_word' id='word_1_168' title='bbox 2395 1459 2632 1527; x_wconf 85' lang='lat' dir='ltr'><strong>nequitia</strong></span> <span class='ocrx_word' id='word_1_169' title='bbox 2686 1463 2893 1516; x_wconf 85' lang='lat' dir='ltr'><strong>recedit</strong></span> <span class='ocrx_word' id='word_1_170' title='bbox 2940 1475 3161 1533; x_wconf 87' lang='lat' dir='ltr'><strong>propter</strong></span> <span class='ocrx_word' id='word_1_171' title='bbox 3201 1465 3476 1529; x_wconf 88' lang='lat' dir='ltr'><strong>virtutem,</strong></span> 
     </span>
    </p>
   </div>
   <div class='ocr_carea' id='block_1_25' title="bbox 226 1546 1811 1629">
    <p class='ocr_par' dir='ltr' id='par_1_25' title="bbox 226 1546 1811 1629">
     <span class='ocr_line' id='line_1_25' title="bbox 226 1546 1811 1629; baseline -0.004 -19"><span class='ocrx_word' id='word_1_172' title='bbox 226 1558 482 1629; x_wconf 78' lang='grc' dir='ltr'>ἀφρόνων</span> <span class='ocrx_word' id='word_1_173' title='bbox 524 1557 693 1610; x_wconf 76' lang='grc' dir='ltr'>όντων</span> <span class='ocrx_word' id='word_1_174' title='bbox 742 1555 1018 1608; x_wconf 79' lang='grc' dir='ltr'>δεσποτῶν</span> <span class='ocrx_word' id='word_1_175' title='bbox 1072 1556 1393 1626; x_wconf 57' lang='grc' dir='ltr'>ἐκράτησεν</span> <span class='ocrx_word' id='word_1_176' title='bbox 1439 1554 1498 1617; x_wconf 82' lang='grc' dir='ltr'>ὃς</span> <span class='ocrx_word' id='word_1_177' title='bbox 1547 1554 1643 1605; x_wconf 75' lang='grc' dir='ltr'><strong>καὶ</strong></span> <span class='ocrx_word' id='word_1_178' title='bbox 1667 1546 1811 1615; x_wconf 79' lang='grc' dir='ltr'>οἶκος</span> 
     </span>
    </p>
   </div>
   <div class='ocr_carea' id='block_1_26' title="bbox 1918 1546 3479 1629">
    <p class='ocr_par' dir='ltr' id='par_1_26' title="bbox 1918 1551 3479 1625">
     <span class='ocr_line' id='line_1_26' title="bbox 1918 1551 3479 1625; baseline 0.004 -20"><span class='ocrx_word' id='word_1_179' title='bbox 1918 1551 2251 1605; x_wconf 71' lang='grc' dir='ltr'>ύωηιοηίὺυε</span> <span class='ocrx_word' id='word_1_180' title='bbox 2300 1551 2515 1605; x_wconf 82' lang='lat' dir='ltr'><strong>vesanis</strong></span> <span class='ocrx_word' id='word_1_181' title='bbox 2565 1552 2801 1608; x_wconf 85' lang='lat' dir='ltr'><strong>dominis</strong></span> <span class='ocrx_word' id='word_1_182' title='bbox 2852 1557 3131 1625; x_wconf 67' lang='lat' dir='ltr'><strong>praevalet.</strong></span> <span class='ocrx_word' id='word_1_183' title='bbox 3172 1556 3273 1612; x_wconf 82' lang='lat' dir='ltr'><strong>Hic</strong></span> <span class='ocrx_word' id='word_1_184' title='bbox 3314 1560 3479 1611; x_wconf 85' lang='lat' dir='ltr'><strong>etiam</strong></span> 
     </span>
    </p>
   </div>
   <div class='ocr_carea' id='block_1_27' title="bbox 229 1617 1811 1720">
    <p class='ocr_par' dir='ltr' id='par_1_27' title="bbox 229 1617 1811 1720">
     <span class='ocr_line' id='line_1_27' title="bbox 229 1617 1811 1720; baseline -0.004 -18"><span class='ocrx_word' id='word_1_185' title='bbox 229 1617 550 1720; x_wconf 68' lang='grc' dir='ltr'>μῦστηρίων</span> <span class='ocrx_word' id='word_1_186' title='bbox 575 1647 709 1701; x_wconf 88' lang='grc' dir='ltr'>Θεοῦ</span> <span class='ocrx_word' id='word_1_187' title='bbox 738 1632 1046 1717; x_wconf 68' lang='grc' dir='ltr'>γενήσεται,</span> <span class='ocrx_word' id='word_1_188' title='bbox 1089 1617 1228 1699; x_wconf 71' lang='grc' dir='ltr'>κατὰ</span> <span class='ocrx_word' id='word_1_189' title='bbox 1255 1617 1543 1714; x_wconf 86' lang='grc' dir='ltr'>ἀναλογίαν</span> <span class='ocrx_word' id='word_1_190' title='bbox 1582 1644 1680 1713; x_wconf 79' lang='grc' dir='ltr'>τῆς</span> <span class='ocrx_word' id='word_1_191' title='bbox 1715 1661 1811 1696; x_wconf 91' lang='grc' dir='ltr'>κα-</span> 
     </span>
    </p>
   </div>
   <div class='ocr_carea' id='block_1_28' title="bbox 1918 1617 3487 1720">
    <p class='ocr_par' dir='ltr' id='par_1_28' title="bbox 1918 1641 3487 1715">
     <span class='ocr_line' id='line_1_28' title="bbox 1918 1641 3487 1715; baseline 0.005 -22"><span class='ocrx_word' id='word_1_192' title='bbox 1918 1641 2295 1711; x_wconf 84' lang='lat' dir='ltr'><strong>mysteriorum</strong></span> <span class='ocrx_word' id='word_1_193' title='bbox 2331 1641 2423 1695; x_wconf 87' lang='lat' dir='ltr'><strong>Dei</strong></span> <span class='ocrx_word' id='word_1_194' title='bbox 2458 1642 2791 1697; x_wconf 87' lang='lat' dir='ltr'><strong>domicilium</strong></span> <span class='ocrx_word' id='word_1_195' title='bbox 2824 1647 2934 1710; x_wconf 88' lang='lat' dir='ltr'><strong>ﬁet,</strong></span> <span class='ocrx_word' id='word_1_196' title='bbox 2966 1662 3063 1715; x_wconf 91' lang='lat' dir='ltr'><strong>pro</strong></span> <span class='ocrx_word' id='word_1_197' title='bbox 3088 1657 3262 1703; x_wconf 86' lang='lat' dir='ltr'><strong>status</strong></span> <span class='ocrx_word' id='word_1_198' title='bbox 3296 1651 3487 1703; x_wconf 80' lang='lat' dir='ltr'><strong>condi-</strong></span> 
     </span>
    </p>
   </div>
   <div class='ocr_carea' id='block_1_29' title="bbox 224 1730 1811 1811">
    <p class='ocr_par' dir='ltr' id='par_1_29' title="bbox 224 1736 1811 1811">
     <span class='ocr_line' id='line_1_29' title="bbox 224 1736 1811 1811; baseline -0.005 -17"><span class='ocrx_word' id='word_1_199' title='bbox 224 1742 568 1805; x_wconf 84' lang='grc' dir='ltr'>ταστάσεως,</span> <span class='ocrx_word' id='word_1_200' title='bbox 599 1742 814 1811; x_wconf 79' lang='grc' dir='ltr'>ἑκάστῳ</span> <span class='ocrx_word' id='word_1_201' title='bbox 840 1740 949 1793; x_wconf 90' lang='grc' dir='ltr'><strong>τῶν</strong></span> <span class='ocrx_word' id='word_1_202' title='bbox 976 1738 1218 1810; x_wconf 83' lang='grc' dir='ltr'>ἀδελφῶν</span> <span class='ocrx_word' id='word_1_203' title='bbox 1241 1739 1415 1802; x_wconf 78' lang='grc' dir='ltr'>διδοὺς</span> <span class='ocrx_word' id='word_1_204' title='bbox 1437 1736 1637 1806; x_wconf 89' lang='grc' dir='ltr'>γνῶσιν</span> <span class='ocrx_word' id='word_1_205' title='bbox 1658 1752 1811 1788; x_wconf 87' lang='grc' dir='ltr'>πνευ-</span> 
     </span>
    </p>
   </div>
   <div class='ocr_carea' id='block_1_30' title="bbox 1918 1730 3485 1811">
    <p class='ocr_par' dir='ltr' id='par_1_30' title="bbox 1918 1730 3485 1802">
     <span class='ocr_line' id='line_1_30' title="bbox 1918 1730 3485 1802; baseline 0.006 -18"><span class='ocrx_word' id='word_1_206' title='bbox 1918 1731 2061 1784; x_wconf 89' lang='lat' dir='ltr'><strong>tione</strong></span> <span class='ocrx_word' id='word_1_207' title='bbox 2093 1730 2326 1799; x_wconf 82' lang='lat' dir='ltr'><strong>singulis</strong></span> <span class='ocrx_word' id='word_1_208' title='bbox 2352 1730 2614 1787; x_wconf 78' lang='lat' dir='ltr'><strong>fratribus</strong></span> <span class='ocrx_word' id='word_1_209' title='bbox 2641 1734 2944 1802; x_wconf 79' lang='lat' dir='ltr'><strong>spiritalem</strong></span> <span class='ocrx_word' id='word_1_210' title='bbox 2979 1738 3264 1792; x_wconf 84' lang='lat' dir='ltr'><strong>scientiam</strong></span> <span class='ocrx_word' id='word_1_211' title='bbox 3293 1740 3485 1794; x_wconf 85' lang='lat' dir='ltr'><strong>distri-</strong></span> 
     </span>
    </p>
   </div>
   <div class='ocr_carea' id='block_1_31' title="bbox 232 1820 1811 1904">
    <p class='ocr_par' dir='ltr' id='par_1_31' title="bbox 232 1827 1808 1904">
     <span class='ocr_line' id='line_1_31' title="bbox 232 1827 1808 1904; baseline -0.002 -19"><span class='ocrx_word' id='word_1_212' title='bbox 232 1834 493 1904; x_wconf 72' lang='grc' dir='ltr'>ματικήνο</span> <span class='ocrx_word' id='word_1_213' title='bbox 527 1831 669 1885; x_wconf 80' lang='grc' dir='ltr'>οὑτω</span> <span class='ocrx_word' id='word_1_214' title='bbox 698 1834 793 1886; x_wconf 75' lang='grc' dir='ltr'><strong>καὶ</strong></span> <span class='ocrx_word' id='word_1_215' title='bbox 828 1832 1040 1896; x_wconf 87' lang='grc' dir='ltr'>Παῦλος</span> <span class='ocrx_word' id='word_1_216' title='bbox 1064 1831 1189 1895; x_wconf 82' lang='grc' dir='ltr'>τοὺς</span> <span class='ocrx_word' id='word_1_217' title='bbox 1220 1832 1316 1903; x_wconf 82' lang='grc' dir='ltr'><strong>μὲν</strong></span> <span class='ocrx_word' id='word_1_218' title='bbox 1345 1834 1403 1885; x_wconf 84' lang='grc' dir='ltr'>ὲν</span> <span class='ocrx_word' id='word_1_219' title='bbox 1437 1827 1686 1903; x_wconf 85' lang='grc' dir='ltr'>Κορίνθῳ</span> <span class='ocrx_word' id='word_1_220' title='bbox 1708 1845 1808 1896; x_wconf 88' lang='grc' dir='ltr'>γα-</span> 
     </span>
    </p>
   </div>
   <div class='ocr_carea' id='block_1_32' title="bbox 1918 1820 3485 1904">
    <p class='ocr_par' dir='ltr' id='par_1_32' title="bbox 1918 1820 3485 1899">
     <span class='ocr_line' id='line_1_32' title="bbox 1918 1820 3485 1899; baseline 0.007 -23"><span class='ocrx_word' id='word_1_221' title='bbox 1918 1821 2102 1877; x_wconf 90' lang='lat' dir='ltr'><strong>buens.</strong></span> <span class='ocrx_word' id='word_1_222' title='bbox 2137 1820 2229 1878; x_wconf 88' lang='lat' dir='ltr'><strong>Sic</strong></span> <span class='ocrx_word' id='word_1_223' title='bbox 2262 1823 2424 1877; x_wconf 87' lang='lat' dir='ltr'><strong>etiam</strong></span> <span class='ocrx_word' id='word_1_224' title='bbox 2463 1823 2663 1881; x_wconf 85' lang='lat' dir='ltr'><strong>Paulus</strong></span> <span class='ocrx_word' id='word_1_225' title='bbox 2693 1826 3006 1882; x_wconf 89' lang='lat' dir='ltr'><strong>Corinthios</strong></span> <span class='ocrx_word' id='word_1_226' title='bbox 3037 1828 3197 1894; x_wconf 86' lang='lat' dir='ltr'><strong>lacte,</strong></span> <span class='ocrx_word' id='word_1_227' title='bbox 3220 1830 3485 1899; x_wconf 82' lang='lat' dir='ltr'><strong>Ephesios</strong></span> 
     </span>
    </p>
   </div>
   <div class='ocr_carea' id='block_1_33' title="bbox 220 1918 1811 1994">
    <p class='ocr_par' dir='ltr' id='par_1_33' title="bbox 220 1919 1811 1994">
     <span class='ocr_line' id='line_1_33' title="bbox 220 1919 1811 1994; baseline -0.004 -16"><span class='ocrx_word' id='word_1_228' title='bbox 220 1922 558 1989; x_wconf 76' lang='grc' dir='ltr'>λαποτίζων,</span> <span class='ocrx_word' id='word_1_229' title='bbox 609 1926 733 1988; x_wconf 80' lang='grc' dir='ltr'>τοὺς</span> <span class='ocrx_word' id='word_1_230' title='bbox 781 1924 837 1977; x_wconf 83' lang='grc' dir='ltr'>δὲ</span> <span class='ocrx_word' id='word_1_231' title='bbox 863 1926 921 1978; x_wconf 76' lang='grc' dir='ltr'>ἐν</span> <span class='ocrx_word' id='word_1_232' title='bbox 973 1922 1181 1994; x_wconf 84' lang='grc' dir='ltr'>Ἐφέσῳ</span> <span class='ocrx_word' id='word_1_233' title='bbox 1214 1922 1430 1994; x_wconf 81' lang='grc' dir='ltr'>τρέφων</span> <span class='ocrx_word' id='word_1_234' title='bbox 1474 1919 1811 1991; x_wconf 82' lang='grc' dir='ltr'>στερεωτέρᾳ</span> 
     </span>
    </p>
   </div>
   <div class='ocr_carea' id='block_1_34' title="bbox 1918 1918 3483 1994">
    <p class='ocr_par' dir='ltr' id='par_1_34' title="bbox 1918 1918 3483 1993">
     <span class='ocr_line' id='line_1_34' title="bbox 1918 1918 3483 1993; baseline 0.004 -21"><span class='ocrx_word' id='word_1_235' title='bbox 1918 1918 2171 1972; x_wconf 78' lang='lat' dir='ltr'><strong>solidiore</strong></span> <span class='ocrx_word' id='word_1_236' title='bbox 2224 1919 2344 1973; x_wconf 91' lang='lat' dir='ltr'><strong>cibo</strong></span> <span class='ocrx_word' id='word_1_237' title='bbox 2368 1922 2649 1989; x_wconf 82' lang='lat' dir='ltr'><strong>pascebat,</strong></span> <span class='ocrx_word' id='word_1_238' title='bbox 2699 1923 2765 1976; x_wconf 91' lang='lat' dir='ltr'><strong>de</strong></span> <span class='ocrx_word' id='word_1_239' title='bbox 2809 1922 3164 1993; x_wconf 77' lang='lat' dir='ltr'><strong>longitudine,</strong></span> <span class='ocrx_word' id='word_1_240' title='bbox 3198 1923 3483 1979; x_wconf 88' lang='lat' dir='ltr'><strong>latitudine</strong></span> 
     </span>
    </p>
   </div>
   <div class='ocr_carea' id='block_1_35' title="bbox 225 2013 1811 2091">
    <p class='ocr_par' dir='ltr' id='par_1_35' title="bbox 225 2013 1811 2091">
     <span class='ocr_line' id='line_1_35' title="bbox 225 2013 1811 2091; baseline -0.004 -20"><span class='ocrx_word' id='word_1_241' title='bbox 225 2020 427 2090; x_wconf 81' lang='grc' dir='ltr'>τροφῇ,</span> <span class='ocrx_word' id='word_1_242' title='bbox 480 2020 606 2091; x_wconf 77' lang='grc' dir='ltr'>περὶ</span> <span class='ocrx_word' id='word_1_243' title='bbox 641 2018 807 2088; x_wconf 76' lang='grc' dir='ltr'>ὕψους</span> <span class='ocrx_word' id='word_1_244' title='bbox 835 2019 930 2071; x_wconf 78' lang='grc' dir='ltr'><strong>καὶ</strong></span> <span class='ocrx_word' id='word_1_245' title='bbox 979 2019 1183 2089; x_wconf 81' lang='grc' dir='ltr'>μήκους</span> <span class='ocrx_word' id='word_1_246' title='bbox 1213 2016 1306 2069; x_wconf 71' lang='grc' dir='ltr'><strong>καὶ</strong></span> <span class='ocrx_word' id='word_1_247' title='bbox 1332 2015 1565 2077; x_wconf 84' lang='grc' dir='ltr'>πλάτους</span> <span class='ocrx_word' id='word_1_248' title='bbox 1597 2014 1690 2066; x_wconf 76' lang='grc' dir='ltr'><strong>καὶ</strong></span> <span class='ocrx_word' id='word_1_249' title='bbox 1716 2013 1811 2083; x_wconf 86' lang='grc' dir='ltr'><strong>βά-</strong></span> 
     </span>
    </p>
   </div>
   <div class='ocr_carea' id='block_1_36' title="bbox 220 2102 1808 2179">
    <p class='ocr_par' dir='ltr' id='par_1_36' title="bbox 220 2102 1808 2179">
     <span class='ocr_line' id='line_1_36' title="bbox 220 2102 1808 2179; baseline -0.004 -17"><span class='ocrx_word' id='word_1_250' title='bbox 220 2110 352 2173; x_wconf 80' lang='grc' dir='ltr'>θους</span> <span class='ocrx_word' id='word_1_251' title='bbox 412 2109 809 2179; x_wconf 79' lang='grc' dir='ltr'><strong>διαλεγόμενος⁸</strong></span> <span class='ocrx_word' id='word_1_252' title='bbox 854 2108 950 2161; x_wconf 73' lang='grc' dir='ltr'><strong>καὶ</strong></span> <span class='ocrx_word' id='word_1_253' title='bbox 985 2108 1073 2161; x_wconf 79' lang='grc' dir='ltr'>διὰ</span> <span class='ocrx_word' id='word_1_254' title='bbox 1115 2106 1317 2159; x_wconf 88' lang='grc' dir='ltr'>τούτων</span> <span class='ocrx_word' id='word_1_255' title='bbox 1359 2104 1467 2157; x_wconf 88' lang='grc' dir='ltr'><strong>τῶν</strong></span> <span class='ocrx_word' id='word_1_256' title='bbox 1505 2102 1808 2173; x_wconf 88' lang='grc' dir='ltr'>διαστημά-</span> 
     </span>
    </p>
   </div>
   <div class='ocr_carea' id='block_1_37' title="bbox 222 2196 1806 2273">
    <p class='ocr_par' dir='ltr' id='par_1_37' title="bbox 222 2196 1806 2273">
     <span class='ocr_line' id='line_1_37' title="bbox 222 2196 1806 2273; baseline -0.004 -20"><span class='ocrx_word' id='word_1_257' title='bbox 222 2220 335 2255; x_wconf 80' lang='grc' dir='ltr'><strong>των</strong></span> <span class='ocrx_word' id='word_1_258' title='bbox 387 2202 487 2273; x_wconf 81' lang='grc' dir='ltr'>τὴν</span> <span class='ocrx_word' id='word_1_259' title='bbox 528 2201 626 2271; x_wconf 83' lang='grc' dir='ltr'>τῆς</span> <span class='ocrx_word' id='word_1_260' title='bbox 666 2200 887 2270; x_wconf 82' lang='grc' dir='ltr'>λογικῆς</span> <span class='ocrx_word' id='word_1_261' title='bbox 938 2200 1152 2269; x_wconf 89' lang='grc' dir='ltr'>φύσεως</span> <span class='ocrx_word' id='word_1_262' title='bbox 1214 2197 1492 2268; x_wconf 79' lang='grc' dir='ltr'>σημαίνων</span> <span class='ocrx_word' id='word_1_263' title='bbox 1523 2196 1806 2266; x_wconf 89' lang='grc' dir='ltr'>διαίρεσιν,</span> 
     </span>
    </p>
   </div>
   <div class='ocr_carea' id='block_1_38' title="bbox 223 2283 1809 2362">
    <p class='ocr_par' dir='ltr' id='par_1_38' title="bbox 223 2283 1809 2362">
     <span class='ocr_line' id='line_1_38' title="bbox 223 2283 1809 2362; baseline -0.004 -18"><span class='ocrx_word' id='word_1_264' title='bbox 223 2294 350 2362; x_wconf 76' lang='grc' dir='ltr'>ἥτις</span> <span class='ocrx_word' id='word_1_265' title='bbox 373 2295 500 2354; x_wconf 77' lang='grc' dir='ltr'>τοὺς</span> <span class='ocrx_word' id='word_1_266' title='bbox 521 2290 649 2361; x_wconf 77' lang='grc' dir='ltr'>περὶ</span> <span class='ocrx_word' id='word_1_267' title='bbox 671 2291 904 2362; x_wconf 86' lang='grc' dir='ltr'>κρίσεως</span> <span class='ocrx_word' id='word_1_268' title='bbox 931 2292 1025 2342; x_wconf 81' lang='grc' dir='ltr'><strong>καὶ</strong></span> <span class='ocrx_word' id='word_1_269' title='bbox 1056 2287 1307 2360; x_wconf 88' lang='grc' dir='ltr'>προνοίας</span> <span class='ocrx_word' id='word_1_270' title='bbox 1336 2284 1429 2338; x_wconf 89' lang='grc' dir='ltr'><strong>τοῦ</strong></span> <span class='ocrx_word' id='word_1_271' title='bbox 1454 2284 1588 2337; x_wconf 86' lang='grc' dir='ltr'>Θεοῦ</span> <span class='ocrx_word' id='word_1_272' title='bbox 1623 2283 1809 2353; x_wconf 89' lang='grc' dir='ltr'>λόγους</span> 
     </span>
    </p>
   </div>
   <div class='ocr_carea' id='block_1_39' title="bbox 223 2376 1807 2457">
    <p class='ocr_par' dir='ltr' id='par_1_39' title="bbox 223 2376 1807 2457">
     <span class='ocr_line' id='line_1_39' title="bbox 223 2376 1807 2457; baseline -0.004 -21"><span class='ocrx_word' id='word_1_273' title='bbox 223 2386 573 2457; x_wconf 79' lang='grc' dir='ltr'>ἐμπεριέχει,</span> <span class='ocrx_word' id='word_1_274' title='bbox 626 2385 767 2439; x_wconf 87' lang='grc' dir='ltr'>πάνυ</span> <span class='ocrx_word' id='word_1_275' title='bbox 818 2382 1149 2452; x_wconf 82' lang='grc' dir='ltr'>βαθυτάτους</span> <span class='ocrx_word' id='word_1_276' title='bbox 1190 2379 1556 2449; x_wconf 89' lang='grc' dir='ltr'>ὑπάρχοντας,</span> <span class='ocrx_word' id='word_1_277' title='bbox 1592 2376 1686 2430; x_wconf 74' lang='grc' dir='ltr'><strong>καὶ</strong></span> <span class='ocrx_word' id='word_1_278' title='bbox 1714 2377 1807 2429; x_wconf 85' lang='grc' dir='ltr'><strong>ὲκ-</strong></span> 
     </span>
    </p>
   </div>
   <div class='ocr_carea' id='block_1_40' title="bbox 225 2471 1428 2549">
    <p class='ocr_par' dir='ltr' id='par_1_40' title="bbox 225 2471 1428 2549">
     <span class='ocr_line' id='line_1_40' title="bbox 225 2471 1428 2549; baseline -0.006 -19"><span class='ocrx_word' id='word_1_279' title='bbox 225 2476 531 2546; x_wconf 82' lang='grc' dir='ltr'>φεύγοντας</span> <span class='ocrx_word' id='word_1_280' title='bbox 556 2478 656 2549; x_wconf 81' lang='grc' dir='ltr'><strong>τὴν</strong></span> <span class='ocrx_word' id='word_1_281' title='bbox 686 2474 1035 2547; x_wconf 80' lang='grc' dir='ltr'>ἀνθρωπίνην</span> <span class='ocrx_word' id='word_1_282' title='bbox 1074 2471 1428 2526; x_wconf 87' lang='grc' dir='ltr'>κατάστασιν.</span> 
     </span>
    </p>
   </div>
   <div class='ocr_carea' id='block_1_41' title="bbox 296 2560 1890 2640">
    <p class='ocr_par' dir='ltr' id='par_1_41' title="bbox 296 2560 1890 2640">
     <span class='ocr_line' id='line_1_41' title="bbox 296 2560 1890 2640; baseline -0.006 -19"><span class='ocrx_word' id='word_1_283' title='bbox 296 2570 538 2640; x_wconf 76' lang='grc' dir='ltr'>Κάμινοι</span> <span class='ocrx_word' id='word_1_284' title='bbox 557 2570 604 2622; x_wconf 84' lang='lat' dir='ltr'><strong>oi</strong></span> <span class='ocrx_word' id='word_1_285' title='bbox 636 2566 948 2638; x_wconf 82' lang='grc' dir='ltr'>πειρασμοί”</span> <span class='ocrx_word' id='word_1_286' title='bbox 974 2563 1062 2617; x_wconf 79' lang='grc' dir='ltr'><strong>διὰ</strong></span> <span class='ocrx_word' id='word_1_287' title='bbox 1085 2563 1193 2635; x_wconf 85' lang='grc' dir='ltr'>γὰρ</span> <span class='ocrx_word' id='word_1_288' title='bbox 1216 2563 1323 2617; x_wconf 90' lang='grc' dir='ltr'><strong>τῶν</strong></span> <span class='ocrx_word' id='word_1_289' title='bbox 1362 2560 1684 2635; x_wconf 85' lang='grc' dir='ltr'>πειρασμῶν</span> <span class='ocrx_word' id='word_1_290' title='bbox 1711 2577 1809 2613; x_wconf 91' lang='grc' dir='ltr'>κα-</span> <span class='ocrx_word' id='word_1_291' title='bbox 1885 2595 1890 2599; x_wconf 93' lang='lat'><strong><em>-</em></strong></span> 
     </span>
    </p>
   </div>
   <div class='ocr_carea' id='block_1_42' title="bbox 213 2652 1810 2735">
    <p class='ocr_par' dir='ltr' id='par_1_42' title="bbox 213 2652 1810 2735">
     <span class='ocr_line' id='line_1_42' title="bbox 213 2652 1810 2735; baseline -0.008 -17"><span class='ocrx_word' id='word_1_292' title='bbox 213 2664 404 2735; x_wconf 77' lang='grc' dir='ltr'>Ὅάρας</span> <span class='ocrx_word' id='word_1_293' title='bbox 445 2662 539 2716; x_wconf 71' lang='grc' dir='ltr'><strong>καὶ</strong></span> <span class='ocrx_word' id='word_1_294' title='bbox 574 2657 936 2732; x_wconf 78' lang='grc' dir='ltr'>ἀκηλιδώτους</span> <span class='ocrx_word' id='word_1_295' title='bbox 979 2657 1077 2722; x_wconf 79' lang='grc' dir='ltr'>τὰς</span> <span class='ocrx_word' id='word_1_296' title='bbox 1118 2655 1345 2730; x_wconf 85' lang='grc' dir='ltr'>καρδίας</span> <span class='ocrx_word' id='word_1_297' title='bbox 1396 2654 1505 2708; x_wconf 87' lang='grc' dir='ltr'><strong>τῶν</strong></span> <span class='ocrx_word' id='word_1_298' title='bbox 1538 2652 1810 2706; x_wconf 75' lang='grc' dir='ltr'>ἐκλεκτῶν</span> 
     </span>
    </p>
   </div>
   <div class='ocr_carea' id='block_1_43' title="bbox 211 2755 753 2823">
    <p class='ocr_par' dir='ltr' id='par_1_43' title="bbox 211 2755 753 2823">
     <span class='ocr_line' id='line_1_43' title="bbox 211 2755 753 2823; baseline -0.007 -13"><span class='ocrx_word' id='word_1_299' title='bbox 211 2760 255 2810; x_wconf 77' lang='lat'><em>~6</em></span> <span class='ocrx_word' id='word_1_300' title='bbox 281 2757 415 2819; x_wconf 76' lang='grc' dir='ltr'>θεὸς</span> <span class='ocrx_word' id='word_1_301' title='bbox 450 2755 753 2823; x_wconf 75' lang='grc' dir='ltr'>ἐκλέγεται.</span> 
     </span>
    </p>
   </div>
   <div class='ocr_carea' id='block_1_44' title="bbox 308 2837 1809 2921">
    <p class='ocr_par' dir='ltr' id='par_1_44' title="bbox 308 2837 1809 2921">
     <span class='ocr_line' id='line_1_44' title="bbox 308 2837 1809 2921; baseline -0.007 -18"><span class='ocrx_word' id='word_1_302' title='bbox 308 2852 370 2903; x_wconf 84' lang='lat'><strong>&#39;0</strong></span> <span class='ocrx_word' id='word_1_303' title='bbox 399 2849 671 2921; x_wconf 79' lang='grc' dir='ltr'>αἱρετικὺς</span> <span class='ocrx_word' id='word_1_304' title='bbox 700 2845 962 2901; x_wconf 83' lang='grc' dir='ltr'>ὑπακούει</span> <span class='ocrx_word' id='word_1_305' title='bbox 982 2843 1233 2915; x_wconf 82' lang='grc' dir='ltr'>γλώσσης</span> <span class='ocrx_word' id='word_1_306' title='bbox 1266 2842 1365 2913; x_wconf 79' lang='grc' dir='ltr'>τῆς</span> <span class='ocrx_word' id='word_1_307' title='bbox 1387 2840 1495 2895; x_wconf 90' lang='grc' dir='ltr'><strong>τῶν</strong></span> <span class='ocrx_word' id='word_1_308' title='bbox 1526 2840 1701 2895; x_wconf 81' lang='grc' dir='ltr'>ἀθέων</span> <span class='ocrx_word' id='word_1_309' title='bbox 1725 2837 1809 2892; x_wconf 89' lang='grc' dir='ltr'>δο-</span> 
     </span>
    </p>
   </div>
   <div class='ocr_carea' id='block_1_45' title="bbox 1909 2010 3484 2087">
    <p class='ocr_par' dir='ltr' id='par_1_45' title="bbox 1909 2010 3484 2087">
     <span class='ocr_line' id='line_1_45' title="bbox 1909 2010 3484 2087; baseline 0.004 -23"><span class='ocrx_word' id='word_1_310' title='bbox 1909 2018 1965 2064; x_wconf 89' lang='lat' dir='ltr'><strong>et</strong></span> <span class='ocrx_word' id='word_1_311' title='bbox 1997 2010 2362 2080; x_wconf 81' lang='lat' dir='ltr'><strong>profunditate</strong></span> <span class='ocrx_word' id='word_1_312' title='bbox 2413 2012 2663 2082; x_wconf 88' lang='lat' dir='ltr'><strong>loquens,</strong></span> <span class='ocrx_word' id='word_1_313' title='bbox 2690 2016 2881 2085; x_wconf 86' lang='lat' dir='ltr'><strong>spatiis</strong></span> <span class='ocrx_word' id='word_1_314' title='bbox 2922 2017 3006 2070; x_wconf 91' lang='lat' dir='ltr'><strong>his</strong></span> <span class='ocrx_word' id='word_1_315' title='bbox 3042 2017 3359 2087; x_wconf 84' lang='lat' dir='ltr'><strong>signiﬁcans</strong></span> <span class='ocrx_word' id='word_1_316' title='bbox 3403 2032 3484 2070; x_wconf 87' lang='lat' dir='ltr'><strong>ra-</strong></span> 
     </span>
    </p>
   </div>
   <div class='ocr_carea' id='block_1_46' title="bbox 1916 2102 3479 2178">
    <p class='ocr_par' dir='ltr' id='par_1_46' title="bbox 1916 2102 3479 2178">
     <span class='ocr_line' id='line_1_46' title="bbox 1916 2102 3479 2178; baseline 0.006 -23"><span class='ocrx_word' id='word_1_317' title='bbox 1916 2102 2134 2157; x_wconf 86' lang='lat' dir='ltr'><strong>lionalis</strong></span> <span class='ocrx_word' id='word_1_318' title='bbox 2161 2115 2367 2159; x_wconf 60' lang='lat' dir='ltr'><strong>natura;</strong></span> <span class='ocrx_word' id='word_1_319' title='bbox 2391 2106 2785 2172; x_wconf 85' lang='lat' dir='ltr'><strong>diversitatem,</strong></span> <span class='ocrx_word' id='word_1_320' title='bbox 2816 2125 2935 2178; x_wconf 78' lang='lat' dir='ltr'><strong>qua:</strong></span> <span class='ocrx_word' id='word_1_321' title='bbox 2964 2109 3059 2164; x_wconf 89' lang='lat' dir='ltr'><strong>Dei</strong></span> <span class='ocrx_word' id='word_1_322' title='bbox 3096 2112 3161 2165; x_wconf 92' lang='lat' dir='ltr'><strong>de</strong></span> <span class='ocrx_word' id='word_1_323' title='bbox 3190 2110 3395 2177; x_wconf 85' lang='lat' dir='ltr'><strong>judicio</strong></span> <span class='ocrx_word' id='word_1_324' title='bbox 3417 2126 3479 2165; x_wconf 80' lang='lat' dir='ltr'><strong>ac</strong></span> 
     </span>
    </p>
   </div>
   <div class='ocr_carea' id='block_1_47' title="bbox 1911 2193 3483 2274">
    <p class='ocr_par' dir='ltr' id='par_1_47' title="bbox 1911 2193 3483 2274">
     <span class='ocr_line' id='line_1_47' title="bbox 1911 2193 3483 2274; baseline 0.008 -28"><span class='ocrx_word' id='word_1_325' title='bbox 1911 2193 2248 2260; x_wconf 82' lang='lat' dir='ltr'><strong>providentia</strong></span> <span class='ocrx_word' id='word_1_326' title='bbox 2269 2209 2551 2252; x_wconf 86' lang='lat' dir='ltr'><strong>sermones</strong></span> <span class='ocrx_word' id='word_1_327' title='bbox 2565 2213 2679 2253; x_wconf 87' lang='lat' dir='ltr'><strong>com</strong></span> <span class='ocrx_word' id='word_1_328' title='bbox 2689 2202 2996 2268; x_wconf 87' lang='lat' dir='ltr'><strong>prehendit,</strong></span> <span class='ocrx_word' id='word_1_329' title='bbox 3015 2201 3312 2272; x_wconf 81' lang='lat' dir='ltr'><strong>profundos</strong></span> <span class='ocrx_word' id='word_1_330' title='bbox 3331 2204 3483 2274; x_wconf 82' lang='lat' dir='ltr'><strong>equi-</strong></span> 
     </span>
    </p>
   </div>
   <div class='ocr_carea' id='block_1_48' title="bbox 1910 2284 3230 2354">
    <p class='ocr_par' dir='ltr' id='par_1_48' title="bbox 1910 2284 3230 2354">
     <span class='ocr_line' id='line_1_48' title="bbox 1910 2284 3230 2354; baseline 0.01 -17"><span class='ocrx_word' id='word_1_331' title='bbox 1910 2284 2051 2350; x_wconf 90' lang='lat' dir='ltr'><strong>dem,</strong></span> <span class='ocrx_word' id='word_1_332' title='bbox 2082 2297 2137 2341; x_wconf 92' lang='lat' dir='ltr'><strong>et</strong></span> <span class='ocrx_word' id='word_1_333' title='bbox 2168 2286 2459 2343; x_wconf 81' lang='lat' dir='ltr'><strong>humanam</strong></span> <span class='ocrx_word' id='word_1_334' title='bbox 2488 2292 2855 2348; x_wconf 83' lang='lat' dir='ltr'><strong>conditionem</strong></span> <span class='ocrx_word' id='word_1_335' title='bbox 2884 2296 3230 2354; x_wconf 71' lang='lat' dir='ltr'><strong>excedentes.</strong></span> 
     </span>
    </p>
   </div>
   <div class='ocr_carea' id='block_1_49' title="bbox 1978 2553 3478 2631">
    <p class='ocr_par' dir='ltr' id='par_1_49' title="bbox 1978 2553 3478 2631">
     <span class='ocr_line' id='line_1_49' title="bbox 1978 2553 3478 2631; baseline 0.005 -23"><span class='ocrx_word' id='word_1_336' title='bbox 1978 2554 2024 2586; x_wconf 72' lang='lat'><strong>&quot;</strong></span> <span class='ocrx_word' id='word_1_337' title='bbox 2056 2553 2334 2610; x_wconf 89' lang='lat' dir='ltr'><strong>Fornaces</strong></span> <span class='ocrx_word' id='word_1_338' title='bbox 2383 2566 2507 2610; x_wconf 89' lang='lat' dir='ltr'><strong>sunt</strong></span> <span class='ocrx_word' id='word_1_339' title='bbox 2560 2556 3146 2614; x_wconf 82' lang='lat' dir='ltr'><strong>tentationes.Etenim</strong></span> <span class='ocrx_word' id='word_1_340' title='bbox 3191 2570 3478 2631; x_wconf 86' lang='lat' dir='ltr'><strong>postquam</strong></span> 
     </span>
    </p>
   </div>
   <div class='ocr_carea' id='block_1_50' title="bbox 1910 2645 3483 2717">
    <p class='ocr_par' dir='ltr' id='par_1_50' title="bbox 1910 2645 3483 2717">
     <span class='ocr_line' id='line_1_50' title="bbox 1910 2645 3483 2717; baseline 0.007 -20"><span class='ocrx_word' id='word_1_341' title='bbox 1910 2659 2006 2713; x_wconf 90' lang='lat' dir='ltr'><strong>per</strong></span> <span class='ocrx_word' id='word_1_342' title='bbox 2032 2645 2360 2700; x_wconf 89' lang='lat' dir='ltr'><strong>tentationes</strong></span> <span class='ocrx_word' id='word_1_343' title='bbox 2383 2648 2545 2701; x_wconf 89' lang='lat' dir='ltr'><strong>corda</strong></span> <span class='ocrx_word' id='word_1_344' title='bbox 2576 2649 2847 2717; x_wconf 77' lang='lat' dir='ltr'><strong>purgavit,</strong></span> <span class='ocrx_word' id='word_1_345' title='bbox 2884 2659 2993 2704; x_wconf 93' lang='lat' dir='ltr'><strong>tum</strong></span> <span class='ocrx_word' id='word_1_346' title='bbox 3027 2651 3241 2707; x_wconf 89' lang='lat' dir='ltr'><strong>demum</strong></span> <span class='ocrx_word' id='word_1_347' title='bbox 3290 2654 3483 2708; x_wconf 82' lang='lat' dir='ltr'><strong>imma—</strong></span> 
     </span>
    </p>
   </div>
   <div class='ocr_carea' id='block_1_51' title="bbox 1911 2738 2589 2810">
    <p class='ocr_par' dir='ltr' id='par_1_51' title="bbox 1911 2738 2589 2810">
     <span class='ocr_line' id='line_1_51' title="bbox 1911 2738 2589 2810; baseline 0.003 -18"><span class='ocrx_word' id='word_1_348' title='bbox 1911 2738 2089 2792; x_wconf 90' lang='lat' dir='ltr'><strong>culata</strong></span> <span class='ocrx_word' id='word_1_349' title='bbox 2115 2739 2216 2793; x_wconf 90' lang='lat' dir='ltr'><strong>sibi</strong></span> <span class='ocrx_word' id='word_1_350' title='bbox 2245 2738 2399 2810; x_wconf 78' lang='lat' dir='ltr'><strong>eligit</strong></span> <span class='ocrx_word' id='word_1_351' title='bbox 2428 2740 2589 2794; x_wconf 90' lang='lat' dir='ltr'><strong>Deus.</strong></span> 
     </span>
    </p>
   </div>
   <div class='ocr_carea' id='block_1_52' title="bbox 1982 2829 3482 2902">
    <p class='ocr_par' dir='ltr' id='par_1_52' title="bbox 1982 2829 3482 2902">
     <span class='ocr_line' id='line_1_52' title="bbox 1982 2829 3482 2902; baseline 0.005 -19"><span class='ocrx_word' id='word_1_352' title='bbox 1982 2829 2027 2861; x_wconf 77' lang='lat'>“</span> <span class='ocrx_word' id='word_1_353' title='bbox 2053 2829 2224 2884; x_wconf 85' lang='lat' dir='ltr'><strong>Homo</strong></span> <span class='ocrx_word' id='word_1_354' title='bbox 2255 2831 2549 2886; x_wconf 66' lang='lat' dir='ltr'><strong>haereticus</strong></span> <span class='ocrx_word' id='word_1_355' title='bbox 2578 2830 3006 2902; x_wconf 83' lang='lat' dir='ltr'><strong>irreligiosornm</strong></span> <span class='ocrx_word' id='word_1_356' title='bbox 3037 2832 3351 2902; x_wconf 83' lang='lat' dir='ltr'><strong>dogmatum</strong></span> <span class='ocrx_word' id='word_1_357' title='bbox 3382 2836 3482 2891; x_wconf 84' lang='lat' dir='ltr'><strong>lin-</strong></span> 
     </span>
    </p>
   </div>
   <div class='ocr_carea' id='block_1_53' title="bbox 214 2921 1811 3013">
    <p class='ocr_par' dir='ltr' id='par_1_53' title="bbox 214 2930 1809 3013">
     <span class='ocr_line' id='line_1_53' title="bbox 214 2930 1809 3013; baseline -0.009 -15"><span class='ocrx_word' id='word_1_358' title='bbox 214 2943 475 3013; x_wconf 75' lang='grc' dir='ltr'>Ὺμάτων·</span> <span class='ocrx_word' id='word_1_359' title='bbox 507 2942 554 2994; x_wconf 84' lang='grc' dir='ltr'>οἱ</span> <span class='ocrx_word' id='word_1_360' title='bbox 579 2941 635 2994; x_wconf 82' lang='grc' dir='ltr'>δὲ</span> <span class='ocrx_word' id='word_1_361' title='bbox 658 2939 758 3010; x_wconf 81' lang='grc' dir='ltr'><strong>τῆς</strong></span> <span class='ocrx_word' id='word_1_362' title='bbox 785 2938 1128 3010; x_wconf 80' lang='grc' dir='ltr'>Ἐκκλησίας,</span> <span class='ocrx_word' id='word_1_363' title='bbox 1159 2936 1278 2989; x_wconf 84' lang='grc' dir='ltr'>οὐδὲ</span> <span class='ocrx_word' id='word_1_364' title='bbox 1305 2934 1681 3008; x_wconf 83' lang='grc' dir='ltr'>προσέχουσιν.</span> <span class='ocrx_word' id='word_1_365' title='bbox 1711 2930 1809 2985; x_wconf 79' lang='grc' dir='ltr'>Διά</span> 
     </span>
    </p>
   </div>
   <div class='ocr_carea' id='block_1_54' title="bbox 1918 2921 3486 3013">
    <p class='ocr_par' dir='ltr' id='par_1_54' title="bbox 1918 2921 3486 2988">
     <span class='ocr_line' id='line_1_54' title="bbox 1918 2921 3486 2988; baseline 0.006 -15"><span class='ocrx_word' id='word_1_366' title='bbox 1918 2935 2071 2988; x_wconf 83' lang='lat' dir='ltr'><strong>gnam</strong></span> <span class='ocrx_word' id='word_1_367' title='bbox 2104 2921 2357 2988; x_wconf 88' lang='lat' dir='ltr'><strong>obaudit;</strong></span> <span class='ocrx_word' id='word_1_368' title='bbox 2390 2933 2444 2979; x_wconf 91' lang='lat' dir='ltr'><strong>at</strong></span> <span class='ocrx_word' id='word_1_369' title='bbox 2472 2923 2726 2979; x_wconf 68' lang='lat' dir='ltr'><strong>Ecclesiae</strong></span> <span class='ocrx_word' id='word_1_370' title='bbox 2751 2925 2934 2979; x_wconf 89' lang='lat' dir='ltr'><strong>ﬁdeles</strong></span> <span class='ocrx_word' id='word_1_371' title='bbox 2976 2926 3120 2980; x_wconf 80' lang='lat' dir='ltr'><strong>nulla</strong></span> <span class='ocrx_word' id='word_1_372' title='bbox 3148 2934 3288 2981; x_wconf 87' lang='lat' dir='ltr'><strong>hanc</strong></span> <span class='ocrx_word' id='word_1_373' title='bbox 3311 2938 3486 2982; x_wconf 87' lang='lat' dir='ltr'><strong>atten-</strong></span> 
     </span>
    </p>
   </div>
   <div class='ocr_carea' id='block_1_55' title="bbox 224 3022 1807 3097">
    <p class='ocr_par' dir='ltr' id='par_1_55' title="bbox 224 3022 1807 3097">
     <span class='ocr_line' id='line_1_55' title="bbox 224 3022 1807 3097; baseline -0.008 -9"><span class='ocrx_word' id='word_1_374' title='bbox 224 3033 324 3089; x_wconf 86' lang='grc' dir='ltr'><strong>τοῦ</strong></span> <span class='ocrx_word' id='word_1_375' title='bbox 355 3032 671 3095; x_wconf 85' lang='grc' dir='ltr'>ὑπακούειν,</span> <span class='ocrx_word' id='word_1_376' title='bbox 696 3030 756 3083; x_wconf 74' lang='grc' dir='ltr'><strong>τὸ</strong></span> <span class='ocrx_word' id='word_1_377' title='bbox 785 3028 1027 3083; x_wconf 79' lang='grc' dir='ltr'>ἑκούσιον</span> <span class='ocrx_word' id='word_1_378' title='bbox 1054 3028 1345 3091; x_wconf 83' lang='grc' dir='ltr'>δείκνυσιν,</span> <span class='ocrx_word' id='word_1_379' title='bbox 1372 3026 1446 3090; x_wconf 81' lang='grc' dir='ltr'>ὡς</span> <span class='ocrx_word' id='word_1_380' title='bbox 1477 3027 1557 3089; x_wconf 86' lang='grc' dir='ltr'><strong>είς</strong></span> <span class='ocrx_word' id='word_1_381' title='bbox 1577 3026 1676 3097; x_wconf 79' lang='grc' dir='ltr'>τὴν</span> <span class='ocrx_word' id='word_1_382' title='bbox 1711 3022 1807 3077; x_wconf 88' lang='grc' dir='ltr'><strong>τοῦ</strong></span> 
     </span>
    </p>
   </div>
   <div class='ocr_carea' id='block_1_56' title="bbox 223 3115 1807 3196">
    <p class='ocr_par' dir='ltr' id='par_1_56' title="bbox 223 3115 1807 3196">
     <span class='ocr_line' id='line_1_56' title="bbox 223 3115 1807 3196; baseline -0.008 -15"><span class='ocrx_word' id='word_1_383' title='bbox 223 3126 366 3181; x_wconf 86' lang='grc' dir='ltr'>Θεοῦ</span> <span class='ocrx_word' id='word_1_384' title='bbox 396 3126 563 3196; x_wconf 82' lang='grc' dir='ltr'>σοφὴν</span> <span class='ocrx_word' id='word_1_385' title='bbox 597 3124 860 3194; x_wconf 87' lang='grc' dir='ltr'>διοίκησιν</span> <span class='ocrx_word' id='word_1_386' title='bbox 890 3120 1232 3193; x_wconf 79' lang='grc' dir='ltr'>ἐξαμαρτών.</span> <span class='ocrx_word' id='word_1_387' title='bbox 1262 3152 1330 3161; x_wconf 94' lang='lat'><strong>-—</strong></span> <span class='ocrx_word' id='word_1_388' title='bbox 1349 3115 1516 3181; x_wconf 81' lang='grc' dir='ltr'>Οῦτος</span> <span class='ocrx_word' id='word_1_389' title='bbox 1543 3116 1807 3171; x_wconf 81' lang='grc' dir='ltr'>ὑπακούει</span> 
     </span>
    </p>
   </div>
   <div class='ocr_carea' id='block_1_57' title="bbox 222 3209 1807 3287">
    <p class='ocr_par' dir='ltr' id='par_1_57' title="bbox 222 3209 1807 3287">
     <span class='ocr_line' id='line_1_57' title="bbox 222 3209 1807 3287; baseline -0.007 -15"><span class='ocrx_word' id='word_1_390' title='bbox 222 3222 349 3282; x_wconf 86' lang='grc' dir='ltr'>ταῖς</span> <span class='ocrx_word' id='word_1_391' title='bbox 378 3216 650 3287; x_wconf 85' lang='grc' dir='ltr'>γλώσσαις</span> <span class='ocrx_word' id='word_1_392' title='bbox 684 3216 794 3269; x_wconf 88' lang='grc' dir='ltr'><strong>τῶν</strong></span> <span class='ocrx_word' id='word_1_393' title='bbox 820 3213 1167 3286; x_wconf 86' lang='grc' dir='ltr'>παρανόμων,</span> <span class='ocrx_word' id='word_1_394' title='bbox 1197 3213 1227 3265; x_wconf 92' lang='lat'><strong>6</strong></span> <span class='ocrx_word' id='word_1_395' title='bbox 1262 3213 1389 3276; x_wconf 77' lang='grc' dir='ltr'>τοὺς</span> <span class='ocrx_word' id='word_1_396' title='bbox 1417 3211 1634 3273; x_wconf 87' lang='grc' dir='ltr'>ἀδίκους</span> <span class='ocrx_word' id='word_1_397' title='bbox 1655 3209 1807 3279; x_wconf 86' lang='grc' dir='ltr'>δεχό-</span> 
     </span>
    </p>
   </div>
   <div class='ocr_carea' id='block_1_58' title="bbox 227 3302 1809 3382">
    <p class='ocr_par' dir='ltr' id='par_1_58' title="bbox 227 3302 1809 3382">
     <span class='ocr_line' id='line_1_58' title="bbox 227 3302 1809 3382; baseline -0.007 -18"><span class='ocrx_word' id='word_1_398' title='bbox 227 3329 393 3382; x_wconf 86' lang='grc' dir='ltr'>μενος</span> <span class='ocrx_word' id='word_1_399' title='bbox 428 3310 559 3382; x_wconf 87' lang='grc' dir='ltr'>παρ’</span> <span class='ocrx_word' id='word_1_400' title='bbox 604 3308 783 3362; x_wconf 88' lang='grc' dir='ltr'>αὑτῶν</span> <span class='ocrx_word' id='word_1_401' title='bbox 809 3306 1123 3377; x_wconf 82' lang='grc' dir='ltr'>λογισμοὺς,</span> <span class='ocrx_word' id='word_1_402' title='bbox 1158 3306 1253 3357; x_wconf 82' lang='grc' dir='ltr'><strong>καὶ</strong></span> <span class='ocrx_word' id='word_1_403' title='bbox 1268 3303 1534 3375; x_wconf 79' lang='grc' dir='ltr'><strong>⁸σπεύδων</strong></span> <span class='ocrx_word' id='word_1_404' title='bbox 1567 3302 1809 3372; x_wconf 74' lang='grc' dir='ltr'>ἐνεργεῖν</span> 
     </span>
    </p>
   </div>
   <div class='ocr_carea' id='block_1_59' title="bbox 222 3394 1811 3468">
    <p class='ocr_par' dir='ltr' id='par_1_59' title="bbox 222 3394 1811 3468">
     <span class='ocr_line' id='line_1_59' title="bbox 222 3394 1811 3468; baseline -0.006 -12"><span class='ocrx_word' id='word_1_405' title='bbox 222 3404 349 3456; x_wconf 86' lang='grc' dir='ltr'>κατ’</span> <span class='ocrx_word' id='word_1_406' title='bbox 376 3401 593 3466; x_wconf 89' lang='grc' dir='ltr'>αὑτούς·</span> <span class='ocrx_word' id='word_1_407' title='bbox 620 3394 701 3463; x_wconf 75' lang='grc' dir='ltr'>οἷς</span> <span class='ocrx_word' id='word_1_408' title='bbox 723 3400 751 3452; x_wconf 85' lang='lat'><strong>6</strong></span> <span class='ocrx_word' id='word_1_409' title='bbox 780 3398 983 3461; x_wconf 89' lang='grc' dir='ltr'>δίκαιος</span> <span class='ocrx_word' id='word_1_410' title='bbox 1009 3396 1225 3465; x_wconf 87' lang='grc' dir='ltr'>λέγεται</span> <span class='ocrx_word' id='word_1_411' title='bbox 1253 3395 1327 3468; x_wconf 79' lang='grc' dir='ltr'>μὴ</span> <span class='ocrx_word' id='word_1_412' title='bbox 1348 3396 1652 3466; x_wconf 84' lang='grc' dir='ltr'>προσέχειν,</span> <span class='ocrx_word' id='word_1_413' title='bbox 1682 3396 1811 3466; x_wconf 82' lang='grc' dir='ltr'>ὁρα-</span> 
     </span>
    </p>
   </div>
   <div class='ocr_carea' id='block_1_60' title="bbox 221 3487 1809 3565">
    <p class='ocr_par' dir='ltr' id='par_1_60' title="bbox 221 3487 1809 3565">
     <span class='ocr_line' id='line_1_60' title="bbox 221 3487 1809 3565; baseline -0.005 -15"><span class='ocrx_word' id='word_1_414' title='bbox 221 3498 334 3550; x_wconf 85' lang='grc' dir='ltr'><strong>τῶν</strong></span> <span class='ocrx_word' id='word_1_415' title='bbox 377 3513 438 3548; x_wconf 89' lang='grc' dir='ltr'><strong>τε</strong></span> <span class='ocrx_word' id='word_1_416' title='bbox 465 3496 558 3549; x_wconf 77' lang='grc' dir='ltr'><strong>καὶ</strong></span> <span class='ocrx_word' id='word_1_417' title='bbox 584 3493 851 3565; x_wconf 84' lang='grc' dir='ltr'>ἀοράτων,</span> <span class='ocrx_word' id='word_1_418' title='bbox 885 3490 1130 3544; x_wconf 85' lang='grc' dir='ltr'>τουτέστι</span> <span class='ocrx_word' id='word_1_419' title='bbox 1174 3488 1248 3561; x_wconf 79' lang='grc' dir='ltr'>μὴ</span> <span class='ocrx_word' id='word_1_420' title='bbox 1282 3489 1374 3542; x_wconf 72' lang='grc' dir='ltr'>ἐπὶ</span> <span class='ocrx_word' id='word_1_421' title='bbox 1406 3488 1568 3541; x_wconf 86' lang='grc' dir='ltr'>πλέον</span> <span class='ocrx_word' id='word_1_422' title='bbox 1589 3487 1809 3561; x_wconf 88' lang='grc' dir='ltr'>τρέφειν</span> 
     </span>
    </p>
   </div>
   <div class='ocr_carea' id='block_1_61' title="bbox 221 3585 506 3656">
    <p class='ocr_par' dir='ltr' id='par_1_61' title="bbox 221 3585 506 3656">
     <span class='ocr_line' id='line_1_61' title="bbox 221 3585 506 3656; baseline 0 -18"><span class='ocrx_word' id='word_1_423' title='bbox 221 3588 284 3640; x_wconf 82' lang='grc' dir='ltr'>ὲν</span> <span class='ocrx_word' id='word_1_424' title='bbox 308 3585 506 3656; x_wconf 83' lang='grc' dir='ltr'>ἑαυτῷ.</span> 
     </span>
    </p>
   </div>
   <div class='ocr_carea' id='block_1_62' title="bbox 312 3670 1809 3747">
    <p class='ocr_par' dir='ltr' id='par_1_62' title="bbox 312 3670 1809 3747">
     <span class='ocr_line' id='line_1_62' title="bbox 312 3670 1809 3747; baseline -0.004 -18"><span class='ocrx_word' id='word_1_425' title='bbox 312 3676 371 3729; x_wconf 85' lang='grc' dir='ltr'>Ὀ</span> <span class='ocrx_word' id='word_1_426' title='bbox 398 3676 611 3739; x_wconf 81' lang='grc' dir='ltr'>πιστὸς,</span> <span class='ocrx_word' id='word_1_427' title='bbox 638 3675 823 3747; x_wconf 73' lang='grc' dir='ltr'>φησὶν,</span> <span class='ocrx_word' id='word_1_428' title='bbox 852 3673 1042 3744; x_wconf 52' lang='lat' dir='ltr'><strong>bii/erat</strong></span> <span class='ocrx_word' id='word_1_429' title='bbox 1083 3671 1213 3735; x_wconf 77' lang='grc' dir='ltr'>τοὺς</span> <span class='ocrx_word' id='word_1_430' title='bbox 1252 3671 1444 3741; x_wconf 89' lang='grc' dir='ltr'>λόγους</span> <span class='ocrx_word' id='word_1_431' title='bbox 1474 3670 1568 3724; x_wconf 87' lang='grc' dir='ltr'><strong>τοῦ</strong></span> <span class='ocrx_word' id='word_1_432' title='bbox 1605 3671 1809 3742; x_wconf 87' lang='grc' dir='ltr'>κόσμου</span> 
     </span>
    </p>
   </div>
   <div class='ocr_carea' id='block_1_63' title="bbox 222 3761 1809 3839">
    <p class='ocr_par' dir='ltr' id='par_1_63' title="bbox 222 3761 1809 3839">
     <span class='ocr_line' id='line_1_63' title="bbox 222 3761 1809 3839; baseline -0.004 -15"><span class='ocrx_word' id='word_1_433' title='bbox 222 3772 442 3834; x_wconf 81' lang='grc' dir='ltr'>τούτου,</span> <span class='ocrx_word' id='word_1_434' title='bbox 471 3768 723 3831; x_wconf 75' lang='grc' dir='ltr'>οὕστινας</span> <span class='ocrx_word' id='word_1_435' title='bbox 757 3769 1014 3839; x_wconf 87' lang='grc' dir='ltr'>χρήματα</span> <span class='ocrx_word' id='word_1_436' title='bbox 1050 3763 1327 3837; x_wconf 89' lang='grc' dir='ltr'>τροπικῶς</span> <span class='ocrx_word' id='word_1_437' title='bbox 1362 3761 1456 3816; x_wconf 90' lang='grc' dir='ltr'><strong>τοῦ</strong></span> <span class='ocrx_word' id='word_1_438' title='bbox 1516 3762 1607 3815; x_wconf 88' lang='grc' dir='ltr'><strong>νοῦ</strong></span> <span class='ocrx_word' id='word_1_439' title='bbox 1638 3781 1809 3835; x_wconf 87' lang='grc' dir='ltr'>προσ-</span> 
     </span>
    </p>
   </div>
   <div class='ocr_carea' id='block_1_64' title="bbox 222 3854 1811 3935">
    <p class='ocr_par' dir='ltr' id='par_1_64' title="bbox 222 3854 1811 3935">
     <span class='ocr_line' id='line_1_64' title="bbox 222 3854 1811 3935; baseline -0.004 -22"><span class='ocrx_word' id='word_1_440' title='bbox 222 3862 547 3935; x_wconf 83' lang='grc' dir='ltr'>ηγόρευσεν·</span> <span class='ocrx_word' id='word_1_441' title='bbox 573 3862 602 3913; x_wconf 96' lang='lat'><strong>6</strong></span> <span class='ocrx_word' id='word_1_442' title='bbox 626 3858 684 3912; x_wconf 78' lang='grc' dir='ltr'>δὲ</span> <span class='ocrx_word' id='word_1_443' title='bbox 708 3860 932 3921; x_wconf 82' lang='grc' dir='ltr'>ἄπιστος</span> <span class='ocrx_word' id='word_1_444' title='bbox 953 3854 1188 3910; x_wconf 82' lang='grc' dir='ltr'>οὐδὲτοῦ</span> <span class='ocrx_word' id='word_1_445' title='bbox 1208 3854 1460 3925; x_wconf 90' lang='grc' dir='ltr'>τυχόντος</span> <span class='ocrx_word' id='word_1_446' title='bbox 1486 3856 1811 3926; x_wconf 85' lang='grc' dir='ltr'>πράγματος</span> 
     </span>
    </p>
   </div>
   <div class='ocr_carea' id='block_1_65' title="bbox 226 3945 1812 4024">
    <p class='ocr_par' dir='ltr' id='par_1_65' title="bbox 226 3945 1812 4024">
     <span class='ocr_line' id='line_1_65' title="bbox 226 3945 1812 4024; baseline -0.006 -19"><span class='ocrx_word' id='word_1_447' title='bbox 226 3953 500 4024; x_wconf 83' lang='grc' dir='ltr'>γνώσεται</span> <span class='ocrx_word' id='word_1_448' title='bbox 534 3950 713 4018; x_wconf 89' lang='grc' dir='ltr'>λόγον,</span> <span class='ocrx_word' id='word_1_449' title='bbox 742 3949 829 4002; x_wconf 86' lang='grc' dir='ltr'>διὰ</span> <span class='ocrx_word' id='word_1_450' title='bbox 860 3948 960 4019; x_wconf 86' lang='grc' dir='ltr'>τὴν</span> <span class='ocrx_word' id='word_1_451' title='bbox 995 3946 1335 4017; x_wconf 84' lang='grc' dir='ltr'>ἀκαθαρσίαν</span> <span class='ocrx_word' id='word_1_452' title='bbox 1358 3946 1458 4016; x_wconf 78' lang='grc' dir='ltr'><strong>τῆς</strong></span> <span class='ocrx_word' id='word_1_453' title='bbox 1493 3945 1671 4017; x_wconf 78' lang='grc' dir='ltr'>ψυχῆς</span> <span class='ocrx_word' id='word_1_454' title='bbox 1714 3945 1812 3997; x_wconf 86' lang='grc' dir='ltr'>αὑ-</span> 
     </span>
    </p>
   </div>
   <div class='ocr_carea' id='block_1_66' title="bbox 225 4036 1810 4110">
    <p class='ocr_par' dir='ltr' id='par_1_66' title="bbox 225 4036 1810 4110">
     <span class='ocr_line' id='line_1_66' title="bbox 225 4036 1810 4110; baseline -0.006 -12"><span class='ocrx_word' id='word_1_455' title='bbox 225 4045 344 4099; x_wconf 80' lang='grc' dir='ltr'>τοῦ·</span> <span class='ocrx_word' id='word_1_456' title='bbox 378 4045 461 4096; x_wconf 73' lang='grc' dir='ltr'>ὅτι</span> <span class='ocrx_word' id='word_1_457' title='bbox 484 4042 542 4095; x_wconf 82' lang='grc' dir='ltr'>δὲ</span> <span class='ocrx_word' id='word_1_458' title='bbox 572 4040 799 4104; x_wconf 87' lang='grc' dir='ltr'>πλοῦτος</span> <span class='ocrx_word' id='word_1_459' title='bbox 824 4040 1002 4110; x_wconf 82' lang='grc' dir='ltr'>ψυχῆς</span> <span class='ocrx_word' id='word_1_460' title='bbox 1040 4042 1073 4109; x_wconf 85' lang='grc' dir='ltr'>ἡ</span> <span class='ocrx_word' id='word_1_461' title='bbox 1095 4036 1296 4107; x_wconf 91' lang='grc' dir='ltr'>γνῶσίς</span> <span class='ocrx_word' id='word_1_462' title='bbox 1323 4039 1439 4090; x_wconf 77' lang='grc' dir='ltr'>ἐστι</span> <span class='ocrx_word' id='word_1_463' title='bbox 1467 4037 1561 4090; x_wconf 91' lang='grc' dir='ltr'><strong>τοῦ</strong></span> <span class='ocrx_word' id='word_1_464' title='bbox 1590 4036 1747 4101; x_wconf 85' lang='grc' dir='ltr'>Θεοῦ,</span> <span class='ocrx_word' id='word_1_465' title='bbox 1782 4038 1810 4089; x_wconf 94' lang='lat'><strong>6</strong></span> 
     </span>
    </p>
   </div>
   <div class='ocr_carea' id='block_1_67' title="bbox 227 4131 1806 4203">
    <p class='ocr_par' dir='ltr' id='par_1_67' title="bbox 227 4131 1806 4203">
     <span class='ocr_line' id='line_1_67' title="bbox 227 4131 1806 4203; baseline -0.006 -11"><span class='ocrx_word' id='word_1_466' title='bbox 227 4136 444 4203; x_wconf 66' lang='grc' dir='ltr'>Παῦλος</span> <span class='ocrx_word' id='word_1_467' title='bbox 462 4135 701 4189; x_wconf 83' lang='grc' dir='ltr'>διδάσκει</span> <span class='ocrx_word' id='word_1_468' title='bbox 725 4133 897 4201; x_wconf 86' lang='grc' dir='ltr'>λέγων</span> <span class='ocrx_word' id='word_1_469' title='bbox 917 4131 999 4185; x_wconf 83' lang='grc' dir='ltr'>τό’</span> <span class='ocrx_word' id='word_1_470' title='bbox 1038 4132 1140 4185; x_wconf 79' lang='grc' dir='ltr'><strong>Ἐν</strong></span> <span class='ocrx_word' id='word_1_471' title='bbox 1157 4131 1333 4184; x_wconf 78' lang='grc' dir='ltr'>παντί</span> <span class='ocrx_word' id='word_1_472' title='bbox 1351 4131 1806 4198; x_wconf 79' lang='grc' dir='ltr'>ἐπλουτίσθητε,</span> 
     </span>
    </p>
   </div>
   <div class='ocr_carea' id='block_1_68' title="bbox 224 4219 1810 4295">
    <p class='ocr_par' dir='ltr' id='par_1_68' title="bbox 224 4219 1810 4295">
     <span class='ocr_line' id='line_1_68' title="bbox 224 4219 1810 4295; baseline -0.005 -15"><span class='ocrx_word' id='word_1_473' title='bbox 224 4227 299 4281; x_wconf 75' lang='grc' dir='ltr'><strong>ἐν</strong></span> <span class='ocrx_word' id='word_1_474' title='bbox 327 4224 495 4294; x_wconf 79' lang='grc' dir='ltr'>πάσῃ</span> <span class='ocrx_word' id='word_1_475' title='bbox 531 4222 745 4295; x_wconf 73' lang='grc' dir='ltr'>γνώσει</span> <span class='ocrx_word' id='word_1_476' title='bbox 772 4222 869 4275; x_wconf 80' lang='grc' dir='ltr'><strong>καί</strong></span> <span class='ocrx_word' id='word_1_477' title='bbox 898 4220 1065 4290; x_wconf 75' lang='grc' dir='ltr'>πάσῃ</span> <span class='ocrx_word' id='word_1_478' title='bbox 1087 4220 1290 4289; x_wconf 73' lang='grc' dir='ltr'>σοφίᾳ·</span> <span class='ocrx_word' id='word_1_479' title='bbox 1317 4221 1365 4272; x_wconf 85' lang='grc' dir='ltr'>εἰ</span> <span class='ocrx_word' id='word_1_480' title='bbox 1386 4219 1442 4273; x_wconf 90' lang='grc' dir='ltr'><strong>δέ</strong></span> <span class='ocrx_word' id='word_1_481' title='bbox 1457 4238 1539 4284; x_wconf 90' lang='grc' dir='ltr'><strong>τις</strong></span> <span class='ocrx_word' id='word_1_482' title='bbox 1572 4220 1810 4290; x_wconf 82' lang='grc' dir='ltr'>βούλοιτο</span> 
     </span>
    </p>
   </div>
   <div class='ocr_carea' id='block_1_69' title="bbox 1913 3014 3476 3085">
    <p class='ocr_par' dir='ltr' id='par_1_69' title="bbox 1913 3014 3476 3085">
     <span class='ocr_line' id='line_1_69' title="bbox 1913 3014 3476 3085; baseline 0.005 -19"><span class='ocrx_word' id='word_1_483' title='bbox 1913 3014 2058 3068; x_wconf 90' lang='lat' dir='ltr'><strong>tione</strong></span> <span class='ocrx_word' id='word_1_484' title='bbox 2096 3014 2404 3085; x_wconf 83' lang='lat' dir='ltr'><strong>dignantur.</strong></span> <span class='ocrx_word' id='word_1_485' title='bbox 2445 3019 2578 3072; x_wconf 89' lang='lat' dir='ltr'><strong>Dum</strong></span> <span class='ocrx_word' id='word_1_486' title='bbox 2613 3027 2796 3072; x_wconf 86' lang='lat' dir='ltr'><strong>autem</strong></span> <span class='ocrx_word' id='word_1_487' title='bbox 2848 3017 3135 3073; x_wconf 66' lang='lat' dir='ltr'><strong>haereticus</strong></span> <span class='ocrx_word' id='word_1_488' title='bbox 3185 3019 3476 3085; x_wconf 83' lang='lat' dir='ltr'><strong>auscultat.</strong></span> 
     </span>
    </p>
   </div>
   <div class='ocr_carea' id='block_1_70' title="bbox 1908 3103 3478 3180">
    <p class='ocr_par' dir='ltr' id='par_1_70' title="bbox 1908 3103 3478 3180">
     <span class='ocr_line' id='line_1_70' title="bbox 1908 3103 3478 3180; baseline 0.006 -22"><span class='ocrx_word' id='word_1_489' title='bbox 1908 3103 2240 3162; x_wconf 88' lang='lat' dir='ltr'><strong>voluntatem</strong></span> <span class='ocrx_word' id='word_1_490' title='bbox 2283 3122 2436 3162; x_wconf 90' lang='lat' dir='ltr'><strong>suam</strong></span> <span class='ocrx_word' id='word_1_491' title='bbox 2470 3109 3017 3165; x_wconf 89' lang='lat' dir='ltr'><strong>demonstratcontra</strong></span> <span class='ocrx_word' id='word_1_492' title='bbox 3054 3109 3146 3164; x_wconf 90' lang='lat' dir='ltr'><strong>Dei</strong></span> <span class='ocrx_word' id='word_1_493' title='bbox 3176 3112 3478 3180; x_wconf 85' lang='lat' dir='ltr'><strong>sapientem</strong></span> 
     </span>
    </p>
   </div>
   <div class='ocr_carea' id='block_1_71' title="bbox 1909 3196 3484 3274">
    <p class='ocr_par' dir='ltr' id='par_1_71' title="bbox 1909 3196 3484 3274">
     <span class='ocr_line' id='line_1_71' title="bbox 1909 3196 3484 3274; baseline 0.007 -26"><span class='ocrx_word' id='word_1_494' title='bbox 1909 3196 2307 3265; x_wconf 87' lang='lat' dir='ltr'><strong>providentiam</strong></span> <span class='ocrx_word' id='word_1_495' title='bbox 2338 3200 2620 3268; x_wconf 88' lang='lat' dir='ltr'><strong>peccandi.</strong></span> <span class='ocrx_word' id='word_1_496' title='bbox 2648 3230 2715 3240; x_wconf 84' lang='lat'><strong>—-</strong></span> <span class='ocrx_word' id='word_1_497' title='bbox 2747 3201 2841 3255; x_wconf 90' lang='lat' dir='ltr'><strong>Ille</strong></span> <span class='ocrx_word' id='word_1_498' title='bbox 2872 3201 3239 3271; x_wconf 89' lang='lat' dir='ltr'><strong>improborum</strong></span> <span class='ocrx_word' id='word_1_499' title='bbox 3271 3203 3484 3274; x_wconf 78' lang='lat' dir='ltr'><strong>linguas</strong></span> 
     </span>
    </p>
   </div>
   <div class='ocr_carea' id='block_1_72' title="bbox 1910 3286 3485 3362">
    <p class='ocr_par' dir='ltr' id='par_1_72' title="bbox 1910 3286 3485 3362">
     <span class='ocr_line' id='line_1_72' title="bbox 1910 3286 3485 3362; baseline 0.006 -23"><span class='ocrx_word' id='word_1_500' title='bbox 1910 3286 2083 3352; x_wconf 82' lang='lat' dir='ltr'><strong>audit,</strong></span> <span class='ocrx_word' id='word_1_501' title='bbox 2120 3288 2210 3356; x_wconf 90' lang='lat' dir='ltr'><strong>qui</strong></span> <span class='ocrx_word' id='word_1_502' title='bbox 2253 3288 2464 3357; x_wconf 87' lang='lat' dir='ltr'><strong>iniquas</strong></span> <span class='ocrx_word' id='word_1_503' title='bbox 2490 3290 2560 3344; x_wconf 91' lang='lat' dir='ltr'><strong>ab</strong></span> <span class='ocrx_word' id='word_1_504' title='bbox 2594 3291 2675 3346; x_wconf 90' lang='lat' dir='ltr'><strong>eis</strong></span> <span class='ocrx_word' id='word_1_505' title='bbox 2725 3292 2955 3362; x_wconf 91' lang='lat' dir='ltr'><strong>suscipit</strong></span> <span class='ocrx_word' id='word_1_506' title='bbox 3004 3293 3401 3357; x_wconf 85' lang='lat' dir='ltr'><strong>meditationes,</strong></span> <span class='ocrx_word' id='word_1_507' title='bbox 3428 3307 3485 3351; x_wconf 90' lang='lat' dir='ltr'><strong>et</strong></span> 
     </span>
    </p>
   </div>
   <div class='ocr_carea' id='block_1_73' title="bbox 1910 3376 3484 3454">
    <p class='ocr_par' dir='ltr' id='par_1_73' title="bbox 1910 3376 3484 3454">
     <span class='ocr_line' id='line_1_73' title="bbox 1910 3376 3484 3454; baseline 0.008 -25"><span class='ocrx_word' id='word_1_508' title='bbox 1910 3376 2059 3445; x_wconf 81' lang='lat' dir='ltr'><strong>paria</strong></span> <span class='ocrx_word' id='word_1_509' title='bbox 2094 3378 2181 3432; x_wconf 86' lang='lat' dir='ltr'><strong>his</strong></span> <span class='ocrx_word' id='word_1_510' title='bbox 2210 3392 2373 3449; x_wconf 83' lang='lat' dir='ltr'><strong>agere</strong></span> <span class='ocrx_word' id='word_1_511' title='bbox 2396 3381 2618 3451; x_wconf 78' lang='lat' dir='ltr'><strong>satagit.</strong></span> <span class='ocrx_word' id='word_1_512' title='bbox 2651 3381 2863 3448; x_wconf 87' lang='lat' dir='ltr'><strong>Quibus</strong></span> <span class='ocrx_word' id='word_1_513' title='bbox 2889 3385 3052 3438; x_wconf 91' lang='lat' dir='ltr'><strong>homo</strong></span> <span class='ocrx_word' id='word_1_514' title='bbox 3078 3385 3258 3454; x_wconf 90' lang='lat' dir='ltr'><strong>justus</strong></span> <span class='ocrx_word' id='word_1_515' title='bbox 3279 3386 3484 3442; x_wconf 87' lang='lat' dir='ltr'><strong>dicitur</strong></span> 
     </span>
    </p>
   </div>
   <div class='ocr_carea' id='block_1_74' title="bbox 1911 3473 3481 3548">
    <p class='ocr_par' dir='ltr' id='par_1_74' title="bbox 1911 3473 3481 3548">
     <span class='ocr_line' id='line_1_74' title="bbox 1911 3473 3481 3548; baseline 0.009 -25"><span class='ocrx_word' id='word_1_516' title='bbox 1911 3484 2019 3524; x_wconf 92' lang='lat' dir='ltr'><strong>non</strong></span> <span class='ocrx_word' id='word_1_517' title='bbox 2051 3473 2356 3537; x_wconf 87' lang='lat' dir='ltr'><strong>attendere,</strong></span> <span class='ocrx_word' id='word_1_518' title='bbox 2384 3487 2477 3529; x_wconf 88' lang='lat' dir='ltr'><strong>seu</strong></span> <span class='ocrx_word' id='word_1_519' title='bbox 2517 3476 2847 3544; x_wconf 86' lang='lat' dir='ltr'><strong>visibilibus,</strong></span> <span class='ocrx_word' id='word_1_520' title='bbox 2879 3492 2971 3532; x_wconf 84' lang='lat' dir='ltr'><strong>seu</strong></span> <span class='ocrx_word' id='word_1_521' title='bbox 3002 3478 3395 3548; x_wconf 81' lang='lat' dir='ltr'><strong>invisibilibus;</strong></span> <span class='ocrx_word' id='word_1_522' title='bbox 3430 3481 3481 3537; x_wconf 87' lang='lat' dir='ltr'><strong>id</strong></span> 
     </span>
    </p>
   </div>
   <div class='ocr_carea' id='block_1_75' title="bbox 1910 3561 3270 3626">
    <p class='ocr_par' dir='ltr' id='par_1_75' title="bbox 1910 3561 3270 3626">
     <span class='ocr_line' id='line_1_75' title="bbox 1910 3561 3270 3626; baseline 0.007 -10"><span class='ocrx_word' id='word_1_523' title='bbox 1910 3570 2018 3626; x_wconf 86' lang='lat' dir='ltr'><strong>est,</strong></span> <span class='ocrx_word' id='word_1_524' title='bbox 2047 3561 2262 3617; x_wconf 91' lang='lat' dir='ltr'><strong>illorum</strong></span> <span class='ocrx_word' id='word_1_525' title='bbox 2293 3566 2518 3619; x_wconf 83' lang='lat' dir='ltr'><strong>consilia</strong></span> <span class='ocrx_word' id='word_1_526' title='bbox 2548 3567 2752 3622; x_wconf 87' lang='lat' dir='ltr'><strong>diutius</strong></span> <span class='ocrx_word' id='word_1_527' title='bbox 2776 3578 2955 3624; x_wconf 87' lang='lat' dir='ltr'><strong>mente</strong></span> <span class='ocrx_word' id='word_1_528' title='bbox 2973 3585 3078 3624; x_wconf 88' lang='lat' dir='ltr'><strong>non</strong></span> <span class='ocrx_word' id='word_1_529' title='bbox 3107 3570 3270 3626; x_wconf 90' lang='lat' dir='ltr'><strong>alere.</strong></span> 
     </span>
    </p>
   </div>
   <div class='ocr_carea' id='block_1_76' title="bbox 1982 3650 3484 3723">
    <p class='ocr_par' dir='ltr' id='par_1_76' title="bbox 1982 3650 3484 3723">
     <span class='ocr_line' id='line_1_76' title="bbox 1982 3650 3484 3723; baseline 0.005 -15"><span class='ocrx_word' id='word_1_530' title='bbox 1982 3653 2026 3685; x_wconf 70' lang='lat'><strong>‘7</strong></span> <span class='ocrx_word' id='word_1_531' title='bbox 2062 3653 2286 3722; x_wconf 85' lang='lat' dir='ltr'><strong>Fidelis,</strong></span> <span class='ocrx_word' id='word_1_532' title='bbox 2337 3650 2533 3723; x_wconf 88' lang='lat' dir='ltr'><strong>inquit,</strong></span> <span class='ocrx_word' id='word_1_533' title='bbox 2580 3658 2741 3713; x_wconf 91' lang='lat' dir='ltr'><strong>homo</strong></span> <span class='ocrx_word' id='word_1_534' title='bbox 2770 3659 2971 3714; x_wconf 85' lang='lat' dir='ltr'><strong>videbit</strong></span> <span class='ocrx_word' id='word_1_535' title='bbox 3020 3660 3257 3715; x_wconf 89' lang='lat' dir='ltr'><strong>rationes</strong></span> <span class='ocrx_word' id='word_1_536' title='bbox 3300 3661 3484 3715; x_wconf 90' lang='lat' dir='ltr'><strong>mundi</strong></span> 
     </span>
    </p>
   </div>
   <div class='ocr_carea' id='block_1_77' title="bbox 1909 3744 3482 3822">
    <p class='ocr_par' dir='ltr' id='par_1_77' title="bbox 1909 3744 3482 3822">
     <span class='ocr_line' id='line_1_77' title="bbox 1909 3744 3482 3822; baseline 0.006 -22"><span class='ocrx_word' id='word_1_537' title='bbox 1909 3744 2091 3815; x_wconf 87' lang='lat' dir='ltr'><strong>hujus,</strong></span> <span class='ocrx_word' id='word_1_538' title='bbox 2122 3761 2257 3815; x_wconf 89' lang='lat' dir='ltr'><strong>quas</strong></span> <span class='ocrx_word' id='word_1_539' title='bbox 2307 3757 2499 3802; x_wconf 82' lang='lat' dir='ltr'><strong>auctor</strong></span> <span class='ocrx_word' id='word_1_540' title='bbox 2532 3749 2739 3819; x_wconf 89' lang='lat' dir='ltr'><strong>tropice</strong></span> <span class='ocrx_word' id='word_1_541' title='bbox 2794 3748 3012 3807; x_wconf 84' lang='lat' dir='ltr'><strong>divitias</strong></span> <span class='ocrx_word' id='word_1_542' title='bbox 3062 3750 3371 3822; x_wconf 75' lang='lat' dir='ltr'><strong>appellavit.</strong></span> <span class='ocrx_word' id='word_1_543' title='bbox 3402 3752 3482 3809; x_wconf 81' lang='lat' dir='ltr'><strong>ht-</strong></span> 
     </span>
    </p>
   </div>
   <div class='ocr_carea' id='block_1_78' title="bbox 1913 3839 3478 3913">
    <p class='ocr_par' dir='ltr' id='par_1_78' title="bbox 1913 3839 3478 3913">
     <span class='ocr_line' id='line_1_78' title="bbox 1913 3839 3478 3913; baseline 0.006 -21"><span class='ocrx_word' id='word_1_544' title='bbox 1913 3839 2166 3894; x_wconf 86' lang='lat' dir='ltr'><strong>credulus</strong></span> <span class='ocrx_word' id='word_1_545' title='bbox 2219 3848 2399 3894; x_wconf 85' lang='lat' dir='ltr'><strong>autem</strong></span> <span class='ocrx_word' id='word_1_546' title='bbox 2458 3855 2525 3896; x_wconf 87' lang='lat' dir='ltr'><strong>ne</strong></span> <span class='ocrx_word' id='word_1_547' title='bbox 2568 3843 2803 3898; x_wconf 72' lang='lat' dir='ltr'><strong>minima:</strong></span> <span class='ocrx_word' id='word_1_548' title='bbox 2851 3843 3066 3913; x_wconf 88' lang='lat' dir='ltr'><strong>quidem</strong></span> <span class='ocrx_word' id='word_1_549' title='bbox 3096 3846 3172 3901; x_wconf 92' lang='lat' dir='ltr'><strong>rei</strong></span> <span class='ocrx_word' id='word_1_550' title='bbox 3218 3848 3478 3902; x_wconf 90' lang='lat' dir='ltr'><strong>rationem</strong></span> 
     </span>
    </p>
   </div>
   <div class='ocr_carea' id='block_1_79' title="bbox 1911 3936 3479 4005">
    <p class='ocr_par' dir='ltr' id='par_1_79' title="bbox 1911 3936 3479 4005">
     <span class='ocr_line' id='line_1_79' title="bbox 1911 3936 3479 4005; baseline 0.006 -22"><span class='ocrx_word' id='word_1_551' title='bbox 1911 3938 2203 3999; x_wconf 77' lang='lat' dir='ltr'><strong>cognoscet</strong></span> <span class='ocrx_word' id='word_1_552' title='bbox 2233 3940 2453 3999; x_wconf 81' lang='lat' dir='ltr'><strong>propter</strong></span> <span class='ocrx_word' id='word_1_553' title='bbox 2482 3946 2679 3987; x_wconf 69' lang='lat' dir='ltr'><strong>animae</strong></span> <span class='ocrx_word' id='word_1_554' title='bbox 2727 3948 2838 3988; x_wconf 71' lang='lat' dir='ltr'><strong>suae</strong></span> <span class='ocrx_word' id='word_1_555' title='bbox 2899 3936 3293 4004; x_wconf 81' lang='lat' dir='ltr'><strong>impuritatctn.</strong></span> <span class='ocrx_word' id='word_1_556' title='bbox 3327 3939 3479 4005; x_wconf 86' lang='lat' dir='ltr'><strong>Quod</strong></span> 
     </span>
    </p>
   </div>
   <div class='ocr_carea' id='block_1_80' title="bbox 1910 4021 3486 4094">
    <p class='ocr_par' dir='ltr' id='par_1_80' title="bbox 1910 4021 3486 4094">
     <span class='ocr_line' id='line_1_80' title="bbox 1910 4021 3486 4094; baseline 0.004 -19"><span class='ocrx_word' id='word_1_557' title='bbox 1910 4037 2040 4077; x_wconf 87' lang='lat' dir='ltr'><strong>vero</strong></span> <span class='ocrx_word' id='word_1_558' title='bbox 2090 4021 2290 4076; x_wconf 75' lang='lat' dir='ltr'><strong>divitia:</strong></span> <span class='ocrx_word' id='word_1_559' title='bbox 2338 4023 2553 4088; x_wconf 59' lang='lat' dir='ltr'><strong>anima&#39;,</strong></span> <span class='ocrx_word' id='word_1_560' title='bbox 2586 4023 2789 4094; x_wconf 89' lang='lat' dir='ltr'><strong>agnitio</strong></span> <span class='ocrx_word' id='word_1_561' title='bbox 2840 4023 2932 4078; x_wconf 89' lang='lat' dir='ltr'><strong>Dei</strong></span> <span class='ocrx_word' id='word_1_562' title='bbox 2967 4025 3058 4091; x_wconf 87' lang='lat' dir='ltr'><strong>sit,</strong></span> <span class='ocrx_word' id='word_1_563' title='bbox 3096 4025 3295 4082; x_wconf 89' lang='lat' dir='ltr'><strong>Paulus</strong></span> <span class='ocrx_word' id='word_1_564' title='bbox 3326 4029 3486 4082; x_wconf 87' lang='lat' dir='ltr'><strong>docet</strong></span> 
     </span>
    </p>
   </div>
   <div class='ocr_carea' id='block_1_81' title="bbox 1910 4112 3485 4187">
    <p class='ocr_par' dir='ltr' id='par_1_81' title="bbox 1910 4112 3485 4187">
     <span class='ocr_line' id='line_1_81' title="bbox 1910 4112 3485 4187; baseline 0.003 -18"><span class='ocrx_word' id='word_1_565' title='bbox 1910 4114 2139 4169; x_wconf 89' lang='lat' dir='ltr'><strong>dicendo</strong></span> <span class='ocrx_word' id='word_1_566' title='bbox 2164 4113 2248 4165; x_wconf 76' lang='lat'><strong>“:</strong></span> <span class='ocrx_word' id='word_1_567' title='bbox 2287 4112 2355 4167; x_wconf 84' lang='lat' dir='ltr'><strong>In</strong></span> <span class='ocrx_word' id='word_1_568' title='bbox 2398 4116 2637 4169; x_wconf 74' lang='lat' dir='ltr'><strong>omnibus</strong></span> <span class='ocrx_word' id='word_1_569' title='bbox 2690 4113 2876 4171; x_wconf 83' lang='lat' dir='ltr'><strong>divites</strong></span> <span class='ocrx_word' id='word_1_570' title='bbox 2931 4118 3061 4187; x_wconf 79' lang='lat' dir='ltr'><strong>facti</strong></span> <span class='ocrx_word' id='word_1_571' title='bbox 3105 4120 3313 4186; x_wconf 81' lang='lat' dir='ltr'><strong>estis,in</strong></span> <span class='ocrx_word' id='word_1_572' title='bbox 3342 4120 3485 4173; x_wconf 86' lang='lat' dir='ltr'><strong>omni</strong></span> 
     </span>
    </p>
   </div>
   <div class='ocr_carea' id='block_1_82' title="bbox 1911 4208 3484 4281">
    <p class='ocr_par' dir='ltr' id='par_1_82' title="bbox 1911 4208 3484 4281">
     <span class='ocr_line' id='line_1_82' title="bbox 1911 4208 3484 4281; baseline 0.003 -19"><span class='ocrx_word' id='word_1_573' title='bbox 1911 4209 2131 4262; x_wconf 79' lang='lat' dir='ltr'><strong>scientia</strong></span> <span class='ocrx_word' id='word_1_574' title='bbox 2160 4217 2209 4261; x_wconf 85' lang='lat' dir='ltr'><strong>et</strong></span> <span class='ocrx_word' id='word_1_575' title='bbox 2240 4208 2382 4261; x_wconf 83' lang='lat' dir='ltr'><strong>omni</strong></span> <span class='ocrx_word' id='word_1_576' title='bbox 2426 4210 2707 4277; x_wconf 73' lang='lat' dir='ltr'><strong>sapientia.</strong></span> <span class='ocrx_word' id='word_1_577' title='bbox 2753 4209 2906 4277; x_wconf 87' lang='lat' dir='ltr'><strong>Quod</strong></span> <span class='ocrx_word' id='word_1_578' title='bbox 2947 4211 2992 4264; x_wconf 90' lang='lat' dir='ltr'><strong>si</strong></span> <span class='ocrx_word' id='word_1_579' title='bbox 3032 4211 3154 4281; x_wconf 90' lang='lat' dir='ltr'><strong>quis</strong></span> <span class='ocrx_word' id='word_1_580' title='bbox 3202 4213 3484 4267; x_wconf 88' lang='lat' dir='ltr'><strong>ostendere</strong></span> 
     </span>
    </p>
   </div>
   <div class='ocr_carea' id='block_1_83' title="bbox 223 4284 1811 4390">
    <p class='ocr_par' dir='ltr' id='par_1_83' title="bbox 223 4284 1807 4390">
     <span class='ocr_line' id='line_1_83' title="bbox 223 4284 1807 4390; baseline -0.004 -17"><span class='ocrx_word' id='word_1_581' title='bbox 223 4320 399 4386; x_wconf 77' lang='grc' dir='ltr'>δεῖξαι</span> <span class='ocrx_word' id='word_1_582' title='bbox 430 4284 505 4390; x_wconf 43' lang='grc' dir='ltr'>μί]</span> <span class='ocrx_word' id='word_1_583' title='bbox 527 4284 729 4388; x_wconf 71' lang='grc' dir='ltr'>ταύτην</span> <span class='ocrx_word' id='word_1_584' title='bbox 756 4315 855 4387; x_wconf 80' lang='grc' dir='ltr'>τὴν</span> <span class='ocrx_word' id='word_1_585' title='bbox 878 4284 1084 4369; x_wconf 31' lang='grc' dir='ltr'>ἔννοια-ν</span> <span class='ocrx_word' id='word_1_586' title='bbox 1106 4284 1252 4367; x_wconf 32' lang='grc' dir='ltr'>εἶναι.</span> <span class='ocrx_word' id='word_1_587' title='bbox 1270 4313 1473 4385; x_wconf 88' lang='grc' dir='ltr'>ταύτης</span> <span class='ocrx_word' id='word_1_588' title='bbox 1625 4331 1807 4385; x_wconf 84' lang='grc' dir='ltr'>παροι-</span> 
     </span>
    </p>
   </div>
   <div class='ocr_carea' id='block_1_84' title="bbox 1918 4284 3482 4390">
    <p class='ocr_par' dir='ltr' id='par_1_84' title="bbox 1918 4299 3482 4367">
     <span class='ocr_line' id='line_1_84' title="bbox 1918 4299 3482 4367; baseline 0.004 -15"><span class='ocrx_word' id='word_1_589' title='bbox 1918 4299 2041 4354; x_wconf 86' lang='lat' dir='ltr'><strong>velit</strong></span> <span class='ocrx_word' id='word_1_590' title='bbox 2072 4315 2176 4354; x_wconf 91' lang='lat' dir='ltr'><strong>non</strong></span> <span class='ocrx_word' id='word_1_591' title='bbox 2200 4300 2343 4355; x_wconf 91' lang='lat' dir='ltr'><strong>hunc</strong></span> <span class='ocrx_word' id='word_1_592' title='bbox 2371 4315 2490 4355; x_wconf 91' lang='lat' dir='ltr'><strong>esse</strong></span> <span class='ocrx_word' id='word_1_593' title='bbox 2530 4302 2685 4361; x_wconf 87' lang='lat' dir='ltr'><strong>huius</strong></span> <span class='ocrx_word' id='word_1_594' title='bbox 2717 4301 2861 4355; x_wconf 84' lang='lat' dir='ltr'><strong>eﬁ&#39;ati</strong></span> <span class='ocrx_word' id='word_1_595' title='bbox 2902 4317 3141 4367; x_wconf 80' lang='lat' dir='ltr'><strong>sensum,</strong></span> <span class='ocrx_word' id='word_1_596' title='bbox 3174 4304 3318 4357; x_wconf 88' lang='lat' dir='ltr'><strong>dicat</strong></span> <span class='ocrx_word' id='word_1_597' title='bbox 3351 4319 3482 4359; x_wconf 88' lang='lat' dir='ltr'><strong>sane</strong></span> 
     </span>
    </p>
   </div>
   <div class='ocr_carea' id='block_1_85' title="bbox 232 4405 1807 4485">
    <p class='ocr_par' dir='ltr' id='par_1_85' title="bbox 232 4405 1807 4485">
     <span class='ocr_line' id='line_1_85' title="bbox 232 4405 1807 4485; baseline -0.006 -18"><span class='ocrx_word' id='word_1_598' title='bbox 232 4415 386 4485; x_wconf 89' lang='grc' dir='ltr'>μίας,</span> <span class='ocrx_word' id='word_1_599' title='bbox 428 4411 629 4480; x_wconf 86' lang='grc' dir='ltr'>λεγέτω</span> <span class='ocrx_word' id='word_1_600' title='bbox 674 4408 778 4462; x_wconf 85' lang='grc' dir='ltr'><strong>ποῦ</strong></span> <span class='ocrx_word' id='word_1_601' title='bbox 822 4407 1129 4477; x_wconf 82' lang='grc' dir='ltr'>εὐπόρησαν</span> <span class='ocrx_word' id='word_1_602' title='bbox 1174 4406 1471 4478; x_wconf 87' lang='grc' dir='ltr'>χρημάτων</span> <span class='ocrx_word' id='word_1_603' title='bbox 1508 4408 1557 4459; x_wconf 78' lang='lat' dir='ltr'><strong>oi.</strong></span> <span class='ocrx_word' id='word_1_604' title='bbox 1592 4405 1807 4477; x_wconf 89' lang='grc' dir='ltr'>περιελ-</span> 
     </span>
    </p>
   </div>
   <div class='ocr_carea' id='block_1_86' title="bbox 229 4497 1808 4573">
    <p class='ocr_par' dir='ltr' id='par_1_86' title="bbox 229 4497 1808 4573">
     <span class='ocr_line' id='line_1_86' title="bbox 229 4497 1808 4573; baseline -0.006 -14"><span class='ocrx_word' id='word_1_605' title='bbox 229 4506 418 4568; x_wconf 86' lang='grc' dir='ltr'>θόντες</span> <span class='ocrx_word' id='word_1_606' title='bbox 438 4505 496 4556; x_wconf 82' lang='grc' dir='ltr'>ὲν</span> <span class='ocrx_word' id='word_1_607' title='bbox 533 4503 828 4573; x_wconf 81' lang='grc' dir='ltr'>μηλωταῖς,</span> <span class='ocrx_word' id='word_1_608' title='bbox 864 4500 923 4552; x_wconf 78' lang='grc' dir='ltr'>ὲν</span> <span class='ocrx_word' id='word_1_609' title='bbox 956 4498 1182 4567; x_wconf 73' lang='grc' dir='ltr'>αἰγείοις</span> <span class='ocrx_word' id='word_1_610' title='bbox 1212 4497 1463 4568; x_wconf 88' lang='grc' dir='ltr'>δέρμασι,</span> <span class='ocrx_word' id='word_1_611' title='bbox 1508 4497 1808 4568; x_wconf 85' lang='grc' dir='ltr'>κακουχού-</span> 
     </span>
    </p>
   </div>
   <div class='ocr_carea' id='block_1_87' title="bbox 231 4590 1811 4669">
    <p class='ocr_par' dir='ltr' id='par_1_87' title="bbox 231 4590 1811 4669">
     <span class='ocr_line' id='line_1_87' title="bbox 231 4590 1811 4669; baseline 0 -22"><span class='ocrx_word' id='word_1_612' title='bbox 231 4613 407 4669; x_wconf 85' lang='grc' dir='ltr'>μενοι,</span> <span class='ocrx_word' id='word_1_613' title='bbox 448 4594 769 4664; x_wconf 88' lang='grc' dir='ltr'>θλιϐόμενοι,</span> <span class='ocrx_word' id='word_1_614' title='bbox 821 4590 1348 4661; x_wconf 74' lang='grc' dir='ltr'>στενοχωρούμενοις</span> <span class='ocrx_word' id='word_1_615' title='bbox 1381 4591 1507 4654; x_wconf 91' lang='grc' dir='ltr'>Πῶς</span> <span class='ocrx_word' id='word_1_616' title='bbox 1547 4591 1603 4644; x_wconf 89' lang='grc' dir='ltr'>δὲ</span> <span class='ocrx_word' id='word_1_617' title='bbox 1645 4594 1739 4646; x_wconf 75' lang='grc' dir='ltr'><strong>καὶ</strong></span> <span class='ocrx_word' id='word_1_618' title='bbox 1781 4594 1811 4646; x_wconf 90' lang='lat'><strong>6</strong></span> 
     </span>
    </p>
   </div>
   <div class='ocr_carea' id='block_1_88' title="bbox 226 4682 1811 4755">
    <p class='ocr_par' dir='ltr' id='par_1_88' title="bbox 226 4682 1811 4755">
     <span class='ocr_line' id='line_1_88' title="bbox 226 4682 1811 4755; baseline -0.004 -13"><span class='ocrx_word' id='word_1_619' title='bbox 226 4690 461 4750; x_wconf 79' lang='grc' dir='ltr'>ἄπιστος</span> <span class='ocrx_word' id='word_1_620' title='bbox 488 4686 585 4755; x_wconf 82' lang='grc' dir='ltr'><strong>οὑχ</strong></span> <span class='ocrx_word' id='word_1_621' title='bbox 611 4683 941 4752; x_wconf 81' lang='grc' dir='ltr'>ἓξειόϐολδν,</span> <span class='ocrx_word' id='word_1_622' title='bbox 978 4682 1185 4735; x_wconf 91' lang='grc' dir='ltr'>πολλῶν</span> <span class='ocrx_word' id='word_1_623' title='bbox 1212 4683 1454 4736; x_wconf 86' lang='grc' dir='ltr'>ἀπίστων</span> <span class='ocrx_word' id='word_1_624' title='bbox 1484 4682 1811 4755; x_wconf 86' lang='grc' dir='ltr'>περιϐεϐλη-</span> 
     </span>
    </p>
   </div>
   <div class='ocr_carea' id='block_1_89' title="bbox 230 4771 1810 4854">
    <p class='ocr_par' dir='ltr' id='par_1_89' title="bbox 230 4771 1810 4854">
     <span class='ocr_line' id='line_1_89' title="bbox 230 4771 1810 4854; baseline -0.003 -22"><span class='ocrx_word' id='word_1_625' title='bbox 230 4780 414 4849; x_wconf 81' lang='grc' dir='ltr'>μένων</span> <span class='ocrx_word' id='word_1_626' title='bbox 450 4777 675 4832; x_wconf 87' lang='grc' dir='ltr'>πλοῦτον</span> <span class='ocrx_word' id='word_1_627' title='bbox 705 4774 891 4839; x_wconf 79' lang='grc' dir='ltr'>πολὺν,</span> <span class='ocrx_word' id='word_1_628' title='bbox 925 4773 1068 4854; x_wconf 85' lang='grc' dir='ltr'>λέγω</span> <span class='ocrx_word' id='word_1_629' title='bbox 1115 4773 1171 4825; x_wconf 82' lang='grc' dir='ltr'>δὲ</span> <span class='ocrx_word' id='word_1_630' title='bbox 1207 4771 1467 4842; x_wconf 85' lang='grc' dir='ltr'>βασιλέων</span> <span class='ocrx_word' id='word_1_631' title='bbox 1495 4774 1586 4827; x_wconf 76' lang='grc' dir='ltr'>καὶ</span> <span class='ocrx_word' id='word_1_632' title='bbox 1616 4774 1810 4845; x_wconf 82' lang='grc' dir='ltr'><strong>ἀρχόν⁸</strong></span> 
     </span>
    </p>
   </div>
   <div class='ocr_carea' id='block_1_90' title="bbox 225 4867 947 4940">
    <p class='ocr_par' dir='ltr' id='par_1_90' title="bbox 225 4867 947 4940">
     <span class='ocr_line' id='line_1_90' title="bbox 225 4867 947 4940; baseline -0.01 -16"><span class='ocrx_word' id='word_1_633' title='bbox 225 4888 339 4924; x_wconf 84' lang='grc' dir='ltr'><strong>των</strong></span> <span class='ocrx_word' id='word_1_634' title='bbox 371 4870 466 4924; x_wconf 86' lang='grc' dir='ltr'><strong>τοῦ</strong></span> <span class='ocrx_word' id='word_1_635' title='bbox 491 4872 696 4940; x_wconf 79' lang='grc' dir='ltr'>κόσμου</span> <span class='ocrx_word' id='word_1_636' title='bbox 725 4867 947 4932; x_wconf 85' lang='grc' dir='ltr'>τούτου;</span> 
     </span>
    </p>
   </div>
   <div class='ocr_carea' id='block_1_91' title="bbox 304 4956 1807 5033">
    <p class='ocr_par' dir='ltr' id='par_1_91' title="bbox 304 4956 1807 5033">
     <span class='ocr_line' id='line_1_91' title="bbox 304 4956 1807 5033; baseline -0.003 -18"><span class='ocrx_word' id='word_1_637' title='bbox 304 4963 473 5033; x_wconf 80' lang='grc' dir='ltr'>Χείλη</span> <span class='ocrx_word' id='word_1_638' title='bbox 502 4959 666 5014; x_wconf 88' lang='grc' dir='ltr'>πιστά</span> <span class='ocrx_word' id='word_1_639' title='bbox 690 4959 814 5021; x_wconf 76' lang='grc' dir='ltr'>τοὺς</span> <span class='ocrx_word' id='word_1_640' title='bbox 835 4956 1072 5030; x_wconf 83' lang='grc' dir='ltr'>ἀγαθοὺς</span> <span class='ocrx_word' id='word_1_641' title='bbox 1097 4957 1389 5028; x_wconf 83' lang='grc' dir='ltr'>λογισμούς</span> <span class='ocrx_word' id='word_1_642' title='bbox 1407 4973 1587 5027; x_wconf 86' lang='grc' dir='ltr'><strong>φησιν⁹</strong></span> <span class='ocrx_word' id='word_1_643' title='bbox 1611 4958 1807 5030; x_wconf 79' lang='grc' dir='ltr'>ἄφρονι</span> 
     </span>
    </p>
   </div>
   <div class='ocr_carea' id='block_1_92' title="bbox 227 5047 1808 5121">
    <p class='ocr_par' dir='ltr' id='par_1_92' title="bbox 227 5047 1808 5121">
     <span class='ocr_line' id='line_1_92' title="bbox 227 5047 1808 5121; baseline -0.006 -11"><span class='ocrx_word' id='word_1_644' title='bbox 227 5056 289 5110; x_wconf 73' lang='grc' dir='ltr'>δὲ</span> <span class='ocrx_word' id='word_1_645' title='bbox 313 5053 492 5108; x_wconf 75' lang='grc' dir='ltr'>δεκτοὶ</span> <span class='ocrx_word' id='word_1_646' title='bbox 542 5052 752 5106; x_wconf 84' lang='grc' dir='ltr'>ἔσονται</span> <span class='ocrx_word' id='word_1_647' title='bbox 779 5050 1004 5121; x_wconf 87' lang='grc' dir='ltr'>πονηροὶ</span> <span class='ocrx_word' id='word_1_648' title='bbox 1036 5050 1303 5120; x_wconf 86' lang='grc' dir='ltr'>λογισμοί·</span> <span class='ocrx_word' id='word_1_649' title='bbox 1338 5049 1422 5111; x_wconf 89' lang='grc' dir='ltr'><strong>τίς</strong></span> <span class='ocrx_word' id='word_1_650' title='bbox 1452 5050 1561 5119; x_wconf 84' lang='grc' dir='ltr'>γὰρ</span> <span class='ocrx_word' id='word_1_651' title='bbox 1608 5047 1808 5119; x_wconf 85' lang='grc' dir='ltr'>μετοχὴ</span> 
     </span>
    </p>
   </div>
   <div class='ocr_carea' id='block_1_93' title="bbox 227 5140 1810 5217">
    <p class='ocr_par' dir='ltr' id='par_1_93' title="bbox 227 5140 1810 5217">
     <span class='ocr_line' id='line_1_93' title="bbox 227 5140 1810 5217; baseline -0.005 -16"><span class='ocrx_word' id='word_1_652' title='bbox 227 5145 552 5217; x_wconf 76' lang='grc' dir='ltr'>δικαιοσύνῃ</span> <span class='ocrx_word' id='word_1_653' title='bbox 583 5145 719 5215; x_wconf 84' lang='grc' dir='ltr'>πρὸς</span> <span class='ocrx_word' id='word_1_654' title='bbox 750 5142 990 5206; x_wconf 84' lang='grc' dir='ltr'>ἀδικίαν;</span> <span class='ocrx_word' id='word_1_655' title='bbox 1020 5143 1069 5193; x_wconf 85' lang='grc' dir='ltr'><strong>εί</strong></span> <span class='ocrx_word' id='word_1_656' title='bbox 1102 5142 1177 5213; x_wconf 87' lang='grc' dir='ltr'>μή</span> <span class='ocrx_word' id='word_1_657' title='bbox 1219 5158 1319 5193; x_wconf 88' lang='grc' dir='ltr'><strong>που</strong></span> <span class='ocrx_word' id='word_1_658' title='bbox 1352 5141 1691 5212; x_wconf 84' lang='grc' dir='ltr'>μετανοήσας</span> <span class='ocrx_word' id='word_1_659' title='bbox 1724 5140 1810 5193; x_wconf 79' lang='grc' dir='ltr'>δέ-</span> 
     </span>
    </p>
   </div>
   <div class='ocr_carea' id='block_1_94' title="bbox 230 5233 1118 5311">
    <p class='ocr_par' dir='ltr' id='par_1_94' title="bbox 230 5233 1118 5311">
     <span class='ocr_line' id='line_1_94' title="bbox 230 5233 1118 5311; baseline -0.006 -20"><span class='ocrx_word' id='word_1_660' title='bbox 230 5238 392 5311; x_wconf 82' lang='grc' dir='ltr'>ξηται</span> <span class='ocrx_word' id='word_1_661' title='bbox 422 5237 681 5308; x_wconf 77' lang='grc' dir='ltr'>φρόνησιν</span> <span class='ocrx_word' id='word_1_662' title='bbox 705 5252 764 5287; x_wconf 90' lang='grc' dir='ltr'><strong>τε</strong></span> <span class='ocrx_word' id='word_1_663' title='bbox 791 5234 883 5288; x_wconf 76' lang='grc' dir='ltr'><strong>καὶ</strong></span> <span class='ocrx_word' id='word_1_664' title='bbox 916 5233 1118 5286; x_wconf 90' lang='grc' dir='ltr'>πίστιν.</span> 
     </span>
    </p>
   </div>
   <div class='ocr_carea' id='block_1_95' title="bbox 305 5410 1811 5485">
    <p class='ocr_par' dir='ltr' id='par_1_95' title="bbox 305 5410 1811 5485">
     <span class='ocr_line' id='line_1_95' title="bbox 305 5410 1811 5485; baseline -0.003 -18"><span class='ocrx_word' id='word_1_665' title='bbox 305 5414 408 5467; x_wconf 86' lang='grc' dir='ltr'>Διά</span> <span class='ocrx_word' id='word_1_666' title='bbox 451 5414 548 5485; x_wconf 75' lang='grc' dir='ltr'>μὲν</span> <span class='ocrx_word' id='word_1_667' title='bbox 569 5414 669 5485; x_wconf 81' lang='grc' dir='ltr'><strong>τῆς</strong></span> <span class='ocrx_word' id='word_1_668' title='bbox 710 5412 1075 5484; x_wconf 85' lang='grc' dir='ltr'>δικαιοσύνης,</span> <span class='ocrx_word' id='word_1_669' title='bbox 1108 5413 1208 5485; x_wconf 80' lang='grc' dir='ltr'><strong>τὴν</strong></span> <span class='ocrx_word' id='word_1_670' title='bbox 1236 5410 1447 5464; x_wconf 84' lang='grc' dir='ltr'>ἀδικίαν</span> <span class='ocrx_word' id='word_1_671' title='bbox 1475 5410 1811 5481; x_wconf 79' lang='grc' dir='ltr'>κρύπτομενο</span> 
     </span>
    </p>
   </div>
   <div class='ocr_carea' id='block_1_96' title="bbox 1913 4389 3482 4459">
    <p class='ocr_par' dir='ltr' id='par_1_96' title="bbox 1913 4389 3482 4459">
     <span class='ocr_line' id='line_1_96' title="bbox 1913 4389 3482 4459; baseline 0.004 -18"><span class='ocrx_word' id='word_1_672' title='bbox 1913 4389 2181 4459; x_wconf 88' lang='lat' dir='ltr'><strong>quomodo</strong></span> <span class='ocrx_word' id='word_1_673' title='bbox 2215 4390 2416 4444; x_wconf 80' lang='lat' dir='ltr'><strong>divitiis</strong></span> <span class='ocrx_word' id='word_1_674' title='bbox 2445 4390 2840 4445; x_wconf 89' lang='lat' dir='ltr'><strong>abundaveriut</strong></span> <span class='ocrx_word' id='word_1_675' title='bbox 2887 4391 2981 4455; x_wconf 91' lang='lat' dir='ltr'><strong>illi,</strong></span> <span class='ocrx_word' id='word_1_676' title='bbox 3021 4391 3109 4458; x_wconf 85' lang='lat' dir='ltr'><strong>qui</strong></span> <span class='ocrx_word' id='word_1_677' title='bbox 3152 4391 3482 4448; x_wconf 86' lang='lat' dir='ltr'><strong>circuierunt</strong></span> 
     </span>
    </p>
   </div>
   <div class='ocr_carea' id='block_1_97' title="bbox 1914 4480 3482 4550">
    <p class='ocr_par' dir='ltr' id='par_1_97' title="bbox 1914 4480 3482 4550">
     <span class='ocr_line' id='line_1_97' title="bbox 1914 4480 3482 4550; baseline 0.001 -15"><span class='ocrx_word' id='word_1_678' title='bbox 1914 4481 1971 4535; x_wconf 89' lang='lat' dir='ltr'><strong>in</strong></span> <span class='ocrx_word' id='word_1_679' title='bbox 2003 4480 2233 4543; x_wconf 89' lang='lat' dir='ltr'><strong>melotis,</strong></span> <span class='ocrx_word' id='word_1_680' title='bbox 2268 4482 2321 4534; x_wconf 93' lang='lat' dir='ltr'><strong>in</strong></span> <span class='ocrx_word' id='word_1_681' title='bbox 2351 4480 2583 4550; x_wconf 90' lang='lat' dir='ltr'><strong>pellibus</strong></span> <span class='ocrx_word' id='word_1_682' title='bbox 2618 4482 2878 4550; x_wconf 84' lang='lat' dir='ltr'><strong>caprinis,</strong></span> <span class='ocrx_word' id='word_1_683' title='bbox 2926 4480 3127 4545; x_wconf 74' lang='lat' dir='ltr'><strong>amicti,</strong></span> <span class='ocrx_word' id='word_1_684' title='bbox 3166 4484 3356 4550; x_wconf 88' lang='lat' dir='ltr'><strong>pressi,</strong></span> <span class='ocrx_word' id='word_1_685' title='bbox 3388 4500 3482 4539; x_wconf 92' lang='lat' dir='ltr'><strong>au-</strong></span> 
     </span>
    </p>
   </div>
   <div class='ocr_carea' id='block_1_98' title="bbox 1916 4572 3482 4643">
    <p class='ocr_par' dir='ltr' id='par_1_98' title="bbox 1916 4572 3482 4643">
     <span class='ocr_line' id='line_1_98' title="bbox 1916 4572 3482 4643; baseline 0.003 -19"><span class='ocrx_word' id='word_1_686' title='bbox 1916 4572 2133 4643; x_wconf 84' lang='lat' dir='ltr'><strong>gustiati</strong></span> <span class='ocrx_word' id='word_1_687' title='bbox 2165 4573 2244 4625; x_wconf 74' lang='lat' dir='ltr'><strong>&quot;‘l</strong></span> <span class='ocrx_word' id='word_1_688' title='bbox 2275 4572 2557 4638; x_wconf 84' lang='lat' dir='ltr'><strong>Quomodo</strong></span> <span class='ocrx_word' id='word_1_689' title='bbox 2584 4573 2712 4626; x_wconf 90' lang='lat' dir='ltr'><strong>item</strong></span> <span class='ocrx_word' id='word_1_690' title='bbox 2740 4572 2904 4626; x_wconf 87' lang='lat' dir='ltr'><strong>homo</strong></span> <span class='ocrx_word' id='word_1_691' title='bbox 2937 4573 3248 4629; x_wconf 88' lang='lat' dir='ltr'><strong>incredulus</strong></span> <span class='ocrx_word' id='word_1_692' title='bbox 3268 4575 3482 4629; x_wconf 87' lang='lat' dir='ltr'><strong>obuium</strong></span> 
     </span>
    </p>
   </div>
   <div class='ocr_carea' id='block_1_99' title="bbox 1916 4664 3485 4735">
    <p class='ocr_par' dir='ltr' id='par_1_99' title="bbox 1916 4664 3485 4735">
     <span class='ocr_line' id='line_1_99' title="bbox 1916 4664 3485 4735; baseline -0.001 -11"><span class='ocrx_word' id='word_1_693' title='bbox 1916 4684 2025 4725; x_wconf 88' lang='lat' dir='ltr'><strong>non</strong></span> <span class='ocrx_word' id='word_1_694' title='bbox 2060 4665 2382 4735; x_wconf 84' lang='lat' dir='ltr'><strong>possidebit,</strong></span> <span class='ocrx_word' id='word_1_695' title='bbox 2428 4678 2551 4718; x_wconf 90' lang='lat' dir='ltr'><strong>cum</strong></span> <span class='ocrx_word' id='word_1_696' title='bbox 2590 4678 2779 4734; x_wconf 87' lang='lat' dir='ltr'><strong>reapse</strong></span> <span class='ocrx_word' id='word_1_697' title='bbox 2840 4664 2993 4719; x_wconf 90' lang='lat' dir='ltr'><strong>multi</strong></span> <span class='ocrx_word' id='word_1_698' title='bbox 3027 4666 3285 4721; x_wconf 84' lang='lat' dir='ltr'><strong>increduli</strong></span> <span class='ocrx_word' id='word_1_699' title='bbox 3325 4668 3485 4723; x_wconf 89' lang='lat' dir='ltr'><strong>lautis</strong></span> 
     </span>
    </p>
   </div>
   <div class='ocr_carea' id='block_1_100' title="bbox 1914 4754 3482 4828">
    <p class='ocr_par' dir='ltr' id='par_1_100' title="bbox 1914 4754 3482 4828">
     <span class='ocr_line' id='line_1_100' title="bbox 1914 4754 3482 4828; baseline 0.001 -13"><span class='ocrx_word' id='word_1_700' title='bbox 1914 4758 2120 4815; x_wconf 88' lang='lat' dir='ltr'><strong>divitiis</strong></span> <span class='ocrx_word' id='word_1_701' title='bbox 2148 4754 2392 4823; x_wconf 83' lang='lat' dir='ltr'><strong>allluaut,</strong></span> <span class='ocrx_word' id='word_1_702' title='bbox 2423 4771 2576 4825; x_wconf 82' lang='lat' dir='ltr'><strong>reges</strong></span> <span class='ocrx_word' id='word_1_703' title='bbox 2629 4757 2847 4826; x_wconf 89' lang='lat' dir='ltr'><strong>inquam</strong></span> <span class='ocrx_word' id='word_1_704' title='bbox 2881 4766 2935 4813; x_wconf 90' lang='lat' dir='ltr'><strong>et</strong></span> <span class='ocrx_word' id='word_1_705' title='bbox 2976 4759 3249 4828; x_wconf 82' lang='lat' dir='ltr'><strong>principes</strong></span> <span class='ocrx_word' id='word_1_706' title='bbox 3300 4761 3482 4816; x_wconf 90' lang='lat' dir='ltr'><strong>mundi</strong></span> 
     </span>
    </p>
   </div>
   <div class='ocr_carea' id='block_1_101' title="bbox 1916 4852 3459 4918">
    <p class='ocr_par' dir='ltr' id='par_1_101' title="bbox 1916 4852 3459 4918">
     <span class='ocr_line' id='line_1_101' title="bbox 1916 4852 3459 4918; baseline 0.005 -8"><span class='ocrx_word' id='word_1_707' title='bbox 1916 4852 2109 4918; x_wconf 79' lang='lat' dir='ltr'><strong>hujus?</strong></span> <span class='ocrx_word' id='word_1_708' title='bbox 3453 4912 3459 4918; x_wconf 89' lang='lat'><strong>.</strong></span> 
     </span>
    </p>
   </div>
   <div class='ocr_carea' id='block_1_102' title="bbox 1986 4943 3489 5012">
    <p class='ocr_par' dir='ltr' id='par_1_102' title="bbox 1986 4943 3489 5012">
     <span class='ocr_line' id='line_1_102' title="bbox 1986 4943 3489 5012; baseline -0.001 -9"><span class='ocrx_word' id='word_1_709' title='bbox 1986 4948 2032 4981; x_wconf 79' lang='grc' dir='ltr'><strong><em>⁸ο</em></strong></span> <span class='ocrx_word' id='word_1_710' title='bbox 2058 4947 2223 5003; x_wconf 89' lang='lat' dir='ltr'><strong>Labia</strong></span> <span class='ocrx_word' id='word_1_711' title='bbox 2267 4944 2443 5001; x_wconf 89' lang='lat' dir='ltr'><strong>ﬁdelia</strong></span> <span class='ocrx_word' id='word_1_712' title='bbox 2483 4943 2616 4998; x_wconf 91' lang='lat' dir='ltr'><strong>dicit</strong></span> <span class='ocrx_word' id='word_1_713' title='bbox 2663 4944 2833 4999; x_wconf 84' lang='lat' dir='ltr'><strong>bonas</strong></span> <span class='ocrx_word' id='word_1_714' title='bbox 2864 4944 3240 5012; x_wconf 82' lang='lat' dir='ltr'><strong>cogitationes.</strong></span> <span class='ocrx_word' id='word_1_715' title='bbox 3276 4944 3489 5002; x_wconf 81' lang='lat' dir='ltr'><strong>Vesano</strong></span> 
     </span>
    </p>
   </div>
   <div class='ocr_carea' id='block_1_103' title="bbox 1911 5034 3483 5110">
    <p class='ocr_par' dir='ltr' id='par_1_103' title="bbox 1911 5034 3483 5110">
     <span class='ocr_line' id='line_1_103' title="bbox 1911 5034 3483 5110; baseline -0.003 -15"><span class='ocrx_word' id='word_1_716' title='bbox 1911 5048 2092 5097; x_wconf 89' lang='lat' dir='ltr'><strong>tamen</strong></span> <span class='ocrx_word' id='word_1_717' title='bbox 2122 5038 2413 5110; x_wconf 77' lang='lat' dir='ltr'><strong>placebunt</strong></span> <span class='ocrx_word' id='word_1_718' title='bbox 2443 5036 2801 5106; x_wconf 82' lang='lat' dir='ltr'><strong>cogitationes</strong></span> <span class='ocrx_word' id='word_1_719' title='bbox 2845 5036 3019 5090; x_wconf 62' lang='lat' dir='ltr'><strong>male.</strong></span> <span class='ocrx_word' id='word_1_720' title='bbox 3052 5034 3183 5089; x_wconf 87' lang='lat' dir='ltr'><strong>Nam</strong></span> <span class='ocrx_word' id='word_1_721' title='bbox 3216 5052 3338 5107; x_wconf 73' lang='lat' dir='ltr'><strong>qua:</strong></span> <span class='ocrx_word' id='word_1_722' title='bbox 3357 5052 3483 5107; x_wconf 84' lang='lat' dir='ltr'><strong>par-</strong></span> 
     </span>
    </p>
   </div>
   <div class='ocr_carea' id='block_1_104' title="bbox 1915 5129 3488 5213">
    <p class='ocr_par' dir='ltr' id='par_1_104' title="bbox 1915 5129 3488 5213">
     <span class='ocr_line' id='line_1_104' title="bbox 1915 5129 3488 5213; baseline -0.004 -24"><span class='ocrx_word' id='word_1_723' title='bbox 1915 5133 2154 5213; x_wconf 76' lang='lat' dir='ltr'><strong>ticipatio</strong></span> <span class='ocrx_word' id='word_1_724' title='bbox 2176 5131 2405 5201; x_wconf 71' lang='lat' dir='ltr'><strong>justitize</strong></span> <span class='ocrx_word' id='word_1_725' title='bbox 2440 5145 2563 5185; x_wconf 92' lang='lat' dir='ltr'><strong>cum</strong></span> <span class='ocrx_word' id='word_1_726' title='bbox 2601 5129 2925 5199; x_wconf 84' lang='lat' dir='ltr'><strong>iniquitate?</strong></span> <span class='ocrx_word' id='word_1_727' title='bbox 2956 5138 3049 5183; x_wconf 86' lang='lat' dir='ltr'><strong>aut</strong></span> <span class='ocrx_word' id='word_1_728' title='bbox 3081 5145 3201 5197; x_wconf 75' lang='lat' dir='ltr'><strong>qua:</strong></span> <span class='ocrx_word' id='word_1_729' title='bbox 3230 5146 3488 5185; x_wconf 86' lang='lat' dir='ltr'><strong>commn-</strong></span> 
     </span>
    </p>
   </div>
   <div class='ocr_carea' id='block_1_105' title="bbox 1914 5221 3487 5294">
    <p class='ocr_par' dir='ltr' id='par_1_105' title="bbox 1914 5221 3487 5294">
     <span class='ocr_line' id='line_1_105' title="bbox 1914 5221 3487 5294; baseline -0.002 -13"><span class='ocrx_word' id='word_1_730' title='bbox 1914 5227 2009 5282; x_wconf 89' lang='lat' dir='ltr'><strong>nio</strong></span> <span class='ocrx_word' id='word_1_731' title='bbox 2035 5225 2171 5280; x_wconf 91' lang='lat' dir='ltr'><strong>lucis</strong></span> <span class='ocrx_word' id='word_1_732' title='bbox 2196 5239 2321 5281; x_wconf 90' lang='lat' dir='ltr'><strong>cum</strong></span> <span class='ocrx_word' id='word_1_733' title='bbox 2347 5223 2618 5279; x_wconf 80' lang='lat' dir='ltr'><strong>tenebris?</strong></span> <span class='ocrx_word' id='word_1_734' title='bbox 2642 5224 2746 5277; x_wconf 90' lang='lat' dir='ltr'><strong>nisi</strong></span> <span class='ocrx_word' id='word_1_735' title='bbox 2778 5221 2920 5278; x_wconf 78' lang='lat' dir='ltr'><strong>forte</strong></span> <span class='ocrx_word' id='word_1_736' title='bbox 2943 5222 3034 5277; x_wconf 87' lang='lat' dir='ltr'><strong>ille</strong></span> <span class='ocrx_word' id='word_1_737' title='bbox 3059 5222 3329 5292; x_wconf 63' lang='lat' dir='ltr'><strong>paenitens</strong></span> <span class='ocrx_word' id='word_1_738' title='bbox 3358 5240 3487 5294; x_wconf 85' lang='lat' dir='ltr'><strong>pru—</strong></span> 
     </span>
    </p>
   </div>
   <div class='ocr_carea' id='block_1_106' title="bbox 1911 5314 2781 5384">
    <p class='ocr_par' dir='ltr' id='par_1_106' title="bbox 1911 5314 2781 5384">
     <span class='ocr_line' id='line_1_106' title="bbox 1911 5314 2781 5384; baseline -0.008 -11"><span class='ocrx_word' id='word_1_739' title='bbox 1911 5318 2152 5374; x_wconf 88' lang='lat' dir='ltr'><strong>dentiam</strong></span> <span class='ocrx_word' id='word_1_740' title='bbox 2186 5316 2458 5384; x_wconf 87' lang='lat' dir='ltr'><strong>ﬁdemque</strong></span> <span class='ocrx_word' id='word_1_741' title='bbox 2494 5314 2781 5382; x_wconf 89' lang='lat' dir='ltr'><strong>receperit.</strong></span> 
     </span>
    </p>
   </div>
   <div class='ocr_carea' id='block_1_107' title="bbox 1983 5406 3485 5477">
    <p class='ocr_par' dir='ltr' id='par_1_107' title="bbox 1983 5406 3485 5477">
     <span class='ocr_line' id='line_1_107' title="bbox 1983 5406 3485 5477; baseline -0.003 -14"><span class='ocrx_word' id='word_1_742' title='bbox 1983 5410 2024 5442; x_wconf 82' lang='grc'><strong>⁶¹</strong></span> <span class='ocrx_word' id='word_1_743' title='bbox 2060 5407 2277 5463; x_wconf 82' lang='lat' dir='ltr'><strong>Justitia</strong></span> <span class='ocrx_word' id='word_1_744' title='bbox 2336 5406 2680 5477; x_wconf 87' lang='lat' dir='ltr'><strong>iniquitatem</strong></span> <span class='ocrx_word' id='word_1_745' title='bbox 2743 5406 3070 5472; x_wconf 89' lang='lat' dir='ltr'><strong>obruimus,</strong></span> <span class='ocrx_word' id='word_1_746' title='bbox 3128 5407 3485 5477; x_wconf 81' lang='lat' dir='ltr'><strong>temperantia</strong></span> 
     </span>
    </p>
   </div>
   <div class='ocr_carea' id='block_1_108' title="bbox 224 5496 1811 5576">
    <p class='ocr_par' dir='ltr' id='par_1_108' title="bbox 224 5498 1811 5576">
     <span class='ocr_line' id='line_1_108' title="bbox 224 5498 1811 5576; baseline -0.006 -14"><span class='ocrx_word' id='word_1_747' title='bbox 224 5508 317 5562; x_wconf 78' lang='grc' dir='ltr'>διὰ</span> <span class='ocrx_word' id='word_1_748' title='bbox 346 5506 404 5559; x_wconf 82' lang='grc' dir='ltr'>δὲ</span> <span class='ocrx_word' id='word_1_749' title='bbox 433 5505 532 5574; x_wconf 79' lang='grc' dir='ltr'>τῆς</span> <span class='ocrx_word' id='word_1_750' title='bbox 556 5503 926 5576; x_wconf 79' lang='grc' dir='ltr'>σωφροσύνης,</span> <span class='ocrx_word' id='word_1_751' title='bbox 959 5504 1059 5576; x_wconf 84' lang='grc' dir='ltr'>τὴν</span> <span class='ocrx_word' id='word_1_752' title='bbox 1090 5501 1403 5557; x_wconf 87' lang='grc' dir='ltr'>ἀκολασίαν·</span> <span class='ocrx_word' id='word_1_753' title='bbox 1425 5501 1521 5554; x_wconf 73' lang='grc' dir='ltr'><strong>καὶ</strong></span> <span class='ocrx_word' id='word_1_754' title='bbox 1544 5499 1702 5553; x_wconf 87' lang='grc' dir='ltr'>πάλιν</span> <span class='ocrx_word' id='word_1_755' title='bbox 1726 5498 1811 5553; x_wconf 83' lang='grc' dir='ltr'>διὰ</span> 
     </span>
    </p>
   </div>
   <div class='ocr_carea' id='block_1_109' title="bbox 1918 5496 3484 5576">
    <p class='ocr_par' dir='ltr' id='par_1_109' title="bbox 1918 5496 3484 5569">
     <span class='ocr_line' id='line_1_109' title="bbox 1918 5496 3484 5569; baseline -0.003 -14"><span class='ocrx_word' id='word_1_756' title='bbox 1918 5499 2205 5566; x_wconf 73' lang='lat' dir='ltr'><strong>ltixnriam,</strong></span> <span class='ocrx_word' id='word_1_757' title='bbox 2236 5498 2549 5569; x_wconf 88' lang='lat' dir='ltr'><strong>pariterque</strong></span> <span class='ocrx_word' id='word_1_758' title='bbox 2593 5511 2784 5551; x_wconf 87' lang='lat' dir='ltr'><strong>amore</strong></span> <span class='ocrx_word' id='word_1_759' title='bbox 2810 5498 2993 5551; x_wconf 88' lang='lat' dir='ltr'><strong>odium</strong></span> <span class='ocrx_word' id='word_1_760' title='bbox 3014 5536 3029 5561; x_wconf 90' lang='lat'><strong>,</strong></span> <span class='ocrx_word' id='word_1_761' title='bbox 3073 5505 3127 5551; x_wconf 91' lang='lat' dir='ltr'><strong>et</strong></span> <span class='ocrx_word' id='word_1_762' title='bbox 3160 5496 3484 5552; x_wconf 78' lang='lat' dir='ltr'><strong>liberalitate</strong></span> 
     </span>
    </p>
   </div>
   <div class='ocr_carea' id='block_1_110' title="bbox 229 5588 1811 5669">
    <p class='ocr_par' dir='ltr' id='par_1_110' title="bbox 229 5589 1811 5669">
     <span class='ocr_line' id='line_1_110' title="bbox 229 5589 1811 5669; baseline -0.004 -20"><span class='ocrx_word' id='word_1_763' title='bbox 229 5598 332 5669; x_wconf 78' lang='grc' dir='ltr'>τῆς</span> <span class='ocrx_word' id='word_1_764' title='bbox 366 5595 608 5667; x_wconf 84' lang='grc' dir='ltr'>ἀγάπης,</span> <span class='ocrx_word' id='word_1_765' title='bbox 634 5594 697 5647; x_wconf 84' lang='grc' dir='ltr'><strong>τὸ</strong></span> <span class='ocrx_word' id='word_1_766' title='bbox 725 5597 898 5665; x_wconf 77' lang='grc' dir='ltr'>μῖσοςο</span> <span class='ocrx_word' id='word_1_767' title='bbox 936 5594 1029 5647; x_wconf 76' lang='grc' dir='ltr'><strong>καὶ</strong></span> <span class='ocrx_word' id='word_1_768' title='bbox 1054 5592 1143 5647; x_wconf 82' lang='grc' dir='ltr'><strong>διὰ</strong></span> <span class='ocrx_word' id='word_1_769' title='bbox 1165 5594 1264 5664; x_wconf 83' lang='grc' dir='ltr'><strong>τῆς</strong></span> <span class='ocrx_word' id='word_1_770' title='bbox 1280 5590 1697 5663; x_wconf 88' lang='grc' dir='ltr'>ἀφιλαργυρίας,</span> <span class='ocrx_word' id='word_1_771' title='bbox 1715 5589 1811 5661; x_wconf 82' lang='grc' dir='ltr'>τὴν</span> 
     </span>
    </p>
   </div>
   <div class='ocr_carea' id='block_1_111' title="bbox 1918 5588 3484 5669">
    <p class='ocr_par' dir='ltr' id='par_1_111' title="bbox 1918 5588 3484 5658">
     <span class='ocr_line' id='line_1_111' title="bbox 1918 5588 3484 5658; baseline -0.003 -12"><span class='ocrx_word' id='word_1_772' title='bbox 1918 5591 2225 5646; x_wconf 85' lang='lat' dir='ltr'><strong>avaritiam.</strong></span> <span class='ocrx_word' id='word_1_773' title='bbox 2258 5590 2548 5645; x_wconf 91' lang='lat' dir='ltr'><strong>Obruimus</strong></span> <span class='ocrx_word' id='word_1_774' title='bbox 2587 5588 2715 5642; x_wconf 91' lang='lat' dir='ltr'><strong>item</strong></span> <span class='ocrx_word' id='word_1_775' title='bbox 2750 5588 3049 5641; x_wconf 88' lang='lat' dir='ltr'><strong>humilitate</strong></span> <span class='ocrx_word' id='word_1_776' title='bbox 3074 5588 3404 5658; x_wconf 87' lang='lat' dir='ltr'><strong>superbiam,</strong></span> <span class='ocrx_word' id='word_1_777' title='bbox 3426 5596 3484 5642; x_wconf 83' lang='lat' dir='ltr'><strong>et</strong></span> 
     </span>
    </p>
   </div>
   <div class='ocr_carea' id='block_1_112' title="bbox 302 5782 1678 5843">
    <p class='ocr_par' dir='ltr' id='par_1_112' title="bbox 302 5782 1678 5843">
     <span class='ocr_line' id='line_1_112' title="bbox 302 5782 1678 5843; baseline -0.004 -2"><span class='ocrx_word' id='word_1_778' title='bbox 302 5790 348 5820; x_wconf 74' lang='lat'><strong>“</strong></span> <span class='ocrx_word' id='word_1_779' title='bbox 380 5804 429 5841; x_wconf 87' lang='lat' dir='ltr'><strong>v.</strong></span> <span class='ocrx_word' id='word_1_780' title='bbox 457 5786 545 5843; x_wconf 77' lang='lat'><strong>55.</strong></span> <span class='ocrx_word' id='word_1_781' title='bbox 624 5784 669 5817; x_wconf 73' lang='lat'><strong>“</strong></span> <span class='ocrx_word' id='word_1_782' title='bbox 695 5798 745 5837; x_wconf 77' lang='grc' dir='ltr'><strong>ν.</strong></span> <span class='ocrx_word' id='word_1_783' title='bbox 776 5782 829 5837; x_wconf 73' lang='grc'>2.</span> <span class='ocrx_word' id='word_1_784' title='bbox 910 5784 951 5817; x_wconf 67' lang='grc'><strong>⁵⁸</strong></span> <span class='ocrx_word' id='word_1_785' title='bbox 981 5801 1030 5838; x_wconf 86' lang='lat' dir='ltr'><strong>v.</strong></span> <span class='ocrx_word' id='word_1_786' title='bbox 1065 5784 1119 5840; x_wconf 77' lang='grc'>5.</span> <span class='ocrx_word' id='word_1_787' title='bbox 1196 5783 1240 5816; x_wconf 71' lang='grc'><strong>⁸⁸</strong></span> <span class='ocrx_word' id='word_1_788' title='bbox 1264 5799 1311 5839; x_wconf 86' lang='lat' dir='ltr'><strong>v.</strong></span> <span class='ocrx_word' id='word_1_789' title='bbox 1348 5783 1400 5838; x_wconf 69' lang='grc'><strong>4.</strong></span> <span class='ocrx_word' id='word_1_790' title='bbox 1478 5782 1521 5814; x_wconf 70' lang='grc'>⁸⁷</span> <span class='ocrx_word' id='word_1_791' title='bbox 1550 5797 1596 5837; x_wconf 82' lang='lat' dir='ltr'><strong>v.</strong></span> <span class='ocrx_word' id='word_1_792' title='bbox 1627 5782 1678 5836; x_wconf 86' lang='lat'><strong>6.</strong></span> 
     </span>
    </p>
   </div>
   <div class='ocr_carea' id='block_1_113' title="bbox 1751 5778 3219 5846">
    <p class='ocr_par' dir='ltr' id='par_1_113' title="bbox 1751 5778 3219 5846">
     <span class='ocr_line' id='line_1_113' title="bbox 1751 5778 3219 5846; baseline -0.001 -11"><span class='ocrx_word' id='word_1_793' title='bbox 1751 5780 1974 5838; x_wconf 70' lang='lat' dir='ltr'><strong>&quot;lCor.</strong></span> <span class='ocrx_word' id='word_1_794' title='bbox 2004 5797 2042 5846; x_wconf 89' lang='grc' dir='ltr'><strong>ι,</strong></span> <span class='ocrx_word' id='word_1_795' title='bbox 2067 5782 2115 5837; x_wconf 83' lang='grc'>5.</span> <span class='ocrx_word' id='word_1_796' title='bbox 2198 5780 2239 5813; x_wconf 64' lang='grc' dir='ltr'>⁸ο</span> <span class='ocrx_word' id='word_1_797' title='bbox 2266 5781 2428 5837; x_wconf 84' lang='lat' dir='ltr'><strong>llcbr.</strong></span> <span class='ocrx_word' id='word_1_798' title='bbox 2460 5796 2537 5841; x_wconf 73' lang='grc' dir='ltr'>ιιι.</span> <span class='ocrx_word' id='word_1_799' title='bbox 2564 5782 2653 5836; x_wconf 74' lang='lat'><strong>37.</strong></span> <span class='ocrx_word' id='word_1_800' title='bbox 2732 5782 2777 5813; x_wconf 78' lang='lat'><strong>&#39;°</strong></span> <span class='ocrx_word' id='word_1_801' title='bbox 2805 5796 2855 5833; x_wconf 90' lang='lat' dir='ltr'><strong>v.</strong></span> <span class='ocrx_word' id='word_1_802' title='bbox 2892 5778 2944 5833; x_wconf 87' lang='lat'><strong>7.</strong></span> <span class='ocrx_word' id='word_1_803' title='bbox 3019 5778 3059 5809; x_wconf 84' lang='lat'><strong>&quot;</strong></span> <span class='ocrx_word' id='word_1_804' title='bbox 3095 5779 3219 5833; x_wconf 76' lang='lat' dir='ltr'><strong>v.9.</strong></span> 
     </span>
    </p>
   </div>
  </div>
