3888 6218
431 311 532 366 {99

1323 308 1890 368 SUPPLEMENTUM
1921 310 2012 364 AD
2045 308 2368 365 ORIGENIS
2402 308 2818 367 EXEGETICA.

3603 313 3711 368 200

428 425 841 482 mansuetudine
869 426 1155 493 ferociam,
1187 440 1496 497 qutcrentes
1532 430 1834 498 spiritalem
1878 429 2014 482 ami-

2125 428 2449 496 πλεονεξίαν·
2485 428 2800 500 κρύτπομεν
2825 429 2881 483 δὲ
2916 431 3009 483 καὶ
3035 429 3125 484 διὰ
3155 433 3254 501 τῆς
3283 435 3707 503 ταπεινοφροσύ-

426 521 636 583 citiam,
676 534 798 590 qua:
833 532 1082 575 sanctam
1119 521 1211 576 Dei
1247 523 1578 589 agnitionem
1623 521 1918 590 signiﬁcat.
1955 523 2021 577 Et

425 613 640 680 quidem
663 613 803 681 apud
837 612 1064 666 Paulum
1096 615 1142 644 ³³
1175 615 1394 682 quidam
1426 615 1680 666 dicuntur
1714 614 1863 666 cives
1893 626 2018 666 san-

425 715 640 759 ctorum
678 703 833 767 facti,
872 715 926 757 et
961 705 1300 759 habitatores
1349 719 1601 774 superna:
1656 703 2016 768 Hierusalem,

424 796 854 863 supermdilicati
903 797 1514 866 super’l'nndatnentum
1567 796 1937 866 aposwlorum
1963 803 2018 850 et

425 889 844 956 prophetarum.

491 1065 540 1098 ³³
575 1067 798 1120 Domum
835 1064 1033 1118 anima:
1070 1061 1206 1116 dicit
1257 1061 1346 1116 hic
1393 1075 1626 1132 corpus;
1665 1062 2015 1132 vicissimque

425 1159 660 1211 animam
708 1157 907 1210 tuentis
971 1154 1220 1208 domum.
1257 1153 1391 1207 Item
1451 1154 1566 1222 ipsa
1618 1169 1771 1209 mens
1817 1156 2016 1209 dicitur

425 1251 621 1303 anima:
673 1251 882 1302 oculus.
915 1247 1034 1301 Jatu
1083 1246 1174 1312 qui
1219 1245 1458 1298 divinam
1507 1247 1792 1301 scientiam
1839 1262 1903 1302 ac
1934 1264 2016 1300 sa-

424 1344 682 1412 pientiam
729 1342 1004 1406 didicerit,
1054 1349 1110 1394 et
1170 1337 1528 1393 nihilominus
1580 1353 1638 1393 se
1679 1339 2013 1406 improbitati

427 1435 734 1499 tradiderit,
755 1446 812 1490 et
837 1450 935 1504 pro
959 1435 1120 1488 bonis
1147 1433 1365 1502 iniquos
1389 1446 1670 1486 sermones
1698 1433 2008 1500 protulerit,

426 1543 526 1583 nec
552 1529 880 1596 resipiscere
907 1536 958 1580 cl
1003 1525 1207 1579 salvari
1239 1525 1494 1588 voluerit,
1526 1540 1593 1578 ex
1641 1525 1760 1594 ejus
1791 1526 2008 1593 quidem

425 1620 696 1688 corporali
724 1619 889 1673 domo
927 1617 1188 1686 iniquitas
1222 1617 1656 1684 improbitasque
1697 1632 1800 1670 non
1827 1615 2008 1670 disce-

425 1714 538 1776 det,
567 1711 661 1766 sed
703 1712 755 1764 in
805 1727 867 1765 ea
905 1710 1139 1764 firmiter
1185 1718 1438 1768 manent,
1473 1715 1532 1758 ut
1573 1721 1826 1775 suprema
1869 1709 2009 1761 mala

2124 538 2220 592 νης
2249 522 2348 592 τὴν
2384 523 2781 594 ὑπερηφανίαν,
2824 524 2919 576 καὶ
2972 523 3062 576 διὰ
3107 523 3206 594 τήν
3258 525 3564 596 πραΰτητα,
3610 531 3712 599 τὴν

2122 608 2456 682 θρασύτητα·
2505 610 2795 682 ζητοῦντες
2823 613 2922 684 τὴν
2949 614 3326 685 πνευματικὴν
3361 615 3562 684 φιλίαν,
3586 618 3713 687 ἣτις

2118 702 2218 775 τὴν
2255 703 2416 772 ἁγίαν
2453 703 2656 773 γνῶσιν
2688 705 2966 776 σημαίνει·
2995 707 3089 758 καὶ
3124 707 3276 778 παρὰ
3317 707 3396 776 τῷ
3427 709 3626 780 Παύλῳ
3653 711 3713 762 δὲ

2121 796 2462 867 συμπολῖται
2501 797 2644 861 τινὲς
2672 797 2781 850 τῶν
2811 797 2981 867 ἁγίων
3010 798 3255 866 λέγονται
3289 799 3590 868 γεγονέναι,
3617 803 3712 855 καὶ

2115 890 2306 942 οίκεῖοι
2357 890 2456 961 τῆς
2484 891 2606 944 ¹ἅνω
2647 889 3026 962 Ἰερουσαλὴμ,
3063 890 3579 963 ἐποικοδομηθέντες
3614 895 3712 947 ἐπὶ

2114 980 2194 1053 τῷ
2221 981 2455 1052 θεμελίῳ
2485 982 2594 1035 τῶν
2624 981 2936 1036 ἀποστόλων
2964 983 3058 1035 καὶ
3083 983 3191 1036 τῶν
3220 983 3536 1054 προφητῶν.

2187 1067 2348 1125 Οῖκον
2373 1071 2611 1126 ἐνταῦθά
2645 1089 2778 1144 φησι
2811 1072 2913 1142 τῆς
2947 1074 3048 1144 μὲν
3070 1073 3270 1144 ψυχῆς,
3303 1073 3364 1126 τὸ
3395 1075 3574 1146 σῶμα·
3608 1075 3713 1148 τὴν

2113 1165 2170 1218 δὲ
2207 1165 2385 1237 ψυχὴν
2427 1165 2608 1228 πάλιν,
2637 1160 2784 1218 οἶκον
2803 1163 2898 1217 τοῦ
2924 1163 3037 1217 νοῦ·
3063 1164 3148 1217 ὁδ’
3175 1165 3336 1228 αὑτὸς
3367 1167 3528 1221 πάλιν
3559 1166 3707 1231 tio-3;,

2115 1261 2214 1330 τῆς
2246 1260 2424 1330 ψυχῆς
2456 1259 2732 1330 ὀφθαλμὸς
2757 1260 2994 1328 λέγεται·
3029 1260 3057 1311 6
3084 1259 3139 1312 δὲ
3173 1260 3271 1330 τὴν
3304 1259 3482 1312 ἔνθεον
3503 1277 3709 1328 γνωσιν

2115 1354 2210 1404 καὶ
2238 1353 2432 1422 σοφίαν
2464 1350 2674 1423 μαθὼν,
2725 1351 2918 1404 ἑαυτὸν
2951 1351 3008 1404 δὲ
3051 1351 3243 1414 ἐκδοὺς
3273 1353 3340 1422 τῇ
3373 1352 3563 1423 κακίᾳ,
3611 1351 3713 1406 καὶ

2112 1445 2240 1497 ἀντὶ
2264 1444 2486 1514 ἀγαθῶν
2517 1443 2788 1514 πονηροὺς
2822 1442 3016 1510 λόγους
3060 1442 3332 1513 ἐκφέρων,
3365 1443 3501 1513 πρὸς
3551 1444 3610 1496 δὲ
3645 1443 3710 1496 τὸ

2112 1532 2436 1604 ἐπιπρέψαι
2471 1533 2564 1585 καὶ
2587 1531 2825 1602 σωθῆναι
2857 1531 2932 1602 μὴ
2958 1530 3302 1601 βουλόμενος,
3327 1530 3423 1584 τοῦ
3458 1549 3707 1602 σωματι-

2112 1624 2210 1678 κοῦ
2226 1623 2376 1676 οἴκου
2399 1623 2499 1675 οὑκ
2527 1622 2876 1694 ἀναχωρήσει
2909 1623 2941 1692 ή
2978 1622 3146 1675 κακία
3169 1623 3306 1694 καὶή
3327 1625 3580 1695 πονηρία·
3609 1624 3705 1677 ἀλ-

2111 1717 2180 1770 λά
2235 1716 2483 1787 μένουσιν
2529 1715 2760 1788 ὲδραίως
2812 1715 2870 1768 ὲν
2921 1714 3088 1786 αὐτῷ,
3131 1717 3218 1769 ἵνα
3246 1715 3314 1770 τὰ
3347 1717 3529 1770 τέλεια
3560 1717 3708 1772 κακά

434 1801 712 1864 eveniant,
754 1818 874 1870 qum
916 1803 990 1856 illi
1025 1800 1378 1854 immobiliter
1412 1800 1692 1853 haerebunt
1737 1815 1908 1868 usque
1941 1801 2006 1852 ad

2125 1807 2338 1880 ἐπέλθῃ,
2390 1807 2448 1858 ὲν
2479 1804 2629 1875 αὑτῷ
2674 1803 2906 1874 ἀκίνητα
2939 1804 3172 1874 μένοντα
3222 1803 3280 1856 ὲν
3315 1803 3499 1876 ἡμέρᾳ
3536 1804 3706 1874 ὀργῆς

425 1893 568 1948 diem
621 1892 714 1947 ira:
755 1891 990 1945 Domini.
1017 1918 1086 1930 —
1119 1889 1466 1943 Fabricattttn
1505 1904 1534 1942 a
1587 1890 1817 1944 Domino
1858 1891 2016 1946 nobis

425 2004 646 2056 corpus,
677 1989 895 2042 domum
943 1988 1031 2042 hic
1075 1987 1333 2056 appellat.
1366 1985 1484 2040 Non
1505 1987 1812 2041 movebitur
1833 1997 2014 2043 autem

424 2083 574 2146 dicit,
611 2097 708 2152 pro
737 2099 750 2134 :
798 2096 901 2134 non
934 2081 1190 2135 abscedet
1217 2095 1247 2133 a
1298 2081 1459 2133 domo
1494 2078 1612 2146 ejus
1646 2080 1727 2133 ira
1761 2090 1818 2133 et
1847 2081 2015 2134 tribu-

426 2174 702 2242 latio,qua3
725 2188 818 2242 per
843 2172 1089 2226 homines
1107 2171 1495 2240 dtemonesque
1512 2186 1541 2224 a
1565 2171 1676 2226 Deo
1703 2172 2010 2225 immittun—

427 2280 514 2322 tur
551 2268 811 2322 adversus
839 2266 988 2319 illum
1031 2264 1123 2335 qui
1163 2263 1304 2317 mala
1336 2279 1434 2334 pro
1465 2263 1622 2318 bonis
1663 2263 1896 2318 reddidit
1919 2263 2015 2320 be-

429 2361 603 2416 neﬁco
626 2361 734 2415 sibi
769 2358 996 2413 homini.
1019 2388 1089 2396 ——-
1117 2356 1174 2411 Si
1210 2357 1300 2426 qui
1343 2357 1482 2410 mala
1516 2372 1613 2422 pro
1654 2357 1813 2409 malis
1859 2358 2016 2410 retri-

427 2455 562 2517 btiit,
599 2461 825 2523 peccat;
860 2460 1070 2519 quanto
1121 2451 1292 2518 magis
1319 2449 1408 2516 qui
1446 2449 1586 2501 mala
1618 2463 1715 2517 pro
1751 2449 1907 2501 bonis
1933 2463 2014 2500 rc—

428 2554 770 2607 muneratur,
827 2553 1092 2612 peccator
1117 2540 1237 2595 est?
1270 2539 1417 2594 Talis
1467 2539 1568 2593 fuit
1605 2541 1656 2593 in
1686 2540 1904 2593 deserto
1949 2540 2015 2592 ls-

429 2635 578 2701 rael;
623 2635 707 2688 cui
750 2634 964 2703 Moyses
1013 2633 1068 2684 in
1107 2631 1530 2684 Deuteronomio
1579 2632 1760 2683 aiebat
1795 2647 1808 2682 :
1848 2629 2014 2683 Gene-

427 2729 566 2780 ratio
611 2743 774 2794 prava
814 2737 970 2795 atque
1005 2740 1273 2793 perversa.
1307 2723 1533 2777 lia'criue
1564 2723 1789 2776 Domino
1832 2723 2011 2775 rea’di-

432 2823 498 2873 lis
521 2819 614 2873 5'?

505 2913 554 2944 ⁵⁸
587 2911 699 2966 Iloc
727 2912 846 2965 loco
874 2910 1087 2964 initium
1109 2911 1241 2963 dicit
1267 2911 1570 2964 scientiam.
1594 2905 1808 2961 Iustitia
1833 2915 2011 2960 autem

437 3005 800 3074 subsequitur
851 3003 1176 3068 scientiam;
1221 3017 1453 3069 namque
1485 3017 1552 3054 ex
1595 3002 1820 3054 scientia
1851 3000 2013 3069 gigni-

425 3111 513 3152 tur
565 3095 801 3164 justitia.
860 3095 1108 3165 Egestas,
1144 3105 1228 3146 est
1276 3093 1584 3163 ignorantia
1642 3106 1658 3144 :
1710 3094 1910 3146 seditio
1958 3099 2014 3145 et

426 3191 562 3251 rixa,
605 3188 784 3239 omnis
816 3186 1098 3255 iniquitas.
1129 3183 1320 3237 Anteit
1367 3184 1688 3251 ignorantiae
1726 3182 2008 3250 iniquitas.
2039 3174 2082 3232 α

423 3281 535 3333 Cur
567 3291 701 3333 vero
730 3290 997 3347 pauperes
1034 3290 1225 3329 rursus
1265 3272 1574 3343 vituperat?
1602 3271 1825 3326 Scilicet
1859 3280 1916 3325 ut
1943 3271 2013 3326 ab

424 3371 710 3425 otiositate
740 3385 840 3423 nos
865 3369 1124 3423 abducat.
1160 3366 1276 3420 Non
1308 3367 1484 3420 oritur
1512 3380 1576 3420 ex
1615 3365 1885 3419 electione
1921 3379 2015 3434 po-

429 3468 620 3511 testas.
657 3457 811 3522 Quod
861 3456 906 3510 si
965 3455 1100 3509 velis
1136 3470 1261 3509 cum
1309 3453 1505 3508 liducia
1535 3453 1811 3516 incedere,
1836 3454 2015 3523 justus

429 3560 570 3604 esto.
620 3546 888 3602 Praacedit
932 3556 1233 3614 egestatem
1282 3546 1478 3600 seditio
1520 3553 1578 3599 et
1628 3545 1781 3611 rixa;
1824 3559 2017 3613 uentre

429 3643 648 3712 injustis
679 3644 939 3712 prtecedit
965 3641 1185 3696 virtutis
1219 3643 1422 3710 inopia.

506 3737 553 3768 ⁸⁷
583 3737 796 3792 Similis
823 3746 907 3790 est
939 3736 1067 3807 huic
1094 3735 1185 3804 qui
1220 3736 1353 3789 dicit
1385 3748 1633 3788 amarum
1671 3746 1793 3787 esse
1836 3731 2018 3792 dulee,

433 3838 489 3884 et
524 3829 680 3883 dulce
710 3843 958 3881 amarum
987 3867 1004 3889 ,
1040 3835 1096 3880 et
1127 3826 1218 3895 qui
1248 3826 1426 3881 lucem
1458 3825 1694 3896 appellat
1735 3825 2013 3888 tenebras,

436 3921 788 3990 vicissimque
820 3918 1073 3975 tenebras
1106 3918 1308 3974 lucem.

511 4013 556 4043 ⁵⁸
595 4009 737 4080 Opes
776 4026 921 4065 nunc
958 4011 1276 4078 sapientiam
1313 4016 1366 4064 et
1411 4009 1502 4064 Dei
1538 4008 1820 4064 scientiam
1853 4005 2006 4061 dicit.

445 4104 658 4159 Vesano
697 4112 876 4157 autem
916 4119 1015 4156 cur
1063 4102 1154 4156 liat
1192 4101 1470 4174 sapicntim
1503 4109 1555 4156 et
1591 4100 1786 4154 divinae
1832 4099 2010 4153 scien-

439 4197 528 4248 tiae
585 4191 992 4262 magisterium?
1039 4189 1174 4246 Nam
1227 4194 1370 4246 sicut
1424 4190 1540 4246 ﬁeri
1601 4189 1791 4260 nequit
1838 4199 1899 4242 ut
1953 4188 2044 4241 in.

431 4286 567 4340 mari
605 4285 679 4341 sit
719 4285 864 4351 vitis,
896 4284 970 4336 ita
1002 4284 1053 4337 in
1081 4284 1268 4338 stultis
1292 4284 1560 4352 sapientia
1589 4284 1826 4337 fructum
1852 4284 2019 4336 virtu-

431 4380 501 4434 tis
560 4377 810 4450 proferre
863 4377 1080 4446 nequit.
1146 4377 1286 4429 Sunt
1341 4376 1488 4428 enim
1543 4377 1730 4428 vesani
1784 4375 2019 4428 hominis

428 4484 585 4538 opes,
617 4470 670 4523 in
711 4468 948 4538 singulis
978 4466 1212 4538 negotiis
1239 4465 1357 4532 ejus
1394 4465 1746 4520 stoliditates.
1783 4463 1885 4517 Per
1921 4464 2019 4517 has

427 4562 636 4632 quippe
668 4561 845 4616 factus
874 4575 1096 4625 excors,
1139 4558 1420 4628 possidere
1452 4557 1776 4626 sapientiam
1807 4556 2017 4624 nequit.

429 4683 498 4694 ——-
531 4654 579 4686 ⁸⁸
606 4655 661 4708 ln
692 4656 837 4708 omni
871 4653 1088 4722 negotio
1144 4651 1398 4720 quisquis
1443 4663 1504 4703 se
1555 4648 1796 4712 extollit,
1843 4647 2023 4702 humi-

432 4746 706 4812 liabitur;
751 4748 878 4816 quia
922 4747 1064 4801 Deus
1110 4745 1361 4816 superbis
1399 4744 1628 4800 resistit.
1663 4742 1765 4810 Qui
1803 4741 2020 4809 oblique

431 4839 634 4903 quaerit
689 4851 776 4891 res
828 4837 1042 4893 divinas
1095 4837 1331 4901 discere,
1389 4834 1533 4891 malo
1577 4835 1786 4905 judicio
1844 4833 2024 4902 prola-

429 4931 495 4980 be
511 4933 566 4979 ttt
577 4942 623 4981 r.

504 5018 551 5051 ‘°
600 5017 848 5074 Amicum
911 5019 999 5074 hic
1041 5019 1178 5074 dicit
1239 5017 1526 5074 Christum
1559 5055 1575 5080 ,
1630 5016 1724 5084 qui
1801 5023 2026 5083 propter

435 5126 588 5165 suam
637 5124 761 5182 erga
801 5113 1076 5166 hominem
1131 5110 1434 5165 amicitiam
1478 5109 1657 5163 lactus
1708 5116 1794 5162 est
1841 5109 2022 5160 homo.

441 5203 564 5257 Non
592 5204 992 5272 iamut-vosvos
1019 5205 1164 5268 dico,
1185 5205 1260 5257 ait
1280 5203 1587 5270 discipulis,
1621 5203 1710 5255 sed
1735 5185 1934 5254 amicas
1954 5201 2020 5254 ⁶¹.

433 5295 595 5350 Omni
641 5309 787 5352 certe
822 5309 1061 5367 tempore
1098 5297 1352 5354 Christus
1386 5295 1483 5350 tibi
1519 5294 1729 5349 amicus
1764 5296 1860 5347 sit.
1895 5295 2015 5348 Filii

437 5404 565 5444 vero
599 5390 800 5444 Christi
877 5390 1110 5445 invicem
1152 5397 1280 5444 sunt
1321 5387 1526 5441 amici:
1587 5385 1762 5456 angeli
1807 5387 2015 5440 scilicet

432 5491 488 5533 et
519 5477 650 5550 justi
685 5482 949 5548 homines,
979 5492 1164 5536 mutuo
1192 5489 1321 5534 sunt
1344 5479 1570 5543 fratres,
1613 5476 1824 5546 Spiritu
1873 5477 2006 5532 adn-

547 5669 593 5700 "
621 5667 1120 5736 Ephes.tt,19.‘20.
1164 5665 1208 5696 ⁵³
1239 5678 1289 5716 v.
1317 5662 1401 5717 l3.
1445 5665 1491 5736 εξ
1522 5663 1644 5722 cod.
1689 5662 1913 5736 Ἰησοῦς.

445 5739 488 5771 ⁵⁸
515 5756 564 5795 v.
601 5735 680 5794 lli.
759 5741 804 5772 “
833 5740 994 5795 v.17.
1045 5737 1261 5794 c"Joan.
1296 5751 1381 5803 xv,
1422 5735 1508 5792 15.

2013 5669 2057 5722 εδ
2092 5668 2247 5724 Deut.
2277 5685 2445 5735 xxxii,
2476 5669 2529 5736 5,
2559 5669 2612 5724 θ.

2119 1899 2418 1971 Κυρίου.-
2434 1898 2506 1951 Τὸ
2532 1899 2597 1951 ὲκ
2623 1898 2724 1968 τῆς
2751 1898 2854 1968 γῆς
2882 1895 3035 1966 παρά
3063 1896 3271 1967 Κυρίου
3298 1896 3533 1950 πλασθὲν
3572 1898 3708 1966 ἡμῖν

2121 1991 2298 2061 σῶμα,
2326 1985 2471 2042 οἷκον
2492 1987 2728 2042 ἐνταῦθά
2755 2005 2906 2058 φησι·
2927 1987 2989 2039 τὸ
3011 1988 3091 2051 δὲ,
3110 1987 3171 2039 οὑ
3201 1986 3709 2058 κινηθήσεται,ἀντὶ

2117 2083 2232 2148 τοῦ,
2271 2083 2372 2136 οὑκ
2418 2082 2763 2152 ἀναχωρήσει
2798 2081 2863 2132 ἐκ
2901 2078 2996 2132 τοῦ
3039 2078 3189 2131 οῖ’κου
3223 2077 3388 2132 αὑτοῦ
3423 2079 3559 2150 ὀργή
3613 2079 3709 2132 καὶ

2119 2176 2316 2245 θλίψις,
2348 2175 2438 2228 διά
2471 2191 2530 2227 τε
2565 2172 2874 2244 ἀνθρώπων
2892 2173 2988 2225 καὶ
3011 2170 3284 2240 δαιμόνων
3305 2170 3706 2240 ἐκπεμπόμενα

2117 2266 2269 2339 παρὰ
2291 2266 2519 2338 Κυρίου,
2545 2265 2687 2318 κατά
2716 2264 2811 2317 τοῦ
2845 2265 2964 2317 ἀντὶ
2987 2261 3207 2332 ἀγαθῶν
3227 2260 3370 2314 κακὰ
3394 2259 3708 2315 ἀποδὼσαν-

2117 2377 2206 2423 τος
2236 2358 2316 2430 τῷ
2337 2357 2650 2428 ἀγαθοποιῷ
2673 2356 2840 2409 αὑτοῦ
2875 2355 2972 2408 ἀνθ
2981 2357 3252 2427 ρώπῳ.--
3276 2355 3338 2406 Ei
3360 2353 3388 2404 6
3419 2353 3566 2407 κακὰ
3585 2354 3707 2406 ἀντὶ

2117 2452 2304 2506 κακῶν
2321 2451 2601 2514 ἀποδιδοὺς
2631 2449 2968 2521 παράνομος,
2987 2449 3138 2515 πόσῳ
3165 2446 3365 2516 μᾶλλον
3382 2449 3410 2500 ὁ
3426 2445 3573 2499 κακά
3585 2447 3707 2498 ἀντὶ

2116 2543 2334 2612 ἀγαθῶν
2346 2541 2629 2605 ἀποδιδοὺς
2647 2558 2721 2594 πα
2727 2556 2858 2611 ρανο
2864 2537 3010 2610 μὼτε
3016 2556 3108 2609 ρος
3124 2556 3138 2602 ;
3155 2538 3406 2601 Τοιοῦτος
3421 2538 3478 2592 δὲ
3489 2539 3706 2606 ἐγένετο

2116 2635 2256 2688 κατὰ
2271 2634 2369 2705 τὴν
2395 2633 2600 2706 ἔρημον
2619 2634 2647 2685 6
2679 2631 2916 2703 Ἰσραήλ·
2943 2630 3080 2701 πρὸς
3101 2629 3160 2683 ὃν
3177 2630 3454 2700 ὁΜωὺσῆς
3475 2629 3522 2661 ⁵⁸
3545 2633 3603 2682 ἔν
3627 2630 3705 2700 τῷ

2115 2727 2519 2800 Δευτερονομίῳ
2550 2725 2701 2796 φησί·
2740 2725 2930 2779 Γενεὰ
2958 2724 3177 2776 σκολιὰ
3200 2724 3297 2775 καὶ
3320 2722 3704 2792 διεστραμμέ-

2113 2839 2211 2888 νη,
2240 2820 2427 2873 ταῦτα
2456 2818 2651 2886 Κυρίῳ
2679 2815 3152 2876 ἀνταποδίδοτε;

2198 2911 2459 2964 Ἐνταῦθα
2487 2909 2682 2982 ἀρχὴν,
2713 2909 2814 2980 τὴν
2857 2907 3060 2976 γνῶσίν
3089 2923 3244 2978 φησι·
3281 2905 3595 2977 δικαιοσύνη
3646 2907 3704 2960 δὲ

2114 3005 2306 3056 ’ἐπεται
2327 3006 2394 3074 τῇ
2425 3001 2644 3071 γνώσει·
2685 3002 2750 3054 ὲκ
2775 3002 2884 3073 γὰρ
2915 3001 3014 3072 τῆς
3043 2999 3297 3069 γνώσεως
3327 3001 3360 3070 ή
3387 3000 3702 3071 δικαιοσύνη

2115 3096 2376 3149 τίκτεται·
2411 3094 2589 3148 ἔνδεια
2621 3093 2677 3148 δέ
2701 3095 2818 3146 ἐστι
2847 3093 3058 3161 ἄγνοια·
3093 3094 3282 3156 στάσις
3312 3093 3369 3146 δὲ
3398 3093 3493 3146 καὶ
3525 3093 3701 3162 μάχη,

2117 3187 2269 3240 πᾶσα
2291 3186 2478 3240 κακία·
2506 3187 2829 3256 προηγεῖται
2853 3184 2910 3238 δὲ
2930 3184 3030 3255 τῆς
3056 3185 3298 3252 ἀγνοίας,
3332 3184 3365 3254 ή
3389 3183 3578 3238 κακία.
3612 3185 3705 3236 Τί-

2119 3295 2207 3342 νος
2236 3277 2422 3330 ἓνεκεν
2455 3277 2617 3330 πάλιν
2655 3275 2764 3328 τῶν
2797 3277 3043 3347 πενήτων
3080 3278 3410 3348 κατηγορεί;
3448 3274 3703 3342 Ἀπάγων

2117 3367 2264 3438 ἡμᾶς
2306 3367 2524 3438 ἀργίας·
2567 3366 2668 3419 οὑκ
2709 3367 2820 3436 ἄρα
2866 3366 2977 3419 ἀπὸ
3016 3365 3350 3436 χειροτονίας
3385 3365 3418 3435 ή
3459 3363 3699 3431 ἔξουσία-

2118 3458 2322 3512 ῶστεεί
2347 3457 2525 3527 βούλει
2555 3457 2694 3528 μετά
2725 3457 3036 3528 παρρησίας
3069 3457 3325 3528 βαδίζειν,
3353 3457 3560 3519 δίκαιος
3591 3455 3703 3508 ἔσο·

2118 3551 2442 3620 προηγεῖται
2473 3546 2530 3600 δὲ
2552 3548 2651 3618 τῆς
2671 3548 2878 3612 ἐνδείας
2909 3547 3096 3610 στάσις
3130 3549 3224 3601 καὶ
3250 3548 3421 3620 μάχη,
3449 3548 3570 3618 ἦτοι
3592 3549 3704 3611 τοῖς

2118 3639 2396 3694 ἀδικοῦσιν
2425 3639 2602 3693 ἔνδεια
2631 3641 2854 3712 ἀρετῆς.

2190 3730 2416 3801 Ὄμοιός
2445 3731 2561 3783 ἔστι
2605 3730 2778 3800 τούτῳ
2811 3732 2840 3782 6
2867 3729 3040 3798 λέγων
3072 3730 3134 3783 τὸ
3165 3729 3359 3801 πικρὸν
3383 3729 3576 3798 γλυκὺ,
3614 3729 3706 3783 καὶ

2117 3821 2181 3876 τὸ
2210 3822 2382 3890 γλυκὺ
2408 3821 2602 3894 πικρόν
2622 3839 2638 3852 ·
2673 3822 2768 3874 καὶ
2794 3821 2856 3875 τὸ
2886 3822 2986 3893 μὲν
3018 3821 3154 3892 φῶς,
3178 3821 3461 3892 ὀνομάζων
3491 3820 3705 3885 σκότος,

2115 3914 2180 3968 τὸ
2207 3914 2262 3968 δὲ
2304 3913 2518 3978 σκότος,
2548 3914 2685 3983 φῶς.
3189 3962 3194 3967 .

2186 4009 2460 4079 Χρήματα
2486 4007 2719 4062 ἐνταῦθα
2755 4007 2854 4079 τὴν
2887 4007 3076 4076 σοφίαν
3105 4006 3200 4059 καὶ
3225 4004 3325 4076 τὴν
3365 4002 3568 4072 γνῶσίν
3597 4021 3705 4073 φη-

2120 4117 2243 4154 σιν·
2273 4099 2467 4170 ἄφρονι
2498 4099 2589 4163 δὲ,
2647 4100 2733 4152 ἵνα
2774 4099 2826 4152 τί
2871 4098 3108 4170 ὑπῆρξεν
3155 4100 3187 4168 ή
3233 4097 3333 4167 τῆς
3375 4095 3567 4165 σοφίας
3613 4095 3708 4146 καὶ

2117 4193 2370 4262 γνώσεως
2404 4193 2676 4264 μάθησις;
2709 4194 2783 4256 ὡς
2818 4191 2927 4262 γὰρ
2956 4191 3201 4262 ἄμπελον
3234 4189 3496 4243 ἀδύνατον
3528 4189 3587 4239 ὲν
3617 4185 3708 4239 θα-

2118 4287 2292 4359 λάσσῃ
2334 4287 2618 4356 γενέσθαι,
2646 4285 2818 4350 οὑτως
2866 4288 2924 4338 ἔν
2973 4285 3201 4355 ἄφροσιν
3245 4284 3280 4354 ή
3314 4280 3474 4350 σοφία
3501 4279 3700 4352 ἀρετὴν

2120 4380 2548 4452 καρπώσασθαι·
2578 4382 2836 4452 χρήματα
2861 4377 2968 4450 γὰρ
3011 4376 3242 4448 ἄφρονός
3268 4377 3438 4440 ἔστιν,
3476 4375 3535 4427 αί
3571 4373 3702 4443 περὶ

2120 4472 2241 4526 καθ’
2265 4473 2469 4526 ἕκαστα
2493 4472 2673 4526 αὑτοῦ,
2693 4472 2992 4542 πράγματα
3020 4469 3321 4541 ἀφροσύναι
3339 4485 3351 4497 ·
3385 4466 3474 4520 διὰ.
3501 4465 3704 4525 ταύτας

2125 4567 2234 4639 γὰρ
2260 4567 2354 4620 καὶ
2387 4567 2644 4639 ἀκάρδιος
2665 4564 2925 4634 γεγονὼς,
2953 4561 3259 4633 κτήσασθαι
3289 4559 3483 4628 σοφίαν
3510 4558 3706 4612 ἀδυνα-

2124 4661 2226 4716 τεῖ.
2246 4659 2418 4712 -Ἑν
2449 4658 2613 4713 παντὶ
2645 4656 2970 4727 πράγματι,
3004 4656 3110 4717 πᾶς
3138 4655 3166 4706 6
3195 4652 3344 4721 ὑψῶν
3386 4650 3579 4704 ἑαυτὸν
3613 4667 3705 4702 τα·

2121 4751 2538 4822 πεινωθήσεται·
2567 4750 2649 4802 ὅτι
2670 4749 2874 4820 Κύριος
2900 4745 3274 4817 ὑπερηφάνοις
3302 4741 3702 4796 ἀντιτάσσεται·

2119 4846 2148 4896 6
2178 4845 2236 4897 δὲ
2267 4842 2566 4908 σκολιάζων
2609 4841 2702 4896 τοῦ
2733 4841 2921 4912 μαθεῖν
2965 4840 3034 4893 τὰ
3075 4839 3380 4910 πράγματα
3421 4834 3515 4888 τοῦ
3543 4833 3704 4900 Θεοῦ,

2118 4936 2439 5005 ἐμπεσεῖται
2475 4935 2554 4996 είς
2586 4931 2732 4986 κακά
2761 4931 2889 5000 περὶ
2915 4929 3013 5000 τὴν
3047 4929 3247 5000 κρίσιν.

2199 5022 2462 5076 Ἐνταῦθα
2488 5022 2638 5092 φίλον
2666 5021 2757 5074 τὸν
2775 5021 3012 5092 Χριστόν
3036 5036 3222 5090 φησιν,
3249 5017 3310 5082 ὃς
3329 5016 3416 5070 διὰ
3437 5013 3537 5085 τὴν
3565 5012 3703 5084 πρὸς

2115 5114 2399 5186 ἄνθρωπον
2412 5114 2613 5183 φιλίαν,
2630 5111 2726 5168 ἄνθ
2733 5128 2912 5186 ρωπος
2935 5112 3179 5180 γέγονεν.
3201 5107 3535 5177 Οὑκέτιγὰρ
3549 5105 3705 5173 ,λέγω

2115 5207 2271 5276 ὑμᾶς
2287 5207 2569 5272 δούλους,
2598 5200 2750 5258 εἶπεν
2772 5206 2884 5268 τοῖς
2921 5203 3188 5275 μαθηταῖς
3207 5241 3221 5266 ,
3246 5199 3407 5253 ἀλλὰ
3420 5198 3662 5268 φίλου(
3688 5212 3700 5225 ·

2116 5301 2173 5352 ἐν
2205 5299 2365 5352 παντὶ
2393 5298 2449 5350 δὲ
2479 5297 2653 5368 καιρῷ
2678 5300 2707 5351 6
2733 5296 2966 5370 Χριστὸς
2998 5293 3386 5364 συνυπαρχὲτω
3413 5307 3495 5343 σοι
3527 5287 3679 5356 φίλος

2116 5394 2163 5444 εί
2194 5392 2250 5445 δὲ
2275 5393 2324 5445 οἱ
2353 5389 2447 5445 τοῦ
2480 5389 2713 5461 Χριστοῦ
2750 5389 2875 5451 υἱοὶ,
2911 5387 3154 5458 ἀλλήλων
3187 5386 3293 5438 εἰσὶ
3327 5383 3490 5452 φίλοι·
3528 5382 3578 5433 oi
3610 5380 3704 5446 ἄγ-

2120 5485 2258 5553 γελοι
2293 5484 2385 5538 καὶ
2409 5485 2458 5534 οἱ
2488 5483 2686 5536 δίκαιοι
2734 5482 3007 5552 ἄνθρωποι
3035 5520 3050 5545 ,
3087 5477 3331 5546 ἀλλήλων
3364 5475 3505 5529 είσὶν
3551 5471 3702 5526 66;}.-

3075 5666 3117 5698 ⁸⁷
3150 5664 3319 5720 v.15.
3435 5661 3482 5693 ⁵⁸
3522 5675 3575 5716 v.
3619 5659 3701 5713 16.

2717 5668 2762 5700 ⁵⁶
2796 5683 2843 5723 v.
2881 5667 2968 5724 Η.
