3888 6218
170 267 269 327 ΞΠ

1333 266 1697 325 EXPOSITIO
1737 265 1801 321 IN
1840 263 2255 323 PRDVERBIA.

3310 262 3418 315 202

169 390 282 459 φοι,
312 389 394 461 τῷ
424 389 525 461 τῆς
551 389 822 454 υἱοθεσίας
866 388 1193 459 γεννώμενοι
1226 388 1497 458 πνεύματι
1515 405 1529 418 ο
1558 386 1748 440 τούτου

1871 385 2052 439 ηἰοηὶε
2076 382 2262 454 geniti.
2297 380 2448 438 lianc
2478 382 2625 438 enim
2647 384 2718 438 ob
2746 394 2968 437 causam
2996 377 3171 451 angeli
3212 395 3280 435 ex
3325 394 3418 435 sa-

168 480 279 553 γὰρ
309 482 467 552 χάριν
494 481 589 534 καὶ
617 479 908 550 γεννῶνται
933 478 1038 531 ὑπὸ
1060 478 1156 549 τῆς
1191 478 1401 545 σοφίας,
1430 478 1517 531 ἵνα
1546 475 1747 548 ἀνθρώ-

168 588 304 638 me
336 574 672 644 ὀδηγήσωσιν
720 568 830 626 ἀπὸ
860 571 1059 634 κακίας
1106 571 1186 634 είς
1232 570 1430 642 ἀρετὴν
1456 611 1470 634 ,
1501 570 1595 624 καὶ
1639 568 1749 624 ἀπὺ

171 664 442 734 ἀγνωσίας
471 667 551 728 είς
576 664 871 733 ἐπίγνωσιν
900 662 1055 716 Θεοῦ.

238 749 410 820 Οὗτός
441 759 588 809 ἐστιν
612 755 997 826 εὐμετάϐολος,
1022 756 1053 808 ό
1077 754 1272 826 ῥᾳδίως
1303 754 1411 807 ἀπὸ
1433 755 1631 827 ἀρετῆς
1656 753 1749 807 ἐπὶ

174 849 370 902 κακίαν
391 848 876 919 μεταϐαλλόμενος,
900 849 1015 911 τοῖς
1048 849 1302 918 πονηροῖς
1316 845 1596 916 λογισμοῖς
1622 862 1749 898 συν-

174 939 460 1010 απαχθείς.

243 1029 462 1100 Πατέρα
494 1026 728 1081 ἐνταῦθα
759 1028 852 1081 τὸν
883 1027 1016 1081 Θεόν
1049 1044 1220 1098 φησι·
1254 1028 1482 1099 μητέρα,
1514 1028 1614 1099 τὴν
1665 1046 1751 1098 φι-

171 1119 517 1191 λανθρωπίαν
547 1119 711 1174 αὐτοῦ
737 1138 750 1151 ·
799 1121 833 1191 ἢ
867 1121 959 1173 καὶ
998 1120 1295 1191 πεποίηκεν
1327 1120 1489 1172 αὐτὸν
1536 1136 1751 1191 σαρκω-

174 1212 335 1283 θῆναι
360 1253 374 1277 ,
402 1214 497 1266 καὶ
542 1213 690 1283 πάθη
721 1214 1006 1284 ὑπομεῖναι
1053 1212 1121 1265 δι’
1151 1213 1297 1283 ἡμᾶς
1317 1228 1330 1241 ·
1366 1214 1395 1265 6
1423 1212 1479 1264 δὲ
1504 1212 1636 1275 Θεὸς
1659 1211 1753 1265 καὶ

174 1305 365 1376 Πατὴρ
389 1304 565 1375 ἡμῶν,
592 1306 692 1357 οὐκ
732 1304 1079 1374 εὐφραίνεται
1112 1304 1205 1356 ἐπὶ
1254 1302 1355 1373 υἱῷ
1392 1302 1751 1373 υἰοθετηθέντι

177 1396 277 1467 μὲν
298 1437 313 1460 ,
348 1396 422 1468 μὴ
454 1397 868 1467 πεπαιδευμένῳ
909 1397 966 1449 δὲ
1008 1395 1106 1466 τὴν
1146 1394 1240 1448 τοῦ
1270 1394 1404 1448 Θεοῦ
1440 1396 1630 1465 σοφίαν
1660 1396 1754 1449 καὶ

174 1488 408 1555 γνῶσιν,
454 1487 587 1540 άλλά
640 1487 807 1558 κακίᾳ
849 1487 943 1541 καὶ
985 1486 1219 1558 πονηρία
1269 1486 1457 1540 ἑαυτὸν
1506 1485 1750 1539 ὲκδόντι’

174 1579 289 1640 υίὸς
312 1577 369 1629 δὲ
398 1577 658 1647 φρόνιμος
703 1576 983 1648 εὐφραίνει
1025 1576 1126 1645 τὴν
1174 1575 1387 1647 μητέρα
1416 1575 1579 1628 αὐτοῦ
1607 1617 1621 1639 ,
1654 1575 1753 1645 τὴν

174 1668 268 1721 τοῦ
294 1668 430 1720 Θεοῦ
476 1667 913 1739 φιλανθρωπίαν·
945 1668 980 1738 ἢ
1022 1668 1115 1720 καὶ
1144 1667 1409 1739 προσάγει
1436 1668 1582 1738 ἡμᾶς
1606 1665 1753 1735 αὐτῷ

174 1760 253 1831 τῷ
273 1760 393 1830 Θεῷ
420 1733 512 1814 καί
542 1733 735 1833 Πατρὶ,
764 1761 840 1824 ὼς
866 1733 1015 1824 uiola;
1041 1733 1633 1829 ἀπογαλακτισθέντας,
1659 1733 1754 1812 καὶ
1786 1733 1826 1787 Β

173 1853 275 1923 τῆς
326 1854 702 1925 πνευματικῆς
770 1855 997 1925 στερεᾶς
1038 1854 1244 1925 τροφῆς
1289 1854 1644 1925 ἐφιεμένους·
1686 1852 1752 1906 ἵν’

171 1942 254 2007 ὡς
282 1944 405 1997 καθ’
432 1945 724 2016 ὁμοιότητα
753 1945 974 2012 ἀδελφὸς
1003 1947 1133 2016 ἡμῖν
1165 1943 1405 2015 γεγονὼς
1446 1948 1474 1999 6
1506 1945 1634 2009 Υἱὸς
1665 1945 1756 1998 αὐ-

168 2034 269 2087 τοῦ
296 2035 505 2107 Ἰησοῦς
521 2037 773 2109 Χριστὸς,
793 2036 965 2100 οὕτως
987 2038 1082 2092 καὶ
1102 2039 1263 2109 ἡμεῖς
1281 2038 1474 2110 πράξει
1498 2040 1592 2092 καὶ
1613 2038 1755 2109 λόγῳ

171 2126 605 2198 πολιτευώμεθα*
641 2126 829 2181 ἔστιδὲ
857 2130 1037 2201 μήτηρ
1065 2128 1222 2199 ἡμῶν
1263 2131 1408 2200 καὶὴ
1440 2128 1753 2199 Ἐκκλησία,

172 2217 244 2286 ἢν
276 2216 354 2286 τῷ
380 2216 656 2288 Πνεύματι
687 2218 767 2289 τῷ
808 2220 947 2290 ἀγίῳ
991 2219 1170 2291 ἑαυτῷ
1197 2222 1226 2274 ό
1265 2219 1399 2283 Θεὸς
1424 2220 1519 2273 καὶ
1564 2220 1755 2291 Πατὴρ

170 2309 457 2378 ἡρμόσατο
484 2311 562 2372 είς
584 2311 819 2378 γυναῖκα
840 2327 854 2343 ο
884 2311 1059 2365 τίκτει
1089 2311 1198 2383 γὰρ
1219 2311 1305 2365 ἀεὶ
1337 2310 1404 2365 δι’
1428 2313 1599 2382 αὐτῆς
1628 2313 1756 2366 ἐαυ-

168 2399 255 2468 τῷ
280 2400 431 2462 υίοὺς
469 2402 563 2454 καὶ
594 2402 894 2473 θυγατέρας
911 2419 926 2434 ο
959 2403 1054 2456 καὶ
1078 2403 1169 2456 ἐπὶ
1206 2402 1303 2474 μὲν
1326 2405 1438 2467 τοῖς
1462 2404 1756 2456 πεπαιδευ-

174 2491 367 2560 μένοις
390 2490 488 2561 τὴν
520 2491 613 2544 τοῦ
642 2491 779 2545 Θεοῦ
808 2491 1006 2561 γνῶσιν
1034 2492 1130 2547 καὶ
1158 2492 1374 2562 σοφίαν,
1404 2493 1757 2565 εὐφραίνεται

174 2584 273 2635 καὶ
305 2584 334 2635 6
379 2583 566 2654 Πατὴρ
610 2584 766 2655 ήμῶν
797 2583 949 2651 Θεὸς,
976 2584 1125 2656 καὶὴ
1158 2585 1340 2657 μήτηρ
1370 2586 1405 2655 ἡ
1442 2584 1755 2656 Ἐκκλησία·

172 2676 273 2728 ἐπὶ
296 2676 355 2729 δὲ
378 2677 491 2739 τοῖς
517 2675 883 2741 ἀπαιδεύτοις,
906 2677 1045 2731 πάνυ
1078 2676 1176 2748 μὲν
1203 2677 1428 2749 κήδεται
1454 2677 1549 2730 καὶ
1581 2676 1762 2731 λυπεῖ-

174 2784 291 2831 ται,
332 2767 410 2831 ὡς
441 2767 514 2839 μὴ
546 2766 807 2822 θελόντων
835 2768 989 2839 ἡμῶν
1018 2770 1339 2842 ἐπιπρέψαι
1372 2770 1466 2823 καὶ
1499 2769 1759 2841 σωθῆναι,

171 2860 317 2913 ἀλλά
343 2862 409 2931 τῇ
440 2861 609 2931 κακίᾳ
632 2862 981 2932 προσμένειν.

251 2951 553 3023 Πρόσωπον
582 2951 815 3006 ἐνταῦθα
845 2952 942 3023 τὴν
971 2952 1202 3023 θεωρίαν
1232 2952 1363 3024 φησί
1382 2970 1394 2983 ·
1425 2951 1629 3024 θεωρία
1652 2952 1760 3024 γὰρ

173 3045 473 3115 νοημάτων
507 3044 728 3097 συνετοῦ
767 3044 978 3115 ἀνδρὸς,
1008 3044 1170 3142 σοφία
1206 3042 1527 3142 καὶ-γνῶσις
1553 3043 1758 3142 καίδι-
1785 3085 1829 3142 C

175 3134 446 3204 καιοσύνη
471 3147 487 3162 ⁸
512 3134 562 3186 oi
592 3133 648 3187 δὲ
674 3133 849 3203 νοεροὶ
877 3131 1142 3202 ὀφθαλμοὶ
1166 3131 1259 3184 τοῦ
1288 3130 1552 3202 ἄφρονος,
1585 3130 1676 3183 καὶ
1704 3131 1761 3183 ἐν

177 3224 401 3297 σώματι
434 3227 494 3278 ἐν
520 3223 666 3296 ἄκρα
692 3224 889 3287 κακίας
914 3223 1008 3277 καὶ
1033 3223 1317 3295 πονηρίας.

269 3402 442 3473 Ὀργὴ
477 3401 557 3473 τῷ
581 3402 774 3472 ἄφρονι
808 3399 907 3472 υίῷ
949 3398 1099 3473 παρὰ
1124 3398 1219 3451 τοῦ
1248 3397 1381 3476 Θεοῦ
1417 3399 1510 3451 καὶ
1550 3398 1762 3469 Πατρὸς

177 3495 527 3564 ἐκπέμπεται
548 3496 605 3546 ἐν
629 3495 695 3564 τῇ
716 3491 899 3565 ἡμέρᾳ
923 3492 1023 3562 τῆς
1046 3490 1280 3561 κρίσεως
1300 3507 1312 3518 ·
1347 3491 1414 3560 τῇ
1442 3489 1499 3542 δὲ
1534 3488 1762 3559 Ἐκκλη-

180 3589 277 3659 σία
296 3589 366 3657 τῇ
398 3585 773 3657 γεννησαμένη
802 3583 880 3656 τῷ
914 3582 1214 3653 Πνεύματι,
1240 3583 1333 3636 καὶ
1366 3585 1432 3653 τῇ
1460 3581 1567 3635 τῶν
1594 3582 1763 3650 ἁγίων

179 3679 396 3751 χορείᾳ,
422 3678 583 3748 ὀδύνη
615 3678 737 3730 τότε
761 3677 976 3739 πάντως
998 3674 1149 3730 ἔσται
1181 3675 1274 3728 ἐπὶ
1302 3677 1365 3746 τῇ
1394 3675 1640 3745 ἀπωλείᾳ
1667 3674 1763 3726 τοῦ

182 3770 420 3838 ἄφρονος
445 3767 582 3821 υίοῦ’
602 3766 694 3819 καὶ
718 3767 800 3819 ὅτι
823 3769 851 3819 ὁ
867 3767 963 3841 μὲν
989 3765 1251 3837 φρόνιμος
1264 3764 1379 3828 υἱὸς
1399 3762 1765 3817 καὶτεκοῦσαν

182 3862 301 3930 ἔχει
329 3859 424 3913 καὶ
452 3860 661 3930 μητέρα
680 3873 694 3886 ’
720 3860 749 3910 6
768 3858 826 3911 δὲ
856 3857 1045 3928 ἄφρων
1073 3856 1241 3928 μόνην
1263 3854 1528 3909 τεκοῦσαν
1549 3871 1562 3884 °
1597 3858 1629 3927 ὴ
1657 3856 1766 3928 γὰρ

187 3955 375 4025 μήτηρ
400 3953 497 4006 καὶ
538 3950 769 4005 τεκοῦσα
795 3966 809 3979 ·
838 3952 870 4021 ἡ
905 3949 963 4002 δὲ
992 3949 1245 4012 τεκοῦσα,
1272 3949 1335 4003 οὐ
1361 3949 1575 4012 πάντως
1615 3948 1764 4001 ἔσται

186 4046 282 4099 καὶ
313 4045 528 4114 μήτηρο
565 4042 658 4096 ὲάν
678 4042 786 4112 γὰρ
815 4040 1061 4111 ἀποθάνῃ
1087 4040 1147 4092 τὸ
1174 4040 1361 4109 τεχθὲν
1387 4041 1445 4091 ἐν
1475 4038 1643 4107 κακίᾳ
1670 4042 1765 4091 καὶ

184 4136 455 4206 ἀγνωσία,
484 4134 714 4188 τεκοῦσα
746 4133 844 4203 μὲν
873 4132 1012 4196 ἔστι,
1042 4133 1225 4203 μήτηρ
1248 4130 1304 4183 δὲ
1328 4132 1427 4184 οὐκ
1450 4130 1564 4183 ἐστι
1582 4145 1595 4159 ·
1630 4129 1764 4183 διότι

188 4228 327 4301 μηδὲ
374 4226 471 4281 τοῦ
519 4227 619 4297 τῆς
668 4225 938 4288 υἱοθεσίας
979 4224 1280 4295 μετέσχηκε
1333 4221 1646 4293 Πνεύματος
1702 4221 1766 4275 τὸ

183 4320 382 4391 τεχθέν
404 4335 418 4348 ·
452 4318 713 4383 ὡσαύτως
736 4318 793 4370 δὲ
821 4318 915 4371 καὶ
952 4317 1045 4369 ἐπὶ
1073 4314 1180 4369 τῶν
1210 4313 1483 4385 αἰσθητῶν
1516 4312 1765 4384 μητέρων

1848 477 2048 546 pientia
2091 476 2406 546 gignuntur,
2437 484 2496 530 ut
2527 476 2635 531 sint
2669 474 2983 530 hominibus
3009 474 3177 528 duces
3210 489 3240 527 a
3280 474 3417 527 vitio
3452 522 3457 527 .

1849 566 1916 620 ad
1965 566 2253 631 virtutem,
2288 572 2344 619 et
2386 563 2455 619 ab
2512 564 2723 619 inscitia
2773 565 2840 618 ad
2883 562 2977 617 Dei
3022 563 3411 633 cognitionem.

1922 751 1967 782 “
2006 748 2100 805 Ille
2139 758 2225 805 est
2260 747 2536 812 volubilis,
2576 748 2667 815 qui
2709 745 2871 801 facile
2913 761 2942 800 a
2985 746 3187 801 virtute
3228 744 3297 801 ad
3336 744 3419 799 vi-

1853 844 1985 899 tium
2015 842 2274 908 declinat,
2307 841 2463 896 malis
2495 839 2919 911 cogitationibus
2943 840 3273 896 abstractus.

1924 1020 1968 1051 ⁶³
1996 1019 2212 1074 Patrem
2248 1034 2392 1074 nunc
2438 1019 2565 1074 dicit
2610 1020 2777 1074 Deum
2815 1038 2830 1086 ;
2875 1031 3124 1089 matrem,
3168 1023 3418 1093 benigni-

1854 1119 2022 1165 tatem
2047 1110 2163 1181 ejus
2191 1126 2317 1179 erga
2350 1111 2619 1177 homines,
2650 1126 2771 1181 qua:
2793 1120 2846 1167 et
2874 1112 2949 1166 illi
2982 1114 3417 1171 incarnationem

1853 1203 2043 1266 suasit,
2073 1213 2128 1257 et
2159 1216 2257 1270 pro
2292 1202 2446 1256 nobis
2472 1202 2607 1270 pati.
2630 1201 2825 1258 Noster
2852 1213 3031 1258 autem
3064 1205 3226 1260 Pater
3257 1207 3419 1273 Deus,

1855 1310 1960 1349 non
1994 1296 2212 1350 laetatur
2244 1294 2500 1363 adoptivo
2531 1293 2666 1359 ﬁlio,
2714 1296 2809 1366 qui
2836 1296 2930 1351 Dei
2960 1298 3285 1368 sapientiam
3333 1311 3419 1355 at-

1853 1401 1960 1456 que
1993 1387 2239 1441 notitiam
2281 1402 2386 1440 non
2419 1385 2491 1440 sit
2522 1386 2769 1455 edoctus,
2798 1389 2894 1443 sed
2924 1391 3180 1459 nequitiae
3219 1403 3277 1447 et
3313 1394 3419 1448 im-

1852 1478 2111 1547 probitati
2159 1478 2400 1533 deditus.
2444 1478 2691 1533 Prudens
2734 1478 2876 1533 ﬁlius
2916 1480 3154 1535 laetiﬁcat
3190 1494 3417 1539 matrem

1854 1585 2036 1636 suam,
2090 1570 2142 1625 id
2184 1580 2268 1625 est
2293 1570 2382 1625 Dei
2422 1571 2840 1640 benignitatem.
2877 1569 2975 1625 Vel
3008 1573 3171 1627 etiam
3201 1576 3421 1632 adducit

1855 1677 1955 1717 nos
1985 1663 2052 1717 ad
2083 1662 2249 1719 Deum
2292 1661 2530 1729 Patrem,
2580 1673 2640 1717 ut
2683 1662 2824 1718 ﬁlios
2861 1662 2973 1732 jam
3011 1666 3330 1734 ablactatos,
3367 1680 3421 1724 et

1856 1755 2120 1826 spiritalis
2160 1755 2434 1810 solidioris
2473 1756 2578 1810 cibi
2617 1757 2865 1826 cupidos.
2905 1758 2973 1813 Ut
3004 1758 3074 1812 ob
3106 1760 3421 1815 similitudi-

1854 1860 1976 1900 nem
2010 1845 2181 1900 frater
2209 1856 2395 1900 noster
2428 1845 2670 1912 eﬁectus,
2706 1847 2875 1903 Filius
2906 1848 3024 1919 ejus
3061 1847 3220 1906 Iesus
3254 1851 3420 1906 Chri-

1854 1947 1990 2002 stus,
2022 1937 2099 1991 ita
2129 1945 2184 1991 et
2210 1952 2309 1992 nos
2342 1948 2467 1992 actu
2496 1951 2550 1991 et
2582 1953 2832 1994 sermone
2865 1941 3133 1996 vivamus.
3170 1942 3266 1997 Est
3307 1959 3418 1997 ma-

1858 2037 1942 2083 ter
1996 2039 2183 2085 nostra
2240 2031 2404 2085 etiam
2446 2031 2710 2099 Ecclesia,
2784 2049 2944 2103 quam
3003 2051 3100 2105 per
3157 2035 3419 2107 Spiritum

1855 2131 2101 2176 sanctum
2132 2122 2272 2178 Deus
2300 2122 2463 2179 Pater
2490 2124 2592 2180 sibi
2627 2140 2877 2193 sponsam
2907 2128 3195 2196 copulavit.
3236 2128 3422 2201 Gignit

1855 2212 1997 2266 enim
2024 2213 2128 2268 sibi
2169 2228 2267 2284 per
2301 2216 2471 2284 ipsam
2501 2230 2717 2288 semper
2754 2217 2896 2274 ﬁlios
2933 2218 3181 2290 ﬁliasque
3223 2240 3237 2277 :
3272 2231 3327 2277 et
3357 2225 3423 2279 de

1856 2306 2063 2359 edoctis
2112 2305 2204 2361 Dei
2253 2306 2502 2361 notitiam
2546 2318 2709 2380 atque
2759 2310 3086 2380 sapientiam
3112 2313 3297 2369 liberis
3329 2314 3423 2370 lae-

1859 2404 2005 2450 tatur
2055 2405 2210 2463 pater
2248 2410 2433 2453 noster
2483 2399 2621 2454 Deus
2650 2410 2932 2470 materque
2959 2403 3221 2459 Ecclesia.
3253 2407 3319 2461 Et
3355 2407 3424 2462 de

1859 2487 2147 2545 ineruditis
2187 2490 2429 2545 tristatur
2457 2506 2787 2563 magnopere
2820 2509 2883 2549 ac
2912 2496 3077 2562 dolet,
3109 2498 3232 2568 quia
3268 2498 3422 2553 nolu-

1860 2594 1979 2635 mus
2020 2582 2260 2637 converti
2307 2598 2372 2639 ac
2423 2584 2648 2653 salvari,
2699 2588 2794 2643 sed
2841 2587 2897 2643 in
2950 2591 3192 2661 nequitia
3239 2606 3426 2662 perse-

1860 2686 1984 2726 vera
1994 2685 2070 2727 re.

1931 2937 1979 2971 “
2017 2936 2235 2994 Vultum
2285 2942 2388 2999 hoc
2441 2941 2561 2998 loco
2618 2944 2756 3001 dicit
2802 2947 3236 3003 meditationem.
3291 2950 3422 3005 Nam

1863 3030 2146 3085 meditatio
2171 3033 2561 3102 cogitationum
2609 3038 2813 3093 cordati
2848 3040 2970 3105 viri,
3025 3042 3288 3111 sapientia
3318 3055 3420 3106 est,

1863 3128 2024 3188 atque
2066 3124 2312 3191 scientia,
2340 3135 2395 3180 et
2424 3125 2654 3195 iustitia.
2696 3128 3097 3186 lnlellectuales
3129 3147 3257 3187 vero
3282 3134 3424 3188 oculi

1861 3212 1962 3267 viri
1996 3214 2191 3277 insani,
2228 3216 2282 3269 in
2317 3232 2542 3286 corpore
2571 3234 2786 3289 quoque
2810 3236 3075 3277 summam
3105 3223 3306 3279 habent
3342 3242 3429 3281 ne-

1863 3306 2089 3376 quitiam
2117 3319 2172 3363 et
2202 3310 2627 3378 improbitatem.
3304 3378 3309 3381 _

1934 3396 1981 3429 ⁶⁸
2014 3398 2094 3452 Ira
2126 3400 2177 3452 in
2211 3399 2375 3454 ﬁlium
2409 3402 2800 3472 imprudentem
2845 3420 2874 3459 a
2927 3406 3036 3461 Deo
3063 3406 3225 3463 Patre
3255 3408 3428 3464 θῆαι]-

1864 3489 2012 3544 ditur
2045 3492 2098 3545 in
2132 3492 2220 3546 die
2264 3493 2477 3562 judicii.
2526 3494 2781 3551 Ecclesia:
2826 3506 3007 3553 autem
3055 3516 3176 3570 qua:
3221 3502 3425 3570 Spiritu

1866 3581 2095 3650 peperit,
2137 3590 2192 3635 et
2239 3595 2552 3638 sanctorum
2605 3587 2796 3649 ccetui,
2842 3587 2996 3643 dolor
3044 3606 3268 3661 prorsus
3324 3594 3429 3647 erit

1865 3680 2087 3743 propter
2140 3672 2240 3728 ﬁlii
2294 3674 2651 3745 imprudentis
2679 3680 3057 3748 perditionem.
3090 3682 3156 3736 Et
3182 3685 3429 3739 animad-

1865 3772 2041 3826 verte,
2091 3766 2357 3833 quomodo
2418 3769 2652 3836 prudens
2697 3771 2840 3825 ﬁlius
2870 3781 2922 3826 et
2953 3785 3234 3841 parentem
3267 3777 3427 3833 habet

1866 3864 1921 3911 et
1965 3866 2188 3912 matrem
2229 3874 2244 3923 ;
2300 3859 2616 3928 imprudens
2666 3872 2847 3917 autem
2908 3864 3076 3920 solam
3124 3879 3425 3935 parentem.

1866 3946 1998 4001 Nam
2027 3959 2220 4010 mater,
2251 3951 2436 4019 utique
2463 3960 2517 4005 et
2543 3966 2739 4022 parens
2766 3964 2847 4009 est
2874 3972 2888 4023 ;
2928 3959 3023 4012 sed
3056 3974 3161 4014 non
3189 3952 3428 4016 vicissim

1866 4054 2082 4108 parens,
2113 4050 2288 4096 mater
2318 4058 2532 4113 quoque
2570 4054 2675 4100 est.
2711 4045 2843 4101 Nam
2899 4049 2946 4103 si
2988 4052 3079 4119 qui
3112 4062 3298 4118 partus
3328 4052 3432 4108 fuit

1867 4132 2011 4189 ﬁlius
2060 4133 2330 4189 moriatur
2360 4135 2413 4189 in
2448 4138 2687 4206 nequitia
2717 4150 2771 4193 et
2803 4140 3043 4209 inscitia,
3088 4143 3178 4199 illa
3211 4146 3430 4214 quidem

1866 4242 2066 4296 parens
2116 4237 2221 4295 est,
2268 4245 2378 4283 non
2436 4242 2629 4288 mater.
2671 4233 3037 4299 Quamobrem
3082 4251 3151 4291 ne
3195 4236 3433 4306 Spiritus

1868 4319 2085 4386 quidem
2139 4320 2482 4390 adoptionem
2534 4323 2901 4393 participatis
2930 4327 3022 4395 qui
3059 4336 3246 4396 partus
3303 4326 3426 4381 fuit.

185 4412 534 4483 νοηθήσεται,
565 4410 658 4462 καὶ
681 4409 774 4461 ἐπὶ
797 4406 891 4462 τοῦ
922 4407 1153 4460 θανάτου
1195 4405 1288 4458 τοῦ
1330 4404 1589 4476 αἰσθητοῦ
1613 4423 1626 4436 ·
1667 4404 1759 4476 τὴν

1872 4408 2134 4464 Similiter
2162 4420 2216 4465 et
2241 4412 2307 4465 de
2337 4412 2714 4468 materialibus
2737 4414 2947 4469 dicetur
2974 4417 3260 4484 matribus,
3287 4419 3430 4472 etde

186 4503 299 4574 γὰρ
332 4502 543 4572 μητέρα
573 4500 802 4571 ἐροῦμεν
828 4500 922 4553 καὶ
940 4498 1202 4553 τεκοῦσαν
1222 4512 1239 4528 ο
1259 4497 1439 4551 οὐκέτι
1470 4496 1527 4549 δὲ
1554 4496 1767 4568 μητέρα

187 4595 285 4649 τοῦ
314 4593 505 4657 παιδὸς
530 4592 912 4655 ἀποθανόντος.

259 4769 587 4841 Πλημμελεῖ
625 4785 738 4831 τις,
767 4767 859 4820 τοῦ
901 4765 1105 4820 δικαίου
1153 4766 1214 4819 τὸ
1244 4765 1451 4819 δίκαιον
1494 4763 1766 4835 ἀφαιρῶν,

188 4862 225 4934 ἢ
275 4859 620 4930 διαστρέφων
663 4856 825 4911 αὐτοῦ
874 4858 1009 4928 πρὸς
1062 4855 1271 4909 ἀδικίαν
1315 4857 1442 4919 τοὺς
1495 4853 1764 4927 μαθητὰς,

189 4952 501 5026 ἁμαρτάνει
522 4968 533 4983 ·
566 4950 755 5019 κτῆσιν
784 4950 892 5020 γὰρ
920 4949 1117 5011 αὐτοὺς
1146 4947 1306 5018 ἔχων,
1337 4946 1640 5018 ἐζημίωται
1665 4964 1677 4977 ·
1706 4947 1769 4999 οὐ

188 5047 302 5117 γὰρ
334 5043 560 5116 ζητοῦσι
589 5042 656 5096 τὰ
681 5042 858 5113 ήμῶν,
889 5040 1001 5093 ἀλλ’
1034 5042 1212 5110 ἡμᾶς’
1242 5039 1507 5102 δυνάστας
1530 5040 1587 5092 δὲ
1620 5039 1769 5106 λέγει

184 5140 319 5203 τοὺς
346 5140 407 5192 ὲν
436 5134 654 5207 Χριστῷ
688 5133 1085 5205 βασιλεύοντας.

1874 4508 2048 4553 morte
2090 4500 2389 4555 materialis
2440 4501 2535 4557 ﬁlii
2562 4520 2575 4555 :
2602 4518 2726 4556 nam
2762 4512 2990 4559 matrem
3020 4507 3236 4573 quidem
3285 4508 3431 4561 dire-

1873 4605 1993 4642 mus
2030 4589 2195 4645 etiam
2246 4600 2552 4661 parentem,
2588 4608 2929 4665 nequaquam
2981 4605 3162 4653 tamen
3203 4609 3430 4653 matrem

1869 4682 2020 4750 pueri
2061 4685 2281 4741 mortui.

1941 4773 1987 4804 “
2016 4772 2521 4846 Delinquitaliquis,
2547 4793 2670 4832 cum
2691 4776 2957 4847 justitiam
2989 4780 3135 4851 justo
3154 4783 3353 4852 eripit;
3379 4796 3434 4835 et

1872 4882 1993 4922 cum
2028 4867 2144 4935 ejus
2175 4871 2469 4941 discipulos
2492 4874 2557 4928 ad
2585 4874 2922 4943 iniquitatem
2958 4878 3276 4947 distorquet,
3306 4895 3435 4949 pec-

1870 4970 1978 5012 cat.
2026 4959 2158 5014 Nam
2207 4976 2334 5017 cum
2391 4964 2490 5019 hos
2541 4967 2694 5035 quasi
2730 4968 3122 5037 possessionem
3175 4968 3421 5032 haberet,

1873 5049 2073 5103 damno
2116 5050 2370 5108 afﬁcitur.
2428 5054 2544 5111 Non
2595 5057 2741 5110 enim
2788 5069 2972 5113 nostra
3021 5069 3290 5128 quaerunt,
3339 5064 3433 5115 sed

1872 5158 1992 5197 nos.
2026 5143 2296 5214 Dynastas
2343 5146 2577 5217 denique
2621 5149 2773 5216 dicit,
2840 5154 2931 5221 qui
2980 5153 3031 5206 in
3080 5152 3299 5209 Christo
3346 5171 3437 5209 re-

1872 5243 2058 5302 gnant.
2736 5252 2763 5269 ο

1634 5349 1788 5404 CAP.
1828 5347 2011 5404 XVIII.

277 5454 339 5507 ‘0
368 5451 633 5524 ἀγόμενος
657 5453 723 5521 τῇ
743 5448 850 5501 τῶν
871 5447 1143 5518 δαιμόνων
1172 5446 1471 5519 ἀφροσύνῃ,
1497 5446 1557 5497 οὐ
1585 5444 1791 5514 χρείαν,

190 5546 310 5617 ἔχει
342 5544 533 5612 σοφίας
573 5540 709 5594 Θεοῦ
739 5539 772 5610 ἢ
800 5536 1081 5608 γνώσεως*
1123 5538 1255 5590 διότι
1288 5537 1537 5607 ἠγάπησε
1574 5536 1773 5607 μᾶλλον

273 5708 321 5740 θ’
347 5723 400 5763 ν.
424 5704 517 5758 20.
608 5707 657 5737 "
688 5721 738 5759 ν.
766 5708 855 5762 21.
934 5705 979 5736 ⁸⁸
1013 5720 1063 5756 v.
1093 5703 1184 5759 ει.

438 5804 707 5865 Panos.
747 5808 862 5866 (iu.
906 5803 1100 5867 XV“.

1953 5445 1997 5476 "
2024 5447 2125 5511 Qui
2154 5447 2457 5503 daemonum
2494 5450 2702 5505 insania
2737 5450 2935 5523 agitur,
2989 5452 3314 5523 sapientiam
3347 5451 3435 5506 Dei

1881 5536 2275 5610 scientiamque
2307 5556 2413 5597 non
2456 5543 2687 5613 requirit
2731 5561 2745 5598 :
2806 5545 2932 5614 quia
2990 5544 3239 5599 tenebras
3270 5542 3439 5612 magis

1266 5704 1309 5734 ⁵⁵
1353 5719 1401 5754 v.
1438 5702 1527 5755 25.
1611 5701 1655 5731 ⁸⁸
1686 5698 1846 5754 v.26.
1926 5698 1969 5729 "
2007 5712 2056 5753 ν.
2085 5696 2118 5750 2

3130 5792 3172 5850 ⁸1
