3888 6214
414 253 528 311 203

1307 246 1868 307 SUPPLEMENTUM
1903 247 1994 303 AD
2031 245 2355 305 ORIGENIS
2387 248 2802 307 EXEGETICA.

3574 256 3689 314 zu

416 373 606 431 dilexit
635 383 799 443 quam
830 369 1008 426 lucem
1034 387 1050 427 :
1079 376 1135 424 et
1164 367 1393 424 stultitia
1424 384 1524 425 sua
1556 370 1820 441 gaudens,
1840 376 1996 439 putat

2102 368 2159 421 τὸ
2187 369 2377 432 σκότος
2406 369 2438 440 ἢ
2470 369 2531 423 τὸ
2559 370 2675 439 φῶς
2694 386 2707 399 ·
2736 366 2840 424 κᾶν
2868 367 3146 440 ἀφροσύνῃ
3177 368 3377 440 χαίρει,
3405 369 3575 426 οῐεται
3604 375 3684 446 μὴ

414 488 476 529 se
506 470 789 541 sapientiae
816 483 919 538 ope
952 482 1058 521 non
1090 465 1356 537 indigere.

486 565 533 598 ⁸⁸
560 564 721 619 Sicut
757 577 900 632 aqua
937 560 1181 615 viviﬁcat
1227 559 1461 628 plantas,
1499 558 1571 612 ita
1606 555 1843 611 hominis
1875 554 1993 609 vir—-

416 660 621 715 tutibus
648 654 890 712 roborati
916 668 1097 708 sermo
1134 660 1367 715 recreat,
1401 662 1563 718 atque
1592 650 1661 703 ad
1696 648 1861 702 Deum
1891 662 1991 703 ex-

418 750 558 803 tollit
586 763 684 804 eos
708 748 801 816 qui
829 746 947 800 ﬁeri
971 744 1244 815 sapientes
1270 742 1479 796 volunt.
1519 738 1766 793 Flavium
1809 748 1990 791 scatu-

418 841 647 896 rientem
690 839 825 894 dicit
868 835 1289 892 inenarrabilem
1318 832 1615 903 gratiarum
1665 829 1988 899 sapientiam

418 928 745 984 sanctissimi
765 927 1024 997 Spiritus,
1049 937 1347 996 perennem
1363 920 1682 993 sapientiam
1706 918 1993 989 tripliciter

416 1021 675 1093 fulgentis
699 1019 874 1076 unicae
905 1017 1214 1078 Trinitatis.

488 1115 536 1148 ”
560 1113 665 1181 Qui
697 1110 975 1181 propriam
1005 1107 1207 1163 diaboli
1237 1104 1611 1176 nequitiamin
1642 1118 1700 1159 se
1728 1101 1991 1167 admittit,

414 1216 470 1261 et
492 1222 560 1261 ex
589 1206 708 1272 ejus
740 1217 932 1259 norma
966 1202 1079 1272 agit
1110 1199 1405 1270 cogitando
1455 1207 1511 1253 et
1561 1193 1989 1257 sermocinando,

416 1299 507 1353 hic
535 1295 769 1350 miratur
811 1293 960 1363 impii
993 1307 1306 1363 personam.
1339 1289 1511 1345 Porro
1533 1289 1797 1358 justitiam
1828 1288 1881 1342 in
1904 1288 1995 1357 ju-

416 1389 584 1453 dicio,
628 1395 687 1442 et
718 1383 1086 1455 corporalium
1134 1382 1369 1449 ratione,
1428 1397 1536 1435 non
1587 1381 1742 1436 decet
1792 1396 1824 1435 a
1874 1381 1993 1434 viro

416 1492 604 1537 sancto
631 1482 829 1535 deseri.

484 1574 534 1606 ⁷⁸
583 1572 759 1629 Ferox
815 1569 1044 1624 audacia
1099 1582 1131 1621 a
1193 1564 1612 1622 mansuetudine
1668 1566 1995 1622 abstrahens

414 1664 676 1729 animam,
715 1661 876 1716 morti
904 1659 1093 1714 tradit.

489 1758 533 1789 ’ί
564 1728 759 1823 Pigros
791 1752 856 1807 ad
888 1749 1263 1820 paenitentiam
1298 1764 1408 1805 non
1453 1750 1547 1805 Dei
1574 1750 1994 1817 timorimpellit,
2027 1728 2068 1782 Β

414 1846 510 1901 sed
543 1846 868 1904 daemonum,
892 1845 986 1909 qui
1021 1839 1144 1894 illos
1175 1838 1241 1892 ad
1271 1837 1712 1907 desperationem
1740 1838 1987 1892 incitant.

415 1938 511 1993 Vel
547 1938 709 1991 timor
744 1933 955 1990 Domini
1000 1931 1270 1987 abstrahit
1319 1945 1416 1986 eos
1469 1932 1537 1983 ab
1588 1931 1787 1997 ignava
1813 1946 1987 1995 mora,

418 2028 754 2095 suscitatque
796 2040 865 2080 ex
916 2022 1055 2078 vitio
1107 2021 1175 2075 ad
1230 2021 1375 2075 bona
1410 2035 1574 2091 opera
1606 2036 1671 2076 ac
1720 2021 1991 2089 pmuiten-

414 2123 568 2177 tiam.
620 2118 857 2174 Semivir
899 2126 983 2172 est
1021 2117 1165 2171 enim
1215 2116 1399 2171 animo
1447 2124 1502 2168 et
1544 2128 1793 2183 corpore,
1830 2111 1991 2166 homo

412 2214 712 2271 dissolutus
735 2221 789 2267 et
814 2210 1015 2277 mollis,
1042 2210 1136 2281 qui
1164 2224 1342 2281 neque
1372 2221 1430 2262 se
1459 2208 1637 2276 ipsum
1662 2206 1859 2258 docere
1893 2218 1991 2255 va-

414 2307 509 2371 let,
540 2320 716 2376 neque
743 2304 813 2358 al)
843 2302 966 2357 aliis
991 2303 1108 2356 vult
1138 2300 1368 2356 erudiri.
1397 2298 1495 2353 Vel
1528 2295 1747 2351 desides
1781 2295 1846 2349 ad
1875 2294 1987 2348 vir—

416 2407 582 2454 tutem
615 2399 777 2452 timor
808 2396 1239 2467 impendentium
1273 2392 1538 2447 malorum
1568 2387 1824 2458 impellit,
1857 2386 1985 2456 quia

413 2491 481 2543 de
502 2487 684 2543 futuro
714 2487 969 2543 ﬁduciam
1008 2500 1118 2540 non
1148 2485 1374 2538 habent.
1425 2481 1523 2536 Vir
1549 2481 1655 2549 'qui
1692 2479 1877 2533 habitu
1905 2486 1990 2532 est

412 2581 637 2648 femina,
665 2580 929 2635 nutricem
969 2578 1227 2632 virtutem
1278 2589 1384 2629 non
1446 2569 1688 2626 habebit.
1733 2568 1989 2623 Esurieut

413 2676 619 2746 potius,
672 2689 795 2729 cum
845 2687 913 2728 ex
959 2672 1189 2726 adverso
1244 2680 1471 2739 regnum
1517 2663 1877 2734 conspicieut,
1928 2663 1985 2716 in

416 2765 753 2823 cruciatibus
782 2761 1106 2818 excruciati.

484 2947 530 2979 ’⁷³
560 2942 782 2999 Divitias
816 2941 1065 2998 scientia!
1116 2938 1361 3004 Domini,
1392 2946 1451 2993 et
1481 2934 1788 2991 'ellicaciam
1814 2929 1985 2987 Verbi

414 3038 785 3093 {ortitudinem
816 3033 970 3089 dicit.
1012 3032 1155 3088 Deus
1182 3030 1329 3086 enim
1358 3028 1507 3084 solus
1546 3028 1653 3083 scit
1684 3025 1984 3097 prazterita,

414 3130 727 3200 praesentia,
777 3142 843 3183 ac
892 3125 1097 3179 futura.
1146 3121 1267 3191 Ipse
1306 3120 1564 3191 praecepit
1610 3094 1837 3173 dicens:
1872 3094 2057 3170 Fiatc

412 3223 544 3289 lux;
578 3235 818 3291 moxque
868 3217 1089 3283 coelum,
1140 3225 1198 3272 et
1239 3224 1408 3278 terra,
1438 3222 1495 3267 et
1530 3209 1790 3282 quidquid
1822 3209 1875 3263 in
1910 3207 1990 3263 eis

412 3323 518 3378 est,
548 3328 614 3377 ex
650 3310 823 3366 nihilo
861 3310 928 3364 ad
973 3306 1340 3364 exsistentiam
1378 3302 1608 3358 deducta
1657 3307 1805 3355 sunt.
1862 3296 1989 3352 Haec

416 3408 590 3476 ipsum
623 3402 909 3458 Dominum
962 3400 1241 3468 Deumque
1282 3411 1405 3451 esse
1445 3394 1622 3450 solum
1670 3391 1985 3448 ostendunt.

415 3499 495 3553 Ad
524 3499 667 3552 hunc
692 3510 789 3566 per
816 3504 1021 3550 rectam
1052 3492 1223 3545 vitam
1250 3489 1384 3558 justi
1422 3495 1738 3549 accurrunt,
1772 3494 1830 3540 et
1856 3497 1987 3537 con-

416 3586 765 3657 templatioue
797 3582 1139 3637 attolluntur.
1176 3578 1273 3634 Vel
1307 3578 1436 3648 quia
1494 3592 1562 3632 ex
1588 3576 1791 3631 creatis
1823 3574 1985 3628 rebus

413 3692 710 3747 earumque
737 3673 1137 3745 magniﬁcentia
1167 3674 1311 3729 Deus
1330 3670 1674 3742 cognoscitur
1702 3681 1824 3722 esse
1867 3680 1988 3721 om—

415 3771 687 3840 nipotens.

484 3942 533 3976 ⁷³
570 3939 840 3999 Utendum
871 3947 954 3994 est
983 3938 1085 3992 hoc
1107 3935 1251 3991 dicto
1279 3934 1544 3989 adversus
1574 3930 1692 3986 illos
1748 3929 1841 3999 qui
1865 3944 1989 3984 cum

416 4051 447 4091 a
488 4036 598 4090 Deo
627 4032 909 4090 scientiam
950 4044 1057 4084 non
1103 4026 1434 4095 acceperint,
1488 4024 1625 4080 alios
1670 4024 1864 4078 docere
1897 4036 1990 4091 ag-

416 4128 757 4199 grediuntur.
794 4124 928 4178 Nam
962 4120 1128 4177 David
1163 4119 1240 4173 ait
1269 4137 1283 4172 :
1314 4116 1381 4171 Ut
1409 4117 1630 4170 audiam
1660 4129 1834 4169 vocem
1864 4112 1983 4165 lau-

414 4222 496 4275 dis
523 4231 649 4284 tum,
679 4231 731 4273 et
756 4227 880 4271 tunc
908 4212 1028 4266 aliis
1055 4226 1295 4266 enarrem
1326 4207 1598 4263 mirabilia
1621 4216 1713 4260 tua
1744 4207 1811 4260 ⁷⁸.
1840 4203 1989 4259 Salo-

418 4329 541 4369 mon
566 4324 785 4382 quoque
812 4306 982 4361 dicit:
1019 4304 1154 4371 Qua:
1193 4300 1430 4355 viderunt
1485 4298 1624 4352 oculi
1667 4297 1765 4361 tui,
1797 4296 1881 4350 dic
1920 4294 1987 4348 ⁷⁸.

2095 460 2284 534 χρείαν
2321 461 2465 532 ἔχειν
2501 463 2713 533 σοφίας.

2167 554 2377 625 Ὥσπερ
2418 554 2480 606 τὸ
2524 552 2669 624 ὕδωρ
2717 551 2975 621 ζωογονεῖ
3017 552 3088 606 τά
3137 554 3278 622 φυτά
3303 594 3321 619 ,
3357 553 3531 618 οὕτως
3562 557 3689 618 ταῖς

2094 642 2315 715 ἀρεταῖς
2332 643 2521 715 ἀνδρὸς
2543 643 2924 715 ὲστομωμένου
2948 644 3104 712 λόγος
3126 645 3410 717 ἀναψύχει,
3430 648 3523 699 καὶ
3544 648 3686 718 πρὸς

2093 736 2226 789 Θεὸν
2256 738 2447 807 πτεροῖ
2475 736 2600 800 τοὺς
2626 735 2908 799 ἐθέλοντας
2946 737 3265 808 σοφισθῆναι
3286 757 3297 768 ⁵
3336 739 3579 810 ποταμὸν
3623 740 3683 793 δὲ

2094 828 2457 899 ἀναπηδῶντά
2483 845 2637 899 φησι,
2661 829 2758 899 τὴν
2789 830 3178 900 ἀνεκδιήγητον
3199 830 3306 883 τῶν
3331 833 3567 903 χαρίτων
3594 850 3687 887 σο-

2094 920 2223 988 φίαν
2252 921 2345 975 τοῦ
2371 922 2639 990 παναγίου
2674 921 3010 992 Πνεύματος,
3045 923 3144 994 τὴν
3171 923 3455 995 ἀείρῥυτον
3489 924 3685 995 σοφίαν

2092 1015 2190 1086 τῆς
2217 1014 2575 1087 τρισσοφαοῦς
2600 1015 2804 1079 ἐνιαίας
2829 1015 3110 1087 Θεότητος.

2177 1107 2235 1161 '0
2266 1108 2364 1181 τὴν
2408 1109 2762 1180 ὑπάρχουσαν
2800 1107 2879 1178 τῷ
2919 1107 3151 1179 διαϐόλῳ
3182 1108 3380 1161 κακίαν
3415 1109 3682 1181 ἀποδεχό-

2098 1215 2275 1269 μενος,
2311 1199 2403 1252 καὶ
2435 1202 2553 1252 κατ’
2585 1199 2755 1270 αὐτὴν
2781 1199 3023 1271 ἐνεργῶν
3047 1200 3249 1272 θεωρίᾳ
3277 1201 3370 1254 καὶ
3398 1201 3561 1273 λόγῳ,
3589 1192 3687 1253 οῦ-

2093 1308 2185 1372 τος
2215 1290 2484 1361 θαυμάζει
2517 1291 2577 1343 τὸ
2632 1292 2922 1362 πρόσωπον
2956 1291 3049 1345 τοῦ
3085 1292 3318 1356 ἀσεϐοῦς
3339 1311 3351 1323 υ
3377 1293 3437 1346 τὸ
3471 1295 3683 1349 δίκαιον

2094 1383 2151 1436 δὲ
2181 1385 2238 1436 ὲν
2270 1383 2469 1454 κρίσει,
2496 1386 2555 1438 ὲν
2586 1382 2729 1455 λόγῳ
2749 1401 2808 1436 τε
2836 1385 3129 1455 σωμάτων,
3154 1386 3213 1438 ού
3243 1385 3405 1439 καλὸν
3432 1388 3681 1443 ἐκκλῖναι

2094 1494 2261 1530 οσιον.

2177 1569 2242 1621 Ἡ
2272 1568 2560 1641 θρασύτης,
2582 1572 2690 1625 ἀπὸ
2714 1569 2809 1624 τοῦ
2834 1571 3010 1643 πράου
3033 1571 3340 1645 χωρίζουσα
3361 1573 3460 1646 τὴν
3478 1573 3679 1648 ψυχὴν,

2095 1656 2175 1728 τῷ
2201 1657 2416 1729 θανάτῳ
2442 1658 2677 1715 δίδωσιν.

2179 1749 2340 1821 Ὀκνη
2350 1751 2476 1821 ροὺς
2520 1753 2600 1814 είς
2622 1752 2907 1822 μετάνοιαν
2935 1754 3309 1808 καταϐαλεῖού
3335 1754 3497 1824 φόϐος
3517 1752 3681 1819 Θεοῦ,

2091 1840 2205 1893 ἀλλ’
2243 1844 2272 1895 6
2318 1841 2427 1895 τῶν
2463 1843 2771 1914 δαιμόνων·
2834 1846 3163 1920 διεγείρουσι
3207 1846 3315 1919 γὰρ
3362 1848 3555 1909 αὐτοὺς
3598 1850 3683 1909 εἰς

2091 1934 2401 2001 ἀπόγνωσιν
2420 1951 2431 1964 ·
2454 1935 2487 2005 ἢ
2510 1938 2537 1988 6
2563 1935 2655 1989 τοῦ
2686 1937 2890 2008 Κυρίου
2927 1937 3136 2010 [φόϐος]
3158 1980 3171 2003 ,
3206 1938 3452 2011 χωρίζων
3480 1940 3681 2002 αὐτοὺς

2090 2024 2183 2078 τοῦ
2214 2026 2470 2097 ὀκνηροῦ,
2504 2029 2597 2081 καὶ
2624 2029 2903 2101 διεγείρων
2936 2031 3133 2094 αὐτοὺς
3161 2033 3226 2084 ὲκ
3255 2033 3353 2102 τῆς
3381 2033 3577 2096 κακίας
3606 2032 3680 2087 δι’

2091 2119 2266 2190 ἔργων
2312 2121 2531 2189 ἀγαθῶν
2574 2124 2654 2184 είς
2704 2124 3026 2193 μετάνοιαν*
3075 2123 3403 2195 ἀνδρόγυνος
3454 2124 3510 2177 δέ
3559 2126 3679 2178 ἐστι

2093 2210 2270 2284 ψυχὴν
2296 2213 2389 2265 καὶ
2422 2212 2601 2284 σῶμα,
2632 2215 2660 2266 6
2688 2215 3086 2285 ἐκκεχυμένος,
3122 2217 3149 2268 6
3179 2216 3440 2286 μαλακὸς,
3474 2219 3501 2269 6
3536 2218 3682 2287 μήτε

2089 2303 2358 2358 διδάσκειν
2378 2304 2674 2374 δυνάμενος
2699 2307 2909 2369 ἑαυτὸν,
2939 2308 3075 2377 μήτε
3110 2305 3400 2378 μανθάνειν
3417 2308 3544 2378 παρ’
3562 2309 3683 2373 ἑτέ-

2094 2413 2201 2467 ρων
2244 2395 2597 2466 βουλόμενος’
2636 2396 2668 2466 ἢ
2724 2397 2847 2460 τοὺς
2893 2394 3184 2459 ὀκνοῦντας
3229 2396 3365 2466 πρὸς
3416 2396 3617 2467 ἀρετὴν
3646 2399 3683 2449 6

2086 2487 2195 2542 τῶν
2228 2487 2414 2541 κακῶν
2446 2488 2609 2556 φόϐος
2660 2488 3119 2559 προκαταϐἁλλει,
3154 2488 3215 2540 τὸ
3253 2488 3681 2561 παραθαρρῦνον

2090 2579 2228 2655 πρὸς
2250 2580 2313 2634 τὸ
2344 2579 2535 2652 μέλλον
2567 2580 2667 2633 οὐκ
2695 2579 2914 2649 ἔχοντας
2932 2596 2944 2608 ·
2975 2579 3113 2650 ἀνὴρ
3142 2579 3197 2631 δὲ
3231 2579 3328 2650 τὴν
3358 2580 3679 2649 προαίρεσιν

2088 2668 2288 2742 θῆλυς,
2324 2670 2421 2740 οὐχ
2448 2668 2558 2734 ἕξει
2587 2671 2684 2743 τὴν
2731 2669 3036 2740 τρέφουσαν
3084 2670 3316 2740 ἀρετήν’
3361 2669 3681 2722 πεινάσουσι

2086 2762 2164 2827 δὲ,
2193 2763 2281 2815 ὅτε
2302 2761 2360 2828 ἐξ
2384 2762 2629 2826 ἐναντίας
2654 2761 2806 2814 ἴδωσι
2833 2760 2931 2832 τὴν
2954 2760 3248 2832 βασιλείαν,
3274 2762 3330 2815 ὲν
3359 2764 3424 2833 τῇ
3453 2760 3683 2833 βασάνῳ

2089 2852 2527 2925 βασανιζόμενοι.

2159 2945 2262 2997 Τὸν
2292 2943 2521 2997 πλοῦτον
2549 2943 2647 3014 τῆς
2674 2942 2927 3012 γνώσεως
2953 2942 3045 2997 τοῦ
3076 2945 3304 3017 Κυρίου,
3331 2944 3425 2998 καὶ
3448 2943 3508 2999 τὸ
3529 2946 3685 3016 ἐνουρ-

2087 3037 2315 3109 γητικὸν
2352 3036 2447 3090 τοῦ
2475 3036 2688 3105 Λόγου,
2726 3037 2877 3108 ίσχύν
2926 3055 3088 3108 φησιν
3110 3056 3123 3068 ·
3164 3039 3327 3101 αὐτὸς
3359 3039 3468 3109 γὰρ
3514 3037 3685 3109 μόνος

2092 3131 2349 3201 γινώσκει
2376 3130 2445 3183 τὰ
2478 3129 2667 3202 πρῴην
2695 3170 2708 3196 ,
2742 3131 2836 3184 καὶ
2866 3132 2935 3185 τὰ
2965 3132 3234 3184 ἐνεστῶτα
3260 3172 3275 3197 ,
3318 3132 3413 3185 καὶ
3442 3132 3511 3186 τὰ
3543 3131 3685 3204 μέλ-

2092 3225 2251 3279 λοντα
2271 3242 2284 3255 ο
2314 3224 2474 3287 αὐτὸς
2517 3225 2612 3278 καὶ
2651 3223 2954 3277 ἐνετείλατο
2980 3222 3168 3287 εἰπὼν,
3204 3224 3487 3295 γενηθήτω
3517 3225 3634 3293 φῶς
3656 3240 3679 3256 ο

2090 3318 2338 3390 οὐρανὸς,
2367 3318 2461 3371 καὶ
2492 3316 2585 3387 γῆ,
2622 3316 2716 3369 καὶ
2748 3315 2814 3369 τὰ
2845 3318 2902 3369 ὲν
2944 3317 3148 3382 αὐτοῖς,
3178 3316 3237 3380 ἐξ
3269 3317 3367 3369 οὐκ
3394 3318 3564 3369 ὄντων
3593 3318 3680 3381 είς

2088 3409 2150 3463 τὸ
2176 3406 2311 3463 εἶναι
2335 3409 2693 3481 παρήχθησαν
2712 3426 2725 3439 ·
2759 3410 2898 3464 αὐτά
2921 3411 2977 3463 δὲ
3004 3409 3276 3463 δείκνυσιν
3293 3408 3453 3461 αὐτὸν
3468 3407 3681 3479 Κύριον

2090 3503 2185 3557 καὶ
2217 3502 2349 3556 Θεὸν
2386 3503 2542 3574 μόνον
2594 3498 2763 3556 εἶναι’
2797 3502 2889 3555 καὶ
2929 3502 3017 3556 διὰ
3070 3504 3168 3573 μὲν
3212 3501 3305 3555 τοῦ
3354 3501 3515 3576 ὀρθοῦ
3553 3502 3681 3572 βίοι)

2089 3597 2513 3669 προστρέχουσιν
2559 3595 2706 3666 αύτῷ
2751 3596 2800 3649 οἱ
2842 3595 3070 3660 δίκαιοι,
3098 3595 3183 3649 διὰ
3213 3595 3271 3648 δὲ
3306 3594 3403 3666 τῆς
3440 3594 3683 3666 θεωρίας

2090 3686 2377 3758 ὑψοῦνται·
2426 3686 2459 3757 ἢ
2509 3686 2590 3739 ὅτι
2638 3689 2701 3739 ὲκ
2744 3687 2854 3739 τῶν
2900 3686 3244 3756 κτισμάτων,
3291 3684 3323 3754 ἢ
3373 3684 3470 3755 τῆς
3503 3701 3680 3755 μεγα-

2089 3779 2317 3851 λοσύνης
2353 3780 2530 3833 αὐτῶν
2551 3821 2565 3845 ,
2606 3779 2838 3852 φανερόν
2872 3781 3018 3832 ἐστιν
3057 3780 3140 3852 ὅτι
3177 3780 3206 3830 6
3237 3777 3368 3840 Θεὸς
3408 3776 3678 3829 παντοδύ-

2088 3849 2285 3945 ναμοςξ
2620 3849 2628 3851 ἡ
2746 3849 2756 3852 -
3081 3849 3095 3879 ’⁵

2159 3964 2435 4036 Χρηστέον
2467 3964 2639 4037 τούτῳ
2666 3963 2743 4034 τῷ
2776 3963 2924 4037 ρητῷ
2973 3962 3109 4035 πρὸς
3134 3963 3259 4025 τοὺς
3286 3960 3359 4032 μὴ
3404 3960 3677 4025 λαϐόντας

2092 4058 2189 4129 μὲν
2217 4057 2417 4126 γνῶσιν
2446 4057 2598 4129 παρὰ
2632 4055 2766 4110 Θεοῦ
2792 4096 2807 4121 ,
2831 4054 3100 4108 διδάσκειν
3151 4053 3206 4107 δὲ
3244 4052 3433 4115 ἄλλους
3465 4054 3677 4123 ἐπιχει-

2090 4149 2316 4221 ροῦντας
2339 4167 2354 4181 ·
2388 4151 2416 4202 ό
2445 4150 2555 4221 γὰρ
2587 4150 2751 4203 Δαυῖδ
2780 4164 2911 4219 φησι
2930 4163 2944 4177 ο
2983 4146 3093 4200 Τοῦ
3124 4145 3380 4199 ἀκοῦσαι
3401 4145 3518 4215 μὲν
3550 4162 3674 4214 φω-

2087 4237 2203 4307 νῆς
2226 4237 2511 4304 αἱνέσεώς
2542 4255 2657 4292 σου
2680 4277 2695 4303 ,
2725 4237 2827 4291 καὶ
2862 4238 2995 4290 τότε
3028 4235 3429 4304 διηγήσασθαι
3458 4234 3678 4300 ἄλλοις

2088 4330 2162 4382 τὰ
2190 4328 2492 4398 θαυμάσιά
2515 4344 2659 4382 σου·
2696 4328 2789 4380 καὶ
2814 4328 2841 4378 ὁ
2862 4325 3112 4397 Σολομῶν
3136 4342 3266 4395 φησι
3290 4341 3303 4354 ·
3344 4326 3403 4377 Ἃ
3431 4319 3597 4376 εἶδον
3620 4326 3680 4377 οἱ

414 4405 568 4460 Multi
614 4402 759 4459 enim
822 4397 1063 4453 nondum
1115 4392 1336 4447 virtutis
1378 4400 1560 4460 empto
1613 4403 1799 4453 cursu,
1852 4385 1987 4440 alios

2102 4385 2387 4491 ﬁsaﬂavlp'tol
2423 4437 2574 4486 σου,
2617 4419 2784 4489 λέγε·
2823 4385 3009 4472 πολλοί
3047 4385 3159 4489 γὰρ
3198 4385 3292 4470 καὶ
3342 4416 3543 4489 ἀρετῆς
3597 4415 3679 4487 μὴ

415 4506 563 4551 recte
593 4508 754 4565 agere
781 4507 887 4546 non
921 4488 1086 4545 modo
1109 4487 1425 4550 hortantur,
1451 4497 1641 4537 verum
1677 4481 1845 4535 etiam
1892 4493 1988 4535 co-

413 4598 547 4658 gunt
573 4596 628 4640 et
649 4588 941 4655 imperant.

488 4680 535 4710 ⁷⁶
571 4676 821 4732 Hominis
876 4674 1097 4728 nomine
1147 4684 1293 4724 nunc
1338 4668 1473 4723 dicit
1519 4667 1713 4722 Deum.
1744 4664 1990 4734 Namque

416 4772 561 4826 illius
582 4767 855 4836 injudicio
880 4765 1118 4820 furorem
1144 4762 1276 4817 lenit
1298 4761 1426 4825 sibi,
1445 4761 1536 4828 qui
1564 4757 1832 4813 mandatis
1846 4756 1991 4827 ejus-

416 4865 538 4917 dem
572 4860 916 4929 obsequitur.
952 4856 1044 4912 Sic
1098 4854 1157 4908 tit
1188 4855 1350 4908 etiam
1388 4854 1440 4906 in
1483 4849 1878 4904 materialibus.
1926 4848 1992 4902 Et

416 4954 560 5009 sicut
604 4952 869 5006 Dominus
922 4959 1109 5005 noster
1165 4949 1429 5018 panthera
1464 4944 1663 5000 catulis
1710 4943 1840 4995 orba
1871 4941 1988 4994 ﬁeri

415 5046 616 5101 dicitur
663 5052 857 5097 contra
896 5050 1235 5111 peccatores,
1264 5047 1319 5093 et
1348 5046 1499 5107 petra
1533 5032 1775 5090 scandali
1808 5033 1987 5086 incre-

417 5136 583 5200 dulis,
612 5134 693 5189 sic
732 5132 1096 5203 pusillanimis
1140 5146 1267 5201 erga
1296 5137 1609 5201 peccantes.
1649 5124 1740 5178 Vel
1765 5124 1989 5193 pusilla-

416 5231 618 5285 nimem
652 5228 897 5297 dicitpro
926 5226 1199 5295 improbo,
1231 5234 1285 5280 et
1318 5237 1414 5293 pro
1443 5221 1590 5277 omni
1623 5220 1865 5274 dmntone
1893 5218 1985 5287 qui

418 5340 447 5376 a
481 5321 681 5375 virtute
715 5320 1057 5388 scientiaque
1094 5316 1380 5371 exciderit.

492 5703 711 5761 “v.4.
793 5698 1012 5755 "v.5.
1091 5696 1304 5754 "v.6.
1381 5700 1420 5730 ⁷¹
1462 5713 1512 5752 v.
1548 5693 1876 5751 8."v.10.

1952 5694 1999 5724 ⁷³
2025 5692 2197 5749 villi.

2093 4511 2486 4586 ἀπαρξάμενοι,
2509 4512 2700 4575 ἀλλους
2723 4510 3063 4582 κατορθῶσαι
3092 4512 3153 4562 ού
3188 4510 3347 4581 μόνον
3378 4507 3681 4579 παραινοῦα

2098 4621 2201 4668 σιν,
2236 4604 2373 4657 ἀλλά
2400 4606 2493 4658 καὶ
2526 4603 2803 4674 βιάζονται
2833 4605 2926 4656 καὶ
2958 4600 3444 4674 παρακελεύουσιν.

2169 4697 2368 4768 Ἄνδρα
2396 4695 2626 4750 ἐνταῦθα
2655 4697 2744 4749 τὸν
2768 4696 2897 4749 Θεόν
2922 4712 3051 4767 φησι
3077 4713 3090 4724 ·
3125 4695 3216 4747 τὸν
3241 4692 3349 4766 γὰρ
3379 4691 3549 4763 θυμὸν
3576 4691 3679 4745 αὐ·-

2095 4788 2189 4842 τοῦ
2221 4790 2311 4842 τὸν
2341 4792 2398 4843 ὲν
2426 4793 2492 4861 τῇ
2522 4788 2696 4860 κρίσει
2726 4788 3095 4859 καταπραύνει
3118 4789 3201 4854 ἐφ’
3228 4784 3485 4842 ὲαυτὸν.ὁ
3513 4783 3680 4854 θερα-

2100 4882 2305 4945 πεύσας
2347 4881 2507 4935 αὑτὸν
2556 4885 2613 4934 ὲν
2646 4884 2764 4944 ταῖς
2800 4881 3040 4943 ἐντολαῖς
3090 4878 3252 4932 αὐτοῦ
3275 4895 3287 4907 ·
3326 4875 3587 4938 ὡσαύτως
3619 4875 3680 4929 δὲ

2095 4975 2189 5025 καὶ
2213 4974 2303 5027 ἐπὶ
2329 4972 2437 5027 τῶν
2463 4973 2734 5044 αἰσθητῶν
2755 4991 2766 5002 ·
2797 4973 2982 5045 ὥσπερ
3005 4971 3059 5023 δὲ
3082 4973 3110 5024 6
3129 4970 3332 5041 Κύριος
3354 4971 3386 5038 ἡ
3396 4967 3510 5039 μῶν
3530 4967 3680 5036 πάρ-

2089 5067 2240 5130 δαλις
2270 5067 2614 5139 ἀπορουμένη
2646 5065 2860 5134 λέγεται
2892 5065 3136 5133 γίνεσθαι
3171 5064 3307 5135 πρὸς
3338 5064 3461 5124 τοὺς
3490 5060 3680 5130 πλημ-⁸

2093 5161 2420 5232 μελοῦντας,
2469 5162 2563 5212 καὶ
2609 5158 2785 5228 πέτρα
2837 5156 3133 5211 σκανδάλου
3187 5155 3325 5228 πρὸς
3380 5155 3505 5216 τοὺς
3546 5154 3683 5205 ἀπι-

2090 5253 2346 5315 στοῦντας
2369 5292 2384 5316 ,
2430 5252 2571 5304 οὕτω
2613 5252 2709 5304 καὶ
2753 5249 3067 5319 ὀλιγόψυχος
3111 5249 3202 5301 ἐπὶ
3266 5248 3376 5309 τοῖς
3420 5243 3676 5315 ἁμαρτάο

2092 5362 2267 5398 νουσιο
2300 5345 2515 5398 δύναται
2543 5343 2598 5395 δὲ
2626 5342 2941 5411 ὀλιγόψυχον
2966 5340 3143 5409 λέγειν
3170 5340 3263 5391 καὶ
3289 5338 3378 5391 τὸν
3411 5334 3674 5406 πονηρὸν,

2093 5439 2187 5492 καὶ
2233 5439 2409 5494 πάντα
2452 5436 2678 5508 δαίμονα
2718 5435 2919 5506 ἀρετῆς
2963 5430 3352 5487 ἐκπεπτωκότα
3395 5428 3489 5483 καὶ
3532 5425 3677 5496 γνώ-

2096 5548 2234 5596 σεως
2243 5571 2255 5584 .

2278 5690 2323 5722 ⁷⁵
2347 5688 2491 5749 Psal.
2527 5703 2656 5755 xxv,
2685 5686 2740 5742 7.
2813 5686 2859 5719 "
2902 5681 3061 5739 Prov.
3095 5696 3219 5747 xxv,
3252 5687 3305 5741 8.
3384 5677 3430 5708 ⁷³
3461 5691 3511 5730 v.
3546 5675 3635 5729 14.
