3888 6218
190 281 303 337 285

1374 284 1741 342 EXPOSITIO
1779 284 1845 341 IN
1880 284 2297 343 PROVERBIA.

3357 286 3466 344 306

258 400 369 454 Τὸν
402 400 516 472 βίον
545 401 640 456 τὸν
680 401 840 480 ὀρθὸν
874 402 1054 457 τοίνυν
1101 397 1255 457 εἶπεν
1296 402 1436 474 δόμα
1467 402 1770 475 ἀνθρώπους

1954 406 2001 439 ⁷⁷
2036 406 2263 462 Rectam
2314 404 2496 475 itaque
2542 403 2712 460 vitam
2765 403 2901 461 dicit
2949 404 3191 473 hominis
3238 405 3467 473 donum,

188 494 341 557 ὅστις
382 492 543 547 αὐτὸν
586 493 847 549 πλατύνει
887 496 982 549 καὶ
1026 495 1255 567 παρέχει
1286 494 1379 549 τοῦ
1414 494 1785 567 πληρώματος

189 586 341 650 ἀξιον
386 585 479 639 τοῦ
512 585 649 640 Θεοῦ
669 603 683 616 ·
717 588 853 659 ὅπερ
880 588 1154 659 καθέδραν
1183 588 1460 643 δυναστῶν
1502 588 1779 661 ὀνομάζει,

190 678 361 746 ἦγουν
400 676 509 729 τῶν
547 678 718 746 ἁγίων
755 678 1039 749 δυνάμεων
1059 696 1072 710 ·
1104 679 1197 732 νοῦ
1227 679 1336 751 γὰρ
1362 679 1604 753 καθέδρα
1634 682 1784 734 ἐστὶν

192 768 306 833 ἕξις
332 768 531 839 ἀρίστη
552 809 570 835 ,
596 768 913 840 δυσκίνητον
954 769 989 840 ἦ
1028 769 1285 841 ἀκίνητον
1322 770 1657 843 διατηροῦσα
1691 771 1783 826 τὸν

192 860 581 932 καθεζόμενον.

266 955 488 1009 Ἀνοιαν
530 954 692 1009 παύει
733 956 965 1024 γνῶσις·
999 955 1139 1027 αῦτη
1185 956 1293 1027 γάρ
1337 957 1485 1009 ἐστιν
1510 959 1538 1010 6
1582 956 1783 1029 κλῆρος

188 1048 289 1117 τῆς
315 1047 531 1114 φύσεως
556 1048 659 1118 τῆς
687 1049 914 1119 λογικῆς
932 1068 946 1080 ο
978 1050 1072 1103 καὶ
1105 1053 1163 1103 ἐν
1188 1050 1476 1114 δυνάσταις
1495 1052 1667 1123 ὁρίζει
1699 1052 1783 1120 γί-

189 1140 379 1193 νεσθαί
409 1158 480 1204 τι,
524 1142 620 1195 καὶ
656 1142 865 1195 ποιοῦσι
884 1159 896 1170 ’
931 1142 1010 1213 τῷ
1038 1143 1145 1215 γὰρ
1175 1143 1374 1212 γνῶσιν
1398 1144 1577 1215 ἔχοντι
1609 1145 1777 1210 θείαν,

188 1234 464 1287 κλίνονται
494 1235 695 1298 πάντες
720 1251 733 1263 ·
768 1235 800 1306 ἢ
828 1235 1138 1306 ἀντιλογίας
1171 1236 1407 1291 ἐνταῦθα
1435 1238 1559 1301 τοὺς
1584 1240 1647 1291 ὲκ
1674 1238 1781 1293 τῶν

188 1327 464 1398 δαιμόνων
506 1328 628 1381 καθ’
666 1328 823 1398 ἡμῶν
858 1330 1240 1399 ἐγειρομένους
1291 1329 1584 1401 λογισμούς
1624 1349 1778 1403 φησι,

185 1419 315 1482 τοὺς
334 1422 403 1490 τῇ
431 1420 599 1491 ἀρετῇ
623 1420 970 1484 ἀντιπάλους,
988 1422 1081 1473 καὶ
1102 1421 1195 1474 τοῦ
1219 1421 1353 1475 Θεοῦ
1378 1423 1609 1495 χωρίσαι
1634 1425 1781 1494 ἡμᾶς

188 1511 523 1576 σπεύδοντας
543 1530 556 1540 ·
590 1513 754 1566 παύει
798 1513 857 1565 δὲ
896 1513 1100 1578 ταύτας
1141 1515 1238 1583 ἀφ’
1267 1514 1424 1586 ἡμῶν
1458 1517 1486 1568 6
1517 1518 1615 1588 τῆς
1642 1517 1782 1586 γνώ-

188 1620 330 1667 σεως
349 1604 573 1675 κλῆρος,
596 1605 689 1659 καὶ
720 1608 846 1671 τοὺς
870 1608 1137 1672 δυνάστας
1166 1608 1425 1680 δαίμονας
1454 1610 1623 1681 ὁρίζει
1653 1613 1782 1667 ἀνα-

188 1698 421 1767 χωρεῖν,
452 1697 527 1760 ώς
565 1697 985 1770 κεκληρωμένος
1018 1700 1096 1772 τῷ
1128 1699 1276 1772 Θεῷ,
1314 1702 1373 1768 ἐξ
1402 1703 1565 1757 αὐτοῦ
1594 1722 1653 1757 τε
1687 1707 1781 1759 καὶ

187 1787 368 1841 ἀλλων
392 1788 469 1853 ὡς
502 1788 654 1844 θείαν
687 1792 892 1860 γνῶσιν
920 1792 1081 1863 ἔχων.

265 1973 343 2026 Ἥ
367 1973 467 2043 τὴν
488 1971 665 2045 ψυχὴν
698 1974 880 2043 λέγει,
914 1973 1059 2047 ζωῆς
1106 1976 1198 2029 καὶ
1229 1974 1461 2030 Θανάτου
1500 1976 1776 2049 δεκτικὴν,

187 2065 283 2134 ἀφ’
310 2059 387 2117 ὧν
422 2065 481 2118 τὸ
514 2066 857 2131 αὐτεξούσιον
898 2067 1167 2120 δείκνυται
1194 2068 1301 2120 τῶν
1341 2067 1437 2121 νῦν
1461 2086 1523 2121 τε
1549 2071 1644 2122 καὶ
1670 2070 1779 2123 τῶν

190 2158 498 2227 μελλόντων
529 2160 655 2223 τοὺς
681 2160 924 2231 καρποὺς
968 2160 1137 2231 αὐτῆς
1180 2159 1485 2216 ἀπολαῦσαι
1512 2160 1694 2215 καλῶν
1718 2179 1780 2215 τε

187 2247 222 2318 ἦ
256 2248 467 2302 κακῶν.

264 2342 363 2404 ’ος
385 2335 511 2411 εὗρε
541 2342 736 2411 σοφίαν
757 2342 990 2413 ἀγαθὴν,
1026 2334 1154 2409 εὗρε
1178 2342 1405 2415 χάριτας
1431 2342 1567 2395 Θεοῦ
1588 2360 1601 2372 ·
1626 2376 1693 2383 -
1719 2343 1777 2395 '0

187 2433 438 2502 κατέχων
482 2434 682 2488 κακίαν
702 2476 717 2499 ,
744 2436 932 2505 ἄφρων
966 2435 1060 2489 καί
1093 2435 1295 2506 ἀσεϐὴς
1315 2478 1330 2503 ,
1368 2435 1445 2499 ὡς
1482 2436 1778 2507 ὲφευρετὴς

186 2524 364 2595 αὐτῆς
388 2525 658 2592 διάϐολος.

1891 506 2153 567 quantum
2203 496 2435 567 quisque
2480 496 2533 551 id
2584 496 2837 567 ampliat,
2868 506 3079 551 etcum
3129 496 3471 567 plenitudine

1889 589 2051 646 oti‘ert
2114 590 2277 662 digna
2317 588 2460 645 Deo:
2504 589 2665 659 idque
2703 590 2868 645 etiam
2925 589 3241 645 cathedram
3295 593 3471 663 dyna-

1890 692 2097 737 starum
2121 681 2387 746 nominat,
2407 680 2458 737 id
2486 691 2569 736 est
2599 691 2911 736 sanctarum
2949 691 3298 750 potestatum.
3327 680 3471 736 Meu-

1891 776 1962 831 tis
1986 775 2133 831 enim
2158 773 2417 829 cathedra
2451 784 2557 841 est,
2587 775 2795 844 optima
2844 774 3187 830 consuetudo
3214 790 3337 844 qua:
3378 774 3472 828 tir-

1889 885 2037 924 mum
2072 868 2510 938 immobilemque
2542 877 2688 923 tenet
2718 867 2996 923 sedentem
3027 866 3081 921 in
3124 866 3235 920 illa.

1962 960 2009 991 "
2050 959 2357 1013 Amentiam
2380 957 2679 1027 exstinguit
2727 955 2957 1010 scientia
2987 971 3003 1020 ;
3044 952 3163 1009 haec
3198 953 3341 1007 enim
3371 962 3458 1008 est

1889 1052 2172 1108 rationalis
2210 1061 2417 1106 naturae
2451 1050 2566 1105 dos.
2611 1049 2731 1118 Ipsa
2778 1046 3023 1118 dynastis
3062 1060 3279 1116 quoque
3331 1045 3465 1100 deli-

1890 1148 1971 1201 nit
1995 1146 2123 1215 quid
2163 1154 2325 1216 agant
2353 1162 2369 1210 ;
2404 1153 2457 1198 et
2486 1142 2541 1197 hi
2576 1142 2803 1197 faciunt.
2837 1141 2969 1196 Nam
3008 1140 3057 1195 ei
3089 1140 3182 1210 qui
3216 1139 3457 1193 divinam

1888 1239 2168 1294 scientiam
2198 1239 2379 1304 habet,
2415 1238 2598 1293 cuncti
2629 1236 3025 1304 obsequuntur.
3054 1232 3151 1289 Vel
3184 1232 3463 1288 contradi-

1887 1332 2097 1387 ctiones
2132 1332 2234 1386 hoc
2271 1330 2389 1386 loco
2443 1329 2575 1384 dicit
2628 1330 2930 1385 concitatas
2976 1327 3245 1382 adversus
3282 1341 3384 1380 nos
3432 1341 3462 1378 a

1892 1422 2228 1477 dzemonibus
2253 1419 2635 1490 cogitationes,
2666 1418 2885 1472 virtutis
2936 1417 3211 1479 inimicas,
3256 1432 3466 1487 nosque

1889 1530 1916 1566 a
1952 1512 2063 1568 Deo
2086 1526 2344 1582 separare
2371 1520 2701 1581 satagentes.
2750 1510 2859 1565 Has
2894 1524 3027 1563 vero
3069 1507 3124 1563 in
3161 1508 3323 1563 nobis
3370 1523 3468 1563 ex-

1887 1604 2119 1675 stinguit
2146 1602 2387 1658 scientia:
2415 1604 2533 1668 dos,
2583 1603 2946 1672 dynastasque
2976 1600 3248 1656 dmmoues
3278 1599 3466 1670 fugere

1882 1696 2035 1764 jubet
2066 1710 2082 1760 ;
2124 1702 2381 1764 tanquam
2409 1693 2518 1748 Deo
2545 1692 2748 1748 addicti
2779 1694 2971 1759 simus,
3020 1692 3088 1746 ab
3130 1706 3305 1762 eoque
3328 1691 3464 1744 alia-

1814 1794 1855 1848 B
1889 1802 2004 1840 rum
2039 1800 2254 1855 quoque
2287 1800 2466 1840 rerum
2495 1784 2787 1840 scientiam
2819 1786 2973 1855 quasi
2997 1785 3233 1840 divinam
3262 1785 3463 1840 habea-

1883 1893 2021 1932 mus.

1963 1970 2008 2002 ⁷⁹
2039 1969 2135 2025 Vel
2166 1970 2401 2023 animam
2440 1968 2594 2033 dicit,
2640 1969 2768 2024 vitze
2810 1967 3114 2039 mortisque
3167 1983 3450 2039 capacem,

1880 2064 2021 2117 unde
2047 2063 2281 2118 liberum
2310 2061 2429 2131 ejus
2479 2060 2767 2114 arbitrium
2824 2070 3178 2123 monstratur,
3226 2062 3292 2115 ad
3330 2075 3455 2116 car-

1880 2153 2086 2224 pendos
2138 2162 2250 2207 tum
2301 2152 2590 2224 praesentis
2633 2160 2744 2205 tum
2802 2150 2969 2206 futuri
3014 2162 3189 2209 status
3221 2153 3453 2216 fructus,

1883 2249 2151 2302 bonorum
2184 2245 2397 2300 scilicet
2420 2246 2500 2299 vel
2538 2246 2802 2300 malorum
2833 2260 3079 2315 operum.

1954 2337 1999 2368 ⁸ο
2030 2336 2131 2402 Qui
2160 2335 2482 2406 sapientiam
2509 2336 2707 2391 bonam
2739 2337 2968 2403 invenit,
3000 2338 3204 2408 gratias
3242 2337 3337 2392 Dei
3374 2337 3459 2392 in-

1883 2432 2053 2486 venit.
2083 2461 2151 2472 —
2183 2431 2284 2497 Qui
2321 2432 2618 2501 nequitiam
2652 2434 2870 2499 retinet,
2897 2448 3133 2488 vesanus
3166 2444 3252 2491 est
3280 2442 3335 2490 et
3356 2435 3455 2490 im-

1886 2525 2030 2594 pius,
2062 2534 2123 2580 ut
2151 2526 2404 2581 inventor
2437 2524 2585 2581 illius
2624 2525 2895 2581 diabolus.

1655 2625 1812 2682 CAP.
1851 2623 1997 2679 XIX.

259 2713 500 2780 Πλοῦτος
523 2715 777 2785 γνώσεως
809 2720 901 2773 καὶ
925 2720 1117 2790 σοφίας
1144 2722 1497 2794 προστίθησιν
1522 2726 1652 2796 ἡμῖν
1678 2724 1777 2793 ἀγ-

182 2803 379 2872 γέλους
405 2804 634 2869 πολλούς
652 2823 666 2837 ο
698 2810 727 2860 6
753 2807 808 2860 δὲ
829 2810 1155 2880 ἀκάθαρτος,
1184 2812 1242 2866 ὃν
1275 2813 1481 2885 πένητά
1509 2832 1662 2886 φησι,
1682 2816 1776 2868 καὶ

181 2895 294 2947 ἀπὸ
319 2893 414 2948 τοῦ
440 2895 684 2960 δοθέντος
715 2898 861 2970 αὑτῷ
890 2902 955 2954 ὲκ
986 2902 1174 2967 παιδὸς
1201 2904 1435 2973 ἀγγέλου
1460 2904 1772 2977 χωρίζεται·

181 2988 219 3058 ἡ
262 2987 375 3059 γὰρ
422 2990 764 3061 πνευματικὴ
813 2991 1001 3060 φιλία,
1048 2993 1214 3067 ἀρετή
1272 2997 1387 3049 ἐστι
1440 2998 1535 3050 καὶ
1576 2997 1777 3065 γνῶσις

180 3079 345 3149 θεοῦ,
370 3081 439 3134 δι’
466 3076 540 3137 ὧν
571 3085 951 3156 συναπτόμεθα
973 3086 1109 3158 πρὸς
1135 3088 1316 3157 φιλίαν
1336 3094 1458 3155 ταῖς
1481 3092 1666 3160 ἁγίαις
1694 3091 1769 3145 δυ·

1953 2719 1998 2751 ⁸⁸
2033 2719 2242 2775 Divitiae
2294 2720 2538 2775 scientia
2589 2735 2653 2775 ac
2706 2718 2990 2790 sapientiae
3038 2720 3245 2775 addunt
3301 2720 3455 2775 nobis

1881 2810 2102 2883 angelos
2134 2812 2462 2882 complures.
2492 2814 2562 2868 At
2600 2814 2870 2885 impurus,
2903 2832 3062 2885 quem
3104 2825 3293 2871 auctor
3320 2830 3455 2885 pau-

1882 2918 2067 2975 perem
2095 2904 2360 2972 nominat,
2392 2905 2556 2959 etiam
2589 2908 2718 2961 dato
2752 2907 2852 2963 sibi
2885 2922 2952 2963 ex
2987 2908 3218 2978 pueritia
3261 2908 3454 2977 angelo

1880 2998 2147 3068 privatur.
2194 2996 2329 3052 Nam
2379 2998 2644 3068 spiritalis
2697 3001 2961 3066 amicitia,
3018 3002 3195 3056 virtus
3252 3010 3337 3057 est
3390 3016 3453 3055 ac

1880 3092 2135 3158 scientia,
2157 3106 2188 3146 a
2212 3092 2407 3162 quibus
2436 3093 2614 3148 amice
2648 3093 2968 3163 copulamur
2999 3108 3121 3148 cum
3166 3094 3453 3162 potestati-

179 3171 416 3232 νάμεσιν
436 3188 453 3202 ο
513 3172 627 3241 εἴγε
654 3174 701 3226 oi
732 3175 1114 3243 μετανοοῦντες
1148 3177 1445 3251 ἄνθρωποι,
1482 3183 1654 3252 χαρᾶς
1687 3181 1770 3234 αἴ-

1887 3186 1978 3240 bus
2028 3186 2232 3241 sanctis
2271 3203 2286 3241 :
2333 3187 2771 3256 quandoquidem
2819 3187 3144 3256 pmnitenles
3204 3188 3454 3242 homines

177 3282 285 3317 τιοι
317 3266 558 3333 γίνονται
590 3268 701 3329 τοῖς
728 3268 1005 3335 ἀγγέλοις’
1034 3268 1177 3323 οὕτω
1202 3270 1295 3324 καὶ
1324 3274 1353 3325 6
1377 3272 1565 3346 Σωτὴρ
1590 3273 1773 3344 φίλους

179 3357 363 3413 καλεῖ.
386 3358 512 3421 τοὺς
536 3359 751 3424 δούλους
782 3360 929 3425 ποτὲ,
954 3361 1053 3431 τῆς
1082 3361 1324 3433 μείζονος
1348 3364 1513 3418 αὑτοῦ
1544 3365 1775 3437 θεωρίας

178 3448 533 3514 καταξιώσας
549 3467 565 3479 ·
596 3450 738 3505 οὕτω
767 3454 860 3505 καὶ
890 3454 1140 3525 Ἀϐραὰμ
1161 3456 1452 3520 πλουτίσας
1473 3459 1530 3511 ὲν
1553 3458 1770 3526 γνώσει,

176 3541 278 3610 τὴν
310 3540 581 3614 μυστικὴν
600 3543 817 3615 ἐκείνην
840 3546 1173 3618 παρατίθησι
1196 3547 1471 3619 τράπεζαν
1492 3551 1605 3613 τοῖς
1633 3550 1773 3603 κατά

177 3634 277 3705 τὴν
312 3635 661 3707 μεσημϐρίαν
705 3640 917 3706 φανεῖσι
950 3638 1126 3707 φίλοις
1163 3640 1351 3694 αὐτοῦ’
1382 3641 1555 3695 Σαοὺλ
1593 3640 1649 3694 δὲ
1677 3645 1772 3697 καὶ

178 3726 289 3780 ἀπὸ
314 3727 410 3780 τοῦ
436 3729 772 3800 ὑπάρχοντος
803 3732 953 3801 φίλου
986 3731 1075 3787 διὰ
1103 3734 1203 3806 τὴν
1230 3734 1429 3789 κακίαν
1457 3736 1765 3807 χωρίζεται·

177 3821 493 3890 γέγραπται
538 3822 684 3893 γάρ’
722 3825 832 3878 Καὶ
861 3824 1096 3893 ἀπέστη
1133 3828 1369 3897 πνεῦμα
1404 3830 1623 3898 Κυρίου
1651 3830 1771 3884 ἀπὸ

176 3914 403 3966 Σαούλ·
439 3913 538 3966 καὶ
565 3915 800 3986 πνεῦμα
835 3918 1099 3985 πονηρὸν
1132 3920 1290 3988 παρὰ
1315 3922 1541 3989 Κυρίου
1565 3922 1772 3991 ἔπνιγε

176 4003 286 4055 τὸν
308 4005 512 4058 Σαούλ
530 4021 545 4034 ·
582 4009 676 4060 καὶ
701 4006 916 4079 πνεῦμα
945 4011 1151 4081 Κυρίου
1183 4011 1352 4081 λέγων
1378 4012 1470 4065 τὸν
1498 4014 1727 4082 ἄγγελον
1752 4032 1763 4044 ·

186 4094 249 4145 ’0
288 4096 500 4157 ποιῶν,
533 4097 663 4168 γὰρ,
689 4099 821 4167 φησὶ
840 4139 855 4164 ,
886 4101 1027 4168 τοὺς
1044 4102 1340 4171 ἀγγέλους
1365 4103 1553 4158 αὐτοῦ
1584 4106 1768 4159 πνεύ-

171 4199 370 4248 ματα,
405 4185 503 4237 καί
537 4185 678 4252 τοὺς
721 4190 1105 4259 λειτουργοὺς
1131 4192 1318 4245 αὑτοῦ
1352 4192 1471 4261 πῦρ
1502 4194 1763 4264 φλέγον-

176 4273 255 4327 ί9ι
292 4275 377 4326 ὃτι
392 4274 449 4327 δὲ
470 4275 686 4343 ἄγγελοι
703 4278 824 4341 τοὺς
843 4278 1159 4351 ἀνθρώπους
1179 4282 1660 4353 ἐμπεπίστευνται,
1686 4285 1765 4337 δι-

172 4366 368 4419 δάσκει
398 4368 457 4420 ὲν
487 4371 599 4431 τοῖς
628 4370 982 4439 Εὑαγγελίοις
999 4375 1027 4427 6
1048 4374 1249 4445 Κύριος
1269 4415 1284 4439 ,
1323 4375 1548 4445 Ὁρᾶτε,
1567 4377 1763 4446 λέγων,

1877 3278 2058 3347 gaudii
2109 3294 2273 3334 causa
2330 3279 2471 3334 fiunt
2516 3279 2747 3351 angelis.
2802 3279 2894 3336 Sic
2957 3281 3122 3336 etiam
3184 3280 3450 3335 Dominus

1875 3373 2081 3427 amicos
2104 3382 2284 3437 vocat,
2319 3373 2410 3444 qui
2441 3383 2601 3428 antea
2631 3374 2775 3427 servi
2803 3383 2986 3439 erant,
3024 3374 3230 3442 majore
3254 3375 3335 3429 sui
3365 3389 3454 3429 co-

1874 3465 2117 3535 gnitione
2159 3466 2414 3537 dignans.
2471 3468 2564 3523 Sic
2616 3469 2743 3523 item
2812 3468 3163 3525 Abrahamus
3221 3469 3447 3525 scientia

1878 3558 2182 3627 abundans,
2223 3562 2511 3629 mysticam
2544 3559 2693 3615 illam
2724 3562 2947 3629 apponit
2978 3576 3223 3616 mensam
3277 3577 3445 3632 appa-

1874 3652 2119 3707 rentibus
2166 3652 2268 3707 sub
2298 3652 2581 3706 meridiem
2635 3653 2828 3708 amicis
2881 3654 3014 3707 suis.
3067 3651 3199 3707 Saul
3256 3662 3446 3706 contra

1873 3745 1943 3799 ab
1988 3745 2289 3800 inhazrente
2328 3744 2431 3799 sibi
2477 3745 2655 3799 amico
2703 3748 2776 3801 ob
2821 3748 3119 3816 nequitiam
3167 3746 3448 3800 dividitur.

1872 3838 2144 3906 Scriptum
2174 3846 2257 3894 est
2286 3838 2431 3893 enim
2478 3857 2492 3893 :
2544 3839 2617 3894 Et
2646 3841 2882 3894 discessit
2904 3839 3122 3908 spiritus
3162 3838 3377 3892 Domini
3415 3856 3449 3893 a

1874 3931 2074 3994 Saz'tIe;
2120 3940 2169 3985 et
2197 3932 2415 4001 spiritus
2457 3932 2632 3987 malus
2682 3950 2713 3985 a
2764 3933 2985 3987 Domino
3030 3932 3247 3988 Saﬁlem
3273 3934 3445 4001 ευβο-

1870 4023 2023 4077 cabat
2063 4023 2131 4079 ⁸⁸.
2164 4024 2232 4080 Εῑ
2260 4025 2514 4095 spiritum
2553 4026 2767 4081 Domini
2807 4027 2997 4081 dicens
3037 4026 3312 4097 angelum,
3342 4024 3447 4090 Qui

1870 4114 2024 4184 facit,
2065 4116 2163 4183 ait,
2218 4118 2433 4188 angelos
2486 4136 2610 4173 suos
2647 4121 2889 4190 spiritus,
2931 4128 2983 4174 et
3024 4122 3293 4175 ministros
3319 4137 3445 4175 suos

1870 4210 2045 4278 ignem
2092 4220 2332 4265 urentem
2372 4210 2438 4265 ⁸³.
2479 4209 2600 4267 Jam
2630 4212 2776 4283 quod
2807 4212 3016 4282 angelis
3047 4213 3294 4268 homines
3334 4214 3448 4271 siut

1832 4304 1841 4311 '
1868 4302 2256 4367 commendati,
2287 4304 2447 4358 docet
2474 4304 2528 4358 in
2554 4303 2867 4368 Evangeliis
2909 4304 3172 4360 Dominus
3210 4305 3401 4359 dicens
3430 4328 3441 4360 ;

1868 4391 2057 4448 Cavete
2096 4410 2160 4449 ne
2184 4396 2531 4449 contemnatis
2559 4412 2722 4450 unum
2751 4412 2816 4451 ea:
2849 4396 2930 4451 his
2958 4395 3325 4466 pusillis,quia
3354 4414 3445 4451 an-

169 4459 259 4527 μὴ
292 4459 710 4527 καταφρονῆτε
743 4462 881 4529 ἐνὸς
911 4462 1029 4518 τῶν
1047 4465 1276 4534 μικρῶν
1298 4469 1543 4533 τούτων,
1576 4469 1665 4523 ὅτι
1711 4474 1763 4524 οὶ

1887 4486 1971 4550 νείὶ
2015 4502 2196 4540 eorum
2239 4501 2443 4554 semper
2489 4490 2665 4543 vident
2691 4490 2881 4558 faciem
2917 4488 3101 4542 Patris
3142 4490 3246 4543 mei
3275 4490 3365 4560 qui
3388 4492 3442 4541 in

174 4550 422 4620 ἄγγελοι
442 4550 641 4604 αὐτῶν
666 4552 765 4607 διὰ
785 4556 1010 4623 παντὸς
1027 4558 1334 4621 βλέπουσι
1352 4560 1417 4613 τὸ
1439 4562 1765 4628 πρόσωπον

1887 4580 2009 4634 :aelis
2029 4589 2104 4634 est
2127 4580 2196 4634 ⁸⁸.
2231 4581 2363 4635 Item
2390 4579 2595 4637 Jac-ob:
2630 4581 2860 4653 Angelus
2884 4592 3027 4647 tuus,
3060 4582 3149 4651 qui
3182 4550 3319 4636 eruit
3360 4597 3449 4636 ne:

176 4641 285 4696 τοῦ
321 4642 546 4710 Πατρός
569 4661 691 4711 μου
726 4646 830 4699 τοῦ
862 4647 933 4700 ἐν
956 4649 1235 4716 οὐρανοῖς
1254 4668 1268 4681 ·
1296 4652 1389 4707 καὶ
1414 4652 1576 4706 πάλιν
1601 4654 1629 4705 6
1669 4655 1764 4706 Ἰα-

173 4733 293 4787 κοίϐ
312 4752 329 4766 ’
372 4735 424 4787 '0
455 4734 709 4804 ἄγγελός
741 4754 857 4791 σου
889 4742 923 4793 ό
944 4741 1243 4811 ῥυόμενός
1268 4760 1347 4812 με
1374 4744 1494 4799 ἀπὸ
1522 4744 1763 4799 πάντων

174 4842 297 4881 των
322 4845 543 4881 κακων.

247 4918 403 4970 Ὅσοι
429 4922 555 4984 τοὺς
590 4922 717 4995 περὶ
746 4922 976 4993 κρίσεως
1021 4923 1115 4977 καὶ⁵
1140 4924 1397 4996 προνοίας
1439 4925 1758 4994 ἀγνοοῦντες

170 5007 366 5077 λόγους
387 5052 402 5074 ,
436 5011 528 5065 τὸν
560 5013 888 5085 δημιουργὸν
916 5015 1314 5088 βλασφημοῦσι,
1346 5017 1619 5090 μάρτυρές
1651 5021 1758 5071 εἰσι

168 5101 423 5169 ψευδείς’
457 5106 558 5158 οὐκ
598 5106 935 5180 ἀτιμώρητοι
976 5108 1035 5162 δὲ
1078 5108 1419 5180 διαμένουσιν
1461 5112 1519 5163 ὲν
1572 5110 1760 5183 ἡμέρᾳ

170 5196 444 5266 κρίσεως·
483 5200 575 5253 καὶ
606 5201 719 5253 ὅσοι
748 5201 909 5254 πάλιν
949 5201 1055 5255 ὑπὸ
1111 5202 1220 5255 τῶν
1265 5203 1409 5257 ίδίων
1442 5202 1630 5257 παθῶν
1680 5206 1761 5257 ὲν-

167 5288 327 5358 οχλού
338 5307 488 5359 μενοι
518 5293 827 5363 νομίζουσιν
854 5295 1229 5367 ἀκατόρθωτον
1256 5293 1393 5349 εἶναι
1420 5296 1518 5368 τὴν
1535 5297 1754 5368 ἀρετὴν,

167 5375 315 5432 οὗτοι
346 5383 424 5449 τῷ
447 5381 698 5438 δεδωκότι
728 5385 819 5437 τὸν
852 5385 1017 5457 νόμον
1049 5385 1370 5453 ἐγκαλοῦσιν
1400 5386 1616 5449 ἀδίκως.

237 5472 304 5523 Οἱ
331 5470 537 5541 χυδαίοι
568 5475 630 5527 ού
664 5475 723 5528 τὸ
754 5474 971 5546 ἀξίωμα
1008 5475 1274 5549 τιμῶντες
1306 5477 1616 5531 ἀποδιδόασι
1661 5477 1753 5531 τὸν

241 5588 287 5619 ⁷⁷
330 5602 384 5640 v.
432 5587 522 5643 l6.
600 5589 841 5646 "v.18.
914 5593 960 5627 ⁷⁸
985 5609 1041 5648 v.
1111 5595 1205 5650 2|.
1299 5595 1347 5625 ⁸⁸
1377 5595 1545 5651 v.22.

168 5672 324 5723 svnt,
363 5658 448 5714 10.
525 5659 571 5691 ⁸⁸
614 5658 749 5715 Gen.
804 5677 992 5725 sum.
1038 5664 1123 5719 16.
1200 5665 1245 5697 ⁸⁸
1275 5681 1328 5719 v.
1367 5666 1420 5721 5.
1494 5667 1537 5697 ⁸⁷
1577 5683 1626 5721 v.
1657 5668 1710 5721 6.

1651 5596 1694 5626 ⁸³
1729 5612 1781 5651 v.
1821 5595 1878 5651 4.
1952 5596 1996 5627 ⁸⁸
2031 5593 2050 5647 l
2083 5594 2217 5664 Reg.
2258 5609 2369 5663 xw,
2413 5592 2501 5647 14.

1866 4673 1930 4725 de
1962 4673 2161 4725 cunctis
2202 4673 2357 4726 malis
2385 4673 2455 4727 ⁸⁵.

1932 4924 1979 4954 ⁸⁸
2016 4923 2291 4993 Quotquot
2322 4924 2386 4978 de
2413 4925 2617 4994 judicio
2646 4934 2700 4980 et
2730 4926 3069 4994 providentia
3119 4926 3441 4997 ignorantes

1864 5020 2212 5083 doctrinam,
2261 5026 2565 5073 creatorem
2622 5017 3041 5088 blasphemant,
3094 5027 3264 5074 testes
3313 5029 3440 5075 sunt

1865 5112 2202 5175 mendaces;
2255 5125 2429 5180 neque
2481 5110 2727 5180 intpuues
2764 5119 2928 5165 erunt
2976 5110 3031 5164 in
3087 5112 3176 5166 die
3217 5111 3429 5180 judicii.

1862 5200 2141 5270 Quotquot
2183 5201 2311 5256 item
2340 5215 2370 5254 a
2404 5200 2520 5256 suis
2561 5201 2950 5271 cupiditatibus
2975 5203 3169 5257 irretiti
3195 5240 3212 5266 ,
3244 5202 3433 5257 existi-

1862 5303 2016 5348 mant
2043 5291 2433 5363 impossibilem
2484 5306 2609 5349 esse
2656 5295 2938 5362 virtutem,
2965 5294 3021 5350 hi
3055 5294 3187 5365 legis
3203 5292 3431 5349 latorem

1860 5383 2060 5449 injuste
2090 5389 2371 5439 accusant.

1930 5476 1975 5508 ⁸⁷
2008 5476 2273 5547 Volgares
2314 5474 2562 5530 hom.nes
2595 5485 2703 5525 non
2731 5470 2860 5540 quia
2896 5470 3212 5542 dignitatem
3249 5469 3427 5524 hono-

2595 5593 2638 5624 ⁸³
2668 5590 2815 5650 Psal.
2869 5605 2987 5656 cm,
3026 5593 3078 5648 ί.
3152 5589 3196 5623 ⁸⁸
3226 5588 3427 5645 Matth.»

239 5753 317 5825 (θ)
344 5753 505 5810 Vides
538 5756 841 5812 doctrinam
871 5757 934 5813 de
957 5760 1276 5816 custodibus
1302 5760 1578 5817 hominum
1604 5759 1811 5830 angelis
1838 5760 1923 5815 hic
1950 5769 1999 5814 et
2027 5757 2194 5814 infra.
