3888 6214
426 300 528 361 £07

1310 292 1872 352 SUPPLEMENTUM
1908 290 1998 346 Α’ῐ)
2031 289 2355 347 ORIGENiS
2392 289 2804 347 EXEGETICA.

3563 289 3670 345 208

429 427 571 485 rent,
604 416 964 474 reverentiam
994 414 1278 481 exhibent,
1310 416 1405 471 sed
1436 421 1778 471 assentantes
1809 428 1992 484 respe—
2020 463 2023 471 .

2121 414 2279 477 >660v,
2314 412 2449 467 ἀλλά
2483 413 2710 477 κόλακες
2741 412 2895 476 ὄντες
2922 406 3475 483 προσιιητοληπτοῦσιν
3498 426 3513 442 υ
3556 412 3585 465 ὁ
3614 409 3672 465 δδ

427 525 575 569 ctum
608 525 851 583 personae
882 510 1098 564 habent.
1139 508 1207 563 At
1229 507 1370 562 enim
1401 508 1485 562 vir
1509 521 1676 562 verax
1701 507 1843 563 haud
1869 508 2002 561 adu-

430 606 635 662 labitur
665 603 741 658 rei
771 601 946 667 malae,
979 599 1075 654 sed
1103 598 1480 668 reprehendet.

498 700 547 735 ⁸³
600 698 920 765 Quicunque
969 693 1086 748 odit
1126 692 1340 761 inopem
1385 691 1650 760 fratrem,
1706 691 1795 747 hic
1844 691 2001 761 juxta

431 796 562 854 illud
602 811 616 849 :
651 791 797 847 Beati
820 801 1085 859 pauperes
1115 786 1328 855 spiritu,
1362 785 1618 856 quoniam
1655 785 1893 855 ipsorum
1919 792 2004 839 est

431 903 658 958 regnum
690 884 973 945 caelorum,
1019 895 1049 934 a
1091 877 1187 932 Dei
1235 885 1288 934 et
1318 878 1631 947 angelorum
1660 892 1849 932 amore
1878 890 2004 946 pro-

432 982 519 1038 cul
567 980 691 1035 erit.
722 977 841 1045 Vel,
874 977 1201 1047 quicumque
1246 972 1471 1028 fratrem
1521 972 1745 1026 virtutis
1773 972 2001 1039 .inopem

430 1076 569 1139 odit,
595 1074 662 1128 ab
690 1070 883 1127 all'ectu
918 1085 1131 1140 quoque
1160 1066 1413 1123 amicitia:
1444 1065 1631 1136 procul
1663 1067 1768 1121 erit
1790 1066 1843 1119 in
1870 1066 1996 1119 vita.

430 1196 504 1212 -—
545 1163 749 1220 Bonam
781 1163 1166 1234 cogitationem
1214 1158 1506 1229 appellavit
1549 1158 1639 1212 Dei
1658 1154 2006 1225 agnitionem,

430 1258 526 1328 qui
592 1271 711 1312 eam
748 1253 1073 1308 habentibus
1104 1252 1268 1306 corde
1308 1264 1445 1320 pnro
1521 1248 1662 1304 solet
1707 1247 2003 1317 appropin-

433 1364 624 1421 quare.
666 1347 767 1415 Qui
800 1362 927 1417 ergo
971 1346 1112 1400 hanc
1147 1341 1491 1413 disciplinam
1527 1340 1721 1396 docilis
1752 1339 2005 1409 suscipit,

436 1443 674 1512 prudens
709 1448 791 1495 est
816 1480 831 1505 ,
860 1448 915 1493 et
961 1438 1200 1493 inveniet
1243 1451 1383 1490 eam.
1418 1464 1487 1474 —
1512 1434 1615 1503 Qui
1663 1432 1829 1488 multa
1862 1432 2003 1488 mala

436 1538 567 1593 facit
593 1535 759 1590 verbo
800 1542 855 1589 et
888 1545 1087 1602 opere,
1124 1531 1171 1585 is
1201 1528 1462 1584 malitiam
1492 1536 1854 1592 consummat,
1886 1541 2006 1597 qua:

434 1645 598 1687 omne
642 1643 814 1701 genus
867 1625 1074 1697 peccati
1126 1622 1527 1693 complectitur.
1580 1621 1681 1689 Qui
1728 1636 1859 1676 vero
1910 1620 2006 1674 ad-

436 1735 627 1775 versus
656 1718 901 1774 homines
931 1728 1212 1771 sermones
1256 1711 1516 1768 exitiosos
1556 1714 1673 1767 sine
1699 1712 1872 1767 limite
1920 1712 2002 1766 el-

438 1812 645 1877 iundit,
688 1817 745 1864 et
783 1809 837 1863 in
885 1806 1054 1862 Deum
1099 1804 1502 1876 blasphemias,
1540 1803 1629 1859 hic
1670 1818 1779 1859 non
1829 1804 2007 1860 salva-

438 1906 602 1960 bitur.

507 1998 554 2030 ³⁹
586 1994 771 2065 Neque
810 1994 1004 2049 anima:
1039 2004 1216 2061 neque
1253 1989 1500 2061 corporis
1542 1987 1749 2044 delicia:
1802 2002 2007 2042 vesano

434 2097 687 2159 prosunt.
716 2084 849 2141 Nam
889 2084 1161 2155 spiritales
1184 2123 1200 2150 ,
1242 2098 1367 2137 cum
1413 2081 1485 2136 sit
1518 2096 1609 2136 sus
1646 2079 2005 2150 voluptarius,

436 2181 663 2252 pedibus
704 2177 1052 2235 conculcabit
1092 2193 1109 2232 :
1150 2191 1180 2230 a
1212 2188 1467 2230 sensuum
1512 2183 1690 2226 autem
1730 2171 2007 2241 voluptate

434 2287 566 2327 caro
594 2270 711 2340 ejus
742 2270 810 2325 ad
855 2269 1176 2340 cupiditates
1198 2263 1646 2331 commovebitur,
1677 2272 1730 2319 et
1760 2264 1813 2317 in
1841 2262 2006 2316 Deum

440 2360 807 2433 blasphemias
836 2359 1083 2429 jactabit.
1116 2354 1343 2412 Etiamsi
1379 2369 1410 2409 e
1442 2369 1603 2409 servo
1629 2369 1798 2425 nuper
1837 2354 1910 2408 sit
1943 2352 2007 2406 li-

437 2452 703 2521 bertinus,
736 2454 807 2508 ita
832 2466 890 2507 se
916 2460 1083 2523 geret.

510 2549 559 2582 '°
587 2547 643 2604 Si
678 2546 769 2617 qui
806 2556 954 2600 recte
1003 2542 1289 2614 gloriatur,
1335 2542 1387 2597 in
1427 2539 1659 2595 Domino
1702 2541 2003 2612 gloriatur;

440 2640 700 2697 Dominus
734 2646 913 2692 autem
950 2646 1138 2690 noster
1164 2633 1431 2704 sapientia
1485 2642 1600 2699 est;
1650 2632 1895 2701 sequitur
1949 2644 2008 2686 ut

439 2735 533 2803 qui
581 2739 729 2786 recte
779 2728 1066 2801 gloriatur,
1120 2726 1174 2780 in
1228 2724 1495 2795 sapientia
1550 2725 1837 2795 glorietur.
1874 2724 2007 2780 Glo-

440 2826 602 2880 riatio
645 2824 811 2893 igitur
867 2817 1193 2889 longanimis
1240 2824 1296 2871 et
1344 2816 1747 2884 misericordis,
1790 2818 2009 2888 sapien-

443 2919 515 2971 tia
562 2927 647 2971 est
688 2923 743 2968 et
795 2913 1000 2981 agnitio
1046 2911 1161 2965 Dei.
1211 2907 1538 2980 Supervenit
1587 2919 1767 2963 autem
1816 2924 2010 2979 pecca—

441 3008 649 3063 toribus
704 3005 1014 3060 absterrens
1069 3017 1162 3056 eos
1214 3017 1245 3055 a
1296 3000 1437 3055 malo
1467 3041 1483 3068 ,
1540 3016 1682 3055 nunc
1730 3001 1947 3071 quidem
1989 3043 2007 3070 ,

2038 1760 2081 1815 Β

2101 506 2304 578 ἀληθὴς
2336 506 2475 578 ἀνὴρ
2506 506 2584 559 οὐ.
2601 504 2917 561 κολακεύσει
2937 504 2999 558 τὺ
3030 503 3218 569 κακὸν,
3246 501 3361 556 ἀλλ’
3385 501 3596 572 ἐλέγξει
3618 540 3636 557 .

2169 682 2286 744 Πᾶς
2314 682 2372 745 ὃς
2410 683 2556 752 μισεῖ
2585 681 2675 734 τὸν
2704 681 2915 752 πτωχὸν
2936 680 3180 749 ἀδελφὸν,
3204 677 3349 733 κατά
3373 678 3455 743 τὸ,
3483 678 3679 733 Maxi-

2104 790 2209 845 ριοι
2242 775 2291 827 οἱ
2337 776 2541 844 πτωχοὶ
2564 772 2641 843 τῷ
2681 772 2967 843 πνεύματι,
3001 774 3083 825 ὃτι
3117 771 3294 826 αὐτῶν
3335 771 3484 824 ἐστιν
3516 770 3548 839 ἡ
3582 770 3679 836 βα-

2104 866 2276 918 σιλεία
2302 865 2409 919 τῶν
2432 865 2675 938 οὐρανῶν
2694 905 2709 929 ,
2745 867 2837 919 καὶ
2866 866 3083 935 ἀγάπης
3127 862 3262 917 Θεοῦ
3294 863 3389 917 καὶ
3430 861 3680 930 ἀγγέλων

2106 958 2324 1030 μακράν
2373 959 2558 1013 ἔσται·
2600 958 2633 1030 ἢ
2668 961 2775 1022 πᾶς
2819 959 2877 1022 ὃς
2933 956 3157 1026 ἀδελφὸν
3209 956 3410 1027 ἀρετῆς
3462 954 3679 1024 πτωχὸν

2102 1051 2229 1104 ὄντα
2256 1053 2420 1121 μισεῖ,
2446 1052 2540 1105 καὶ
2572 1052 2668 1122 τῆς
2704 1051 2837 1122 πρὸς
2870 1050 2938 1103 τὰ
2968 1049 3110 1122 πάθη
3141 1050 3319 1119 φιλίας
3340 1048 3681 1119 μακρύνεται

2102 1141 2197 1194 τοῦ
2240 1143 2371 1212 βίου.
2397 1143 2716 1215 -Ἀγαθὴν
2766 1144 2972 1198 ἔννοιαν
3018 1142 3119 1213 τὴν
3160 1141 3255 1195 τοῦ
3292 1139 3429 1195 Θεοῦ
3476 1139 3682 1209 γνῶσιν

2104 1230 2391 1302 ὠνόμασε,
2436 1232 2532 1286 καὶ
2578 1237 2692 1298 τοῖς
2724 1233 2921 1289 είδόσιν
2959 1233 3127 1305 αὐτὴν
3159 1235 3269 1296 τοῖς
3307 1219 3565 1302 καθαροῖς
3609 1233 3680 1301 τῇ

2104 1322 2319 1393 καρδίᾳ,
2354 1322 2512 1376 εἴωθε
2540 1324 2749 1388 τούτοις
2781 1327 3013 1394 ἐγγιεῖψ
3046 1327 3075 1377 6
3104 1325 3162 1377 δὲ
3207 1322 3521 1394 πειθόμενος
3558 1321 3684 1375 τού-

2101 1432 2217 1478 τοις
2248 1417 2330 1478 είς
2353 1415 2607 1487 μάθησιν,
2640 1418 2900 1490 φρόνιμός
2932 1419 3069 1481 ἐστι,
3108 1417 3201 1471 καὶ
3234 1417 3450 1488 εὑρήσει
3484 1415 3680 1486 αὐτήν.

2103 1508 2245 1560 -Ὀ
2274 1507 2442 1562 πολλά
2475 1508 2785 1563 κακοποιῶν
2821 1510 2888 1562 δι’
2918 1509 3093 1581 ἔργων
3138 1510 3233 1563 καὶ
3274 1509 3446 1577 λόγων
3468 1549 3483 1574 ,
3527 1508 3682 1560 τελε»

2108 1607 2348 1675 σιουργεί
2371 1604 2588 1669 κακίαν,
2622 1605 2656 1674 ἦ
2688 1607 2836 1658 ἐστιν
2870 1607 3019 1659 πᾶσα
3061 1604 3335 1675 ἁμαρτία·
3381 1604 3441 1667 ὃς
3492 1603 3549 1656 δὲ
3593 1619 3684 1655 τε-

2106 1697 2409 1771 λεσιουργεῑ
2440 1699 2580 1753 κατά
2600 1698 2899 1771 ἀνθρώπων
2928 1699 3117 1766 λόγους
3142 1700 3220 1761 είς
3250 1696 3525 1751 ἀπώλειαν
3543 1736 3557 1759 ,
3585 1693 3687 1749 καὶ

2112 1793 2456 1864 βλασφημίας
2488 1792 2628 1847 κατά
2660 1793 2812 1858 Θεὸν,
2837 1794 2899 1846 οὐ
2931 1792 3231 1865 σωθήσεται
3265 1786 3437 1855 οὗτος.

2178 1970 2372 2043 Οὖτεὴ
2408 1971 2547 2025 κατὰ
2592 1971 2771 2043 ψυχὴν
2819 1969 3030 2043 τρυφή,
3085 1969 3208 2023 οὔτε
3259 1972 3293 2040 ἡ
3334 1969 3476 2024 κατά
3524 1968 3686 2041 σῶμα

2110 2065 2376 2136 συμφέρει
2403 2064 2480 2135 τῷ
2517 2064 2710 2136 ἄφρονι
2729 2081 2743 2095 θ
2776 2063 2875 2134 τὴν
2901 2063 2999 2133 μὲν
3027 2062 3136 2133 γὰρ
3168 2063 3539 2133 καταπατήσει
3570 2065 3689 2126 τοῖς

2109 2157 2257 2219 ποσὶ,
2277 2158 2455 2227 χοῖρος
2489 2155 2769 2227 φιλήδονος
2794 2154 2869 2208 ὢν
2886 2172 2899 2185 ·
2937 2155 3043 2208 ὑπὸ
3068 2154 3125 2208 δὲ
3149 2155 3248 2225 τῆς
3271 2154 3532 2225 αἰσθητῆς
3556 2171 3690 2225 τρυ⁹

2110 2248 2268 2319 φῆςή
2306 2248 2441 2319 σὰρξ
2471 2247 2634 2302 αὐτοῦ
2668 2246 2803 2318 πρὸς
2824 2246 2970 2316 πάθη
3004 2246 3385 2317 κινηθήσεται,
3420 2247 3512 2299 καὶ
3544 2246 3690 2300 κατὰ

2108 2338 2243 2393 Θεοῦ
2280 2338 2627 2410 βλασφημίας
2661 2338 2839 2409 ῥίψει·
2876 2340 2924 2390 εί
2955 2338 3048 2391 καὶ¹
3083 2337 3190 2391 ἀπὸ
3228 2336 3429 2391 δούλων
3467 2337 3687 2391 ἐλεύθε-

2113 2449 2223 2503 ρος,
2254 2432 2412 2485 τοῦτο
2444 2433 2680 2502 ποιήσει.

2178 2525 2242 2577 Εἰ
2271 2526 2298 2577 ὁ
2330 2524 2681 2594 καυχώμενος
2708 2522 2903 2594 ὀρθῶς,
2937 2525 2995 2575 ἐν
3024 2522 3214 2594 Κυρίῳ
3240 2524 3541 2594 καυχᾶται,
3570 2524 3600 2575 6
3629 2522 3692 2576 δὲ

2109 2616 2310 2690 Κύριος
2344 2616 2500 2687 ἡμῶν
2535 2616 2693 2685 σοφία
2732 2615 2906 2678 ἐστὶν,
2944 2618 2973 2668 6
3014 2614 3363 2687 καυχώμενος
3394 2616 3596 2689 ὀρθῶς,
3629 2618 3693 2669 ἐν

2111 2709 2273 2779 σοφίᾳ
2306 2710 2603 2779 καυχᾶται’
2646 2708 2708 2761 τὸ
2740 2708 3002 2778 καύχημα
3045 2707 3222 2763 τοίνυν
3270 2708 3364 2761 τοῦ
3409 2708 3694 2781 μακροθύ-

2112 2818 2214 2871 μου
2247 2801 2341 2855 καὶ
2364 2800 2653 2873 ἐλεήμονος
2675 2840 2690 2865 ,
2745 2801 2893 2853 ἐστὶν
2918 2803 2951 2871 ή
2978 2800 3137 2869 σοφία
3164 2801 3259 2855 καὶ¹
3299 2803 3330 2872 ή
3362 2801 3564 2870 γνῶσις
3592 2802 3697 2855 αύ-

2107 2892 2202 2946 τοῦ
2227 2910 2240 2923 ·
2276 2893 2564 2964 ἐπέρχεται
2598 2893 2656 2946 δέ
2687 2895 2798 2955 τοῖς
2840 2893 3177 2967 παρανόμοις
3206 2893 3561 2948 ἀπαλλάττων
3590 2895 3696 2947 αὐο

2108 2986 2233 3049 τοὺς
2266 2986 2484 3049 κακίας,
2513 2986 2606 3039 νῦν
2636 2986 2735 3056 μὲν
2767 2986 3149 3057 ἐνδεχομένως,
3183 2989 3241 3040 ἐν
3260 2987 3317 3040 δέ
3343 2986 3421 3058 τῷ
3438 2987 3694 3059 μέλλοντι

440 3099 616 3169 quoad
653 3096 765 3152 ﬁeri
804 3103 1017 3166 potest;
1050 3092 1102 3147 in
1136 3091 1320 3145 futuro
1351 3101 1530 3147 autem
1564 3090 1784 3158 saeculo,
1811 3108 2003 3150 neces-

2121 3077 2267 3133 ιίῶνι
2299 3078 2626 3146 ἀναγκαίως.

440 3205 498 3246 83
506 3205 604 3245 ΠΟ.

508 3283 556 3315 ⁹¹
586 3282 844 3338 Dominus
869 3287 1053 3335 noster
1078 3279 1216 3350 ignis
1255 3292 1581 3335 consumens
1610 3288 1716 3344 est.
1746 3292 1801 3337 et
1833 3282 2011 3339 iratus

441 3374 543 3429 leo.
598 3371 656 3427 ln
694 3371 1068 3442 peccatoribus
1114 3368 1351 3425 amburit
1391 3371 1805 3439 consuluitque,
1859 3372 2009 3426 utli-

441 3464 762 3536 gna,l'enum
806 3473 898 3517 aut
934 3460 1187 3532 stipulam
1211 3502 1226 3528 ,
1261 3460 1583 3516 militantem
1610 3463 1872 3519 adversus
1899 3465 2012 3534 spi-

443 3558 604 3613 ritum
645 3570 885 3612 carnem.
933 3552 1050 3608 Lux
1091 3569 1219 3609 vero
1259 3563 1315 3608 et
1363 3569 1453 3609 ros
1493 3565 1642 3609 recte
1691 3556 2009 3624 agentibus,

442 3657 750 3705 monstrans
784 3646 891 3702 illis
919 3656 1162 3700 actarum
1205 3660 1386 3701 rerum
1424 3646 1685 3710 rationes,
1718 3656 1771 3700 et
1799 3648 2009 3701 exstin-

440 3756 611 3814 guens
645 3740 813 3810 ignita
843 3738 947 3794 tela
988 3738 1241 3809 maligni,
1275 3736 1717 3809 refrigerarisqne
1742 3739 1894 3796 illum
1916 3740 2009 3811 qui

440 3835 510 3890 ab
533 3831 741 3902 agendo
761 3832 1030 3903 contingit
1052 3831 1327 3887 ardorem.

508 4012 555 4046 "
583 4011 852 4082 lmpuram
887 4009 1123 4064 animam
1148 4018 1389 4064 scortum
1419 4008 1740 4079 appellavit;
1767 4017 1822 4065 et
1851 4008 2011 4080 hujus

438 4104 764 4168 mercedem,
795 4101 935 4156 dixit
960 4102 1203 4171 ejusdem
1234 4103 1621 4169 substantiam,
1664 4118 1732 4159 ex
1760 4118 1867 4175 qua
1899 4118 2008 4159 non

437 4210 587 4266 purae
623 4194 757 4249 fiunt
788 4192 1109 4249 oblationes.

511 4287 559 4321 ³⁸
598 4287 807 4342 Docere
852 4285 1054 4341 liberos
1091 4284 1348 4339 virtutem
1382 4296 1438 4341 et
1473 4286 1720 4341 notitiam
1752 4288 1889 4354 Dei,
1915 4304 2011 4358 pa-

438 4389 653 4436 rentum
688 4377 922 4434 alliciunt
951 4386 1049 4432 est.
1089 4376 1195 4432 Sed
1234 4378 1554 4448 sapientiam
1587 4380 1769 4449 pueris
1797 4380 2003 4445 indere,

438 4474 653 4530 Domini
698 4484 799 4529 est.
848 4472 983 4527 Nam
1022 4473 1305 4527 mulierem
1352 4470 1439 4524 hic
1476 4470 1608 4524 dicit
1654 4471 2000 4540 sapientiam.

434 4570 594 4632 Ama,
622 4565 823 4636 inquit,
852 4565 1197 4636 sapientiam,
1224 4573 1276 4619 et
1299 4562 1648 4618 conservabit
1681 4572 1767 4629 te;
1797 4563 2005 4620 honora

430 4671 582 4725 eam,
611 4667 671 4713 ut
691 4669 742 4713 te
771 4657 1182 4728 complectatur.

508 4840 557 4872 ”
599 4836 1186 4908 Praecepta,quatenns
1227 4846 1353 4891 sunt
1396 4850 1428 4890 a
1464 4834 1815 4906 praecipiente
1856 4834 2001 4899 Deo,

436 4930 509 4985 ita
537 4926 878 4998 appellantur
909 4946 922 4982 :
953 4938 1221 4996 quatenus
1238 4941 1367 4981 vero
1390 4927 1589 4980 mentis
1618 4926 1723 4980 iter
1739 4923 2001 4994 dirigunt,

436 5020 538 5074 via
590 5019 863 5073 dicuntur.
916 5016 1018 5083 Qui
1066 5016 1155 5072 illa
1203 5017 1473 5081 custodit,
1527 5023 1710 5070 servat
1763 5015 2000 5069 animam

437 5125 590 5166 suam
622 5109 688 5164 de
719 5118 895 5163 morte
928 5108 994 5162 ad
1029 5110 1197 5164 vitam
1228 5125 1243 5163 :
1276 5109 1365 5178 qui
1394 5108 1719 5173 contemnit,
1744 5117 2007 5163 aeternam

437 5211 670 5256 mortem
702 5201 964 5256 incurret.

506 5293 555 5326 "
589 5292 645 5346 ln
687 5293 850 5346 rebus
881 5293 1100 5361 quidem
1146 5294 1495 5351 scnsibilibus
1537 5297 1611 5348 ita
1657 5292 1733 5346 lit.
1785 5290 2003 5357 Quanto

435 5384 515 5438 sol
556 5384 681 5438 luna
712 5384 1080 5452 prmstantior,
1113 5394 1267 5441 tanto
1297 5396 1519 5455 praestat
1551 5379 1656 5455 .il'le
1703 5384 1795 5452 qui
1826 5384 2001 5435 virtu-

439 5478 585 5532 tibus
615 5476 806 5545 inopes
839 5477 1149 5547 miseratur,
1194 5495 1449 5535 recreans
1492 5495 1585 5535 eos
1624 5478 1909 5548 disciplina
1949 5484 2003 5530 et

438 5570 657 5631 monitis
697 5569 927 5626 Domini.
962 5570 1167 5628 Donum
1206 5584 1382 5628 autem
1415 5574 1523 5629 Deo
1546 5572 1793 5628 oblatum
1818 5614 1833 5637 ,
1876 5569 2006 5623 dicit

510 5732 553 5763 "
578 5746 628 5785 ν.
658 5731 712 5785 7.
786 5731 833 5765 ”
858 5746 904 5785 ν.
941 5733 1028 5789 ll).
1107 5735 1164 5805 _”
1201 5751 1249 5790 ν.
1290 5735 1375 5790 Η.
1451 5735 1491 5767 ⁹¹
1532 5751 1582 5789 v.
1627 5735 1714 5787 1‘2.
1802 5735 1847 5765 ⁹²
1884 5749 1930 5787 ν.
1962 5733 2045 5787 l3.

2194 3256 2251 3309 '0
2283 3256 2484 3329 Κύριος
2519 3256 2673 3327 ήμῶν
2701 3256 2811 3328 πῦρ
2843 3258 2943 3329 μὲν
2983 3257 3374 3312 καταναλίσκον
3415 3260 3509 3312 καὶ
3550 3259 3698 3312 λέων

2110 3348 2459 3420 ὀργιζόμενος
2479 3364 2493 3379 '
2528 3350 2664 3418 πρὸς
2685 3349 2740 3402 δὲ
2770 3351 2896 3413 τοὺς
2934 3351 3345 3421 ἁμαρτάνοντας
3390 3354 3697 3405 κατακαῖον

2111 3444 2204 3496 καὶ
2232 3441 2540 3506 ἀναλίσκον,
2567 3441 2642 3505 ὡς
2682 3441 2811 3506 ξύλα
2840 3444 3047 3513 χόρτων
3078 3443 3330 3515 καλάμην
3349 3485 3363 3509 ,
3390 3446 3488 3515 τὴν
3522 3461 3697 3516 στραο

2110 3535 2403 3606 τευομένην
2438 3535 2616 3606 σάρκα
2649 3536 2791 3589 κατά
2823 3535 2916 3589 τοῦ
2965 3535 3273 3607 πνεύματος
3293 3556 3305 3567 ·
3339 3537 3453 3605 φῶς
3493 3538 3552 3591 δὲ
3595 3539 3698 3591 καὶ

2110 3627 2297 3700 δρόσος
2328 3629 2465 3700 πρὸς
2485 3631 2611 3691 τοὺς
2640 3627 3040 3700 κατορθοῦντας
3061 3670 3075 3694 ,
3108 3629 3319 3693 δεικνὺς
3358 3633 3543 3695 αὐτοῖς
3580 3631 3697 3685 τῶν

2110 3720 2407 3789 γεγονότων
2438 3722 2560 3783 τοὺς
2587 3720 2807 3788 λόγους,
2847 3721 2941 3775 καὶ
2969 3722 3383 3776 κατασϐεννύων
3413 3724 3482 3777 τά
3515 3741 3700 3777 πεπυ-

2114 3815 2335 3888 ρωμένα
2369 3814 2494 3885 βέλη
2525 3814 2616 3867 τοῦ
2638 3814 2894 3886 πονηροῦ,
2927 3815 3018 3867 καὶ
3038 3815 3355 3887 περιψύχων
3385 3817 3475 3869 τὸν
3500 3818 3565 3869 ἐκ
3591 3818 3700 3888 τῆς

2110 3906 2362 3982 πράξεως
2397 3907 2757 3979 συμϐαίνοντα
2782 3906 3061 3961 καύσωνα.

2183 4002 2293 4074 Τὴν
2315 4000 2622 4073 ἀκάθαρτον
2637 3999 2834 4073 ψυχὴν,
2864 4001 3087 4074 ἑταίραν
3112 4001 3364 4072 ὠνόμασε
3382 4019 3395 4033 ·
3428 4002 3524 4056 καὶ
3554 4001 3697 4055 ταύ-

2109 4117 2209 4170 της
2241 4100 2299 4152 τὸ
2325 4098 2579 4169 μίσθωμα
2602 4136 2615 4160 ,
2651 4096 2749 4168 τὴν
2771 4097 3101 4151 κατάστασιν
3123 4097 3344 4170 εἴρηκεν
3376 4097 3566 4169 αὐτῆς,
3597 4099 3699 4170 ἀφ’

2108 4186 2176 4261 ἧς
2202 4191 2260 4243 οὐ
2284 4189 2521 4260 καθαραὶ
2543 4189 2783 4257 γίνονται
2814 4188 3134 4259 προσευχαί.

2183 4283 2255 4336 Τὸ
2285 4284 2383 4354 μὲν
2409 4283 2681 4336 διδάσκειν
2715 4283 2840 4346 τοὺς
2869 4284 3018 4346 υἱοὺς
3044 4282 3171 4354 περὶ
3204 4281 3405 4353 ἀρετῆς
3430 4282 3524 4335 καὶ
3548 4281 3698 4351 γνώ-

2113 4394 2249 4439 σεως
2282 4375 2376 4428 τοῦ
2421 4374 2591 4439 Θεοῦ,
2638 4374 2745 4428 τῶν
2796 4375 3047 4447 πατέρων
3086 4376 3267 4429 ἐστίν·
3299 4375 3361 4428 τὸ
3402 4376 3459 4428 δὲ
3496 4376 3698 4444 σοφίαν

2109 4466 2291 4521 δοῦναι
2320 4470 2432 4531 τοῖς
2461 4466 2636 4531 παισὶ,
2656 4465 2751 4519 τοῦ
2774 4468 2980 4538 Κυρίου
3017 4469 3163 4520 ἐστί·
3200 4471 3434 4536 γυναῖκα
3456 4466 3565 4539 γὰρ
3598 4469 3695 4520 ἐν-

2109 4559 2282 4614 ταῦθα
2313 4559 2411 4631 τὴν
2443 4559 2632 4628 σοφίαν
2663 4559 2827 4627 λέγει·
2859 4559 3440 4632 ἐράσθητιγὰρ,φησὶ,
3469 4561 3566 4631 τῆς
3600 4577 3699 4614 σο-

2112 4655 2236 4722 φίας
2255 4695 2268 4719 ,
2290 4656 2384 4708 καὶ
2426 4654 2652 4724 τηρήσει
2692 4671 2751 4707 σε
2773 4672 2786 4684 υ
2810 4654 3039 4725 τίμησον
3079 4654 3247 4726 αὐτὴν
3267 4695 3281 4719 ,
3317 4655 3403 4708 ἵνα
3438 4671 3497 4707 σε
3528 4672 3699 4728 περι-

2112 4747 2270 4821 λάϐῃ.

2180 4842 2244 4892 Δί
2284 4838 2525 4905 ἐντολαὶ,
2576 4838 2651 4903 ὡς
2688 4838 2823 4909 πρὸς
2862 4837 2960 4909 μὲν
3004 4838 3095 4891 τὸν
3128 4837 3504 4909 ἐντειλάμενον
3533 4837 3695 4905 Θεὸν,

2112 4929 2399 4982 καλοῦνται
2423 4928 2631 4981 ἐντολαί
2652 4946 2664 4958 ·
2697 4929 2772 4991 ὡς
2800 4928 2854 4980 δὲ
2883 4929 3019 5001 πρὸς
3048 4928 3143 4982 τὸν
3172 4928 3423 4982 ὁδεύοντα
3452 4928 3580 4982 νοῦν
3634 4932 3698 4983 ἐν

2110 5024 2300 5085 αὐταῖς
2324 5063 2338 5087 ,
2368 5019 2657 5074 καλοῦνται
2689 5021 2796 5073 ὁδοί
2815 5038 2828 5051 ο
2865 5022 2961 5074 καὶ
2994 5023 3023 5074 6
3056 5022 3153 5091 μὲν
3177 5021 3498 5090 φυλάσσων,
3534 5027 3701 5094 τηρεί

2112 5116 2176 5166 ἐκ
2210 5114 2440 5167 θανάτου
2472 5112 2608 5182 πρὸς
2648 5110 2793 5183 ζωὴν
2835 5112 2933 5183 τὴν
2965 5113 3142 5183 ψυχὴν
3176 5113 3369 5167 ἑαυτοῦ
3390 5130 3403 5144 ο
3434 5116 3463 5167 6
3505 5114 3561 5167 δὲ
3593 5132 3700 5167 κα-

2112 5206 2414 5277 ταφρονῶν,
2442 5205 2533 5257 τὸν
2560 5205 2864 5274 ἀπέραντον
2894 5204 3123 5259 θάνατον
3155 5206 3418 5258 θανεῖται.

2195 5301 2317 5353 Ἐπὶ
2343 5299 2443 5370 μὲν
2462 5298 2569 5350 τῶν
2597 5296 2869 5367 αἰσθητῶν
2888 5296 3059 5360 οὕτως
3086 5296 3196 5367 ἔχει
3214 5315 3226 5327 ·
3254 5298 3377 5349 ὅσον
3400 5296 3456 5349 δέ
3480 5298 3509 5348 6
3541 5296 3700 5367 ἣλιος

2108 5392 2209 5462 τῆς
2243 5391 2471 5461 σελήνης
2521 5386 2824 5458 ὑπερφυὴς,
2875 5387 3128 5440 τοσοῦτον
3174 5388 3203 5439 ὁ
3260 5386 3427 5439 ἐλεῶν
3464 5387 3592 5448 τοὺς
3635 5387 3699 5438 ἐν

2110 5482 2354 5552 πτωχείᾳ
2384 5478 2594 5551 ἀρετῶν
2624 5477 2718 5530 καὶ
2746 5476 3129 5547 ἀνακτώμενος
3153 5479 3351 5541 αὐτοὺς
3385 5480 3444 5531 ἐν
3470 5477 3699 5550 παιδείᾳ

2111 5573 2205 5626 καὶ
2234 5571 2482 5641 νουθεσίᾳ
2508 5569 2713 5639 Κυρίου
2734 5587 2746 5598 ·
2783 5569 2921 5638 δόμα
2965 5569 3021 5621 δὲ
3054 5570 3253 5624 διδόναι
3287 5570 3367 5642 τῷ
3401 5570 3523 5642 Θεῴ
3544 5610 3561 5635 ,
3589 5570 3699 5633 τὴν

2123 5733 2167 5764 ’³
2203 5732 2365 5786 v.15.
2458 5729 2504 5761 9"
2540 5743 2586 5781 ν.
2628 5727 2708 5782 ιε.
2797 5729 2846 5760 ’⁵
2880 5744 2927 5781 v.
2961 5728 3040 5781 l7.
