3888 6214
204 387 318 444 109

1374 365 1741 426 EXPOSITIO
1776 363 1841 420 IN
1881 361 2294 419 PROVERBIA.

3355 351 3463 407 210

206 502 564 575 καθαρότητα
598 499 697 569 τῆς
747 498 971 570 καρδίας
1004 496 1288 567 ὠνόμασε·
1322 490 1465 546 κατὰ
1509 485 1795 555 ἀναλογίαν

1909 483 2084 538 cordis
2108 478 2444 537 munditiem.
2484 475 2618 529 Nam
2651 485 2749 543 pro
2792 477 2909 524 rata
2941 476 3096 541 parte
3134 467 3461 523 innocentia

206 596 320 666 γὰρ
350 595 452 665 τῆς
483 592 749 655 ἀπαθείας
777 590 934 661 ἡμῶν
967 585 1372 659 καταξιούμεθα
1402 581 1655 653 γνώσεως
1688 579 1793 632 ὑπὸ

206 688 304 741 τοῦ
337 686 498 740 Θεοῦ.

285 782 358 832 Ὃ
381 778 531 847 λέγει
554 776 795 831 τοιοῦτόν
829 777 945 829 ἐστι
971 774 1101 846 περὶ
1130 773 1239 827 τῶν
1259 775 1318 826 έν
1344 769 1421 843 τῷ
1445 768 1542 840 βίῳ
1560 784 1574 797 ο
1607 765 1719 835 ἐγὼ
1738 765 1796 818 δὲ

206 871 443 943 νομίζω,
464 870 563 941 τὴν
588 871 685 941 μὲν
720 868 916 940 πολλὴν
947 867 1151 939 ζημίαν
1170 907 1185 931 ,
1222 864 1478 936 στέρησιν
1522 859 1795 932 περιέχειν

205 964 313 1034 τῆς
344 963 579 1035 θεωρίας
612 961 723 1015 τῶν
764 962 1064 1031 γεγονότων
1089 979 1102 991 ⁸
1134 959 1235 1031 τὴν
1266 958 1324 1011 δὲ
1356 955 1671 1029 προσθήκην
1698 953 1795 1024 τῆς

203 1055 425 1126 ψυχῆς,
459 1054 767 1125 ἀφανισμὸν
808 1054 917 1107 τῶν
952 1052 1196 1123 φυσικῶν
1229 1051 1357 1123 περὶ
1394 1047 1527 1103 Θεοῦ
1554 1044 1792 1111 ἐννοιῶν,

208 1146 566 1199 παντάπασιν
587 1144 754 1214 αὐτῆς
788 1145 868 1207 είς
895 1142 1116 1211 ἀλογίαν
1156 1138 1574 1209 καταπεσούσης
1598 1153 1612 1166 ·
1644 1136 1740 1189 καὶ
1768 1137 1796 1189 ό

208 1239 477 1310 Σωτὴρδὲ
495 1241 551 1290 ὲν
575 1239 685 1299 τοῖς
703 1234 1051 1304 Εὐαγγελίοις
1081 1234 1245 1304 φησί’
1284 1231 1344 1285 Τί
1357 1226 1797 1298 ὠφεληθήσεται

206 1332 551 1399 ἄνθρωπος,
570 1330 676 1382 ἐὰν
706 1328 813 1381 τὸν⁸
842 1327 1077 1396 κόσμον
1100 1324 1248 1381 ὅλον
1278 1322 1568 1392 κερδήσῃ,
1586 1318 1701 1388 τὴν
1728 1316 1798 1370 δὲ

206 1424 432 1492 ψυχὴν
450 1422 635 1477 αὑτοῦ
649 1419 923 1487 ἀπολέσῃ
942 1417 1041 1472 καί
1053 1413 1304 1485 ζημιωθῇ
1310 1413 1579 1478 ;Ενταῦθα
1592 1414 1626 1483 ὴ
1647 1410 1797 1465 ἀπώ-

208 1514 331 1568 λεια
350 1514 453 1585 τὴν
476 1516 697 1583 ἄγνοιαν
725 1512 990 1582 σωμάτων
1038 1510 1133 1563 καὶ
1168 1507 1475 1580 ἀσωμάτων
1512 1505 1792 1576 ἐμφαίνει·

205 1609 244 1676 ἡ
288 1606 346 1659 δὲ
376 1605 549 1676 ζημία
582 1604 679 1675 τὴν
711 1602 945 1675 ισχάτην
972 1602 1192 1671 ἀλογίαν
1223 1602 1570 1675 παρίστησιν.

285 1782 354 1833 Εἰ
383 1779 545 1849 φόὸος
574 1779 780 1850 Κυρίου
809 1781 889 1842 εἰς
918 1778 1061 1849 ζωὴν
1084 1776 1237 1849 ἀνδρὶ
1256 1816 1271 1841 ,
1302 1776 1462 1845 φόϐος
1492 1777 1551 1831 δὲ
1588 1776 1791 1848 Κυρίου

213 1872 381 1941 σοφία
403 1873 498 1926 καὶ
519 1871 736 1925 παιδεία
757 1910 772 1935 ,
803 1872 837 1940 ἡ
870 1869 981 1941 ζωὴ
1009 1868 1102 1923 τοῦ
1140 1869 1329 1941 ἀνδρὸς
1357 1867 1465 1940 ἀρα
1492 1869 1651 1938 σοφία
1678 1869 1794 1921 ἐστὶ

213 1964 312 2018 καὶ
354 1964 605 2017 παιδεία·
654 1963 717 2016 τὸ
759 1959 853 2017 οῦν
894 1961 1094 2032 γνῶναι
1138 1965 1329 2033 σοφίαν
1386 1964 1481 2017 καὶ
1522 1962 1790 2027 παιδείαν,

212 2053 420 2122 γνῶναί
449 2057 565 2106 ἐστι
597 2053 686 2107 τὸν
717 2053 952 2125 Χριστὸν
990 2054 1085 2106 καὶ
1112 2054 1211 2126 τὴν
1234 2054 1397 2108 αὑτοῦ
1411 2053 1755 2107 διδασκαλίαν
1774 2069 1788 2084 ’

213 2150 245 2201 6
271 2142 365 2201 οὖν
412 2149 613 2217 ἄφοϐος
660 2148 815 2202 ἔσται
875 2150 933 2201 έν
982 2150 1150 2221 κακίᾳ
1181 2152 1275 2205 καὶ
1310 2152 1588 2223 ἀγνωσία,
1620 2153 1677 2206 έν
1708 2145 1794 2213 αἷς

210 2242 315 2294 οὐκ
347 2239 496 2294 ἐστιν
527 2242 556 2294 ό
591 2241 858 2312 Χριστός·
895 2243 944 2294 oi
985 2236 1077 2295 οὖν
1116 2244 1176 2298 ἐν
1217 2244 1387 2315 κακίᾳ
1418 2244 1511 2296 καὶ
1550 2242 1794 2313 ἀγνωσία

211 2330 449 2395 ζῶντες,
486 2333 586 2385 οὐκ
612 2333 1029 2386 ὲπισκέπτονται
1056 2335 1115 2387 ὲν
1154 2336 1337 2398 αὐτοῖς
1375 2336 1465 2387 τὸν
1492 2334 1653 2404 φόϐον
1697 2333 1793 2387 τοῦ

211 2426 351 2479 Θεοῦ
377 2466 393 2489 ,
438 2426 533 2480 καὶ
566 2426 627 2479 τὸ
657 2426 805 2491 ἔλεος
838 2427 922 2497 ἐφ’
961 2429 1175 2492 ἑαυτοῖς
1203 2428 1276 2500 μὴ
1304 2429 1610 2493 ἐλπίζοντες
1628 2448 1640 2459 ·
1674 2428 1794 2482 οὐδὲ

214 2517 453 2587 Χριστός
481 2520 630 2571 ἐστιν
655 2520 713 2572 έν
742 2519 948 2585 αὐτοῖς,
979 2518 1131 2590 παρά
1152 2519 1212 2572 τὸ
1244 2519 1320 2591 μὴ
1352 2520 1523 2573 θέλειν
1554 2518 1770 2583 αὐτούς.

296 2782 356 2839 ’0
392 2783 467 2852 μὴ
486 2784 661 2855 ὀρθῶς
690 2785 857 2856 βιοὺς,
884 2788 1118 2858 κρύπτει
1145 2788 1203 2841 ἐν
1228 2789 1299 2858 τῇ
1324 2786 1468 2859 ψυχῇ
1501 2788 1665 2841 αὐτοῦ
1696 2788 1795 2852 τὰς

212 2876 403 2945 χεῖρας
443 2874 665 2944 ἀϋίκως,
716 2878 817 2949 τὴν
847 2877 1040 2932 ἑαυτοῦ
1066 2879 1169 2949 γῆν
1194 2879 1528 2949 ἐργάσασθαι
1565 2880 1640 2951 μὴ
1676 2880 1797 2950 βου-

215 2965 465 3033 λόμεψδς,
498 2969 745 3023 τουτέστι
776 2972 835 3023 τὸ
866 2970 1057 3042 σῶμαο
1098 2971 1233 3043 μηδὲ
1289 2972 1668 3043 ἐμπλησθῆναι
1701 2973 1798 3044 ἄρ-

210 3078 323 3115 των
344 3060 587 3133 ψυχικῶν
604 3079 617 3092 ο
642 3064 698 3116 αί
719 3064 826 3136 γὰρ
842 3064 1143 3135 πρακτικαὶ
1162 3065 1375 3135 ἀρεταὶ,
1398 3066 1595 3137 χειρῶν
1616 3066 1796 3137 ἔχουσι

1896 582 2118 638 nostra,
2143 568 2373 626 scientia
2399 567 2661 623 donamur
2692 575 2722 615 a
2754 561 2880 615 Deo.

1969 757 2017 789 “
2046 754 2199 822 Quod
2227 750 2379 817 dicit,
2414 750 2485 805 ita
2509 760 2701 815 reapse
2727 745 2781 799 in
2829 741 3014 798 mundi
3052 742 3217 797 rebus
3253 722 3470 796 contin;

1896 847 1990 919 git.
2028 847 2144 918 Ego
2174 860 2302 901 vero
2325 843 2602 905 existimo,
2635 852 2799 908 grave
2826 836 3045 909 quidem
3069 835 3349 899 damnum,
3380 832 3473 886 in-

1897 940 2067 1011 telligi
2127 938 2490 1009 privationem
2551 932 2788 990 notionis
2851 942 3042 985 eorum
3090 940 3212 996 quae
3268 923 3463 980 ﬁunt:

1898 1035 2093 1090 anima
2133 1046 2266 1088 vero
2314 1028 2700 1094 traditionem,
2738 1020 3180 1081 obscurationem
3213 1030 3333 1072 esse
3376 1029 3472 1070 na-

1900 1125 2155 1182 turalium
2187 1123 2253 1179 de
2273 1123 2383 1177 Deo
2417 1120 2721 1182 notionum,
2747 1130 2872 1171 cum
2913 1111 3095 1167 anima
3120 1109 3174 1164 in
3197 1106 3469 1165 omnimo—

1896 1219 2020 1273 dam
2073 1214 2352 1272 vesaniam
2392 1211 2608 1268 incidit.
2652 1209 2907 1265 Salvator
2948 1218 3163 1276 quoque
3201 1202 3255 1257 in
3289 1200 3469 1256 Evan-

1896 1311 2052 1382 geliis
2102 1310 2181 1363 ait
2222 1326 2239 1365 :
2290 1306 2433 1373 Quid
2479 1304 2714 1375 proderit
2776 1300 3016 1365 homini,
3066 1298 3114 1353 si
3169 1296 3468 1350 universum

1897 1404 2154 1459 mundum
2179 1401 2436 1465 lucretur,
2464 1398 2654 1453 anima:
2683 1411 2806 1453 vero
2828 1409 2938 1449 sua:
2958 1389 3169 1446 exitiale
3194 1385 3472 1441 detrimen-

1896 1504 2009 1548 tum
2064 1494 2305 1563 patiatur
2339 1490 2384 1523 ⁸⁷
2424 1489 2449 1545 ⁸2
2499 1487 2614 1542 Hoc
2661 1486 2783 1541 loco
2829 1481 3064 1554 perditio
3107 1476 3467 1550 ignorantiam

1897 1584 2259 1654 corporalium
2294 1579 2825 1651 incorporaliumque
2845 1590 3024 1631 rerum
3062 1573 3287 1627 denotat
3318 1587 3334 1627 :
3371 1570 3471 1625 de—

1898 1679 2242 1743 trimentum,
2278 1682 2579 1730 extremam
2615 1668 2893 1723 vesaniam
2920 1663 3213 1735 signiﬁcat.

1970 1769 2016 1801 ’⁸
2052 1766 2109 1822 Si
2140 1768 2304 1822 timor
2331 1764 2547 1820 Domini
2585 1763 2651 1816 ad
2684 1759 2851 1814 vitam
2881 1758 3000 1813 viro
3021 1764 3144 1823 est;
3178 1756 3338 1811 timor
3363 1768 3467 1809 au-

1898 1871 2003 1916 tem
2029 1857 2243 1915 Domini
2271 1855 2538 1927 sapientia
2570 1851 2930 1921 etdisciplina
2956 1867 2973 1914 ;
3008 1853 3256 1918 sequitur
3276 1855 3335 1902 ut
3354 1847 3467 1902 vita

1893 1954 1994 2009 viri
2028 1954 2101 2009 sit
2139 1951 2403 2021 sapientia
2425 1964 2489 2004 ac
2526 1945 2832 2016 disciplina.
2875 1942 3017 2013 Ergo
3060 1956 3221 1997 nosse
3249 1940 3471 2010 sapien-

1895 2044 2025 2097 tiam
2060 2057 2125 2097 ac
2156 2040 2535 2109 disciplinam,
2573 2036 2714 2091 idem
2749 2047 2835 2091 est
2880 2050 2946 2090 ac
2984 2048 3148 2088 nosse
3188 2031 3464 2087 Christum

1894 2136 2117 2206 ejusque
2157 2129 2481 2187 doctrinam.
2522 2128 2625 2196 Qui
2650 2142 2782 2199 ergo
2826 2128 2943 2181 sine
2989 2126 3083 2180 Dei
3122 2126 3318 2179 timore
3346 2133 3467 2187 est,

1893 2228 1950 2283 in
2008 2224 2253 2295 nequitia
2304 2231 2359 2279 et
2415 2221 2717 2291 ignorantia
2761 2218 3106 2284 versabitur,
3165 2217 3219 2271 in
3267 2214 3467 2285 quibus

1893 2327 2047 2375 certe
2074 2315 2329 2371 Christus
2368 2326 2475 2367 non
2511 2318 2901 2366 commoratur.
2946 2308 3115 2379 Igitur
3152 2307 3244 2377 qui
3280 2306 3334 2361 in
3368 2317 3466 2359 ne-

1892 2408 2062 2480 quitia
2093 2416 2150 2463 et
2181 2404 2489 2478 ignorantia
2521 2402 2749 2465 vivunt,
2782 2415 2889 2454 non
2934 2398 3378 2454 animadvertunt
3408 2395 3462 2449 in

1894 2516 1954 2559 se
2008 2499 2258 2555 timorem
2314 2497 2454 2559 Dei,
2502 2508 2679 2563 neque
2722 2491 3155 2548 misericordiam
3200 2489 3322 2559 ejus
3358 2486 3465 2545 sibi

1894 2600 2152 2668 Sperant;
2187 2603 2362 2660 neque
2400 2586 2652 2644 Christus
2689 2584 2745 2640 in
2783 2585 2863 2641 eis
2903 2591 3020 2651 est,
3050 2582 3175 2652 quia
3218 2582 3323 2650 ipsi
3364 2595 3463 2635 no-

1894 2688 2028 2742 lunt.

1962 2781 2005 2812 ’9
2038 2777 2143 2845 Qui
2188 2783 2340 2831 recte
2378 2787 2487 2828 non
2527 2769 2683 2835 vivit,
2716 2780 2907 2821 manus
2936 2766 2988 2820 in
3024 2766 3246 2837 propria
3285 2764 3467 2819 anima

1895 2869 2182 2927 abscondit
2209 2867 2431 2938 injuste,
2469 2871 2668 2918 terram
2701 2870 2854 2912 suam
2882 2856 3072 2912 nolens
3097 2855 3383 2920 excolere,
3411 2855 3465 2909 id

1894 2977 1980 3020 est
2022 2976 2254 3033 corpus,
2304 2972 2481 3026 neque
2523 2952 2863 3025 spiritalibus
2935 2948 3170 3006 saturarl
3214 2947 3465 3019 panibus.

1895 3058 2029 3113 Nam
2071 3055 2328 3127 practica:
2366 3051 2599 3105 virtutes
2642 3062 2904 3104 manuum
2942 3053 3132 3099 tenent
3165 3043 3468 3107 rationem,

210 3131 397 3221 λόγον,
433 3157 487 3207 αἱ
516 3155 606 3207 τὸν
636 3131 806 3225 ἄρτον
824 3131 903 3225 τῶ
932 3155 1159 3226 στόματι
1364 3131 1791 3229 π’ροσφέροῦσαι,

1909 3163 2083 3217 eaeque
2120 3159 2312 3217 panem
2388 3141 2470 3196 ori
2517 3148 2703 3195 nostro
2748 3138 3080 3201 admovent,
3116 3148 3342 3204 panem,
3395 3131 3475 3185 in-

209 3244 308 3297 τὸν
329 3245 440 3297 ἀπὸ
467 3246 576 3298 τῶν
599 3224 846 3316 οὐρανῶν
869 3224 1183 3300 καταϐάντα
1261 3248 1356 3301 καὶ
1578 3224 1789 3303 διδόντα

1909 3257 2082 3313 quam,
2112 3237 2206 3309 qui
2240 3236 2306 3292 de
2335 3234 2473 3291 coelo
2498 3230 2815 3295 descendit,
2847 3230 3122 3298 vitamque
3147 3224 3351 3281 mundo
3379 3225 3471 3279 dat

207 3336 292 3406 τῷ
309 3336 505 3407 κόσμῳ
530 3336 596 3390 δι’
622 3336 808 3391 ἐνθέου
843 3339 1034 3409 σοφίας
1056 3340 1150 3394 καὶ
1179 3338 1452 3408 γνώσεως.

1897 3350 1993 3404 per
2022 3332 2262 3387 divinam
2295 3324 2620 3398 sapientiam
2649 3331 2704 3377 et
2733 3321 3039 3377 scientiam.

1679 3435 1831 3493 CAP.
1870 3431 1988 3488 XX.

283 3526 348 3578 Εί
366 3525 557 3596 ,θυμὸς
580 3526 886 3597 δρακόντων
926 3528 955 3580 ὁ
997 3522 1138 3591 οἶνος
1167 3527 1346 3581 αὐτῶν
1362 3569 1377 3593 ,
1408 3528 1704 3583 ἀκόλαστον
1732 3528 1790 3581 δὲ

210 3619 242 3670 6
267 3611 443 3679 οἶνος,
476 3616 771 3681 ἀκόλαστος
810 3617 918 3688 ἀρα
951 3618 981 3670 6
1026 3618 1195 3689 θυμὸς
1214 3657 1229 3682 ,
1253 3618 1580 3682 ἀκολάστους
1625 3620 1793 3672 ποιῶν

213 3706 342 3769 τοὺς
392 3705 746 3776 ἀνθρώπουςσ
791 3708 885 3761 καὶ
928 3707 1240 3779 ὑϐριστικὸν
1286 3710 1319 3779 ὴ
1362 3709 1537 3780 ὀργήο
1586 3709 1794 3778 γίνεται

214 3796 326 3867 γὰρ
352 3791 461 3850 ἀπὸ
483 3797 693 3863 ζέοντος
715 3798 888 3870 θυμοῦ
912 3816 925 3832 ·
958 3801 1085 3854 εἰδὲ
1111 3800 1252 3856 οἴνου
1273 3804 1320 3854 οί
1344 3802 1644 3873 Ναξαραῖοι
1664 3801 1806 3855 κατά

214 3888 308 3941 τὸν
349 3887 513 3957 νόμον
552 3890 879 3960 ἀπέχονται,
927 3889 1099 3961 θυμοῦ
1140 3892 1247 3963 ἄρα
1294 3892 1419 3957 τοὺς
1461 3891 1805 3966 Ναζαραίους

217 3979 377 4042 ἐκτὸς
400 3974 538 4032 εἶναι
568 3980 1008 4052 νενομοθέτηται.

302 4154 569 4209 Ἐνταῦθα
592 4157 682 4211 τὸν
713 4158 951 4228 Χριστὸν
983 4159 1243 4231 ἄντικρυς
1262 4157 1453 4231 εἴρηκε
1485 4160 1733 4230 βασιλέαο
1768 4161 1797 4213 6

216 4246 327 4318 γὰρ
353 4248 543 4302 τοῦτον
574 4249 660 4304 διὰ
684 4251 791 4305 τῶν
814 4252 1098 4323 ἁμαρτιῶν
1122 4251 1437 4322 παροξύνων
1453 4292 1466 4315 ,
1496 4254 1797 4325 ἁμαρτάνει

215 4341 301 4403 εἰς
322 4342 424 4411 τὴν
454 4342 648 4395 ἑαυτοῦ
679 4342 874 4413 ψυχήν.

299 4436 513 4505 Ὠσπερ
542 4437 571 4487 ό
605 4436 793 4504 ἄφρων
822 4435 880 4487 τὸ
902 4436 1102 4500 ὄνειδος
1131 4437 1233 4489 οὑκ
1259 4436 1593 4506 αἰσχύνεται,
1625 4435 1796 4499 οὕτως

1969 3524 1988 3554 ⁸
2040 3519 2097 3576 Si
2152 3518 2303 3573 furor
2346 3515 2684 3574 draconum,
2727 3509 2914 3563 vinum
2958 3521 3191 3572 eorum;
3241 3513 3327 3561 est
3371 3518 3468 3559 au-

1901 3625 2007 3670 tem
2063 3625 2155 3667 res
2204 3610 2577 3678 intemperans
2627 3604 2865 3669 vinum;
2911 3616 3043 3672 ergo
3098 3600 3475 3670 intemperans

1900 3706 2085 3767 turor,
2129 3704 2554 3769 intemperantes
2602 3710 2697 3752 seu
2745 3692 2977 3749 eﬁ‘renes
3024 3692 3233 3747 faciens
3283 3690 3468 3746 homi-

1900 3809 2013 3849 nes.
2048 3792 2142 3846 Est
2178 3790 2305 3843 item
2345 3786 2733 3843 contumeliosa
2775 3786 2856 3839 ira
2881 3822 2898 3848 ,
2927 3798 3046 3851 qua:
3081 3781 3140 3835 ﬁt
3176 3795 3245 3835 ex
3270 3780 3470 3834 arden-

1901 3896 1952 3941 te
1986 3886 2188 3939 l‘urore.
2228 3881 2383 3948 Quod
2423 3880 2469 3935 si
2509 3881 2633 3935 vino
2661 3877 2906 3935 Nazarmi
2932 3877 3085 3947 juxta
3131 3875 3305 3945 legem
3341 3875 3471 3927 abs-

1902 3978 2098 4042 tinent,
2135 3984 2287 4030 extra
2321 3971 2562 4027 furorem
2595 3986 2715 4027 esse
2749 3969 3038 4025 Nazarmos
3060 3967 3177 4039 lege
3207 3975 3470 4023 statutum

1897 4076 2002 4121 est.

1974 4160 1994 4189 ³
2030 4156 2145 4211 Hoc
2187 4155 2306 4209 loco
2347 4154 2629 4209 Christum
2670 4154 2953 4209 evidenter
2995 4151 3287 4224 appellavit
3325 4152 3474 4220 regis

1900 4249 2140 4307 nomine.
2175 4247 2311 4302 Nam
2341 4251 2435 4317 qui
2462 4246 2741 4302 Christum
2770 4245 3009 4316 peccatis
3040 4244 3243 4310 irritat,
3275 4243 3471 4299 adver-

1901 4356 1996 4396 sus
2017 4340 2259 4394 animam
2294 4353 2451 4393 suam
2485 4345 2689 4407 peccat.

1975 4432 1996 4464 ³
2022 4433 2175 4487 Sicut
2204 4432 2403 4487 stultus
2434 4432 2795 4500 exprobratus
2825 4444 2933 4484 non
2966 4426 3256 4489 erubescit,
3285 4425 3358 4479 ita
3380 4425 3473 4491 qui

221 4529 253 4581 6
282 4526 665 4596 δανεισάμενος
696 4530 839 4579 σῖτον
873 4528 1092 4598 σπεῖραι
1134 4529 1191 4581 ἐν
1222 4527 1450 4598 ἀμητῷο
1499 4528 1601 4599 ἤδη
1629 4528 1711 4581 ὅτι
1733 4530 1795 4580 ὲκ

1909 4524 2088 4580 fenore
2125 4525 2327 4593 accipit.
2367 4523 2702 4577 frumentum
2744 4522 2810 4574 ad
2843 4520 3134 4575 serendum
3179 4518 3234 4572 in
3274 4532 3471 4572 messe.

220 4617 317 4671 τοῦ
336 4617 606 4686 γεωργίου
632 4615 794 4668 αὐτοῦ
821 4616 1211 4687 ἀποδοθήσεται
1239 4615 1317 4685 τῷ
1341 4616 1664 4679 δανείσαντι,
1696 4613 1797 4668 κᾶν

218 4709 358 4782 τύχῃ
392 4708 681 4761 ἀποθανεῖν
711 4709 804 4761 τὸν
840 4706 1347 4762 δανεισθέντα.-Εί
1379 4707 1525 4761 ἐστιν
1563 4708 1620 4760 ὲν
1656 4709 1797 4779 ἀμη-

219 4803 298 4873 τῷ
318 4805 466 4855 σῖτον
491 4800 836 4855 δανείσασθαι
862 4800 1013 4871 παρὰ
1042 4800 1153 4853 τῶν
1182 4799 1572 4872 ἐργασαμένων
1601 4802 1657 4853 έν
1684 4802 1796 4862 τοῖς

221 4896 281 4959 ἒξ
302 4894 445 4948 ἔτεσι
466 4894 563 4966 τὴν
588 4893 791 4947 έαυτῶν
821 4893 946 4963 γῆν,
975 4893 1219 4945 τουτέστι
1252 4894 1401 4964 παρὰ
1426 4892 1537 4945 τῶν
1566 4892 1663 4962 τῆς
1692 4890 1797 4963 πρὸ

219 4986 314 5041 τοῦ
341 4985 577 5057 Χριστοῦ
619 4974 927 5056 παρουσίας
949 4986 1006 5038 ὲν
1037 4986 1148 5048 τοῖς
1180 4984 1239 5052 ἒξ
1274 4984 1434 5038 αίῶσι
1472 4984 1798 5054 λαμψάντων

217 5077 442 5131 δικαίων
471 5078 564 5129 καὶ
596 5076 889 5148 προφητῶν
918 5076 1017 5140 τάς
1054 5075 1254 5148 ἀρετὰς
1288 5076 1661 5147 μιμήσασθαι,
1692 5075 1799 5127 τῶν

220 5171 317 5223 καὶ
358 5169 667 5240 τρεφόντων
715 5172 772 5221 ὲν
797 5169 875 5239 τῷ
907 5170 1117 5241 ἑϐδόμῳ
1145 5169 1252 5221 ἔτει
1281 5168 1455 5239 χήραν
1498 5168 1591 5220 καὶ
1632 5169 1802 5239 ὀρφα-

222 5262 387 5325 νοὺς,
430 5263 509 5324 είς
558 5262 619 5314 τὸ
663 5262 1087 5331 ἀνταποδΟΘῆναι
1127 5263 1308 5325 αὐτοῖς
1354 5263 1413 5315 ὲν
1453 5264 1519 5333 τῇ
1557 5260 1801 5334 βασιλεία

219 5353 329 5406 τῶν
356 5352 604 5423 οὐρανῶν
631 5353 724 5406 τὸν
748 5353 941 5424 μισθὸν
980 5355 1078 5425 τῆς
1111 5352 1387 5418 ἐνδείξεως
1424 5354 1532 5406 τῶν
1562 5354 1792 5425 ἀρετῶν,

230 5444 307 5506 ὡς
333 5443 560 5516 ἀπαρχὴ
586 5443 873 5511 γεγονότες
902 5444 1012 5497 τῶν
1034 5443 1266 5514 ἀρετῶν.

293 5621 401 5688 Οὓς
444 5625 564 5677 κατ’
594 5624 793 5698 ἀρετὴν
837 5626 1074 5696 δηλονότι
1109 5627 1403 5699 γεγέννηκέ
1453 5642 1536 5689 τις
1563 5664 1577 5689 ,
1616 5624 1797 5679 εἰκόνα

291 5807 343 5843 ⁸⁸
374 5823 429 5864 v.
467 5808 550 5864 l9.
627 5809 692 5883 ,⁸⁷
718 5807 908 5865 Matth.
942 5823 1049 5874 xvr,
1077 5808 1164 5864 26.
1240 5810 1287 5843 ’⁸
1318 5824 1367 5867 v.
1395 5809 1487 5866 Τό.
1565 5812 1609 5844 ³³
1642 5826 1691 5866 v.
1725 5810 1817 5866 24.

1902 4618 2065 4672 Certe
2095 4630 2164 4677 ex
2193 4615 2313 4686 ejus
2353 4629 2485 4686 agro
2516 4612 2773 4668 reddetur
2800 4627 2922 4667 sors
2953 4610 3243 4676 feneranti,
3279 4612 3475 4664 etiam-

1903 4708 1948 4762 si
1991 4704 2206 4761 interim
2253 4707 2392 4760 mori
2436 4705 2730 4775 contigerit
2763 4703 2813 4757 ei
2844 4703 2935 4772 qui
2978 4717 3101 4757 cum
3150 4700 3343 4758 fenore
3384 4716 3474 4757 ac-

1903 4808 2140 4867 ceperat.
2171 4827 2244 4838 —
2274 4796 2393 4852 lam
2440 4796 2680 4851 triticum
2725 4808 2851 4848 cum
2889 4794 3079 4849 fenore
3118 4794 3295 4862 accipi
3329 4806 3476 4849 mes-

1902 4891 1978 4944 sis
2027 4900 2305 4958 tempore,
2344 4888 2411 4943 ab
2459 4888 2526 4941 iis
2589 4885 2681 4954 qui
2736 4899 2924 4955 agrum
2970 4899 3128 4939 suum
3174 4897 3269 4937 sex
3315 4886 3474 4938 annis

1902 4990 2058 5035 erant
2093 4981 2342 5050 operati,
2386 4980 2488 5033 hoc
2524 4976 2800 5048 signiﬁcat
2847 4975 3061 5031 illorum
3103 4986 3229 5030 ante
3268 4974 3475 5031 Christi

1902 5074 2196 5127 adventum
2245 5086 2342 5126 sex
2387 5069 2641 5125 aetatibus
2686 5068 2955 5123 clarorum
2995 5066 3268 5135 justorum
3310 5075 3477 5134 atque

1903 5165 2291 5233 prophetarum
2322 5163 2557 5216 virtutes
2597 5159 2801 5214 imitari
2836 5167 3127 5227 Oportere,
3171 5156 3264 5227 qui
3307 5154 3476 5211 etiam

1903 5258 2135 5327 septimo
2180 5269 2325 5309 anno
2372 5255 2684 5309 nutrierunt
2724 5250 2919 5305 viduas
2962 5258 3020 5304 et
3057 5251 3336 5321 urphanos
3366 5265 3381 5314 ;
3417 5257 3478 5304 ut

1901 5350 2002 5404 sibi
2059 5350 2381 5403 redderetur
2424 5348 2478 5402 in
2529 5361 2698 5417 regno
2756 5344 3019 5400 caelorum
3070 5359 3279 5401 merces
3318 5361 3476 5400 exer-

1904 5449 1970 5495 tte
2026 5440 2290 5506 virtutis,
2355 5439 2449 5509 qui
2516 5438 2627 5492 imo
2687 5437 2908 5491 fuerunt
2954 5435 3219 5491 virtutum
3280 5436 3473 5507 primi-

1904 5533 2013 5586 tiae.

1977 5622 1998 5653 ’⁵
2028 5622 2172 5689 Quos
2194 5624 2490 5679 secundum
2523 5622 2785 5679 virtutem
2817 5621 2944 5693 quis
2973 5620 3158 5694 genuit
3178 5658 3196 5689 ,
3222 5632 3317 5678 eos
3339 5617 3475 5674 ima-

1910 5810 2094 5865 ‘VJ.
2180 5809 2361 5864 'v.2.
2451 5808 2632 5864 'vJ.
2722 5806 2904 5862 ‘v.7.
