  <div class='ocr_page' id='page_1' title='image "/cluster/home/n/w/nwhite01/storage/ocr_20150623/17/nnc1.0046978615/115.png"; bbox 0 0 3888 6214; ppageno 0'>
   <div class='ocr_carea' id='block_1_1' title="bbox 383 328 484 382">
    <p class='ocr_par' dir='ltr' id='par_1_1' title="bbox 383 328 484 382">
     <span class='ocr_line' id='line_1_1' title="bbox 383 328 484 382; baseline 0 0"><span class='ocrx_word' id='word_1_1' title='bbox 383 328 484 382; x_wconf 68' lang='grc' dir='ltr'><strong>9η</strong></span> 
     </span>
    </p>
   </div>
   <div class='ocr_carea' id='block_1_2' title="bbox 1278 327 2781 387">
    <p class='ocr_par' dir='ltr' id='par_1_2' title="bbox 1278 327 2781 387">
     <span class='ocr_line' id='line_1_2' title="bbox 1278 327 2781 387; baseline -0.001 -2"><span class='ocrx_word' id='word_1_2' title='bbox 1278 329 1841 387; x_wconf 79' lang='lat' dir='ltr'><strong>SUPPLEMENTUM</strong></span> <span class='ocrx_word' id='word_1_3' title='bbox 1884 328 1974 385; x_wconf 77' lang='lat' dir='ltr'><strong>AD</strong></span> <span class='ocrx_word' id='word_1_4' title='bbox 2009 327 2332 385; x_wconf 83' lang='lat' dir='ltr'><strong>ORIGENIS</strong></span> <span class='ocrx_word' id='word_1_5' title='bbox 2366 328 2781 385; x_wconf 81' lang='lat' dir='ltr'><strong>EXEGETICA.</strong></span> 
     </span>
    </p>
   </div>
   <div class='ocr_carea' id='block_1_3' title="bbox 3521 334 3631 387">
    <p class='ocr_par' dir='ltr' id='par_1_3' title="bbox 3521 334 3631 387">
     <span class='ocr_line' id='line_1_3' title="bbox 3521 334 3631 387; baseline 0.018 -2"><span class='ocrx_word' id='word_1_6' title='bbox 3521 334 3631 387; x_wconf 65' lang='lat'><strong>212</strong></span> 
     </span>
    </p>
   </div>
   <div class='ocr_carea' id='block_1_4' title="bbox 383 444 1986 523">
    <p class='ocr_par' dir='ltr' id='par_1_4' title="bbox 383 444 1986 521">
     <span class='ocr_line' id='line_1_4' title="bbox 383 444 1986 521; baseline 0.004 -23"><span class='ocrx_word' id='word_1_7' title='bbox 383 459 564 515; x_wconf 73' lang='lat' dir='ltr'><strong>ginem</strong></span> <span class='ocrx_word' id='word_1_8' title='bbox 611 452 666 499; x_wconf 89' lang='lat' dir='ltr'><strong>et</strong></span> <span class='ocrx_word' id='word_1_9' title='bbox 702 444 1072 501; x_wconf 73' lang='lat' dir='ltr'><strong>laudationem</strong></span> <span class='ocrx_word' id='word_1_10' title='bbox 1122 447 1396 518; x_wconf 89' lang='lat' dir='ltr'><strong>relinquet</strong></span> <span class='ocrx_word' id='word_1_11' title='bbox 1439 451 1677 521; x_wconf 73' lang='lat' dir='ltr'><strong>posteris</strong></span> <span class='ocrx_word' id='word_1_12' title='bbox 1723 451 1809 505; x_wconf 87' lang='lat' dir='ltr'><strong>vir</strong></span> <span class='ocrx_word' id='word_1_13' title='bbox 1850 451 1986 511; x_wconf 39' lang='lat' dir='ltr'><strong>imm</strong></span> 
     </span>
    </p>
   </div>
   <div class='ocr_carea' id='block_1_5' title="bbox 2078 444 3632 523">
    <p class='ocr_par' dir='ltr' id='par_1_5' title="bbox 2078 448 3632 523">
     <span class='ocr_line' id='line_1_5' title="bbox 2078 448 3632 523; baseline 0.003 -21"><span class='ocrx_word' id='word_1_14' title='bbox 2078 448 2148 503; x_wconf 81' lang='grc' dir='ltr'><strong>ιαὶ</strong></span> <span class='ocrx_word' id='word_1_15' title='bbox 2185 449 2530 520; x_wconf 84' lang='grc' dir='ltr'><strong>μακαρισμὸν</strong></span> <span class='ocrx_word' id='word_1_16' title='bbox 2575 449 2889 517; x_wconf 69' lang='grc' dir='ltr'><strong>καταλείψει</strong></span> <span class='ocrx_word' id='word_1_17' title='bbox 2933 452 3044 514; x_wconf 69' lang='grc' dir='ltr'>τοῖς</span> <span class='ocrx_word' id='word_1_18' title='bbox 3096 451 3383 522; x_wconf 84' lang='grc' dir='ltr'>μετέπειτα</span> <span class='ocrx_word' id='word_1_19' title='bbox 3414 453 3441 504; x_wconf 88' lang='lat'><strong>6</strong></span> <span class='ocrx_word' id='word_1_20' title='bbox 3473 452 3632 523; x_wconf 70' lang='grc' dir='ltr'>ἇμωη·</span> 
     </span>
    </p>
   </div>
   <div class='ocr_carea' id='block_1_6' title="bbox 384 536 1953 613">
    <p class='ocr_par' dir='ltr' id='par_1_6' title="bbox 384 536 1953 613">
     <span class='ocr_line' id='line_1_6' title="bbox 384 536 1953 613; baseline 0.004 -24"><span class='ocrx_word' id='word_1_21' title='bbox 384 536 719 602; x_wconf 78' lang='lat' dir='ltr'><strong>maculatus,</strong></span> <span class='ocrx_word' id='word_1_22' title='bbox 752 546 807 593; x_wconf 91' lang='lat' dir='ltr'><strong>et</strong></span> <span class='ocrx_word' id='word_1_23' title='bbox 854 540 923 593; x_wconf 90' lang='lat' dir='ltr'><strong>ad</strong></span> <span class='ocrx_word' id='word_1_24' title='bbox 957 538 1185 609; x_wconf 70' lang='lat' dir='ltr'><strong>iustitia:</strong></span> <span class='ocrx_word' id='word_1_25' title='bbox 1226 541 1619 597; x_wconf 86' lang='lat' dir='ltr'><strong>nutrimentum</strong></span> <span class='ocrx_word' id='word_1_26' title='bbox 1669 556 1844 613; x_wconf 91' lang='lat' dir='ltr'><strong>usque</strong></span> <span class='ocrx_word' id='word_1_27' title='bbox 1893 543 1953 596; x_wconf 92' lang='lat' dir='ltr'><strong>in</strong></span> 
     </span>
    </p>
   </div>
   <div class='ocr_carea' id='block_1_7' title="bbox 386 629 568 683">
    <p class='ocr_par' dir='ltr' id='par_1_7' title="bbox 386 629 568 683">
     <span class='ocr_line' id='line_1_7' title="bbox 386 629 568 683; baseline -0.011 -1"><span class='ocrx_word' id='word_1_28' title='bbox 386 629 568 683; x_wconf 82' lang='lat' dir='ltr'><strong>linem.</strong></span> 
     </span>
    </p>
   </div>
   <div class='ocr_carea' id='block_1_8' title="bbox 455 720 1955 781">
    <p class='ocr_par' dir='ltr' id='par_1_8' title="bbox 455 720 1955 781">
     <span class='ocr_line' id='line_1_8' title="bbox 455 720 1955 781; baseline 0.001 -7"><span class='ocrx_word' id='word_1_29' title='bbox 455 721 478 752; x_wconf 82' lang='grc'><strong>⁸</strong></span> <span class='ocrx_word' id='word_1_30' title='bbox 524 720 658 775; x_wconf 80' lang='lat' dir='ltr'><strong>Mori</strong></span> <span class='ocrx_word' id='word_1_31' title='bbox 699 721 838 776; x_wconf 76' lang='lat' dir='ltr'><strong>dixit</strong></span> <span class='ocrx_word' id='word_1_32' title='bbox 880 730 935 776; x_wconf 90' lang='lat' dir='ltr'><strong>et</strong></span> <span class='ocrx_word' id='word_1_33' title='bbox 984 722 1111 777; x_wconf 85' lang='lat' dir='ltr'><strong>alibi</strong></span> <span class='ocrx_word' id='word_1_34' title='bbox 1158 723 1505 779; x_wconf 91' lang='lat' dir='ltr'><strong>maledicum.</strong></span> <span class='ocrx_word' id='word_1_35' title='bbox 1543 724 1651 780; x_wconf 88' lang='lat' dir='ltr'><strong>Sed</strong></span> <span class='ocrx_word' id='word_1_36' title='bbox 1692 732 1751 781; x_wconf 91' lang='lat' dir='ltr'><strong>et</strong></span> <span class='ocrx_word' id='word_1_37' title='bbox 1796 724 1955 781; x_wconf 87' lang='lat' dir='ltr'><strong>Chri-</strong></span> 
     </span>
    </p>
   </div>
   <div class='ocr_carea' id='block_1_9' title="bbox 386 811 1956 886">
    <p class='ocr_par' dir='ltr' id='par_1_9' title="bbox 386 811 1956 886">
     <span class='ocr_line' id='line_1_9' title="bbox 386 811 1956 886; baseline 0.004 -21"><span class='ocrx_word' id='word_1_38' title='bbox 386 823 504 867; x_wconf 95' lang='lat' dir='ltr'><strong>stus</strong></span> <span class='ocrx_word' id='word_1_39' title='bbox 535 832 547 867; x_wconf 94' lang='lat'><strong>:</strong></span> <span class='ocrx_word' id='word_1_40' title='bbox 573 811 677 878; x_wconf 84' lang='lat' dir='ltr'><strong>Qui</strong></span> <span class='ocrx_word' id='word_1_41' title='bbox 705 812 957 871; x_wconf 58' lang='lat' dir='ltr'><strong>Ecclesia;</strong></span> <span class='ocrx_word' id='word_1_42' title='bbox 986 818 1294 881; x_wconf 78' lang='lat' dir='ltr'><strong>maledicit,</strong></span> <span class='ocrx_word' id='word_1_43' title='bbox 1330 816 1626 885; x_wconf 81' lang='lat' dir='ltr'><strong>privabitur</strong></span> <span class='ocrx_word' id='word_1_44' title='bbox 1659 818 1765 886; x_wconf 79' lang='lat' dir='ltr'><strong>ﬁde</strong></span> <span class='ocrx_word' id='word_1_45' title='bbox 1787 857 1802 880; x_wconf 90' lang='lat'><strong>,</strong></span> <span class='ocrx_word' id='word_1_46' title='bbox 1838 834 1956 883; x_wconf 76' lang='lat' dir='ltr'><strong>qua:</strong></span> 
     </span>
    </p>
   </div>
   <div class='ocr_carea' id='block_1_10' title="bbox 386 904 1958 963">
    <p class='ocr_par' dir='ltr' id='par_1_10' title="bbox 386 904 1958 963">
     <span class='ocr_line' id='line_1_10' title="bbox 386 904 1958 963; baseline 0.004 -6"><span class='ocrx_word' id='word_1_47' title='bbox 386 904 481 958; x_wconf 80' lang='lat' dir='ltr'><strong>lua:</strong></span> <span class='ocrx_word' id='word_1_48' title='bbox 538 906 587 959; x_wconf 86' lang='lat' dir='ltr'><strong>ei</strong></span> <span class='ocrx_word' id='word_1_49' title='bbox 644 917 755 960; x_wconf 85' lang='lat' dir='ltr'><strong>erat</strong></span> <span class='ocrx_word' id='word_1_50' title='bbox 817 917 937 962; x_wconf 86' lang='lat' dir='ltr'><strong>ante</strong></span> <span class='ocrx_word' id='word_1_51' title='bbox 996 908 1485 963; x_wconf 69' lang='lat' dir='ltr'><strong>obtrectationem“.</strong></span> <span class='ocrx_word' id='word_1_52' title='bbox 1538 909 1677 963; x_wconf 85' lang='lat' dir='ltr'><strong>Dicit</strong></span> <span class='ocrx_word' id='word_1_53' title='bbox 1742 908 1958 963; x_wconf 81' lang='lat' dir='ltr'><strong>fortas-</strong></span> 
     </span>
    </p>
   </div>
   <div class='ocr_carea' id='block_1_11' title="bbox 386 998 1958 1057">
    <p class='ocr_par' dir='ltr' id='par_1_11' title="bbox 386 998 1958 1057">
     <span class='ocr_line' id='line_1_11' title="bbox 386 998 1958 1057; baseline 0.001 -6"><span class='ocrx_word' id='word_1_54' title='bbox 386 1011 445 1051; x_wconf 97' lang='lat' dir='ltr'><strong>se</strong></span> <span class='ocrx_word' id='word_1_55' title='bbox 476 998 642 1051; x_wconf 89' lang='lat' dir='ltr'><strong>etiam</strong></span> <span class='ocrx_word' id='word_1_56' title='bbox 674 999 740 1054; x_wconf 92' lang='lat' dir='ltr'><strong>de</strong></span> <span class='ocrx_word' id='word_1_57' title='bbox 783 1001 1023 1056; x_wconf 85' lang='lat' dir='ltr'><strong>tenebris</strong></span> <span class='ocrx_word' id='word_1_58' title='bbox 1068 1001 1475 1056; x_wconf 79' lang='lat' dir='ltr'><strong>exterioribus:</strong></span> <span class='ocrx_word' id='word_1_59' title='bbox 1506 1000 1628 1055; x_wconf 87' lang='lat' dir='ltr'><strong>ideo</strong></span> <span class='ocrx_word' id='word_1_60' title='bbox 1665 1012 1721 1057; x_wconf 91' lang='lat' dir='ltr'><strong>et</strong></span> <span class='ocrx_word' id='word_1_61' title='bbox 1763 1001 1829 1057; x_wconf 84' lang='lat' dir='ltr'><strong>de</strong></span> <span class='ocrx_word' id='word_1_62' title='bbox 1872 999 1958 1054; x_wconf 81' lang='lat' dir='ltr'><strong>fu-</strong></span> 
     </span>
    </p>
   </div>
   <div class='ocr_carea' id='block_1_12' title="bbox 386 1088 1958 1162">
    <p class='ocr_par' dir='ltr' id='par_1_12' title="bbox 386 1088 1958 1162">
     <span class='ocr_line' id='line_1_12' title="bbox 386 1088 1958 1162; baseline 0.006 -23"><span class='ocrx_word' id='word_1_63' title='bbox 386 1094 512 1140; x_wconf 91' lang='lat' dir='ltr'><strong>turo</strong></span> <span class='ocrx_word' id='word_1_64' title='bbox 564 1088 785 1142; x_wconf 85' lang='lat' dir='ltr'><strong>dicitur.</strong></span> <span class='ocrx_word' id='word_1_65' title='bbox 842 1089 907 1144; x_wconf 86' lang='lat' dir='ltr'><strong>Et</strong></span> <span class='ocrx_word' id='word_1_66' title='bbox 951 1092 1067 1160; x_wconf 90' lang='lat' dir='ltr'><strong>ipse</strong></span> <span class='ocrx_word' id='word_1_67' title='bbox 1112 1092 1403 1160; x_wconf 90' lang='lat' dir='ltr'><strong>Christus,</strong></span> <span class='ocrx_word' id='word_1_68' title='bbox 1459 1100 1620 1161; x_wconf 86' lang='lat' dir='ltr'><strong>pater</strong></span> <span class='ocrx_word' id='word_1_69' title='bbox 1670 1102 1958 1162; x_wconf 87' lang='lat' dir='ltr'><strong>materque</strong></span> 
     </span>
    </p>
   </div>
   <div class='ocr_carea' id='block_1_13' title="bbox 387 1176 1955 1253">
    <p class='ocr_par' dir='ltr' id='par_1_13' title="bbox 387 1176 1955 1253">
     <span class='ocr_line' id='line_1_13' title="bbox 387 1176 1955 1253; baseline 0.004 -23"><span class='ocrx_word' id='word_1_70' title='bbox 387 1176 494 1231; x_wconf 89' lang='lat' dir='ltr'><strong>dici</strong></span> <span class='ocrx_word' id='word_1_71' title='bbox 550 1188 729 1248; x_wconf 86' lang='lat' dir='ltr'><strong>potest</strong></span> <span class='ocrx_word' id='word_1_72' title='bbox 784 1198 800 1235; x_wconf 88' lang='lat'><strong>:</strong></span> <span class='ocrx_word' id='word_1_73' title='bbox 851 1193 1005 1252; x_wconf 89' lang='lat' dir='ltr'><strong>pater</strong></span> <span class='ocrx_word' id='word_1_74' title='bbox 1054 1185 1276 1252; x_wconf 88' lang='lat' dir='ltr'><strong>quidem</strong></span> <span class='ocrx_word' id='word_1_75' title='bbox 1330 1184 1669 1242; x_wconf 70' lang='lat' dir='ltr'><strong>habentium.</strong></span> <span class='ocrx_word' id='word_1_76' title='bbox 1701 1185 1955 1253; x_wconf 84' lang='lat' dir='ltr'><strong>spiritum</strong></span> 
     </span>
    </p>
   </div>
   <div class='ocr_carea' id='block_1_14' title="bbox 388 1271 1961 1345">
    <p class='ocr_par' dir='ltr' id='par_1_14' title="bbox 388 1271 1961 1345">
     <span class='ocr_line' id='line_1_14' title="bbox 388 1271 1961 1345; baseline 0.005 -23"><span class='ocrx_word' id='word_1_77' title='bbox 388 1271 729 1339; x_wconf 84' lang='lat' dir='ltr'><strong>adoptionis;</strong></span> <span class='ocrx_word' id='word_1_78' title='bbox 778 1284 953 1328; x_wconf 86' lang='lat' dir='ltr'><strong>mater</strong></span> <span class='ocrx_word' id='word_1_79' title='bbox 998 1274 1363 1345; x_wconf 75' lang='lat' dir='ltr'><strong>indigentium</strong></span> <span class='ocrx_word' id='word_1_80' title='bbox 1401 1276 1545 1331; x_wconf 91' lang='lat' dir='ltr'><strong>lacte</strong></span> <span class='ocrx_word' id='word_1_81' title='bbox 1577 1286 1633 1331; x_wconf 91' lang='lat' dir='ltr'><strong>et</strong></span> <span class='ocrx_word' id='word_1_82' title='bbox 1673 1291 1781 1331; x_wconf 90' lang='lat' dir='ltr'><strong>non</strong></span> <span class='ocrx_word' id='word_1_83' title='bbox 1829 1277 1961 1333; x_wconf 90' lang='lat' dir='ltr'><strong>soli-</strong></span> 
     </span>
    </p>
   </div>
   <div class='ocr_carea' id='block_1_15' title="bbox 388 1362 1953 1438">
    <p class='ocr_par' dir='ltr' id='par_1_15' title="bbox 388 1362 1953 1438">
     <span class='ocr_line' id='line_1_15' title="bbox 388 1362 1953 1438; baseline 0.005 -23"><span class='ocrx_word' id='word_1_84' title='bbox 388 1362 543 1417; x_wconf 77' lang='lat' dir='ltr'><strong>diore</strong></span> <span class='ocrx_word' id='word_1_85' title='bbox 574 1363 712 1418; x_wconf 84' lang='lat' dir='ltr'><strong>cibo.</strong></span> <span class='ocrx_word' id='word_1_86' title='bbox 753 1362 998 1435; x_wconf 84' lang='lat' dir='ltr'><strong>Namque</strong></span> <span class='ocrx_word' id='word_1_87' title='bbox 1028 1376 1081 1422; x_wconf 89' lang='lat' dir='ltr'><strong>et</strong></span> <span class='ocrx_word' id='word_1_88' title='bbox 1119 1368 1175 1422; x_wconf 90' lang='lat' dir='ltr'><strong>in</strong></span> <span class='ocrx_word' id='word_1_89' title='bbox 1204 1366 1375 1423; x_wconf 91' lang='lat' dir='ltr'><strong>Paulo</strong></span> <span class='ocrx_word' id='word_1_90' title='bbox 1415 1367 1643 1438; x_wconf 87' lang='lat' dir='ltr'><strong>loquens</strong></span> <span class='ocrx_word' id='word_1_91' title='bbox 1671 1368 1916 1424; x_wconf 88' lang='lat' dir='ltr'><strong>Christus</strong></span> <span class='ocrx_word' id='word_1_92' title='bbox 1939 1408 1953 1432; x_wconf 95' lang='lat'><strong>,</strong></span> 
     </span>
    </p>
   </div>
   <div class='ocr_carea' id='block_1_16' title="bbox 388 1456 1960 1550">
    <p class='ocr_par' dir='ltr' id='par_1_16' title="bbox 388 1456 1960 1550">
     <span class='ocr_line' id='line_1_16' title="bbox 388 1456 1960 1550; baseline 0.005 -43"><span class='ocrx_word' id='word_1_93' title='bbox 388 1463 544 1550; x_wconf 72' lang='lat' dir='ltr'><strong>pater</strong></span> <span class='ocrx_word' id='word_1_94' title='bbox 583 1456 940 1526; x_wconf 85' lang='lat' dir='ltr'><strong>Ephesiorum</strong></span> <span class='ocrx_word' id='word_1_95' title='bbox 982 1458 1184 1525; x_wconf 73' lang='lat' dir='ltr'><strong>ﬂebat,</strong></span> <span class='ocrx_word' id='word_1_96' title='bbox 1210 1460 1490 1529; x_wconf 68' lang='lat' dir='ltr'><strong>sapientiae</strong></span> <span class='ocrx_word' id='word_1_97' title='bbox 1539 1460 1675 1530; x_wconf 87' lang='lat' dir='ltr'><strong>ipsis</strong></span> <span class='ocrx_word' id='word_1_98' title='bbox 1710 1461 1960 1515; x_wconf 88' lang='lat' dir='ltr'><strong>revelans</strong></span> 
     </span>
    </p>
   </div>
   <div class='ocr_carea' id='block_1_17' title="bbox 391 1546 1960 1621">
    <p class='ocr_par' dir='ltr' id='par_1_17' title="bbox 391 1546 1960 1621">
     <span class='ocr_line' id='line_1_17' title="bbox 391 1546 1960 1621; baseline 0.005 -24"><span class='ocrx_word' id='word_1_99' title='bbox 391 1546 650 1615; x_wconf 80' lang='lat' dir='ltr'><strong>niysteria</strong></span> <span class='ocrx_word' id='word_1_100' title='bbox 703 1564 717 1600; x_wconf 91' lang='lat'><strong>:</strong></span> <span class='ocrx_word' id='word_1_101' title='bbox 777 1556 958 1603; x_wconf 89' lang='lat' dir='ltr'><strong>mater</strong></span> <span class='ocrx_word' id='word_1_102' title='bbox 1000 1564 1133 1605; x_wconf 83' lang='lat' dir='ltr'><strong>vero</strong></span> <span class='ocrx_word' id='word_1_103' title='bbox 1180 1550 1585 1607; x_wconf 84' lang='lat' dir='ltr'><strong>Corinthiorum</strong></span> <span class='ocrx_word' id='word_1_104' title='bbox 1634 1550 1831 1621; x_wconf 78' lang='lat' dir='ltr'><strong>quibus</strong></span> <span class='ocrx_word' id='word_1_105' title='bbox 1876 1550 1960 1605; x_wconf 90' lang='lat' dir='ltr'><strong>lac</strong></span> 
     </span>
    </p>
   </div>
   <div class='ocr_carea' id='block_1_18' title="bbox 388 1637 684 1705">
    <p class='ocr_par' dir='ltr' id='par_1_18' title="bbox 388 1637 684 1705">
     <span class='ocr_line' id='line_1_18' title="bbox 388 1637 684 1705; baseline 0.003 -16"><span class='ocrx_word' id='word_1_106' title='bbox 388 1637 684 1705; x_wconf 69' lang='lat' dir='ltr'><strong>praebebat.</strong></span> 
     </span>
    </p>
   </div>
   <div class='ocr_carea' id='block_1_19' title="bbox 2059 535 3365 608">
    <p class='ocr_par' dir='ltr' id='par_1_19' title="bbox 2059 535 3365 608">
     <span class='ocr_line' id='line_1_19' title="bbox 2059 535 3365 608; baseline 0.004 -21"><span class='ocrx_word' id='word_1_107' title='bbox 2059 551 2177 605; x_wconf 89' lang='grc' dir='ltr'>μος,</span> <span class='ocrx_word' id='word_1_108' title='bbox 2201 536 2296 588; x_wconf 80' lang='grc' dir='ltr'><strong>καὶ</strong></span> <span class='ocrx_word' id='word_1_109' title='bbox 2326 535 2668 606; x_wconf 81' lang='grc' dir='ltr'>δικαιοσύνην</span> <span class='ocrx_word' id='word_1_110' title='bbox 2690 537 3000 608; x_wconf 80' lang='grc' dir='ltr'>ἀνατροφῆς</span> <span class='ocrx_word' id='word_1_111' title='bbox 3031 537 3134 602; x_wconf 79' lang='grc' dir='ltr'>ἓως</span> <span class='ocrx_word' id='word_1_112' title='bbox 3156 539 3365 604; x_wconf 81' lang='grc' dir='ltr'><strong>τέλους.</strong></span> 
     </span>
    </p>
   </div>
   <div class='ocr_carea' id='block_1_20' title="bbox 2126 715 3628 791">
    <p class='ocr_par' dir='ltr' id='par_1_20' title="bbox 2126 715 3628 791">
     <span class='ocr_line' id='line_1_20' title="bbox 2126 715 3628 791; baseline 0.005 -20"><span class='ocrx_word' id='word_1_113' title='bbox 2126 719 2393 790; x_wconf 82' lang='grc' dir='ltr'>Τελευτᾷν</span> <span class='ocrx_word' id='word_1_114' title='bbox 2431 719 2539 791; x_wconf 82' lang='grc' dir='ltr'>γὰρ</span> <span class='ocrx_word' id='word_1_115' title='bbox 2587 715 2739 773; x_wconf 77' lang='grc' dir='ltr'>εἶπεν</span> <span class='ocrx_word' id='word_1_116' title='bbox 2771 719 3003 791; x_wconf 85' lang='grc' dir='ltr'>ἀλλαχοῦ</span> <span class='ocrx_word' id='word_1_117' title='bbox 3049 722 3141 775; x_wconf 84' lang='grc' dir='ltr'><strong>τὸν</strong></span> <span class='ocrx_word' id='word_1_118' title='bbox 3196 722 3628 789; x_wconf 79' lang='grc' dir='ltr'>κακολογοῦνταο</span> 
     </span>
    </p>
   </div>
   <div class='ocr_carea' id='block_1_21' title="bbox 2054 810 3633 883">
    <p class='ocr_par' dir='ltr' id='par_1_21' title="bbox 2054 810 3633 883">
     <span class='ocr_line' id='line_1_21' title="bbox 2054 810 3633 883; baseline 0.004 -20"><span class='ocrx_word' id='word_1_119' title='bbox 2054 810 2191 863; x_wconf 89' lang='grc' dir='ltr'><strong>ἀλλά</strong></span> <span class='ocrx_word' id='word_1_120' title='bbox 2228 812 2321 863; x_wconf 78' lang='grc' dir='ltr'><strong>καὶ</strong></span> <span class='ocrx_word' id='word_1_121' title='bbox 2354 811 2616 883; x_wconf 73' lang='grc' dir='ltr'>Χριστόςο</span> <span class='ocrx_word' id='word_1_122' title='bbox 2647 812 2755 865; x_wconf 77' lang='lat' dir='ltr'><strong>Kal</strong></span> <span class='ocrx_word' id='word_1_123' title='bbox 2783 815 2816 865; x_wconf 82' lang='grc' dir='ltr'><em>ὁ</em></span> <span class='ocrx_word' id='word_1_124' title='bbox 2851 812 2967 879; x_wconf 82' lang='grc' dir='ltr'><strong>τὴν</strong></span> <span class='ocrx_word' id='word_1_125' title='bbox 2994 814 3356 882; x_wconf 75' lang='grc' dir='ltr'><strong>Ἐκκλησίαν</strong></span> <span class='ocrx_word' id='word_1_126' title='bbox 3378 819 3633 871; x_wconf 72' lang='grc' dir='ltr'>κακολο-</span> 
     </span>
    </p>
   </div>
   <div class='ocr_carea' id='block_1_22' title="bbox 2056 901 3638 977">
    <p class='ocr_par' dir='ltr' id='par_1_22' title="bbox 2056 901 3638 977">
     <span class='ocr_line' id='line_1_22' title="bbox 2056 901 3638 977; baseline 0.006 -24"><span class='ocrx_word' id='word_1_127' title='bbox 2056 901 2178 970; x_wconf 71' lang='grc' dir='ltr'>γῶν</span> <span class='ocrx_word' id='word_1_128' title='bbox 2197 942 2210 965; x_wconf 93' lang='grc'><strong>,</strong></span> <span class='ocrx_word' id='word_1_129' title='bbox 2243 902 2678 971; x_wconf 83' lang='grc' dir='ltr'>στερηθήσεται</span> <span class='ocrx_word' id='word_1_130' title='bbox 2710 904 2823 973; x_wconf 85' lang='grc' dir='ltr'>τῆς</span> <span class='ocrx_word' id='word_1_131' title='bbox 2863 906 3125 973; x_wconf 76' lang='grc' dir='ltr'>πίστεως</span> <span class='ocrx_word' id='word_1_132' title='bbox 3152 951 3163 968; x_wconf 88' lang='grc'><strong>,</strong></span> <span class='ocrx_word' id='word_1_133' title='bbox 3211 906 3343 974; x_wconf 80' lang='grc' dir='ltr'>ἥτις</span> <span class='ocrx_word' id='word_1_134' title='bbox 3367 904 3446 977; x_wconf 80' lang='grc' dir='ltr'><strong>ἦν</strong></span> <span class='ocrx_word' id='word_1_135' title='bbox 3469 908 3638 975; x_wconf 79' lang='grc' dir='ltr'>αὐτῷ</span> 
     </span>
    </p>
   </div>
   <div class='ocr_carea' id='block_1_23' title="bbox 2057 992 3630 1072">
    <p class='ocr_par' dir='ltr' id='par_1_23' title="bbox 2057 992 3630 1072">
     <span class='ocr_line' id='line_1_23' title="bbox 2057 992 3630 1072; baseline -0.004 -13"><span class='ocrx_word' id='word_1_136' title='bbox 2057 992 2183 1059; x_wconf 72' lang='grc' dir='ltr'>φῶς</span> <span class='ocrx_word' id='word_1_137' title='bbox 2209 994 2320 1061; x_wconf 72' lang='grc' dir='ltr'><strong>πρὸ</strong></span> <span class='ocrx_word' id='word_1_138' title='bbox 2368 1012 2402 1047; x_wconf 89' lang='grc' dir='ltr'><em>τ</em></span> <span class='ocrx_word' id='word_1_139' title='bbox 2406 993 2479 1062; x_wconf 80' lang='grc' dir='ltr'>ἧς</span> <span class='ocrx_word' id='word_1_140' title='bbox 2520 994 2805 1065; x_wconf 77' lang='grc' dir='ltr'><strong>διαϐολῆς</strong></span> <span class='ocrx_word' id='word_1_141' title='bbox 2826 1015 2839 1027; x_wconf 91' lang='grc'><strong>·</strong></span> <span class='ocrx_word' id='word_1_142' title='bbox 2876 997 3021 1066; x_wconf 80' lang='grc' dir='ltr'>λέγει</span> <span class='ocrx_word' id='word_1_143' title='bbox 3063 998 3110 1051; x_wconf 85' lang='grc' dir='ltr'>δ’</span> <span class='ocrx_word' id='word_1_144' title='bbox 3145 998 3212 1052; x_wconf 83' lang='grc' dir='ltr'><strong>ἂν</strong></span> <span class='ocrx_word' id='word_1_145' title='bbox 3254 1000 3503 1072; x_wconf 70' lang='grc' dir='ltr'>καὶπερὶ</span> <span class='ocrx_word' id='word_1_146' title='bbox 3532 999 3630 1053; x_wconf 72' lang='grc' dir='ltr'><strong>τοῦ</strong></span> 
     </span>
    </p>
   </div>
   <div class='ocr_carea' id='block_1_24' title="bbox 2058 1080 3630 1163">
    <p class='ocr_par' dir='ltr' id='par_1_24' title="bbox 2058 1080 3630 1163">
     <span class='ocr_line' id='line_1_24' title="bbox 2058 1080 3630 1163; baseline 0.008 -30"><span class='ocrx_word' id='word_1_147' title='bbox 2058 1080 2322 1155; x_wconf 79' lang='grc' dir='ltr'>ἐξωτέρου</span> <span class='ocrx_word' id='word_1_148' title='bbox 2373 1084 2595 1149; x_wconf 84' lang='grc' dir='ltr'>σκότους</span> <span class='ocrx_word' id='word_1_149' title='bbox 2617 1103 2630 1117; x_wconf 71' lang='grc' dir='ltr'><strong><em>ο</em></strong></span> <span class='ocrx_word' id='word_1_150' title='bbox 2662 1086 2741 1140; x_wconf 80' lang='grc' dir='ltr'>διὸ</span> <span class='ocrx_word' id='word_1_151' title='bbox 2780 1088 2874 1141; x_wconf 80' lang='grc' dir='ltr'><strong>καὶ</strong></span> <span class='ocrx_word' id='word_1_152' title='bbox 2927 1090 3019 1143; x_wconf 73' lang='grc' dir='ltr'><strong>ἐπὶ</strong></span> <span class='ocrx_word' id='word_1_153' title='bbox 3054 1089 3341 1159; x_wconf 86' lang='grc' dir='ltr'>μέλλοντος</span> <span class='ocrx_word' id='word_1_154' title='bbox 3379 1091 3630 1163; x_wconf 71' lang='grc' dir='ltr'>εἴρηταιο</span> 
     </span>
    </p>
   </div>
   <div class='ocr_carea' id='block_1_25' title="bbox 2058 1174 3636 1252">
    <p class='ocr_par' dir='ltr' id='par_1_25' title="bbox 2058 1174 3636 1252">
     <span class='ocr_line' id='line_1_25' title="bbox 2058 1174 3636 1252; baseline 0.006 -26"><span class='ocrx_word' id='word_1_155' title='bbox 2058 1174 2151 1227; x_wconf 78' lang='grc' dir='ltr'>καὶ</span> <span class='ocrx_word' id='word_1_156' title='bbox 2181 1177 2209 1227; x_wconf 97' lang='lat'><strong>6</strong></span> <span class='ocrx_word' id='word_1_157' title='bbox 2241 1176 2475 1245; x_wconf 84' lang='grc' dir='ltr'>Χριστὸς</span> <span class='ocrx_word' id='word_1_158' title='bbox 2526 1176 2614 1242; x_wconf 85' lang='grc' dir='ltr'>δὲ,</span> <span class='ocrx_word' id='word_1_159' title='bbox 2648 1178 2829 1251; x_wconf 82' lang='grc' dir='ltr'>πατὴρ</span> <span class='ocrx_word' id='word_1_160' title='bbox 2871 1181 2963 1235; x_wconf 75' lang='grc' dir='ltr'><strong>καὶ</strong></span> <span class='ocrx_word' id='word_1_161' title='bbox 2999 1182 3180 1252; x_wconf 83' lang='grc' dir='ltr'><strong>μήτηρ</strong></span> <span class='ocrx_word' id='word_1_162' title='bbox 3229 1182 3448 1237; x_wconf 82' lang='grc' dir='ltr'>δύναται</span> <span class='ocrx_word' id='word_1_163' title='bbox 3476 1183 3636 1251; x_wconf 78' lang='grc' dir='ltr'>λέγε-</span> 
     </span>
    </p>
   </div>
   <div class='ocr_carea' id='block_1_26' title="bbox 2059 1263 3629 1343">
    <p class='ocr_par' dir='ltr' id='par_1_26' title="bbox 2059 1263 3629 1343">
     <span class='ocr_line' id='line_1_26' title="bbox 2059 1263 3629 1343; baseline 0.007 -28"><span class='ocrx_word' id='word_1_164' title='bbox 2059 1263 2214 1316; x_wconf 89' lang='grc' dir='ltr'>σθαι·</span> <span class='ocrx_word' id='word_1_165' title='bbox 2258 1264 2439 1337; x_wconf 82' lang='grc' dir='ltr'>πατὴρ</span> <span class='ocrx_word' id='word_1_166' title='bbox 2483 1268 2581 1338; x_wconf 85' lang='grc' dir='ltr'><strong>μὲν</strong></span> <span class='ocrx_word' id='word_1_167' title='bbox 2614 1268 2721 1321; x_wconf 67' lang='lat' dir='ltr'><strong>:o&#39;w</strong></span> <span class='ocrx_word' id='word_1_168' title='bbox 2771 1270 3004 1339; x_wconf 78' lang='grc' dir='ltr'>ἐχόντων</span> <span class='ocrx_word' id='word_1_169' title='bbox 3056 1271 3274 1343; x_wconf 75' lang='grc' dir='ltr'>πνεῦμα</span> <span class='ocrx_word' id='word_1_170' title='bbox 3320 1270 3629 1336; x_wconf 81' lang='grc' dir='ltr'><strong>υἱοθεσίας·</strong></span> 
     </span>
    </p>
   </div>
   <div class='ocr_carea' id='block_1_27' title="bbox 2062 1358 3634 1435">
    <p class='ocr_par' dir='ltr' id='par_1_27' title="bbox 2062 1358 3634 1435">
     <span class='ocr_line' id='line_1_27' title="bbox 2062 1358 3634 1435; baseline 0.003 -26"><span class='ocrx_word' id='word_1_171' title='bbox 2062 1360 2249 1430; x_wconf 83' lang='grc' dir='ltr'><strong>μήτηρ</strong></span> <span class='ocrx_word' id='word_1_172' title='bbox 2276 1358 2333 1412; x_wconf 79' lang='grc' dir='ltr'><strong>δὲ</strong></span> <span class='ocrx_word' id='word_1_173' title='bbox 2382 1359 2490 1412; x_wconf 84' lang='grc' dir='ltr'><strong>τῶν</strong></span> <span class='ocrx_word' id='word_1_174' title='bbox 2536 1360 2803 1431; x_wconf 80' lang='grc' dir='ltr'><strong>δεομένων</strong></span> <span class='ocrx_word' id='word_1_175' title='bbox 2850 1361 3116 1429; x_wconf 88' lang='grc' dir='ltr'>γάλακτος</span> <span class='ocrx_word' id='word_1_176' title='bbox 3172 1362 3265 1416; x_wconf 73' lang='grc' dir='ltr'><strong>καὶ</strong></span> <span class='ocrx_word' id='word_1_177' title='bbox 3304 1364 3364 1415; x_wconf 88' lang='grc' dir='ltr'><strong>οὑ</strong></span> <span class='ocrx_word' id='word_1_178' title='bbox 3409 1366 3634 1435; x_wconf 80' lang='grc' dir='ltr'>στερεᾶς</span> 
     </span>
    </p>
   </div>
   <div class='ocr_carea' id='block_1_28' title="bbox 2058 1452 3633 1527">
    <p class='ocr_par' dir='ltr' id='par_1_28' title="bbox 2058 1452 3633 1527">
     <span class='ocr_line' id='line_1_28' title="bbox 2058 1452 3633 1527; baseline 0.004 -25"><span class='ocrx_word' id='word_1_179' title='bbox 2058 1452 2262 1522; x_wconf 80' lang='grc' dir='ltr'>τροφῆς</span> <span class='ocrx_word' id='word_1_180' title='bbox 2284 1469 2297 1481; x_wconf 90' lang='grc'><strong>·</strong></span> <span class='ocrx_word' id='word_1_181' title='bbox 2330 1452 2561 1525; x_wconf 82' lang='grc' dir='ltr'>καὶγὰρ</span> <span class='ocrx_word' id='word_1_182' title='bbox 2599 1455 2693 1507; x_wconf 83' lang='grc' dir='ltr'><strong>καὶ</strong></span> <span class='ocrx_word' id='word_1_183' title='bbox 2723 1455 2751 1506; x_wconf 90' lang='lat'><strong>6</strong></span> <span class='ocrx_word' id='word_1_184' title='bbox 2805 1456 2864 1507; x_wconf 80' lang='grc' dir='ltr'><strong>ἐν</strong></span> <span class='ocrx_word' id='word_1_185' title='bbox 2909 1454 3107 1525; x_wconf 83' lang='grc' dir='ltr'>Παύλῳ</span> <span class='ocrx_word' id='word_1_186' title='bbox 3158 1454 3333 1509; x_wconf 90' lang='grc' dir='ltr'>λαλῶν</span> <span class='ocrx_word' id='word_1_187' title='bbox 3379 1457 3633 1527; x_wconf 79' lang='grc' dir='ltr'>Χριστὸς,</span> 
     </span>
    </p>
   </div>
   <div class='ocr_carea' id='block_1_29' title="bbox 2060 1544 3638 1618">
    <p class='ocr_par' dir='ltr' id='par_1_29' title="bbox 2060 1544 3638 1618">
     <span class='ocr_line' id='line_1_29' title="bbox 2060 1544 3638 1618; baseline 0.003 -22"><span class='ocrx_word' id='word_1_188' title='bbox 2060 1544 2241 1615; x_wconf 82' lang='grc' dir='ltr'>πατὴρ</span> <span class='ocrx_word' id='word_1_189' title='bbox 2284 1544 2380 1615; x_wconf 88' lang='grc' dir='ltr'><strong>μὲν</strong></span> <span class='ocrx_word' id='word_1_190' title='bbox 2424 1545 2530 1598; x_wconf 85' lang='grc' dir='ltr'><strong>τῶν</strong></span> <span class='ocrx_word' id='word_1_191' title='bbox 2579 1547 2840 1614; x_wconf 75' lang='grc' dir='ltr'>Ἐφεσίων</span> <span class='ocrx_word' id='word_1_192' title='bbox 2898 1548 3146 1617; x_wconf 77' lang='grc' dir='ltr'>ἐγίνετο,</span> <span class='ocrx_word' id='word_1_193' title='bbox 3216 1548 3405 1618; x_wconf 81' lang='grc' dir='ltr'>σοφίας</span> <span class='ocrx_word' id='word_1_194' title='bbox 3451 1550 3638 1612; x_wconf 83' lang='grc' dir='ltr'>αὑτοῖς</span> 
     </span>
    </p>
   </div>
   <div class='ocr_carea' id='block_1_30' title="bbox 2059 1632 3636 1712">
    <p class='ocr_par' dir='ltr' id='par_1_30' title="bbox 2059 1632 3636 1712">
     <span class='ocr_line' id='line_1_30' title="bbox 2059 1632 3636 1712; baseline 0.006 -27"><span class='ocrx_word' id='word_1_195' title='bbox 2059 1632 2454 1689; x_wconf 84' lang='grc' dir='ltr'>ἀποκαλύπτων</span> <span class='ocrx_word' id='word_1_196' title='bbox 2482 1639 2783 1709; x_wconf 74' lang='grc' dir='ltr'>μυστήριαο</span> <span class='ocrx_word' id='word_1_197' title='bbox 2806 1641 2985 1712; x_wconf 79' lang='grc' dir='ltr'>μήτηρ</span> <span class='ocrx_word' id='word_1_198' title='bbox 3015 1639 3125 1710; x_wconf 82' lang='grc'><strong>(10)</strong></span> <span class='ocrx_word' id='word_1_199' title='bbox 3152 1640 3471 1710; x_wconf 79' lang='grc' dir='ltr'>Κορινθίων,</span> <span class='ocrx_word' id='word_1_200' title='bbox 3496 1640 3636 1709; x_wconf 82' lang='grc' dir='ltr'>γάλα</span> 
     </span>
    </p>
   </div>
   <div class='ocr_carea' id='block_1_31' title="bbox 2061 1723 2540 1791">
    <p class='ocr_par' dir='ltr' id='par_1_31' title="bbox 2061 1723 2540 1791">
     <span class='ocr_line' id='line_1_31' title="bbox 2061 1723 2540 1791; baseline 0.013 -15"><span class='ocrx_word' id='word_1_201' title='bbox 2061 1723 2293 1789; x_wconf 78' lang='grc' dir='ltr'>ποτίζων</span> <span class='ocrx_word' id='word_1_202' title='bbox 2325 1727 2540 1791; x_wconf 86' lang='grc' dir='ltr'>αὑτούς.</span> 
     </span>
    </p>
   </div>
   <div class='ocr_carea' id='block_1_32' title="bbox 479 1817 1986 1896">
    <p class='ocr_par' dir='ltr' id='par_1_32' title="bbox 479 1819 1948 1890">
     <span class='ocr_line' id='line_1_32' title="bbox 479 1819 1948 1890; baseline 0.001 -17"><span class='ocrx_word' id='word_1_203' title='bbox 479 1819 500 1850; x_wconf 83' lang='grc'>⁷</span> <span class='ocrx_word' id='word_1_204' title='bbox 562 1819 935 1890; x_wconf 74' lang='lat' dir='ltr'><strong>Excogitatam</strong></span> <span class='ocrx_word' id='word_1_205' title='bbox 985 1820 1141 1877; x_wconf 85' lang='lat' dir='ltr'><strong>nobis</strong></span> <span class='ocrx_word' id='word_1_206' title='bbox 1195 1835 1227 1875; x_wconf 89' lang='lat' dir='ltr'><strong>a</strong></span> <span class='ocrx_word' id='word_1_207' title='bbox 1284 1820 1521 1888; x_wconf 85' lang='lat' dir='ltr'><strong>maligno</strong></span> <span class='ocrx_word' id='word_1_208' title='bbox 1569 1822 1898 1890; x_wconf 69' lang='lat' dir='ltr'><strong>voluptatein</strong></span> <span class='ocrx_word' id='word_1_209' title='bbox 1933 1863 1948 1887; x_wconf 88' lang='lat'><strong>,</strong></span> 
     </span>
    </p>
   </div>
   <div class='ocr_carea' id='block_1_33' title="bbox 2078 1817 3643 1896">
    <p class='ocr_par' dir='ltr' id='par_1_33' title="bbox 2129 1817 3643 1896">
     <span class='ocr_line' id='line_1_33' title="bbox 2129 1817 3643 1896; baseline 0.006 -27"><span class='ocrx_word' id='word_1_210' title='bbox 2129 1817 2238 1889; x_wconf 85' lang='grc' dir='ltr'>Τὴν</span> <span class='ocrx_word' id='word_1_211' title='bbox 2287 1819 2353 1871; x_wconf 85' lang='grc' dir='ltr'>ὲκ</span> <span class='ocrx_word' id='word_1_212' title='bbox 2395 1819 2489 1873; x_wconf 77' lang='grc' dir='ltr'>τοῦ</span> <span class='ocrx_word' id='word_1_213' title='bbox 2539 1820 2781 1893; x_wconf 82' lang='grc' dir='ltr'>πονηροῦ</span> <span class='ocrx_word' id='word_1_214' title='bbox 2813 1822 3201 1895; x_wconf 80' lang='grc' dir='ltr'>ἐφευρεθεῖσαν</span> <span class='ocrx_word' id='word_1_215' title='bbox 3248 1826 3381 1896; x_wconf 76' lang='grc' dir='ltr'>ἡμῖν</span> <span class='ocrx_word' id='word_1_216' title='bbox 3422 1821 3643 1896; x_wconf 77' lang='grc' dir='ltr'>ἡδονὴν,</span> 
     </span>
    </p>
   </div>
   <div class='ocr_carea' id='block_1_34' title="bbox 391 1912 1958 1984">
    <p class='ocr_par' dir='ltr' id='par_1_34' title="bbox 391 1912 1958 1984">
     <span class='ocr_line' id='line_1_34' title="bbox 391 1912 1958 1984; baseline 0.003 -21"><span class='ocrx_word' id='word_1_217' title='bbox 391 1925 553 1980; x_wconf 82' lang='lat' dir='ltr'><strong>quam</strong></span> <span class='ocrx_word' id='word_1_218' title='bbox 606 1921 813 1980; x_wconf 88' lang='lat' dir='ltr'><strong>partem</strong></span> <span class='ocrx_word' id='word_1_219' title='bbox 863 1913 917 1966; x_wconf 92' lang='lat' dir='ltr'><strong>in</strong></span> <span class='ocrx_word' id='word_1_220' title='bbox 975 1914 1166 1981; x_wconf 87' lang='lat' dir='ltr'><strong>primis</strong></span> <span class='ocrx_word' id='word_1_221' title='bbox 1214 1912 1496 1984; x_wconf 90' lang='lat' dir='ltr'><strong>appellat,</strong></span> <span class='ocrx_word' id='word_1_222' title='bbox 1542 1913 1693 1967; x_wconf 83' lang='lat' dir='ltr'><strong>brevi</strong></span> <span class='ocrx_word' id='word_1_223' title='bbox 1742 1914 1958 1983; x_wconf 86' lang='lat' dir='ltr'><strong>quidem</strong></span> 
     </span>
    </p>
   </div>
   <div class='ocr_carea' id='block_1_35' title="bbox 392 2003 1961 2074">
    <p class='ocr_par' dir='ltr' id='par_1_35' title="bbox 392 2003 1961 2074">
     <span class='ocr_line' id='line_1_35' title="bbox 392 2003 1961 2074; baseline 0.003 -19"><span class='ocrx_word' id='word_1_224' title='bbox 392 2012 577 2071; x_wconf 69' lang='lat' dir='ltr'><strong>guttur</strong></span> <span class='ocrx_word' id='word_1_225' title='bbox 606 2003 869 2074; x_wconf 80' lang='lat' dir='ltr'><strong>inungere</strong></span> <span class='ocrx_word' id='word_1_226' title='bbox 905 2004 1146 2071; x_wconf 81' lang='lat' dir='ltr'><strong>senties,</strong></span> <span class='ocrx_word' id='word_1_227' title='bbox 1176 2018 1300 2059; x_wconf 79' lang='lat' dir='ltr'><strong>mox</strong></span> <span class='ocrx_word' id='word_1_228' title='bbox 1337 2015 1517 2059; x_wconf 88' lang='lat' dir='ltr'><strong>tamen</strong></span> <span class='ocrx_word' id='word_1_229' title='bbox 1550 2003 1678 2059; x_wconf 78' lang='lat' dir='ltr'><strong>felle</strong></span> <span class='ocrx_word' id='word_1_230' title='bbox 1719 2004 1961 2059; x_wconf 84' lang='lat' dir='ltr'><strong>amario-</strong></span> 
     </span>
    </p>
   </div>
   <div class='ocr_carea' id='block_1_36' title="bbox 392 2103 530 2143">
    <p class='ocr_par' dir='ltr' id='par_1_36' title="bbox 392 2103 530 2143">
     <span class='ocr_line' id='line_1_36' title="bbox 392 2103 530 2143; baseline -0.007 0"><span class='ocrx_word' id='word_1_231' title='bbox 392 2103 530 2143; x_wconf 81' lang='lat' dir='ltr'><strong>rem.</strong></span> 
     </span>
    </p>
   </div>
   <div class='ocr_carea' id='block_1_37' title="bbox 464 2177 1961 2255">
    <p class='ocr_par' dir='ltr' id='par_1_37' title="bbox 464 2177 1961 2255">
     <span class='ocr_line' id='line_1_37' title="bbox 464 2177 1961 2255; baseline 0.006 -23"><span class='ocrx_word' id='word_1_232' title='bbox 464 2177 488 2209; x_wconf 80' lang='lat'><strong><em>&#39;</em></strong></span> <span class='ocrx_word' id='word_1_233' title='bbox 521 2177 665 2235; x_wconf 83' lang='lat' dir='ltr'><strong>Cave</strong></span> <span class='ocrx_word' id='word_1_234' title='bbox 694 2181 845 2237; x_wconf 90' lang='lat' dir='ltr'><strong>dicas</strong></span> <span class='ocrx_word' id='word_1_235' title='bbox 876 2184 1125 2254; x_wconf 81' lang='lat' dir='ltr'><strong>superbia</strong></span> <span class='ocrx_word' id='word_1_236' title='bbox 1153 2194 1456 2241; x_wconf 89' lang='lat' dir='ltr'><strong>commotus</strong></span> <span class='ocrx_word' id='word_1_237' title='bbox 1476 2223 1491 2249; x_wconf 90' lang='lat'><strong>,</strong></span> <span class='ocrx_word' id='word_1_238' title='bbox 1512 2187 1627 2255; x_wconf 72' lang='lat' dir='ltr'><strong>Ego</strong></span> <span class='ocrx_word' id='word_1_239' title='bbox 1660 2186 1807 2241; x_wconf 90' lang='lat' dir='ltr'><strong>solus</strong></span> <span class='ocrx_word' id='word_1_240' title='bbox 1838 2202 1961 2241; x_wconf 90' lang='lat' dir='ltr'><strong>cum</strong></span> 
     </span>
    </p>
   </div>
   <div class='ocr_carea' id='block_1_38' title="bbox 392 2269 1961 2348">
    <p class='ocr_par' dir='ltr' id='par_1_38' title="bbox 392 2269 1961 2348">
     <span class='ocr_line' id='line_1_38' title="bbox 392 2269 1961 2348; baseline 0.005 -23"><span class='ocrx_word' id='word_1_241' title='bbox 392 2269 642 2328; x_wconf 87' lang='lat' dir='ltr'><strong>hostibus</strong></span> <span class='ocrx_word' id='word_1_242' title='bbox 671 2289 905 2344; x_wconf 76' lang='lat' dir='ltr'><strong>pugnam</strong></span> <span class='ocrx_word' id='word_1_243' title='bbox 930 2291 1251 2343; x_wconf 89' lang='lat' dir='ltr'><strong>conseram;</strong></span> <span class='ocrx_word' id='word_1_244' title='bbox 1282 2279 1375 2333; x_wconf 89' lang='lat' dir='ltr'><strong>sed</strong></span> <span class='ocrx_word' id='word_1_245' title='bbox 1409 2279 1701 2333; x_wconf 90' lang='lat' dir='ltr'><strong>Dominum</strong></span> <span class='ocrx_word' id='word_1_246' title='bbox 1727 2290 1961 2348; x_wconf 72' lang='lat' dir='ltr'><strong>expecta</strong></span> 
     </span>
    </p>
   </div>
   <div class='ocr_carea' id='block_1_39' title="bbox 394 2364 1961 2441">
    <p class='ocr_par' dir='ltr' id='par_1_39' title="bbox 394 2364 1961 2441">
     <span class='ocr_line' id='line_1_39' title="bbox 394 2364 1961 2441; baseline 0.005 -24"><span class='ocrx_word' id='word_1_247' title='bbox 394 2373 453 2417; x_wconf 84' lang='lat' dir='ltr'><strong>et</strong></span> <span class='ocrx_word' id='word_1_248' title='bbox 480 2364 693 2433; x_wconf 85' lang='lat' dir='ltr'><strong>invoca,</strong></span> <span class='ocrx_word' id='word_1_249' title='bbox 729 2376 788 2421; x_wconf 91' lang='lat' dir='ltr'><strong>ut</strong></span> <span class='ocrx_word' id='word_1_250' title='bbox 823 2368 917 2423; x_wconf 82' lang='lat' dir='ltr'><strong>tibi</strong></span> <span class='ocrx_word' id='word_1_251' title='bbox 952 2369 1267 2423; x_wconf 81' lang='lat' dir='ltr'><strong>auxilietur.</strong></span> <span class='ocrx_word' id='word_1_252' title='bbox 1299 2369 1377 2424; x_wconf 80' lang='lat' dir='ltr'><strong>Ne</strong></span> <span class='ocrx_word' id='word_1_253' title='bbox 1420 2370 1515 2425; x_wconf 92' lang='lat' dir='ltr'><strong>tibi</strong></span> <span class='ocrx_word' id='word_1_254' title='bbox 1542 2370 1785 2426; x_wconf 85' lang='lat' dir='ltr'><strong>conﬁdas</strong></span> <span class='ocrx_word' id='word_1_255' title='bbox 1807 2371 1961 2441; x_wconf 90' lang='lat' dir='ltr'><strong>quasi</strong></span> 
     </span>
    </p>
   </div>
   <div class='ocr_carea' id='block_1_40' title="bbox 397 2456 1962 2530">
    <p class='ocr_par' dir='ltr' id='par_1_40' title="bbox 397 2456 1962 2530">
     <span class='ocr_line' id='line_1_40' title="bbox 397 2456 1962 2530; baseline 0.006 -23"><span class='ocrx_word' id='word_1_256' title='bbox 397 2456 603 2525; x_wconf 82' lang='lat' dir='ltr'><strong>absque</strong></span> <span class='ocrx_word' id='word_1_257' title='bbox 649 2458 879 2514; x_wconf 90' lang='lat' dir='ltr'><strong>Domino</strong></span> <span class='ocrx_word' id='word_1_258' title='bbox 912 2458 1117 2528; x_wconf 87' lang='lat' dir='ltr'><strong>aliquid</strong></span> <span class='ocrx_word' id='word_1_259' title='bbox 1147 2460 1362 2522; x_wconf 87' lang='lat' dir='ltr'><strong>valeas;</strong></span> <span class='ocrx_word' id='word_1_260' title='bbox 1407 2461 1540 2530; x_wconf 84' lang='lat' dir='ltr'><strong>quia</strong></span> <span class='ocrx_word' id='word_1_261' title='bbox 1584 2470 1779 2529; x_wconf 66' lang='lat' dir='ltr'><strong>prreter</strong></span> <span class='ocrx_word' id='word_1_262' title='bbox 1811 2462 1962 2516; x_wconf 88' lang='lat' dir='ltr'><strong>illum</strong></span> 
     </span>
    </p>
   </div>
   <div class='ocr_carea' id='block_1_41' title="bbox 395 2551 1967 2611">
    <p class='ocr_par' dir='ltr' id='par_1_41' title="bbox 395 2551 1967 2611">
     <span class='ocr_line' id='line_1_41' title="bbox 395 2551 1967 2611; baseline 0.003 -8"><span class='ocrx_word' id='word_1_263' title='bbox 395 2561 507 2603; x_wconf 89' lang='lat' dir='ltr'><strong>non</strong></span> <span class='ocrx_word' id='word_1_264' title='bbox 534 2558 616 2605; x_wconf 83' lang='lat' dir='ltr'><strong>est</strong></span> <span class='ocrx_word' id='word_1_265' title='bbox 652 2551 965 2611; x_wconf 77' lang='lat' dir='ltr'><strong>auxiliator.</strong></span> <span class='ocrx_word' id='word_1_266' title='bbox 1002 2552 1094 2607; x_wconf 83' lang='lat' dir='ltr'><strong>Ait</strong></span> <span class='ocrx_word' id='word_1_267' title='bbox 1137 2552 1306 2607; x_wconf 84' lang='lat' dir='ltr'><strong>David</strong></span> <span class='ocrx_word' id='word_1_268' title='bbox 1331 2554 1350 2584; x_wconf 78' lang='lat'><strong>°</strong></span> <span class='ocrx_word' id='word_1_269' title='bbox 1384 2572 1396 2607; x_wconf 92' lang='lat'><strong>:</strong></span> <span class='ocrx_word' id='word_1_270' title='bbox 1426 2552 1549 2607; x_wconf 80' lang='lat' dir='ltr'><strong>Non</strong></span> <span class='ocrx_word' id='word_1_271' title='bbox 1576 2554 1715 2608; x_wconf 83' lang='lat' dir='ltr'><strong>enim</strong></span> <span class='ocrx_word' id='word_1_272' title='bbox 1750 2554 1806 2607; x_wconf 86' lang='lat' dir='ltr'><strong>in</strong></span> <span class='ocrx_word' id='word_1_273' title='bbox 1835 2570 1967 2608; x_wconf 84' lang='lat' dir='ltr'><strong>arcu</strong></span> 
     </span>
    </p>
   </div>
   <div class='ocr_carea' id='block_1_42' title="bbox 394 2643 768 2711">
    <p class='ocr_par' dir='ltr' id='par_1_42' title="bbox 394 2643 768 2711">
     <span class='ocr_line' id='line_1_42' title="bbox 394 2643 768 2711; baseline -0.008 -13"><span class='ocrx_word' id='word_1_274' title='bbox 394 2661 507 2698; x_wconf 84' lang='lat' dir='ltr'><strong>meo</strong></span> <span class='ocrx_word' id='word_1_275' title='bbox 531 2643 768 2711; x_wconf 82' lang='lat' dir='ltr'><strong>sperabo.</strong></span> 
     </span>
    </p>
   </div>
   <div class='ocr_carea' id='block_1_43' title="bbox 469 2732 1963 2805">
    <p class='ocr_par' dir='ltr' id='par_1_43' title="bbox 469 2732 1963 2805">
     <span class='ocr_line' id='line_1_43' title="bbox 469 2732 1963 2805; baseline 0.001 -18"><span class='ocrx_word' id='word_1_276' title='bbox 469 2735 513 2767; x_wconf 75' lang='lat'><strong>“</strong></span> <span class='ocrx_word' id='word_1_277' title='bbox 545 2734 604 2789; x_wconf 92' lang='lat' dir='ltr'><strong>ln</strong></span> <span class='ocrx_word' id='word_1_278' title='bbox 638 2735 798 2789; x_wconf 89' lang='lat' dir='ltr'><strong>rebus</strong></span> <span class='ocrx_word' id='word_1_279' title='bbox 820 2733 1034 2801; x_wconf 89' lang='lat' dir='ltr'><strong>quidem</strong></span> <span class='ocrx_word' id='word_1_280' title='bbox 1064 2732 1410 2787; x_wconf 88' lang='lat' dir='ltr'><strong>sensibilibus</strong></span> <span class='ocrx_word' id='word_1_281' title='bbox 1432 2741 1689 2788; x_wconf 89' lang='lat' dir='ltr'><strong>stateram</strong></span> <span class='ocrx_word' id='word_1_282' title='bbox 1716 2748 1963 2805; x_wconf 79' lang='lat' dir='ltr'><strong>magnam</strong></span> 
     </span>
    </p>
   </div>
   <div class='ocr_carea' id='block_1_44' title="bbox 397 2825 1966 2898">
    <p class='ocr_par' dir='ltr' id='par_1_44' title="bbox 397 2825 1966 2898">
     <span class='ocr_line' id='line_1_44' title="bbox 397 2825 1966 2898; baseline -0.001 -17"><span class='ocrx_word' id='word_1_283' title='bbox 397 2843 463 2883; x_wconf 86' lang='lat' dir='ltr'><strong>ac</strong></span> <span class='ocrx_word' id='word_1_284' title='bbox 497 2842 722 2898; x_wconf 87' lang='lat' dir='ltr'><strong>parvam</strong></span> <span class='ocrx_word' id='word_1_285' title='bbox 768 2841 887 2881; x_wconf 84' lang='lat' dir='ltr'><strong>esse</strong></span> <span class='ocrx_word' id='word_1_286' title='bbox 929 2826 1181 2893; x_wconf 82' lang='lat' dir='ltr'><strong>dicimus,</strong></span> <span class='ocrx_word' id='word_1_287' title='bbox 1214 2826 1266 2880; x_wconf 93' lang='lat' dir='ltr'><strong>in</strong></span> <span class='ocrx_word' id='word_1_288' title='bbox 1305 2825 1501 2895; x_wconf 89' lang='lat' dir='ltr'><strong>quibus</strong></span> <span class='ocrx_word' id='word_1_289' title='bbox 1528 2841 1743 2892; x_wconf 91' lang='lat' dir='ltr'><strong>aurum,</strong></span> <span class='ocrx_word' id='word_1_290' title='bbox 1771 2842 1966 2897; x_wconf 77' lang='lat' dir='ltr'><strong>argen-</strong></span> 
     </span>
    </p>
   </div>
   <div class='ocr_carea' id='block_1_45' title="bbox 400 2916 1969 2988">
    <p class='ocr_par' dir='ltr' id='par_1_45' title="bbox 400 2916 1969 2988">
     <span class='ocr_line' id='line_1_45' title="bbox 400 2916 1969 2988; baseline 0.001 -16"><span class='ocrx_word' id='word_1_291' title='bbox 400 2931 537 2983; x_wconf 87' lang='lat' dir='ltr'><strong>tum,</strong></span> <span class='ocrx_word' id='word_1_292' title='bbox 566 2932 663 2985; x_wconf 72' lang='lat' dir='ltr'><strong>zes,</strong></span> <span class='ocrx_word' id='word_1_293' title='bbox 698 2919 958 2983; x_wconf 87' lang='lat' dir='ltr'><strong>sericum,</strong></span> <span class='ocrx_word' id='word_1_294' title='bbox 984 2928 1040 2973; x_wconf 92' lang='lat' dir='ltr'><strong>et</strong></span> <span class='ocrx_word' id='word_1_295' title='bbox 1060 2916 1165 2972; x_wconf 88' lang='lat' dir='ltr'><strong>alia</strong></span> <span class='ocrx_word' id='word_1_296' title='bbox 1198 2919 1400 2988; x_wconf 72' lang='lat' dir='ltr'><strong>quaevis</strong></span> <span class='ocrx_word' id='word_1_297' title='bbox 1426 2919 1814 2988; x_wconf 86' lang='lat' dir='ltr'><strong>ponderantur.</strong></span> <span class='ocrx_word' id='word_1_298' title='bbox 1848 2921 1969 2974; x_wconf 77' lang='lat' dir='ltr'><strong>Alia</strong></span> 
     </span>
    </p>
   </div>
   <div class='ocr_carea' id='block_1_46' title="bbox 397 3008 1967 3077">
    <p class='ocr_par' dir='ltr' id='par_1_46' title="bbox 397 3008 1967 3077">
     <span class='ocr_line' id='line_1_46' title="bbox 397 3008 1967 3077; baseline 0.001 -14"><span class='ocrx_word' id='word_1_299' title='bbox 397 3024 531 3065; x_wconf 80' lang='lat' dir='ltr'><strong>vero</strong></span> <span class='ocrx_word' id='word_1_300' title='bbox 574 3011 719 3066; x_wconf 85' lang='lat' dir='ltr'><strong>vasis</strong></span> <span class='ocrx_word' id='word_1_301' title='bbox 761 3009 1039 3077; x_wconf 90' lang='lat' dir='ltr'><strong>metimur,</strong></span> <span class='ocrx_word' id='word_1_302' title='bbox 1084 3008 1413 3063; x_wconf 79' lang='lat' dir='ltr'><strong>frumentum</strong></span> <span class='ocrx_word' id='word_1_303' title='bbox 1439 3049 1455 3076; x_wconf 96' lang='lat'><strong>,</strong></span> <span class='ocrx_word' id='word_1_304' title='bbox 1489 3010 1714 3076; x_wconf 87' lang='lat' dir='ltr'><strong>vinum,</strong></span> <span class='ocrx_word' id='word_1_305' title='bbox 1757 3012 1967 3077; x_wconf 88' lang='lat' dir='ltr'><strong>oleum,</strong></span> 
     </span>
    </p>
   </div>
   <div class='ocr_carea' id='block_1_47' title="bbox 2059 1909 3643 1987">
    <p class='ocr_par' dir='ltr' id='par_1_47' title="bbox 2059 1909 3643 1987">
     <span class='ocr_line' id='line_1_47' title="bbox 2059 1909 3643 1987; baseline 0.007 -27"><span class='ocrx_word' id='word_1_306' title='bbox 2059 1909 2128 1980; x_wconf 78' lang='grc' dir='ltr'>ἢν</span> <span class='ocrx_word' id='word_1_307' title='bbox 2181 1910 2376 1984; x_wconf 87' lang='grc' dir='ltr'>μερίδα</span> <span class='ocrx_word' id='word_1_308' title='bbox 2429 1912 2593 1982; x_wconf 74' lang='grc' dir='ltr'>φησὶν</span> <span class='ocrx_word' id='word_1_309' title='bbox 2622 1914 2679 1967; x_wconf 79' lang='grc' dir='ltr'>ὲν</span> <span class='ocrx_word' id='word_1_310' title='bbox 2728 1912 3000 1984; x_wconf 83' lang='grc' dir='ltr'>πρώτοις,</span> <span class='ocrx_word' id='word_1_311' title='bbox 3036 1915 3369 1987; x_wconf 85' lang='grc' dir='ltr'>πρόσκαιρον</span> <span class='ocrx_word' id='word_1_312' title='bbox 3413 1915 3513 1986; x_wconf 88' lang='grc' dir='ltr'>μὲν</span> <span class='ocrx_word' id='word_1_313' title='bbox 3553 1915 3643 1971; x_wconf 76' lang='grc' dir='ltr'><strong>λι·-Δ</strong></span> 
     </span>
    </p>
   </div>
   <div class='ocr_carea' id='block_1_48' title="bbox 2061 2000 3644 2079">
    <p class='ocr_par' dir='ltr' id='par_1_48' title="bbox 2061 2000 3644 2079">
     <span class='ocr_line' id='line_1_48' title="bbox 2061 2000 3644 2079; baseline 0.005 -26"><span class='ocrx_word' id='word_1_314' title='bbox 2061 2000 2241 2055; x_wconf 87' lang='grc' dir='ltr'>παίνει</span> <span class='ocrx_word' id='word_1_315' title='bbox 2286 2002 2377 2056; x_wconf 83' lang='grc' dir='ltr'><strong>σὺν</strong></span> <span class='ocrx_word' id='word_1_316' title='bbox 2444 2004 2700 2075; x_wconf 80' lang='grc' dir='ltr'>φάρυγγα</span> <span class='ocrx_word' id='word_1_317' title='bbox 2736 2043 2751 2067; x_wconf 93' lang='grc'><strong>,</strong></span> <span class='ocrx_word' id='word_1_318' title='bbox 2808 2003 3032 2075; x_wconf 71' lang='grc' dir='ltr'>ὕστερον</span> <span class='ocrx_word' id='word_1_319' title='bbox 3079 2007 3262 2077; x_wconf 89' lang='grc' dir='ltr'>μέντοι</span> <span class='ocrx_word' id='word_1_320' title='bbox 3313 2009 3644 2079; x_wconf 85' lang='grc' dir='ltr'>πικρότερον</span> 
     </span>
    </p>
   </div>
   <div class='ocr_carea' id='block_1_49' title="bbox 2061 2091 2528 2165">
    <p class='ocr_par' dir='ltr' id='par_1_49' title="bbox 2061 2091 2528 2165">
     <span class='ocr_line' id='line_1_49' title="bbox 2061 2091 2528 2165; baseline 0.006 -21"><span class='ocrx_word' id='word_1_321' title='bbox 2061 2091 2224 2162; x_wconf 84' lang='grc' dir='ltr'>χολῆς</span> <span class='ocrx_word' id='word_1_322' title='bbox 2258 2094 2528 2165; x_wconf 83' lang='grc' dir='ltr'>εὑρήσεις.</span> 
     </span>
    </p>
   </div>
   <div class='ocr_carea' id='block_1_50' title="bbox 2132 2185 3638 2262">
    <p class='ocr_par' dir='ltr' id='par_1_50' title="bbox 2132 2185 3638 2262">
     <span class='ocr_line' id='line_1_50' title="bbox 2132 2185 3638 2262; baseline 0.006 -25"><span class='ocrx_word' id='word_1_323' title='bbox 2132 2185 2223 2256; x_wconf 78' lang='grc' dir='ltr'><strong>Μὴ</strong></span> <span class='ocrx_word' id='word_1_324' title='bbox 2255 2187 2414 2260; x_wconf 78' lang='grc' dir='ltr'>εἴπῃς</span> <span class='ocrx_word' id='word_1_325' title='bbox 2440 2186 2559 2240; x_wconf 87' lang='grc' dir='ltr'>καθ’</span> <span class='ocrx_word' id='word_1_326' title='bbox 2588 2188 2967 2259; x_wconf 82' lang='grc' dir='ltr'>ὑπερηφανίαν</span> <span class='ocrx_word' id='word_1_327' title='bbox 2996 2190 3314 2261; x_wconf 89' lang='grc' dir='ltr'>κινούμενος</span> <span class='ocrx_word' id='word_1_328' title='bbox 3334 2209 3347 2221; x_wconf 74' lang='grc' dir='ltr'><strong>ο</strong></span> <span class='ocrx_word' id='word_1_329' title='bbox 3390 2190 3502 2260; x_wconf 78' lang='grc' dir='ltr'>ἐγὼ</span> <span class='ocrx_word' id='word_1_330' title='bbox 3536 2192 3638 2262; x_wconf 81' lang='grc' dir='ltr'>μό-</span> 
     </span>
    </p>
   </div>
   <div class='ocr_carea' id='block_1_51' title="bbox 2062 2281 3643 2357">
    <p class='ocr_par' dir='ltr' id='par_1_51' title="bbox 2062 2281 3643 2357">
     <span class='ocr_line' id='line_1_51' title="bbox 2062 2281 3643 2357; baseline 0.004 -23"><span class='ocrx_word' id='word_1_331' title='bbox 2062 2299 2150 2346; x_wconf 89' lang='grc' dir='ltr'><strong>νος</strong></span> <span class='ocrx_word' id='word_1_332' title='bbox 2175 2284 2287 2346; x_wconf 87' lang='grc' dir='ltr'>τοῖς</span> <span class='ocrx_word' id='word_1_333' title='bbox 2311 2281 2522 2355; x_wconf 78' lang='grc' dir='ltr'>ἐχθροῖς</span> <span class='ocrx_word' id='word_1_334' title='bbox 2550 2285 2876 2355; x_wconf 85' lang='grc' dir='ltr'>πολεμήσω,</span> <span class='ocrx_word' id='word_1_335' title='bbox 2925 2284 3038 2338; x_wconf 84' lang='grc' dir='ltr'>ἀλλ’</span> <span class='ocrx_word' id='word_1_336' title='bbox 3079 2286 3374 2357; x_wconf 85' lang='grc' dir='ltr'>ὑπόμεινον</span> <span class='ocrx_word' id='word_1_337' title='bbox 3397 2287 3489 2341; x_wconf 85' lang='grc' dir='ltr'><strong>τὸν</strong></span> <span class='ocrx_word' id='word_1_338' title='bbox 3524 2286 3643 2341; x_wconf 74' lang='lat' dir='ltr'><strong>K6-</strong></span> 
     </span>
    </p>
   </div>
   <div class='ocr_carea' id='block_1_52' title="bbox 2067 2376 3645 2453">
    <p class='ocr_par' dir='ltr' id='par_1_52' title="bbox 2067 2376 3645 2453">
     <span class='ocr_line' id='line_1_52' title="bbox 2067 2376 3645 2453; baseline 0.005 -26"><span class='ocrx_word' id='word_1_339' title='bbox 2067 2391 2179 2447; x_wconf 93' lang='grc' dir='ltr'>ριον</span> <span class='ocrx_word' id='word_1_340' title='bbox 2224 2376 2317 2428; x_wconf 76' lang='grc' dir='ltr'><strong>καὶ</strong></span> <span class='ocrx_word' id='word_1_341' title='bbox 2368 2376 2662 2441; x_wconf 82' lang='grc' dir='ltr'>ὲπικαλοῦ,</span> <span class='ocrx_word' id='word_1_342' title='bbox 2710 2378 2797 2431; x_wconf 82' lang='grc' dir='ltr'>ἵνα</span> <span class='ocrx_word' id='word_1_343' title='bbox 2862 2395 2943 2431; x_wconf 86' lang='grc' dir='ltr'><strong>σοι</strong></span> <span class='ocrx_word' id='word_1_344' title='bbox 2995 2377 3268 2451; x_wconf 77' lang='grc' dir='ltr'>βοηθήσῃο</span> <span class='ocrx_word' id='word_1_345' title='bbox 3322 2380 3395 2452; x_wconf 79' lang='grc' dir='ltr'><strong>μὴ</strong></span> <span class='ocrx_word' id='word_1_346' title='bbox 3446 2380 3645 2453; x_wconf 70' lang='grc' dir='ltr'>θάρρει</span> 
     </span>
    </p>
   </div>
   <div class='ocr_carea' id='block_1_53' title="bbox 2066 2465 3648 2545">
    <p class='ocr_par' dir='ltr' id='par_1_53' title="bbox 2066 2465 3648 2545">
     <span class='ocr_line' id='line_1_53' title="bbox 2066 2465 3648 2545; baseline 0.004 -26"><span class='ocrx_word' id='word_1_347' title='bbox 2066 2465 2247 2536; x_wconf 87' lang='grc' dir='ltr'>σαυτῷ</span> <span class='ocrx_word' id='word_1_348' title='bbox 2276 2466 2352 2530; x_wconf 84' lang='grc' dir='ltr'>ὡς</span> <span class='ocrx_word' id='word_1_349' title='bbox 2382 2468 2551 2539; x_wconf 79' lang='grc' dir='ltr'>χωρὶς</span> <span class='ocrx_word' id='word_1_350' title='bbox 2593 2469 2798 2538; x_wconf 90' lang='grc' dir='ltr'>Κυρίου</span> <span class='ocrx_word' id='word_1_351' title='bbox 2827 2470 3123 2539; x_wconf 87' lang='grc' dir='ltr'>δυνάμενος</span> <span class='ocrx_word' id='word_1_352' title='bbox 3142 2489 3155 2501; x_wconf 85' lang='grc'>·</span> <span class='ocrx_word' id='word_1_353' title='bbox 3191 2471 3272 2525; x_wconf 78' lang='grc' dir='ltr'>ὅτι</span> <span class='ocrx_word' id='word_1_354' title='bbox 3313 2471 3419 2545; x_wconf 83' lang='grc' dir='ltr'>γὰρ</span> <span class='ocrx_word' id='word_1_355' title='bbox 3469 2475 3648 2545; x_wconf 69' lang='grc' dir='ltr'>χωρὶς</span> 
     </span>
    </p>
   </div>
   <div class='ocr_carea' id='block_1_54' title="bbox 2065 2558 3644 2635">
    <p class='ocr_par' dir='ltr' id='par_1_54' title="bbox 2065 2558 3644 2635">
     <span class='ocr_line' id='line_1_54' title="bbox 2065 2558 3644 2635; baseline 0.006 -24"><span class='ocrx_word' id='word_1_356' title='bbox 2065 2558 2231 2613; x_wconf 81' lang='grc' dir='ltr'>αὑτοῦ</span> <span class='ocrx_word' id='word_1_357' title='bbox 2262 2559 2362 2613; x_wconf 89' lang='grc' dir='ltr'><strong>οὑκ</strong></span> <span class='ocrx_word' id='word_1_358' title='bbox 2393 2559 2507 2613; x_wconf 77' lang='grc' dir='ltr'>ἐστι</span> <span class='ocrx_word' id='word_1_359' title='bbox 2540 2560 2750 2633; x_wconf 84' lang='grc' dir='ltr'>βοηθὸς,</span> <span class='ocrx_word' id='word_1_360' title='bbox 2782 2561 2927 2631; x_wconf 82' lang='grc' dir='ltr'>λέγει</span> <span class='ocrx_word' id='word_1_361' title='bbox 2956 2563 3119 2618; x_wconf 83' lang='grc' dir='ltr'>Δαυΐὸ</span> <span class='ocrx_word' id='word_1_362' title='bbox 3142 2580 3157 2595; x_wconf 76' lang='grc' dir='ltr'><strong>ο</strong></span> <span class='ocrx_word' id='word_1_363' title='bbox 3183 2566 3265 2619; x_wconf 84' lang='grc' dir='ltr'><strong>Οὐ</strong></span> <span class='ocrx_word' id='word_1_364' title='bbox 3295 2567 3406 2635; x_wconf 73' lang='grc' dir='ltr'>γὰρ</span> <span class='ocrx_word' id='word_1_365' title='bbox 3424 2566 3523 2620; x_wconf 76' lang='grc' dir='ltr'><strong>ἐπὶ</strong></span> <span class='ocrx_word' id='word_1_366' title='bbox 3560 2567 3644 2632; x_wconf 84' lang='grc' dir='ltr'><strong>τῷ</strong></span> 
     </span>
    </p>
   </div>
   <div class='ocr_carea' id='block_1_55' title="bbox 2064 2652 2584 2721">
    <p class='ocr_par' dir='ltr' id='par_1_55' title="bbox 2064 2652 2584 2721">
     <span class='ocr_line' id='line_1_55' title="bbox 2064 2652 2584 2721; baseline 0 -16"><span class='ocrx_word' id='word_1_367' title='bbox 2064 2652 2219 2718; x_wconf 82' lang='grc' dir='ltr'><strong>τόξῳ</strong></span> <span class='ocrx_word' id='word_1_368' title='bbox 2236 2669 2355 2721; x_wconf 76' lang='grc' dir='ltr'><strong>μου</strong></span> <span class='ocrx_word' id='word_1_369' title='bbox 2379 2652 2584 2706; x_wconf 75' lang='grc' dir='ltr'>ὲλπιῶ.</span> 
     </span>
    </p>
   </div>
   <div class='ocr_carea' id='block_1_56' title="bbox 2148 2743 3644 2820">
    <p class='ocr_par' dir='ltr' id='par_1_56' title="bbox 2148 2743 3644 2820">
     <span class='ocr_line' id='line_1_56' title="bbox 2148 2743 3644 2820; baseline 0.003 -24"><span class='ocrx_word' id='word_1_370' title='bbox 2148 2743 2271 2796; x_wconf 81' lang='grc' dir='ltr'><strong>Ἐπὶ</strong></span> <span class='ocrx_word' id='word_1_371' title='bbox 2300 2743 2399 2813; x_wconf 88' lang='grc' dir='ltr'>μὲν</span> <span class='ocrx_word' id='word_1_372' title='bbox 2420 2743 2526 2797; x_wconf 87' lang='grc' dir='ltr'><strong>τῶν</strong></span> <span class='ocrx_word' id='word_1_373' title='bbox 2546 2744 2838 2817; x_wconf 75' lang='grc' dir='ltr'>αἰσθητῶν,</span> <span class='ocrx_word' id='word_1_374' title='bbox 2867 2746 3128 2817; x_wconf 85' lang='grc' dir='ltr'>στάθμιον</span> <span class='ocrx_word' id='word_1_375' title='bbox 3156 2747 3298 2818; x_wconf 86' lang='grc' dir='ltr'>μέγα</span> <span class='ocrx_word' id='word_1_376' title='bbox 3322 2748 3416 2802; x_wconf 78' lang='grc' dir='ltr'>καὶ</span> <span class='ocrx_word' id='word_1_377' title='bbox 3443 2747 3644 2820; x_wconf 90' lang='grc' dir='ltr'>μικρόν</span> 
     </span>
    </p>
   </div>
   <div class='ocr_carea' id='block_1_57' title="bbox 2070 2830 3648 2910">
    <p class='ocr_par' dir='ltr' id='par_1_57' title="bbox 2070 2830 3648 2910">
     <span class='ocr_line' id='line_1_57' title="bbox 2070 2830 3648 2910; baseline 0.004 -22"><span class='ocrx_word' id='word_1_378' title='bbox 2070 2852 2253 2905; x_wconf 87' lang='grc' dir='ltr'>φαμεν</span> <span class='ocrx_word' id='word_1_379' title='bbox 2276 2830 2446 2899; x_wconf 71' lang='grc' dir='ltr'>εἶναι,</span> <span class='ocrx_word' id='word_1_380' title='bbox 2485 2837 2546 2889; x_wconf 83' lang='grc' dir='ltr'>ὲν</span> <span class='ocrx_word' id='word_1_381' title='bbox 2589 2831 2670 2900; x_wconf 74' lang='grc' dir='ltr'><strong>οἷς</strong></span> <span class='ocrx_word' id='word_1_382' title='bbox 2698 2838 2930 2909; x_wconf 86' lang='grc' dir='ltr'>χρυσὸς,</span> <span class='ocrx_word' id='word_1_383' title='bbox 2964 2838 3230 2910; x_wconf 79' lang='grc' dir='ltr'>ἄργυρος,</span> <span class='ocrx_word' id='word_1_384' title='bbox 3267 2839 3498 2910; x_wconf 79' lang='grc' dir='ltr'>χαλκὸς,</span> <span class='ocrx_word' id='word_1_385' title='bbox 3546 2840 3648 2910; x_wconf 84' lang='grc' dir='ltr'>μέ-</span> 
     </span>
    </p>
   </div>
   <div class='ocr_carea' id='block_1_58' title="bbox 2068 2929 3647 3003">
    <p class='ocr_par' dir='ltr' id='par_1_58' title="bbox 2068 2929 3647 3003">
     <span class='ocr_line' id='line_1_58' title="bbox 2068 2929 3647 3003; baseline 0.002 -21"><span class='ocrx_word' id='word_1_386' title='bbox 2068 2929 2205 2996; x_wconf 79' lang='grc' dir='ltr'>ταξα</span> <span class='ocrx_word' id='word_1_387' title='bbox 2244 2930 2377 3001; x_wconf 78' lang='grc' dir='ltr'><strong>(Μ),</strong></span> <span class='ocrx_word' id='word_1_388' title='bbox 2404 2932 2498 2984; x_wconf 77' lang='grc' dir='ltr'><strong>καὶ</strong></span> <span class='ocrx_word' id='word_1_389' title='bbox 2534 2932 2634 2985; x_wconf 84' lang='grc' dir='ltr'><strong>ὅσα</strong></span> <span class='ocrx_word' id='word_1_390' title='bbox 2660 2931 2795 2985; x_wconf 83' lang='grc' dir='ltr'>ἀλλα</span> <span class='ocrx_word' id='word_1_391' title='bbox 2830 2930 3245 3002; x_wconf 77' lang='grc' dir='ltr'>σταθμίζονται·</span> <span class='ocrx_word' id='word_1_392' title='bbox 3279 2934 3453 3003; x_wconf 81' lang='grc' dir='ltr'>μέτρα</span> <span class='ocrx_word' id='word_1_393' title='bbox 3479 2932 3536 2986; x_wconf 82' lang='grc' dir='ltr'><strong>δὲ</strong></span> <span class='ocrx_word' id='word_1_394' title='bbox 3575 2934 3647 2985; x_wconf 70' lang='grc' dir='ltr'>τὰ</span> 
     </span>
    </p>
   </div>
   <div class='ocr_carea' id='block_1_59' title="bbox 2070 3018 3649 3095">
    <p class='ocr_par' dir='ltr' id='par_1_59' title="bbox 2070 3018 3649 3095">
     <span class='ocr_line' id='line_1_59' title="bbox 2070 3018 3649 3095; baseline 0.001 -22"><span class='ocrx_word' id='word_1_395' title='bbox 2070 3023 2128 3073; x_wconf 84' lang='grc' dir='ltr'>ὲν</span> <span class='ocrx_word' id='word_1_396' title='bbox 2162 3023 2404 3091; x_wconf 83' lang='grc' dir='ltr'>ἀγγείοις</span> <span class='ocrx_word' id='word_1_397' title='bbox 2452 3022 2830 3095; x_wconf 82' lang='grc' dir='ltr'>μετρούμενα,</span> <span class='ocrx_word' id='word_1_398' title='bbox 2868 3025 3012 3086; x_wconf 87' lang='grc' dir='ltr'>σῖτος</span> <span class='ocrx_word' id='word_1_399' title='bbox 3034 3062 3048 3088; x_wconf 93' lang='grc'><strong>,</strong></span> <span class='ocrx_word' id='word_1_400' title='bbox 3095 3018 3264 3087; x_wconf 73' lang='grc' dir='ltr'>οἶνος,</span> <span class='ocrx_word' id='word_1_401' title='bbox 3296 3024 3503 3088; x_wconf 76' lang='grc' dir='ltr'>ἔλαιον,</span> <span class='ocrx_word' id='word_1_402' title='bbox 3547 3023 3649 3075; x_wconf 78' lang='grc' dir='ltr'><strong>καὶ</strong></span> 
     </span>
    </p>
   </div>
   <div class='ocr_carea' id='block_1_60' title="bbox 400 3101 1986 3188">
    <p class='ocr_par' dir='ltr' id='par_1_60' title="bbox 400 3101 1971 3175">
     <span class='ocr_line' id='line_1_60' title="bbox 400 3101 1971 3175; baseline 0.002 -20"><span class='ocrx_word' id='word_1_403' title='bbox 400 3103 691 3173; x_wconf 77' lang='lat' dir='ltr'><strong>legumina.</strong></span> <span class='ocrx_word' id='word_1_404' title='bbox 722 3101 895 3156; x_wconf 87' lang='lat' dir='ltr'><strong>Aliter</strong></span> <span class='ocrx_word' id='word_1_405' title='bbox 920 3116 1074 3168; x_wconf 85' lang='lat' dir='ltr'><strong>vero,</strong></span> <span class='ocrx_word' id='word_1_406' title='bbox 1105 3103 1269 3156; x_wconf 90' lang='lat' dir='ltr'><strong>etiam</strong></span> <span class='ocrx_word' id='word_1_407' title='bbox 1314 3102 1479 3157; x_wconf 85' lang='lat' dir='ltr'><strong>homo</strong></span> <span class='ocrx_word' id='word_1_408' title='bbox 1511 3118 1669 3173; x_wconf 90' lang='lat' dir='ltr'><strong>quem</strong></span> <span class='ocrx_word' id='word_1_409' title='bbox 1704 3105 1971 3175; x_wconf 86' lang='lat' dir='ltr'><strong>appellant</strong></span> 
     </span>
    </p>
   </div>
   <div class='ocr_carea' id='block_1_61' title="bbox 2078 3101 3651 3188">
    <p class='ocr_par' dir='ltr' id='par_1_61' title="bbox 2078 3114 3651 3188">
     <span class='ocr_line' id='line_1_61' title="bbox 2078 3114 3651 3188; baseline -0.001 -20"><span class='ocrx_word' id='word_1_410' title='bbox 2078 3115 2305 3188; x_wconf 77' lang='grc' dir='ltr'>ὑσπρια·</span> <span class='ocrx_word' id='word_1_411' title='bbox 2339 3117 2513 3180; x_wconf 81' lang='grc' dir='ltr'>ἄλλως</span> <span class='ocrx_word' id='word_1_412' title='bbox 2546 3133 2605 3169; x_wconf 90' lang='grc' dir='ltr'><strong>τε</strong></span> <span class='ocrx_word' id='word_1_413' title='bbox 2647 3115 2702 3167; x_wconf 84' lang='grc' dir='ltr'><strong>δὲ</strong></span> <span class='ocrx_word' id='word_1_414' title='bbox 2737 3115 2826 3168; x_wconf 83' lang='grc' dir='ltr'><strong>τὸν</strong></span> <span class='ocrx_word' id='word_1_415' title='bbox 2854 3114 3005 3185; x_wconf 86' lang='grc' dir='ltr'>παρά</span> <span class='ocrx_word' id='word_1_416' title='bbox 3034 3131 3141 3167; x_wconf 87' lang='grc' dir='ltr'>τισι</span> <span class='ocrx_word' id='word_1_417' title='bbox 3181 3114 3523 3186; x_wconf 87' lang='grc' dir='ltr'>θρασύδειλον</span> <span class='ocrx_word' id='word_1_418' title='bbox 3558 3114 3651 3166; x_wconf 84' lang='grc' dir='ltr'>λε·-</span> 
     </span>
    </p>
   </div>
   <div class='ocr_carea' id='block_1_62' title="bbox 403 3193 1968 3265">
    <p class='ocr_par' dir='ltr' id='par_1_62' title="bbox 403 3193 1968 3265">
     <span class='ocr_line' id='line_1_62' title="bbox 403 3193 1968 3265; baseline 0.001 -16"><span class='ocrx_word' id='word_1_419' title='bbox 403 3193 773 3265; x_wconf 84' lang='grc' dir='ltr'>θρασύδειλον,</span> <span class='ocrx_word' id='word_1_420' title='bbox 808 3196 1067 3249; x_wconf 88' lang='lat' dir='ltr'><strong>audacem</strong></span> <span class='ocrx_word' id='word_1_421' title='bbox 1120 3194 1280 3249; x_wconf 87' lang='lat' dir='ltr'><strong>simul</strong></span> <span class='ocrx_word' id='word_1_422' title='bbox 1316 3205 1371 3251; x_wconf 89' lang='lat' dir='ltr'><strong>et</strong></span> <span class='ocrx_word' id='word_1_423' title='bbox 1399 3196 1675 3264; x_wconf 92' lang='lat' dir='ltr'><strong>timidum,</strong></span> <span class='ocrx_word' id='word_1_424' title='bbox 1710 3205 1968 3252; x_wconf 88' lang='lat' dir='ltr'><strong>stateram</strong></span> 
     </span>
    </p>
   </div>
   <div class='ocr_carea' id='block_1_63' title="bbox 403 3285 1975 3358">
    <p class='ocr_par' dir='ltr' id='par_1_63' title="bbox 403 3285 1975 3358">
     <span class='ocr_line' id='line_1_63' title="bbox 403 3285 1975 3358; baseline 0.001 -17"><span class='ocrx_word' id='word_1_425' title='bbox 403 3302 658 3358; x_wconf 81' lang='lat' dir='ltr'><strong>magnam</strong></span> <span class='ocrx_word' id='word_1_426' title='bbox 682 3296 738 3342; x_wconf 91' lang='lat' dir='ltr'><strong>et</strong></span> <span class='ocrx_word' id='word_1_427' title='bbox 764 3302 985 3358; x_wconf 85' lang='lat' dir='ltr'><strong>parvam</strong></span> <span class='ocrx_word' id='word_1_428' title='bbox 1022 3301 1142 3343; x_wconf 91' lang='lat' dir='ltr'><strong>esse</strong></span> <span class='ocrx_word' id='word_1_429' title='bbox 1176 3295 1327 3355; x_wconf 90' lang='lat' dir='ltr'><strong>puto.</strong></span> <span class='ocrx_word' id='word_1_430' title='bbox 1353 3285 1581 3344; x_wconf 90' lang='lat' dir='ltr'><strong>Omnino</strong></span> <span class='ocrx_word' id='word_1_431' title='bbox 1603 3289 1868 3358; x_wconf 89' lang='lat' dir='ltr'><strong>quidquid</strong></span> <span class='ocrx_word' id='word_1_432' title='bbox 1891 3297 1975 3344; x_wconf 78' lang='lat' dir='ltr'><strong>est</strong></span> 
     </span>
    </p>
   </div>
   <div class='ocr_carea' id='block_1_64' title="bbox 402 3378 1975 3451">
    <p class='ocr_par' dir='ltr' id='par_1_64' title="bbox 402 3378 1975 3451">
     <span class='ocr_line' id='line_1_64' title="bbox 402 3378 1975 3451; baseline 0.001 -18"><span class='ocrx_word' id='word_1_433' title='bbox 402 3378 804 3451; x_wconf 89' lang='lat' dir='ltr'><strong>hyperbolicum</strong></span> <span class='ocrx_word' id='word_1_434' title='bbox 836 3387 889 3433; x_wconf 89' lang='lat' dir='ltr'><strong>et</strong></span> <span class='ocrx_word' id='word_1_435' title='bbox 924 3378 1301 3433; x_wconf 85' lang='lat' dir='ltr'><strong>diminutivum</strong></span> <span class='ocrx_word' id='word_1_436' title='bbox 1326 3418 1342 3445; x_wconf 89' lang='lat'><strong>,</strong></span> <span class='ocrx_word' id='word_1_437' title='bbox 1383 3389 1590 3434; x_wconf 79' lang='lat' dir='ltr'><strong>Statera</strong></span> <span class='ocrx_word' id='word_1_438' title='bbox 1622 3395 1815 3449; x_wconf 75' lang='lat' dir='ltr'><strong>magna</strong></span> <span class='ocrx_word' id='word_1_439' title='bbox 1851 3396 1975 3450; x_wconf 88' lang='lat' dir='ltr'><strong>par-</strong></span> 
     </span>
    </p>
   </div>
   <div class='ocr_carea' id='block_1_65' title="bbox 403 3468 1977 3541">
    <p class='ocr_par' dir='ltr' id='par_1_65' title="bbox 403 3468 1977 3541">
     <span class='ocr_line' id='line_1_65' title="bbox 403 3468 1977 3541; baseline 0.003 -20"><span class='ocrx_word' id='word_1_440' title='bbox 403 3487 580 3541; x_wconf 78' lang='lat' dir='ltr'><strong>vaque</strong></span> <span class='ocrx_word' id='word_1_441' title='bbox 609 3480 715 3527; x_wconf 85' lang='lat' dir='ltr'><strong>est.</strong></span> <span class='ocrx_word' id='word_1_442' title='bbox 744 3468 990 3541; x_wconf 90' lang='lat' dir='ltr'><strong>Utraque</strong></span> <span class='ocrx_word' id='word_1_443' title='bbox 1028 3470 1169 3526; x_wconf 90' lang='lat' dir='ltr'><strong>mala</strong></span> <span class='ocrx_word' id='word_1_444' title='bbox 1195 3480 1312 3535; x_wconf 88' lang='lat' dir='ltr'><strong>est,</strong></span> <span class='ocrx_word' id='word_1_445' title='bbox 1348 3485 1539 3540; x_wconf 86' lang='lat' dir='ltr'><strong>nempe</strong></span> <span class='ocrx_word' id='word_1_446' title='bbox 1571 3486 1842 3527; x_wconf 68' lang='lat' dir='ltr'><strong>mensuras</strong></span> <span class='ocrx_word' id='word_1_447' title='bbox 1875 3473 1977 3529; x_wconf 91' lang='lat' dir='ltr'><strong>du-</strong></span> 
     </span>
    </p>
   </div>
   <div class='ocr_carea' id='block_1_66' title="bbox 403 3561 1976 3632">
    <p class='ocr_par' dir='ltr' id='par_1_66' title="bbox 403 3561 1976 3632">
     <span class='ocr_line' id='line_1_66' title="bbox 403 3561 1976 3632; baseline 0.001 -15"><span class='ocrx_word' id='word_1_448' title='bbox 403 3565 596 3632; x_wconf 82' lang='lat' dir='ltr'><strong>plices.</strong></span> <span class='ocrx_word' id='word_1_449' title='bbox 654 3563 826 3618; x_wconf 81' lang='lat' dir='ltr'><strong>Aliter</strong></span> <span class='ocrx_word' id='word_1_450' title='bbox 868 3563 1138 3632; x_wconf 90' lang='lat' dir='ltr'><strong>denique,</strong></span> <span class='ocrx_word' id='word_1_451' title='bbox 1176 3572 1230 3617; x_wconf 88' lang='lat' dir='ltr'><strong>et</strong></span> <span class='ocrx_word' id='word_1_452' title='bbox 1270 3562 1362 3631; x_wconf 91' lang='lat' dir='ltr'><strong>qui</strong></span> <span class='ocrx_word' id='word_1_453' title='bbox 1409 3561 1675 3620; x_wconf 82' lang='lat' dir='ltr'><strong>beneﬁcio</strong></span> <span class='ocrx_word' id='word_1_454' title='bbox 1718 3564 1868 3619; x_wconf 81' lang='lat' dir='ltr'><strong>afﬁci</strong></span> <span class='ocrx_word' id='word_1_455' title='bbox 1908 3565 1976 3619; x_wconf 89' lang='lat' dir='ltr'><strong>ab</strong></span> 
     </span>
    </p>
   </div>
   <div class='ocr_carea' id='block_1_67' title="bbox 407 3656 1973 3728">
    <p class='ocr_par' dir='ltr' id='par_1_67' title="bbox 407 3656 1973 3728">
     <span class='ocr_line' id='line_1_67' title="bbox 407 3656 1973 3728; baseline 0.001 -18"><span class='ocrx_word' id='word_1_456' title='bbox 407 3657 533 3711; x_wconf 86' lang='lat' dir='ltr'><strong>aliis</strong></span> <span class='ocrx_word' id='word_1_457' title='bbox 563 3656 711 3724; x_wconf 62' lang='lat' dir='ltr'><strong>vult},</strong></span> <span class='ocrx_word' id='word_1_458' title='bbox 746 3672 846 3711; x_wconf 91' lang='lat' dir='ltr'><strong>nec</strong></span> <span class='ocrx_word' id='word_1_459' title='bbox 886 3657 1001 3728; x_wconf 90' lang='lat' dir='ltr'><strong>ipse</strong></span> <span class='ocrx_word' id='word_1_460' title='bbox 1035 3658 1275 3715; x_wconf 84' lang='lat' dir='ltr'><strong>vicissim</strong></span> <span class='ocrx_word' id='word_1_461' title='bbox 1315 3656 1451 3714; x_wconf 90' lang='lat' dir='ltr'><strong>alios</strong></span> <span class='ocrx_word' id='word_1_462' title='bbox 1480 3658 1645 3713; x_wconf 87' lang='lat' dir='ltr'><strong>solari</strong></span> <span class='ocrx_word' id='word_1_463' title='bbox 1678 3657 1973 3723; x_wconf 88' lang='lat' dir='ltr'><strong>deliberat,</strong></span> 
     </span>
    </p>
   </div>
   <div class='ocr_carea' id='block_1_68' title="bbox 408 3751 1975 3826">
    <p class='ocr_par' dir='ltr' id='par_1_68' title="bbox 408 3751 1975 3826">
     <span class='ocr_line' id='line_1_68' title="bbox 408 3751 1975 3826; baseline 0 -21"><span class='ocrx_word' id='word_1_464' title='bbox 408 3765 723 3805; x_wconf 88' lang='lat' dir='ltr'><strong>mensuram</strong></span> <span class='ocrx_word' id='word_1_465' title='bbox 757 3751 923 3805; x_wconf 83' lang='lat' dir='ltr'><strong>habet</strong></span> <span class='ocrx_word' id='word_1_466' title='bbox 965 3751 1232 3822; x_wconf 90' lang='lat' dir='ltr'><strong>duplicem</strong></span> <span class='ocrx_word' id='word_1_467' title='bbox 1266 3771 1281 3807; x_wconf 89' lang='lat'><strong>:</strong></span> <span class='ocrx_word' id='word_1_468' title='bbox 1312 3769 1413 3811; x_wconf 91' lang='lat' dir='ltr'><strong>nec</strong></span> <span class='ocrx_word' id='word_1_469' title='bbox 1460 3761 1731 3826; x_wconf 68' lang='lat' dir='ltr'><strong>praecepto</strong></span> <span class='ocrx_word' id='word_1_470' title='bbox 1762 3752 1975 3807; x_wconf 91' lang='lat' dir='ltr'><strong>obtem-</strong></span> 
     </span>
    </p>
   </div>
   <div class='ocr_carea' id='block_1_69' title="bbox 406 3842 1977 3918">
    <p class='ocr_par' dir='ltr' id='par_1_69' title="bbox 406 3842 1977 3918">
     <span class='ocr_line' id='line_1_69' title="bbox 406 3842 1977 3918; baseline 0.003 -20"><span class='ocrx_word' id='word_1_471' title='bbox 406 3853 564 3915; x_wconf 86' lang='lat' dir='ltr'><strong>perat</strong></span> <span class='ocrx_word' id='word_1_472' title='bbox 599 3842 799 3899; x_wconf 86' lang='lat' dir='ltr'><strong>dicenti</strong></span> <span class='ocrx_word' id='word_1_473' title='bbox 833 3861 847 3897; x_wconf 89' lang='lat'><strong>:</strong></span> <span class='ocrx_word' id='word_1_474' title='bbox 877 3843 1211 3915; x_wconf 80' lang='lat' dir='ltr'><strong>Qutecunque</strong></span> <span class='ocrx_word' id='word_1_475' title='bbox 1257 3848 1414 3903; x_wconf 79' lang='lat' dir='ltr'><strong>uultis</strong></span> <span class='ocrx_word' id='word_1_476' title='bbox 1464 3850 1606 3903; x_wconf 79' lang='lat' dir='ltr'><strong>vobis</strong></span> <span class='ocrx_word' id='word_1_477' title='bbox 1644 3848 1761 3918; x_wconf 78' lang='lat' dir='ltr'><strong>ﬁeri</strong></span> <span class='ocrx_word' id='word_1_478' title='bbox 1788 3848 1852 3902; x_wconf 86' lang='lat' dir='ltr'><strong>ab</strong></span> <span class='ocrx_word' id='word_1_479' title='bbox 1883 3850 1977 3902; x_wconf 85' lang='lat' dir='ltr'><strong>Ito-</strong></span> 
     </span>
    </p>
   </div>
   <div class='ocr_carea' id='block_1_70' title="bbox 405 3936 1612 4009">
    <p class='ocr_par' dir='ltr' id='par_1_70' title="bbox 405 3936 1612 4009">
     <span class='ocr_line' id='line_1_70' title="bbox 405 3936 1612 4009; baseline 0.007 -22"><span class='ocrx_word' id='word_1_480' title='bbox 405 3936 655 4001; x_wconf 77' lang='lat' dir='ltr'><strong>minibus,</strong></span> <span class='ocrx_word' id='word_1_481' title='bbox 691 3936 801 3990; x_wconf 64' lang='lat' dir='ltr'><strong>haec</strong></span> <span class='ocrx_word' id='word_1_482' title='bbox 830 3953 919 3991; x_wconf 80' lang='lat' dir='ltr'><strong>vos</strong></span> <span class='ocrx_word' id='word_1_483' title='bbox 949 3938 1192 3993; x_wconf 80' lang='lat' dir='ltr'><strong>similiter</strong></span> <span class='ocrx_word' id='word_1_484' title='bbox 1228 3940 1335 3994; x_wconf 82' lang='lat' dir='ltr'><strong>illis</strong></span> <span class='ocrx_word' id='word_1_485' title='bbox 1367 3940 1525 4009; x_wconf 81' lang='lat' dir='ltr'><strong>facile</strong></span> <span class='ocrx_word' id='word_1_486' title='bbox 1548 3942 1612 3996; x_wconf 84' lang='lat'><strong>“.</strong></span> 
     </span>
    </p>
   </div>
   <div class='ocr_carea' id='block_1_71' title="bbox 480 4026 1977 4099">
    <p class='ocr_par' dir='ltr' id='par_1_71' title="bbox 480 4026 1977 4099">
     <span class='ocr_line' id='line_1_71' title="bbox 480 4026 1977 4099; baseline 0.005 -21"><span class='ocrx_word' id='word_1_487' title='bbox 480 4027 525 4057; x_wconf 75' lang='grc'>³³</span> <span class='ocrx_word' id='word_1_488' title='bbox 568 4026 917 4096; x_wconf 80' lang='lat' dir='ltr'><strong>Nequaquam</strong></span> <span class='ocrx_word' id='word_1_489' title='bbox 961 4039 1046 4083; x_wconf 89' lang='lat' dir='ltr'><strong>est</strong></span> <span class='ocrx_word' id='word_1_490' title='bbox 1074 4044 1209 4099; x_wconf 88' lang='lat' dir='ltr'><strong>opus</strong></span> <span class='ocrx_word' id='word_1_491' title='bbox 1253 4030 1467 4085; x_wconf 92' lang='lat' dir='ltr'><strong>Domini</strong></span> <span class='ocrx_word' id='word_1_492' title='bbox 1513 4032 1661 4088; x_wconf 91' lang='lat' dir='ltr'><strong>auris</strong></span> <span class='ocrx_word' id='word_1_493' title='bbox 1702 4032 1842 4087; x_wconf 90' lang='lat' dir='ltr'><strong>male</strong></span> <span class='ocrx_word' id='word_1_494' title='bbox 1879 4048 1977 4086; x_wconf 78' lang='lat' dir='ltr'><strong>au-</strong></span> 
     </span>
    </p>
   </div>
   <div class='ocr_carea' id='block_1_72' title="bbox 406 4120 1978 4190">
    <p class='ocr_par' dir='ltr' id='par_1_72' title="bbox 406 4120 1978 4190">
     <span class='ocr_line' id='line_1_72' title="bbox 406 4120 1978 4190; baseline 0.005 -14"><span class='ocrx_word' id='word_1_495' title='bbox 406 4120 561 4176; x_wconf 88' lang='lat' dir='ltr'><strong>diens</strong></span> <span class='ocrx_word' id='word_1_496' title='bbox 587 4159 602 4185; x_wconf 94' lang='lat'><strong>,</strong></span> <span class='ocrx_word' id='word_1_497' title='bbox 634 4122 727 4175; x_wconf 91' lang='lat' dir='ltr'><strong>sed</strong></span> <span class='ocrx_word' id='word_1_498' title='bbox 771 4121 865 4176; x_wconf 89' lang='lat' dir='ltr'><strong>illa</strong></span> <span class='ocrx_word' id='word_1_499' title='bbox 899 4136 1020 4190; x_wconf 76' lang='lat' dir='ltr'><strong>qua:</strong></span> <span class='ocrx_word' id='word_1_500' title='bbox 1050 4122 1223 4177; x_wconf 88' lang='lat' dir='ltr'><strong>bonas</strong></span> <span class='ocrx_word' id='word_1_501' title='bbox 1266 4139 1355 4179; x_wconf 89' lang='lat' dir='ltr'><strong>res</strong></span> <span class='ocrx_word' id='word_1_502' title='bbox 1397 4126 1687 4181; x_wconf 90' lang='lat' dir='ltr'><strong>auscultat.</strong></span> <span class='ocrx_word' id='word_1_503' title='bbox 1716 4126 1851 4181; x_wconf 87' lang='lat' dir='ltr'><strong>Item</strong></span> <span class='ocrx_word' id='word_1_504' title='bbox 1880 4143 1978 4184; x_wconf 78' lang='lat' dir='ltr'><strong>ne-</strong></span> 
     </span>
    </p>
   </div>
   <div class='ocr_carea' id='block_1_73' title="bbox 409 4214 1975 4285">
    <p class='ocr_par' dir='ltr' id='par_1_73' title="bbox 409 4214 1975 4285">
     <span class='ocr_line' id='line_1_73' title="bbox 409 4214 1975 4285; baseline 0.004 -19"><span class='ocrx_word' id='word_1_505' title='bbox 409 4228 678 4283; x_wconf 87' lang='lat' dir='ltr'><strong>quaquam</strong></span> <span class='ocrx_word' id='word_1_506' title='bbox 725 4214 863 4269; x_wconf 89' lang='lat' dir='ltr'><strong>male</strong></span> <span class='ocrx_word' id='word_1_507' title='bbox 903 4215 1095 4269; x_wconf 80' lang='lat' dir='ltr'><strong>videns</strong></span> <span class='ocrx_word' id='word_1_508' title='bbox 1138 4215 1369 4280; x_wconf 87' lang='lat' dir='ltr'><strong>oculus,</strong></span> <span class='ocrx_word' id='word_1_509' title='bbox 1414 4231 1551 4285; x_wconf 88' lang='lat' dir='ltr'><strong>opus</strong></span> <span class='ocrx_word' id='word_1_510' title='bbox 1599 4218 1807 4274; x_wconf 88' lang='lat' dir='ltr'><strong>Domini</strong></span> <span class='ocrx_word' id='word_1_511' title='bbox 1854 4230 1975 4285; x_wconf 89' lang='lat' dir='ltr'><strong>est,</strong></span> 
     </span>
    </p>
   </div>
   <div class='ocr_carea' id='block_1_74' title="bbox 407 4306 1975 4378">
    <p class='ocr_par' dir='ltr' id='par_1_74' title="bbox 407 4306 1975 4378">
     <span class='ocr_line' id='line_1_74' title="bbox 407 4306 1975 4378; baseline 0.004 -18"><span class='ocrx_word' id='word_1_512' title='bbox 407 4309 502 4361; x_wconf 78' lang='lat' dir='ltr'><strong>sed</strong></span> <span class='ocrx_word' id='word_1_513' title='bbox 564 4306 653 4376; x_wconf 92' lang='lat' dir='ltr'><strong>qui</strong></span> <span class='ocrx_word' id='word_1_514' title='bbox 707 4306 854 4361; x_wconf 80' lang='lat' dir='ltr'><strong>Videt</strong></span> <span class='ocrx_word' id='word_1_515' title='bbox 909 4315 965 4361; x_wconf 91' lang='lat' dir='ltr'><strong>et</strong></span> <span class='ocrx_word' id='word_1_516' title='bbox 1027 4307 1128 4361; x_wconf 90' lang='lat' dir='ltr'><strong>sibi</strong></span> <span class='ocrx_word' id='word_1_517' title='bbox 1184 4318 1537 4378; x_wconf 66' lang='lat' dir='ltr'><strong>repraesentat</strong></span> <span class='ocrx_word' id='word_1_518' title='bbox 1588 4324 1677 4365; x_wconf 91' lang='lat' dir='ltr'><strong>res</strong></span> <span class='ocrx_word' id='word_1_519' title='bbox 1728 4311 1975 4367; x_wconf 89' lang='lat' dir='ltr'><strong>divinas.</strong></span> 
     </span>
    </p>
   </div>
   <div class='ocr_carea' id='block_1_75' title="bbox 405 4397 1980 4471">
    <p class='ocr_par' dir='ltr' id='par_1_75' title="bbox 405 4397 1980 4471">
     <span class='ocr_line' id='line_1_75' title="bbox 405 4397 1980 4471; baseline 0.003 -18"><span class='ocrx_word' id='word_1_520' title='bbox 405 4397 543 4453; x_wconf 75' lang='lat' dir='ltr'><strong>Nam</strong></span> <span class='ocrx_word' id='word_1_521' title='bbox 599 4414 720 4468; x_wconf 67' lang='lat' dir='ltr'><strong>quae</strong></span> <span class='ocrx_word' id='word_1_522' title='bbox 774 4399 925 4454; x_wconf 88' lang='lat' dir='ltr'><strong>auris</strong></span> <span class='ocrx_word' id='word_1_523' title='bbox 976 4399 1260 4454; x_wconf 88' lang='lat' dir='ltr'><strong>Dominum</strong></span> <span class='ocrx_word' id='word_1_524' title='bbox 1308 4402 1502 4468; x_wconf 89' lang='lat' dir='ltr'><strong>audit,</strong></span> <span class='ocrx_word' id='word_1_525' title='bbox 1552 4410 1607 4456; x_wconf 89' lang='lat' dir='ltr'><strong>et</strong></span> <span class='ocrx_word' id='word_1_526' title='bbox 1654 4404 1745 4471; x_wconf 91' lang='lat' dir='ltr'><strong>qui</strong></span> <span class='ocrx_word' id='word_1_527' title='bbox 1793 4403 1980 4457; x_wconf 90' lang='lat' dir='ltr'><strong>oculus</strong></span> 
     </span>
    </p>
   </div>
   <div class='ocr_carea' id='block_1_76' title="bbox 2072 3202 3650 3280">
    <p class='ocr_par' dir='ltr' id='par_1_76' title="bbox 2072 3202 3650 3280">
     <span class='ocr_line' id='line_1_76' title="bbox 2072 3202 3650 3280; baseline -0.004 -17"><span class='ocrx_word' id='word_1_528' title='bbox 2072 3210 2301 3279; x_wconf 85' lang='grc' dir='ltr'>γόμενον</span> <span class='ocrx_word' id='word_1_529' title='bbox 2322 3250 2336 3274; x_wconf 96' lang='grc'><strong>,</strong></span> <span class='ocrx_word' id='word_1_530' title='bbox 2386 3209 2528 3280; x_wconf 83' lang='grc' dir='ltr'>μέγα</span> <span class='ocrx_word' id='word_1_531' title='bbox 2557 3208 2653 3261; x_wconf 83' lang='grc' dir='ltr'><strong>καί</strong></span> <span class='ocrx_word' id='word_1_532' title='bbox 2683 3206 2875 3278; x_wconf 83' lang='grc' dir='ltr'>μικρὸν</span> <span class='ocrx_word' id='word_1_533' title='bbox 2919 3202 3055 3260; x_wconf 82' lang='grc' dir='ltr'>εἶναι</span> <span class='ocrx_word' id='word_1_534' title='bbox 3103 3206 3360 3277; x_wconf 87' lang='grc' dir='ltr'>στάθμιον</span> <span class='ocrx_word' id='word_1_535' title='bbox 3405 3205 3650 3277; x_wconf 71' lang='grc' dir='ltr'>νομίζωσ</span> 
     </span>
    </p>
   </div>
   <div class='ocr_carea' id='block_1_77' title="bbox 2074 3292 3655 3367">
    <p class='ocr_par' dir='ltr' id='par_1_77' title="bbox 2074 3292 3655 3367">
     <span class='ocr_line' id='line_1_77' title="bbox 2074 3292 3655 3367; baseline -0.008 -11"><span class='ocrx_word' id='word_1_536' title='bbox 2074 3300 2303 3356; x_wconf 83' lang='grc' dir='ltr'>καθόλου</span> <span class='ocrx_word' id='word_1_537' title='bbox 2356 3299 2415 3352; x_wconf 80' lang='grc' dir='ltr'><strong>δὲ</strong></span> <span class='ocrx_word' id='word_1_538' title='bbox 2459 3300 2639 3352; x_wconf 81' lang='grc' dir='ltr'>πᾶσαν</span> <span class='ocrx_word' id='word_1_539' title='bbox 2685 3294 2990 3367; x_wconf 76' lang='grc' dir='ltr'>ὑπερϐολὴν</span> <span class='ocrx_word' id='word_1_540' title='bbox 3036 3295 3132 3348; x_wconf 74' lang='grc' dir='ltr'>καὶ</span> <span class='ocrx_word' id='word_1_541' title='bbox 3176 3293 3437 3362; x_wconf 73' lang='grc' dir='ltr'>ἔλλειψιν·</span> <span class='ocrx_word' id='word_1_542' title='bbox 3490 3292 3655 3345; x_wconf 81' lang='grc' dir='ltr'>τοῦτο</span> 
     </span>
    </p>
   </div>
   <div class='ocr_carea' id='block_1_78' title="bbox 2078 3384 3651 3461">
    <p class='ocr_par' dir='ltr' id='par_1_78' title="bbox 2078 3384 3651 3461">
     <span class='ocr_line' id='line_1_78' title="bbox 2078 3384 3651 3461; baseline -0.005 -16"><span class='ocrx_word' id='word_1_543' title='bbox 2078 3390 2333 3461; x_wconf 85' lang='grc' dir='ltr'>στάθμιον</span> <span class='ocrx_word' id='word_1_544' title='bbox 2359 3389 2500 3460; x_wconf 85' lang='grc' dir='ltr'>μέγα</span> <span class='ocrx_word' id='word_1_545' title='bbox 2520 3388 2615 3442; x_wconf 78' lang='grc' dir='ltr'>καὶ</span> <span class='ocrx_word' id='word_1_546' title='bbox 2641 3386 2831 3458; x_wconf 86' lang='grc' dir='ltr'>μικρόν</span> <span class='ocrx_word' id='word_1_547' title='bbox 2852 3388 2997 3438; x_wconf 80' lang='grc' dir='ltr'>ἐστιν</span> <span class='ocrx_word' id='word_1_548' title='bbox 3016 3402 3028 3415; x_wconf 88' lang='grc'><strong>·</strong></span> <span class='ocrx_word' id='word_1_549' title='bbox 3053 3386 3286 3456; x_wconf 77' lang='grc' dir='ltr'>ἑκάτερα</span> <span class='ocrx_word' id='word_1_550' title='bbox 3306 3384 3414 3456; x_wconf 83' lang='grc' dir='ltr'><strong>γὰρ</strong></span> <span class='ocrx_word' id='word_1_551' title='bbox 3434 3384 3651 3448; x_wconf 84' lang='grc' dir='ltr'>κακίαι,</span> 
     </span>
    </p>
   </div>
   <div class='ocr_carea' id='block_1_79' title="bbox 2075 3472 3655 3551">
    <p class='ocr_par' dir='ltr' id='par_1_79' title="bbox 2075 3472 3655 3551">
     <span class='ocr_line' id='line_1_79' title="bbox 2075 3472 3655 3551; baseline -0.001 -17"><span class='ocrx_word' id='word_1_552' title='bbox 2075 3482 2168 3536; x_wconf 75' lang='grc' dir='ltr'><strong>καὶ</strong></span> <span class='ocrx_word' id='word_1_553' title='bbox 2201 3480 2373 3551; x_wconf 87' lang='grc' dir='ltr'>μέτρα</span> <span class='ocrx_word' id='word_1_554' title='bbox 2429 3479 2616 3533; x_wconf 84' lang='grc' dir='ltr'>δισσά·</span> <span class='ocrx_word' id='word_1_555' title='bbox 2644 3477 2816 3539; x_wconf 79' lang='grc' dir='ltr'>ἄλλως</span> <span class='ocrx_word' id='word_1_556' title='bbox 2856 3493 2914 3529; x_wconf 89' lang='grc' dir='ltr'><strong>τε</strong></span> <span class='ocrx_word' id='word_1_557' title='bbox 2959 3477 3051 3529; x_wconf 74' lang='grc' dir='ltr'>καὶ</span> <span class='ocrx_word' id='word_1_558' title='bbox 3100 3479 3129 3530; x_wconf 89' lang='lat'><strong>6</strong></span> <span class='ocrx_word' id='word_1_559' title='bbox 3173 3472 3233 3530; x_wconf 81' lang='grc' dir='ltr'><strong>εὖ</strong></span> <span class='ocrx_word' id='word_1_560' title='bbox 3282 3478 3379 3547; x_wconf 83' lang='grc' dir='ltr'>μὲν</span> <span class='ocrx_word' id='word_1_561' title='bbox 3421 3478 3655 3548; x_wconf 86' lang='grc' dir='ltr'>πάσχειν</span> 
     </span>
    </p>
   </div>
   <div class='ocr_carea' id='block_1_80' title="bbox 2077 3569 3655 3646">
    <p class='ocr_par' dir='ltr' id='par_1_80' title="bbox 2077 3569 3655 3646">
     <span class='ocr_line' id='line_1_80' title="bbox 2077 3569 3655 3646; baseline -0.004 -17"><span class='ocrx_word' id='word_1_562' title='bbox 2077 3576 2164 3644; x_wconf 87' lang='grc' dir='ltr'>ὑφ’</span> <span class='ocrx_word' id='word_1_563' title='bbox 2197 3575 2399 3646; x_wconf 79' lang='grc' dir='ltr'>ἐτέρων</span> <span class='ocrx_word' id='word_1_564' title='bbox 2427 3572 2766 3644; x_wconf 85' lang='grc' dir='ltr'>βουλόμενος,</span> <span class='ocrx_word' id='word_1_565' title='bbox 2794 3571 2954 3634; x_wconf 84' lang='grc' dir='ltr'>αὑτὸς</span> <span class='ocrx_word' id='word_1_566' title='bbox 2980 3570 3040 3622; x_wconf 80' lang='grc' dir='ltr'><strong>δὲ</strong></span> <span class='ocrx_word' id='word_1_567' title='bbox 3068 3570 3267 3641; x_wconf 87' lang='grc' dir='ltr'>ὁμοίως</span> <span class='ocrx_word' id='word_1_568' title='bbox 3297 3569 3487 3635; x_wconf 84' lang='grc' dir='ltr'>ἄλλους</span> <span class='ocrx_word' id='word_1_569' title='bbox 3516 3572 3655 3624; x_wconf 79' lang='grc' dir='ltr'>ἀνα-</span> 
     </span>
    </p>
   </div>
   <div class='ocr_carea' id='block_1_81' title="bbox 2077 3659 3653 3737">
    <p class='ocr_par' dir='ltr' id='par_1_81' title="bbox 2077 3659 3653 3737">
     <span class='ocr_line' id='line_1_81' title="bbox 2077 3659 3653 3737; baseline -0.004 -18"><span class='ocrx_word' id='word_1_570' title='bbox 2077 3665 2273 3719; x_wconf 89' lang='grc' dir='ltr'>παύειν</span> <span class='ocrx_word' id='word_1_571' title='bbox 2325 3665 2398 3737; x_wconf 86' lang='grc' dir='ltr'>μὴ</span> <span class='ocrx_word' id='word_1_572' title='bbox 2437 3662 2905 3735; x_wconf 87' lang='grc' dir='ltr'>προαιρούμενος,</span> <span class='ocrx_word' id='word_1_573' title='bbox 2953 3660 3126 3730; x_wconf 85' lang='grc' dir='ltr'>μέτρα</span> <span class='ocrx_word' id='word_1_574' title='bbox 3176 3659 3287 3729; x_wconf 78' lang='grc' dir='ltr'>ἕχει</span> <span class='ocrx_word' id='word_1_575' title='bbox 3330 3660 3517 3713; x_wconf 83' lang='grc' dir='ltr'>δισσά·</span> <span class='ocrx_word' id='word_1_576' title='bbox 3574 3659 3653 3732; x_wconf 79' lang='grc' dir='ltr'><strong>μὴ</strong></span> 
     </span>
    </p>
   </div>
   <div class='ocr_carea' id='block_1_82' title="bbox 2076 3750 3775 3828">
    <p class='ocr_par' dir='ltr' id='par_1_82' title="bbox 2076 3750 3775 3828">
     <span class='ocr_line' id='line_1_82' title="bbox 2076 3750 3775 3828; baseline -0.003 -19"><span class='ocrx_word' id='word_1_577' title='bbox 2076 3757 2403 3828; x_wconf 85' lang='grc' dir='ltr'>πειθόμενος</span> <span class='ocrx_word' id='word_1_578' title='bbox 2427 3760 2500 3827; x_wconf 72' lang='grc' dir='ltr'>τῇ</span> <span class='ocrx_word' id='word_1_579' title='bbox 2520 3754 2706 3825; x_wconf 74' lang='grc' dir='ltr'>ἐντολῇ</span> <span class='ocrx_word' id='word_1_580' title='bbox 2730 3755 2794 3824; x_wconf 84' lang='grc' dir='ltr'>τῇ</span> <span class='ocrx_word' id='word_1_581' title='bbox 2832 3751 3067 3824; x_wconf 83' lang='grc' dir='ltr'>λεγούσῃ</span> <span class='ocrx_word' id='word_1_582' title='bbox 3100 3769 3121 3784; x_wconf 78' lang='grc' dir='ltr'><strong>ο</strong></span> <span class='ocrx_word' id='word_1_583' title='bbox 3144 3751 3347 3805; x_wconf 76' lang='grc' dir='ltr'>Πάντα</span> <span class='ocrx_word' id='word_1_584' title='bbox 3396 3751 3513 3805; x_wconf 84' lang='grc' dir='ltr'><strong>ὅσα</strong></span> <span class='ocrx_word' id='word_1_585' title='bbox 3555 3752 3654 3805; x_wconf 82' lang='grc' dir='ltr'><strong>θέ-</strong></span> <span class='ocrx_word' id='word_1_586' title='bbox 3770 3750 3775 3755; x_wconf 67' lang='grc'><em>’</em></span> 
     </span>
    </p>
   </div>
   <div class='ocr_carea' id='block_1_83' title="bbox 2076 3842 3656 3914">
    <p class='ocr_par' dir='ltr' id='par_1_83' title="bbox 2076 3842 3656 3914">
     <span class='ocr_line' id='line_1_83' title="bbox 2076 3842 3656 3914; baseline -0.004 -11"><span class='ocrx_word' id='word_1_587' title='bbox 2076 3852 2214 3903; x_wconf 58' lang='lat' dir='ltr'><strong>Jews</strong></span> <span class='ocrx_word' id='word_1_588' title='bbox 2253 3850 2353 3902; x_wconf 79' lang='grc' dir='ltr'><strong>ἵνα</strong></span> <span class='ocrx_word' id='word_1_589' title='bbox 2377 3846 2629 3900; x_wconf 78' lang='grc' dir='ltr'>ποιῶσιν</span> <span class='ocrx_word' id='word_1_590' title='bbox 2656 3844 2804 3914; x_wconf 83' lang='grc' dir='ltr'>ὑμῖν</span> <span class='ocrx_word' id='word_1_591' title='bbox 2862 3846 2915 3897; x_wconf 85' lang='lat' dir='ltr'><strong>ol</strong></span> <span class='ocrx_word' id='word_1_592' title='bbox 2962 3842 3296 3911; x_wconf 79' lang='grc' dir='ltr'>ἅνθρωποι,</span> <span class='ocrx_word' id='word_1_593' title='bbox 3344 3844 3442 3898; x_wconf 78' lang='grc' dir='ltr'>καὶ</span> <span class='ocrx_word' id='word_1_594' title='bbox 3484 3844 3656 3913; x_wconf 84' lang='grc' dir='ltr'>ὑμεῖς</span> 
     </span>
    </p>
   </div>
   <div class='ocr_carea' id='block_1_84' title="bbox 2079 3935 2784 4009">
    <p class='ocr_par' dir='ltr' id='par_1_84' title="bbox 2079 3935 2784 4009">
     <span class='ocr_line' id='line_1_84' title="bbox 2079 3935 2784 4009; baseline -0.007 -15"><span class='ocrx_word' id='word_1_595' title='bbox 2079 3941 2291 4009; x_wconf 80' lang='grc' dir='ltr'>ὁμοίως</span> <span class='ocrx_word' id='word_1_596' title='bbox 2320 3941 2537 3992; x_wconf 84' lang='grc' dir='ltr'>ποιεῖτε</span> <span class='ocrx_word' id='word_1_597' title='bbox 2565 3935 2784 4003; x_wconf 82' lang='grc' dir='ltr'>αὐτοῖς.</span> 
     </span>
    </p>
   </div>
   <div class='ocr_carea' id='block_1_85' title="bbox 2149 4026 3654 4102">
    <p class='ocr_par' dir='ltr' id='par_1_85' title="bbox 2149 4026 3654 4102">
     <span class='ocr_line' id='line_1_85' title="bbox 2149 4026 3654 4102; baseline -0.004 -18"><span class='ocrx_word' id='word_1_598' title='bbox 2149 4031 2284 4102; x_wconf 74' lang='grc' dir='ltr'>Οὐχὶ</span> <span class='ocrx_word' id='word_1_599' title='bbox 2313 4031 2375 4084; x_wconf 81' lang='grc' dir='ltr'><strong>τὸ</strong></span> <span class='ocrx_word' id='word_1_600' title='bbox 2399 4031 2582 4096; x_wconf 89' lang='grc' dir='ltr'>κακῶς</span> <span class='ocrx_word' id='word_1_601' title='bbox 2612 4031 2809 4085; x_wconf 78' lang='grc' dir='ltr'>ἀκοῦον</span> <span class='ocrx_word' id='word_1_602' title='bbox 2833 4026 2945 4099; x_wconf 79' lang='grc' dir='ltr'>οὖς,</span> <span class='ocrx_word' id='word_1_603' title='bbox 2975 4031 3133 4101; x_wconf 76' lang='grc' dir='ltr'>ἔργον</span> <span class='ocrx_word' id='word_1_604' title='bbox 3164 4031 3282 4084; x_wconf 71' lang='grc' dir='ltr'>ἐστὶ</span> <span class='ocrx_word' id='word_1_605' title='bbox 3304 4027 3398 4082; x_wconf 79' lang='grc' dir='ltr'>τοῦ</span> <span class='ocrx_word' id='word_1_606' title='bbox 3422 4026 3654 4098; x_wconf 82' lang='grc' dir='ltr'>Κυρίου,</span> 
     </span>
    </p>
   </div>
   <div class='ocr_carea' id='block_1_86' title="bbox 2079 4116 3656 4192">
    <p class='ocr_par' dir='ltr' id='par_1_86' title="bbox 2079 4116 3656 4192">
     <span class='ocr_line' id='line_1_86' title="bbox 2079 4116 3656 4192; baseline -0.004 -19"><span class='ocrx_word' id='word_1_607' title='bbox 2079 4119 2214 4173; x_wconf 88' lang='grc' dir='ltr'><strong>ἀλλά</strong></span> <span class='ocrx_word' id='word_1_608' title='bbox 2240 4120 2300 4172; x_wconf 87' lang='grc' dir='ltr'><strong>τὸ</strong></span> <span class='ocrx_word' id='word_1_609' title='bbox 2334 4120 2427 4173; x_wconf 77' lang='grc' dir='ltr'><strong>ἐπὶ</strong></span> <span class='ocrx_word' id='word_1_610' title='bbox 2454 4120 2640 4184; x_wconf 84' lang='grc' dir='ltr'>καλοῖς</span> <span class='ocrx_word' id='word_1_611' title='bbox 2664 4121 2931 4192; x_wconf 89' lang='grc' dir='ltr'>προσέχον</span> <span class='ocrx_word' id='word_1_612' title='bbox 2953 4136 2968 4153; x_wconf 77' lang='grc' dir='ltr'><strong><em>ο</em></strong></span> <span class='ocrx_word' id='word_1_613' title='bbox 3004 4121 3099 4174; x_wconf 60' lang='grc' dir='ltr'><strong>καὶ⁵</strong></span> <span class='ocrx_word' id='word_1_614' title='bbox 3135 4120 3256 4190; x_wconf 68' lang='grc' dir='ltr'>οὑχὶ</span> <span class='ocrx_word' id='word_1_615' title='bbox 3294 4116 3473 4180; x_wconf 88' lang='grc' dir='ltr'>κακῶς</span> <span class='ocrx_word' id='word_1_616' title='bbox 3511 4116 3656 4185; x_wconf 84' lang='grc' dir='ltr'>ὁρῶν</span> 
     </span>
    </p>
   </div>
   <div class='ocr_carea' id='block_1_87' title="bbox 2078 4206 3658 4281">
    <p class='ocr_par' dir='ltr' id='par_1_87' title="bbox 2078 4206 3658 4281">
     <span class='ocr_line' id='line_1_87' title="bbox 2078 4206 3658 4281; baseline -0.004 -19"><span class='ocrx_word' id='word_1_617' title='bbox 2078 4209 2385 4281; x_wconf 83' lang='grc' dir='ltr'>ὀφθαλμὸς,</span> <span class='ocrx_word' id='word_1_618' title='bbox 2418 4209 2577 4281; x_wconf 75' lang='grc' dir='ltr'>ἔργον</span> <span class='ocrx_word' id='word_1_619' title='bbox 2624 4211 2743 4263; x_wconf 74' lang='grc' dir='ltr'>ἐστὶ</span> <span class='ocrx_word' id='word_1_620' title='bbox 2769 4211 2863 4263; x_wconf 82' lang='grc' dir='ltr'>τοῦ</span> <span class='ocrx_word' id='word_1_621' title='bbox 2898 4211 3133 4281; x_wconf 85' lang='grc' dir='ltr'>Κυρίου,</span> <span class='ocrx_word' id='word_1_622' title='bbox 3168 4208 3278 4263; x_wconf 78' lang='grc' dir='ltr'>ἀλλ’</span> <span class='ocrx_word' id='word_1_623' title='bbox 3322 4210 3351 4260; x_wconf 90' lang='grc' dir='ltr'>ὁ</span> <span class='ocrx_word' id='word_1_624' title='bbox 3381 4206 3524 4277; x_wconf 86' lang='grc' dir='ltr'>ὁρῶν</span> <span class='ocrx_word' id='word_1_625' title='bbox 3558 4206 3658 4257; x_wconf 73' lang='grc' dir='ltr'><strong>καὶ</strong></span> 
     </span>
    </p>
   </div>
   <div class='ocr_carea' id='block_1_88' title="bbox 2081 4296 3658 4374">
    <p class='ocr_par' dir='ltr' id='par_1_88' title="bbox 2081 4296 3658 4374">
     <span class='ocr_line' id='line_1_88' title="bbox 2081 4296 3658 4374; baseline -0.004 -19"><span class='ocrx_word' id='word_1_626' title='bbox 2081 4300 2480 4373; x_wconf 80' lang='grc' dir='ltr'>φανταζόμενος</span> <span class='ocrx_word' id='word_1_627' title='bbox 2506 4302 2575 4355; x_wconf 88' lang='grc' dir='ltr'><strong>τά</strong></span> <span class='ocrx_word' id='word_1_628' title='bbox 2600 4301 2717 4356; x_wconf 86' lang='grc' dir='ltr'>θεῖα</span> <span class='ocrx_word' id='word_1_629' title='bbox 2735 4320 2747 4332; x_wconf 90' lang='grc'>·</span> <span class='ocrx_word' id='word_1_630' title='bbox 2778 4304 2807 4356; x_wconf 91' lang='lat'><strong>6</strong></span> <span class='ocrx_word' id='word_1_631' title='bbox 2830 4302 2937 4374; x_wconf 83' lang='grc' dir='ltr'>γὰρ</span> <span class='ocrx_word' id='word_1_632' title='bbox 2959 4301 3168 4355; x_wconf 88' lang='grc' dir='ltr'>ἀκούων</span> <span class='ocrx_word' id='word_1_633' title='bbox 3190 4300 3285 4353; x_wconf 79' lang='grc' dir='ltr'>τοῦ</span> <span class='ocrx_word' id='word_1_634' title='bbox 3309 4298 3534 4368; x_wconf 90' lang='grc' dir='ltr'>Κυρίου,</span> <span class='ocrx_word' id='word_1_635' title='bbox 3559 4296 3658 4349; x_wconf 75' lang='grc' dir='ltr'>καὶ</span> 
     </span>
    </p>
   </div>
   <div class='ocr_carea' id='block_1_89' title="bbox 2084 4389 3657 4467">
    <p class='ocr_par' dir='ltr' id='par_1_89' title="bbox 2084 4389 3657 4467">
     <span class='ocr_line' id='line_1_89' title="bbox 2084 4389 3657 4467; baseline -0.005 -20"><span class='ocrx_word' id='word_1_636' title='bbox 2084 4394 2293 4465; x_wconf 88' lang='grc' dir='ltr'>βλέπων</span> <span class='ocrx_word' id='word_1_637' title='bbox 2319 4394 2417 4458; x_wconf 85' lang='grc' dir='ltr'>τὰς</span> <span class='ocrx_word' id='word_1_638' title='bbox 2451 4394 2668 4459; x_wconf 84' lang='grc' dir='ltr'>ὲντολάς</span> <span class='ocrx_word' id='word_1_639' title='bbox 2700 4394 2862 4448; x_wconf 80' lang='grc' dir='ltr'>αὑτοῦ</span> <span class='ocrx_word' id='word_1_640' title='bbox 2884 4434 2899 4459; x_wconf 89' lang='grc'><strong>,</strong></span> <span class='ocrx_word' id='word_1_641' title='bbox 2934 4394 3092 4467; x_wconf 74' lang='grc' dir='ltr'>ἔργον</span> <span class='ocrx_word' id='word_1_642' title='bbox 3140 4393 3257 4446; x_wconf 76' lang='grc' dir='ltr'>ὲοτὶ</span> <span class='ocrx_word' id='word_1_643' title='bbox 3286 4390 3378 4445; x_wconf 77' lang='grc' dir='ltr'>τοῦ</span> <span class='ocrx_word' id='word_1_644' title='bbox 3409 4389 3617 4459; x_wconf 87' lang='grc' dir='ltr'>Κυρίου</span> <span class='ocrx_word' id='word_1_645' title='bbox 3637 4402 3657 4418; x_wconf 77' lang='grc' dir='ltr'><strong>ο</strong></span> 
     </span>
    </p>
   </div>
   <div class='ocr_carea' id='block_1_90' title="bbox 406 4478 1986 4569">
    <p class='ocr_par' dir='ltr' id='par_1_90' title="bbox 406 4487 1977 4558">
     <span class='ocr_line' id='line_1_90' title="bbox 406 4487 1977 4558; baseline 0.003 -16"><span class='ocrx_word' id='word_1_646' title='bbox 406 4496 617 4555; x_wconf 72' lang='lat' dir='ltr'><strong>spectat</strong></span> <span class='ocrx_word' id='word_1_647' title='bbox 664 4488 918 4543; x_wconf 89' lang='lat' dir='ltr'><strong>mandata</strong></span> <span class='ocrx_word' id='word_1_648' title='bbox 965 4487 1082 4558; x_wconf 86' lang='lat' dir='ltr'><strong>ejus</strong></span> <span class='ocrx_word' id='word_1_649' title='bbox 1119 4526 1134 4552; x_wconf 91' lang='lat'><strong>,</strong></span> <span class='ocrx_word' id='word_1_650' title='bbox 1184 4489 1298 4543; x_wconf 71' lang='lat' dir='ltr'><strong>haac</strong></span> <span class='ocrx_word' id='word_1_651' title='bbox 1346 4502 1511 4558; x_wconf 85' lang='lat' dir='ltr'><strong>opera</strong></span> <span class='ocrx_word' id='word_1_652' title='bbox 1560 4488 1773 4546; x_wconf 90' lang='lat' dir='ltr'><strong>Domini</strong></span> <span class='ocrx_word' id='word_1_653' title='bbox 1825 4503 1977 4546; x_wconf 89' lang='lat' dir='ltr'><strong>sunt.</strong></span> 
     </span>
    </p>
   </div>
   <div class='ocr_carea' id='block_1_91' title="bbox 2078 4478 3659 4569">
    <p class='ocr_par' dir='ltr' id='par_1_91' title="bbox 2082 4478 3659 4555">
     <span class='ocr_line' id='line_1_91' title="bbox 2082 4478 3659 4555; baseline -0.007 -14"><span class='ocrx_word' id='word_1_654' title='bbox 2082 4488 2176 4541; x_wconf 73' lang='grc' dir='ltr'><strong>καὶ</strong></span> <span class='ocrx_word' id='word_1_655' title='bbox 2214 4487 2306 4539; x_wconf 78' lang='grc' dir='ltr'>ἐπὶ</span> <span class='ocrx_word' id='word_1_656' title='bbox 2356 4484 2467 4539; x_wconf 87' lang='grc' dir='ltr'><strong>τῶν</strong></span> <span class='ocrx_word' id='word_1_657' title='bbox 2508 4486 2682 4541; x_wconf 82' lang='grc' dir='ltr'>ἄλλων</span> <span class='ocrx_word' id='word_1_658' title='bbox 2728 4485 2907 4555; x_wconf 85' lang='grc' dir='ltr'>μερῶν</span> <span class='ocrx_word' id='word_1_659' title='bbox 2954 4485 3047 4537; x_wconf 80' lang='grc' dir='ltr'>τοῦ</span> <span class='ocrx_word' id='word_1_660' title='bbox 3103 4482 3351 4553; x_wconf 83' lang='grc' dir='ltr'>σώματος</span> <span class='ocrx_word' id='word_1_661' title='bbox 3394 4478 3659 4541; x_wconf 85' lang='grc' dir='ltr'>ὡσαύτως</span> 
     </span>
    </p>
   </div>
   <div class='ocr_carea' id='block_1_92' title="bbox 407 4578 1979 4651">
    <p class='ocr_par' dir='ltr' id='par_1_92' title="bbox 407 4578 1979 4651">
     <span class='ocr_line' id='line_1_92' title="bbox 407 4578 1979 4651; baseline 0.003 -17"><span class='ocrx_word' id='word_1_662' title='bbox 407 4578 478 4634; x_wconf 83' lang='grc' dir='ltr'>Ει</span> <span class='ocrx_word' id='word_1_663' title='bbox 519 4582 585 4635; x_wconf 90' lang='lat' dir='ltr'><strong>de</strong></span> <span class='ocrx_word' id='word_1_664' title='bbox 634 4581 848 4635; x_wconf 83' lang='lat' dir='ltr'><strong>caeteris</strong></span> <span class='ocrx_word' id='word_1_665' title='bbox 895 4582 1143 4650; x_wconf 85' lang='lat' dir='ltr'><strong>corporis</strong></span> <span class='ocrx_word' id='word_1_666' title='bbox 1185 4580 1434 4651; x_wconf 88' lang='lat' dir='ltr'><strong>partibus</strong></span> <span class='ocrx_word' id='word_1_667' title='bbox 1478 4580 1731 4637; x_wconf 84' lang='lat' dir='ltr'><strong>similiter</strong></span> <span class='ocrx_word' id='word_1_668' title='bbox 1765 4592 1851 4638; x_wconf 86' lang='lat' dir='ltr'><strong>est</strong></span> <span class='ocrx_word' id='word_1_669' title='bbox 1897 4584 1979 4638; x_wconf 85' lang='lat' dir='ltr'><strong>di-</strong></span> 
     </span>
    </p>
   </div>
   <div class='ocr_carea' id='block_1_93' title="bbox 406 4671 1979 4744">
    <p class='ocr_par' dir='ltr' id='par_1_93' title="bbox 406 4671 1979 4744">
     <span class='ocr_line' id='line_1_93' title="bbox 406 4671 1979 4744; baseline 0.001 -16"><span class='ocrx_word' id='word_1_670' title='bbox 406 4674 661 4728; x_wconf 89' lang='lat' dir='ltr'><strong>cendum.</strong></span> <span class='ocrx_word' id='word_1_671' title='bbox 694 4671 809 4728; x_wconf 79' lang='lat' dir='ltr'><strong>Hoc</strong></span> <span class='ocrx_word' id='word_1_672' title='bbox 843 4682 1028 4726; x_wconf 85' lang='lat' dir='ltr'><strong>autem</strong></span> <span class='ocrx_word' id='word_1_673' title='bbox 1072 4672 1242 4726; x_wconf 90' lang='lat' dir='ltr'><strong>uteris</strong></span> <span class='ocrx_word' id='word_1_674' title='bbox 1280 4671 1429 4727; x_wconf 89' lang='lat' dir='ltr'><strong>dicto</strong></span> <span class='ocrx_word' id='word_1_675' title='bbox 1467 4672 1728 4728; x_wconf 87' lang='lat' dir='ltr'><strong>adversus</strong></span> <span class='ocrx_word' id='word_1_676' title='bbox 1763 4686 1858 4729; x_wconf 90' lang='lat' dir='ltr'><strong>eos</strong></span> <span class='ocrx_word' id='word_1_677' title='bbox 1884 4678 1979 4744; x_wconf 87' lang='lat' dir='ltr'><strong>qui</strong></span> 
     </span>
    </p>
   </div>
   <div class='ocr_carea' id='block_1_94' title="bbox 410 4764 1977 4835">
    <p class='ocr_par' dir='ltr' id='par_1_94' title="bbox 410 4764 1977 4835">
     <span class='ocr_line' id='line_1_94' title="bbox 410 4764 1977 4835; baseline 0.001 -15"><span class='ocrx_word' id='word_1_678' title='bbox 410 4776 657 4820; x_wconf 87' lang='lat' dir='ltr'><strong>nostrum</strong></span> <span class='ocrx_word' id='word_1_679' title='bbox 711 4764 817 4820; x_wconf 90' lang='lat' dir='ltr'><strong>hoc</strong></span> <span class='ocrx_word' id='word_1_680' title='bbox 868 4778 1068 4835; x_wconf 85' lang='lat' dir='ltr'><strong>corpus</strong></span> <span class='ocrx_word' id='word_1_681' title='bbox 1119 4764 1477 4832; x_wconf 88' lang='lat' dir='ltr'><strong>vituperant,</strong></span> <span class='ocrx_word' id='word_1_682' title='bbox 1523 4772 1580 4819; x_wconf 90' lang='lat' dir='ltr'><strong>et</strong></span> <span class='ocrx_word' id='word_1_683' title='bbox 1623 4764 1735 4820; x_wconf 91' lang='lat' dir='ltr'><strong>Deo</strong></span> <span class='ocrx_word' id='word_1_684' title='bbox 1779 4768 1977 4821; x_wconf 84' lang='lat' dir='ltr'><strong>convi-</strong></span> 
     </span>
    </p>
   </div>
   <div class='ocr_carea' id='block_1_95' title="bbox 408 4857 644 4913">
    <p class='ocr_par' dir='ltr' id='par_1_95' title="bbox 408 4857 644 4913">
     <span class='ocr_line' id='line_1_95' title="bbox 408 4857 644 4913; baseline -0.008 0"><span class='ocrx_word' id='word_1_685' title='bbox 408 4857 590 4913; x_wconf 86' lang='lat' dir='ltr'><strong>ciantu</strong></span> <span class='ocrx_word' id='word_1_686' title='bbox 600 4872 644 4911; x_wconf 87' lang='lat' dir='ltr'><strong>r.</strong></span> 
     </span>
    </p>
   </div>
   <div class='ocr_carea' id='block_1_96' title="bbox 483 4941 1977 5015">
    <p class='ocr_par' dir='ltr' id='par_1_96' title="bbox 483 4941 1977 5015">
     <span class='ocr_line' id='line_1_96' title="bbox 483 4941 1977 5015; baseline 0.001 -16"><span class='ocrx_word' id='word_1_687' title='bbox 483 4946 527 4977; x_wconf 78' lang='lat'>“</span> <span class='ocrx_word' id='word_1_688' title='bbox 548 4944 604 4999; x_wconf 90' lang='lat' dir='ltr'><strong>ld</strong></span> <span class='ocrx_word' id='word_1_689' title='bbox 633 4952 806 5007; x_wconf 89' lang='lat' dir='ltr'><strong>est,ne</strong></span> <span class='ocrx_word' id='word_1_690' title='bbox 836 4944 925 4998; x_wconf 91' lang='lat' dir='ltr'><strong>diu</strong></span> <span class='ocrx_word' id='word_1_691' title='bbox 951 4941 1209 5011; x_wconf 89' lang='lat' dir='ltr'><strong>dormias,</strong></span> <span class='ocrx_word' id='word_1_692' title='bbox 1238 4944 1332 4999; x_wconf 89' lang='lat' dir='ltr'><strong>sed</strong></span> <span class='ocrx_word' id='word_1_693' title='bbox 1366 4954 1483 5000; x_wconf 80' lang='lat' dir='ltr'><strong>esto</strong></span> <span class='ocrx_word' id='word_1_694' title='bbox 1530 4944 1785 5015; x_wconf 81' lang='lat' dir='ltr'><strong>vigilans.</strong></span> <span class='ocrx_word' id='word_1_695' title='bbox 1817 4944 1895 5001; x_wconf 87' lang='lat' dir='ltr'><strong>Ne</strong></span> <span class='ocrx_word' id='word_1_696' title='bbox 1922 4946 1977 5001; x_wconf 92' lang='lat' dir='ltr'><strong>in</strong></span> 
     </span>
    </p>
   </div>
   <div class='ocr_carea' id='block_1_97' title="bbox 407 5033 1981 5108">
    <p class='ocr_par' dir='ltr' id='par_1_97' title="bbox 407 5033 1981 5108">
     <span class='ocr_line' id='line_1_97' title="bbox 407 5033 1981 5108; baseline 0.001 -17"><span class='ocrx_word' id='word_1_697' title='bbox 407 5034 685 5092; x_wconf 78' lang='lat' dir='ltr'><strong>infernum</strong></span> <span class='ocrx_word' id='word_1_698' title='bbox 712 5033 1040 5105; x_wconf 87' lang='lat' dir='ltr'><strong>projiciaris,</strong></span> <span class='ocrx_word' id='word_1_699' title='bbox 1079 5034 1191 5091; x_wconf 88' lang='lat' dir='ltr'><strong>noli</strong></span> <span class='ocrx_word' id='word_1_700' title='bbox 1235 5036 1534 5093; x_wconf 88' lang='lat' dir='ltr'><strong>obtrectari</strong></span> <span class='ocrx_word' id='word_1_701' title='bbox 1566 5056 1582 5094; x_wconf 88' lang='lat'><strong>:</strong></span> <span class='ocrx_word' id='word_1_702' title='bbox 1611 5049 1667 5094; x_wconf 86' lang='lat' dir='ltr'><strong>et</strong></span> <span class='ocrx_word' id='word_1_703' title='bbox 1692 5053 1788 5108; x_wconf 85' lang='lat' dir='ltr'><strong>per</strong></span> <span class='ocrx_word' id='word_1_704' title='bbox 1812 5040 1981 5093; x_wconf 79' lang='lat' dir='ltr'><strong>virtu-</strong></span> 
     </span>
    </p>
   </div>
   <div class='ocr_carea' id='block_1_98' title="bbox 411 5127 1980 5201">
    <p class='ocr_par' dir='ltr' id='par_1_98' title="bbox 411 5127 1980 5201">
     <span class='ocr_line' id='line_1_98' title="bbox 411 5127 1980 5201; baseline 0.001 -18"><span class='ocrx_word' id='word_1_705' title='bbox 411 5139 494 5184; x_wconf 89' lang='lat' dir='ltr'><strong>tes</strong></span> <span class='ocrx_word' id='word_1_706' title='bbox 521 5128 671 5198; x_wconf 88' lang='lat' dir='ltr'><strong>aperi</strong></span> <span class='ocrx_word' id='word_1_707' title='bbox 716 5127 905 5183; x_wconf 88' lang='lat' dir='ltr'><strong>oculos</strong></span> <span class='ocrx_word' id='word_1_708' title='bbox 952 5127 1150 5183; x_wconf 65' lang='lat' dir='ltr'><strong>animae</strong></span> <span class='ocrx_word' id='word_1_709' title='bbox 1192 5138 1317 5185; x_wconf 67' lang='lat' dir='ltr'><strong>tuae.</strong></span> <span class='ocrx_word' id='word_1_710' title='bbox 1347 5128 1595 5200; x_wconf 90' lang='lat' dir='ltr'><strong>Denique</strong></span> <span class='ocrx_word' id='word_1_711' title='bbox 1635 5145 1732 5201; x_wconf 89' lang='lat' dir='ltr'><strong>per</strong></span> <span class='ocrx_word' id='word_1_712' title='bbox 1760 5130 1980 5201; x_wconf 82' lang='lat' dir='ltr'><strong>sapien-</strong></span> 
     </span>
    </p>
   </div>
   <div class='ocr_carea' id='block_1_99' title="bbox 414 5214 1595 5290">
    <p class='ocr_par' dir='ltr' id='par_1_99' title="bbox 414 5214 1595 5290">
     <span class='ocr_line' id='line_1_99' title="bbox 414 5214 1595 5290; baseline 0.006 -21"><span class='ocrx_word' id='word_1_713' title='bbox 414 5216 557 5271; x_wconf 87' lang='lat' dir='ltr'><strong>tiam</strong></span> <span class='ocrx_word' id='word_1_714' title='bbox 584 5214 1040 5272; x_wconf 90' lang='lat' dir='ltr'><strong>intellectualibus</strong></span> <span class='ocrx_word' id='word_1_715' title='bbox 1064 5226 1314 5274; x_wconf 85' lang='lat' dir='ltr'><strong>saturare</strong></span> <span class='ocrx_word' id='word_1_716' title='bbox 1340 5220 1595 5290; x_wconf 88' lang='lat' dir='ltr'><strong>panibus.</strong></span> 
     </span>
    </p>
   </div>
   <div class='ocr_carea' id='block_1_100' title="bbox 483 5394 1980 5470">
    <p class='ocr_par' dir='ltr' id='par_1_100' title="bbox 483 5394 1980 5470">
     <span class='ocr_line' id='line_1_100' title="bbox 483 5394 1980 5470; baseline 0.004 -22"><span class='ocrx_word' id='word_1_717' title='bbox 483 5394 534 5431; x_wconf 71' lang='grc'>³⁸</span> <span class='ocrx_word' id='word_1_718' title='bbox 556 5394 860 5451; x_wconf 86' lang='lat' dir='ltr'><strong>Alternatio</strong></span> <span class='ocrx_word' id='word_1_719' title='bbox 889 5394 1033 5451; x_wconf 89' lang='lat' dir='ltr'><strong>inter</strong></span> <span class='ocrx_word' id='word_1_720' title='bbox 1059 5394 1273 5451; x_wconf 88' lang='lat' dir='ltr'><strong>Domini</strong></span> <span class='ocrx_word' id='word_1_721' title='bbox 1301 5408 1358 5453; x_wconf 89' lang='lat' dir='ltr'><strong>et</strong></span> <span class='ocrx_word' id='word_1_722' title='bbox 1391 5396 1590 5453; x_wconf 89' lang='lat' dir='ltr'><strong>diaboli</strong></span> <span class='ocrx_word' id='word_1_723' title='bbox 1627 5413 1816 5470; x_wconf 89' lang='lat' dir='ltr'><strong>opera,</strong></span> <span class='ocrx_word' id='word_1_724' title='bbox 1849 5399 1980 5454; x_wconf 85' lang='lat' dir='ltr'><strong>abo-</strong></span> 
     </span>
    </p>
   </div>
   <div class='ocr_carea' id='block_1_101' title="bbox 480 5513 1928 5583">
    <p class='ocr_par' dir='ltr' id='par_1_101' title="bbox 480 5513 1928 5583">
     <span class='ocr_line' id='line_1_101' title="bbox 480 5513 1928 5583; baseline 0.003 -17"><span class='ocrx_word' id='word_1_725' title='bbox 480 5514 503 5547; x_wconf 82' lang='grc'><strong><em>⁸</em></strong></span> <span class='ocrx_word' id='word_1_726' title='bbox 535 5530 586 5567; x_wconf 87' lang='lat' dir='ltr'><strong>v.</strong></span> <span class='ocrx_word' id='word_1_727' title='bbox 615 5513 706 5571; x_wconf 77' lang='lat'><strong>‘20.</strong></span> <span class='ocrx_word' id='word_1_728' title='bbox 783 5516 805 5547; x_wconf 86' lang='grc'><strong>⁶</strong></span> <span class='ocrx_word' id='word_1_729' title='bbox 830 5514 1020 5570; x_wconf 85' lang='lat' dir='ltr'><strong>Matth.</strong></span> <span class='ocrx_word' id='word_1_730' title='bbox 1044 5529 1195 5583; x_wconf 80' lang='lat' dir='ltr'><strong>xvm,</strong></span> <span class='ocrx_word' id='word_1_731' title='bbox 1227 5516 1315 5572; x_wconf 82' lang='grc'><strong>17.</strong></span> <span class='ocrx_word' id='word_1_732' title='bbox 1407 5517 1426 5547; x_wconf 84' lang='grc'><strong>⁷</strong></span> <span class='ocrx_word' id='word_1_733' title='bbox 1459 5530 1513 5570; x_wconf 88' lang='lat' dir='ltr'><strong>v.</strong></span> <span class='ocrx_word' id='word_1_734' title='bbox 1538 5517 1626 5571; x_wconf 75' lang='lat' dir='ltr'><strong>2L</strong></span> <span class='ocrx_word' id='word_1_735' title='bbox 1714 5518 1738 5551; x_wconf 84' lang='grc'>⁸</span> <span class='ocrx_word' id='word_1_736' title='bbox 1766 5533 1817 5575; x_wconf 84' lang='lat' dir='ltr'><strong>v.</strong></span> <span class='ocrx_word' id='word_1_737' title='bbox 1840 5517 1928 5571; x_wconf 67' lang='lat'><strong>22.</strong></span> 
     </span>
    </p>
   </div>
   <div class='ocr_carea' id='block_1_102' title="bbox 411 5584 972 5641">
    <p class='ocr_par' dir='ltr' id='par_1_102' title="bbox 411 5584 972 5641">
     <span class='ocr_line' id='line_1_102' title="bbox 411 5584 972 5641; baseline 0.007 -4"><span class='ocrx_word' id='word_1_738' title='bbox 411 5584 459 5619; x_wconf 76' lang='grc'><strong>⁸⁸</strong></span> <span class='ocrx_word' id='word_1_739' title='bbox 482 5600 537 5639; x_wconf 77' lang='grc' dir='ltr'>ν.</span> <span class='ocrx_word' id='word_1_740' title='bbox 569 5586 656 5639; x_wconf 79' lang='grc'><strong>15.</strong></span> <span class='ocrx_word' id='word_1_741' title='bbox 732 5584 778 5618; x_wconf 73' lang='grc' dir='ltr'><strong>¹δ</strong></span> <span class='ocrx_word' id='word_1_742' title='bbox 803 5601 856 5640; x_wconf 83' lang='lat' dir='ltr'><strong>v.</strong></span> <span class='ocrx_word' id='word_1_743' title='bbox 886 5586 972 5641; x_wconf 75' lang='grc'><strong>25.</strong></span> 
     </span>
    </p>
   </div>
   <div class='ocr_carea' id='block_1_103' title="bbox 485 5698 1470 5768">
    <p class='ocr_par' dir='ltr' id='par_1_103' title="bbox 485 5698 1470 5768">
     <span class='ocr_line' id='line_1_103' title="bbox 485 5698 1470 5768; baseline -0.005 -15"><span class='ocrx_word' id='word_1_744' title='bbox 485 5698 596 5768; x_wconf 78' lang='lat'><strong>(‘10)</strong></span> <span class='ocrx_word' id='word_1_745' title='bbox 630 5700 972 5756; x_wconf 90' lang='lat' dir='ltr'><strong>Desideratur</strong></span> <span class='ocrx_word' id='word_1_746' title='bbox 989 5701 1077 5755; x_wconf 88' lang='grc' dir='ltr'><strong>δέ.</strong></span> <span class='ocrx_word' id='word_1_747' title='bbox 1109 5701 1266 5757; x_wconf 80' lang='lat' dir='ltr'><strong>Eutr.</strong></span> <span class='ocrx_word' id='word_1_748' title='bbox 1308 5698 1470 5753; x_wconf 78' lang='grc' dir='ltr'>ΡΑτιι.</span> 
     </span>
    </p>
   </div>
   <div class='ocr_carea' id='block_1_104' title="bbox 2033 5509 3304 5587">
    <p class='ocr_par' dir='ltr' id='par_1_104' title="bbox 2033 5509 3304 5587">
     <span class='ocr_line' id='line_1_104' title="bbox 2033 5509 3304 5587; baseline -0.009 -13"><span class='ocrx_word' id='word_1_749' title='bbox 2033 5520 2054 5551; x_wconf 74' lang='grc'>³</span> <span class='ocrx_word' id='word_1_750' title='bbox 2082 5518 2174 5574; x_wconf 88' lang='lat' dir='ltr'><strong>Ps.</strong></span> <span class='ocrx_word' id='word_1_751' title='bbox 2208 5534 2359 5585; x_wconf 81' lang='lat' dir='ltr'><strong>mn,</strong></span> <span class='ocrx_word' id='word_1_752' title='bbox 2401 5517 2452 5575; x_wconf 87' lang='grc'><strong>7.</strong></span> <span class='ocrx_word' id='word_1_753' title='bbox 2529 5517 2589 5587; x_wconf 32' lang='grc' dir='ltr'>,ίο</span> <span class='ocrx_word' id='word_1_754' title='bbox 2622 5532 2669 5571; x_wconf 87' lang='lat' dir='ltr'><strong>v.</strong></span> <span class='ocrx_word' id='word_1_755' title='bbox 2701 5515 2788 5570; x_wconf 75' lang='grc'><strong>10.</strong></span> <span class='ocrx_word' id='word_1_756' title='bbox 2879 5515 2921 5545; x_wconf 79' lang='grc'><strong>¹¹</strong></span> <span class='ocrx_word' id='word_1_757' title='bbox 2950 5511 3078 5567; x_wconf 87' lang='lat' dir='ltr'><strong>Luc.</strong></span> <span class='ocrx_word' id='word_1_758' title='bbox 3117 5526 3191 5574; x_wconf 79' lang='lat' dir='ltr'><strong>vt,</strong></span> <span class='ocrx_word' id='word_1_759' title='bbox 3213 5509 3304 5563; x_wconf 76' lang='lat'><strong>5|.</strong></span> 
     </span>
    </p>
   </div>
   <div class='ocr_carea' id='block_1_105' title="bbox 2081 4575 3662 4652">
    <p class='ocr_par' dir='ltr' id='par_1_105' title="bbox 2081 4575 3662 4652">
     <span class='ocr_line' id='line_1_105' title="bbox 2081 4575 3662 4652; baseline -0.004 -20"><span class='ocrx_word' id='word_1_760' title='bbox 2081 4580 2300 4633; x_wconf 87' lang='grc' dir='ltr'>λεκτέον</span> <span class='ocrx_word' id='word_1_761' title='bbox 2321 4597 2333 4609; x_wconf 90' lang='grc'><strong>·</strong></span> <span class='ocrx_word' id='word_1_762' title='bbox 2366 4581 2546 4652; x_wconf 85' lang='grc' dir='ltr'>χρήσῃ</span> <span class='ocrx_word' id='word_1_763' title='bbox 2576 4578 2632 4632; x_wconf 85' lang='grc' dir='ltr'><strong>δὲ</strong></span> <span class='ocrx_word' id='word_1_764' title='bbox 2666 4579 2743 4649; x_wconf 88' lang='grc' dir='ltr'>τῷ</span> <span class='ocrx_word' id='word_1_765' title='bbox 2773 4578 2922 4650; x_wconf 77' lang='grc' dir='ltr'>ῥητῷ</span> <span class='ocrx_word' id='word_1_766' title='bbox 2952 4577 3125 4647; x_wconf 85' lang='grc' dir='ltr'>τούτῳ</span> <span class='ocrx_word' id='word_1_767' title='bbox 3161 4575 3295 4648; x_wconf 85' lang='grc' dir='ltr'>πρὸς</span> <span class='ocrx_word' id='word_1_768' title='bbox 3337 4575 3461 4636; x_wconf 81' lang='grc' dir='ltr'>τοὺς</span> <span class='ocrx_word' id='word_1_769' title='bbox 3493 4588 3662 4642; x_wconf 83' lang='grc' dir='ltr'>κατη-</span> 
     </span>
    </p>
   </div>
   <div class='ocr_carea' id='block_1_106' title="bbox 2080 4662 3663 4741">
    <p class='ocr_par' dir='ltr' id='par_1_106' title="bbox 2080 4662 3663 4741">
     <span class='ocr_line' id='line_1_106' title="bbox 2080 4662 3663 4741; baseline -0.003 -20"><span class='ocrx_word' id='word_1_770' title='bbox 2080 4670 2379 4741; x_wconf 83' lang='grc' dir='ltr'>γοροῦντας</span> <span class='ocrx_word' id='word_1_771' title='bbox 2404 4732 2407 4737; x_wconf 89' lang='lat'><strong><em>_</em></strong></span> <span class='ocrx_word' id='word_1_772' title='bbox 2428 4670 2583 4741; x_wconf 81' lang='grc' dir='ltr'>ἡμῶν</span> <span class='ocrx_word' id='word_1_773' title='bbox 2634 4668 2793 4722; x_wconf 78' lang='grc' dir='ltr'>τοῦτο</span> <span class='ocrx_word' id='word_1_774' title='bbox 2817 4669 2877 4722; x_wconf 82' lang='grc' dir='ltr'><strong>τὸ</strong></span> <span class='ocrx_word' id='word_1_775' title='bbox 2912 4667 3098 4738; x_wconf 83' lang='grc' dir='ltr'>σῶμα,</span> <span class='ocrx_word' id='word_1_776' title='bbox 3146 4665 3241 4720; x_wconf 72' lang='grc' dir='ltr'><strong>καὶ</strong></span> <span class='ocrx_word' id='word_1_777' title='bbox 3277 4664 3367 4717; x_wconf 81' lang='grc' dir='ltr'><strong>τὸν</strong></span> <span class='ocrx_word' id='word_1_778' title='bbox 3395 4662 3525 4716; x_wconf 81' lang='grc' dir='ltr'>Θεὸν</span> <span class='ocrx_word' id='word_1_779' title='bbox 3570 4662 3663 4716; x_wconf 82' lang='grc' dir='ltr'><strong>ὲν-</strong></span> 
     </span>
    </p>
   </div>
   <div class='ocr_carea' id='block_1_107' title="bbox 2084 4758 2421 4831">
    <p class='ocr_par' dir='ltr' id='par_1_107' title="bbox 2084 4758 2421 4831">
     <span class='ocr_line' id='line_1_107' title="bbox 2084 4758 2421 4831; baseline 0 -19"><span class='ocrx_word' id='word_1_780' title='bbox 2084 4758 2421 4831; x_wconf 75' lang='grc' dir='ltr'>ὑϐρίζοντας.</span> 
     </span>
    </p>
   </div>
   <div class='ocr_carea' id='block_1_108' title="bbox 2154 4926 3658 5007">
    <p class='ocr_par' dir='ltr' id='par_1_108' title="bbox 2154 4926 3658 5007">
     <span class='ocr_line' id='line_1_108' title="bbox 2154 4926 3658 5007; baseline -0.006 -19"><span class='ocrx_word' id='word_1_781' title='bbox 2154 4935 2414 4989; x_wconf 81' lang='grc' dir='ltr'>Τουτέστι</span> <span class='ocrx_word' id='word_1_782' title='bbox 2472 4937 2544 5007; x_wconf 87' lang='grc' dir='ltr'><strong>μὴ</strong></span> <span class='ocrx_word' id='word_1_783' title='bbox 2588 4935 2812 4989; x_wconf 85' lang='grc' dir='ltr'>κάθευδε</span> <span class='ocrx_word' id='word_1_784' title='bbox 2840 4935 3008 4988; x_wconf 89' lang='grc' dir='ltr'>πολλά</span> <span class='ocrx_word' id='word_1_785' title='bbox 3027 4974 3041 4998; x_wconf 94' lang='grc'><strong>,</strong></span> <span class='ocrx_word' id='word_1_786' title='bbox 3072 4932 3185 4985; x_wconf 88' lang='grc' dir='ltr'>ἀλλ’</span> <span class='ocrx_word' id='word_1_787' title='bbox 3213 4933 3488 5003; x_wconf 82' lang='grc' dir='ltr'>ἄγρυπνος</span> <span class='ocrx_word' id='word_1_788' title='bbox 3529 4926 3623 4980; x_wconf 69' lang='lat' dir='ltr'><strong>Eoo</strong></span> <span class='ocrx_word' id='word_1_789' title='bbox 3643 4942 3658 4957; x_wconf 91' lang='grc'><strong>·</strong></span> 
     </span>
    </p>
   </div>
   <div class='ocr_carea' id='block_1_109' title="bbox 2085 5020 3663 5101">
    <p class='ocr_par' dir='ltr' id='par_1_109' title="bbox 2085 5020 3663 5101">
     <span class='ocr_line' id='line_1_109' title="bbox 2085 5020 3663 5101; baseline -0.007 -18"><span class='ocrx_word' id='word_1_790' title='bbox 2085 5030 2172 5085; x_wconf 74' lang='grc' dir='ltr'>ἵνα</span> <span class='ocrx_word' id='word_1_791' title='bbox 2203 5031 2276 5101; x_wconf 80' lang='grc' dir='ltr'><strong>μὴ</strong></span> <span class='ocrx_word' id='word_1_792' title='bbox 2301 5028 2536 5101; x_wconf 77' lang='grc' dir='ltr'>ὲξαρθῇς</span> <span class='ocrx_word' id='word_1_793' title='bbox 2567 5030 2647 5091; x_wconf 83' lang='grc' dir='ltr'><strong>είς</strong></span> <span class='ocrx_word' id='word_1_794' title='bbox 2673 5027 2774 5099; x_wconf 82' lang='grc' dir='ltr'>τὴν</span> <span class='ocrx_word' id='word_1_795' title='bbox 2807 5028 3059 5096; x_wconf 80' lang='grc' dir='ltr'>γέενναν,</span> <span class='ocrx_word' id='word_1_796' title='bbox 3108 5024 3183 5096; x_wconf 83' lang='grc' dir='ltr'>μὴ</span> <span class='ocrx_word' id='word_1_797' title='bbox 3210 5022 3496 5077; x_wconf 76' lang='grc' dir='ltr'>καταλάλει</span> <span class='ocrx_word' id='word_1_798' title='bbox 3517 5037 3528 5049; x_wconf 95' lang='grc'><strong>·</strong></span> <span class='ocrx_word' id='word_1_799' title='bbox 3562 5020 3663 5074; x_wconf 73' lang='grc' dir='ltr'>καὶ</span> 
     </span>
    </p>
   </div>
   <div class='ocr_carea' id='block_1_110' title="bbox 2082 5109 3661 5191">
    <p class='ocr_par' dir='ltr' id='par_1_110' title="bbox 2082 5109 3661 5191">
     <span class='ocr_line' id='line_1_110' title="bbox 2082 5109 3661 5191; baseline -0.008 -17"><span class='ocrx_word' id='word_1_800' title='bbox 2082 5120 2172 5175; x_wconf 81' lang='grc' dir='ltr'><strong>διὰ</strong></span> <span class='ocrx_word' id='word_1_801' title='bbox 2217 5122 2316 5191; x_wconf 86' lang='grc' dir='ltr'>μὲν</span> <span class='ocrx_word' id='word_1_802' title='bbox 2360 5120 2469 5173; x_wconf 91' lang='grc' dir='ltr'><strong>τῶν</strong></span> <span class='ocrx_word' id='word_1_803' title='bbox 2515 5117 2757 5190; x_wconf 86' lang='grc' dir='ltr'>ἀρετῶν,</span> <span class='ocrx_word' id='word_1_804' title='bbox 2788 5118 2971 5185; x_wconf 81' lang='grc' dir='ltr'>ἄνοιγε</span> <span class='ocrx_word' id='word_1_805' title='bbox 3020 5116 3148 5177; x_wconf 84' lang='grc' dir='ltr'>τοὺς</span> <span class='ocrx_word' id='word_1_806' title='bbox 3190 5111 3501 5183; x_wconf 80' lang='grc' dir='ltr'>ὀφθαλμοὺς</span> <span class='ocrx_word' id='word_1_807' title='bbox 3555 5109 3661 5181; x_wconf 83' lang='grc' dir='ltr'>τῆς</span> 
     </span>
    </p>
   </div>
   <div class='ocr_carea' id='block_1_111' title="bbox 2083 5202 3663 5284">
    <p class='ocr_par' dir='ltr' id='par_1_111' title="bbox 2083 5202 3663 5284">
     <span class='ocr_line' id='line_1_111' title="bbox 2083 5202 3663 5284; baseline -0.008 -16"><span class='ocrx_word' id='word_1_808' title='bbox 2083 5212 2261 5284; x_wconf 79' lang='grc' dir='ltr'>ψυχῆς</span> <span class='ocrx_word' id='word_1_809' title='bbox 2292 5230 2386 5266; x_wconf 90' lang='grc' dir='ltr'><strong>σου</strong></span> <span class='ocrx_word' id='word_1_810' title='bbox 2407 5230 2420 5242; x_wconf 76' lang='grc' dir='ltr'><strong>ο</strong></span> <span class='ocrx_word' id='word_1_811' title='bbox 2452 5212 2539 5265; x_wconf 83' lang='grc' dir='ltr'>διὰ</span> <span class='ocrx_word' id='word_1_812' title='bbox 2561 5212 2619 5265; x_wconf 85' lang='grc' dir='ltr'><strong>δὲ</strong></span> <span class='ocrx_word' id='word_1_813' title='bbox 2654 5211 2753 5282; x_wconf 83' lang='grc' dir='ltr'>τῆς</span> <span class='ocrx_word' id='word_1_814' title='bbox 2803 5210 3024 5280; x_wconf 89' lang='grc' dir='ltr'>σοφίας,</span> <span class='ocrx_word' id='word_1_815' title='bbox 3071 5207 3276 5278; x_wconf 87' lang='grc' dir='ltr'>νοητῶν</span> <span class='ocrx_word' id='word_1_816' title='bbox 3316 5202 3663 5277; x_wconf 76' lang='grc' dir='ltr'>ἐμπλήσθητι</span> 
     </span>
    </p>
   </div>
   <div class='ocr_carea' id='block_1_112' title="bbox 2085 5309 3667 5469">
    <p class='ocr_par' dir='ltr' id='par_1_112' title="bbox 2085 5309 3667 5469">
     <span class='ocr_line' id='line_1_112' title="bbox 2085 5309 3667 5469; baseline -0.01 -17"><span class='ocrx_word' id='word_1_817' title='bbox 2085 5309 2542 5469; x_wconf 48' lang='grc' dir='ltr'>ἄρῗζνσταθμιείν</span> <span class='ocrx_word' id='word_1_818' title='bbox 2585 5396 2774 5451; x_wconf 78' lang='grc' dir='ltr'>ἑαυτόν</span> <span class='ocrx_word' id='word_1_819' title='bbox 2814 5414 2900 5459; x_wconf 89' lang='grc' dir='ltr'><strong>τις</strong></span> <span class='ocrx_word' id='word_1_820' title='bbox 2931 5395 3023 5448; x_wconf 72' lang='grc' dir='ltr'><strong>ἐπὶ</strong></span> <span class='ocrx_word' id='word_1_821' title='bbox 3061 5395 3170 5456; x_wconf 87' lang='grc' dir='ltr'>τοῖς</span> <span class='ocrx_word' id='word_1_822' title='bbox 3204 5390 3299 5444; x_wconf 77' lang='grc' dir='ltr'><strong>τοῦ</strong></span> <span class='ocrx_word' id='word_1_823' title='bbox 3334 5386 3539 5458; x_wconf 85' lang='grc' dir='ltr'>Κυρίου</span> <span class='ocrx_word' id='word_1_824' title='bbox 3566 5382 3667 5439; x_wconf 73' lang='grc' dir='ltr'><strong>καὶ</strong></span> 
     </span>
    </p>
   </div>
   <div class='ocr_carea' id='block_1_113' title="bbox 3414 5500 3662 5558">
    <p class='ocr_par' dir='ltr' id='par_1_113' title="bbox 3414 5500 3662 5558">
     <span class='ocr_line' id='line_1_113' title="bbox 3414 5500 3662 5558; baseline 0 0"><span class='ocrx_word' id='word_1_825' title='bbox 3414 5506 3458 5537; x_wconf 75' lang='grc'>³⁸</span> <span class='ocrx_word' id='word_1_826' title='bbox 3483 5519 3534 5558; x_wconf 84' lang='lat' dir='ltr'><strong>v.</strong></span> <span class='ocrx_word' id='word_1_827' title='bbox 3570 5500 3662 5558; x_wconf 76' lang='grc'><strong>12.</strong></span> 
     </span>
    </p>
   </div>
   <div class='ocr_carea' id='block_1_114' title="bbox 482 5752 1986 5844">
    <p class='ocr_par' dir='ltr' id='par_1_114' title="bbox 482 5752 1986 5844">
     <span class='ocr_line' id='line_1_114' title="bbox 482 5752 1986 5844; baseline -0.001 -20"><span class='ocrx_word' id='word_1_828' title='bbox 482 5752 596 5842; x_wconf 63' lang='lat' dir='ltr'><strong>{lt}</strong></span> <span class='ocrx_word' id='word_1_829' title='bbox 631 5752 894 5827; x_wconf 50' lang='lat' dir='ltr'><strong>male.</strong></span> <span class='ocrx_word' id='word_1_830' title='bbox 913 5752 1315 5844; x_wconf 15' lang='lat' dir='ltr'><strong>ﬁcarent—apud</strong></span> <span class='ocrx_word' id='word_1_831' title='bbox 1341 5752 1652 5842; x_wconf 73' lang='lat' dir='ltr'><strong>Origenes),</strong></span> <span class='ocrx_word' id='word_1_832' title='bbox 1696 5768 1839 5839; x_wconf 88' lang='lat' dir='ltr'><strong>quod</strong></span> <span class='ocrx_word' id='word_1_833' title='bbox 1876 5766 1986 5824; x_wconf 82' lang='lat' dir='ltr'><strong>ium</strong></span> 
     </span>
    </p>
   </div>
   <div class='ocr_carea' id='block_1_115' title="bbox 2078 5752 3590 5844">
    <p class='ocr_par' dir='ltr' id='par_1_115' title="bbox 2078 5752 3590 5825">
     <span class='ocr_line' id='line_1_115' title="bbox 2078 5752 3590 5825; baseline -0.013 -2"><span class='ocrx_word' id='word_1_834' title='bbox 2078 5766 2150 5825; x_wconf 88' lang='lat' dir='ltr'><strong>ito</strong></span> <span class='ocrx_word' id='word_1_835' title='bbox 2195 5762 2439 5823; x_wconf 86' lang='lat' dir='ltr'><strong>nonnulli</strong></span> <span class='ocrx_word' id='word_1_836' title='bbox 2469 5760 2787 5821; x_wconf 80' lang='lat' dir='ltr'><strong>vocabulum</strong></span> <span class='ocrx_word' id='word_1_837' title='bbox 2812 5757 3153 5818; x_wconf 82' lang='lat' dir='ltr'><strong>barbaricum</strong></span> <span class='ocrx_word' id='word_1_838' title='bbox 3188 5752 3590 5812; x_wconf 67' lang='lat' dir='ltr'><strong>existimarunt.</strong></span> 
     </span>
    </p>
   </div>
  </div>
