3888 6218
196 429 306 485 213

1362 412 1728 472 EXPOSITIO
1763 413 1831 465 IN
1869 404 2281 467 PROVERBIA.

3337 390 3461 448 ειν

194 545 295 599 τοῦ
315 541 557 596 διαϐόλου
584 540 765 614 ἔργοις
785 581 799 604 ,
843 539 1119 610 βδέλυγμα
1151 539 1341 610 Κυρίῳ
1360 556 1372 567 ·
1423 537 1586 604 ζυγὸν
1615 535 1672 588 δὲ
1696 534 1780 587 δό-

1903 529 2110 585 ninatio
2140 525 2389 580 Domino.
2422 520 2671 576 Dolosam
2706 525 2965 573 stateram
2999 513 3129 567 dicit
3172 521 3441 573 mentem,

199 636 313 688 λιον
339 636 485 703 λέγει
516 634 606 686 τὸν
633 632 757 685 νοῦν
776 673 790 697 ,
829 631 919 684 τὸν
949 624 1227 699 πεφυκότα
1266 631 1362 699 μὲν
1405 628 1625 690 δικαίως
1653 625 1775 695 κρί-

196 748 314 785 νειν
331 728 401 782 τὰ
430 726 752 798 πράγματα,
781 723 1204 794 παρεκκλίνοντα
1225 721 1281 774 δὲ
1302 723 1368 791 τῇ
1401 718 1496 774 τοῦ
1525 719 1777 785 αὐτεξου-

201 824 318 880 σίου
351 823 489 893 ῥοπῇ
513 819 602 872 διὰ
637 818 824 887 φίλους
857 816 889 887 ἢ
918 818 1193 887 χρήματα.

271 914 367 984 Μὴ
396 910 628 980 ταχέως,
673 910 836 979 φησιν
859 951 873 973 ,
900 908 990 960 ἐπὶ
1028 907 1126 977 τὴν
1161 904 1490 973 ἐπαγγελίαν
1523 904 1659 975 πρὸς
1685 902 1776 956 τὸν

197 1004 334 1056 Θεὸν
357 1000 507 1055 κινοῦ
529 1040 543 1065 ,
578 1000 666 1052 ἵνα
716 999 790 1070 μὴ
834 998 933 1068 τῆς
965 997 1151 1068 χρείας
1195 1012 1253 1048 σε
1284 994 1559 1059 πολλάκις,
1608 994 1641 1065 ἥ
1677 994 1777 1064 τῆς

196 1091 296 1146 τοῦ
324 1091 567 1155 πλείονος
592 1089 883 1160 ἐπιθυμίας
905 1088 1148 1159 ἐλοῦσης,
1190 1086 1331 1159 ἄρξῃ
1359 1088 1656 1156 μετανοεῖν.
1685 1086 1778 1138 καὶ

199 1185 434 1256 ὑϐρίσῃς
458 1184 608 1247 Θεὸν,
645 1182 985 1252 προτιμήσας
1019 1178 1183 1232 αὑτοῦ
1206 1179 1391 1250 ἕτερον
1416 1197 1428 1209 ’
1470 1181 1503 1250 ἡ
1545 1178 1637 1231 ἐπὶ
1665 1180 1778 1240 τοῖς

196 1262 429 1344 ἀγαθοῖς
480 1275 537 1328 δὲ
592 1276 868 1345 μετάνοια,
917 1272 977 1323 οὐ
1025 1270 1255 1334 δικαίοις
1290 1269 1610 1341 συμϐαίνει,
1643 1268 1778 1323 ἀλλά

197 1369 409 1430 ἀδίκοις
434 1384 448 1397 ·
478 1367 651 1420 ἀδικοι
684 1365 739 1418 δὲ
780 1364 940 1435 μηδὲν
973 1362 1389 1433 ἀπερισκέπτως
1419 1360 1775 1430 ὑπισχνείτω-

200 1477 302 1513 σαν
332 1459 410 1529 τῷ
441 1457 559 1529 Θεῷ
578 1476 591 1490 ο
627 1457 763 1528 μετὰ
794 1457 902 1527 γὰρ
930 1455 991 1508 τὸ
1025 1454 1301 1521 εὔξασθαι,
1335 1455 1611 1524 μετανοεῖν
1634 1452 1778 1520 γίνε-

197 1548 466 1603 ται.-Τὸ
488 1550 620 1619 ταχὺ
650 1547 1010 1614 συντάξασθαι
1032 1546 1111 1617 τῷ
1147 1545 1337 1616 Κυρίῳ
1358 1585 1374 1609 ,
1408 1544 1543 1614 ὅπερ
1571 1543 1688 1596 ἐστὶ
1715 1544 1777 1597 τὸ

198 1641 429 1707 ἁγιάσαι
458 1656 511 1692 τι
542 1639 648 1693 τῶν
678 1638 844 1693 αὑτοῦ
865 1680 879 1703 ,
907 1640 999 1691 καὶ
1041 1639 1134 1691 ἐπὶ
1173 1636 1347 1707 τούτῳ
1385 1635 1575 1688 θᾶττον
1617 1652 1778 1707 μετα-

201 1733 537 1806 μεληθῆναι,
569 1732 735 1801 παγίς
769 1734 881 1785 ἐστι
908 1730 986 1801 τῷ
1023 1730 1195 1801 ἀνδρί.

274 1827 576 1896 Λικμήτωρ
629 1823 837 1878 ἀσεϐῶν
863 1825 891 1876 6
922 1823 1156 1894 Χριστός
1204 1823 1380 1874 ἐστιν·
1430 1821 1679 1877 ὲπιϐαλεῖ
1719 1822 1776 1876 δὲ

1878 633 1998 690 qua:
2042 633 2163 673 cum
2204 623 2396 669 natura
2428 616 2741 679 comparata
2783 606 2857 661 sit
2893 604 2962 659 ad
3010 612 3158 657 recte
3187 602 3252 657 de
3284 601 3444 655 rebus

1870 708 2239 780 judicandum,
2273 705 2514 760 declinat
2541 710 2723 756 tamen
2759 695 2914 752 liberi
2943 693 3154 749 arbitrii
3180 691 3444 762 pondere,

1877 810 2096 873 propter
2121 798 2432 853 affectiones
2470 802 2563 849 aut
2596 791 2900 862 pecuniam.

1951 894 1999 927 ¹¹¹
2035 892 2112 947 Νε
2153 890 2413 952 festines,
2462 885 2678 956 inquit,
2724 880 3043 952 promittere
3075 877 3340 943 Domino;
3378 890 3445 929 ne

1877 989 2021 1043 forte
2060 995 2111 1039 te
2136 998 2234 1038 usu
2266 995 2445 1036 rerum
2479 978 2659 1048 aliquo
2679 1017 2696 1043 ,
2740 985 2799 1031 ut
2828 976 2918 1041 lit,
2944 974 3029 1029 vel
3058 972 3265 1041 majore
3293 969 3449 1037 cupi-

1878 1081 2043 1135 ditate
2072 1072 2621 1142 trabente,pcenitere
2650 1064 2882 1138 incipias
2900 1108 2916 1133 ,
2943 1067 3157 1134 Deoque
3192 1062 3457 1132 iniuriam.

1877 1170 2073 1233 facias,
2108 1166 2328 1238 praelato
2361 1162 2487 1217 alio.
2517 1160 2782 1217 Caeterum
2824 1160 2984 1216 bonis
3007 1158 3140 1212 viris
3180 1154 3450 1226 paeniten—

1880 1263 1953 1317 tia
1985 1277 2088 1314 non
2117 1256 2333 1321 accidit,
2362 1254 2455 1311 sed
2487 1254 2668 1323 potius
2698 1268 2803 1307 non
2824 1248 3227 1319 justis.lnjusti
3264 1247 3448 1315 itaque

1876 1359 2100 1407 caveant
2141 1364 2209 1403 ne
2262 1344 2393 1415 quid
2442 1343 2844 1399 inconsiderate
2902 1339 3253 1410 promittant;
3322 1350 3455 1389 nam-

1877 1452 2061 1499 votum
2088 1439 2402 1512 paenitentia
2420 1435 2790 1504 subsequitur.
2806 1430 3076 1486 —-Subito
3106 1442 3302 1483 vovere
3315 1428 3446 1491 Deo,

1878 1536 1932 1591 id
1958 1544 2041 1590 est
2070 1534 2118 1589 ei
2142 1530 2343 1601 aliquid
2376 1543 2594 1585 suorum
2627 1536 2979 1589 consecrare,
3010 1529 3067 1577 et
3099 1535 3224 1576 mox
3259 1518 3450 1574 celeri-.-

1880 1637 1963 1685 ter
1985 1627 2061 1683 rei
2084 1625 2349 1697 poenitere
2370 1663 2387 1690 ,
2413 1623 2639 1692 laqueus
2671 1619 2788 1673 viro
2813 1616 2892 1672 tit.

1950 1801 2253 1858 Ventilator
2287 1796 2577 1869 impiorum
2608 1792 2865 1851 Christus
2896 1801 3023 1858 est;
3053 1791 3211 1861 isque
3250 1788 3463 1857 impios

198 1915 317 1975 τοῖς
350 1880 601 1964 ἀσεϐέσιν
635 1911 823 1983 ὥσπερ
843 1880 986 1963 λέων
1014 1880 1185 1982 θήρας
1205 1927 1218 1940 ·
1252 1910 1444 1981 τροχὸς
1475 1911 1552 1976 δὲ,
1580 1910 1782 1975 ἅλωνος

1907 1895 2210 1965 nsequitur,
2235 1899 2296 1947 ut
2333 1890 2419 1946 leo
2450 1890 2616 1944 feras.
2642 1886 2782 1942 Rota
2828 1885 2882 1939 in
2913 1900 3041 1941 area
3082 1881 3265 1953 paleas
3290 1895 3321 1933 a
3352 1880 3451 1932 tri-

200 2000 456 2073 χωρίζων
478 2000 550 2054 τά
579 2001 757 2071 ἄχυρα
781 2001 889 2054 ἀπὸ
914 2000 1007 2053 τοῦ
1032 2000 1179 2054 σίτου
1204 2019 1215 2030 ·
1253 2002 1287 2074 ἢ
1322 2001 1513 2072 τροχὸν
1538 2002 1786 2055 ὲπιϐαλεῖ

202 2094 304 2163 τὴν
332 2091 691 2145 ἀναπόδιστον
714 2092 1006 2163 τιμωρίαν.

277 2185 513 2255 Ταμιεῖα
545 2184 751 2246 κοιλίας
779 2184 926 2237 ἐστὶν
953 2185 981 2236 6
1005 2181 1149 2249 νοῦς,
1172 2186 1207 2255 ἡ
1234 2186 1448 2257 καρδία,
1467 2187 1561 2239 καὶ
1593 2189 1625 2257 ἡ
1647 2185 1787 2255 γνῶ-

207 2293 315 2341 σις,
346 2275 474 2329 ἔνθα
499 2276 676 2330 πάντα
700 2275 769 2329 τά
802 2276 919 2330 θεῖά
950 2294 1007 2328 τε
1040 2277 1133 2330 καὶ
1174 2277 1346 2348 ἀσεϐῆ
1380 2278 1783 2332 ἐναποτίθενται

201 2368 515 2438 διδάγματα
536 2385 551 2398 ·
581 2366 772 2440 ὥσπερ
811 2368 867 2421 δέ
897 2385 981 2432 τις
1008 2368 1200 2439 λύχνον
1226 2368 1388 2439 ἅψας,
1437 2369 1545 2424 τῶν
1584 2372 1642 2423 ὲν
1675 2372 1785 2434 τοῖς

203 2460 479 2529 ταμιείοις
509 2462 776 2530 κειμένων
801 2462 981 2531 εὑρεῖν
1014 2478 1066 2513 τι
1114 2459 1384 2530 βούλεται,
1419 2460 1589 2525 οὕτως
1611 2462 1639 2513 ὁ
1676 2461 1788 2515 Κύ-

208 2571 327 2623 ριος
352 2552 430 2623 τῷ
458 2554 596 2622 φωτὶ
625 2553 727 2622 τῆς
760 2552 1013 2622 γνώσεως
1036 2553 1202 2607 αὐτοῦ
1238 2555 1432 2625 ἐρευνᾷ
1473 2553 1540 2607 τά
1568 2557 1787 2625 ταμιεῖα

202 2646 318 2699 τῶν
347 2648 405 2698 ὲν
438 2646 615 2715 λόγοις
646 2647 739 2700 καὶ
774 2645 1035 2719 πράξεσιν
1074 2645 1404 2718 ἀνθρώπων·
1432 2649 1545 2710 τοῖς
1589 2647 1645 2701 δὲ
1689 2649 1787 2720 τὴν

203 2736 411 2806 γνῶσιν
462 2737 555 2790 τοῦ
619 2736 826 2809 Κυρίου
873 2737 1257 2808 ἐπισταμένοις
1304 2736 1628 2809 ἀνθρώποις,
1674 2738 1788 2808 φῶς

203 2832 357 2886 ἔστιν
384 2834 566 2896 αὐτοῖς
588 2850 601 2863 ·
651 2835 700 2886 εί
748 2828 839 2886 οῦν
868 2832 931 2885 τὸ
976 2832 1092 2901 φῶς
1119 2830 1212 2885 τοῦ
1248 2830 1473 2903 Κυρίου,
1518 2834 1550 2904 ἠ
1588 2831 1788 2900 γνῶσις

203 2926 304 2980 τοῦ
332 2926 543 2997 Κυρίου
571 2927 708 2990 ἐστὶ,
738 2926 799 2979 τὸ
824 2926 880 2979 δὲ
908 2925 1024 2996 φῶς
1056 2924 1150 2978 τοῦ
1199 2925 1407 2997 Κυρίου
1449 2926 1483 2995 ὴ
1513 2922 1648 2995 πνοὴ
1682 2923 1789 2977 τῶν

202 3017 539 3089 ἀνθρώπων,
575 3016 682 3089 ἀρα
728 3019 762 3088 ἡ
805 3018 1005 3086 γνῶσις
1036 3017 1130 3070 τοῦ
1161 3017 1366 3088 Κυρίου
1392 3017 1526 3087 πνοὴ
1565 3015 1671 3069 τῶν
1698 3016 1791 3069 ἀν-

205 3109 451 3181 θμῦταυν
474 3111 589 3163 ἐστί
610 3127 624 3140 ·
678 3111 769 3163 τὸν
798 3110 855 3163 δὲ
885 3112 942 3165 ὲν
971 3110 1162 3181 ἀγνοίᾳ
1191 3110 1433 3163 διάϐολον
1463 3109 1673 3178 φαίνειν
1702 3108 1790 3161 δο-

208 3201 438 3267 κοῦντα,
470 3201 659 3272 λύχνον
704 3202 986 3273 ὠνόμασεν
1024 3201 1353 3255 ὲκκενοῦντα
1403 3200 1496 3253 τὸν
1532 3200 1656 3253 νοῦν
1684 3199 1792 3253 τῶν
1818 3232 1860 3291 C

208 3292 435 3360 ἀγαθῶν
464 3292 738 3361 γνὼσεων,
769 3293 861 3346 καὶ
892 3290 1495 3363 μετασχηματιζόμενον
1527 3294 1606 3354 είς
1626 3291 1788 3359 ἀγγε-

208 3384 304 3436 λον
334 3384 511 3452 φωτός
531 3400 545 3413 ’
585 3385 707 3437 ἐπεὶ
729 3383 786 3437 δὲ
819 3383 879 3436 τὸ
916 3382 1031 3453 φῶς
1054 3381 1147 3434 τοῦ
1180 3380 1406 3452 Κυρίου,
1436 3380 1533 3450 οὐχ
1576 3379 1787 3432 εἵλαντο

210 3477 417 3545 γνῶναι
468 3476 586 3529 οὐδὲ
621 3475 946 3545 πορεύεσθαι
980 3475 1035 3526 ὲν
1069 3472 1237 3543 αὐτῷ,
1291 3472 1389 3543 τὴν
1447 3471 1665 3540 ἄγνοιαν
1711 3472 1786 3535 ὡς

213 3567 333 3636 φῶς
364 3567 667 3636 ἐλογίζοντο
694 3569 741 3620 οί
765 3565 978 3628 ἀσεϐεῖς
996 3581 1010 3594 ·
1043 3565 1091 3616 εἰ
1118 3563 1173 3616 δὲ
1200 3563 1299 3633 τὴν
1324 3563 1543 3631 ἄγνοιαν
1571 3562 1645 3624 ὠς
1671 3560 1787 3630 φῶς

215 3654 385 3727 εἶχον,
409 3657 649 3729 δηλονότι
684 3657 777 3711 καὶ
807 3656 875 3709 τά
904 3656 1039 3727 ἔργα
1066 3652 1160 3706 τοῦ
1185 3652 1284 3722 τῆς
1320 3652 1538 3721 ἀγνοίας
1562 3655 1786 3724 ἐφευρε-

214 3750 312 3804 τοῦ
346 3749 589 3803 διαϐόλου
617 3749 879 3821 ἔπραττον
904 3764 917 3777 ·
959 3749 1006 3800 οἱ
1045 3746 1100 3798 δὲ
1127 3747 1192 3815 τῇ
1226 3744 1415 3815 ἀγνοίᾳ
1448 3744 1609 3797 αὐτοῦ
1650 3762 1787 3815 συμ-

217 3841 597 3914 πορευθέντες,
637 3841 732 3892 σὺν
784 3838 931 3909 αὐτῷ
962 3838 1173 3891 ἔσονται
1207 3837 1285 3897 είς
1314 3834 1514 3899 αίῶνας
1547 3834 1784 3889 αἰώνων·

214 3935 269 3987 οἱ
294 3934 353 3988 δὲ
378 3938 443 4006 τῇ
473 3933 669 4003 γνώσει
699 3931 793 3985 τοῦ
816 3931 1043 4003 Κυρίου,
1076 3931 1173 3984 σὺν
1195 3929 1273 4001 τῷ
1298 3929 1506 3999 Κυρίῳ.

1886 1988 1992 2045 tico
2021 2000 2332 2042 secernens.
2365 1983 2462 2041 Vel
2506 1993 2680 2038 rotam
2720 1980 2998 2045 immittet,
3028 1979 3083 2034 id
3112 1984 3196 2032 est
3228 1989 3463 2046 poenam.

1885 2078 2320 2137 irrevocabilem.

1959 2173 2002 2204 ¹⁶
2029 2171 2249 2226 Ventris
2295 2165 2668 2236 receptacula'
2703 2162 2949 2233 intellige
3001 2170 3275 2224 mentem,
3335 2172 3463 2222 cor,

1886 2265 2189 2330 scientiam,
2229 2263 2320 2317 ubi
2351 2274 2543 2317 omnes
2566 2258 2728 2315 simul
2758 2258 2953 2313 divinae
2967 2266 3022 2311 et
3046 2255 3222 2325 impiae
3252 2253 3458 2308 doctri-

1888 2376 1969 2416 nae
1997 2366 2357 2429 reponuntur.
2389 2356 2468 2410 Ac
2496 2354 2662 2408 veluti
2707 2353 2907 2423 aliquis
2950 2350 3227 2406 lucernam
3264 2361 3465 2402 accen-

1886 2453 1980 2515 dit,
2011 2448 2253 2521 reperire
2281 2445 2483 2515 aliquid
2507 2444 2560 2498 in
2592 2440 2950 2513 receptaculis
2975 2440 3211 2509 positum
3238 2436 3450 2501 volens;

1888 2543 1962 2599 ita
1986 2540 2247 2596 Dominus
2275 2537 2519 2593 scientia:
2546 2549 2657 2589 sua:
2681 2533 2882 2588 lumine
2908 2536 3182 2587 scrutatur
3209 2536 3457 2598 recepta-

1887 2633 2007 2690 cula
2054 2633 2415 2687 humanorum
2462 2626 2756 2680 verborum
2802 2630 2860 2679 et
2906 2636 3153 2692 operum.
3202 2621 3456 2674 Attamen

1888 2721 2212 2780 habentibus
2253 2715 2531 2774 scientiam
2569 2713 2782 2769 Domini
2834 2713 3167 2780 hominibus,
3202 2710 3296 2765 lux
3333 2708 3460 2765 inde

1888 2816 2153 2872 oboritur.
2182 2812 2244 2867 Si
2269 2824 2398 2881 ergo
2420 2810 2517 2864 lux
2554 2806 2792 2870 Domini,
2827 2804 3057 2859 scicntia
3099 2801 3312 2858 Domini
3351 2808 3458 2866 est,

1888 2908 1981 2962 lux
2032 2915 2213 2961 autem
2252 2902 2467 2957 Domini
2522 2896 2785 2968 aspiratio
2826 2896 2956 2950 vita;
3003 2904 3088 2950 est
3129 2892 3457 2955 hominibus,

1890 3000 2075 3068 utique
2114 2997 2338 3052 scientia
2374 2994 2585 3050 Domini
2627 2990 2888 3060 aspiratio
2936 2988 3117 3042 vitalis
3153 2984 3460 3040 hominibus

1891 3100 1991 3145 est.
2021 3091 2092 3145 At
2124 3104 2253 3144 vero
2286 3089 2581 3155 diabolum,
2606 3088 2698 3157 qui
2739 3086 2789 3140 in
2822 3081 3039 3138 inscitia
3071 3093 3337 3150 apparere
3371 3077 3461 3132 vi-

1893 3182 2074 3247 detur,
2116 3180 2398 3236 lucernam
2426 3179 2719 3250 appellavit
2753 3190 2875 3245 qua:
2901 3181 3140 3228 mentem
3173 3169 3331 3225 bonis
3365 3182 3464 3223 no-

1894 3273 2132 3329 tionibus
2160 3280 2412 3340 evacuat,
2448 3287 2551 3327 nec
2589 3286 2697 3325 non
2733 3266 3176 3335 transﬁguratum
3216 3263 3268 3317 in
3299 3276 3462 3331 ange-

1892 3367 2004 3422 lum
2023 3366 2180 3421 lucis.
2218 3364 2357 3432 Quia
2390 3380 2519 3420 vero
2546 3364 2720 3419 lucem
2740 3361 2955 3416 Domini
2986 3359 3277 3414 noluerunt
3298 3371 3466 3425 agno-

1896 3473 2070 3524 scere,
2101 3458 2349 3527 nequein
2384 3471 2446 3511 ea
2478 3455 2779 3521 ambulare,
2822 3452 3094 3508 inscitiam
3125 3448 3261 3503 lucis
3292 3449 3466 3501 instar

1891 3551 2298 3604 aestimaverunt
2345 3547 2519 3617 impii.
2563 3545 2714 3611 Quod
2757 3544 2802 3598 si
2833 3542 3126 3611 inscitiam
3174 3538 3311 3593 lucis
3344 3536 3467 3590 loco

1894 3643 2218 3707 habuerunt,
2248 3641 2435 3710 utique
2457 3648 2512 3694 et
2537 3652 2700 3708 opera
2728 3634 2869 3704 ejus,
2894 3636 2987 3705 qui
3014 3637 3265 3689 inventor
3297 3628 3475 3684 insci-

1895 3736 1981 3789 tiae
1997 3742 2084 3790 est
2114 3734 2342 3799 diaboli,
2368 3732 2656 3787 faciebant.
2688 3727 2975 3798 Reliquum
3002 3742 3130 3797 ergo
3156 3734 3263 3791 est,
3296 3732 3354 3777 ut
3376 3724 3468 3792 qui

1894 3842 2019 3882 cum
2070 3826 2285 3881 inscitia
2327 3825 2473 3880 illius
2514 3825 2617 3880 iter
2658 3824 2925 3889 fecerunt,
2963 3838 3087 3878 cum
3126 3819 3314 3874 eodem
3361 3816 3476 3868 sint:

1896 3932 1997 3988 per
2024 3916 2226 3972 saecula
2258 3917 2580 3972 saeculorum
2620 3932 2633 3968 :
2669 3916 2763 3987 qui
2787 3930 2914 3971 vero
2950 3927 3072 3970 cum
3107 3906 3335 3966 scientia
3360 3903 3473 3959 Do-

1899 4010 2053 4073 mini.
2075 4024 2198 4064 cum
2224 4009 2452 4064 Domino
2480 4007 2612 4063 sint.

1681 4102 1838 4159 CAP.
1878 4103 2020 4158 XXI.

305 4202 587 4256 Ἐκϐἀλλει
638 4201 698 4254 τὸ
747 4200 909 4272 ρητδν
958 4199 1115 4254 τοῦτο
1156 4201 1255 4272 τὴν
1297 4200 1385 4254 διὰ
1427 4200 1533 4254 τῶν
1587 4198 1794 4267 ἀλόγων

221 4292 379 4357 ζώων
404 4292 593 4345 θυσίαν
614 4308 627 4321 °
657 4292 815 4345 θυσία
844 4291 948 4362 γὰρ
974 4291 1049 4361 τῷ
1078 4291 1197 4361 Θεῷ
1232 4291 1446 4362 πνεῦμα
1476 4308 1798 4361 συντετριμ-

270 4386 410 4438 ἑνον.

270 4405 410 4438 Ξνσν.

224 4405 264 4457 μ
298 4471 361 4523 ΕΞ
393 4469 531 4537 ἀγνά
563 4471 657 4523 καὶ
697 4470 833 4540 όρθά
875 4471 1011 4542 ἔργα
1049 4471 1273 4543 Κυρίου,
1307 4470 1364 4523 ἓν
1396 4471 1453 4523 δὲ
1484 4470 1591 4524 τῶν
1624 4471 1799 4543 ἔργων

223 4563 394 4618 αὐτοῦ
422 4565 648 4617 ἐστικαὶ
678 4565 707 4616 6
738 4564 881 4627 νοῦς,
917 4562 1074 4633 ὀρθὸς
1110 4563 1216 4634 ἀρα
1236 4563 1459 4633 ἐκτίσθη
1507 4564 1599 4616 καὶ
1636 4562 1799 4630 ἀγνὸς

1977 4199 2020 4232 ¹⁷
2046 4199 2299 4256 Excludit
2328 4198 2545 4254 eﬂ'atum
2576 4197 2680 4252 hoc
2709 4191 3112 4249 irrationalium
3141 4188 3473 4244 animalium

1905 4292 2253 4347 sacriﬁcium.
2282 4289 2416 4345 Nam
2432 4290 2762 4345 sacriﬁcium
2786 4286 2899 4342 Deo
2927 4283 3152 4354 spiritus
3181 4279 3470 4337 contritus.

1979 4384 2023 4415 ¹⁸
2047 4383 2103 4437 Si
2136 4392 2324 4439 sancta
2351 4394 2406 4437 et
2435 4393 2585 4437 recta
2640 4390 2766 4437 sunt
2807 4395 2971 4450 Opera
3022 4375 3268 4439 Domini;
3304 4386 3471 4427 unum

1906 4488 2038 4529 vero
2068 4489 2137 4528 ex
2176 4472 2434 4543 operibus
2464 4473 2579 4540 ejus
2609 4481 2694 4527 est
2737 4472 2905 4526 etiam
2943 4484 3131 4532 mens;
3161 4479 3289 4535 ergo
3325 4472 3480 4515 recta

1905 4574 2086 4619 creata
2119 4574 2201 4618 est
2233 4574 2286 4618 ει.
2315 4574 2507 4618 sancta
2543 4578 2572 4616 a
2606 4562 2717 4617 Ι)εο
2748 4576 2922 4625 mens,
2947 4573 3107 4629 quam
3142 4572 3241 4611 nos
3275 4563 3482 4608 rectam

223 4654 381 4727 παρά
406 4653 501 4706 τοῦ
528 4652 661 4707 Θεοῦ
684 4657 712 4707 ό
736 4652 876 4718 νοῦς,
902 4631 995 4707 καὶ
1021 4631 1178 4722 ὀρθὸν
1199 4631 1480 4723 ὀφείλομεν
1507 4653 1790 4722 διαφυλάτ-

1904 4670 2231 4712 conservare
2259 4657 2515 4711 debemus
2548 4670 2678 4725 erga
2712 4654 2914 4724 ipsum,
2940 4660 3133 4706 contra
3171 4646 3479 4718 ingruentia

220 4764 341 4801 τειν
364 4746 527 4799 αὐτὸν
554 4746 692 4817 πρὸς
716 4746 877 4799 αὑτὸν
900 4748 963 4798 ὲκ
978 4746 1085 4799 τῶν
1102 4745 1483 4817 ἐπερχομένων
1506 4747 1635 4815 ἡμῖν
1652 4745 1804 4813 παρὰ

222 4838 322 4892 τοῦ
360 4838 599 4910 πονηροῦ
631 4838 841 4893 κακῶν.

296 4932 406 4986 Τὸν
439 4928 585 4985 οἶκον
614 4933 704 4985 τὸν
732 4933 1119 5004 κεκονιαμένον
1156 4931 1250 4985 καὶ
1296 4931 1493 4993 κοινὸν,
1539 4933 1605 5001 τῇ
1650 4930 1808 4982 ὑπαί-

225 5029 347 5098 θρῳ
372 5026 547 5097 γωνία
588 5025 927 5080 ἀντέθεικεν·
962 5026 1011 5077 εί
1046 5024 1103 5077 δὲ
1128 5027 1156 5076 6
1185 5020 1331 5085 οἶκος
1365 5024 1393 5075 6
1426 5021 1808 5092 κεκονιαμένος

226 5122 326 5176 καὶ
349 5120 546 5185 κοινὸς,
582 5121 614 5190 ἡ
644 5118 810 5172 κακία
836 5118 1003 5179 ἐστὶν,
1038 5119 1071 5187 ἡ
1093 5115 1357 5187 ὕπαιθρος
1377 5114 1546 5183 γωνία
1573 5117 1605 5184 ἡ
1638 5114 1808 5184 ἀρετή

224 5215 379 5267 ἐστιν
452 5213 622 5281 γωνία
648 5212 826 5266 τοίνυν
855 5208 1117 5281 ὖπαιθρός
1144 5211 1311 5269 ἐστιν,
1357 5206 1553 5278 πρᾶξις
1581 5203 1812 5275 θεωρίας

222 5307 604 5376 ἐφαπτομένη,
634 5306 729 5359 καὶ
758 5301 1099 5374 φωτιζομένη
1131 5301 1235 5354 ὑπὸ
1280 5299 1374 5353 τοῦ
1402 5299 1502 5369 τῆς
1543 5296 1815 5350 δικαιοσύ-

222 5416 322 5468 νης
350 5397 505 5468 ἡλίου
523 5414 537 5427 ο
574 5396 754 5459 καλῶς
787 5395 844 5448 δὲ
874 5395 967 5447 καὶ
989 5397 1017 5447 6
1047 5392 1258 5457 Παῦλος
1283 5392 1374 5446 τὸν
1412 5387 1671 5461 ἀρχιερέα
1702 5387 1813 5441 τῶν

234 5489 528 5553 Ἰουδαίων,
544 5492 718 5559 τοῖχον
741 5482 865 5539 εἶπε
888 5485 1269 5556 κεκονιαμένον
1281 5482 1687 5553 τυφθησόμενον
1703 5480 1815 5551 (12)

221 5580 334 5635 ὑπὸ
362 5579 455 5633 τοῦ
485 5579 618 5632 Θεοῦ
638 5595 652 5608 ·
687 5578 783 5631 καὶ
809 5578 838 5630 6
868 5578 1058 5648 Σωτὴρ
1078 5580 1134 5629 ὲν
1168 5573 1519 5644 Εὑαγγελίοις
1554 5574 1676 5635 τοὺς
1709 5574 1818 5626 Φα-

224 5672 497 5742 ρισαίους,
526 5671 731 5738 τάφους
763 5666 884 5722 εἶπε
928 5670 1379 5739 κεκονιαμένους·
1419 5661 1477 5719 εὖ
1520 5665 1576 5717 δὲ
1619 5664 1713 5717 καὶ
1752 5663 1813 5715 τὸ

1905 4745 2067 4801 nobis
2092 4762 2123 4800 a
2149 4746 2364 4801 diabolo
2395 4746 2557 4800 mala.

1980 4839 2023 4869 "
2046 4838 2274 4893 Domum
2309 4839 2459 4893 calce
2487 4838 2643 4892 litam
2686 4843 2741 4890 et
2767 4846 3107 4889 communem
3147 4830 3488 4901 comparavit

1909 4931 2109 5001 angulo
2132 4930 2381 4985 subdiali.
2406 4930 2525 4985 Iam
2553 4929 2600 4983 si
2624 4928 2817 4983 domus
2854 4925 3006 4980 calce
3032 4923 3125 4977 lita
3155 4932 3210 4978 et
3237 4937 3488 4977 commu-

1909 5023 2015 5089 nis,
2047 5022 2289 5091 nequitia
2332 5020 2697 5091 intelligitur;
2721 5019 2908 5087 utique
2943 5015 3173 5085 angulus
3200 5013 3486 5079 subdialis,

1909 5111 2085 5165 virtus
2115 5119 2219 5165 est.
2250 5110 2492 5180 Angulus
2523 5110 2788 5165 subdialis
2814 5109 2981 5179 igitur
3008 5114 3093 5161 est
3132 5113 3283 5159 actus
3311 5102 3486 5156 medi—

1914 5202 2120 5256 tatione
2164 5216 2446 5264 accensus,
2495 5209 2549 5253 et
2598 5214 2629 5252 a
2686 5197 2801 5252 sole
2848 5195 3076 5266 iustitiae
3124 5191 3481 5248 illuminatus.

1914 5294 2143 5364 Egregie
2185 5308 2316 5349 vero
2349 5293 2512 5347 etiam
2561 5290 2763 5347 Paulus
2804 5286 3116 5359 pontiﬁcem
3174 5283 3486 5339 .ludzeorum

1915 5388 2177 5457 parietem
2209 5387 2358 5442 calce
2386 5388 2543 5441 litum
2568 5399 2663 5440 seu
2689 5382 2997 5439 dealbatum
3033 5376 3324 5448 appellavit
3344 5374 3412 5439 ⁸⁸,
3433 5383 3489 5427 et

1918 5494 1949 5531 a
2007 5477 2119 5532 Deo
2167 5479 2603 5548 percutiendum.
2639 5476 2707 5530 Et
2754 5474 3016 5531 Dominus
3074 5470 3129 5524 in
3186 5468 3490 5538 Evangeliis

1920 5568 2224 5625 Pharisaeos
2274 5570 2416 5625 dixit
2459 5570 2709 5641 sepulcra
2745 5566 2997 5623 dealbata
3017 5557 3489 5615 “'“.Beneetiam

1922 5677 2087 5733 super
2110 5662 2314 5734 angulo
2337 5662 2496 5729 dixit,
2535 5661 2623 5716 ubi
2660 5660 2800 5729 lapis
2830 5659 3048 5732 ponitur
3079 5654 3147 5711 ab
3169 5650 3486 5709 adiﬁcami-

279 5768 329 5801 "
346 5784 395 5820 v.
420 5766 512 5821 25.
591 5768 637 5800 “
662 5766 814 5820 v.27.
897 5767 938 5797 "
966 5765 1087 5819 v.5.
1156 5766 1197 5797 "
1231 5780 1279 5819 v.
1315 5764 1364 5820 8.
1419 5764 1459 5795 "
1490 5777 1537 5815 v.
1567 5760 1620 5817 9.
1662 5760 1707 5792 "
1733 5759 1851 5814 Act.
1876 5758 2100 5828 nttt,5.
2156 5761 2275 5794 ²¹ο²¹
2303 5757 2490 5815 Matth.
2515 5771 2668 5824 "In,
2694 5755 2785 5809 27.

292 5858 407 5931 (l2)
444 5860 577 5916 Cod.
616 5857 1108 5930 τυπτηθησόμινον.
