3888 6218
404 393 515 452 $15

1302 374 1867 441 SUPPLEMENTUM
1907 372 1998 426 AD
2037 366 2359 425 ORIGENIS
2395 362 2806 421 EXEGETICA.

3555 354 3663 408 2H3

405 512 509 571 huc
530 508 870 580 reprobatua,
897 504 992 575 qui
1019 511 1198 558 tamen
1222 501 1399 557 lactus
1419 511 1504 556 est
1524 506 1688 568 caput
1708 492 1892 564 anguli
1907 490 1975 555 “,

2085 488 2174 540 ἐπὶ
2198 486 2399 556 γωνίας
2429 480 2605 549 εἷπεν,
2636 479 2764 536 ἔνθα
2789 480 2819 534 6
2847 477 2994 541 λίθος
3022 476 3198 533 κεῖται
3252 474 3283 527 6
3329 472 3655 542 ἀποδοκιμα·

404 606 497 677 qui
538 612 621 660 est
651 602 904 657 Christus
939 599 1217 652 Dominus.
1251 595 1424 651 Porro
1462 592 1593 649 illud
1625 599 1708 647 est
1737 595 1979 645 commu-

405 711 494 761 ne,
524 694 667 766 quod
693 694 850 747 unice
874 690 966 746 Dei
995 705 1099 745 non
1124 697 1228 745 est.

474 874 524 908 ³⁵
553 872 745 928 Munus
790 869 1060 927 occultum
1113 868 1241 923 illud
1296 874 1380 921 est
1415 863 1559 934 quod
1600 860 1690 915 dat
1732 858 1977 919 dextera,

404 978 459 1023 et
486 982 515 1020 a
552 967 776 1020 sinistra
826 964 1133 1034 ignoratur.
1164 960 1427 1016 Furorem
1468 963 1659 1012 contra
1705 964 1765 1006 se
1816 947 1987 1003 vehe-

406 1070 640 1116 mentem
664 1058 720 1112 in
756 1058 846 1112 die
871 1055 1058 1123 judicii
1090 1055 1352 1120 concitat,
1382 1051 1474 1123 qui
1504 1049 1744 1105 tribuere
1764 1039 1983 1113 egenti-

404 1156 505 1210 bus
528 1166 751 1207 munera
783 1148 984 1219 parcit.

475 1248 523 1279 ”
543 1243 911 1315 Congregatio
943 1239 1221 1311 gigantum
1252 1241 1337 1288 est
1369 1229 1611 1302 nequitia
1640 1239 1695 1286 et
1731 1226 1972 1283 inscitia.

403 1337 662 1405 Gigantes
698 1348 830 1390 vero
850 1342 978 1387 sunt
1003 1331 1295 1384 daemones.
1322 1324 1378 1378 ld
1412 1321 1735 1389 est,magnis
1763 1321 1815 1375 in
1851 1333 1977 1388 pee-

403 1426 541 1481 eatis
569 1424 792 1494 jacebit,
817 1422 910 1493 qui
936 1421 1002 1475 de
1028 1419 1111 1472 via
1145 1415 1370 1485 iustitiae
1407 1414 1651 1469 aberrat.

472 1600 518 1633 ²⁶
545 1600 677 1654 Sine
701 1597 927 1668 conjuge
949 1600 1513 1662 praestatesse,quam
1542 1588 1636 1643 tali
1665 1587 1972 1643 convivere.

407 1691 571 1746 David
587 1703 801 1761 quoque
822 1687 901 1743 ait
920 1704 932 1741 ε
951 1684 1016 1739 1η
1038 1696 1177 1738 terra
1200 1686 1403 1737 deserta
1415 1691 1459 1735 et
1475 1681 1613 1734 invia
1634 1679 1974 1747 etinaquosa,

402 1784 481 1838 sic
514 1784 570 1837 in
617 1791 797 1836 sancto
833 1780 1056 1848 apparui
1089 1775 1182 1830 tibi
1203 1775 1271 1830 ’⁷.
1309 1773 1529 1828 Deserta
1586 1772 1751 1839 igitur
1802 1780 1973 1834 terra,

2083 578 2231 640 σθεὶς
2259 575 2363 630 ὑπὸ
2393 575 2501 630 τῶν
2523 573 2840 643 οἰκοδόμων,
2874 570 2969 624 καὶ
2992 568 3282 639 γενόμενος
3318 562 3527 635 κεφαλὴ
3555 581 3665 631 γω-

2082 670 2223 735 νίας,
2256 670 2316 734 ὄς
2348 670 2465 721 ἐστι
2497 664 2732 739 Χριστός
2751 680 2764 694 ·
2800 661 2977 716 κοινὸν
2993 659 3049 713 δέ
3071 661 3238 723 ἐστιν,
3273 656 3301 710 6
3329 656 3404 729 μὴ
3421 655 3514 709 τοῦ
3543 654 3664 717 ἐνός

2080 762 2196 812 ἐστι
2231 757 2385 813 Θεοῦ.

2148 850 2309 913 Δόσις
2333 848 2555 921 λάθριός
2584 850 2754 910 ἐστιν,
2788 845 2817 900 6
2856 844 3004 898 ποιεῖ
3031 844 3064 913 ἡ
3100 837 3271 906 δεξιὰ,
3305 837 3379 909 μὴ
3405 836 3664 907 γινώσκει

2079 942 2193 1013 δέή
2224 939 2493 1011 ἀριστερά
2512 955 2525 969 ο
2561 937 2732 1008 θυμὸν
2766 934 2971 1005 ἐγείρει
3001 932 3122 985 κατ’
3163 928 3327 983 αὐτοῦ
3357 925 3574 997 ἰσχυρὸν
3602 926 3666 978 ἐν

2077 1036 2145 1105 τῇ
2181 1032 2365 1104 ἡμέρᾳ
2386 1030 2484 1100 τῆς
2514 1030 2771 1102 κρίσεως,
2798 1030 2826 1081 6
2851 1026 2959 1080 τῶν
2992 1023 3127 1095 πρὸς
3166 1023 3292 1085 τοὺς
3329 1019 3527 1081 ἐνδεεῖς
3555 1015 3662 1071 δὼ-

2080 1143 2191 1198 ρων
2226 1123 2565 1194 φειδόμενος.

2161 1218 2225 1271 Ἦ
2260 1213 2550 1285 συναγωγὴ
2577 1211 2686 1267 τῶν
2710 1211 3001 1280 γιγάντων,
3034 1209 3068 1279 ἡ
3099 1206 3265 1261 κακία
3290 1204 3439 1273 καὶὴ
3476 1202 3660 1269 ἀγνω-

2079 1311 2170 1365 σία
2210 1310 2396 1363 ἐστίν·
2452 1307 2704 1377 γίγαντες
2740 1305 2797 1357 δὲ
2843 1305 2894 1357 οἱ
2938 1301 3221 1373 δαίμονες·
3276 1296 3551 1350 τουτέστιν
3596 1295 3660 1345 ἐν

2080 1401 2343 1472 μεγάλαις
2383 1396 2676 1470 ἁμαρτίαις
2722 1393 3095 1450 ἀναπαύσεται
3138 1391 3167 1442 6
3214 1386 3559 1459 πλανώμενος
3594 1385 3661 1451 ἐξ

2075 1494 2195 1548 ὁδοῦ
2217 1490 2585 1562 δικαιοσύνης.

2160 1586 2437 1652 Ἀγύναιον
2470 1581 2605 1636 εἶναι
2633 1584 2900 1654 κρεῖττον,
2938 1577 2971 1650 ἢ
3001 1574 3227 1645 τοιαύτῃ
3252 1574 3488 1627 συνεῖναι
3511 1588 3524 1601 ⁸
3558 1570 3657 1623 καὶ

2075 1679 2104 1730 6
2126 1674 2289 1728 Δαυΐδ
2330 1688 2522 1744 φησιν’
2568 1670 2674 1724 Ἐν
2700 1668 2779 1740 τῇ
2806 1666 3002 1737 ἐρήμῳ
3037 1665 3136 1718 καὶ
3182 1660 3375 1724 ἀϐάτῳ
3407 1657 3506 1712 καὶ
3546 1658 3657 1710 ἁν-

2076 1765 2257 1833 ύδρῳ,
2298 1763 2486 1829 οὕτως
2509 1762 2579 1815 ἐν
2602 1759 2682 1826 τῷ
2722 1758 2867 1827 ἁγίῳ
2902 1755 3109 1825 ὤφθην
3132 1768 3260 1807 σοι·
3310 1750 3512 1823 ἔρημος
3542 1748 3659 1799 τοί-

407 1876 587 1928 anima
613 1880 697 1928 est
741 1872 942 1924 virtute
971 1869 1216 1938 praedita,
1246 1876 1301 1920 et
1329 1879 1449 1933 quae
1478 1862 1687 1931 priscos
1723 1860 1973 1914 homines

2085 1874 2169 1911 νυν
2195 1856 2267 1926 γῆ
2306 1857 2454 1908 ἐστιν
2483 1856 2514 1924 ή
2553 1851 2754 1923 ἀρετὴν
2787 1849 2982 1921 ἔχουσα
3009 1846 3176 1918 ψυχὴ,
3213 1845 3307 1899 καὶ
3344 1844 3418 1914 μὴ
3451 1842 3654 1911 ἔχουσα

405 1982 511 2021 non
553 1966 717 2020 habet
743 1964 1099 2023 habitatores,
1128 1961 1221 2029 qui
1261 1956 1501 2025 corrupti
1543 1961 1701 2008 erant
1728 1951 1781 2007 in
1828 1951 1973 2005 anti-

403 2060 528 2130 quis
562 2054 948 2127 cupiditatibus
978 2052 1204 2108 erroris.
1236 2052 1417 2118 Quare
1463 2062 1531 2102 ne
1571 2044 1817 2101 diabolus
1852 2044 1973 2113 qui-

404 2151 524 2202 dem
556 2145 795 2216 requiem
831 2144 884 2199 in
906 2160 969 2200 ea
1003 2143 1237 2201 invenit:
1264 2142 1529 2213 siquidem
1560 2153 1702 2207 aegre
1733 2151 1830 2206 per
1859 2137 1970 2189 ario

402 2239 502 2294 des
518 2237 667 2293 locos
691 2250 943 2307 quterens
968 2235 1227 2304 requiem,
1244 2248 1350 2287 non
1374 2230 1603 2286 invenit.
1633 2229 1752 2298 Ipse
1768 2225 1969 2297 quippe

403 2346 500 2386 rex
534 2339 618 2385 est
649 2329 890 2384 omnium
934 2329 987 2382 in
1024 2327 1182 2396 aquis
1217 2323 1546 2396 degentium,
1572 2321 1626 2376 id
1658 2329 1745 2375 est
1788 2319 1969 2375 homi-

400 2438 528 2477 mtm
542 2425 634 2492 qui
660 2423 711 2476 in
729 2422 844 2476 otio
861 2431 913 2475 et
938 2419 1293 2475 delectatione
1311 2414 1609 2471 carnalium
1632 2410 1969 2481 voluptatum

399 2521 711 2567 versantur.
732 2510 862 2566 ltem
888 2527 903 2564 :
931 2507 1221 2578 Sapientia:
1250 2505 1442 2561 aedium
1463 2513 1623 2558 tectae
1660 2511 1787 2557 sunt
1817 2514 1970 2553 man-

398 2606 599 2658 siones.
627 2602 781 2670 Quod
810 2605 855 2657 sl
892 2603 966 2655 ita
992 2612 1097 2666 εει,
1117 2611 1247 2668 ergo
1273 2596 1467 2651 mulier
1497 2595 1699 2659 rixosa,
1732 2591 1888 2647 dicax
1915 2599 1972 2645 et

398 2694 682 2756 iracunda,
727 2694 969 2764 nequitia
1015 2700 1120 2759 est,
1154 2706 1276 2760 quae
1308 2686 1757 2746 contubernalem
1811 2698 1968 2739 suum

395 2790 531 2844 facit
569 2789 810 2845 rixosum
855 2800 911 2845 et
936 2790 1179 2844 dicacem
1219 2796 1275 2842 et
1302 2784 1645 2841 iracundum.

467 2965 515 2998 ’⁸
540 2965 813 3035 Sapientia
867 2964 1078 3021 Domini
1123 2963 1427 3033 requiescet
1467 2963 1519 3016 in
1561 2960 1725 3017 corde
1750 2959 1879 3031 justi
1905 2974 1969 3016 ac

394 3057 694 3126 sapientis;
718 3056 907 3111 vesani
932 3066 1114 3111 autem
1147 3054 1395 3109 homines
1419 3051 1819 3108 calumniantur
1844 3065 1965 3107 eam

397 3160 454 3203 ut
485 3149 851 3218 pessumdent.
1821 3138 1835 3145 ’

466 3240 512 3272 ’³
544 3237 822 3308 Sapientia
875 3248 961 3294 est
1012 3238 1144 3294 urbs
1187 3235 1420 3303 munita,
1451 3236 1505 3290 in
1539 3250 1646 3307 qua
1692 3234 1968 3303 sapientes

396 3330 669 3395 habitant,
718 3340 930 3386 mentes
959 3345 1086 3386 suas
1120 3336 1414 3399 purgantes
1444 3328 1513 3384 ab
1535 3326 1680 3383 omni
1733 3327 1969 3382 elatione

396 3436 520 3489 qua:
539 3430 731 3477 contra
758 3421 852 3475 Dei
875 3420 1157 3484 scientiam
1179 3418 1481 3474 extollitur.
1509 3446 1580 3458 --
1616 3416 1850 3472 Munitas
1876 3433 1968 3470 ur-

394 3516 492 3567 bes
530 3513 661 3567 dicit
702 3512 912 3568 animas
951 3514 1393 3569 circumvallatas
1434 3520 1491 3567 et
1538 3510 1854 3581 subjugatas
1896 3509 1967 3565 ab

398 3602 579 3671 impiis
625 3602 965 3658 daemonibus
1008 3604 1366 3674 scelestisque
1399 3603 1714 3659 hominibus
1741 3602 1832 3672 qui
1869 3602 1966 3656 ad-

399 3707 589 3746 versus
611 3690 703 3747 Dei
744 3693 1024 3750 scientiam
1063 3694 1435 3749 extolluntur:
1462 3708 1692 3763 quorum
1727 3692 1965 3747 circum-

398 3782 717 3840 vallationes
762 3798 1027 3855 superans
1068 3786 1309 3856 sapiens,
1340 3794 1696 3855 apparentem
1747 3782 1964 3839 illorum

396 3877 763 3942 securitatem,
794 3877 884 3932 tali
917 3878 1179 3947 sapientia
1213 3877 1452 3933 munitus
1476 3875 1667 3932 dililat.

471 4051 516 4082 '°
540 4051 631 4119 Os,
654 4053 915 4121 linguam,
937 4063 1196 4120 mentem,
1221 4057 1379 4121 iram,
1411 4065 1467 4111 et
1490 4054 1840 4126 cupiditatem
1874 4055 1967 4124 qui

397 4142 639 4210 cohibet,
674 4145 719 4199 is
765 4146 1002 4202 animam
1042 4164 1197 4203 suam
1230 4164 1259 4202 a
1290 4148 1457 4203 futuri
1492 4148 1682 4220 judicii
1746 4146 1967 4202 tribula-

398 4237 546 4293 tione
572 4237 827 4292 custodit.

470 4327 513 4359 ’ί
539 4327 685 4383 Idem
711 4336 794 4382 est
820 4327 1035 4382 diverse
1061 4328 1437 4384 consideratus
1457 4330 1773 4401 :andax,qui
1796 4332 1968 4401 quod-

394 4420 529 4476 libet
566 4419 834 4490 intrepide
872 4421 1187 4490 aggreditur
1213 4436 1226 4473 :
1256 4418 1526 4490 ferox,qui
1563 4421 1965 4478 inconsiderate

2071 1948 2198 2010 τοὺς
2233 1944 2493 2006 παλαιοὺς
2536 1939 2854 2013 ἀνθρώπους
2890 1936 3249 1997 ἐνοικοῦντας,
3277 1933 3402 1994 τοὺς
3434 1929 3651 2000 φθειρο-

2076 2038 2268 2110 μένους
2293 2034 2434 2090 κατά
2460 2034 2559 2097 τάς
2589 2029 2825 2092 παλαιάς
2845 2026 3139 2098 ἐπιθυμίας
3168 2024 3267 2096 τῆς
3295 2023 3537 2094 ἀπάτηςο
3567 2019 3653 2073 διδ

2070 2132 2190 2186 οὐδὲ
2220 2131 2461 2201 εὑρίσκει
2497 2128 2555 2180 ἐν
2590 2126 2727 2196 αὐτῇ
2774 2124 3076 2178 ἀνάπαυσιν
3121 2122 3148 2173 6
3195 2116 3463 2179 διάϐολος·
3528 2114 3655 2181 εἴγε

2069 2221 2344 2293 δυσχερῶς
2375 2220 2443 2274 δι’
2470 2216 2713 2288 ἀνύδρων
2760 2216 2940 2269 τόπων
2981 2211 3157 2283 ζητῶν
3182 2210 3504 2269 ἀνάπαυσιν,
3552 2205 3651 2259 καὶ

2069 2314 2168 2385 ούχ
2192 2312 2464 2384 εὑρίσκει·
2506 2311 2666 2373 αὐτὸς
2696 2309 2803 2379 γὰρ
2843 2304 3094 2377 βασιλεύς
3143 2304 3259 2355 ἐστι
3294 2301 3507 2354 πάντων
3535 2298 3647 2351 τῶν

2069 2407 2130 2458 ἐν
2163 2408 2274 2470 τοῖς
2302 2404 2479 2469 ὕδασι,
2509 2401 2754 2456 τουτέστι
2786 2398 2893 2452 τῶν
2924 2401 2981 2451 ἐν
3022 2394 3325 2451 ἀναπαύσει
3364 2392 3457 2446 καὶ
3505 2391 3645 2444 ἀπο-

2069 2497 2255 2551 λαύσει
2299 2495 2575 2568 σαρκικῶν
2608 2492 2829 2565 ἡδονῶν.
2896 2490 3007 2544 Καὶ
3064 2489 3257 2543 πάλιν·
3289 2487 3400 2558 Τῆς
3454 2484 3651 2552 σοφίας

2070 2592 2290 2661 στεγναὶ
2314 2591 2370 2644 αἱ
2401 2586 2673 2661 διατριϐαὶ⁵
2692 2585 2855 2640 οἴκων
2886 2583 3053 2654 αὐτῆς
3075 2600 3090 2612 ο
3124 2583 3172 2635 εί
3214 2579 3271 2633 δὲ
3296 2578 3474 2641 τοῦτο,
3513 2579 3648 2631 οὑκ-

2068 2683 2162 2737 οῦν
2194 2684 2347 2753 καὶὴ
2378 2679 2515 2751 γυνὴ
2546 2681 2579 2750 ή
2611 2678 2847 2749 μάχιμος
2900 2676 2993 2729 καὶ
3018 2670 3341 2744 γλωσσώδης
3370 2671 3466 2724 καὶ
3491 2668 3647 2739 ὀργί-

2067 2774 2180 2838 λος,
2214 2775 2247 2844 ὴ
2281 2770 2449 2826 κακία
2489 2770 2659 2832 ἐστὶν,
2703 2768 2825 2837 ἥτις
2876 2765 2968 2818 τὸν
3020 2762 3263 2829 συζῶντα
3316 2762 3454 2832 αὐτῇ
3500 2760 3651 2814 ποιεῖ

2070 2866 2308 2937 μάχιμον
2336 2862 2429 2917 καὶ
2462 2858 2755 2931 γλωσσώδη
2786 2858 2880 2912 καὶ
2909 2856 3144 2928 ὀργίλον.

2136 2958 2306 3026 Σοφία
2362 2955 2569 3026 Κυρίου
2630 2950 3007 3006 ἀναπαύσεται
3069 2950 3126 3001 ἐν
3186 2945 3381 3017 καρδία
3432 2944 3648 2998 δικαίου

2069 3048 2235 3120 σοφοῦ
2260 3067 2273 3078 ·
2327 3047 2560 3119 ἄφρονες
2605 3043 2662 3097 δὲ
2704 3042 2896 3114 ἄνδρες
2941 3040 3312 3097 διαϐάλλουσιν
3348 3037 3518 3109 αὐτὴν
3550 3036 3647 3090 τοῦ

2070 3141 2309 3212 φθεῖραι.

2153 3234 2220 3286 'H
2254 3233 2414 3302 σοφία
2442 3231 2559 3285 ἐστὶ⁵
2593 3230 2746 3293 πόλις
2771 3227 2963 3300 ὀχυρὰ,
3003 3229 3063 3281 ἐν
3108 3218 3142 3299 ᾖ
3172 3226 3221 3279 οἱ
3277 3224 3431 3294 σοφοὶ
3463 3239 3651 3277 κατοι-

2069 3322 2246 3388 κοῦσι,
2314 3323 2605 3393 λογισμοὺς
2666 3318 3076 3391 καθαιροῦντες,
3135 3316 3231 3370 καὶ
3285 3317 3392 3369 πᾶν
3442 3313 3649 3383 ὕψωμα

2068 3417 2430 3489 ἐπαιρόμενον
2451 3414 2590 3470 κατά
2619 3414 2719 3484 τῆς
2739 3413 2992 3483 γνώσεως
3020 3409 3113 3465 τοῦ
3140 3407 3299 3464 Θεοῦ.
3329 3439 3400 3449 —
3450 3406 3646 3469 Πόλεις

2067 3509 2267 3581 ὀχυράς
2319 3524 2480 3579 φησιν
2512 3507 2607 3571 τὰς
2640 3503 3007 3577 ὀχυρωθείσας
3054 3501 3148 3554 καὶ
3206 3497 3651 3573 κατακρατηθεί-

2070 3619 2168 3665 σας
2202 3600 2378 3671 ψυχὰς
2424 3598 2529 3652 ὑπὸ
2558 3597 2666 3653 τῶν
2706 3595 2919 3651 ἀσεϐῶν
2950 3594 3218 3666 δαιμόνων
3256 3592 3349 3647 καὶ
3392 3589 3647 3663 πονηρῶν

2068 3691 2390 3765 ἀνθρώπων,
2421 3690 2529 3744 τῶν
2557 3688 2935 3760 ἐπαιρομένων
2966 3686 3109 3740 κατά
3137 3685 3237 3754 τῆς
3264 3682 3519 3752 γνώσεως
3546 3680 3643 3735 τοῦ

2068 3782 2201 3837 Θεοῦ
2221 3799 2234 3812 ο
2279 3775 2353 3835 ὧν
2383 3780 2443 3834 τὸ
2491 3781 2751 3851 ὀχύρωμα
2780 3777 2974 3840 ἐπιϐάς
3018 3779 3047 3830 6
3097 3775 3277 3844 σοφὸς,
3313 3772 3408 3825 καὶ
3434 3772 3531 3843 τὴν
3558 3771 3648 3823 δος

2068 3870 2270 3927 κοῦσαν
2298 3869 2596 3940 ἀσφάλειαν
2630 3866 2830 3933 αὐτῶν,
2865 3868 2931 3937 τῇ
2966 3864 3137 3927 οὕτως
3176 3863 3337 3933 σοφίᾳ
3374 3876 3648 3931 περιφραι-

2069 3964 2217 4035 χθεὶς
2246 3963 2511 4017 καθεῖλεν.
2538 3984 2543 3987 ί

2141 4058 2321 4129 Στόμα
2351 4056 2445 4110 καὶ
2468 4055 2717 4124 γλῶσσαν
2744 4052 2836 4107 καὶ
2858 4049 3002 4115 νοῦν,
3038 4049 3207 4121 θυμὸν
3232 4048 3325 4103 καὶ
3347 4046 3647 4118 ἐπιθυμίαν

2067 4147 2125 4211 ὃς
2154 4147 2437 4217 φυλάσσει,
2465 4146 2711 4213 διατηρεῖ
2739 4147 2803 4197 ὲκ
2827 4144 2927 4214 τῆς
2972 4144 3031 4195 ἐν
3081 4140 3257 4213 κρίσει
3280 4138 3513 4209 θλίψεως
3546 4136 3647 4207 τὴν

2067 4240 2243 4312 ψυχὴν
2270 4236 2455 4292 αὑτοῦ.

2137 4332 2309 4395 Αὐτός
2363 4332 2479 4383 ἐστι
2523 4329 2790 4400 διαφόρως
2832 4325 3242 4397 ἐπινοούμενος·
3303 4322 3509 4394 θρασὺς
3544 4320 3647 4391 μὲν

2068 4424 2198 4497 γὰρ,
2231 4426 2261 4477 ὁ
2314 4424 2423 4477 πᾶν
2464 4420 2642 4475 ὁτιοῦν
2687 4418 2904 4489 ἀφόϐως
2959 4416 3252 4471 ἐπιτελῶν
3307 4413 3563 4483 αὐθάδης,
3616 4414 3651 4464 6

393 4512 548 4569 liberi
589 4512 826 4568 hominis
861 4513 1229 4569 conditionem
1276 4520 1500 4581 usurpat
1532 4530 1544 4565 :
1571 4513 1963 4585 superbus,qui

2085 4517 2432 4589 ὶνεπικρίτως
2479 4513 2880 4584 ἐλευθεριάζειν
2933 4510 3287 4583 βουλόμενοςο
3333 4503 3570 4569 ἀλαζὼν,
3616 4505 3654 4556 ὁ

398 4604 604 4671 majora
633 4603 778 4658 veris
815 4603 1008 4657 merita
1037 4601 1247 4670 jactat:
1278 4603 1561 4672 pestilens,
1597 4604 1689 4673 qui
1722 4620 1828 4660 non
1858 4606 1960 4661 sibi

393 4696 495 4764 ipsi
529 4695 920 4759 tantummodo.
952 4695 1044 4750 sed
1062 4704 1117 4749 et
1153 4694 1276 4748 aliis
1305 4694 1501 4748 noxius
1523 4704 1629 4749 est.
1658 4694 1965 4766 Tantopere

393 4788 541 4842 enim
574 4798 658 4842 est
686 4787 973 4853 exitiosus,
997 4797 1056 4842 ut
1079 4787 1199 4842 aliis
1235 4802 1453 4857 quoque
1481 4787 1659 4843 labem
1689 4790 1962 4860 propriam

392 4879 755 4949 impertiatur.
807 4880 909 4947 Qui
948 4880 1183 4949 denique
1221 4878 1542 4949 injuriarum
1588 4890 1674 4937 est
1729 4897 1964 4950 memor,

390 4978 597 5041 peccat.

461 5062 507 5093 ³³
529 5061 625 5116 Est
656 5063 820 5116 etiam
875 5063 1015 5117 bona
1063 5061 1329 5132 cupiditas
1357 5079 1371 5117 :
1396 5065 1596 5136 quippe
1647 5067 1963 5138 angelorum

390 5165 476 5217 est
506 5155 638 5210 nihil
673 5171 907 5225 unquam
938 5171 1164 5226 pravum
1208 5171 1441 5226 cupere;
1473 5161 1797 5224 dmmonunt,
1820 5177 1965 5216 sem-

392 5261 488 5316 per
520 5246 659 5301 male
702 5247 1132 5316 concupiscere;
1176 5248 1461 5305 hominum
1513 5252 1766 5321 denique.
1805 5256 1964 5309 modo

390 5340 799 5409 concupiscere,
844 5340 1002 5396 modo
1036 5354 1216 5397 secus.
1270 5340 1389 5397 lam
1445 5345 1632 5407 verba,
1688 5353 1798 5399 tota
1852 5346 1962 5413 die,

391 5440 667 5502 ponuntur
718 5447 816 5503 pro
870 5441 979 5488 tota
1026 5434 1154 5488 vita.
1206 5433 1298 5490 Sic
1335 5444 1421 5490 est
1468 5434 1740 5492 illudzln
1780 5438 1964 5494 timore

390 5522 606 5577 Domini
636 5532 746 5577 esto
787 5531 899 5578 tota
925 5524 1009 5577 die
1031 5524 1100 5591 ³⁸,
1128 5525 1183 5579 id
1211 5534 1297 5581 est
1327 5532 1438 5581 tota
1474 5526 1607 5581 vita.

458 5728 505 5759 ³³
533 5727 720 5785 Matth.
749 5744 863 5793 χιι,
895 5729 984 5783 42.
1088 5730 1135 5762 ⁸⁵
1158 5745 1209 5784 v.
1248 5730 1333 5785 Η.
1374 5730 1456 5765 λ²⁸
1482 5744 1531 5782 v.
1565 5731 1652 5786 16.

384 5793 428 5830 ³¹
454 5812 502 5851 v.
536 5798 627 5854 2L
707 5800 751 5831 "
780 5797 945 5853 v.25.
1023 5800 1068 5833 ⁸³
1097 5799 1256 5857 Prov.
1286 5801 1553 5869 “111,17.

1752 5730 1798 5764 "
1825 5747 1875 5787 ν.
1901 5732 1988 5791 19.

2074 4612 2315 4683 μείζοσιν
2347 4608 2541 4663 ἑαυτὸν
2571 4607 2715 4678 ἥπερ
2748 4605 2859 4676 ἔχει
2887 4602 3164 4674 σεμνύνων
3189 4618 3202 4631 '
3237 4599 3489 4670 λοιμὸς,ό
3510 4595 3649 4667 πρὸς

2068 4703 2147 4775 τῷ
2171 4703 2358 4757 ἑαυτὸν
2383 4699 2804 4763 καταϐλάπτειν,
2824 4698 2918 4752 καὶ
2948 4698 3153 4767 ἑτέροις
3182 4689 3491 4765 μεταδιδούς
3511 4706 3525 4719 ο
3558 4705 3649 4741 το-

2074 4794 2259 4848 σοῦτον
2311 4794 2421 4865 γάρ
2470 4794 2585 4845 ἐστι
2618 4789 2931 4861 βλαπτικὸς,
2960 4787 3036 4850 ὼς
3073 4785 3167 4840 καὶ
3203 4784 3381 4847 ἄλλοις
3423 4780 3642 4853 μεταδιο

2071 4886 2219 4941 δόναι
2252 4884 2449 4948 κακίας
2468 4902 2480 4914 ·
2509 4884 2568 4948 ὃς
2594 4882 2650 4935 δὲ
2692 4881 3040 4953 μνησικακεῖ,
3073 4877 3408 4949 παράνομος.

2146 5065 2303 5117 Ἔστι
2354 5062 2465 5132 γὰρ
2527 5060 2621 5113 καὶ
2679 5058 2859 5129 ἀγαθὴ
2907 5052 3200 5125 ἐπιθυμία*
3254 5046 3499 5118 ἀγγέλων
3541 5044 3646 5117 μὲν

2070 5153 2162 5212 οὖν
2187 5158 2247 5210 τὸ
2285 5156 2360 5228 μὴ
2385 5154 2671 5225 ἐπιθυμεῖν
2705 5169 2837 5205 ποτε
2858 5147 3155 5218 ἐπιθυμίας
3180 5144 3376 5208 κακίας
3397 5158 3409 5169 ’
3450 5139 3646 5211 δαιμό-

2066 5268 2172 5305 νων
2205 5249 2343 5303 δὲτὸ
2369 5248 2453 5301 ἀεὶ
2484 5246 2659 5308 κακὰς
2695 5242 3013 5313 ἐπιθυμεῖψ
3054 5236 3379 5310 ἀνθρώπων,
3412 5233 3473 5287 τὸ
3510 5232 3647 5286 ποτέ

2069 5342 2169 5416 μὲν
2203 5339 2508 5409 ἐπιθυμεῖν,
2543 5339 2673 5390 ποτὲ
2693 5336 2750 5389 δὲ
2782 5335 2856 5406 μή
2879 5351 2891 5363 '
2922 5333 2984 5386 τὸ
3012 5331 3069 5385 δέ
3108 5331 3235 5399 ὅλην
3276 5328 3372 5398 τὴν
3404 5324 3641 5396 ἡμέραν,

2066 5436 2187 5489 ἀντὶ
2215 5433 2281 5486 δι’
2314 5432 2433 5485 ὅλου
2468 5429 2560 5482 τοῦ
2617 5428 2767 5499 βίου’
2824 5424 3062 5479 τοιοῦτόν
3114 5424 3231 5475 ἐστι
3285 5417 3378 5471 καὶ
3420 5416 3502 5478 τὸ,
3546 5415 3644 5467 Ἐν

2066 5527 2229 5596 φόϐῳ
2257 5524 2481 5591 Κυρίου
2513 5521 2638 5577 ἴσθι
2664 5519 2821 5589 ὅλην
2848 5516 2964 5586 τὴν
2990 5513 3238 5585 ἡμέραν,
3278 5509 3401 5565 ἀντὶ
3444 5505 3539 5561 τοῦ
3573 5504 3644 5560 δι’

2064 5618 2186 5672 ὅλου
2212 5615 2306 5670 τοῦ
2331 5614 2465 5685 βίου.

2093 5734 2138 5766 ³⁷
2169 5731 2311 5787 Psal.
2352 5744 2485 5795 un,
2522 5729 2577 5784 5.
2660 5728 2725 5799 ,⁸³
2753 5743 2802 5783 v.
2835 5726 2925 5782 20.
3017 5725 3061 5757 ’θ
3090 5738 3144 5779 ν.
3166 5721 3257 5778 22,
3356 5718 3401 5752 ³⁸
3438 5732 3493 5773 ν.
3519 5712 3615 5775 25.
