3888 6218
200 389 310 447 5.37

1374 380 1740 438 EXPOSITIO
1778 384 1846 439 IN
1884 382 2303 441 PROVERBIA.

3356 386 3465 442 2l8

190 551 195 561 .
280 508 480 560 Ἵππον
503 502 652 571 λέγει
678 501 772 557 τὸν
800 500 948 567 νοῦν,
978 502 1071 553 τὸν
1104 498 1512 570 πολεμούμενον
1553 501 1659 555 ὑπὸ
1701 502 1795 555 τοῦ

1970 502 2014 535 ³⁸
2041 500 2258 572 Equum
2289 502 2711 567 dicit‘mentem,
2756 518 2787 558 a
2825 502 3045 559 diabolo
3079 512 3469 572 oppugnatam,

205 596 476 659 διαϐόλου,
522 594 618 647 καὶ
650 590 1146 662 ἀντιπολεμοῦντα·
1194 590 1481 659 Ἐπιὸήσῃ
1516 591 1645 660 γὰρ,
1691 608 1799 663 φη-

211 689 317 749 σὶν,
351 687 451 740 ἐπὶ
490 685 635 751 τοὺς
685 686 909 749 ἵππους
954 698 1104 736 σου·
1155 682 1254 736 καί
1286 684 1325 750 ἡ
1357 685 1615 737 humata
1658 702 1795 750 σου,

210 778 510 844 σωτηρία·
558 776 654 828 καὶ
681 775 775 827 ἐπὶ
803 773 894 826 τοῦ
930 774 1147 829 Παύλου
1178 777 1207 830 6
1244 775 1449 847 Κύριος
1475 791 1488 804 ·
1529 775 1640 829 Τοῦ
1680 776 1799 840 ,βα-

207 870 437 923 στάσαι
466 868 534 923 τὸ
566 865 755 937 ὄνομά
768 883 910 936 μου,
943 866 1098 937 φησί.

1896 596 1984 650 cui
2018 604 2197 649 tatneu
2243 597 2359 665 ipsa
2415 606 2697 665 repugnat.
2744 597 3004 650 Astendes
3068 595 3232 656 enim,
3272 594 3468 662 inquit.

1898 705 2055 758 super
2082 704 2241 757 equos
2269 699 2419 754 tuos;
2449 697 2497 742 et
2520 690 2782 758 equitatus
2806 698 2946 752 tuus,
2979 684 3200 740 saluatio
3218 684 3284 738 ³⁸.
3312 683 3376 738 Ει
3402 688 3471 745 de

1896 778 2064 833 Paulo
2091 778 2373 845 Dominus,
2403 776 2472 836 Ut
2490 791 2684 850 portet,
2720 779 2918 849 inquit,
2945 794 3135 833 nomen
3162 792 3332 832 meum
3350 777 3419 833 ³⁸.

1681 959 1833 1015 CAP.
1874 918 2042 1016 xit].

282 1057 399 1127 Τὴν
433 1055 841 1126 σημαινομένην
876 1055 1078 1127 ἀρετὴν
1118 1056 1224 1110 ὑπὸ
1270 1056 1472 1110 οἰκείου
1511 1057 1797 1128 ὀνόματος,

216 1145 390 1216 δνομα
420 1140 543 1198 εἶπε
592 1144 787 1198 καλόν·
820 1145 977 1198 τοῦτο
1000 1146 1109 1217 γάρ
1132 1147 1247 1199 ἐστι
1287 1146 1382 1200 καὶ
1405 1146 1566 1199 καλὸν
1593 1147 1652 1200 τὸ
1682 1146 1801 1199 δνο-

220 1256 321 1308 μα,
353 1239 493 1307 ὅπερ
517 1236 629 1308 ἔχει
655 1237 719 1290 τὸ
771 1238 1167 1308 σημαινόμενον
1210 1237 1444 1306 ἀγαθόν·
1482 1236 1655 1300 οὕτως
1681 1237 1805 1290 οὐδὲ

212 1331 316 1401 τὴν
342 1330 524 1383 ἄδικον
555 1331 789 1397 γυναῖκα
825 1328 1183 1400 Δικαιοσύνην
1227 1329 1567 1401 καλουμένην
1592 1328 1806 1382 ἐπαινέ-

216 1439 409 1492 σομεν,
432 1422 567 1475 ἀλλὰ
592 1422 689 1493 τὴν
714 1421 939 1492 ἔχουσαν
968 1423 1064 1493 τὴν
1095 1422 1461 1493 δικαιοσύνην,
1490 1421 1593 1476 κᾶν
1624 1421 1806 1476 ἀδικία

218 1513 545 1584 νομίζηται·
610 1513 755 1585 ὑπὲρ
816 1513 874 1567 δὲ
922 1513 1187 1585 ἀργύριον
1220 1515 1313 1568 καὶ
1348 1514 1593 1586 χρυσίον,
1640 1513 1806 1585 σοφία

220 1603 379 1675 θεῖκὴ
390 1644 403 1656 .

292 1694 636 1749 Συναντῶσιν
649 1694 917 1767 ἀλλήλοις,
944 1696 974 1749 6
1003 1696 1101 1766 μὲν
1128 1694 1380 1761 πλούσιος
1404 1696 1493 1751 διὰ
1519 1696 1627 1752 τῶν
1653 1699 1806 1770 ἐλεη-

1976 1060 2021 1092 ⁸⁷
2047 1059 2421 1132 Signiﬂcatam
2451 1074 2478 1114 a
2504 1059 2721 1130 proprio
2747 1059 3252 1125 nominevirtutem,
3281 1071 3473 1113 nomen

1906 1151 2044 1207 dixit
2089 1153 2311 1207 bonum.
2347 1150 2480 1207 Nam
2518 1152 2649 1206 illud
2699 1151 2899 1207 bonum
2948 1162 3033 1206 est
3081 1165 3300 1215 nomen,
3332 1149 3477 1218 quod

1909 1244 2076 1299 habet
2126 1244 2327 1299 bonum
2363 1258 2429 1299 ex
2474 1257 2572 1297 suo
2599 1242 2741 1297 bono
2758 1257 2925 1311 opere
2966 1243 3350 1312 significatum.
3383 1240 3478 1295 Sic

1908 1349 2085 1405 neque
2115 1333 2370 1404 injustam
2400 1332 2702 1396 mulierem,
2735 1333 2779 1388 si
2808 1334 2949 1386 forte
2982 1330 3204 1387 Justitia
3239 1332 3479 1400 appelle-

1907 1433 2016 1491 tur,
2051 1424 2425 1490 laudabimus;
2477 1423 2573 1479 sed
2631 1422 2781 1477 illam
2828 1424 3010 1490 potius
3058 1438 3181 1492 quae
3207 1423 3478 1491 justitiam

1910 1515 2127 1582 habeat,
2155 1514 2371 1570 etiamsi
2418 1514 2468 1569 ei
2518 1512 2789 1583 lnjustitia
2826 1529 3022 1568 nomen
3056 1515 3146 1568 sit.
3182 1514 3353 1584 Supra
3393 1528 3483 1567 ar-

1910 1616 2130 1678 gentum
2164 1622 2327 1675 porro
2353 1613 2437 1660 est
2464 1616 2519 1661 et
2551 1622 2715 1676 supra
2741 1621 2955 1671 aurum,
2980 1606 3163 1661 divina
3193 1606 3478 1675 sapientia.

1982 1699 2028 1731 ⁸⁸
2054 1698 2287 1755 Obviant
2321 1698 2445 1763 sibi,
2499 1697 2655 1753 dives
2708 1698 2927 1766 quidem
2958 1695 3316 1768 eleemosynis
3344 1696 3480 1750 iram

224 1787 476 1859 μοσυνῶν
529 1786 805 1858 καθαιρῶν
848 1788 939 1842 τὸν
979 1788 1170 1860 θυμὸν,
1220 1789 1313 1841 καὶ
1380 1788 1661 1861 κτώμενος
1708 1792 1805 1863 τὴν

1932 1792 2280 1860 :xstinguens,
2316 1802 2371 1845 et
2402 1805 2640 1846 amorem
2667 1791 2770 1845 sibi
2793 1789 3128 1853 concilians;
3167 1803 3368 1858 pauper
3390 1803 3486 1841 auo

222 1881 449 1953 ἀγάπην
468 1898 483 1911 ’
515 1882 544 1934 6
575 1881 655 1945 δὲ,
682 1880 771 1935 διά
789 1880 890 1951 τῆς
918 1882 1108 1944 πενίας
1143 1881 1204 1934 τὸ
1248 1886 1690 1953 ταπεινοφρονεῖν
1730 1884 1808 1937 δι-

222 1973 558 2042 δασκόμενος
576 1990 591 2003 ·
624 1972 717 2025 τὸν
743 1972 840 2042 μὲν
872 1973 1001 2044 γὰρ,
1032 1972 1175 2025 θέλει
1201 1973 1578 2027 παιδεύεσθαι·
1606 1974 1698 2028 τὸν
1728 1975 1807 2040 δὲ,

228 2066 570 2137 μεταδιδόναι
594 2082 609 2097 ·
647 2064 789 2117 ὥστε
818 2064 909 2119 τὸν
955 2066 1053 2136 μὲν
1082 2065 1402 2137 εὐχάριστον
1428 2062 1589 2133 εἶναι,
1625 2067 1713 2121 τὸν
1751 2069 1810 2121 δὲ

223 2159 349 2230 ὲλεή
358 2176 515 2229 μονα.

298 2252 455 2323 Ζωὴν
483 2252 577 2306 καὶ⁵
606 2251 763 2317 δόξαν
799 2252 893 2304 καὶ
923 2251 1150 2305 πλοῦτον
1181 2252 1430 2324 οὐράνιον
1472 2253 1810 2325 κληρονομή-

230 2362 313 2398 σει
346 2346 375 2397 6
407 2345 600 2415 σοφίαν
644 2344 743 2398 καὶ
776 2344 938 2413 φόϐον
978 2345 1185 2415 Κυρίου
1242 2344 1413 2415 ἔχων·
1470 2345 1652 2409 πάσας
1701 2345 1810 2417 γὰρ

228 2437 330 2500 τὰς
378 2436 623 2505 γενέσεις
654 2436 779 2507 ἔσχε
822 2435 979 2490 Νῶε·
1031 2435 1234 2501 ταύτας
1274 2436 1523 2511 ’Δϐραάμ
1549 2455 1563 2469 ·
1610 2436 1813 2502 ταύτας

230 2532 328 2583 καὶ
358 2531 406 2582 οἱ
442 2528 593 2598 παρὰ
629 2528 837 2600 Πέτρου
864 2526 1319 2599 μαθητευθέντες.

319 2620 408 2674 Ἐν
437 2619 515 2687 τῷ
538 2617 695 2671 αἰῶνι
715 2618 793 2689 τῷ
830 2618 1075 2689 μέλλοντι
1100 2620 1148 2671 oi
1173 2621 1231 2672 ὲν
1256 2618 1419 2672 παντὶ
1463 2616 1815 2671 πλουτισθένα

229 2728 343 2775 τες,
397 2713 456 2763 ἐν
488 2709 635 2783 πάσῃ
675 2709 874 2778 γνώσει
920 2712 1014 2763 καὶ
1051 2711 1238 2781 σοφίᾳ,
1281 2710 1505 2782 ἄρξουσι
1538 2710 1647 2763 τῶν
1679 2712 1816 2763 ἀκα-

235 2800 451 2871 θάρτων
480 2800 576 2855 καὶ
601 2803 796 2870 ὲστερη
806 2800 981 2870 μένων
1010 2799 1202 2853 τούτου
1240 2799 1334 2853 τοῦ
1374 2800 1603 2853 πλούτου
1621 2818 1634 2831 ·
1672 2801 1817 2863 τίνες

235 2892 294 2945 δὲ
334 2892 383 2943 οἱ
427 2891 637 2943 οἰκέται
676 2890 771 2943 καὶ
796 2890 938 2953 τίνες
975 2891 1024 2942 οἱ
1071 2889 1348 2952 δεσπόται,
1390 2890 1490 2943 ούκ
1522 2892 1817 2957 ἀναγκαῖον

234 2982 602 3054 δημοσιεύειν,
642 2982 735 3035 διὰ
759 2982 819 3035 τὸ
854 2978 990 3035 εἶναι
1030 2981 1122 3034 τὸν
1151 2981 1279 3053 περὶ
1308 2981 1487 3036 αὐτῶν
1515 2982 1671 3048 λόγον
1715 2999 1819 3052 μυ-

238 3075 426 3129 στικὸν
462 3076 556 3129 καὶ
582 3073 910 3145 βαθύτερον·
955 3074 1052 3127 καὶ
1091 3073 1229 3145 πρὸς
1273 3074 1435 3143 ῥητὸν
1479 3073 1536 3127 δὲ
1578 3073 1818 3127 δείκνυσι

1915 1892 2042 1948 tem,
2079 1898 2109 1935 a
2139 1883 2451 1938 conditione
2488 1897 2585 1937 sua
2636 1882 2997 1937 humilitatem
3046 1882 3293 1937 edoctus.
3330 1880 3484 1935 Hunc

1915 1974 2027 2030 vult
2058 1975 2302 2041 erudiri;
2362 1974 2511 2029 illum
2554 1974 2774 2046 largiri;
2834 1983 2893 2028 ut
2953 1972 3091 2028 alter
3146 1973 3217 2027 sit
3272 1982 3484 2044 gratus,

1914 2068 2052 2122 alter
2081 2067 2414 2123 misericors.

1986 2250 2031 2282 ³⁸
2061 2247 2238 2304 Vitam
2288 2255 2347 2301 et
2393 2246 2621 2317 gloriam
2666 2255 2723 2301 et
2778 2246 3001 2302 divitias
3026 2244 3277 2301 caelestes
3304 2257 3489 2299 conse-

1915 2346 2111 2408 quetur
2134 2337 2225 2402 qui
2259 2336 2583 2404 sapientiam
2623 2336 2982 2406 timoremque
3013 2334 3106 2390 Dei
3133 2334 3315 2389 habet.
3341 2334 3488 2389 Cun-

1916 2437 2002 2484 cta
2030 2428 2176 2481 enim
2228 2428 2344 2482 haec
2386 2440 2582 2496 genera
2622 2426 2813 2480 habuit
2837 2424 2983 2489 Noe;
3026 2424 3213 2478 eadem
3238 2422 3489 2478 Abraha-

1917 2534 2072 2585 mus;
2114 2518 2305 2574 eadem
2339 2517 2416 2573 illi
2444 2518 2609 2573 etiam
2640 2517 2792 2589 quia
2825 2517 2987 2571 Petro
3022 2516 3241 2572 fuerunt
3266 2514 3487 2568 eruditi.

1987 2612 2034 2645 “
2066 2612 2119 2667 In
2169 2611 2355 2667 futuro
2401 2611 2627 2675 saeculo,
2661 2611 2752 2680 qui
2797 2609 3107 2664 omnimoda
3161 2608 3389 2664 scientia
3424 2620 3490 2661 ac

1920 2706 2187 2775 sapientia
2219 2706 2421 2760 divites
2460 2703 2683 2763 fuerint,
2720 2701 3150 2757 dominabuntur
3176 2698 3405 2769 impuris
3432 2701 3487 2747 et

1919 2798 1987 2853 iis
2020 2797 2271 2853 omnibus
2294 2798 2384 2867 qui
2419 2796 2527 2851 illis
2554 2794 2763 2849 divitiis
2783 2793 3079 2847 caruerint.
3103 2791 3335 2859 Quinam
3362 2805 3495 2847 vero

1920 2895 2026 2948 sint
2057 2892 2245 2946 famuli
2278 2903 2331 2945 et
2365 2892 2588 2961 quinam
2618 2889 2843 2955 domini,
2872 2902 2978 2942 non
3011 2896 3093 2943 est
3122 2900 3346 2941 necesse
3369 2885 3490 2939 vul-

1920 2999 2070 3056 gare,
2101 2985 2229 3054 quia
2260 2985 2326 3039 de
2354 2985 2456 3039 hac
2483 2998 2541 3038 re
2582 2996 2765 3038 sermo
2795 2982 3055 3053 mysticus
3099 2987 3184 3035 est
3220 2988 3276 3033 et
3305 2976 3485 3032 altior.

1923 3073 1990 3128 Et
2042 3074 2174 3143 ipsis
2227 3073 2409 3128 verbis
2458 3074 2545 3128 hic
2615 3073 3021 3128 demonstratur
3069 3070 3322 3126 humana:
3367 3069 3493 3123 vitae

236 3168 334 3221 τοῦ
378 3168 719 3239 ἀνθρωπίνου
760 3166 874 3237 βίου
908 3166 971 3219 τὸ
1002 3165 1265 3219 ἄστατον·
1297 3167 1433 3221 ἀλλά
1481 3167 1577 3221 καὶ
1615 3168 1674 3220 ὲν
1700 3170 1818 3232 ταῖς

1932 3164 2309 3218 inconstantia.
2342 3163 2449 3218 Sed
2479 3164 2643 3217 etiam
2696 3162 2749 3216 in
2808 3160 3128 3232 oligarchiis
3164 3159 3361 3214 divites
3410 3158 3496 3211 inn

239 3261 583 3331 ὀλιγαρχίαις
607 3262 656 3312 οἱ
683 3258 927 3312 πλούσιοι
963 3246 1072 3311 τῶν
1104 3257 1336 3329 πτωχῶν
1382 3259 1676 3331 ἄρχουσιν·
1727 3259 1821 3313 καὶ

244 3352 423 3416 ἄλλως
445 3354 494 3405 oi
520 3353 720 3421 γνῶσιν
747 3351 984 3421 ἔχοντες,
1011 3348 1120 3402 τῶν
1150 3349 1224 3420 μὴ
1254 3349 1511 3404 τοιούτων
1529 3352 1785 3423 ἄρχουσιν
1804 3368 1819 3382 ·

244 3446 342 3499 καὶ
362 3445 413 3496 oi
446 3443 554 3496 ἀπὸ
584 3442 694 3496 τῶν
725 3442 784 3505 ἐξ
815 3440 984 3494 ἐθνῶν
1012 3441 1215 3504 πιστοὶ,
1242 3443 1357 3503 τοῖς
1379 3438 1439 3505 ἐξ
1480 3442 1714 3514 Ἰσραὴλ,
1742 3436 1823 3507 οἷς

244 3534 496 3588 ἐκέλευον
544 3532 746 3604 πρόσθε
783 3574 798 3598 ,
852 3532 1198 3585 διδασκαλίαν
1240 3532 1542 3596 δανείζουσι
1578 3550 1594 3565 ·
1647 3534 1823 3588 καίτοι

248 3627 515 3697 πρότερον
552 3623 759 3676 ἔθνεσιν
783 3622 1053 3687 ἐδάνειζον
1078 3625 1275 3676 ἐκεῖνοι
1311 3623 1546 3687 πολλοῖς,
1576 3626 1670 3679 καὶ
1700 3627 1823 3679 τού-

245 3734 355 3771 των
388 3712 586 3787 ἦρχον·
624 3714 720 3767 νῦν
749 3714 805 3767 δὲ
846 3714 946 3785 τῆς
974 3713 1247 3784 βασιλείας
1290 3715 1387 3767 ἀπ’
1420 3715 1598 3771 αὐτῶν
1641 3717 1824 3788 ἀρθεί-

249 3824 370 3877 σης,
396 3806 634 3872 ἔμπαλιν
656 3806 868 3875 γέγονε.

318 3901 423 3953 Τὸν
458 3902 516 3954 ὲν
545 3904 664 3963 ταῖς
706 3901 944 3966 ἐντολαῖς
977 3901 1159 3972 ίλαρδν
1181 3903 1368 3976 ἄνδρα,
1398 3904 1493 3957 καὶ
1520 3906 1577 3957 ὲν
1600 3896 1816 3975 ἐλεημο-

248 3993 437 4056 σύναις
465 3993 645 4065 δότην,
694 3994 882 4066 ἀγαπᾷ
913 3998 941 4048 6
971 3994 1130 4060 Θεός·
1180 3996 1364 4061 καθὼς
1420 3998 1516 4050 καὶ
1556 4000 1585 4051 6
1616 3997 1829 4062 Παῦλός

249 4099 433 4154 φησιν·
478 4084 532 4136 '0
573 4083 787 4149 ἐλεῶν,
814 4086 887 4140 ἐν
909 4089 1244 4156 ἱλαρότητι·
1276 4090 1374 4162 τὴν
1401 4090 1459 4143 δὲ
1494 4093 1828 4164 ματαιότητα

250 4176 361 4229 τῶν
385 4176 560 4248 ἔργων
584 4176 673 4230 διὰ
696 4178 794 4248 τῆς
812 4180 1013 4252 ἀρετῆς
1035 4183 1064 4235 6
1093 4182 1296 4255 Κύριος
1313 4183 1408 4237 καὶ
1435 4184 1533 4254 τῆς
1555 4185 1825 4253 γνώσεως,

255 4268 520 4322 συντελεῖ.

322 4361 481 4433 Δῶρα
512 4361 606 4415 τοῦ
644 4362 932 4436 ἀνθρώπου
963 4365 1061 4430 τὰς
1080 4368 1178 4438 τῆς
1206 4367 1385 4439 ψυχῆς
1408 4368 1608 4440 ἀρετάς
1631 4367 1828 4439 ὀνομά-

253 4450 363 4517 ζει,
396 4453 463 4506 δι’
482 4446 557 4506 ὧν
586 4454 755 4508 νικῶν
784 4456 874 4509 τὸν
895 4458 1158 4524 διάϐολον,
1177 4460 1354 4529 τίμιον
1385 4459 1576 4513 ἑαυτὸν
1600 4459 1828 4529 παρέχει

252 4545 335 4615 τῷ
359 4545 497 4617 Θεῷ,
527 4548 621 4601 καὶ
647 4549 961 4617 ἀφαιρεῖται
1002 4551 1099 4623 τὴν
1145 4551 1340 4606 ἑαυτοῦ
1385 4551 1563 4623 ψυχὴν
1584 4551 1693 4605 ἀπὸ
1718 4552 1829 4605 τῶν

253 4641 615 4710 κτησαμένων
645 4641 814 4712 αὐτὴν
835 4642 1126 4713 δαιμόνων.

329 4733 443 4803 Τῆς
473 4733 751 4805 χειρίστης
802 4736 965 4802 ἕξεως
1008 4736 1099 4789 τὸν
1142 4736 1427 4809 ἄνθρωπον
1474 4737 1830 4793 ἐκϐάλλεσθαι

253 4823 508 4894 βούλεται
540 4826 630 4879 διὰ
659 4828 1034 4898 πνευματικῆς
1077 4830 1423 4894 διδασκαλίας
1466 4830 1585 4902 μεθ’
1614 4827 1683 4903 ἦς
1716 4827 1830 4903 εἶχε

254 4914 617 4983 φιλονεικίας·
659 4921 753 4972 καὶ
801 4919 985 4991 λοιμὸν
1032 4923 1087 4975 δὲ
1120 4925 1214 4977 τὸν
1262 4924 1508 4979 διάϐολον
1545 4926 1676 4982 ὅντα
1730 4927 1831 4999 τῆς

250 5008 434 5079 ψυχῆς
466 5010 820 5066 ὲκδιὼκεσθαι
846 5014 951 5067 δεῖ·
979 5014 1075 5068 ἐὰν
1104 5016 1213 5089 γὰρ
1246 5018 1302 5070 ὲν
1330 5018 1467 5089 αὐτῇ
1488 5019 1709 5092 καθίσῃ,
1742 5019 1831 5073 διὰ

249 5101 354 5171 τῆς
379 5102 719 5173 ἀκαθαρσίας
745 5106 951 5171 πάντας
964 5107 1089 5172 τοὺς
1114 5108 1305 5179 ὀρθοὺς
1316 5110 1607 5181 λογισμοὺς
1634 5112 1830 5183 ἀτιμά-

254 5194 374 5259 ζει·
408 5195 681 5268 συνέδριον
711 5199 819 5270 γὰρ
850 5201 949 5271 τὴν
980 5201 1156 5274 ψυχὴν
1182 5203 1275 5256 καὶ
1306 5206 1335 5257 6
1378 5204 1694 5269 Ἀτεόστολος
1722 5205 1831 5259 δεί-

252 5306 439 5356 κνυσι,
467 5289 535 5343 δι’
567 5283 642 5344 ὧν
676 5290 967 5364 λογισμοὺς
999 5294 1519 5368 κατηγοροῦντας,ἢ
1551 5296 1646 5351 καὶ
1695 5299 1830 5350 ἁπο-

252 5380 615 5452 λογουμένους
644 5384 884 5452 εἰσάγει·
913 5385 1149 5450 Μεταξὺ
1171 5386 1301 5457 γὰρ,
1323 5388 1507 5459 φησὶν,
1543 5387 1831 5457 ἀλλήλων

252 5472 377 5526 τῶν
412 5474 720 5545 λογισμῶν
769 5479 1257 5545 κατηγορούντων
1289 5479 1327 5547 ἢ
1372 5480 1471 5532 καί
1507 5481 1833 5549 ἀπολογου-

250 5564 485 5635 μένων·
521 5568 657 5622 ὅπου
690 5569 746 5624 δὲ
776 5570 1077 5643 κατηγορία
1115 5572 1209 5625 καὶ
1239 5571 1528 5640 ἀπολογία,
1574 5575 1690 5626 ἐκεῖ
1736 5573 1831 5627 καὶ

334 5750 379 5783 ³⁸
406 5767 459 5827 v.
490 5752 578 5827 3f.
658 5754 703 5785 ³⁸
742 5752 987 5827 ίίιιιιηιῃ.
1018 5755 1071 5810 8.
1150 5754 1195 5787 ³⁸
1222 5757 1341 5827 Aget.
1375 5774 1449 5827 ts,
1485 5761 1566 5818 15.
1647 5762 1689 5795 ³⁷
1720 5776 1772 5816 v.
1800 5760 1850 5815 l.

250 5820 307 5855 “
342 5838 392 5877 ν.
418 5821 475 5878 9.
545 5822 592 5855 ⁸⁵
620 5839 672 5878 v.
704 5824 790 5879 10.
866 5826 910 5857 ⁸⁸
939 5824 1095 5881 Rom.
1120 5840 1186 5894 tt,
1207 5825 1300 5881 15.

1923 3257 2116 3325 opibus
2139 3258 2488 3313 dominantur
2507 3275 2521 3311 :
2540 3268 2702 3326 atque
2732 3260 2973 3326 insuper,
2999 3256 3089 3326 qui
3119 3253 3347 3309 scientia
3370 3263 3497 3309 sunt

1923 3350 2151 3419 praediti,
2184 3350 2235 3404 in
2259 3364 2355 3404 eos
2377 3350 2468 3420 qui
2501 3349 2658 3404 aliter
2688 3364 2748 3405 se
2776 3349 2999 3413 habent,
3028 3347 3313 3416 imperium
3340 3359 3498 3399 exer-

1923 3450 2067 3497 cent.
2102 3440 2343 3511 Denique
2362 3442 2453 3511 qui
2483 3456 2551 3496 ex
2586 3442 2837 3512 gentibus
2886 3440 3255 3505 crediderunt,
3287 3437 3501 3492 Israeli-

1926 3536 1997 3589 tis
2025 3536 2117 3604 qui
2148 3542 2308 3587 antea
2336 3533 2701 3604 imperabant,
2722 3532 3095 3603 magisterium
3134 3531 3456 3586 ienerantur
3480 3548 3496 3585 :

1925 3644 2235 3699 quanquam
2274 3628 2352 3682 illi
2393 3636 2553 3683 antea
2592 3627 2845 3697 gentibus
2877 3624 3269 3680 fenerabantur
3290 3623 3501 3689 multis,

1926 3723 2103 3792 iisque
2136 3721 2583 3776 dominabantur.
2618 3720 2771 3775 Nunc
2804 3733 2934 3775 vero
2967 3727 3157 3788 erepto
3195 3717 3263 3773 iis
3309 3731 3501 3787 regno,

1926 3808 2254 3868 contrarium
2281 3813 2357 3867 ﬁt.

1998 3904 2313 3959 “Hilarem
2365 3906 2416 3960 in
2467 3904 2830 3975 exsequendis
2884 3901 3157 3956 mandatis
3200 3902 3399 3965 virum,
3445 3907 3509 3954 et

1934 3998 2299 4067 eleemosynis
2323 3998 2716 4066 indulgentem,
2748 3995 2923 4065 diligit
2952 3992 3116 4048 Deus.
3160 3992 3313 4047 Sicut
3334 3993 3503 4045 etiam

1928 4089 2126 4144 Paulus
2149 4090 2225 4143 ait
2254 4089 2396 4155 :Qui
2439 4090 2739 4154 miseretur,
2772 4102 2892 4141 cum
2933 4086 3205 4139 hilaritate
3227 4084 3294 4137 ".
3334 4081 3509 4137 Vani-

1931 4192 2095 4237 tatem
2130 4191 2310 4236 autem
2353 4196 2600 4252 operum,
2634 4194 2731 4250 per
2776 4184 3035 4233 virtutem
3093 4192 3159 4232 ac
3206 4175 3503 4231 scientiam

1930 4279 2269 4328 consummat
2293 4270 2570 4327 Dominus.

1998 4365 2046 4397 ⁴⁵³
2076 4364 2220 4419 Dona
2244 4363 2499 4431 hominis,
2533 4364 2767 4416 virtutes
2796 4360 2991 4413 animat
3019 4356 3273 4428 appellat,
3306 4355 3511 4425 quibus

1930 4457 2201 4513 diabolum
2242 4456 2487 4522 vincens,
2543 4451 2914 4509 honorabilem
2963 4464 3022 4505 se
3072 4449 3183 4504 Deo
3247 4450 3501 4513 exhibet;

1935 4565 2197 4620 suamque
2220 4550 2459 4604 animam
2495 4547 2563 4603 ab
2595 4543 2992 4614 occupantibus
3017 4556 3140 4597 eam
3169 4541 3515 4599 daemonibus

1933 4644 2113 4714 eripit.

2010 4738 2057 4770 “
2090 4734 2368 4789 Hominem
2423 4743 2521 4800 per
2573 4728 2877 4798 spiritalem
2940 4726 3244 4783 doctrinam
3289 4724 3508 4781 extrahi

1936 4828 2051 4882 vult
2078 4832 2143 4881 de
2190 4822 2425 4895 pessimo
2486 4821 2657 4875 animi
2709 4820 2917 4889 habitu,
2976 4833 3099 4876 cum
3140 4818 3259 4889 ejus
3303 4815 3518 4871 comite

1934 4922 2073 4975 rixa.
2126 4917 2411 4973 Diabolum
2463 4927 2703 4984 quoque,
2760 4914 2957 4967 animae
3011 4920 3240 4982 pestem,
3287 4915 3512 4979 oportet

1934 5016 2173 5084 eﬂ'ugare
2209 5028 2225 5065 :
2259 5025 2383 5065 nam
2413 5010 2457 5063 si
2484 5008 2594 5062 illic
2626 5007 2885 5070 resideat,
2923 5016 3106 5060 rectas
3127 5018 3318 5058 omnes
3355 5002 3518 5069 cogia

1937 5107 2171 5161 lationes
2201 5103 2513 5172 impuritate
2556 5098 2931 5154 contaminare
2967 5096 3125 5151 solet.
3177 5093 3423 5163 Namque
3447 5102 3512 5151 et

1935 5196 2227 5268 Apostolus
2250 5193 2484 5251 tribunal
2512 5192 2752 5247 ostendit
2790 5204 2912 5245 esse
2943 5190 3205 5253 animam,
3236 5196 3514 5256 quatenus

1934 5292 2292 5365 cogitationes
2321 5294 2669 5349 accusantes,
2705 5284 2976 5352 simulque
3021 5280 3381 5336 defendentes
3427 5279 3508 5332 in.

1937 5387 2102 5441 ducit.
2132 5384 2376 5447 Interim,
2402 5382 2600 5452 inquit.
2627 5380 2846 5435 invicem
2899 5374 3269 5430 accusantibus
3307 5373 3508 5441 cogita-

1938 5479 2167 5533 tionibus
2218 5486 2267 5530 et
2327 5474 2729 5544 defendentibus
2748 5472 2814 5524 ”.
2846 5467 2945 5523 Ubi
2989 5475 3171 5521 autem
3231 5462 3513 5517 accusatio

1935 5583 2099 5643 atque
2136 5570 2400 5635 defensio,
2434 5567 2506 5624 ibi
2540 5564 2798 5623 tribunal.
2827 5562 2936 5619 Sed
2981 5570 3036 5615 et
3061 5555 3309 5614 diabolus
3334 5552 3506 5623 pesti-

1929 5758 1975 5793 ³⁸
2006 5774 2055 5814 v.
2083 5756 2141 5815 2.
2214 5757 2257 5791 ³⁸
2297 5773 2347 5814 v.
2386 5758 2439 5812 4.
2514 5756 2560 5787 ⁸⁸
2593 5770 2640 5811 v.
2685 5753 2739 5805 7.
2792 5751 2833 5783 “
2866 5765 2913 5802 ν.
2946 5746 2998 5802 8.
3062 5744 3106 5777 δ’
3132 5742 3290 5799 ltom.
3323 5735 3507 5807 “1,8.
