3888 6218
396 405 503 461 219

1277 395 1836 457 SUPPLEMENTUM
1874 393 1968 450 AD
2004 387 2326 448 OBIGENIS
2360 384 2771 443 EXEGETICA.

3523 375 3663 432 ἐξελ

397 516 516 573 lens
562 526 787 573 cunctos
836 517 1113 585 vituperat
1157 525 1344 587 utpote
1386 516 1844 583 contumeliosus;
1873 513 1959 569 vel

2064 508 2337 580 συνέδριον
2360 524 2378 539 ·
2424 505 2558 559 ἀλλά
2609 505 2702 557 καὶ
2741 504 2770 555 6
2807 500 2993 571 λοιμὸς
3031 496 3285 568 ἀτιμάζει
3320 495 3525 587 πάντας

395 611 523 682 quia
570 611 788 679 propria
831 608 1215 663 commendare
1247 609 1456 671 volens,
1502 609 1678 662 aliena
1710 616 1961 662 contem—

393 703 525 772 p'im
577 701 827 771 deprimit
862 716 874 749 :
907 716 1067 769 quem
1102 710 1157 755 tu
1211 701 1279 756 de
1309 700 1540 771 spiritali
1575 708 1844 755 conventu
1876 698 1962 752 fac

394 794 585 863 ejic'ias
614 809 630 846 :
668 807 842 860 neque
866 792 955 847 ille
1005 793 1381 847 tantummodo
1432 791 1756 861 expelletur,
1784 790 1879 845 sed
1908 798 1963 843 et

395 880 685 934 comitatus
712 882 851 949 ejus.
876 880 1075 950 jurgia,
1103 883 1501 949 contentiones,
1534 882 1691 949 rixae,
1729 889 1784 935 et
1813 894 1961 950 qna:-

392 984 605 1038 cunque
631 972 854 1025 exitium
879 970 1138 1025 inferunt.

460 1062 509 1093 ⁸⁸
533 1061 636 1128 Qui
670 1063 883 1116 animas
927 1071 1140 1116 nostras
1192 1070 1476 1117 conservat
1507 1059 1790 1121 Dominus,
1819 1058 1958 1113 idem

391 1153 595 1222 pariter
642 1153 874 1223 spiritali
928 1156 1158 1209 scientia
1222 1169 1324 1209 nos
1378 1154 1591 1223 pascit,
1628 1154 1961 1207 condescen-

392 1247 533 1299 deus
577 1244 907 1313 dicensque:
946 1243 1057 1315 Ego
1107 1262 1224 1299 sum
1268 1255 1454 1314 pauor
1500 1240 1667 1298 bonus
1685 1244 1767 1309 "’;
1793 1256 1957 1312 quem

395 1347 575 1391 tamen
620 1336 784 1390 homo
817 1336 1032 1406 iniquus
1061 1345 1406 1406 aspernatur.
1456 1336 1610 1401 Quod
1639 1336 1685 1391 si
1716 1350 1807 1389 rex
1838 1335 1961 1404 qui-

393 1426 515 1479 dem
548 1426 882 1479 subditorum
928 1425 1175 1481 Christus
1207 1436 1319 1492 est;
1370 1437 1559 1496 pastor
1590 1440 1719 1481 vero
1744 1425 1955 1486 ovium;

393 1518 501 1572 erit
530 1516 820 1587 aliquando
850 1516 997 1572 solus
1044 1518 1225 1572 ovium
1260 1532 1378 1584 rex,
1406 1517 1475 1572 ad
1509 1514 1751 1586 regalem
1781 1514 1957 1584 digni-

394 1618 560 1662 tatem
589 1607 997 1663 translatarum.

461 1698 508 1731 “
536 1698 899 1754 Adversarius
928 1705 1115 1753 noster
1137 1694 1392 1750 diabolus
1430 1703 1688 1764 tanquam
1728 1695 1815 1751 leo
1846 1697 1958 1751 cir-

390 1792 505 1843 cuit
535 1802 787 1857 quaerens
834 1802 995 1858 quem
1050 1786 1308 1849 devoret;
1337 1798 1497 1853 quem
1549 1786 1748 1839 timens
1780 1785 1953 1854 piger,

391 1879 458 1933 ad
489 1880 746 1933 virtutum
768 1878 1087 1934 exercitium
1134 1889 1194 1930 se
1229 1885 1528 1945 comparat.
1556 1876 1764 1946 Quippe
1790 1877 1876 1933 leo
1899 1879 1951 1933 in
1986 1858 2027 1912 Β

390 1970 497 2025 viis
526 1969 752 2040 iustitiae
786 1970 982 2040 quierit
1012 1969 1247 2039 aliquem
1276 1967 1487 2032 venari,
1514 1968 1567 2021 id
1609 1978 1693 2023 est
1719 1978 1777 2022 ut
1806 1970 1953 2024 dixi-

388 2076 512 2116 mus
550 2062 816 2126 diabolus,
852 2071 907 2116 et
939 2061 992 2115 in
1038 2060 1231 2131 plateis
1283 2074 1403 2130 quae
1432 2060 1499 2113 ad
1532 2061 1827 2129 perniciem
1858 2062 1954 2115 de-

388 2150 591 2217 ferunt,
644 2163 843 2221 prater
880 2166 1040 2220 quam
1093 2150 1234 2220 quod
1277 2152 1579 2205 daemonum
1634 2152 1952 2222 phalangem

386 2241 721 2309 circumfert,
759 2244 874 2313 ipse
896 2256 1109 2312 quoque
1136 2244 1237 2297 sibi
1270 2244 1537 2298 obnoxios
1564 2243 1839 2299 interﬁcit.

456 2328 698 2387 “Fovea
749 2332 1011 2402 profunda
1068 2333 1315 2388 diabolus
1347 2342 1455 2388 est.
1502 2335 1719 2389 Invisus
1768 2346 1951 2389 autem

386 2423 615 2478 Domino
654 2433 757 2491 est,
790 2425 880 2494 qui
936 2426 1169 2494 proprie
1196 2425 1477 2480 securitati
1527 2441 1637 2481 non
1695 2426 1949 2482 consulit.

387 2517 556 2573 Jobus
586 2520 804 2587 quidem
834 2534 937 2574 non
973 2528 1091 2573 erat
1134 2520 1343 2573 invisus
1387 2521 1636 2585 Domino,
1666 2524 1758 2576 sed
1788 2536 1955 2591 expe-

386 2609 602 2664 rimenti
633 2623 817 2673 causa,
845 2608 899 2661 in
937 2624 997 2663 os
1037 2609 1259 2678 maligni
1295 2610 1495 2664 diaboli
1550 2611 1797 2665 incurrit.
1836 2611 1948 2665 Ve-

385 2708 685 2755 rumtamen
741 2700 835 2769 qui
869 2699 1097 2754 Domino
1127 2701 1336 2754 invisus
1370 2713 1473 2767 est,
1506 2713 1767 2772 perpetuo
1798 2705 1953 2758 dese-

385 2792 527 2846 ritur
559 2791 613 2844 in
645 2789 821 2857 fovea,
856 2792 984 2861 quia
1018 2792 1359 2863 voluptarius
1391 2804 1476 2849 est
1528 2804 1582 2850 et
1632 2796 1838 2866 peccati
1867 2797 1951 2854 sui

383 2897 656 2938 ωηαοιυε.

452 2970 807 3049 “'"Longea
834 2977 1019 3031 vesani
1081 2976 1318 3034 hominis
1371 2979 1535 3034 corde
1581 2988 1667 3035 est
1695 2979 1848 3050 virga
1880 2979 1953 3034 de

384 3064 567 3120 radice
604 3064 772 3122 Jessm
806 3068 1078 3135 Christus,
1108 3071 1203 3141 qui
1235 3080 1421 3140 pascet
1475 3071 1732 3141 populum
1789 3086 1947 3127 suum

381 3170 576 3211 novum
603 3158 851 3214 lsraelem
882 3161 938 3215 in
969 3164 1183 3232 pascuis
1213 3163 1395 3217 ovium
1421 3179 1663 3219 suarum.

452 3248 501 3281 “
530 3248 684 3304 Sicut
716 3252 963 3308 diabolus
988 3252 1355 3308 calumniatur
1406 3269 1507 3310 nos
1554 3255 1694 3325 apud
1727 3255 1894 3311 Deum
1924 3298 1941 3323 ,

381 3334 579 3391 tollens
606 3352 637 3390 a
669 3338 823 3393 nobis
850 3341 1082 3395 virtutes
1112 3356 1250 3412 quas
1279 3343 1391 3413 ipse
1414 3358 1520 3398 non
1551 3345 1777 3400 dederat
1803 3364 1819 3413 ;
1872 3346 1945 3400 ita

379 3437 438 3481 et
473 3443 574 3482 nos
598 3429 995 3486 calumniantur
1023 3432 1174 3487 illum
1203 3448 1326 3488 cum
1371 3436 1610 3491 tollimus
1647 3440 1717 3492 ab
1741 3454 1808 3493 eo
1836 3439 1944 3493 ini-

380 3519 617 3586 quitates
645 3536 780 3590 quas
806 3523 856 3577 ei
884 3538 991 3577 non
1026 3524 1294 3581 dedimus.
1323 3527 1390 3581 Et
1425 3538 1697 3597 quatenus
1723 3531 1944 3599 quidem

389 3612 685 3680 accipimus
710 3615 778 3669 ab
801 3630 867 3669 eo
897 3615 1211 3686 iniquitates
1228 3656 1244 3683 ,
1281 3627 1536 3688 tanquam
1553 3620 1620 3673 ab
1650 3622 1811 3691 inope
1834 3622 1946 3675 vir-

382 3710 559 3757 tutum
591 3704 909 3775 accipimus.
939 3705 1217 3773 Quatenus
1271 3723 1399 3765 vero
1426 3712 1655 3768 virtutes
1700 3714 1750 3766 ei
1799 3713 1948 3767 cedi-

379 3808 524 3859 mus,
565 3806 751 3851 nostro
796 3812 919 3853 cum
954 3799 1277 3855 detrimento
1330 3811 1587 3872 tanquam
1620 3804 1782 3860 diviti
1842 3806 1943 3858 ini,

378 3886 586 3955 quitate
604 3888 870 3945 cedimus.
898 3889 976 3945 Ne
1001 3890 1163 3959 forte,
1199 3893 1392 3962 inquit,
1435 3904 1691 3965 tanquam
1744 3896 1941 3966 exigua

378 3974 514 4029 dans
531 3975 785 4048 principi,
800 3979 942 4047 apud
964 3993 1123 4049 quem
1142 3980 1504 4038 calumniatur
1520 3983 1673 4053 plura
1698 3985 1939 4052 lucrans,

2062 599 2354 670 ὑϐριστής·
2389 597 2517 668 ἢὼς
2542 595 2610 648 τά
2637 595 2743 647 ίδια
2777 594 3041 661 συστῆσαι
3070 588 3406 661 βουλόμενος,
3440 586 3507 639 τὰ
3521 586 3633 638 τῶν

2061 692 2235 746 ἄλλων
2265 690 2475 760 ἀτίμως
2523 687 2802 741 ἐκϐάλλει·
2855 686 2913 738 ὃν
2943 683 3137 737 ἔκϐαλε
3184 685 3247 736 ὲκ
3292 684 3635 751 συστήματος

2062 780 2433 852 πνευματικοῦ
2459 796 2472 810 ·
2508 779 2602 833 καὶ
2618 779 2679 830 οὐ
2701 777 2857 848 μόνον
2882 775 3041 838 αὐτὸς
3068 773 3477 844 ἐκϐληθήσεται,
3495 771 3633 825 ἀλλὰ

2061 877 2157 927 καὶ
2177 871 2244 925 τά
2269 871 2494 924 συνόντα
2526 867 2695 939 αὐτῷ,
2720 868 2913 940 ἔριδες,
2935 864 3272 935 φιλονεικίαι,
3310 865 3498 935 μάχαι,
3535 863 3632 917 καί⁵

2059 965 2160 1018 ὅσα
2185 963 2372 1033 λοιμὸν
2404 960 2674 1015 ἀποτελεῖ.

2139 1058 2198 1109 '0
2220 1053 2492 1127 διατηρῶν
2532 1054 2631 1116 τὰς
2667 1050 2845 1122 ψυχὰς
2881 1049 3036 1120 ἡμῶν
3064 1048 3287 1118 Κύριος,
3331 1041 3483 1109 οὗτος
3535 1044 3633 1099 καὶ

2059 1148 2160 1219 τῆς
2191 1145 2566 1218 πνευματικῆς
2598 1145 2744 1215 ἡμᾶς
2771 1142 3022 1211 γνώσεως
3048 1139 3342 1210 ποιμαίνει,
3367 1154 3641 1205 συγκατα-

2063 1241 2265 1294 ϐαίνων
2309 1240 2403 1293 καὶ
2444 1239 2645 1307 λέγων⁶
2696 1234 2836 1304 Ἐγώ
2876 1236 2991 1303 ειμι
3029 1236 3061 1287 ὁ
3095 1231 3319 1301 ποιμὴν
3343 1234 3375 1284 ὁ
3418 1230 3637 1295 καλὸς,

2059 1334 2119 1387 ὃν
2168 1330 2425 1403 ἀτιμάζει
2454 1331 2484 1382 6
2516 1328 2861 1399 παράνομος·
2896 1327 2945 1379 εί
2986 1325 3043 1377 δὲ
3096 1323 3345 1393 βασιλεὺς
3376 1322 3472 1393 μὲν
3510 1321 3633 1373 ἐστι

2058 1424 2165 1478 τῶν
2192 1422 2623 1494 βασιλευομένων
2642 1423 2669 1473 6
2690 1418 2941 1492 Χριστὸς,
2969 1418 3168 1487 ποιμὴν
3194 1416 3248 1468 δὲ
3274 1417 3301 1468 6
3320 1413 3627 1485 προϐάτων,

2058 1516 2210 1569 ἔσται
2240 1515 2371 1568 ποτὲ
2408 1514 2568 1584 μόνος
2593 1511 2845 1582 βασιλεὺς
2875 1510 2983 1562 τῶν
3012 1509 3315 1580 προϐάτων,
3341 1509 3421 1570 εἰς
3444 1506 3505 1559 τὸ
3534 1504 3637 1575 βα-

2062 1607 2266 1661 σιλικὸν
2302 1605 2651 1677 μεταϐάντων
2678 1604 2912 1674 ἀξίωμα.

2141 1701 2199 1753 Ὁ
2255 1699 2449 1770 ἐχθρὸς
2486 1698 2643 1769 ἡμῶν
2703 1696 2946 1759 διάϐολος
2995 1695 3072 1758 ὡς
3105 1692 3239 1746 λέων
3284 1691 3631 1762 περιέρχεται

2059 1792 2237 1863 ζητῶν
2268 1791 2390 1845 τίνα
2418 1790 2662 1861 καταπίῃ
2687 1807 2700 1819 ·
2727 1791 2908 1843 ὅντινα
2940 1785 3274 1857 φοϐούμενος
3320 1785 3348 1836 ὁ
3374 1781 3637 1851 ὀκνηρὸς,

2058 1883 2195 1954 πρὸς
2216 1882 2313 1954 τὴν
2331 1882 2591 1953 ἐργασίαν
2616 1880 2723 1933 τῶν
2755 1879 2961 1950 ἀρετῶν
2994 1876 3307 1932 ἀναδύεται·
3337 1874 3461 1927 εἰδὲ
3492 1874 3634 1927 λέων

2053 1975 2111 2027 ὲν
2143 1976 2265 2038 ταῖς
2284 1974 2421 2036 ὁδοῖς
2444 1973 2545 2042 τῆς
2570 1971 2914 2041 δικαιοσύνης
2939 1971 3089 2042 ζητεῖ
3101 1967 3362 2040 θηρεῦσαί
3392 1983 3535 2029 τινα,
3568 1966 3633 2029 ὅς

2054 2071 2199 2120 ἐστιν
2226 2069 2255 2120 6
2280 2066 2524 2130 διάϐολος
2544 2083 2558 2096 ·
2589 2067 2646 2118 ὲν
2678 2065 2736 2118 δὲ
2768 2067 2890 2127 ταῖς
2915 2062 3193 2126 πλατείαις
3212 2064 3333 2125 ταῖς
3366 2060 3500 2130 πρὸς
3529 2058 3641 2129 τὴν

2054 2158 2328 2213 ἀπώλειαν
2359 2158 2681 2229 φερούσαις,
2717 2156 2855 2227 μετά
2877 2156 2976 2227 τὴν
3010 2155 3266 2224 φάλαγγα
3307 2153 3414 2206 τῶν
3440 2152 3634 2222 δαιμό-

2053 2267 2159 2304 νων
2198 2249 2384 2314 αύτοῦ,
2414 2249 2575 2312 αὐτὸς
2601 2246 2817 2316 φονεύει
2857 2248 2982 2309 τοὺς
3005 2244 3151 2315 αύτῷ
3179 2243 3556 2314 πειθομένους.

2096 2384 2099 2387 ν
2124 2341 2325 2415 Βόθρος
2359 2341 2526 2411 βαθὺς
2555 2342 2583 2392 6
2599 2339 2841 2402 διάϐολός
2862 2341 3007 2391 ἐστιν
3026 2355 3038 2367 ·
3061 2339 3090 2390 6
3117 2337 3172 2389 δὲ
3204 2335 3451 2407 μισηθεὶς
3476 2333 3635 2404 παρά

2052 2431 2279 2501 Κυρίου,
2306 2432 2335 2482 6
2366 2430 2438 2501 μὴ
2491 2429 2667 2500 ἐαυτῷ
2703 2429 2986 2501 προσέχων
3024 2428 3312 2497 ἀσφαλῶς·
3355 2429 3384 2479 ό
3421 2426 3478 2478 δὲ
3506 2424 3633 2477 Ἰὼϐ

2051 2521 2111 2573 ού
2142 2520 2391 2591 μισηθεὶς
2418 2520 2523 2573 ὑπὸ
2556 2519 2783 2592 Κυρίου,
2818 2519 2952 2573 ἀλλά
2994 2519 3226 2590 δοκιμῆς
3266 2518 3423 2588 χάριν
3456 2518 3534 2579 είς
3566 2513 3641 2568 τὸ·

2051 2609 2143 2663 τοῦ
2163 2610 2478 2681 παρανόμου
2502 2609 2877 2679 πέπτωκε(15)
2900 2607 3081 2678 στόμα·
3110 2609 3139 2660 6
3165 2607 3222 2659 δὲ
3250 2604 3496 2677 μισηθεὶς
3522 2603 3631 2656 ὑπὸ

2051 2703 2279 2776 Κυρίου,
2312 2706 2392 2766 είς
2420 2702 2571 2767 τέλος
2593 2701 3063 2771 καταλιμπάνεται
3105 2700 3163 2752 ὲν
3195 2697 3272 2769 τῷ
3313 2697 3508 2768 βόθρῳ,
3534 2714 3631 2766 φι-

2050 2799 2267 2871 λήδονος
2290 2797 2364 2851 ὣν
2391 2799 2448 2850 ὲν
2481 2794 2679 2865 γνώσει
2712 2794 3009 2866 ἁμαρτίας.

2119 2891 2351 2961 Μακράν
2402 2890 2511 2943 ἀπὸ
2558 2889 2660 2959 τῆς
2705 2888 2931 2959 καρδίας
2974 2884 3067 2939 τοῦ
3115 2884 3348 2957 ἄφρονός
3392 2883 3539 2935 ἐστιν
3587 2882 3626 2952 ἡ

2054 2982 2246 3053 ῥάϐδος
2272 2983 2305 3053 ἡ
2329 2982 2393 3035 ὲκ
2417 2981 2516 3051 τῆς
2543 2977 2701 3051 ῥίζης
2730 2979 2927 3032 Ἰεσσαὶ
2951 2981 2978 3031 ό
3004 2978 3256 3050 Χριστὸς,
3288 2976 3345 3039 ὃς
3369 2975 3636 3043 ποιμανεί

2050 3073 2142 3125 τὸν
2164 3072 2292 3125 λαὸν
2320 3069 2485 3124 αὐτοῦ
2513 3069 2605 3123 τὸν
2635 3068 2754 3122 νέον
2791 3067 3008 3139 Ἰσραὴλ
3036 3069 3093 3121 ὲν
3124 3070 3190 3138 τῇ
3208 3068 3345 3137 νομῇ
3367 3064 3474 3117 τῶν
3493 3065 3635 3117 ξαν--

1971 3189 2015 3247 c
2053 3164 2151 3217 τοῦ
2188 3162 2496 3235 προϐάτων.

2119 3255 2327 3324 Ὥσπερ
2356 3256 2385 3307 6
2409 3252 2652 3316 διάϐολος
2677 3251 2999 3320 συκοφαντεῖ
3025 3249 3172 3319 ἡμᾶς
3198 3247 3334 3319 πρὸς
3355 3246 3444 3299 τὸν
3465 3244 3633 3309 Θεὸν,

2044 3345 2335 3417 λαμϐάνων
2380 3346 2510 3416 παρ’
2548 3342 2704 3415 ήμῶν
2752 3342 2855 3406 τὰς
2895 3340 3115 3413 ἀρετὰς,
3156 3340 3221 3403 ἃς
3280 3340 3354 3409 μὴ
3393 3338 3633 3391 δέδωκεν

2046 3439 2201 3507 ἡμῖν,
2235 3435 2378 3489 οὕτω
2403 3437 2497 3489 καὶ
2535 3436 2697 3506 ἡμεῖς
2734 3432 3174 3503 συκοφαντοῦμεν
3208 3431 3367 3483 αὑτὸν
3409 3429 3629 3499 λαμϐά-

2044 3544 2228 3591 νοντες
2250 3530 2377 3598 παρ’
2395 3527 2560 3582 αὑτοῦ
2587 3527 2685 3590 τὰς
2712 3526 2908 3588 κακίας
2930 3525 2995 3588 ἃς
3023 3525 3095 3594 μὴ
3117 3521 3426 3592 δεδώκαμεν
3450 3520 3629 3590 αὐτῷ·

2046 3621 2139 3673 καὶ
2172 3619 2306 3672 καθὸ
2342 3620 2441 3690 μὲν
2472 3618 2817 3690 λαμϐάνομεν
2837 3618 2964 3689 παρ’
2989 3615 3152 3669 αὐτοῦ
3178 3614 3277 3679 τὰς
3305 3615 3522 3677 κακίας,
3548 3614 3630 3677 ὡς

2046 3710 2200 3782 παρά
2234 3710 2461 3780 πένητος
2494 3712 2552 3763 ὲν
2589 3711 2811 3781 ἀρεταῖς
2846 3708 3222 3779 λαμϐάνομεν·
3272 3706 3405 3759 καθὸ
3436 3706 3492 3758 δὲ
3524 3704 3628 3768 τὰς

2045 3802 2246 3874 ἀρετὰς
2268 3804 2301 3873 ή
2312 3802 2427 3873 μῶν
2450 3800 2701 3871 διδόαμεν
2732 3800 2879 3870 αὐτῷ
2912 3801 2997 3851 ἐπ’
3026 3796 3315 3852 ἐλαττώσει
3347 3797 3521 3868 ἡμῶν,
3546 3797 3627 3860 ὡς

2046 3895 2288 3964 πλουσίῳ
2329 3894 2386 3945 ὲν
2428 3891 2596 3962 κακίᾳ
2632 3891 2914 3961 διδόαμεν·
2957 3891 3164 3960 μήποτε
3196 3889 3276 3953 δὲ,
3312 3888 3494 3964 φησὶν,
3545 3888 3626 3951 ὡς

2043 3987 2198 4054 ὀλίγα
2225 3961 2400 4048 διδοὺς
2437 3961 2654 4055 ἄρχοντι
2677 4001 2691 4013 ·
2728 3983 2855 4052 παρ’
2883 3975 2927 4049 ᾧ
2978 3984 3302 4050 συκοφαντεί
3348 3980 3417 4034 τὰ
3453 3961 3629 4034 πλείω

378 4068 597 4135 gravius
625 4070 820 4122 animae
844 4070 1225 4125 detrimentum
1255 4076 1513 4142 patiatur.

2063 4077 2367 4148 ιερδαίνων,
2400 4074 2561 4128 πλέον
2593 4074 2687 4127 καὶ
2722 4072 3021 4143 βλάπτεται
3050 4072 3149 4142 τὴν
3175 4070 3372 4141 ψυχήν.

448 4158 496 4190 ⁵³
524 4159 626 4226 Qui
652 4162 1065 4230 sapientissimis
1092 4162 1184 4217 Dei
1220 4165 1400 4221 verbis
1429 4169 1682 4234 attendit,
1716 4180 1769 4224 et
1822 4171 1943 4240 ejus

2127 4170 2185 4221 '0
2205 4170 2319 4232 τοῖς
2345 4166 2643 4235 πανσόφοις
2667 4165 2845 4233 λόγοις
2876 4164 3158 4233 προσέχων
3188 4162 3285 4214 τοῦ
3328 4160 3485 4224 Θεοῦ,
3526 4161 3626 4213 καὶ

375 4250 630 4306 observat
653 4254 927 4320 mandata,
958 4256 1047 4311 hic
1071 4272 1164 4311 cor
1198 4260 1509 4321 contirmat,
1553 4270 1609 4314 et
1637 4261 1776 4316 bona
1821 4277 1945 4318 esse

2063 4258 2211 4312 ποιῶν
2242 4258 2312 4312 τὰ
2346 4257 2801 4328 προστασσόμενα
2821 4256 2913 4307 ὑπ’
2940 4253 3125 4317 αὑτοῦ,
3164 4248 3319 4317 οὗτος
3348 4253 3624 4321 ἐπέστησε

375 4345 672 4414 cognoscit.
703 4343 795 4399 [lle
824 4347 975 4401 audit
1003 4348 1096 4402 Dei
1121 4351 1304 4410 verba,
1345 4351 1435 4418 qui
1463 4367 1586 4419 qua:
1617 4357 1942 4410 mandantur

2063 4352 2137 4422 τὴν
2162 4352 2410 4423 καρδίαν,
2447 4352 2539 4405 καὶ
2568 4350 2707 4419 ἔγνω
2739 4351 2818 4403 ὅτι
2846 4349 3001 4402 καλοί
3034 4351 3171 4402 εἰσιν
3190 4366 3203 4379 ·
3239 4341 3393 4412 οὗτος
3430 4346 3621 4402 ἀκούει

374 4434 444 4489 ab
482 4434 586 4490 illis
627 4438 971 4506 exsequitur.
1007 4439 1128 4493 Non
1171 4440 1309 4493 enim
1349 4445 1616 4497 auditores
1652 4443 1782 4514 legis
1802 4446 1941 4516 justi

2063 4444 2151 4497 ;ῶν
2176 4444 2269 4497 τοῦ
2300 4443 2435 4497 Θεοῦ
2470 4443 2664 4511 λόγων,
2690 4445 2718 4495 6
2746 4441 2915 4496 ποιῶν
2948 4442 3016 4495 τὰ
3050 4442 3501 4513 προστασσόμενα
3525 4442 3624 4494 ὑπ’

374 4530 514 4595 apud
550 4528 753 4595 Deum,
784 4532 872 4585 sed
926 4531 1156 4599 factores
1204 4533 1329 4602 legis
1371 4536 1813 4604 justi/icabuntur
1863 4538 1976 4593 “.1

2063 4533 2233 4586 ιύτῶν·
2257 4535 2338 4587 Οὐ
2367 4533 2475 4602 γὰρ
2502 4535 2554 4586 οἱ
2582 4533 2864 4600 ἀκροαταὶ
2888 4532 2991 4586 τοῦ
3007 4534 3191 4601 νόμου
3217 4532 3431 4586 δίκαιοι
3454 4532 3617 4600 παρὰ

373 4622 523 4688 Quod
551 4626 593 4678 si
623 4625 1032 4681 contirtnaveris
1065 4643 1158 4681 cor
1194 4638 1341 4680 tuum
1374 4632 1440 4681 ad
1472 4629 1754 4685 sciendum
1781 4647 1941 4701 mque

2063 4624 2121 4690 τῷ
2151 4623 2292 4688 Θεῷ,
2318 4626 2451 4677 ἀλλ’
2481 4627 2534 4677 οἱ
2563 4624 2797 4691 ποιηταὶ
2835 4624 2941 4677 τοῦ
2966 4625 3153 4691 νόμου
3186 4624 3616 4692 δικαιωθήσον-

371 4727 428 4771 et
472 4719 774 4788 agendum;
834 4719 1208 4773 manifestabit
1261 4721 1355 4774 tibi
1412 4721 1555 4775 Dens
1588 4721 1730 4777 viam
1780 4738 1933 4777 suam

2063 4735 2152 4771 rat.
2193 4716 2315 4769 Ἐὰν
2341 4716 2397 4769 δὲ
2430 4717 2731 4787 ἐπιστήσῃς
2776 4717 2873 4786 σὴν
2900 4715 3129 4785 καρδίαν
3164 4714 3258 4769 τοῦ
3292 4714 3495 4783 γνῶναι
3520 4717 3615 4769 καὶ

372 4826 492 4882 qua:
522 4811 653 4865 dicit
679 4828 693 4863 :
727 4809 840 4881 Ego
874 4827 989 4865 sum
1013 4812 1096 4865 uia
1120 4822 1168 4866 et
1200 4813 1392 4867 veritas
1412 4813 1483 4870 ⁵⁸.

2063 4806 2283 4875 ποιῆσαι,
2312 4805 2569 4876 γνωρίσει
2603 4822 2684 4857 σοι
2716 4806 2816 4875 τὴν
2855 4805 2971 4858 ὁδὸν
3001 4805 3164 4858 αὐτοῦ
3193 4805 3291 4877 τὴν
3316 4805 3573 4859 εἰποῦσαν
3593 4822 3611 4837 ·

2053 4894 2200 4964 Ἐγώ
2224 4897 2339 4964 ειμι
2361 4896 2399 4963 ἡ
2435 4893 2576 4959 ὁδὸς
2598 4893 2696 4946 καὶ
2720 4895 2757 4961 ἠ
2779 4893 3048 4959 ἀλήθεια.

439 4985 487 5019 ³⁸
519 4983 621 5051 Qui
654 4984 845 5039 dilatat
891 4986 1128 5055 puritate
1161 5000 1257 5043 cor
1286 5003 1462 5054 suum,
1514 4990 1607 5046 Dei
1658 4991 1939 5049 doctrinas

2114 4990 2173 5041 '0
2202 4987 2475 5051 πλατύνας
2500 4986 2589 5040 διὰ
2620 4988 2717 5056 τῆς
2746 4986 3115 5055 καθαρότητος
3147 4986 3245 5057 τὴν
3267 4984 3492 5056 καρδίαν
3511 4985 3579 5038 αύ

373 5076 657 5147 intelliget,
688 5077 977 5146 practicas,
1009 5080 1270 5144 eruditas,
1303 5082 1658 5152 theologicas.
1687 5084 1937 5155 Namque

2064 5081 2148 5145 οὗ,
2186 5082 2367 5151 νοήσει
2394 5081 2519 5144 τοὺς
2550 5080 2643 5134 τοῦ
2682 5079 2818 5132 Θεοῦ
2861 5080 3071 5148 λόγους,
3107 5080 3234 5143 τούς
3278 5095 3337 5131 τε
3370 5095 3611 5149 πρακτι-

369 5167 550 5221 omnis
584 5167 940 5224 Salomonicae
965 5171 1248 5240 scriptura:
1280 5176 1526 5241 materia,
1557 5175 1823 5230 trifariam
1850 5177 1934 5231 di-

2063 5176 2183 5239 ιοὺς,
2226 5174 2477 5237 καὶτοὺς
2524 5174 2890 5241 σοφιστικοὺς,
2932 5174 3026 5225 καὶ
3066 5173 3190 5235 τοὺς
3219 5172 3560 5239 θεολογικούς
3585 5188 3609 5204 “

368 5260 599 5327 viditur,
625 5262 678 5315 in
719 5262 974 5331 ethicam,
1009 5265 1286 5336 physicam
1313 5276 1369 5322 et
1400 5266 1771 5337 theologicam.
1800 5268 1935 5323 Per-

2063 5266 2188 5319 πᾶσα
2212 5263 2322 5335 γὰρ
2355 5266 2388 5335 ἡ
2418 5263 2559 5317 κατὰ
2582 5264 2681 5333 τὴν
2708 5263 2929 5335 Γραφὴν
2950 5260 3318 5334 πραγματεία,
3356 5262 3617 5333 τέμνεται

371 5351 695 5404 tinentvero
712 5351 777 5405 ad
802 5352 1037 5420 primam
1067 5353 1381 5420 Proverbia,
1414 5358 1479 5410 ad
1506 5358 1800 5412 secundam
1831 5358 1932 5412 Ec-

2063 5357 2257 5428 ριχῶς,
2293 5359 2373 5419 είς
2411 5356 2606 5426 ἠθικὴν
2640 5357 2736 5408 καὶ
2763 5354 2993 5424 φυσικὴν
3022 5355 3117 5406 καὶ
3136 5354 3481 5425 θεολογικήν·
3518 5356 3617 5409 καὶ

367 5440 670 5504 clesiastes,
701 5442 766 5495 ad
800 5443 1019 5497 tertiam
1063 5444 1345 5501 Canticum
1386 5445 1726 5502 canticorum
1756 5465 1769 5500 :
1805 5462 1929 5517 qua:

2063 5448 2315 5502 ικολουθεῖ
2346 5451 2412 5520 τῇ
2444 5450 2538 5520 μὲν
2566 5448 2775 5521 πρώτῃ,
2816 5450 2871 5501 αἱ
2919 5448 3240 5518 Προοιμίαι·
3284 5449 3349 5518 τῇ
3395 5447 3454 5501 δὲ
3492 5448 3619 5501 δευ-

369 5531 650 5587 intellecta
677 5546 775 5602 per
806 5534 1101 5602 puritatem
1128 5536 1280 5592 cordi
1331 5536 1735 5604 inscribuntur;
1768 5547 1825 5592 ut
1849 5553 1926 5594 re-

2064 5540 2183 5611 έρᾳ,
2205 5541 2235 5593 6
2268 5540 2715 5610 Ἑκκλησιαστής·
2735 5538 2877 5609 τῇδὲ
2900 5538 3083 5612 τρίτῃ,
3116 5538 3303 5609 ’ᾼσμα
3323 5538 3606 5609 ᾀσμάτων·

438 5623 668 5682 “γ.12.
742 5624 961 5684 "Joan.
1035 5643 1097 5695 ι,
1144 5630 1229 5685 ιι.
1304 5630 1540 5688 “VJS.
1619 5631 1743 5689 "v.
1774 5632 1859 5687 14.
1928 5632 1975 5665 “

370 5693 546 5756 muti.
597 5695 645 5727 “
674 5710 722 5749 ν.
746 5696 834 5749 20.
1604 5700 1611 5703 ’

2074 5634 2218 5694 νοίῦ.
2277 5633 2497 5691 "v.l6.
2574 5634 2619 5665 “
2652 5648 2701 5688 v.
2727 5632 2812 5689 17.
2882 5632 2929 5665 ⁸⁸
2955 5629 3111 5687 Rom.
3133 5630 3298 5696 11,15.
3375 5628 3613 5685 "Joan.

443 5790 555 5863 (l3)
593 5790 752 5861 Cod.,
786 5793 1026 5848 πέπωκε.
