  <div class='ocr_page' id='page_1' title='image "/cluster/home/n/w/nwhite01/storage/ocr_20150623/17/nnc1.0046978615/120.png"; bbox 0 0 3888 6214; ppageno 0'>
   <div class='ocr_carea' id='block_1_1' title="bbox 223 385 325 440">
    <p class='ocr_par' dir='ltr' id='par_1_1' title="bbox 223 385 325 440">
     <span class='ocr_line' id='line_1_1' title="bbox 223 385 325 440; baseline 0 0"><span class='ocrx_word' id='word_1_1' title='bbox 223 385 325 440; x_wconf 70' lang='grc'><strong>321</strong></span> 
     </span>
    </p>
   </div>
   <div class='ocr_carea' id='block_1_2' title="bbox 1380 396 2304 460">
    <p class='ocr_par' dir='ltr' id='par_1_2' title="bbox 1380 396 2304 460">
     <span class='ocr_line' id='line_1_2' title="bbox 1380 396 2304 460; baseline 0.003 -6"><span class='ocrx_word' id='word_1_2' title='bbox 1380 396 1747 458; x_wconf 81' lang='lat' dir='ltr'><strong>EXPOSITIO</strong></span> <span class='ocrx_word' id='word_1_3' title='bbox 1788 401 1851 456; x_wconf 83' lang='lat' dir='ltr'><strong>IN</strong></span> <span class='ocrx_word' id='word_1_4' title='bbox 1892 401 2304 460; x_wconf 68' lang='lat' dir='ltr'><strong>PROVERBIA.</strong></span> 
     </span>
    </p>
   </div>
   <div class='ocr_carea' id='block_1_3' title="bbox 3358 404 3474 460">
    <p class='ocr_par' dir='ltr' id='par_1_3' title="bbox 3358 404 3474 460">
     <span class='ocr_line' id='line_1_3' title="bbox 3358 404 3474 460; baseline 0 0"><span class='ocrx_word' id='word_1_5' title='bbox 3358 404 3474 460; x_wconf 53' lang='lat'><strong>22:}</strong></span> 
     </span>
    </p>
   </div>
   <div class='ocr_carea' id='block_1_4' title="bbox 224 505 1802 590">
    <p class='ocr_par' dir='ltr' id='par_1_4' title="bbox 224 505 1802 590">
     <span class='ocr_line' id='line_1_4' title="bbox 224 505 1802 590; baseline 0.01 -33"><span class='ocrx_word' id='word_1_6' title='bbox 224 505 372 574; x_wconf 76' lang='grc' dir='ltr'>ἅπερ</span> <span class='ocrx_word' id='word_1_7' title='bbox 412 505 674 575; x_wconf 79' lang='grc' dir='ltr'><strong>νοηθέντα</strong></span> <span class='ocrx_word' id='word_1_8' title='bbox 728 508 816 562; x_wconf 84' lang='grc' dir='ltr'><strong>διὰ</strong></span> <span class='ocrx_word' id='word_1_9' title='bbox 839 507 1207 583; x_wconf 85' lang='grc' dir='ltr'>καθαρότητος</span> <span class='ocrx_word' id='word_1_10' title='bbox 1254 514 1694 587; x_wconf 76' lang='grc' dir='ltr'><strong>ἐναπογράφεται</strong></span> <span class='ocrx_word' id='word_1_11' title='bbox 1736 522 1802 590; x_wconf 81' lang='grc' dir='ltr'><strong>τῇ</strong></span> 
     </span>
    </p>
   </div>
   <div class='ocr_carea' id='block_1_5' title="bbox 1912 505 3462 590">
    <p class='ocr_par' dir='ltr' id='par_1_5' title="bbox 1913 518 3462 589">
     <span class='ocr_line' id='line_1_5' title="bbox 1913 518 3462 589; baseline 0.001 -14"><span class='ocrx_word' id='word_1_12' title='bbox 1913 522 2182 589; x_wconf 87' lang='lat' dir='ltr'><strong>spondere</strong></span> <span class='ocrx_word' id='word_1_13' title='bbox 2214 518 2410 589; x_wconf 89' lang='lat' dir='ltr'><strong>possis,</strong></span> <span class='ocrx_word' id='word_1_14' title='bbox 2437 527 2487 573; x_wconf 90' lang='lat' dir='ltr'><strong>te</strong></span> <span class='ocrx_word' id='word_1_15' title='bbox 2504 534 2619 573; x_wconf 86' lang='lat' dir='ltr'><strong>esse</strong></span> <span class='ocrx_word' id='word_1_16' title='bbox 2638 528 2883 587; x_wconf 78' lang='lat' dir='ltr'><strong>paratum</strong></span> <span class='ocrx_word' id='word_1_17' title='bbox 2930 519 2999 571; x_wconf 85' lang='lat' dir='ltr'><strong>ad</strong></span> <span class='ocrx_word' id='word_1_18' title='bbox 3052 519 3462 587; x_wconf 70' lang='lat' dir='ltr'><strong>satisfactionem</strong></span> 
     </span>
    </p>
   </div>
   <div class='ocr_carea' id='block_1_6' title="bbox 227 596 1804 677">
    <p class='ocr_par' dir='ltr' id='par_1_6' title="bbox 227 596 1804 677">
     <span class='ocr_line' id='line_1_6' title="bbox 227 596 1804 677; baseline 0.008 -29"><span class='ocrx_word' id='word_1_19' title='bbox 227 596 445 666; x_wconf 78' lang='grc' dir='ltr'><strong>καρδίᾳ,</strong></span> <span class='ocrx_word' id='word_1_20' title='bbox 478 596 572 649; x_wconf 82' lang='grc' dir='ltr'>τοῦ</span> <span class='ocrx_word' id='word_1_21' title='bbox 595 599 990 671; x_wconf 89' lang='grc' dir='ltr'>ἀποκρίνασθαί</span> <span class='ocrx_word' id='word_1_22' title='bbox 1019 619 1099 667; x_wconf 89' lang='grc' dir='ltr'><strong>σε,</strong></span> <span class='ocrx_word' id='word_1_23' title='bbox 1124 605 1203 670; x_wconf 87' lang='grc' dir='ltr'><strong>ὡς</strong></span> <span class='ocrx_word' id='word_1_24' title='bbox 1226 605 1462 675; x_wconf 79' lang='grc' dir='ltr'>ἕτοιμον</span> <span class='ocrx_word' id='word_1_25' title='bbox 1478 604 1631 663; x_wconf 78' lang='grc' dir='ltr'>εἶναι</span> <span class='ocrx_word' id='word_1_26' title='bbox 1655 609 1804 677; x_wconf 84' lang='grc' dir='ltr'>πρὸς</span> 
     </span>
    </p>
   </div>
   <div class='ocr_carea' id='block_1_7' title="bbox 226 686 1802 770">
    <p class='ocr_par' dir='ltr' id='par_1_7' title="bbox 226 686 1802 770">
     <span class='ocr_line' id='line_1_7' title="bbox 226 686 1802 770; baseline 0.01 -31"><span class='ocrx_word' id='word_1_27' title='bbox 226 686 563 755; x_wconf 71' lang='grc' dir='ltr'>ἀπολογίαν</span> <span class='ocrx_word' id='word_1_28' title='bbox 607 692 787 744; x_wconf 76' lang='grc' dir='ltr'>παντὶ</span> <span class='ocrx_word' id='word_1_29' title='bbox 830 694 911 759; x_wconf 85' lang='grc' dir='ltr'>τῷ</span> <span class='ocrx_word' id='word_1_30' title='bbox 939 694 1303 763; x_wconf 81' lang='grc' dir='ltr'><strong>ἐπερωτῶντι</strong></span> <span class='ocrx_word' id='word_1_31' title='bbox 1344 713 1418 751; x_wconf 87' lang='grc' dir='ltr'><strong>σε</strong></span> <span class='ocrx_word' id='word_1_32' title='bbox 1456 701 1641 770; x_wconf 74' lang='grc' dir='ltr'>λόγον</span> <span class='ocrx_word' id='word_1_33' title='bbox 1670 702 1802 770; x_wconf 78' lang='grc' dir='ltr'>περὶ</span> 
     </span>
    </p>
   </div>
   <div class='ocr_carea' id='block_1_8' title="bbox 226 776 1805 858">
    <p class='ocr_par' dir='ltr' id='par_1_8' title="bbox 226 776 1805 858">
     <span class='ocr_line' id='line_1_8' title="bbox 226 776 1805 858; baseline 0.011 -30"><span class='ocrx_word' id='word_1_34' title='bbox 226 776 341 843; x_wconf 81' lang='grc' dir='ltr'>τῆς</span> <span class='ocrx_word' id='word_1_35' title='bbox 362 778 435 830; x_wconf 75' lang='grc' dir='ltr'><strong>ἐν</strong></span> <span class='ocrx_word' id='word_1_36' title='bbox 469 780 569 832; x_wconf 79' lang='grc' dir='ltr'><strong>σοί</strong></span> <span class='ocrx_word' id='word_1_37' title='bbox 597 780 863 850; x_wconf 73' lang='grc' dir='ltr'>ἐλπίδος·</span> <span class='ocrx_word' id='word_1_38' title='bbox 893 784 1001 838; x_wconf 71' lang='grc' dir='ltr'>εἴτε</span> <span class='ocrx_word' id='word_1_39' title='bbox 1027 785 1117 839; x_wconf 84' lang='grc' dir='ltr'><strong>διὰ</strong></span> <span class='ocrx_word' id='word_1_40' title='bbox 1146 787 1211 839; x_wconf 85' lang='grc' dir='ltr'>τὸ</span> <span class='ocrx_word' id='word_1_41' title='bbox 1239 788 1447 858; x_wconf 84' lang='grc' dir='ltr'><strong>μαθεῖν,</strong></span> <span class='ocrx_word' id='word_1_42' title='bbox 1485 792 1593 844; x_wconf 75' lang='grc' dir='ltr'>εἴτε</span> <span class='ocrx_word' id='word_1_43' title='bbox 1626 792 1713 845; x_wconf 86' lang='grc' dir='ltr'>διὰ</span> <span class='ocrx_word' id='word_1_44' title='bbox 1743 793 1805 845; x_wconf 82' lang='grc' dir='ltr'>τὸ</span> 
     </span>
    </p>
   </div>
   <div class='ocr_carea' id='block_1_9' title="bbox 227 868 1804 954">
    <p class='ocr_par' dir='ltr' id='par_1_9' title="bbox 227 868 1804 954">
     <span class='ocr_line' id='line_1_9' title="bbox 227 868 1804 954; baseline 0.011 -35"><span class='ocrx_word' id='word_1_45' title='bbox 227 868 609 923; x_wconf 84' lang='grc' dir='ltr'>ἀντιτιθεῖναι·</span> <span class='ocrx_word' id='word_1_46' title='bbox 644 872 921 944; x_wconf 84' lang='grc' dir='ltr'>ἀντερώτα</span> <span class='ocrx_word' id='word_1_47' title='bbox 958 877 1014 929; x_wconf 85' lang='grc' dir='ltr'>δὲ</span> <span class='ocrx_word' id='word_1_48' title='bbox 1056 879 1150 931; x_wconf 77' lang='grc' dir='ltr'>καὶ</span> <span class='ocrx_word' id='word_1_49' title='bbox 1190 880 1253 931; x_wconf 81' lang='grc' dir='ltr'>σὺ</span> <span class='ocrx_word' id='word_1_50' title='bbox 1298 882 1427 945; x_wconf 87' lang='grc' dir='ltr'>τοὺς</span> <span class='ocrx_word' id='word_1_51' title='bbox 1476 882 1804 954; x_wconf 80' lang='grc' dir='ltr'><strong>δυναμένους</strong></span> 
     </span>
    </p>
   </div>
   <div class='ocr_carea' id='block_1_10' title="bbox 227 958 1805 1041">
    <p class='ocr_par' dir='ltr' id='par_1_10' title="bbox 227 958 1805 1041">
     <span class='ocr_line' id='line_1_10' title="bbox 227 958 1805 1041; baseline 0.013 -32"><span class='ocrx_word' id='word_1_52' title='bbox 227 958 572 1028; x_wconf 75' lang='grc' dir='ltr'>ἐρωτᾶσθαιο</span> <span class='ocrx_word' id='word_1_53' title='bbox 629 964 701 1035; x_wconf 85' lang='grc' dir='ltr'>μὴ</span> <span class='ocrx_word' id='word_1_54' title='bbox 740 966 920 1036; x_wconf 87' lang='grc' dir='ltr'>μέντοι</span> <span class='ocrx_word' id='word_1_55' title='bbox 984 967 1168 1033; x_wconf 78' lang='grc' dir='ltr'><strong>βιάζου</strong></span> <span class='ocrx_word' id='word_1_56' title='bbox 1222 970 1312 1023; x_wconf 86' lang='grc' dir='ltr'>τὸν</span> <span class='ocrx_word' id='word_1_57' title='bbox 1356 974 1416 1026; x_wconf 85' lang='grc' dir='ltr'>ὲν</span> <span class='ocrx_word' id='word_1_58' title='bbox 1460 972 1658 1041; x_wconf 82' lang='grc' dir='ltr'><strong>γνώσει</strong></span> <span class='ocrx_word' id='word_1_59' title='bbox 1711 993 1805 1029; x_wconf 89' lang='grc' dir='ltr'>πε-</span> 
     </span>
    </p>
   </div>
   <div class='ocr_carea' id='block_1_11' title="bbox 225 1049 1803 1137">
    <p class='ocr_par' dir='ltr' id='par_1_11' title="bbox 225 1049 1803 1137">
     <span class='ocr_line' id='line_1_11' title="bbox 225 1049 1803 1137; baseline 0.011 -34"><span class='ocrx_word' id='word_1_60' title='bbox 225 1049 491 1120; x_wconf 80' lang='grc' dir='ltr'>νόμενον·</span> <span class='ocrx_word' id='word_1_61' title='bbox 536 1054 616 1108; x_wconf 88' lang='grc' dir='ltr'><strong>διὸ</strong></span> <span class='ocrx_word' id='word_1_62' title='bbox 654 1058 848 1127; x_wconf 76' lang='grc' dir='ltr'>ἐπάγει</span> <span class='ocrx_word' id='word_1_63' title='bbox 872 1078 884 1091; x_wconf 92' lang='grc'><strong>·</strong></span> <span class='ocrx_word' id='word_1_64' title='bbox 930 1062 1040 1114; x_wconf 80' lang='grc' dir='ltr'><strong>Καὶ</strong></span> <span class='ocrx_word' id='word_1_65' title='bbox 1093 1062 1166 1133; x_wconf 81' lang='grc' dir='ltr'>μὴ</span> <span class='ocrx_word' id='word_1_66' title='bbox 1208 1064 1479 1137; x_wconf 79' lang='grc' dir='ltr'><strong>ἀτιμάσῃς</strong></span> <span class='ocrx_word' id='word_1_67' title='bbox 1521 1066 1719 1137; x_wconf 81' lang='grc' dir='ltr'><strong>ἀσθενῆ</strong></span> <span class='ocrx_word' id='word_1_68' title='bbox 1746 1068 1803 1121; x_wconf 80' lang='grc' dir='ltr'>ὲν</span> 
     </span>
    </p>
   </div>
   <div class='ocr_carea' id='block_1_12' title="bbox 228 1144 445 1209">
    <p class='ocr_par' dir='ltr' id='par_1_12' title="bbox 228 1144 445 1209">
     <span class='ocr_line' id='line_1_12' title="bbox 228 1144 445 1209; baseline 0.009 -12"><span class='ocrx_word' id='word_1_69' title='bbox 228 1144 445 1209; x_wconf 79' lang='grc' dir='ltr'><strong>πύλαις.</strong></span> 
     </span>
    </p>
   </div>
   <div class='ocr_carea' id='block_1_13' title="bbox 296 1236 1805 1317">
    <p class='ocr_par' dir='ltr' id='par_1_13' title="bbox 296 1236 1805 1317">
     <span class='ocr_line' id='line_1_13' title="bbox 296 1236 1805 1317; baseline 0.012 -29"><span class='ocrx_word' id='word_1_70' title='bbox 296 1236 361 1289; x_wconf 85' lang='lat' dir='ltr'><strong>Oi</strong></span> <span class='ocrx_word' id='word_1_71' title='bbox 382 1239 511 1302; x_wconf 78' lang='grc' dir='ltr'>τοὺς</span> <span class='ocrx_word' id='word_1_72' title='bbox 521 1239 753 1308; x_wconf 83' lang='grc' dir='ltr'><strong>φαύλους</strong></span> <span class='ocrx_word' id='word_1_73' title='bbox 763 1242 1142 1316; x_wconf 86' lang='grc' dir='ltr'>ἀναδεχόμενοι</span> <span class='ocrx_word' id='word_1_74' title='bbox 1161 1247 1454 1317; x_wconf 83' lang='grc' dir='ltr'>λογισμοὺς</span> <span class='ocrx_word' id='word_1_75' title='bbox 1469 1287 1482 1311; x_wconf 91' lang='grc'><strong>,</strong></span> <span class='ocrx_word' id='word_1_76' title='bbox 1497 1252 1591 1305; x_wconf 77' lang='grc' dir='ltr'>καὶ</span> <span class='ocrx_word' id='word_1_77' title='bbox 1614 1255 1670 1306; x_wconf 85' lang='grc' dir='ltr'>ὲν</span> <span class='ocrx_word' id='word_1_78' title='bbox 1689 1253 1805 1306; x_wconf 82' lang='grc' dir='ltr'>τού-</span> 
     </span>
    </p>
   </div>
   <div class='ocr_carea' id='block_1_14' title="bbox 223 1334 1803 1417">
    <p class='ocr_par' dir='ltr' id='par_1_14' title="bbox 223 1334 1803 1417">
     <span class='ocr_line' id='line_1_14' title="bbox 223 1334 1803 1417; baseline 0.012 -35"><span class='ocrx_word' id='word_1_79' title='bbox 223 1346 304 1400; x_wconf 78' lang='grc' dir='ltr'>τῳ</span> <span class='ocrx_word' id='word_1_80' title='bbox 324 1334 594 1402; x_wconf 78' lang='grc' dir='ltr'>τιμῶντες</span> <span class='ocrx_word' id='word_1_81' title='bbox 609 1338 701 1392; x_wconf 80' lang='grc' dir='ltr'>τὸν</span> <span class='ocrx_word' id='word_1_82' title='bbox 714 1340 966 1413; x_wconf 80' lang='grc' dir='ltr'>πονηρὸν,</span> <span class='ocrx_word' id='word_1_83' title='bbox 990 1341 1436 1405; x_wconf 78' lang='grc' dir='ltr'>σπουδαζέτωσαν</span> <span class='ocrx_word' id='word_1_84' title='bbox 1448 1348 1546 1417; x_wconf 81' lang='grc' dir='ltr'><strong>ὅση</strong></span> <span class='ocrx_word' id='word_1_85' title='bbox 1574 1346 1803 1417; x_wconf 89' lang='grc' dir='ltr'>δύναμις</span> 
     </span>
    </p>
   </div>
   <div class='ocr_carea' id='block_1_15' title="bbox 225 1421 1798 1509">
    <p class='ocr_par' dir='ltr' id='par_1_15' title="bbox 225 1421 1798 1509">
     <span class='ocr_line' id='line_1_15' title="bbox 225 1421 1798 1509; baseline 0.012 -36"><span class='ocrx_word' id='word_1_86' title='bbox 225 1421 313 1475; x_wconf 77' lang='grc' dir='ltr'>διὰ</span> <span class='ocrx_word' id='word_1_87' title='bbox 332 1423 445 1477; x_wconf 90' lang='grc' dir='ltr'><strong>τῶν</strong></span> <span class='ocrx_word' id='word_1_88' title='bbox 471 1426 693 1495; x_wconf 86' lang='grc' dir='ltr'>ἀγαθῶν</span> <span class='ocrx_word' id='word_1_89' title='bbox 732 1430 1010 1502; x_wconf 83' lang='grc' dir='ltr'><strong>λογισμῶν</strong></span> <span class='ocrx_word' id='word_1_90' title='bbox 1040 1433 1348 1488; x_wconf 83' lang='grc' dir='ltr'><strong>ἀποδιδόναι</strong></span> <span class='ocrx_word' id='word_1_91' title='bbox 1376 1438 1503 1501; x_wconf 80' lang='grc' dir='ltr'>τοὺς</span> <span class='ocrx_word' id='word_1_92' title='bbox 1531 1437 1798 1509; x_wconf 81' lang='grc' dir='ltr'>χείρονας·</span> 
     </span>
    </p>
   </div>
   <div class='ocr_carea' id='block_1_16' title="bbox 224 1513 1804 1601">
    <p class='ocr_par' dir='ltr' id='par_1_16' title="bbox 224 1513 1804 1601">
     <span class='ocr_line' id='line_1_16' title="bbox 224 1513 1804 1601; baseline 0.011 -35"><span class='ocrx_word' id='word_1_93' title='bbox 224 1513 321 1567; x_wconf 78' lang='grc' dir='ltr'><strong>ἰάν</strong></span> <span class='ocrx_word' id='word_1_94' title='bbox 344 1514 454 1587; x_wconf 85' lang='grc' dir='ltr'><strong>γὰρ</strong></span> <span class='ocrx_word' id='word_1_95' title='bbox 474 1517 547 1588; x_wconf 85' lang='grc' dir='ltr'><strong>μὴ</strong></span> <span class='ocrx_word' id='word_1_96' title='bbox 575 1520 831 1590; x_wconf 76' lang='grc' dir='ltr'><strong>ἰσχύσωσι</strong></span> <span class='ocrx_word' id='word_1_97' title='bbox 852 1522 1010 1577; x_wconf 81' lang='grc' dir='ltr'>τοῦτο</span> <span class='ocrx_word' id='word_1_98' title='bbox 1029 1525 1271 1595; x_wconf 81' lang='grc' dir='ltr'>ποιῆσαι,</span> <span class='ocrx_word' id='word_1_99' title='bbox 1288 1527 1619 1599; x_wconf 69' lang='grc' dir='ltr'>λήψονταιτὸ</span> <span class='ocrx_word' id='word_1_100' title='bbox 1637 1529 1804 1601; x_wconf 86' lang='grc' dir='ltr'>στρῶ-</span> 
     </span>
    </p>
   </div>
   <div class='ocr_carea' id='block_1_17' title="bbox 228 1608 1799 1696">
    <p class='ocr_par' dir='ltr' id='par_1_17' title="bbox 228 1608 1799 1696">
     <span class='ocr_line' id='line_1_17' title="bbox 228 1608 1799 1696; baseline 0.013 -37"><span class='ocrx_word' id='word_1_101' title='bbox 228 1623 305 1676; x_wconf 84' lang='grc' dir='ltr'><strong>μα</strong></span> <span class='ocrx_word' id='word_1_102' title='bbox 319 1608 380 1661; x_wconf 75' lang='grc' dir='ltr'>τὸ</span> <span class='ocrx_word' id='word_1_103' title='bbox 392 1610 497 1663; x_wconf 78' lang='grc' dir='ltr'>ὑπὸ</span> <span class='ocrx_word' id='word_1_104' title='bbox 507 1612 607 1676; x_wconf 86' lang='grc' dir='ltr'>τὰς</span> <span class='ocrx_word' id='word_1_105' title='bbox 630 1616 869 1687; x_wconf 83' lang='grc' dir='ltr'>πλευρὰς</span> <span class='ocrx_word' id='word_1_106' title='bbox 884 1619 982 1688; x_wconf 82' lang='grc' dir='ltr'>τῆς</span> <span class='ocrx_word' id='word_1_107' title='bbox 996 1618 1195 1690; x_wconf 76' lang='grc' dir='ltr'>ψυχῆς,</span> <span class='ocrx_word' id='word_1_108' title='bbox 1208 1623 1450 1676; x_wconf 81' lang='grc' dir='ltr'><strong>τουτέστι</strong></span> <span class='ocrx_word' id='word_1_109' title='bbox 1469 1624 1566 1696; x_wconf 80' lang='grc' dir='ltr'>τὴν</span> <span class='ocrx_word' id='word_1_110' title='bbox 1578 1625 1799 1696; x_wconf 77' lang='grc' dir='ltr'>ἀρετήν.</span> 
     </span>
    </p>
   </div>
   <div class='ocr_carea' id='block_1_18' title="bbox 305 1697 1802 1783">
    <p class='ocr_par' dir='ltr' id='par_1_18' title="bbox 305 1697 1802 1783">
     <span class='ocr_line' id='line_1_18' title="bbox 305 1697 1802 1783; baseline 0.012 -33"><span class='ocrx_word' id='word_1_111' title='bbox 305 1697 365 1751; x_wconf 88' lang='grc' dir='ltr'>Ὀ</span> <span class='ocrx_word' id='word_1_112' title='bbox 388 1702 696 1769; x_wconf 75' lang='grc' dir='ltr'>μετατιθεὶς</span> <span class='ocrx_word' id='word_1_113' title='bbox 719 1704 788 1758; x_wconf 85' lang='grc' dir='ltr'><strong>τά</strong></span> <span class='ocrx_word' id='word_1_114' title='bbox 816 1707 940 1777; x_wconf 82' lang='grc' dir='ltr'>ὅρια</span> <span class='ocrx_word' id='word_1_115' title='bbox 973 1709 1072 1778; x_wconf 84' lang='grc' dir='ltr'>τῆς</span> <span class='ocrx_word' id='word_1_116' title='bbox 1111 1709 1441 1775; x_wconf 86' lang='grc' dir='ltr'>θεοσεϐείας,</span> <span class='ocrx_word' id='word_1_117' title='bbox 1473 1713 1802 1783; x_wconf 86' lang='grc' dir='ltr'>δεισιδαιμο-</span> 
     </span>
    </p>
   </div>
   <div class='ocr_carea' id='block_1_19' title="bbox 223 1789 1803 1874">
    <p class='ocr_par' dir='ltr' id='par_1_19' title="bbox 223 1789 1803 1874">
     <span class='ocr_line' id='line_1_19' title="bbox 223 1789 1803 1874; baseline 0.012 -34"><span class='ocrx_word' id='word_1_118' title='bbox 223 1789 344 1841; x_wconf 90' lang='grc' dir='ltr'>νίαν</span> <span class='ocrx_word' id='word_1_119' title='bbox 369 1790 402 1860; x_wconf 78' lang='grc' dir='ltr'>ἢ</span> <span class='ocrx_word' id='word_1_120' title='bbox 437 1792 692 1848; x_wconf 90' lang='grc' dir='ltr'>ἀσέϐειαν</span> <span class='ocrx_word' id='word_1_121' title='bbox 723 1798 891 1869; x_wconf 80' lang='grc' dir='ltr'>αὐτὴν</span> <span class='ocrx_word' id='word_1_122' title='bbox 919 1799 1298 1854; x_wconf 88' lang='grc' dir='ltr'>ἀποδείκνυσι·</span> <span class='ocrx_word' id='word_1_123' title='bbox 1328 1804 1422 1856; x_wconf 77' lang='grc' dir='ltr'>καὶ</span> <span class='ocrx_word' id='word_1_124' title='bbox 1443 1803 1471 1853; x_wconf 86' lang='grc' dir='ltr'>ὁ</span> <span class='ocrx_word' id='word_1_125' title='bbox 1500 1804 1803 1874; x_wconf 73' lang='grc' dir='ltr'>μετατιθεὶς</span> 
     </span>
    </p>
   </div>
   <div class='ocr_carea' id='block_1_20' title="bbox 1907 611 3467 680">
    <p class='ocr_par' dir='ltr' id='par_1_20' title="bbox 1907 611 3467 680">
     <span class='ocr_line' id='line_1_20' title="bbox 1907 611 3467 680; baseline 0 -15"><span class='ocrx_word' id='word_1_126' title='bbox 1907 615 2050 665; x_wconf 84' lang='lat' dir='ltr'><strong>omni</strong></span> <span class='ocrx_word' id='word_1_127' title='bbox 2078 613 2309 678; x_wconf 84' lang='lat' dir='ltr'><strong>poscenti</strong></span> <span class='ocrx_word' id='word_1_128' title='bbox 2343 611 2595 664; x_wconf 83' lang='lat' dir='ltr'><strong>rationem</strong></span> <span class='ocrx_word' id='word_1_129' title='bbox 2642 611 2708 663; x_wconf 87' lang='lat' dir='ltr'><strong>de</strong></span> <span class='ocrx_word' id='word_1_130' title='bbox 2743 626 2808 664; x_wconf 85' lang='lat' dir='ltr'><strong>ea</strong></span> <span class='ocrx_word' id='word_1_131' title='bbox 2857 626 2974 680; x_wconf 69' lang='lat' dir='ltr'><strong>quia</strong></span> <span class='ocrx_word' id='word_1_132' title='bbox 3003 612 3059 664; x_wconf 84' lang='lat' dir='ltr'><strong>in</strong></span> <span class='ocrx_word' id='word_1_133' title='bbox 3092 620 3140 664; x_wconf 91' lang='lat' dir='ltr'><strong>te</strong></span> <span class='ocrx_word' id='word_1_134' title='bbox 3163 623 3235 665; x_wconf 89' lang='lat' dir='ltr'><strong>est</strong></span> <span class='ocrx_word' id='word_1_135' title='bbox 3265 629 3355 680; x_wconf 84' lang='lat' dir='ltr'><strong>spe</strong></span> <span class='ocrx_word' id='word_1_136' title='bbox 3376 611 3420 646; x_wconf 83' lang='grc'><strong>³⁷</strong></span> <span class='ocrx_word' id='word_1_137' title='bbox 3447 629 3467 677; x_wconf 85' lang='grc'><strong>;</strong></span> 
     </span>
    </p>
   </div>
   <div class='ocr_carea' id='block_1_21' title="bbox 1903 700 3462 757">
    <p class='ocr_par' dir='ltr' id='par_1_21' title="bbox 1903 700 3462 757">
     <span class='ocr_line' id='line_1_21' title="bbox 1903 700 3462 757; baseline 0 0"><span class='ocrx_word' id='word_1_138' title='bbox 1903 704 2019 757; x_wconf 84' lang='lat' dir='ltr'><strong>sive</strong></span> <span class='ocrx_word' id='word_1_139' title='bbox 2044 702 2357 756; x_wconf 86' lang='lat' dir='ltr'><strong>discendum</strong></span> <span class='ocrx_word' id='word_1_140' title='bbox 2402 701 2476 755; x_wconf 88' lang='lat' dir='ltr'><strong>sit</strong></span> <span class='ocrx_word' id='word_1_141' title='bbox 2526 701 2638 755; x_wconf 84' lang='lat' dir='ltr'><strong>sive</strong></span> <span class='ocrx_word' id='word_1_142' title='bbox 2672 700 3175 756; x_wconf 89' lang='lat' dir='ltr'><strong>contradicendum.</strong></span> <span class='ocrx_word' id='word_1_143' title='bbox 3214 702 3462 757; x_wconf 83' lang='lat' dir='ltr'><strong>Vicissim</strong></span> 
     </span>
    </p>
   </div>
   <div class='ocr_carea' id='block_1_22' title="bbox 1906 789 3471 863">
    <p class='ocr_par' dir='ltr' id='par_1_22' title="bbox 1906 789 3471 863">
     <span class='ocr_line' id='line_1_22' title="bbox 1906 789 3471 863; baseline 0.001 -19"><span class='ocrx_word' id='word_1_144' title='bbox 1906 800 1961 844; x_wconf 87' lang='lat' dir='ltr'><strong>tu</strong></span> <span class='ocrx_word' id='word_1_145' title='bbox 1986 804 2203 858; x_wconf 89' lang='lat' dir='ltr'><strong>quoque</strong></span> <span class='ocrx_word' id='word_1_146' title='bbox 2253 802 2348 842; x_wconf 89' lang='lat' dir='ltr'><strong>eos</strong></span> <span class='ocrx_word' id='word_1_147' title='bbox 2378 789 2674 856; x_wconf 84' lang='lat' dir='ltr'><strong>interroga,</strong></span> <span class='ocrx_word' id='word_1_148' title='bbox 2710 789 2803 859; x_wconf 88' lang='lat' dir='ltr'><strong>qui</strong></span> <span class='ocrx_word' id='word_1_149' title='bbox 2834 798 3064 859; x_wconf 88' lang='lat' dir='ltr'><strong>possunt</strong></span> <span class='ocrx_word' id='word_1_150' title='bbox 3098 790 3422 863; x_wconf 87' lang='lat' dir='ltr'><strong>interrogari</strong></span> <span class='ocrx_word' id='word_1_151' title='bbox 3448 807 3471 858; x_wconf 63' lang='grc' dir='ltr'>ι</span> 
     </span>
    </p>
   </div>
   <div class='ocr_carea' id='block_1_23' title="bbox 1899 867 3465 945">
    <p class='ocr_par' dir='ltr' id='par_1_23' title="bbox 1899 867 3465 945">
     <span class='ocr_line' id='line_1_23' title="bbox 1899 867 3465 945; baseline 0.006 -24"><span class='ocrx_word' id='word_1_152' title='bbox 1899 883 2073 937; x_wconf 90' lang='lat' dir='ltr'><strong>neque</strong></span> <span class='ocrx_word' id='word_1_153' title='bbox 2105 877 2285 923; x_wconf 89' lang='lat' dir='ltr'><strong>tamen</strong></span> <span class='ocrx_word' id='word_1_154' title='bbox 2315 868 2422 921; x_wconf 88' lang='lat' dir='ltr'><strong>vim</strong></span> <span class='ocrx_word' id='word_1_155' title='bbox 2461 867 2631 924; x_wconf 82' lang='lat' dir='ltr'><strong>facias</strong></span> <span class='ocrx_word' id='word_1_156' title='bbox 2665 870 2713 923; x_wconf 89' lang='lat' dir='ltr'><strong>ei</strong></span> <span class='ocrx_word' id='word_1_157' title='bbox 2760 874 2853 939; x_wconf 89' lang='lat' dir='ltr'><strong>qui</strong></span> <span class='ocrx_word' id='word_1_158' title='bbox 2891 874 3133 928; x_wconf 65' lang='lat' dir='ltr'><strong>scientia:</strong></span> <span class='ocrx_word' id='word_1_159' title='bbox 3175 884 3257 928; x_wconf 86' lang='lat' dir='ltr'><strong>est</strong></span> <span class='ocrx_word' id='word_1_160' title='bbox 3287 876 3465 945; x_wconf 81' lang='lat' dir='ltr'><strong>inops.</strong></span> 
     </span>
    </p>
   </div>
   <div class='ocr_carea' id='block_1_24' title="bbox 1899 957 3465 1030">
    <p class='ocr_par' dir='ltr' id='par_1_24' title="bbox 1899 957 3465 1030">
     <span class='ocr_line' id='line_1_24' title="bbox 1899 957 3465 1030; baseline 0.008 -20"><span class='ocrx_word' id='word_1_161' title='bbox 1899 960 1945 991; x_wconf 81' lang='grc'><strong>⁸⁸</strong></span> <span class='ocrx_word' id='word_1_162' title='bbox 1999 959 2201 1014; x_wconf 87' lang='lat' dir='ltr'><strong>Idcirco</strong></span> <span class='ocrx_word' id='word_1_163' title='bbox 2252 958 2455 1014; x_wconf 92' lang='lat' dir='ltr'><strong>addit:</strong></span> <span class='ocrx_word' id='word_1_164' title='bbox 2504 957 2692 1030; x_wconf 80' lang='lat' dir='ltr'><strong>Neque</strong></span> <span class='ocrx_word' id='word_1_165' title='bbox 2744 961 3038 1019; x_wconf 89' lang='lat' dir='ltr'><strong>inhonores</strong></span> <span class='ocrx_word' id='word_1_166' title='bbox 3084 965 3360 1021; x_wconf 86' lang='lat' dir='ltr'><strong>inﬁrmum</strong></span> <span class='ocrx_word' id='word_1_167' title='bbox 3411 968 3465 1022; x_wconf 89' lang='lat' dir='ltr'><strong>in</strong></span> 
     </span>
    </p>
   </div>
   <div class='ocr_carea' id='block_1_25' title="bbox 1896 1055 2087 1126">
    <p class='ocr_par' dir='ltr' id='par_1_25' title="bbox 1896 1055 2087 1126">
     <span class='ocr_line' id='line_1_25' title="bbox 1896 1055 2087 1126; baseline -0.005 -15"><span class='ocrx_word' id='word_1_168' title='bbox 1896 1055 2087 1126; x_wconf 89' lang='lat' dir='ltr'><strong>portis.</strong></span> 
     </span>
    </p>
   </div>
   <div class='ocr_carea' id='block_1_26' title="bbox 1969 1237 3469 1309">
    <p class='ocr_par' dir='ltr' id='par_1_26' title="bbox 1969 1237 3469 1309">
     <span class='ocr_line' id='line_1_26' title="bbox 1969 1237 3469 1309; baseline 0.002 -17"><span class='ocrx_word' id='word_1_169' title='bbox 1969 1239 2014 1273; x_wconf 72' lang='grc'>⁸⁸</span> <span class='ocrx_word' id='word_1_170' title='bbox 2045 1237 2147 1305; x_wconf 83' lang='lat' dir='ltr'><strong>Qui</strong></span> <span class='ocrx_word' id='word_1_171' title='bbox 2190 1252 2389 1307; x_wconf 87' lang='lat' dir='ltr'><strong>pravas</strong></span> <span class='ocrx_word' id='word_1_172' title='bbox 2417 1238 2736 1293; x_wconf 88' lang='lat' dir='ltr'><strong>admiserint</strong></span> <span class='ocrx_word' id='word_1_173' title='bbox 2775 1238 3128 1309; x_wconf 81' lang='lat' dir='ltr'><strong>cOgitationos</strong></span> <span class='ocrx_word' id='word_1_174' title='bbox 3149 1280 3164 1304; x_wconf 93' lang='lat'><strong>,</strong></span> <span class='ocrx_word' id='word_1_175' title='bbox 3196 1250 3357 1308; x_wconf 89' lang='lat' dir='ltr'><strong>atque</strong></span> <span class='ocrx_word' id='word_1_176' title='bbox 3393 1240 3469 1295; x_wconf 82' lang='lat' dir='ltr'><strong>ita</strong></span> 
     </span>
    </p>
   </div>
   <div class='ocr_carea' id='block_1_27' title="bbox 1899 1329 3464 1402">
    <p class='ocr_par' dir='ltr' id='par_1_27' title="bbox 1899 1329 3464 1402">
     <span class='ocr_line' id='line_1_27' title="bbox 1899 1329 3464 1402; baseline 0.002 -18"><span class='ocrx_word' id='word_1_177' title='bbox 1899 1329 2138 1400; x_wconf 82' lang='lat' dir='ltr'><strong>maligno</strong></span> <span class='ocrx_word' id='word_1_178' title='bbox 2164 1329 2378 1385; x_wconf 87' lang='lat' dir='ltr'><strong>diabolo</strong></span> <span class='ocrx_word' id='word_1_179' title='bbox 2406 1330 2666 1385; x_wconf 83' lang='lat' dir='ltr'><strong>honorem</strong></span> <span class='ocrx_word' id='word_1_180' title='bbox 2699 1331 3007 1394; x_wconf 76' lang='lat' dir='ltr'><strong>detulerint,</strong></span> <span class='ocrx_word' id='word_1_181' title='bbox 3038 1332 3093 1385; x_wconf 88' lang='lat' dir='ltr'><strong>hi</strong></span> <span class='ocrx_word' id='word_1_182' title='bbox 3130 1347 3230 1402; x_wconf 91' lang='lat' dir='ltr'><strong>pro</strong></span> <span class='ocrx_word' id='word_1_183' title='bbox 3258 1332 3464 1387; x_wconf 84' lang='lat' dir='ltr'><strong>viribus</strong></span> 
     </span>
    </p>
   </div>
   <div class='ocr_carea' id='block_1_28' title="bbox 1899 1422 3465 1479">
    <p class='ocr_par' dir='ltr' id='par_1_28' title="bbox 1899 1422 3465 1479">
     <span class='ocr_line' id='line_1_28' title="bbox 1899 1422 3465 1479; baseline 0.001 -1"><span class='ocrx_word' id='word_1_184' title='bbox 1899 1431 2090 1478; x_wconf 90' lang='lat' dir='ltr'><strong>curent</strong></span> <span class='ocrx_word' id='word_1_185' title='bbox 2118 1422 2275 1477; x_wconf 88' lang='lat' dir='ltr'><strong>bonis</strong></span> <span class='ocrx_word' id='word_1_186' title='bbox 2300 1422 2742 1478; x_wconf 68' lang='lat' dir='ltr'><strong>meditationibus</strong></span> <span class='ocrx_word' id='word_1_187' title='bbox 2773 1424 3074 1479; x_wconf 90' lang='lat' dir='ltr'><strong>deteriores</strong></span> <span class='ocrx_word' id='word_1_188' title='bbox 3104 1434 3465 1479; x_wconf 87' lang='lat' dir='ltr'><strong>commutare.</strong></span> 
     </span>
    </p>
   </div>
   <div class='ocr_carea' id='block_1_29' title="bbox 1900 1513 3463 1585">
    <p class='ocr_par' dir='ltr' id='par_1_29' title="bbox 1900 1513 3463 1585">
     <span class='ocr_line' id='line_1_29' title="bbox 1900 1513 3463 1585; baseline 0.003 -17"><span class='ocrx_word' id='word_1_189' title='bbox 1900 1515 1945 1547; x_wconf 83' lang='lat'><strong>‘°</strong></span> <span class='ocrx_word' id='word_1_190' title='bbox 1972 1513 2089 1571; x_wconf 87' lang='lat' dir='ltr'><strong>Nisi</strong></span> <span class='ocrx_word' id='word_1_191' title='bbox 2133 1515 2277 1569; x_wconf 93' lang='lat' dir='ltr'><strong>enim</strong></span> <span class='ocrx_word' id='word_1_192' title='bbox 2310 1515 2363 1569; x_wconf 90' lang='lat' dir='ltr'><strong>id</strong></span> <span class='ocrx_word' id='word_1_193' title='bbox 2394 1530 2552 1585; x_wconf 87' lang='lat' dir='ltr'><strong>agere</strong></span> <span class='ocrx_word' id='word_1_194' title='bbox 2580 1516 2869 1579; x_wconf 87' lang='lat' dir='ltr'><strong>valuerint,</strong></span> <span class='ocrx_word' id='word_1_195' title='bbox 2902 1516 3180 1572; x_wconf 72' lang='lat' dir='ltr'><strong>auferetur</strong></span> <span class='ocrx_word' id='word_1_196' title='bbox 3211 1516 3292 1571; x_wconf 86' lang='lat' dir='ltr'><strong>eis</strong></span> <span class='ocrx_word' id='word_1_197' title='bbox 3328 1525 3463 1572; x_wconf 86' lang='lat' dir='ltr'><strong>stra-</strong></span> 
     </span>
    </p>
   </div>
   <div class='ocr_carea' id='block_1_30' title="bbox 1897 1606 3063 1669">
    <p class='ocr_par' dir='ltr' id='par_1_30' title="bbox 1897 1606 3063 1669">
     <span class='ocr_line' id='line_1_30' title="bbox 1897 1606 3063 1669; baseline -0.001 -8"><span class='ocrx_word' id='word_1_198' title='bbox 1897 1615 2014 1661; x_wconf 88' lang='lat' dir='ltr'><strong>tum</strong></span> <span class='ocrx_word' id='word_1_199' title='bbox 2046 1606 2216 1661; x_wconf 90' lang='lat' dir='ltr'><strong>desub</strong></span> <span class='ocrx_word' id='word_1_200' title='bbox 2246 1610 2414 1661; x_wconf 89' lang='lat' dir='ltr'><strong>costis</strong></span> <span class='ocrx_word' id='word_1_201' title='bbox 2437 1607 2652 1669; x_wconf 64' lang='lat' dir='ltr'><strong>animai,</strong></span> <span class='ocrx_word' id='word_1_202' title='bbox 2688 1606 2741 1659; x_wconf 91' lang='lat' dir='ltr'><strong>id</strong></span> <span class='ocrx_word' id='word_1_203' title='bbox 2768 1615 2851 1660; x_wconf 89' lang='lat' dir='ltr'><strong>est</strong></span> <span class='ocrx_word' id='word_1_204' title='bbox 2873 1607 3063 1661; x_wconf 92' lang='lat' dir='ltr'><strong>virtus.</strong></span> 
     </span>
    </p>
   </div>
   <div class='ocr_carea' id='block_1_31' title="bbox 1974 1687 3469 1759">
    <p class='ocr_par' dir='ltr' id='par_1_31' title="bbox 1974 1687 3469 1759">
     <span class='ocr_line' id='line_1_31' title="bbox 1974 1687 3469 1759; baseline -0.003 -15"><span class='ocrx_word' id='word_1_205' title='bbox 1974 1692 2017 1721; x_wconf 83' lang='grc'><strong>⁶¹</strong></span> <span class='ocrx_word' id='word_1_206' title='bbox 2050 1691 2150 1757; x_wconf 82' lang='lat' dir='ltr'><strong>Qui</strong></span> <span class='ocrx_word' id='word_1_207' title='bbox 2174 1689 2432 1744; x_wconf 80' lang='lat' dir='ltr'><strong>transfert</strong></span> <span class='ocrx_word' id='word_1_208' title='bbox 2462 1688 2744 1759; x_wconf 87' lang='lat' dir='ltr'><strong>religionis</strong></span> <span class='ocrx_word' id='word_1_209' title='bbox 2775 1689 3076 1753; x_wconf 89' lang='lat' dir='ltr'><strong>terminos,</strong></span> <span class='ocrx_word' id='word_1_210' title='bbox 3111 1688 3157 1744; x_wconf 92' lang='lat' dir='ltr'><strong>is</strong></span> <span class='ocrx_word' id='word_1_211' title='bbox 3206 1687 3469 1755; x_wconf 88' lang='lat' dir='ltr'><strong>supersti-</strong></span> 
     </span>
    </p>
   </div>
   <div class='ocr_carea' id='block_1_32' title="bbox 1907 1772 3471 1847">
    <p class='ocr_par' dir='ltr' id='par_1_32' title="bbox 1907 1772 3471 1847">
     <span class='ocr_line' id='line_1_32' title="bbox 1907 1772 3471 1847; baseline -0.004 -13"><span class='ocrx_word' id='word_1_212' title='bbox 1907 1780 2104 1835; x_wconf 90' lang='lat' dir='ltr'><strong>tionem</strong></span> <span class='ocrx_word' id='word_1_213' title='bbox 2140 1779 2228 1834; x_wconf 86' lang='lat' dir='ltr'><strong>vel</strong></span> <span class='ocrx_word' id='word_1_214' title='bbox 2267 1779 2438 1847; x_wconf 85' lang='lat' dir='ltr'><strong>ipsam</strong></span> <span class='ocrx_word' id='word_1_215' title='bbox 2480 1777 2814 1846; x_wconf 80' lang='lat' dir='ltr'><strong>impietatem</strong></span> <span class='ocrx_word' id='word_1_216' title='bbox 2860 1790 2973 1844; x_wconf 65' lang='lat' dir='ltr'><strong>prae</strong></span> <span class='ocrx_word' id='word_1_217' title='bbox 3022 1790 3081 1830; x_wconf 87' lang='lat' dir='ltr'><strong>se</strong></span> <span class='ocrx_word' id='word_1_218' title='bbox 3109 1774 3241 1830; x_wconf 83' lang='lat' dir='ltr'><strong>fert.</strong></span> <span class='ocrx_word' id='word_1_219' title='bbox 3261 1774 3329 1828; x_wconf 89' lang='lat' dir='ltr'><strong>Et</strong></span> <span class='ocrx_word' id='word_1_220' title='bbox 3374 1772 3471 1841; x_wconf 86' lang='lat' dir='ltr'><strong>qui</strong></span> 
     </span>
    </p>
   </div>
   <div class='ocr_carea' id='block_1_33' title="bbox 222 1866 1802 1965">
    <p class='ocr_par' dir='ltr' id='par_1_33' title="bbox 222 1866 1801 1965">
     <span class='ocr_line' id='line_1_33' title="bbox 222 1866 1801 1965; baseline 0.01 -33"><span class='ocrx_word' id='word_1_221' title='bbox 222 1880 290 1933; x_wconf 88' lang='grc' dir='ltr'><strong>τά</strong></span> <span class='ocrx_word' id='word_1_222' title='bbox 340 1882 466 1953; x_wconf 81' lang='grc' dir='ltr'>ὅρια</span> <span class='ocrx_word' id='word_1_223' title='bbox 495 1882 597 1950; x_wconf 82' lang='grc' dir='ltr'>τῆς</span> <span class='ocrx_word' id='word_1_224' title='bbox 648 1866 915 1957; x_wconf 83' lang='grc' dir='ltr'>ἀνδρείας,</span> <span class='ocrx_word' id='word_1_225' title='bbox 950 1890 1263 1963; x_wconf 84' lang='grc' dir='ltr'>θρασύτητα</span> <span class='ocrx_word' id='word_1_226' title='bbox 1309 1892 1341 1964; x_wconf 79' lang='grc' dir='ltr'>ἧ</span> <span class='ocrx_word' id='word_1_227' title='bbox 1388 1866 1591 1947; x_wconf 79' lang='grc' dir='ltr'>δειλίαν</span> <span class='ocrx_word' id='word_1_228' title='bbox 1631 1866 1801 1965; x_wconf 78' lang='grc' dir='ltr'>αὐτὴν</span> 
     </span>
    </p>
   </div>
   <div class='ocr_carea' id='block_1_34' title="bbox 1912 1866 3467 1965">
    <p class='ocr_par' dir='ltr' id='par_1_34' title="bbox 1912 1866 3467 1930">
     <span class='ocr_line' id='line_1_34' title="bbox 1912 1866 3467 1930; baseline -0.004 -5"><span class='ocrx_word' id='word_1_229' title='bbox 1912 1871 2244 1927; x_wconf 89' lang='lat' dir='ltr'><strong>fortitudinis</strong></span> <span class='ocrx_word' id='word_1_230' title='bbox 2270 1868 2533 1923; x_wconf 79' lang='lat' dir='ltr'><strong>transfert</strong></span> <span class='ocrx_word' id='word_1_231' title='bbox 2562 1867 2848 1930; x_wconf 88' lang='lat' dir='ltr'><strong>terminos,</strong></span> <span class='ocrx_word' id='word_1_232' title='bbox 2880 1867 2926 1920; x_wconf 88' lang='lat' dir='ltr'><strong>is</strong></span> <span class='ocrx_word' id='word_1_233' title='bbox 2948 1867 3232 1922; x_wconf 83' lang='lat' dir='ltr'><strong>audaciam</strong></span> <span class='ocrx_word' id='word_1_234' title='bbox 3267 1866 3352 1920; x_wconf 88' lang='lat' dir='ltr'><strong>vel</strong></span> <span class='ocrx_word' id='word_1_235' title='bbox 3403 1867 3467 1919; x_wconf 84' lang='lat' dir='ltr'><strong>ti-</strong></span> 
     </span>
    </p>
   </div>
   <div class='ocr_carea' id='block_1_35' title="bbox 224 1971 1797 2057">
    <p class='ocr_par' dir='ltr' id='par_1_35' title="bbox 224 1971 1797 2057">
     <span class='ocr_line' id='line_1_35' title="bbox 224 1971 1797 2057; baseline 0.01 -34"><span class='ocrx_word' id='word_1_236' title='bbox 224 1971 615 2043; x_wconf 77' lang='grc' dir='ltr'>ἀπεργάζεται·</span> <span class='ocrx_word' id='word_1_237' title='bbox 644 1978 904 2044; x_wconf 82' lang='grc' dir='ltr'><strong>ὡσαύτως</strong></span> <span class='ocrx_word' id='word_1_238' title='bbox 924 1980 982 2035; x_wconf 83' lang='grc' dir='ltr'>δὲ</span> <span class='ocrx_word' id='word_1_239' title='bbox 1001 1983 1096 2036; x_wconf 77' lang='grc' dir='ltr'>καὶ</span> <span class='ocrx_word' id='word_1_240' title='bbox 1125 1984 1345 2037; x_wconf 78' lang='grc' dir='ltr'>ἐπὶτῶν</span> <span class='ocrx_word' id='word_1_241' title='bbox 1371 1985 1544 2039; x_wconf 88' lang='grc' dir='ltr'>ἀλλων</span> <span class='ocrx_word' id='word_1_242' title='bbox 1567 1985 1797 2057; x_wconf 82' lang='grc' dir='ltr'>ἀρετῶν,</span> 
     </span>
    </p>
   </div>
   <div class='ocr_carea' id='block_1_36' title="bbox 223 2064 1801 2147">
    <p class='ocr_par' dir='ltr' id='par_1_36' title="bbox 223 2064 1801 2147">
     <span class='ocr_line' id='line_1_36' title="bbox 223 2064 1801 2147; baseline 0.01 -32"><span class='ocrx_word' id='word_1_243' title='bbox 223 2064 319 2117; x_wconf 78' lang='grc' dir='ltr'><strong>καὶ</strong></span> <span class='ocrx_word' id='word_1_244' title='bbox 361 2065 456 2117; x_wconf 74' lang='grc' dir='ltr'><strong>ἐπὶ</strong></span> <span class='ocrx_word' id='word_1_245' title='bbox 490 2067 599 2120; x_wconf 93' lang='grc' dir='ltr'><strong>τῶν</strong></span> <span class='ocrx_word' id='word_1_246' title='bbox 630 2069 935 2141; x_wconf 83' lang='grc' dir='ltr'>δογμάτων,</span> <span class='ocrx_word' id='word_1_247' title='bbox 969 2074 1063 2127; x_wconf 78' lang='grc' dir='ltr'>καὶ</span> <span class='ocrx_word' id='word_1_248' title='bbox 1109 2076 1196 2127; x_wconf 76' lang='grc' dir='ltr'><strong>ἐπ’</strong></span> <span class='ocrx_word' id='word_1_249' title='bbox 1224 2076 1393 2145; x_wconf 79' lang='grc' dir='ltr'>αὐτῆς</span> <span class='ocrx_word' id='word_1_250' title='bbox 1428 2077 1527 2147; x_wconf 83' lang='grc' dir='ltr'>τῆς</span> <span class='ocrx_word' id='word_1_251' title='bbox 1564 2077 1801 2140; x_wconf 83' lang='grc' dir='ltr'>πίστεως</span> 
     </span>
    </p>
   </div>
   <div class='ocr_carea' id='block_1_37' title="bbox 224 2157 1802 2238">
    <p class='ocr_par' dir='ltr' id='par_1_37' title="bbox 224 2157 1802 2238">
     <span class='ocr_line' id='line_1_37' title="bbox 224 2157 1802 2238; baseline 0.011 -31"><span class='ocrx_word' id='word_1_252' title='bbox 224 2157 475 2227; x_wconf 78' lang='grc' dir='ltr'>νοητέον·</span> <span class='ocrx_word' id='word_1_253' title='bbox 512 2160 745 2231; x_wconf 83' lang='grc' dir='ltr'>μάλιστα</span> <span class='ocrx_word' id='word_1_254' title='bbox 776 2162 833 2215; x_wconf 85' lang='grc' dir='ltr'>δὲ</span> <span class='ocrx_word' id='word_1_255' title='bbox 873 2163 1033 2217; x_wconf 79' lang='grc' dir='ltr'>τοῦτο</span> <span class='ocrx_word' id='word_1_256' title='bbox 1062 2168 1327 2238; x_wconf 77' lang='grc' dir='ltr'><strong>τηρητέον</strong></span> <span class='ocrx_word' id='word_1_257' title='bbox 1373 2168 1462 2220; x_wconf 75' lang='grc' dir='ltr'><strong>ἐπὶ</strong></span> <span class='ocrx_word' id='word_1_258' title='bbox 1501 2167 1603 2238; x_wconf 77' lang='grc' dir='ltr'>τῆς</span> <span class='ocrx_word' id='word_1_259' title='bbox 1640 2168 1802 2236; x_wconf 80' lang='grc' dir='ltr'>ἁγίας</span> 
     </span>
    </p>
   </div>
   <div class='ocr_carea' id='block_1_38' title="bbox 224 2247 1805 2330">
    <p class='ocr_par' dir='ltr' id='par_1_38' title="bbox 224 2247 1805 2330">
     <span class='ocr_line' id='line_1_38' title="bbox 224 2247 1805 2330; baseline 0.008 -30"><span class='ocrx_word' id='word_1_260' title='bbox 224 2247 471 2320; x_wconf 76' lang='grc' dir='ltr'>Τριάδος·</span> <span class='ocrx_word' id='word_1_261' title='bbox 495 2252 523 2303; x_wconf 84' lang='grc' dir='ltr'>ὁ</span> <span class='ocrx_word' id='word_1_262' title='bbox 548 2252 658 2322; x_wconf 81' lang='grc' dir='ltr'>γὰρ</span> <span class='ocrx_word' id='word_1_263' title='bbox 692 2254 764 2325; x_wconf 84' lang='grc' dir='ltr'>μὴ</span> <span class='ocrx_word' id='word_1_264' title='bbox 792 2255 1053 2324; x_wconf 86' lang='grc' dir='ltr'>θεολογῶν</span> <span class='ocrx_word' id='word_1_265' title='bbox 1078 2258 1140 2311; x_wconf 84' lang='grc' dir='ltr'>τὸ</span> <span class='ocrx_word' id='word_1_266' title='bbox 1171 2259 1392 2330; x_wconf 81' lang='grc' dir='ltr'>Πνεῦμα</span> <span class='ocrx_word' id='word_1_267' title='bbox 1408 2259 1467 2312; x_wconf 82' lang='grc' dir='ltr'>τὸ</span> <span class='ocrx_word' id='word_1_268' title='bbox 1494 2259 1665 2327; x_wconf 77' lang='grc' dir='ltr'>ἅγιον,</span> <span class='ocrx_word' id='word_1_269' title='bbox 1691 2258 1805 2311; x_wconf 88' lang='grc' dir='ltr'>δια-</span> 
     </span>
    </p>
   </div>
   <div class='ocr_carea' id='block_1_39' title="bbox 224 2339 1796 2421">
    <p class='ocr_par' dir='ltr' id='par_1_39' title="bbox 224 2339 1796 2421">
     <span class='ocr_line' id='line_1_39' title="bbox 224 2339 1796 2421; baseline 0.006 -30"><span class='ocrx_word' id='word_1_270' title='bbox 224 2339 341 2392; x_wconf 85' lang='grc' dir='ltr'>λύει</span> <span class='ocrx_word' id='word_1_271' title='bbox 370 2341 431 2393; x_wconf 82' lang='grc' dir='ltr'><strong>τὺ</strong></span> <span class='ocrx_word' id='word_1_272' title='bbox 477 2342 783 2415; x_wconf 71' lang='grc' dir='ltr'>βάπτισμα*</span> <span class='ocrx_word' id='word_1_273' title='bbox 812 2348 841 2398; x_wconf 84' lang='grc' dir='ltr'>ὁ</span> <span class='ocrx_word' id='word_1_274' title='bbox 869 2347 925 2401; x_wconf 89' lang='grc' dir='ltr'>δὲ</span> <span class='ocrx_word' id='word_1_275' title='bbox 963 2350 1058 2401; x_wconf 78' lang='grc' dir='ltr'>καὶ</span> <span class='ocrx_word' id='word_1_276' title='bbox 1091 2349 1284 2414; x_wconf 87' lang='grc' dir='ltr'>ἀλλους</span> <span class='ocrx_word' id='word_1_277' title='bbox 1324 2351 1476 2414; x_wconf 86' lang='grc' dir='ltr'>τινάς</span> <span class='ocrx_word' id='word_1_278' title='bbox 1513 2348 1796 2421; x_wconf 81' lang='grc' dir='ltr'>ὀνομάζων</span> 
     </span>
    </p>
   </div>
   <div class='ocr_carea' id='block_1_40' title="bbox 226 2431 1797 2511">
    <p class='ocr_par' dir='ltr' id='par_1_40' title="bbox 226 2431 1797 2511">
     <span class='ocr_line' id='line_1_40' title="bbox 226 2431 1797 2511; baseline 0.008 -28"><span class='ocrx_word' id='word_1_279' title='bbox 226 2431 405 2495; x_wconf 81' lang='grc' dir='ltr'>θεοὺς,</span> <span class='ocrx_word' id='word_1_280' title='bbox 440 2434 612 2503; x_wconf 85' lang='grc' dir='ltr'>δῆμον</span> <span class='ocrx_word' id='word_1_281' title='bbox 641 2437 849 2504; x_wconf 77' lang='grc' dir='ltr'>εἰσάγει</span> <span class='ocrx_word' id='word_1_282' title='bbox 878 2437 1013 2491; x_wconf 89' lang='grc' dir='ltr'>θεῶν</span> <span class='ocrx_word' id='word_1_283' title='bbox 1033 2457 1047 2469; x_wconf 91' lang='grc'><strong>·</strong></span> <span class='ocrx_word' id='word_1_284' title='bbox 1071 2440 1103 2509; x_wconf 83' lang='grc' dir='ltr'>ἢ</span> <span class='ocrx_word' id='word_1_285' title='bbox 1138 2440 1355 2503; x_wconf 75' lang='grc' dir='ltr'>καὶτὰς</span> <span class='ocrx_word' id='word_1_286' title='bbox 1390 2442 1516 2511; x_wconf 74' lang='grc' dir='ltr'>περὶ</span> <span class='ocrx_word' id='word_1_287' title='bbox 1540 2441 1797 2511; x_wconf 84' lang='grc' dir='ltr'>πράγμα-</span> 
     </span>
    </p>
   </div>
   <div class='ocr_carea' id='block_1_41' title="bbox 222 2524 1796 2600">
    <p class='ocr_par' dir='ltr' id='par_1_41' title="bbox 222 2524 1796 2600">
     <span class='ocr_line' id='line_1_41' title="bbox 222 2524 1796 2600; baseline 0.005 -26"><span class='ocrx_word' id='word_1_288' title='bbox 222 2532 314 2585; x_wconf 75' lang='grc' dir='ltr'><strong>τος</strong></span> <span class='ocrx_word' id='word_1_289' title='bbox 350 2524 580 2576; x_wconf 78' lang='grc' dir='ltr'>ἑκάστου</span> <span class='ocrx_word' id='word_1_290' title='bbox 611 2526 884 2593; x_wconf 84' lang='grc' dir='ltr'>πατρικὰς</span> <span class='ocrx_word' id='word_1_291' title='bbox 930 2528 1225 2595; x_wconf 83' lang='grc' dir='ltr'>διατάξεις,</span> <span class='ocrx_word' id='word_1_292' title='bbox 1278 2531 1373 2583; x_wconf 71' lang='grc' dir='ltr'>καὶ</span> <span class='ocrx_word' id='word_1_293' title='bbox 1402 2530 1591 2584; x_wconf 89' lang='grc' dir='ltr'>τούτου</span> <span class='ocrx_word' id='word_1_294' title='bbox 1638 2529 1796 2600; x_wconf 86' lang='grc' dir='ltr'>χάριν</span> 
     </span>
    </p>
   </div>
   <div class='ocr_carea' id='block_1_42' title="bbox 228 2612 1364 2687">
    <p class='ocr_par' dir='ltr' id='par_1_42' title="bbox 228 2612 1364 2687">
     <span class='ocr_line' id='line_1_42' title="bbox 228 2612 1364 2687; baseline 0.006 -24"><span class='ocrx_word' id='word_1_295' title='bbox 228 2612 409 2681; x_wconf 85' lang='grc' dir='ltr'>μένειν</span> <span class='ocrx_word' id='word_1_296' title='bbox 438 2613 758 2682; x_wconf 82' lang='grc' dir='ltr'>ὀφειλούσας</span> <span class='ocrx_word' id='word_1_297' title='bbox 776 2656 791 2679; x_wconf 91' lang='grc'><strong>,</strong></span> <span class='ocrx_word' id='word_1_298' title='bbox 821 2618 894 2687; x_wconf 85' lang='grc' dir='ltr'>μὴ</span> <span class='ocrx_word' id='word_1_299' title='bbox 931 2620 1237 2687; x_wconf 81' lang='grc' dir='ltr'>μετακινεῖν</span> <span class='ocrx_word' id='word_1_300' title='bbox 1264 2619 1364 2671; x_wconf 85' lang='grc' dir='ltr'>δεῖ.</span> 
     </span>
    </p>
   </div>
   <div class='ocr_carea' id='block_1_43' title="bbox 1903 1958 3466 2025">
    <p class='ocr_par' dir='ltr' id='par_1_43' title="bbox 1903 1958 3466 2025">
     <span class='ocr_line' id='line_1_43' title="bbox 1903 1958 3466 2025; baseline -0.004 -6"><span class='ocrx_word' id='word_1_301' title='bbox 1903 1965 2199 2019; x_wconf 87' lang='lat' dir='ltr'><strong>miditatem</strong></span> <span class='ocrx_word' id='word_1_302' title='bbox 2226 1960 2527 2017; x_wconf 83' lang='lat' dir='ltr'><strong>substituit.</strong></span> <span class='ocrx_word' id='word_1_303' title='bbox 2562 1959 2824 2014; x_wconf 87' lang='lat' dir='ltr'><strong>Similiter</strong></span> <span class='ocrx_word' id='word_1_304' title='bbox 2866 1958 2933 2014; x_wconf 90' lang='lat' dir='ltr'><strong>de</strong></span> <span class='ocrx_word' id='word_1_305' title='bbox 2968 1959 3259 2013; x_wconf 82' lang='lat' dir='ltr'><strong>virtutibus</strong></span> <span class='ocrx_word' id='word_1_306' title='bbox 3307 1959 3425 2013; x_wconf 89' lang='lat' dir='ltr'><strong>aliis</strong></span> <span class='ocrx_word' id='word_1_307' title='bbox 3447 1996 3466 2025; x_wconf 87' lang='lat'><strong>,</strong></span> 
     </span>
    </p>
   </div>
   <div class='ocr_carea' id='block_1_44' title="bbox 1900 2050 3466 2124">
    <p class='ocr_par' dir='ltr' id='par_1_44' title="bbox 1900 2050 3466 2124">
     <span class='ocr_line' id='line_1_44' title="bbox 1900 2050 3466 2124; baseline -0.002 -14"><span class='ocrx_word' id='word_1_308' title='bbox 1900 2057 2037 2110; x_wconf 87' lang='lat' dir='ltr'><strong>etde</strong></span> <span class='ocrx_word' id='word_1_309' title='bbox 2063 2053 2431 2124; x_wconf 81' lang='lat' dir='ltr'><strong>dogmatibus,</strong></span> <span class='ocrx_word' id='word_1_310' title='bbox 2461 2062 2514 2105; x_wconf 91' lang='lat' dir='ltr'><strong>et</strong></span> <span class='ocrx_word' id='word_1_311' title='bbox 2542 2051 2608 2105; x_wconf 90' lang='lat' dir='ltr'><strong>de</strong></span> <span class='ocrx_word' id='word_1_312' title='bbox 2642 2051 2759 2119; x_wconf 89' lang='lat' dir='ltr'><strong>ipsa</strong></span> <span class='ocrx_word' id='word_1_313' title='bbox 2792 2050 2897 2105; x_wconf 89' lang='lat' dir='ltr'><strong>lide</strong></span> <span class='ocrx_word' id='word_1_314' title='bbox 2916 2051 3334 2106; x_wconf 81' lang='lat' dir='ltr'><strong>existimandum</strong></span> <span class='ocrx_word' id='word_1_315' title='bbox 3360 2061 3466 2107; x_wconf 86' lang='lat' dir='ltr'><strong>est.</strong></span> 
     </span>
    </p>
   </div>
   <div class='ocr_carea' id='block_1_45' title="bbox 1901 2143 3466 2212">
    <p class='ocr_par' dir='ltr' id='par_1_45' title="bbox 1901 2143 3466 2212">
     <span class='ocr_line' id='line_1_45' title="bbox 1901 2143 3466 2212; baseline -0.003 -12"><span class='ocrx_word' id='word_1_316' title='bbox 1901 2145 2181 2212; x_wconf 67' lang='lat' dir='ltr'><strong>Praecipue</strong></span> <span class='ocrx_word' id='word_1_317' title='bbox 2207 2159 2336 2198; x_wconf 85' lang='lat' dir='ltr'><strong>vero</strong></span> <span class='ocrx_word' id='word_1_318' title='bbox 2369 2143 2476 2198; x_wconf 88' lang='lat' dir='ltr'><strong>hoc</strong></span> <span class='ocrx_word' id='word_1_319' title='bbox 2511 2143 2912 2197; x_wconf 86' lang='lat' dir='ltr'><strong>observandum</strong></span> <span class='ocrx_word' id='word_1_320' title='bbox 2941 2152 3025 2197; x_wconf 90' lang='lat' dir='ltr'><strong>est</strong></span> <span class='ocrx_word' id='word_1_321' title='bbox 3051 2144 3196 2198; x_wconf 90' lang='lat' dir='ltr'><strong>circa</strong></span> <span class='ocrx_word' id='word_1_322' title='bbox 3220 2153 3466 2197; x_wconf 87' lang='lat' dir='ltr'><strong>sanctam</strong></span> 
     </span>
    </p>
   </div>
   <div class='ocr_carea' id='block_1_46' title="bbox 1904 2235 3459 2305">
    <p class='ocr_par' dir='ltr' id='par_1_46' title="bbox 1904 2235 3459 2305">
     <span class='ocr_line' id='line_1_46' title="bbox 1904 2235 3459 2305; baseline -0.003 -14"><span class='ocrx_word' id='word_1_323' title='bbox 1904 2237 2251 2293; x_wconf 89' lang='lat' dir='ltr'><strong>Trinitatem.</strong></span> <span class='ocrx_word' id='word_1_324' title='bbox 2290 2235 2421 2291; x_wconf 86' lang='lat' dir='ltr'><strong>Nam</strong></span> <span class='ocrx_word' id='word_1_325' title='bbox 2447 2236 2539 2305; x_wconf 89' lang='lat' dir='ltr'><strong>qui</strong></span> <span class='ocrx_word' id='word_1_326' title='bbox 2568 2236 2734 2290; x_wconf 90' lang='lat' dir='ltr'><strong>Deum</strong></span> <span class='ocrx_word' id='word_1_327' title='bbox 2759 2252 2867 2291; x_wconf 92' lang='lat' dir='ltr'><strong>non</strong></span> <span class='ocrx_word' id='word_1_328' title='bbox 2896 2236 3027 2290; x_wconf 92' lang='lat' dir='ltr'><strong>dicit</strong></span> <span class='ocrx_word' id='word_1_329' title='bbox 3053 2245 3300 2290; x_wconf 89' lang='lat' dir='ltr'><strong>sanctum</strong></span> <span class='ocrx_word' id='word_1_330' title='bbox 3345 2236 3459 2303; x_wconf 87' lang='lat' dir='ltr'><strong>Spi-</strong></span> 
     </span>
    </p>
   </div>
   <div class='ocr_carea' id='block_1_47' title="bbox 1903 2326 3466 2397">
    <p class='ocr_par' dir='ltr' id='par_1_47' title="bbox 1903 2326 3466 2397">
     <span class='ocr_line' id='line_1_47' title="bbox 1903 2326 3466 2397; baseline -0.005 -12"><span class='ocrx_word' id='word_1_331' title='bbox 1903 2330 2063 2385; x_wconf 88' lang='lat' dir='ltr'><strong>ritum</strong></span> <span class='ocrx_word' id='word_1_332' title='bbox 2095 2328 2232 2397; x_wconf 79' lang='lat' dir='ltr'><strong>(M),</strong></span> <span class='ocrx_word' id='word_1_333' title='bbox 2260 2328 2532 2397; x_wconf 84' lang='lat' dir='ltr'><strong>baptisma</strong></span> <span class='ocrx_word' id='word_1_334' title='bbox 2564 2326 2796 2381; x_wconf 87' lang='lat' dir='ltr'><strong>destruit</strong></span> <span class='ocrx_word' id='word_1_335' title='bbox 2821 2343 2835 2379; x_wconf 93' lang='lat'><strong>:</strong></span> <span class='ocrx_word' id='word_1_336' title='bbox 2864 2326 2958 2396; x_wconf 91' lang='lat' dir='ltr'><strong>qui</strong></span> <span class='ocrx_word' id='word_1_337' title='bbox 2993 2340 3121 2379; x_wconf 86' lang='lat' dir='ltr'><strong>vero</strong></span> <span class='ocrx_word' id='word_1_338' title='bbox 3143 2326 3277 2379; x_wconf 90' lang='lat' dir='ltr'><strong>alios</strong></span> <span class='ocrx_word' id='word_1_339' title='bbox 3304 2340 3466 2393; x_wconf 86' lang='lat' dir='ltr'><strong>quos-</strong></span> 
     </span>
    </p>
   </div>
   <div class='ocr_carea' id='block_1_48' title="bbox 1901 2416 3467 2486">
    <p class='ocr_par' dir='ltr' id='par_1_48' title="bbox 1901 2416 3467 2486">
     <span class='ocr_line' id='line_1_48' title="bbox 1901 2416 3467 2486; baseline -0.005 -10"><span class='ocrx_word' id='word_1_340' title='bbox 1901 2422 2023 2476; x_wconf 87' lang='lat' dir='ltr'><strong>dam</strong></span> <span class='ocrx_word' id='word_1_341' title='bbox 2060 2420 2304 2474; x_wconf 88' lang='lat' dir='ltr'><strong>nominat</strong></span> <span class='ocrx_word' id='word_1_342' title='bbox 2336 2420 2489 2484; x_wconf 89' lang='lat' dir='ltr'><strong>deos,</strong></span> <span class='ocrx_word' id='word_1_343' title='bbox 2522 2419 2566 2472; x_wconf 92' lang='lat' dir='ltr'><strong>is</strong></span> <span class='ocrx_word' id='word_1_344' title='bbox 2609 2418 2833 2473; x_wconf 90' lang='lat' dir='ltr'><strong>deorum</strong></span> <span class='ocrx_word' id='word_1_345' title='bbox 2870 2416 3122 2486; x_wconf 88' lang='lat' dir='ltr'><strong>populum</strong></span> <span class='ocrx_word' id='word_1_346' title='bbox 3148 2416 3467 2475; x_wconf 82' lang='lat' dir='ltr'><strong>introducit.</strong></span> 
     </span>
    </p>
   </div>
   <div class='ocr_carea' id='block_1_49' title="bbox 1899 2505 3466 2581">
    <p class='ocr_par' dir='ltr' id='par_1_49' title="bbox 1899 2505 3466 2581">
     <span class='ocr_line' id='line_1_49' title="bbox 1899 2505 3466 2581; baseline -0.004 -13"><span class='ocrx_word' id='word_1_347' title='bbox 1899 2514 2030 2568; x_wconf 86' lang='lat' dir='ltr'><strong>Item</strong></span> <span class='ocrx_word' id='word_1_348' title='bbox 2060 2514 2129 2566; x_wconf 89' lang='lat' dir='ltr'><strong>de</strong></span> <span class='ocrx_word' id='word_1_349' title='bbox 2157 2513 2319 2566; x_wconf 87' lang='lat' dir='ltr'><strong>rebus</strong></span> <span class='ocrx_word' id='word_1_350' title='bbox 2348 2510 2579 2580; x_wconf 78' lang='lat' dir='ltr'><strong>singulis</strong></span> <span class='ocrx_word' id='word_1_351' title='bbox 2613 2518 2827 2581; x_wconf 90' lang='lat' dir='ltr'><strong>patrum</strong></span> <span class='ocrx_word' id='word_1_352' title='bbox 2860 2509 3282 2565; x_wconf 77' lang='lat' dir='ltr'><strong>constitutiones</strong></span> <span class='ocrx_word' id='word_1_353' title='bbox 3323 2505 3466 2578; x_wconf 76' lang='lat' dir='ltr'><strong>(qua:</strong></span> 
     </span>
    </p>
   </div>
   <div class='ocr_carea' id='block_1_50' title="bbox 1902 2604 3467 2675">
    <p class='ocr_par' dir='ltr' id='par_1_50' title="bbox 1902 2604 3467 2675">
     <span class='ocr_line' id='line_1_50' title="bbox 1902 2604 3467 2675; baseline -0.003 -16"><span class='ocrx_word' id='word_1_354' title='bbox 1902 2615 2185 2675; x_wconf 83' lang='lat' dir='ltr'><strong>propterea</strong></span> <span class='ocrx_word' id='word_1_355' title='bbox 2226 2618 2578 2673; x_wconf 87' lang='lat' dir='ltr'><strong>perseverare</strong></span> <span class='ocrx_word' id='word_1_356' title='bbox 2605 2604 2826 2675; x_wconf 87' lang='lat' dir='ltr'><strong>debeat)</strong></span> <span class='ocrx_word' id='word_1_357' title='bbox 2877 2617 3215 2673; x_wconf 82' lang='lat' dir='ltr'><strong>nequaquam</strong></span> <span class='ocrx_word' id='word_1_358' title='bbox 3251 2608 3467 2672; x_wconf 85' lang='lat' dir='ltr'><strong>oportet</strong></span> 
     </span>
    </p>
   </div>
   <div class='ocr_carea' id='block_1_51' title="bbox 1900 2709 2273 2755">
    <p class='ocr_par' dir='ltr' id='par_1_51' title="bbox 1900 2709 2273 2755">
     <span class='ocr_line' id='line_1_51' title="bbox 1900 2709 2273 2755; baseline -0.003 -4"><span class='ocrx_word' id='word_1_359' title='bbox 1900 2709 2273 2755; x_wconf 84' lang='lat' dir='ltr'><strong>commovere.</strong></span> 
     </span>
    </p>
   </div>
   <div class='ocr_carea' id='block_1_52' title="bbox 1671 2792 2052 2853">
    <p class='ocr_par' dir='ltr' id='par_1_52' title="bbox 1671 2792 2052 2853">
     <span class='ocr_line' id='line_1_52' title="bbox 1671 2792 2052 2853; baseline -0.016 0"><span class='ocrx_word' id='word_1_360' title='bbox 1671 2797 1823 2853; x_wconf 81' lang='lat' dir='ltr'><strong>CAP.</strong></span> <span class='ocrx_word' id='word_1_361' title='bbox 1862 2792 2052 2849; x_wconf 83' lang='lat' dir='ltr'><strong>XXlll.</strong></span> 
     </span>
    </p>
   </div>
   <div class='ocr_carea' id='block_1_53' title="bbox 293 2892 1801 2967">
    <p class='ocr_par' dir='ltr' id='par_1_53' title="bbox 293 2892 1801 2967">
     <span class='ocr_line' id='line_1_53' title="bbox 293 2892 1801 2967; baseline 0.003 -23"><span class='ocrx_word' id='word_1_362' title='bbox 293 2892 576 2964; x_wconf 81' lang='grc' dir='ltr'>Δυνάστην</span> <span class='ocrx_word' id='word_1_363' title='bbox 599 2894 828 2949; x_wconf 79' lang='grc' dir='ltr'>ἐνταῦθα</span> <span class='ocrx_word' id='word_1_364' title='bbox 850 2896 941 2949; x_wconf 82' lang='grc' dir='ltr'>τὸν</span> <span class='ocrx_word' id='word_1_365' title='bbox 964 2895 1205 2949; x_wconf 85' lang='grc' dir='ltr'>διάϐολόν</span> <span class='ocrx_word' id='word_1_366' title='bbox 1235 2912 1415 2967; x_wconf 80' lang='grc' dir='ltr'>φησιν’</span> <span class='ocrx_word' id='word_1_367' title='bbox 1446 2894 1712 2967; x_wconf 78' lang='grc' dir='ltr'>τράπεζαι</span> <span class='ocrx_word' id='word_1_368' title='bbox 1743 2895 1801 2948; x_wconf 86' lang='grc' dir='ltr'>δὲ</span> 
     </span>
    </p>
   </div>
   <div class='ocr_carea' id='block_1_54' title="bbox 222 2983 1793 3059">
    <p class='ocr_par' dir='ltr' id='par_1_54' title="bbox 222 2983 1793 3059">
     <span class='ocr_line' id='line_1_54' title="bbox 222 2983 1793 3059; baseline 0.001 -22"><span class='ocrx_word' id='word_1_369' title='bbox 222 2983 393 3037; x_wconf 76' lang='grc' dir='ltr'>αὐτοῦ</span> <span class='ocrx_word' id='word_1_370' title='bbox 429 2986 535 3038; x_wconf 85' lang='grc' dir='ltr'>είσι</span> <span class='ocrx_word' id='word_1_371' title='bbox 575 2986 1078 3059; x_wconf 80' lang='grc' dir='ltr'>ψευδομαρτυρίαι,</span> <span class='ocrx_word' id='word_1_372' title='bbox 1131 2987 1405 3058; x_wconf 88' lang='grc' dir='ltr'>λοιδορίαι,</span> <span class='ocrx_word' id='word_1_373' title='bbox 1458 2987 1793 3048; x_wconf 79' lang='grc' dir='ltr'>καταλαλιαὶ,</span> 
     </span>
    </p>
   </div>
   <div class='ocr_carea' id='block_1_55' title="bbox 222 3076 1799 3151">
    <p class='ocr_par' dir='ltr' id='par_1_55' title="bbox 222 3076 1799 3151">
     <span class='ocr_line' id='line_1_55' title="bbox 222 3076 1799 3151; baseline 0.001 -21"><span class='ocrx_word' id='word_1_374' title='bbox 222 3076 551 3148; x_wconf 66' lang='grc' dir='ltr'>συμϐουλίαι</span> <span class='ocrx_word' id='word_1_375' title='bbox 570 3080 756 3141; x_wconf 81' lang='grc' dir='ltr'>κακαὶ,</span> <span class='ocrx_word' id='word_1_376' title='bbox 787 3079 1071 3151; x_wconf 77' lang='grc' dir='ltr'>ἐπιθυμίαι</span> <span class='ocrx_word' id='word_1_377' title='bbox 1104 3080 1345 3149; x_wconf 73' lang='grc' dir='ltr'>αίσχραὶ,</span> <span class='ocrx_word' id='word_1_378' title='bbox 1372 3081 1464 3133; x_wconf 75' lang='grc' dir='ltr'>καὶ</span> <span class='ocrx_word' id='word_1_379' title='bbox 1482 3082 1589 3133; x_wconf 81' lang='grc' dir='ltr'><strong>πᾶν</strong></span> <span class='ocrx_word' id='word_1_380' title='bbox 1625 3079 1799 3132; x_wconf 81' lang='grc' dir='ltr'>ὁτιοῦν</span> 
     </span>
    </p>
   </div>
   <div class='ocr_carea' id='block_1_56' title="bbox 1982 2885 3467 2959">
    <p class='ocr_par' dir='ltr' id='par_1_56' title="bbox 1982 2885 3467 2959">
     <span class='ocr_line' id='line_1_56' title="bbox 1982 2885 3467 2959; baseline -0.004 -16"><span class='ocrx_word' id='word_1_381' title='bbox 1982 2889 2028 2921; x_wconf 82' lang='grc'><strong>⁸²</strong></span> <span class='ocrx_word' id='word_1_382' title='bbox 2083 2887 2381 2959; x_wconf 79' lang='lat' dir='ltr'><strong>Dynastam</strong></span> <span class='ocrx_word' id='word_1_383' title='bbox 2434 2900 2580 2941; x_wconf 89' lang='lat' dir='ltr'><strong>nunc</strong></span> <span class='ocrx_word' id='word_1_384' title='bbox 2614 2885 2887 2942; x_wconf 88' lang='lat' dir='ltr'><strong>diabolum</strong></span> <span class='ocrx_word' id='word_1_385' title='bbox 2917 2885 3094 2943; x_wconf 88' lang='lat' dir='ltr'><strong>dicit:</strong></span> <span class='ocrx_word' id='word_1_386' title='bbox 3136 2898 3336 2941; x_wconf 68' lang='lat' dir='ltr'><strong>mensae</strong></span> <span class='ocrx_word' id='word_1_387' title='bbox 3368 2898 3467 2938; x_wconf 74' lang='lat' dir='ltr'><strong>au-</strong></span> 
     </span>
    </p>
   </div>
   <div class='ocr_carea' id='block_1_57' title="bbox 1907 2980 3467 3053">
    <p class='ocr_par' dir='ltr' id='par_1_57' title="bbox 1907 2980 3467 3053">
     <span class='ocr_line' id='line_1_57' title="bbox 1907 2980 3467 3053; baseline -0.005 -13"><span class='ocrx_word' id='word_1_388' title='bbox 1907 2997 2015 3041; x_wconf 91' lang='lat' dir='ltr'><strong>tem</strong></span> <span class='ocrx_word' id='word_1_389' title='bbox 2052 2985 2167 3053; x_wconf 87' lang='lat' dir='ltr'><strong>ejus</strong></span> <span class='ocrx_word' id='word_1_390' title='bbox 2199 2991 2324 3039; x_wconf 89' lang='lat' dir='ltr'><strong>sunt</strong></span> <span class='ocrx_word' id='word_1_391' title='bbox 2359 2981 2492 3037; x_wconf 84' lang='lat' dir='ltr'><strong>falsa</strong></span> <span class='ocrx_word' id='word_1_392' title='bbox 2526 2982 2851 3049; x_wconf 88' lang='lat' dir='ltr'><strong>testimonia,</strong></span> <span class='ocrx_word' id='word_1_393' title='bbox 2886 2981 3160 3046; x_wconf 83' lang='lat' dir='ltr'><strong>convicia,</strong></span> <span class='ocrx_word' id='word_1_394' title='bbox 3192 2980 3467 3037; x_wconf 83' lang='lat' dir='ltr'><strong>obtrecta-</strong></span> 
     </span>
    </p>
   </div>
   <div class='ocr_carea' id='block_1_58' title="bbox 1906 3071 3470 3147">
    <p class='ocr_par' dir='ltr' id='par_1_58' title="bbox 1906 3071 3470 3147">
     <span class='ocr_line' id='line_1_58' title="bbox 1906 3071 3470 3147; baseline -0.004 -14"><span class='ocrx_word' id='word_1_395' title='bbox 1906 3079 2106 3140; x_wconf 84' lang='lat' dir='ltr'><strong>tiones,</strong></span> <span class='ocrx_word' id='word_1_396' title='bbox 2135 3074 2539 3143; x_wconf 84' lang='lat' dir='ltr'><strong>conjurationes</strong></span> <span class='ocrx_word' id='word_1_397' title='bbox 2570 3074 2742 3137; x_wconf 61' lang='lat' dir='ltr'><strong>malai,</strong></span> <span class='ocrx_word' id='word_1_398' title='bbox 2796 3082 2978 3141; x_wconf 87' lang='lat' dir='ltr'><strong>turpes</strong></span> <span class='ocrx_word' id='word_1_399' title='bbox 3018 3071 3377 3147; x_wconf 79' lang='lat' dir='ltr'><strong>cupiditates,</strong></span> <span class='ocrx_word' id='word_1_400' title='bbox 3414 3084 3470 3127; x_wconf 89' lang='lat' dir='ltr'><strong>et</strong></span> 
     </span>
    </p>
   </div>
   <div class='ocr_carea' id='block_1_59' title="bbox 224 3167 1802 3243">
    <p class='ocr_par' dir='ltr' id='par_1_59' title="bbox 224 3169 1800 3243">
     <span class='ocr_line' id='line_1_59' title="bbox 224 3169 1800 3243; baseline 0.003 -22"><span class='ocrx_word' id='word_1_401' title='bbox 224 3169 518 3223; x_wconf 83' lang='grc' dir='ltr'>σατανικὺν</span> <span class='ocrx_word' id='word_1_402' title='bbox 548 3170 917 3241; x_wconf 81' lang='grc' dir='ltr'>ἐπιτήδευμα·</span> <span class='ocrx_word' id='word_1_403' title='bbox 966 3170 1140 3225; x_wconf 83' lang='grc' dir='ltr'>ταῦτα</span> <span class='ocrx_word' id='word_1_404' title='bbox 1179 3171 1235 3223; x_wconf 81' lang='grc' dir='ltr'>δὲ</span> <span class='ocrx_word' id='word_1_405' title='bbox 1275 3172 1686 3243; x_wconf 85' lang='grc' dir='ltr'>παρατιθέμενά</span> <span class='ocrx_word' id='word_1_406' title='bbox 1720 3189 1800 3225; x_wconf 91' lang='grc' dir='ltr'>σοι</span> 
     </span>
    </p>
   </div>
   <div class='ocr_carea' id='block_1_60' title="bbox 1912 3167 3469 3243">
    <p class='ocr_par' dir='ltr' id='par_1_60' title="bbox 1912 3168 3469 3241">
     <span class='ocr_line' id='line_1_60' title="bbox 1912 3168 3469 3241; baseline 0.001 -17"><span class='ocrx_word' id='word_1_407' title='bbox 1912 3186 2065 3227; x_wconf 78' lang='lat' dir='ltr'><strong>omne</strong></span> <span class='ocrx_word' id='word_1_408' title='bbox 2114 3169 2393 3239; x_wconf 89' lang='lat' dir='ltr'><strong>quodlibet</strong></span> <span class='ocrx_word' id='word_1_409' title='bbox 2444 3168 2747 3221; x_wconf 88' lang='lat' dir='ltr'><strong>satanicum</strong></span> <span class='ocrx_word' id='word_1_410' title='bbox 2787 3181 2944 3241; x_wconf 80' lang='lat' dir='ltr'><strong>opus.</strong></span> <span class='ocrx_word' id='word_1_411' title='bbox 2984 3170 3109 3226; x_wconf 67' lang='lat' dir='ltr'><strong>Huic</strong></span> <span class='ocrx_word' id='word_1_412' title='bbox 3142 3169 3327 3225; x_wconf 90' lang='lat' dir='ltr'><strong>omnia</strong></span> <span class='ocrx_word' id='word_1_413' title='bbox 3372 3168 3469 3224; x_wconf 86' lang='lat' dir='ltr'><strong>tibi</strong></span> 
     </span>
    </p>
   </div>
   <div class='ocr_carea' id='block_1_61' title="bbox 223 3261 1803 3335">
    <p class='ocr_par' dir='ltr' id='par_1_61' title="bbox 223 3261 1803 3335">
     <span class='ocr_line' id='line_1_61' title="bbox 223 3261 1803 3335; baseline 0.003 -22"><span class='ocrx_word' id='word_1_414' title='bbox 223 3261 334 3313; x_wconf 68' lang='grc' dir='ltr'>ὑπὸ</span> <span class='ocrx_word' id='word_1_415' title='bbox 362 3261 459 3314; x_wconf 77' lang='grc' dir='ltr'><strong>τοῦ</strong></span> <span class='ocrx_word' id='word_1_416' title='bbox 494 3262 755 3333; x_wconf 83' lang='grc' dir='ltr'>πονηροῦ,</span> <span class='ocrx_word' id='word_1_417' title='bbox 793 3262 997 3332; x_wconf 82' lang='grc' dir='ltr'>νοητῶς</span> <span class='ocrx_word' id='word_1_418' title='bbox 1034 3264 1166 3327; x_wconf 87' lang='grc' dir='ltr'>νόει,</span> <span class='ocrx_word' id='word_1_419' title='bbox 1194 3266 1289 3319; x_wconf 69' lang='grc' dir='ltr'>καὶ</span> <span class='ocrx_word' id='word_1_420' title='bbox 1314 3265 1535 3317; x_wconf 75' lang='grc' dir='ltr'>ἐπίϐαλε</span> <span class='ocrx_word' id='word_1_421' title='bbox 1560 3265 1661 3335; x_wconf 87' lang='grc' dir='ltr'>τὴν</span> <span class='ocrx_word' id='word_1_422' title='bbox 1694 3264 1803 3318; x_wconf 86' lang='grc' dir='ltr'>διά-</span> 
     </span>
    </p>
   </div>
   <div class='ocr_carea' id='block_1_62' title="bbox 220 3355 1805 3428">
    <p class='ocr_par' dir='ltr' id='par_1_62' title="bbox 220 3355 1805 3428">
     <span class='ocr_line' id='line_1_62' title="bbox 220 3355 1805 3428; baseline 0.004 -21"><span class='ocrx_word' id='word_1_423' title='bbox 220 3355 375 3407; x_wconf 83' lang='grc' dir='ltr'>νοιάν</span> <span class='ocrx_word' id='word_1_424' title='bbox 410 3372 526 3419; x_wconf 89' lang='grc' dir='ltr'>σου,</span> <span class='ocrx_word' id='word_1_425' title='bbox 556 3356 584 3408; x_wconf 78' lang='grc' dir='ltr'><em>ὅ</em></span> <span class='ocrx_word' id='word_1_426' title='bbox 617 3356 762 3409; x_wconf 80' lang='grc' dir='ltr'>ἐστιν</span> <span class='ocrx_word' id='word_1_427' title='bbox 793 3356 826 3428; x_wconf 78' lang='grc' dir='ltr'><strong>ἡ</strong></span> <span class='ocrx_word' id='word_1_428' title='bbox 869 3355 1015 3428; x_wconf 84' lang='grc' dir='ltr'>χείρ·</span> <span class='ocrx_word' id='word_1_429' title='bbox 1054 3355 1209 3424; x_wconf 78' lang='grc' dir='ltr'>εἰδὼς</span> <span class='ocrx_word' id='word_1_430' title='bbox 1243 3357 1323 3413; x_wconf 77' lang='grc' dir='ltr'>ὅτι</span> <span class='ocrx_word' id='word_1_431' title='bbox 1368 3356 1589 3415; x_wconf 73' lang='grc' dir='ltr'>τοιαῦτά</span> <span class='ocrx_word' id='word_1_432' title='bbox 1637 3374 1696 3414; x_wconf 86' lang='grc' dir='ltr'><strong>σε</strong></span> <span class='ocrx_word' id='word_1_433' title='bbox 1726 3357 1805 3415; x_wconf 78' lang='grc' dir='ltr'><strong>δεῖ</strong></span> 
     </span>
    </p>
   </div>
   <div class='ocr_carea' id='block_1_63' title="bbox 222 3441 1804 3521">
    <p class='ocr_par' dir='ltr' id='par_1_63' title="bbox 222 3441 1804 3521">
     <span class='ocr_line' id='line_1_63' title="bbox 222 3441 1804 3521; baseline 0.004 -25"><span class='ocrx_word' id='word_1_434' title='bbox 222 3445 664 3517; x_wconf 80' lang='grc' dir='ltr'>παρασκευάσαι,</span> <span class='ocrx_word' id='word_1_435' title='bbox 695 3441 782 3499; x_wconf 77' lang='grc' dir='ltr'><strong>οἷα</strong></span> <span class='ocrx_word' id='word_1_436' title='bbox 802 3448 897 3499; x_wconf 70' lang='grc' dir='ltr'>καὶ</span> <span class='ocrx_word' id='word_1_437' title='bbox 920 3450 1369 3521; x_wconf 87' lang='grc' dir='ltr'>συμπαρεστάναι</span> <span class='ocrx_word' id='word_1_438' title='bbox 1399 3467 1479 3503; x_wconf 89' lang='grc' dir='ltr'><strong>σοι</strong></span> <span class='ocrx_word' id='word_1_439' title='bbox 1503 3450 1804 3519; x_wconf 82' lang='grc' dir='ltr'>ὀφείλουσιν</span> 
     </span>
    </p>
   </div>
   <div class='ocr_carea' id='block_1_64' title="bbox 222 3537 1806 3612">
    <p class='ocr_par' dir='ltr' id='par_1_64' title="bbox 222 3537 1806 3612">
     <span class='ocr_line' id='line_1_64' title="bbox 222 3537 1806 3612; baseline 0.003 -23"><span class='ocrx_word' id='word_1_440' title='bbox 222 3539 286 3590; x_wconf 81' lang='grc' dir='ltr'>ὲν</span> <span class='ocrx_word' id='word_1_441' title='bbox 308 3537 493 3609; x_wconf 77' lang='grc' dir='ltr'>ἡμέρα</span> <span class='ocrx_word' id='word_1_442' title='bbox 524 3540 751 3609; x_wconf 83' lang='grc' dir='ltr'>Κυρίου,</span> <span class='ocrx_word' id='word_1_443' title='bbox 786 3540 873 3593; x_wconf 82' lang='grc' dir='ltr'>ὅτε</span> <span class='ocrx_word' id='word_1_444' title='bbox 898 3541 1157 3611; x_wconf 79' lang='grc' dir='ltr'>ἀπονέμει</span> <span class='ocrx_word' id='word_1_445' title='bbox 1184 3541 1395 3611; x_wconf 78' lang='grc' dir='ltr'>ἑκάστῳ</span> <span class='ocrx_word' id='word_1_446' title='bbox 1420 3541 1559 3594; x_wconf 88' lang='grc' dir='ltr'>κατὰ</span> <span class='ocrx_word' id='word_1_447' title='bbox 1577 3540 1645 3594; x_wconf 86' lang='grc' dir='ltr'>τὰ</span> <span class='ocrx_word' id='word_1_448' title='bbox 1670 3541 1806 3612; x_wconf 74' lang='grc' dir='ltr'>ἔργα</span> 
     </span>
    </p>
   </div>
   <div class='ocr_carea' id='block_1_65' title="bbox 224 3628 1804 3705">
    <p class='ocr_par' dir='ltr' id='par_1_65' title="bbox 224 3628 1804 3705">
     <span class='ocr_line' id='line_1_65' title="bbox 224 3628 1804 3705; baseline 0.004 -25"><span class='ocrx_word' id='word_1_449' title='bbox 224 3628 413 3681; x_wconf 79' lang='grc' dir='ltr'>αὐτοῦ’</span> <span class='ocrx_word' id='word_1_450' title='bbox 447 3632 496 3681; x_wconf 85' lang='grc' dir='ltr'><strong>εί</strong></span> <span class='ocrx_word' id='word_1_451' title='bbox 523 3629 579 3682; x_wconf 83' lang='grc' dir='ltr'>δὲ</span> <span class='ocrx_word' id='word_1_452' title='bbox 602 3631 903 3701; x_wconf 86' lang='grc' dir='ltr'>ἀπληστότε</span> <span class='ocrx_word' id='word_1_453' title='bbox 913 3649 1002 3703; x_wconf 86' lang='grc' dir='ltr'><strong>ρος</strong></span> <span class='ocrx_word' id='word_1_454' title='bbox 1027 3628 1097 3695; x_wconf 81' lang='grc' dir='ltr'>εἷ,</span> <span class='ocrx_word' id='word_1_455' title='bbox 1130 3633 1225 3685; x_wconf 76' lang='grc' dir='ltr'>καὶ</span> <span class='ocrx_word' id='word_1_456' title='bbox 1248 3633 1417 3704; x_wconf 80' lang='grc' dir='ltr'>ὀρέγῃ</span> <span class='ocrx_word' id='word_1_457' title='bbox 1448 3633 1557 3686; x_wconf 89' lang='grc' dir='ltr'><strong>τῶν</strong></span> <span class='ocrx_word' id='word_1_458' title='bbox 1582 3634 1804 3705; x_wconf 80' lang='grc' dir='ltr'>ὑψηλῶν</span> 
     </span>
    </p>
   </div>
   <div class='ocr_carea' id='block_1_66' title="bbox 225 3720 1806 3792">
    <p class='ocr_par' dir='ltr' id='par_1_66' title="bbox 225 3720 1806 3792">
     <span class='ocr_line' id='line_1_66' title="bbox 225 3720 1806 3792; baseline 0.004 -19"><span class='ocrx_word' id='word_1_459' title='bbox 225 3722 323 3774; x_wconf 73' lang='grc' dir='ltr'>καὶ</span> <span class='ocrx_word' id='word_1_460' title='bbox 373 3720 635 3775; x_wconf 86' lang='grc' dir='ltr'>πλειόνων</span> <span class='ocrx_word' id='word_1_461' title='bbox 691 3723 783 3775; x_wconf 74' lang='grc' dir='ltr'>καὶ</span> <span class='ocrx_word' id='word_1_462' title='bbox 832 3723 1091 3792; x_wconf 79' lang='grc' dir='ltr'>μειζόνων</span> <span class='ocrx_word' id='word_1_463' title='bbox 1120 3764 1135 3788; x_wconf 94' lang='grc'><strong>,</strong></span> <span class='ocrx_word' id='word_1_464' title='bbox 1183 3724 1341 3777; x_wconf 68' lang='lat' dir='ltr'><strong>ams</strong></span> <span class='ocrx_word' id='word_1_465' title='bbox 1381 3726 1485 3777; x_wconf 87' lang='grc' dir='ltr'>είσι</span> <span class='ocrx_word' id='word_1_466' title='bbox 1538 3725 1657 3778; x_wconf 89' lang='grc' dir='ltr'>θεῖα</span> <span class='ocrx_word' id='word_1_467' title='bbox 1714 3728 1806 3779; x_wconf 77' lang='grc' dir='ltr'>καὶ</span> 
     </span>
    </p>
   </div>
   <div class='ocr_carea' id='block_1_67' title="bbox 226 3810 1807 3882">
    <p class='ocr_par' dir='ltr' id='par_1_67' title="bbox 226 3810 1807 3882">
     <span class='ocr_line' id='line_1_67' title="bbox 226 3810 1807 3882; baseline 0.001 -19"><span class='ocrx_word' id='word_1_468' title='bbox 226 3811 388 3871; x_wconf 80' lang='grc' dir='ltr'>Θεοῦ,</span> <span class='ocrx_word' id='word_1_469' title='bbox 413 3811 487 3880; x_wconf 81' lang='grc' dir='ltr'><strong>μὴ</strong></span> <span class='ocrx_word' id='word_1_470' title='bbox 513 3810 768 3879; x_wconf 80' lang='grc' dir='ltr'>ὲπιθύμει</span> <span class='ocrx_word' id='word_1_471' title='bbox 783 3811 892 3864; x_wconf 88' lang='grc' dir='ltr'><strong>τῶν</strong></span> <span class='ocrx_word' id='word_1_472' title='bbox 910 3811 1002 3863; x_wconf 79' lang='grc' dir='ltr'><strong>τοῦ</strong></span> <span class='ocrx_word' id='word_1_473' title='bbox 1024 3811 1262 3881; x_wconf 85' lang='grc' dir='ltr'>πονηροῦ</span> <span class='ocrx_word' id='word_1_474' title='bbox 1286 3812 1614 3882; x_wconf 75' lang='grc' dir='ltr'>ἐδεσμάτωνσ</span> <span class='ocrx_word' id='word_1_475' title='bbox 1634 3811 1807 3865; x_wconf 80' lang='grc' dir='ltr'>ταῦτα</span> 
     </span>
    </p>
   </div>
   <div class='ocr_carea' id='block_1_68' title="bbox 228 3898 1807 3970">
    <p class='ocr_par' dir='ltr' id='par_1_68' title="bbox 228 3898 1807 3970">
     <span class='ocr_line' id='line_1_68' title="bbox 228 3898 1807 3970; baseline 0.002 -19"><span class='ocrx_word' id='word_1_476' title='bbox 228 3899 340 3970; x_wconf 87' lang='grc' dir='ltr'><strong>γάρ</strong></span> <span class='ocrx_word' id='word_1_477' title='bbox 367 3898 549 3969; x_wconf 75' lang='grc' dir='ltr'>ἔχεται</span> <span class='ocrx_word' id='word_1_478' title='bbox 581 3899 724 3969; x_wconf 73' lang='grc' dir='ltr'>ζωῆς</span> <span class='ocrx_word' id='word_1_479' title='bbox 760 3900 1115 3970; x_wconf 82' lang='grc' dir='ltr'>προσκαίρου,</span> <span class='ocrx_word' id='word_1_480' title='bbox 1149 3900 1178 3951; x_wconf 83' lang='grc' dir='ltr'><strong>ὃ</strong></span> <span class='ocrx_word' id='word_1_481' title='bbox 1214 3902 1328 3953; x_wconf 80' lang='grc' dir='ltr'>ἐστι</span> <span class='ocrx_word' id='word_1_482' title='bbox 1354 3899 1615 3969; x_wconf 74' lang='grc' dir='ltr'>ψευδοῦςο</span> <span class='ocrx_word' id='word_1_483' title='bbox 1648 3900 1807 3954; x_wconf 80' lang='grc' dir='ltr'>δεῖδὲ</span> 
     </span>
    </p>
   </div>
   <div class='ocr_carea' id='block_1_69' title="bbox 226 3991 1803 4063">
    <p class='ocr_par' dir='ltr' id='par_1_69' title="bbox 226 3991 1803 4063">
     <span class='ocr_line' id='line_1_69' title="bbox 226 3991 1803 4063; baseline 0.003 -23"><span class='ocrx_word' id='word_1_484' title='bbox 226 3992 325 4063; x_wconf 73' lang='grc' dir='ltr'>τὴν</span> <span class='ocrx_word' id='word_1_485' title='bbox 358 3993 509 4044; x_wconf 86' lang='grc' dir='ltr'>θείαν</span> <span class='ocrx_word' id='word_1_486' title='bbox 533 3991 754 4063; x_wconf 84' lang='grc' dir='ltr'>Γραφὴν</span> <span class='ocrx_word' id='word_1_487' title='bbox 781 3991 986 4061; x_wconf 82' lang='grc' dir='ltr'>νοητῶς</span> <span class='ocrx_word' id='word_1_488' title='bbox 1010 3992 1243 4045; x_wconf 84' lang='grc' dir='ltr'>νοεῖσθαι</span> <span class='ocrx_word' id='word_1_489' title='bbox 1275 3992 1369 4045; x_wconf 78' lang='grc' dir='ltr'>καὶ</span> <span class='ocrx_word' id='word_1_490' title='bbox 1406 3992 1803 4062; x_wconf 62' lang='grc' dir='ltr'>πνευματικῶς</span> 
     </span>
    </p>
   </div>
   <div class='ocr_carea' id='block_1_70' title="bbox 229 4080 1807 4154">
    <p class='ocr_par' dir='ltr' id='par_1_70' title="bbox 229 4080 1807 4154">
     <span class='ocr_line' id='line_1_70' title="bbox 229 4080 1807 4154; baseline 0.001 -19"><span class='ocrx_word' id='word_1_491' title='bbox 229 4083 265 4151; x_wconf 83' lang='grc' dir='ltr'>ἡ</span> <span class='ocrx_word' id='word_1_492' title='bbox 297 4082 406 4153; x_wconf 83' lang='grc' dir='ltr'>γὰρ</span> <span class='ocrx_word' id='word_1_493' title='bbox 441 4080 584 4135; x_wconf 86' lang='grc' dir='ltr'><strong>κατά</strong></span> <span class='ocrx_word' id='word_1_494' title='bbox 605 4081 704 4153; x_wconf 84' lang='grc' dir='ltr'>τὴν</span> <span class='ocrx_word' id='word_1_495' title='bbox 743 4081 981 4153; x_wconf 84' lang='grc' dir='ltr'>ἱστορίαν</span> <span class='ocrx_word' id='word_1_496' title='bbox 1006 4082 1236 4154; x_wconf 69' lang='grc' dir='ltr'>αἰσθητὴ</span> <span class='ocrx_word' id='word_1_497' title='bbox 1269 4082 1491 4152; x_wconf 87' lang='grc' dir='ltr'>γνῶσις,</span> <span class='ocrx_word' id='word_1_498' title='bbox 1524 4084 1625 4136; x_wconf 81' lang='grc' dir='ltr'>οὐκ</span> <span class='ocrx_word' id='word_1_499' title='bbox 1663 4082 1807 4137; x_wconf 77' lang='grc' dir='ltr'>ἔστιν</span> 
     </span>
    </p>
   </div>
   <div class='ocr_carea' id='block_1_71' title="bbox 226 4172 611 4246">
    <p class='ocr_par' dir='ltr' id='par_1_71' title="bbox 226 4172 611 4246">
     <span class='ocr_line' id='line_1_71' title="bbox 226 4172 611 4246; baseline -0.01 -17"><span class='ocrx_word' id='word_1_500' title='bbox 226 4174 440 4246; x_wconf 74' lang='grc' dir='ltr'>ἀληθής</span> <span class='ocrx_word' id='word_1_501' title='bbox 475 4172 611 4243; x_wconf 83' lang='lat' dir='ltr'><strong>(l5).</strong></span> 
     </span>
    </p>
   </div>
   <div class='ocr_carea' id='block_1_72' title="bbox 313 4262 1811 4337">
    <p class='ocr_par' dir='ltr' id='par_1_72' title="bbox 313 4262 1811 4337">
     <span class='ocr_line' id='line_1_72' title="bbox 313 4262 1811 4337; baseline 0.001 -19"><span class='ocrx_word' id='word_1_502' title='bbox 313 4264 440 4318; x_wconf 82' lang='grc' dir='ltr'><strong>Ἐὰν</strong></span> <span class='ocrx_word' id='word_1_503' title='bbox 479 4264 702 4317; x_wconf 81' lang='grc' dir='ltr'>έλκῦσαι</span> <span class='ocrx_word' id='word_1_504' title='bbox 740 4264 831 4317; x_wconf 87' lang='grc' dir='ltr'>τὸν</span> <span class='ocrx_word' id='word_1_505' title='bbox 869 4262 1010 4316; x_wconf 86' lang='grc' dir='ltr'>θεῖον</span> <span class='ocrx_word' id='word_1_506' title='bbox 1048 4262 1171 4317; x_wconf 78' lang='grc' dir='ltr'>νοῦν</span> <span class='ocrx_word' id='word_1_507' title='bbox 1206 4264 1341 4335; x_wconf 85' lang='grc' dir='ltr'>πρὸς</span> <span class='ocrx_word' id='word_1_508' title='bbox 1378 4264 1441 4317; x_wconf 83' lang='grc' dir='ltr'>τὸ</span> <span class='ocrx_word' id='word_1_509' title='bbox 1476 4265 1635 4337; x_wconf 82' lang='grc' dir='ltr'>ῥητὸν</span> <span class='ocrx_word' id='word_1_510' title='bbox 1668 4264 1811 4319; x_wconf 89' lang='grc' dir='ltr'><strong>κατά</strong></span> 
     </span>
    </p>
   </div>
   <div class='ocr_carea' id='block_1_73' title="bbox 1906 3258 3469 3331">
    <p class='ocr_par' dir='ltr' id='par_1_73' title="bbox 1906 3258 3469 3331">
     <span class='ocr_line' id='line_1_73' title="bbox 1906 3258 3469 3331; baseline 0.001 -17"><span class='ocrx_word' id='word_1_511' title='bbox 1906 3260 2148 3330; x_wconf 84' lang='lat' dir='ltr'><strong>apposita</strong></span> <span class='ocrx_word' id='word_1_512' title='bbox 2180 3274 2211 3313; x_wconf 87' lang='lat' dir='ltr'><strong>a</strong></span> <span class='ocrx_word' id='word_1_513' title='bbox 2248 3258 2506 3327; x_wconf 89' lang='lat' dir='ltr'><strong>maligno,</strong></span> <span class='ocrx_word' id='word_1_514' title='bbox 2549 3258 2873 3330; x_wconf 80' lang='lat' dir='ltr'><strong>spiritaliter</strong></span> <span class='ocrx_word' id='word_1_515' title='bbox 2903 3260 3170 3331; x_wconf 79' lang='lat' dir='ltr'><strong>intelligo,</strong></span> <span class='ocrx_word' id='word_1_516' title='bbox 3220 3269 3277 3315; x_wconf 89' lang='lat' dir='ltr'><strong>et</strong></span> <span class='ocrx_word' id='word_1_517' title='bbox 3314 3274 3469 3315; x_wconf 88' lang='lat' dir='ltr'><strong>men-</strong></span> 
     </span>
    </p>
   </div>
   <div class='ocr_carea' id='block_1_74' title="bbox 1915 3350 3471 3423">
    <p class='ocr_par' dir='ltr' id='par_1_74' title="bbox 1915 3350 3471 3423">
     <span class='ocr_line' id='line_1_74' title="bbox 1915 3350 3471 3423; baseline -0.003 -12"><span class='ocrx_word' id='word_1_518' title='bbox 1915 3363 2023 3411; x_wconf 88' lang='lat' dir='ltr'><strong>tem</strong></span> <span class='ocrx_word' id='word_1_519' title='bbox 2055 3361 2204 3410; x_wconf 83' lang='lat' dir='ltr'><strong>tuam</strong></span> <span class='ocrx_word' id='word_1_520' title='bbox 2230 3350 2475 3421; x_wconf 75' lang='lat' dir='ltr'><strong>intende,</strong></span> <span class='ocrx_word' id='word_1_521' title='bbox 2504 3369 2626 3423; x_wconf 74' lang='lat' dir='ltr'><strong>qua:</strong></span> <span class='ocrx_word' id='word_1_522' title='bbox 2660 3354 2748 3407; x_wconf 85' lang='lat' dir='ltr'><strong>hic</strong></span> <span class='ocrx_word' id='word_1_523' title='bbox 2780 3352 2983 3407; x_wconf 88' lang='lat' dir='ltr'><strong>dicitur</strong></span> <span class='ocrx_word' id='word_1_524' title='bbox 3021 3367 3232 3417; x_wconf 83' lang='lat' dir='ltr'><strong>manus,</strong></span> <span class='ocrx_word' id='word_1_525' title='bbox 3289 3352 3471 3409; x_wconf 83' lang='lat' dir='ltr'><strong>sciens</strong></span> 
     </span>
    </p>
   </div>
   <div class='ocr_carea' id='block_1_75' title="bbox 1905 3444 3472 3516">
    <p class='ocr_par' dir='ltr' id='par_1_75' title="bbox 1905 3444 3472 3516">
     <span class='ocr_line' id='line_1_75' title="bbox 1905 3444 3472 3516; baseline -0.002 -14"><span class='ocrx_word' id='word_1_526' title='bbox 1905 3463 1934 3502; x_wconf 90' lang='lat' dir='ltr'><strong>a</strong></span> <span class='ocrx_word' id='word_1_527' title='bbox 1964 3456 2016 3502; x_wconf 92' lang='lat' dir='ltr'><strong>te</strong></span> <span class='ocrx_word' id='word_1_528' title='bbox 2042 3448 2170 3502; x_wconf 88' lang='lat' dir='ltr'><strong>talia</strong></span> <span class='ocrx_word' id='word_1_529' title='bbox 2210 3461 2333 3502; x_wconf 86' lang='lat' dir='ltr'><strong>esse</strong></span> <span class='ocrx_word' id='word_1_530' title='bbox 2374 3446 2686 3516; x_wconf 88' lang='lat' dir='ltr'><strong>apparanda</strong></span> <span class='ocrx_word' id='word_1_531' title='bbox 2733 3445 2779 3477; x_wconf 80' lang='lat'>“</span> <span class='ocrx_word' id='word_1_532' title='bbox 2804 3484 2820 3510; x_wconf 88' lang='lat'><strong>,</strong></span> <span class='ocrx_word' id='word_1_533' title='bbox 2849 3460 2970 3515; x_wconf 65' lang='lat' dir='ltr'><strong>quae</strong></span> <span class='ocrx_word' id='word_1_534' title='bbox 3015 3444 3110 3499; x_wconf 89' lang='lat' dir='ltr'><strong>tibi</strong></span> <span class='ocrx_word' id='word_1_535' title='bbox 3140 3444 3472 3514; x_wconf 87' lang='lat' dir='ltr'><strong>patrocinari</strong></span> 
     </span>
    </p>
   </div>
   <div class='ocr_carea' id='block_1_76' title="bbox 1905 3537 3470 3610">
    <p class='ocr_par' dir='ltr' id='par_1_76' title="bbox 1905 3537 3470 3610">
     <span class='ocr_line' id='line_1_76' title="bbox 1905 3537 3470 3610; baseline -0.004 -14"><span class='ocrx_word' id='word_1_536' title='bbox 1905 3541 2116 3610; x_wconf 89' lang='lat' dir='ltr'><strong>possint</strong></span> <span class='ocrx_word' id='word_1_537' title='bbox 2148 3540 2201 3593; x_wconf 91' lang='lat' dir='ltr'><strong>in</strong></span> <span class='ocrx_word' id='word_1_538' title='bbox 2240 3539 2328 3593; x_wconf 90' lang='lat' dir='ltr'><strong>die</strong></span> <span class='ocrx_word' id='word_1_539' title='bbox 2369 3537 2608 3602; x_wconf 88' lang='lat' dir='ltr'><strong>Domini,</strong></span> <span class='ocrx_word' id='word_1_540' title='bbox 2639 3552 2767 3592; x_wconf 91' lang='lat' dir='ltr'><strong>cum</strong></span> <span class='ocrx_word' id='word_1_541' title='bbox 2803 3538 2849 3593; x_wconf 88' lang='lat' dir='ltr'><strong>is</strong></span> <span class='ocrx_word' id='word_1_542' title='bbox 2892 3538 3330 3591; x_wconf 89' lang='lat' dir='ltr'><strong>remunerabitur</strong></span> <span class='ocrx_word' id='word_1_543' title='bbox 3357 3538 3470 3591; x_wconf 89' lang='lat' dir='ltr'><strong>sin-</strong></span> 
     </span>
    </p>
   </div>
   <div class='ocr_carea' id='block_1_77' title="bbox 1906 3627 3471 3700">
    <p class='ocr_par' dir='ltr' id='par_1_77' title="bbox 1906 3627 3471 3700">
     <span class='ocr_line' id='line_1_77' title="bbox 1906 3627 3471 3700; baseline -0.001 -16"><span class='ocrx_word' id='word_1_544' title='bbox 1906 3631 2058 3700; x_wconf 84' lang='lat' dir='ltr'><strong>gulos</strong></span> <span class='ocrx_word' id='word_1_545' title='bbox 2086 3632 2382 3686; x_wconf 89' lang='lat' dir='ltr'><strong>secundum</strong></span> <span class='ocrx_word' id='word_1_546' title='bbox 2404 3643 2571 3698; x_wconf 82' lang='lat' dir='ltr'><strong>opera</strong></span> <span class='ocrx_word' id='word_1_547' title='bbox 2599 3644 2812 3683; x_wconf 91' lang='lat' dir='ltr'><strong>eorum.</strong></span> <span class='ocrx_word' id='word_1_548' title='bbox 2843 3627 2998 3695; x_wconf 82' lang='lat' dir='ltr'><strong>Quod</strong></span> <span class='ocrx_word' id='word_1_549' title='bbox 3036 3630 3080 3683; x_wconf 91' lang='lat' dir='ltr'><strong>si</strong></span> <span class='ocrx_word' id='word_1_550' title='bbox 3110 3629 3471 3683; x_wconf 84' lang='lat' dir='ltr'><strong>insatiabilior</strong></span> 
     </span>
    </p>
   </div>
   <div class='ocr_carea' id='block_1_78' title="bbox 1904 3718 3472 3792">
    <p class='ocr_par' dir='ltr' id='par_1_78' title="bbox 1904 3718 3472 3792">
     <span class='ocr_line' id='line_1_78' title="bbox 1904 3718 3472 3792; baseline -0.003 -16"><span class='ocrx_word' id='word_1_551' title='bbox 1904 3737 1986 3790; x_wconf 83' lang='lat' dir='ltr'><strong>es,</strong></span> <span class='ocrx_word' id='word_1_552' title='bbox 2019 3723 2281 3792; x_wconf 90' lang='lat' dir='ltr'><strong>cupisque</strong></span> <span class='ocrx_word' id='word_1_553' title='bbox 2310 3723 2419 3776; x_wconf 91' lang='lat' dir='ltr'><strong>alta</strong></span> <span class='ocrx_word' id='word_1_554' title='bbox 2447 3730 2501 3775; x_wconf 91' lang='lat' dir='ltr'><strong>et</strong></span> <span class='ocrx_word' id='word_1_555' title='bbox 2527 3720 2681 3789; x_wconf 89' lang='lat' dir='ltr'><strong>plura</strong></span> <span class='ocrx_word' id='word_1_556' title='bbox 2713 3729 2878 3789; x_wconf 88' lang='lat' dir='ltr'><strong>atque</strong></span> <span class='ocrx_word' id='word_1_557' title='bbox 2901 3718 3105 3788; x_wconf 88' lang='lat' dir='ltr'><strong>majora</strong></span> <span class='ocrx_word' id='word_1_558' title='bbox 3128 3759 3144 3783; x_wconf 90' lang='lat'><strong>,</strong></span> <span class='ocrx_word' id='word_1_559' title='bbox 3175 3735 3296 3786; x_wconf 71' lang='lat' dir='ltr'><strong>quae</strong></span> <span class='ocrx_word' id='word_1_560' title='bbox 3345 3729 3472 3774; x_wconf 88' lang='lat' dir='ltr'><strong>sunt</strong></span> 
     </span>
    </p>
   </div>
   <div class='ocr_carea' id='block_1_79' title="bbox 1906 3810 3467 3881">
    <p class='ocr_par' dir='ltr' id='par_1_79' title="bbox 1906 3810 3467 3881">
     <span class='ocr_line' id='line_1_79' title="bbox 1906 3810 3467 3881; baseline -0.004 -10"><span class='ocrx_word' id='word_1_561' title='bbox 1906 3815 2149 3871; x_wconf 70' lang='lat' dir='ltr'><strong>cmlestia</strong></span> <span class='ocrx_word' id='word_1_562' title='bbox 2178 3829 2243 3869; x_wconf 89' lang='lat' dir='ltr'><strong>ac</strong></span> <span class='ocrx_word' id='word_1_563' title='bbox 2268 3814 2471 3877; x_wconf 87' lang='lat' dir='ltr'><strong>divina,</strong></span> <span class='ocrx_word' id='word_1_564' title='bbox 2502 3826 2633 3867; x_wconf 88' lang='lat' dir='ltr'><strong>cave</strong></span> <span class='ocrx_word' id='word_1_565' title='bbox 2667 3810 2889 3881; x_wconf 86' lang='lat' dir='ltr'><strong>ligurias</strong></span> <span class='ocrx_word' id='word_1_566' title='bbox 2920 3811 3064 3865; x_wconf 88' lang='lat' dir='ltr'><strong>circa</strong></span> <span class='ocrx_word' id='word_1_567' title='bbox 3093 3811 3307 3881; x_wconf 86' lang='lat' dir='ltr'><strong>maligni</strong></span> <span class='ocrx_word' id='word_1_568' title='bbox 3339 3811 3467 3866; x_wconf 85' lang='lat' dir='ltr'><strong>edu-</strong></span> 
     </span>
    </p>
   </div>
   <div class='ocr_carea' id='block_1_80' title="bbox 1908 3901 3471 3967">
    <p class='ocr_par' dir='ltr' id='par_1_80' title="bbox 1908 3901 3471 3967">
     <span class='ocr_line' id='line_1_80' title="bbox 1908 3901 3471 3967; baseline -0.002 -7"><span class='ocrx_word' id='word_1_569' title='bbox 1908 3907 1981 3960; x_wconf 88' lang='lat' dir='ltr'><strong>lia</strong></span> <span class='ocrx_word' id='word_1_570' title='bbox 2016 3924 2030 3960; x_wconf 91' lang='lat'><strong>:</strong></span> <span class='ocrx_word' id='word_1_571' title='bbox 2063 3907 2181 3960; x_wconf 71' lang='lat' dir='ltr'><strong>haec</strong></span> <span class='ocrx_word' id='word_1_572' title='bbox 2213 3906 2358 3961; x_wconf 89' lang='lat' dir='ltr'><strong>enim</strong></span> <span class='ocrx_word' id='word_1_573' title='bbox 2389 3904 2537 3959; x_wconf 87' lang='lat' dir='ltr'><strong>brevi</strong></span> <span class='ocrx_word' id='word_1_574' title='bbox 2572 3903 2683 3957; x_wconf 87' lang='lat' dir='ltr'><strong>vita</strong></span> <span class='ocrx_word' id='word_1_575' title='bbox 2722 3903 2994 3967; x_wconf 88' lang='lat' dir='ltr'><strong>fruuntur,</strong></span> <span class='ocrx_word' id='word_1_576' title='bbox 3032 3902 3085 3957; x_wconf 94' lang='lat' dir='ltr'><strong>id</strong></span> <span class='ocrx_word' id='word_1_577' title='bbox 3137 3912 3223 3957; x_wconf 87' lang='lat' dir='ltr'><strong>est</strong></span> <span class='ocrx_word' id='word_1_578' title='bbox 3270 3901 3471 3957; x_wconf 86' lang='lat' dir='ltr'><strong>fallaci.</strong></span> 
     </span>
    </p>
   </div>
   <div class='ocr_carea' id='block_1_81' title="bbox 1909 3993 3473 4067">
    <p class='ocr_par' dir='ltr' id='par_1_81' title="bbox 1909 3993 3473 4067">
     <span class='ocr_line' id='line_1_81' title="bbox 1909 3993 3473 4067; baseline -0.004 -13"><span class='ocrx_word' id='word_1_579' title='bbox 1909 3997 2137 4067; x_wconf 90' lang='lat' dir='ltr'><strong>Oportet</strong></span> <span class='ocrx_word' id='word_1_580' title='bbox 2162 4007 2342 4051; x_wconf 89' lang='lat' dir='ltr'><strong>autem</strong></span> <span class='ocrx_word' id='word_1_581' title='bbox 2370 3995 2609 4049; x_wconf 87' lang='lat' dir='ltr'><strong>divinam</strong></span> <span class='ocrx_word' id='word_1_582' title='bbox 2640 3994 2975 4064; x_wconf 87' lang='lat' dir='ltr'><strong>Scripturam</strong></span> <span class='ocrx_word' id='word_1_583' title='bbox 3033 3993 3473 4048; x_wconf 87' lang='lat' dir='ltr'><strong>intellectualiter</strong></span> 
     </span>
    </p>
   </div>
   <div class='ocr_carea' id='block_1_82' title="bbox 1907 4087 3473 4160">
    <p class='ocr_par' dir='ltr' id='par_1_82' title="bbox 1907 4087 3473 4160">
     <span class='ocr_line' id='line_1_82' title="bbox 1907 4087 3473 4160; baseline -0.003 -15"><span class='ocrx_word' id='word_1_584' title='bbox 1907 4106 1971 4145; x_wconf 92' lang='lat' dir='ltr'><strong>ac</strong></span> <span class='ocrx_word' id='word_1_585' title='bbox 2000 4089 2321 4160; x_wconf 86' lang='lat' dir='ltr'><strong>spiritaliter</strong></span> <span class='ocrx_word' id='word_1_586' title='bbox 2350 4087 2576 4156; x_wconf 89' lang='lat' dir='ltr'><strong>intelligi</strong></span> <span class='ocrx_word' id='word_1_587' title='bbox 2611 4104 2627 4140; x_wconf 93' lang='lat'><strong>:</strong></span> <span class='ocrx_word' id='word_1_588' title='bbox 2660 4101 2783 4140; x_wconf 84' lang='lat' dir='ltr'><strong>nam</strong></span> <span class='ocrx_word' id='word_1_589' title='bbox 2812 4101 2933 4156; x_wconf 76' lang='lat' dir='ltr'><strong>qua:</strong></span> <span class='ocrx_word' id='word_1_590' title='bbox 2972 4087 3268 4141; x_wconf 86' lang='lat' dir='ltr'><strong>secundum</strong></span> <span class='ocrx_word' id='word_1_591' title='bbox 3304 4087 3473 4142; x_wconf 87' lang='lat' dir='ltr'><strong>histo-</strong></span> 
     </span>
    </p>
   </div>
   <div class='ocr_carea' id='block_1_83' title="bbox 1908 4177 3134 4245">
    <p class='ocr_par' dir='ltr' id='par_1_83' title="bbox 1908 4177 3134 4245">
     <span class='ocr_line' id='line_1_83' title="bbox 1908 4177 3134 4245; baseline -0.002 -10"><span class='ocrx_word' id='word_1_592' title='bbox 1908 4180 2043 4236; x_wconf 84' lang='lat' dir='ltr'><strong>riam</strong></span> <span class='ocrx_word' id='word_1_593' title='bbox 2072 4190 2160 4236; x_wconf 90' lang='lat' dir='ltr'><strong>est</strong></span> <span class='ocrx_word' id='word_1_594' title='bbox 2192 4180 2493 4234; x_wconf 85' lang='lat' dir='ltr'><strong>materialis</strong></span> <span class='ocrx_word' id='word_1_595' title='bbox 2530 4177 2704 4245; x_wconf 86' lang='lat' dir='ltr'><strong>nctio,</strong></span> <span class='ocrx_word' id='word_1_596' title='bbox 2732 4193 2861 4233; x_wconf 89' lang='lat' dir='ltr'><strong>vera</strong></span> <span class='ocrx_word' id='word_1_597' title='bbox 2897 4194 3002 4233; x_wconf 92' lang='lat' dir='ltr'><strong>non</strong></span> <span class='ocrx_word' id='word_1_598' title='bbox 3031 4187 3134 4233; x_wconf 88' lang='lat' dir='ltr'><strong>est.</strong></span> 
     </span>
    </p>
   </div>
   <div class='ocr_carea' id='block_1_84' title="bbox 1978 4270 3474 4341">
    <p class='ocr_par' dir='ltr' id='par_1_84' title="bbox 1978 4270 3474 4341">
     <span class='ocr_line' id='line_1_84' title="bbox 1978 4270 3474 4341; baseline -0.006 -13"><span class='ocrx_word' id='word_1_599' title='bbox 1978 4272 2026 4305; x_wconf 77' lang='lat'><strong>“</strong></span> <span class='ocrx_word' id='word_1_600' title='bbox 2055 4272 2111 4328; x_wconf 92' lang='lat' dir='ltr'><strong>Si</strong></span> <span class='ocrx_word' id='word_1_601' title='bbox 2141 4272 2361 4327; x_wconf 88' lang='lat' dir='ltr'><strong>trahere</strong></span> <span class='ocrx_word' id='word_1_602' title='bbox 2384 4273 2623 4329; x_wconf 88' lang='lat' dir='ltr'><strong>divinum</strong></span> <span class='ocrx_word' id='word_1_603' title='bbox 2663 4288 2905 4337; x_wconf 87' lang='lat' dir='ltr'><strong>sensum,</strong></span> <span class='ocrx_word' id='word_1_604' title='bbox 2927 4272 3079 4341; x_wconf 84' lang='lat' dir='ltr'><strong>juxta</strong></span> <span class='ocrx_word' id='word_1_605' title='bbox 3118 4270 3375 4333; x_wconf 85' lang='lat' dir='ltr'><strong>litteram,</strong></span> <span class='ocrx_word' id='word_1_606' title='bbox 3405 4270 3474 4320; x_wconf 88' lang='lat' dir='ltr'><strong>ad</strong></span> 
     </span>
    </p>
   </div>
   <div class='ocr_carea' id='block_1_85' title="bbox 225 4354 1802 4433">
    <p class='ocr_par' dir='ltr' id='par_1_85' title="bbox 225 4354 1802 4429">
     <span class='ocr_line' id='line_1_85' title="bbox 225 4354 1802 4429; baseline 0 -19"><span class='ocrx_word' id='word_1_607' title='bbox 225 4358 325 4429; x_wconf 81' lang='grc' dir='ltr'>τὴν</span> <span class='ocrx_word' id='word_1_608' title='bbox 357 4356 464 4423; x_wconf 74' lang='grc' dir='ltr'><strong>ἔξω</strong></span> <span class='ocrx_word' id='word_1_609' title='bbox 497 4358 654 4427; x_wconf 84' lang='grc' dir='ltr'>μόνον</span> <span class='ocrx_word' id='word_1_610' title='bbox 691 4358 880 4429; x_wconf 83' lang='grc' dir='ltr'>ὅρασιν</span> <span class='ocrx_word' id='word_1_611' title='bbox 902 4356 1183 4429; x_wconf 76' lang='grc' dir='ltr'>ἐθελήσῃς,</span> <span class='ocrx_word' id='word_1_612' title='bbox 1206 4355 1507 4419; x_wconf 86' lang='grc' dir='ltr'>ἀσύστατος</span> <span class='ocrx_word' id='word_1_613' title='bbox 1530 4354 1604 4409; x_wconf 86' lang='grc' dir='ltr'><strong>ῶν</strong></span> <span class='ocrx_word' id='word_1_614' title='bbox 1626 4358 1704 4420; x_wconf 83' lang='grc' dir='ltr'>εἰς</span> <span class='ocrx_word' id='word_1_615' title='bbox 1718 4356 1802 4410; x_wconf 77' lang='grc' dir='ltr'>τὸν</span> 
     </span>
    </p>
   </div>
   <div class='ocr_carea' id='block_1_86' title="bbox 1912 4354 3473 4433">
    <p class='ocr_par' dir='ltr' id='par_1_86' title="bbox 1912 4357 3473 4433">
     <span class='ocr_line' id='line_1_86' title="bbox 1912 4357 3473 4433; baseline -0.006 -15"><span class='ocrx_word' id='word_1_616' title='bbox 1912 4373 2194 4420; x_wconf 81' lang='lat' dir='ltr'><strong>externum</strong></span> <span class='ocrx_word' id='word_1_617' title='bbox 2255 4366 2636 4420; x_wconf 90' lang='lat' dir='ltr'><strong>tantummodo</strong></span> <span class='ocrx_word' id='word_1_618' title='bbox 2679 4372 3033 4433; x_wconf 88' lang='lat' dir='ltr'><strong>conspectum</strong></span> <span class='ocrx_word' id='word_1_619' title='bbox 3087 4359 3367 4422; x_wconf 87' lang='lat' dir='ltr'><strong>volueris,</strong></span> <span class='ocrx_word' id='word_1_620' title='bbox 3426 4357 3473 4410; x_wconf 87' lang='lat' dir='ltr'><strong>is</strong></span> 
     </span>
    </p>
   </div>
   <div class='ocr_carea' id='block_1_87' title="bbox 230 4444 1802 4525">
    <p class='ocr_par' dir='ltr' id='par_1_87' title="bbox 230 4444 1802 4519">
     <span class='ocr_line' id='line_1_87' title="bbox 230 4444 1802 4519; baseline -0.002 -16"><span class='ocrx_word' id='word_1_621' title='bbox 230 4450 361 4503; x_wconf 81' lang='grc' dir='ltr'>ῐοιον</span> <span class='ocrx_word' id='word_1_622' title='bbox 395 4444 540 4501; x_wconf 80' lang='grc' dir='ltr'>οἷκον</span> <span class='ocrx_word' id='word_1_623' title='bbox 573 4450 873 4517; x_wconf 85' lang='grc' dir='ltr'>ἀποφοίτα,</span> <span class='ocrx_word' id='word_1_624' title='bbox 906 4451 966 4513; x_wconf 82' lang='grc' dir='ltr'>ὃς</span> <span class='ocrx_word' id='word_1_625' title='bbox 1009 4451 1125 4502; x_wconf 79' lang='grc' dir='ltr'>ἐστι</span> <span class='ocrx_word' id='word_1_626' title='bbox 1160 4448 1220 4501; x_wconf 86' lang='grc' dir='ltr'>τὸ</span> <span class='ocrx_word' id='word_1_627' title='bbox 1266 4448 1599 4519; x_wconf 84' lang='grc' dir='ltr'>κατάλληλον</span> <span class='ocrx_word' id='word_1_628' title='bbox 1644 4447 1802 4501; x_wconf 83' lang='grc' dir='ltr'>αὑτοῦ</span> 
     </span>
    </p>
   </div>
   <div class='ocr_carea' id='block_1_88' title="bbox 1912 4444 3475 4525">
    <p class='ocr_par' dir='ltr' id='par_1_88' title="bbox 1913 4450 3475 4525">
     <span class='ocr_line' id='line_1_88' title="bbox 1913 4450 3475 4525; baseline -0.004 -17"><span class='ocrx_word' id='word_1_629' title='bbox 1913 4455 2264 4511; x_wconf 88' lang='lat' dir='ltr'><strong>fundamento</strong></span> <span class='ocrx_word' id='word_1_630' title='bbox 2299 4472 2495 4513; x_wconf 90' lang='lat' dir='ltr'><strong>carens</strong></span> <span class='ocrx_word' id='word_1_631' title='bbox 2524 4457 2593 4510; x_wconf 89' lang='lat' dir='ltr'><strong>ad</strong></span> <span class='ocrx_word' id='word_1_632' title='bbox 2623 4455 2897 4525; x_wconf 84' lang='lat' dir='ltr'><strong>proprium</strong></span> <span class='ocrx_word' id='word_1_633' title='bbox 2932 4450 3264 4506; x_wconf 88' lang='lat' dir='ltr'><strong>domicilium</strong></span> <span class='ocrx_word' id='word_1_634' title='bbox 3289 4462 3475 4502; x_wconf 88' lang='lat' dir='ltr'><strong>rever-</strong></span> 
     </span>
    </p>
   </div>
   <div class='ocr_carea' id='block_1_89' title="bbox 227 4512 1802 4617">
    <p class='ocr_par' dir='ltr' id='par_1_89' title="bbox 227 4512 1802 4615">
     <span class='ocr_line' id='line_1_89' title="bbox 227 4512 1802 4615; baseline -0.003 -18"><span class='ocrx_word' id='word_1_635' title='bbox 227 4543 525 4615; x_wconf 83' lang='grc' dir='ltr'>θεὼρημα·</span> <span class='ocrx_word' id='word_1_636' title='bbox 558 4512 838 4614; x_wconf 80' lang='grc' dir='ltr'>πτέρυγας</span> <span class='ocrx_word' id='word_1_637' title='bbox 862 4512 1002 4613; x_wconf 72' lang='grc' dir='ltr'>ἔχων</span> <span class='ocrx_word' id='word_1_638' title='bbox 1025 4543 1122 4606; x_wconf 84' lang='grc' dir='ltr'>τὰς</span> <span class='ocrx_word' id='word_1_639' title='bbox 1153 4541 1260 4594; x_wconf 83' lang='grc' dir='ltr'><strong>ὑπὸ</strong></span> <span class='ocrx_word' id='word_1_640' title='bbox 1283 4540 1377 4594; x_wconf 80' lang='grc' dir='ltr'>τοῦ</span> <span class='ocrx_word' id='word_1_641' title='bbox 1411 4512 1802 4613; x_wconf 81' lang='grc' dir='ltr'>προεστηκότος</span> 
     </span>
    </p>
   </div>
   <div class='ocr_carea' id='block_1_90' title="bbox 1912 4512 3473 4617">
    <p class='ocr_par' dir='ltr' id='par_1_90' title="bbox 1917 4512 3473 4617">
     <span class='ocr_line' id='line_1_90' title="bbox 1917 4512 3473 4617; baseline -0.006 -16"><span class='ocrx_word' id='word_1_642' title='bbox 1917 4557 2083 4611; x_wconf 66' lang='lat' dir='ltr'><strong>tetur‘,</strong></span> <span class='ocrx_word' id='word_1_643' title='bbox 2107 4564 2226 4617; x_wconf 79' lang='lat' dir='ltr'><strong>qua:</strong></span> <span class='ocrx_word' id='word_1_644' title='bbox 2252 4558 2338 4603; x_wconf 90' lang='lat' dir='ltr'><strong>est</strong></span> <span class='ocrx_word' id='word_1_645' title='bbox 2363 4512 2690 4603; x_wconf 76' lang='lat' dir='ltr'><strong>conveniens</strong></span> <span class='ocrx_word' id='word_1_646' title='bbox 2718 4512 2797 4598; x_wconf 79' lang='lat' dir='ltr'><strong>illi</strong></span> <span class='ocrx_word' id='word_1_647' title='bbox 2832 4543 3058 4598; x_wconf 86' lang='lat' dir='ltr'><strong>theoria.</strong></span> <span class='ocrx_word' id='word_1_648' title='bbox 3091 4540 3198 4596; x_wconf 87' lang='lat' dir='ltr'><strong>Sed</strong></span> <span class='ocrx_word' id='word_1_649' title='bbox 3233 4540 3347 4594; x_wconf 87' lang='lat' dir='ltr'><strong>alas</strong></span> <span class='ocrx_word' id='word_1_650' title='bbox 3372 4540 3473 4593; x_wconf 90' lang='lat' dir='ltr'><strong>ha-</strong></span> 
     </span>
    </p>
   </div>
   <div class='ocr_carea' id='block_1_91' title="bbox 226 4632 1802 4709">
    <p class='ocr_par' dir='ltr' id='par_1_91' title="bbox 226 4633 1802 4706">
     <span class='ocr_line' id='line_1_91' title="bbox 226 4633 1802 4706; baseline -0.001 -18"><span class='ocrx_word' id='word_1_651' title='bbox 226 4635 395 4689; x_wconf 74' lang='grc' dir='ltr'>αὑτοῦ</span> <span class='ocrx_word' id='word_1_652' title='bbox 410 4636 566 4704; x_wconf 82' lang='grc' dir='ltr'>ἁγίου</span> <span class='ocrx_word' id='word_1_653' title='bbox 580 4635 719 4688; x_wconf 89' lang='grc' dir='ltr'>Πνεύ</span> <span class='ocrx_word' id='word_1_654' title='bbox 728 4653 892 4706; x_wconf 85' lang='grc' dir='ltr'>ματος</span> <span class='ocrx_word' id='word_1_655' title='bbox 909 4633 1437 4698; x_wconf 88' lang='grc' dir='ltr'>κατασκευασθείσας</span> <span class='ocrx_word' id='word_1_656' title='bbox 1452 4633 1620 4705; x_wconf 80' lang='grc' dir='ltr'>αὐτῷ,</span> <span class='ocrx_word' id='word_1_657' title='bbox 1642 4634 1802 4705; x_wconf 84' lang='grc' dir='ltr'>αἴπερ</span> 
     </span>
    </p>
   </div>
   <div class='ocr_carea' id='block_1_92' title="bbox 1912 4632 3473 4709">
    <p class='ocr_par' dir='ltr' id='par_1_92' title="bbox 1913 4632 3473 4709">
     <span class='ocr_line' id='line_1_92' title="bbox 1913 4632 3473 4709; baseline -0.005 -14"><span class='ocrx_word' id='word_1_658' title='bbox 1913 4640 2048 4695; x_wconf 87' lang='lat' dir='ltr'><strong>bens</strong></span> <span class='ocrx_word' id='word_1_659' title='bbox 2079 4655 2109 4694; x_wconf 88' lang='lat' dir='ltr'><strong>a</strong></span> <span class='ocrx_word' id='word_1_660' title='bbox 2134 4642 2403 4709; x_wconf 79' lang='lat' dir='ltr'><strong>dirigente</strong></span> <span class='ocrx_word' id='word_1_661' title='bbox 2448 4639 2617 4708; x_wconf 87' lang='lat' dir='ltr'><strong>ipsam</strong></span> <span class='ocrx_word' id='word_1_662' title='bbox 2661 4647 2850 4692; x_wconf 88' lang='lat' dir='ltr'><strong>sancto</strong></span> <span class='ocrx_word' id='word_1_663' title='bbox 2878 4635 3083 4705; x_wconf 87' lang='lat' dir='ltr'><strong>Spiritu</strong></span> <span class='ocrx_word' id='word_1_664' title='bbox 3136 4632 3428 4687; x_wconf 86' lang='lat' dir='ltr'><strong>fabricatas</strong></span> <span class='ocrx_word' id='word_1_665' title='bbox 3454 4672 3473 4699; x_wconf 93' lang='lat'><strong>,</strong></span> 
     </span>
    </p>
   </div>
   <div class='ocr_carea' id='block_1_93' title="bbox 225 4722 1802 4802">
    <p class='ocr_par' dir='ltr' id='par_1_93' title="bbox 225 4722 1802 4799">
     <span class='ocr_line' id='line_1_93' title="bbox 225 4722 1802 4799; baseline -0.002 -19"><span class='ocrx_word' id='word_1_666' title='bbox 225 4730 336 4781; x_wconf 79' lang='grc' dir='ltr'>εἰσὶ</span> <span class='ocrx_word' id='word_1_667' title='bbox 354 4728 424 4781; x_wconf 82' lang='grc' dir='ltr'>τὰ</span> <span class='ocrx_word' id='word_1_668' title='bbox 454 4726 801 4798; x_wconf 87' lang='grc' dir='ltr'>πνευματικά</span> <span class='ocrx_word' id='word_1_669' title='bbox 834 4727 1181 4799; x_wconf 84' lang='grc' dir='ltr'>χαρίσματα’</span> <span class='ocrx_word' id='word_1_670' title='bbox 1224 4726 1439 4781; x_wconf 83' lang='grc' dir='ltr'>ἄπεισιν</span> <span class='ocrx_word' id='word_1_671' title='bbox 1476 4722 1568 4780; x_wconf 82' lang='grc' dir='ltr'>οὖν</span> <span class='ocrx_word' id='word_1_672' title='bbox 1606 4725 1802 4797; x_wconf 79' lang='grc' dir='ltr'>ὑψηλὸς</span> 
     </span>
    </p>
   </div>
   <div class='ocr_carea' id='block_1_94' title="bbox 1912 4722 3477 4802">
    <p class='ocr_par' dir='ltr' id='par_1_94' title="bbox 1912 4726 3477 4802">
     <span class='ocr_line' id='line_1_94' title="bbox 1912 4726 3477 4802; baseline -0.003 -17"><span class='ocrx_word' id='word_1_673' title='bbox 1912 4746 2034 4799; x_wconf 74' lang='lat' dir='ltr'><strong>qua:</strong></span> <span class='ocrx_word' id='word_1_674' title='bbox 2060 4741 2188 4786; x_wconf 91' lang='lat' dir='ltr'><strong>sunt</strong></span> <span class='ocrx_word' id='word_1_675' title='bbox 2246 4734 2514 4802; x_wconf 77' lang='lat' dir='ltr'><strong>Spiritalia</strong></span> <span class='ocrx_word' id='word_1_676' title='bbox 2561 4732 2922 4797; x_wconf 88' lang='lat' dir='ltr'><strong>charismata,</strong></span> <span class='ocrx_word' id='word_1_677' title='bbox 2960 4728 3073 4783; x_wconf 90' lang='lat' dir='ltr'><strong>abit</strong></span> <span class='ocrx_word' id='word_1_678' title='bbox 3102 4726 3356 4782; x_wconf 88' lang='lat' dir='ltr'><strong>sublimis</strong></span> <span class='ocrx_word' id='word_1_679' title='bbox 3387 4740 3477 4780; x_wconf 86' lang='lat' dir='ltr'><strong>su-</strong></span> 
     </span>
    </p>
   </div>
   <div class='ocr_carea' id='block_1_95' title="bbox 226 4814 1802 4894">
    <p class='ocr_par' dir='ltr' id='par_1_95' title="bbox 226 4814 1802 4893">
     <span class='ocr_line' id='line_1_95' title="bbox 226 4814 1802 4893; baseline -0.003 -19"><span class='ocrx_word' id='word_1_680' title='bbox 226 4820 371 4891; x_wconf 81' lang='grc' dir='ltr'>ὑπὲρ</span> <span class='ocrx_word' id='word_1_681' title='bbox 399 4820 560 4874; x_wconf 83' lang='grc' dir='ltr'>αὑτὸν</span> <span class='ocrx_word' id='word_1_682' title='bbox 583 4820 657 4883; x_wconf 85' lang='grc' dir='ltr'>ὡς</span> <span class='ocrx_word' id='word_1_683' title='bbox 680 4822 854 4873; x_wconf 82' lang='grc' dir='ltr'>εἰπεῖν</span> <span class='ocrx_word' id='word_1_684' title='bbox 878 4820 969 4872; x_wconf 86' lang='grc' dir='ltr'>τὸν</span> <span class='ocrx_word' id='word_1_685' title='bbox 994 4818 1189 4893; x_wconf 77' lang='grc' dir='ltr'>αἰθέρα</span> <span class='ocrx_word' id='word_1_686' title='bbox 1207 4834 1221 4849; x_wconf 76' lang='grc'><strong><em>⁸</em></strong></span> <span class='ocrx_word' id='word_1_687' title='bbox 1248 4820 1307 4871; x_wconf 87' lang='grc' dir='ltr'>τὸ</span> <span class='ocrx_word' id='word_1_688' title='bbox 1334 4814 1426 4872; x_wconf 81' lang='grc' dir='ltr'>οὖν</span> <span class='ocrx_word' id='word_1_689' title='bbox 1455 4817 1528 4890; x_wconf 85' lang='grc' dir='ltr'>μὴ</span> <span class='ocrx_word' id='word_1_690' title='bbox 1554 4818 1802 4889; x_wconf 85' lang='grc' dir='ltr'>ὑπεράνω</span> 
     </span>
    </p>
   </div>
   <div class='ocr_carea' id='block_1_96' title="bbox 1912 4814 3479 4894">
    <p class='ocr_par' dir='ltr' id='par_1_96' title="bbox 1914 4819 3479 4894">
     <span class='ocr_line' id='line_1_96' title="bbox 1914 4819 3479 4894; baseline -0.002 -17"><span class='ocrx_word' id='word_1_691' title='bbox 1914 4840 2010 4893; x_wconf 89' lang='lat' dir='ltr'><strong>per</strong></span> <span class='ocrx_word' id='word_1_692' title='bbox 2039 4826 2213 4894; x_wconf 89' lang='lat' dir='ltr'><strong>ipsum</strong></span> <span class='ocrx_word' id='word_1_693' title='bbox 2246 4836 2306 4880; x_wconf 94' lang='lat' dir='ltr'><strong>ut</strong></span> <span class='ocrx_word' id='word_1_694' title='bbox 2337 4827 2410 4881; x_wconf 92' lang='lat' dir='ltr'><strong>ita</strong></span> <span class='ocrx_word' id='word_1_695' title='bbox 2449 4826 2627 4880; x_wconf 87' lang='lat' dir='ltr'><strong>dicam</strong></span> <span class='ocrx_word' id='word_1_696' title='bbox 2661 4824 2945 4879; x_wconf 82' lang='lat' dir='ltr'><strong>aetherem.</strong></span> <span class='ocrx_word' id='word_1_697' title='bbox 2981 4822 3126 4892; x_wconf 86' lang='lat' dir='ltr'><strong>Ergo</strong></span> <span class='ocrx_word' id='word_1_698' title='bbox 3178 4819 3320 4875; x_wconf 88' lang='lat' dir='ltr'><strong>nolle</strong></span> <span class='ocrx_word' id='word_1_699' title='bbox 3349 4835 3479 4876; x_wconf 88' lang='lat' dir='ltr'><strong>con-</strong></span> 
     </span>
    </p>
   </div>
   <div class='ocr_carea' id='block_1_97' title="bbox 292 4974 1802 5040">
    <p class='ocr_par' dir='ltr' id='par_1_97' title="bbox 292 4974 1769 5040">
     <span class='ocr_line' id='line_1_97' title="bbox 292 4974 1769 5040; baseline 0.003 -10"><span class='ocrx_word' id='word_1_700' title='bbox 292 4976 340 5007; x_wconf 86' lang='grc'><strong>⁸⁷</strong></span> <span class='ocrx_word' id='word_1_701' title='bbox 370 4975 391 5030; x_wconf 86' lang='grc'><strong>1</strong></span> <span class='ocrx_word' id='word_1_702' title='bbox 419 4974 568 5030; x_wconf 89' lang='lat' dir='ltr'><strong>Petr.</strong></span> <span class='ocrx_word' id='word_1_703' title='bbox 598 4990 682 5040; x_wconf 88' lang='grc' dir='ltr'>ιιι,</span> <span class='ocrx_word' id='word_1_704' title='bbox 718 4977 806 5032; x_wconf 75' lang='grc'><strong>15.</strong></span> <span class='ocrx_word' id='word_1_705' title='bbox 884 4977 931 5009; x_wconf 78' lang='grc'><strong>⁸⁸</strong></span> <span class='ocrx_word' id='word_1_706' title='bbox 964 4992 1016 5031; x_wconf 93' lang='lat' dir='ltr'><strong>v.</strong></span> <span class='ocrx_word' id='word_1_707' title='bbox 1042 4975 1133 5031; x_wconf 74' lang='lat'><strong>22.</strong></span> <span class='ocrx_word' id='word_1_708' title='bbox 1196 4977 1242 5009; x_wconf 74' lang='grc'><strong>⁸⁸</strong></span> <span class='ocrx_word' id='word_1_709' title='bbox 1270 4993 1321 5031; x_wconf 88' lang='lat' dir='ltr'><strong>v.</strong></span> <span class='ocrx_word' id='word_1_710' title='bbox 1349 4976 1440 5034; x_wconf 72' lang='lat'><strong>26.</strong></span> <span class='ocrx_word' id='word_1_711' title='bbox 1517 4978 1561 5009; x_wconf 83' lang='grc'><strong>⁶⁰</strong></span> <span class='ocrx_word' id='word_1_712' title='bbox 1592 4994 1643 5033; x_wconf 91' lang='lat' dir='ltr'><strong>v.</strong></span> <span class='ocrx_word' id='word_1_713' title='bbox 1680 4978 1769 5034; x_wconf 81' lang='lat'><strong>27.</strong></span> 
     </span>
    </p>
   </div>
   <div class='ocr_carea' id='block_1_98' title="bbox 1912 4974 3003 5040">
    <p class='ocr_par' dir='ltr' id='par_1_98' title="bbox 1928 4977 3003 5039">
     <span class='ocr_line' id='line_1_98' title="bbox 1928 4977 3003 5039; baseline 0.005 -6"><span class='ocrx_word' id='word_1_714' title='bbox 1928 4996 1980 5036; x_wconf 90' lang='lat' dir='ltr'><strong>v.</strong></span> <span class='ocrx_word' id='word_1_715' title='bbox 2003 4980 2096 5036; x_wconf 75' lang='lat'><strong>28.</strong></span> <span class='ocrx_word' id='word_1_716' title='bbox 2174 4981 2219 5012; x_wconf 84' lang='grc'><strong><em>⁶²</em></strong></span> <span class='ocrx_word' id='word_1_717' title='bbox 2246 4995 2298 5035; x_wconf 81' lang='lat' dir='ltr'><strong>v.</strong></span> <span class='ocrx_word' id='word_1_718' title='bbox 2330 4982 2379 5037; x_wconf 80' lang='lat' dir='ltr'><strong>l.</strong></span> <span class='ocrx_word' id='word_1_719' title='bbox 2458 4982 2505 5015; x_wconf 80' lang='grc'><strong>⁸³</strong></span> <span class='ocrx_word' id='word_1_720' title='bbox 2540 4998 2593 5037; x_wconf 88' lang='lat' dir='ltr'><strong>v.</strong></span> <span class='ocrx_word' id='word_1_721' title='bbox 2628 4982 2685 5039; x_wconf 76' lang='grc'><strong>2.</strong></span> <span class='ocrx_word' id='word_1_722' title='bbox 2784 4979 2829 5012; x_wconf 78' lang='grc'><strong>⁸⁸⁵</strong></span> <span class='ocrx_word' id='word_1_723' title='bbox 2861 4994 2917 5038; x_wconf 78' lang='grc' dir='ltr'>ν.</span> <span class='ocrx_word' id='word_1_724' title='bbox 2949 4977 3003 5033; x_wconf 79' lang='grc'><strong>5.</strong></span> 
     </span>
    </p>
   </div>
   <div class='ocr_carea' id='block_1_99' title="bbox 301 5067 1800 5142">
    <p class='ocr_par' dir='ltr' id='par_1_99' title="bbox 301 5067 1800 5142">
     <span class='ocr_line' id='line_1_99' title="bbox 301 5067 1800 5142; baseline 0.004 -21"><span class='ocrx_word' id='word_1_725' title='bbox 301 5067 419 5138; x_wconf 62' lang='lat' dir='ltr'><strong>(id)</strong></span> <span class='ocrx_word' id='word_1_726' title='bbox 444 5068 827 5142; x_wconf 81' lang='lat' dir='ltr'><strong>Animadverte</strong></span> <span class='ocrx_word' id='word_1_727' title='bbox 870 5070 1235 5126; x_wconf 87' lang='lat' dir='ltr'><strong>testimonium</strong></span> <span class='ocrx_word' id='word_1_728' title='bbox 1260 5069 1508 5141; x_wconf 90' lang='lat' dir='ltr'><strong>Origenis</strong></span> <span class='ocrx_word' id='word_1_729' title='bbox 1531 5072 1597 5127; x_wconf 89' lang='lat' dir='ltr'><strong>de</strong></span> <span class='ocrx_word' id='word_1_730' title='bbox 1620 5071 1800 5142; x_wconf 81' lang='lat' dir='ltr'><strong>Spiri-</strong></span> 
     </span>
    </p>
   </div>
   <div class='ocr_carea' id='block_1_100' title="bbox 238 5139 867 5195">
    <p class='ocr_par' dir='ltr' id='par_1_100' title="bbox 238 5139 867 5195">
     <span class='ocr_line' id='line_1_100' title="bbox 238 5139 867 5195; baseline 0.002 -2"><span class='ocrx_word' id='word_1_731' title='bbox 238 5150 329 5195; x_wconf 75' lang='lat' dir='ltr'><strong>tus</strong></span> <span class='ocrx_word' id='word_1_732' title='bbox 353 5139 525 5191; x_wconf 85' lang='lat' dir='ltr'><strong>sancti</strong></span> <span class='ocrx_word' id='word_1_733' title='bbox 560 5139 867 5193; x_wconf 85' lang='lat' dir='ltr'><strong>divinitate.</strong></span> 
     </span>
    </p>
   </div>
   <div class='ocr_carea' id='block_1_101' title="bbox 313 5206 1803 5281">
    <p class='ocr_par' dir='ltr' id='par_1_101' title="bbox 313 5206 1803 5281">
     <span class='ocr_line' id='line_1_101' title="bbox 313 5206 1803 5281; baseline 0.003 -20"><span class='ocrx_word' id='word_1_734' title='bbox 313 5206 627 5281; x_wconf 50' lang='lat' dir='ltr'><strong>(lSiVides</strong></span> <span class='ocrx_word' id='word_1_735' title='bbox 657 5208 909 5278; x_wconf 83' lang='lat' dir='ltr'><strong>Origenis</strong></span> <span class='ocrx_word' id='word_1_736' title='bbox 961 5208 1162 5281; x_wconf 82' lang='lat' dir='ltr'><strong>dictum</strong></span> <span class='ocrx_word' id='word_1_737' title='bbox 1213 5208 1422 5281; x_wconf 83' lang='lat' dir='ltr'><strong>insigne</strong></span> <span class='ocrx_word' id='word_1_738' title='bbox 1448 5225 1547 5279; x_wconf 90' lang='lat' dir='ltr'><strong>pro</strong></span> <span class='ocrx_word' id='word_1_739' title='bbox 1572 5212 1803 5281; x_wconf 86' lang='lat' dir='ltr'><strong>mystico</strong></span> 
     </span>
    </p>
   </div>
   <div class='ocr_carea' id='block_1_102' title="bbox 234 5277 1802 5348">
    <p class='ocr_par' dir='ltr' id='par_1_102' title="bbox 234 5277 1802 5348">
     <span class='ocr_line' id='line_1_102' title="bbox 234 5277 1802 5348; baseline 0.003 -16"><span class='ocrx_word' id='word_1_740' title='bbox 234 5277 298 5332; x_wconf 82' lang='lat'><strong>8.</strong></span> <span class='ocrx_word' id='word_1_741' title='bbox 332 5278 633 5348; x_wconf 78' lang='lat' dir='ltr'><strong>Scriptura:</strong></span> <span class='ocrx_word' id='word_1_742' title='bbox 663 5277 851 5338; x_wconf 82' lang='lat' dir='ltr'><strong>sensu.</strong></span> <span class='ocrx_word' id='word_1_743' title='bbox 898 5279 990 5348; x_wconf 91' lang='lat' dir='ltr'><strong>qui</strong></span> <span class='ocrx_word' id='word_1_744' title='bbox 1041 5286 1324 5346; x_wconf 90' lang='lat' dir='ltr'><strong>tantopere</strong></span> <span class='ocrx_word' id='word_1_745' title='bbox 1370 5277 1473 5348; x_wconf 85' lang='lat' dir='ltr'><strong>ipsi</strong></span> <span class='ocrx_word' id='word_1_746' title='bbox 1505 5281 1556 5334; x_wconf 94' lang='lat' dir='ltr'><strong>in</strong></span> <span class='ocrx_word' id='word_1_747' title='bbox 1592 5277 1802 5337; x_wconf 83' lang='lat' dir='ltr'><strong>deliciis</strong></span> 
     </span>
    </p>
   </div>
   <div class='ocr_carea' id='block_1_103' title="bbox 220 5347 1804 5418">
    <p class='ocr_par' dir='ltr' id='par_1_103' title="bbox 220 5347 1804 5418">
     <span class='ocr_line' id='line_1_103' title="bbox 220 5347 1804 5418; baseline 0.006 -21"><span class='ocrx_word' id='word_1_748' title='bbox 220 5348 347 5418; x_wconf 71' lang='lat' dir='ltr'><strong>fuit,</strong></span> <span class='ocrx_word' id='word_1_749' title='bbox 364 5361 552 5418; x_wconf 85' lang='lat' dir='ltr'><strong>_eoque</strong></span> <span class='ocrx_word' id='word_1_750' title='bbox 576 5347 845 5418; x_wconf 70' lang='lat' dir='ltr'><strong>interdum</strong></span> <span class='ocrx_word' id='word_1_751' title='bbox 883 5347 1103 5412; x_wconf 87' lang='lat' dir='ltr'><strong>abusus,</strong></span> <span class='ocrx_word' id='word_1_752' title='bbox 1142 5358 1202 5402; x_wconf 93' lang='lat' dir='ltr'><strong>ut</strong></span> <span class='ocrx_word' id='word_1_753' title='bbox 1229 5347 1462 5414; x_wconf 86' lang='lat' dir='ltr'><strong>scimus;</strong></span> <span class='ocrx_word' id='word_1_754' title='bbox 1494 5364 1612 5418; x_wconf 74' lang='lat' dir='ltr'><strong>qute</strong></span> <span class='ocrx_word' id='word_1_755' title='bbox 1639 5366 1804 5406; x_wconf 76' lang='lat' dir='ltr'><strong>causa</strong></span> 
     </span>
    </p>
   </div>
   <div class='ocr_carea' id='block_1_104' title="bbox 222 5416 1804 5485">
    <p class='ocr_par' dir='ltr' id='par_1_104' title="bbox 222 5416 1804 5485">
     <span class='ocr_line' id='line_1_104' title="bbox 222 5416 1804 5485; baseline 0.004 -16"><span class='ocrx_word' id='word_1_756' title='bbox 222 5417 328 5470; x_wconf 84' lang='lat' dir='ltr'><strong>fuit</strong></span> <span class='ocrx_word' id='word_1_757' title='bbox 359 5416 652 5471; x_wconf 83' lang='lat' dir='ltr'><strong>Theodoro</strong></span> <span class='ocrx_word' id='word_1_758' title='bbox 681 5416 1061 5485; x_wconf 83' lang='lat' dir='ltr'><strong>Mopsuesteno</strong></span> <span class='ocrx_word' id='word_1_759' title='bbox 1106 5432 1242 5481; x_wconf 87' lang='lat' dir='ltr'><strong>opus</strong></span> <span class='ocrx_word' id='word_1_760' title='bbox 1296 5416 1561 5474; x_wconf 88' lang='lat' dir='ltr'><strong>condendi</strong></span> <span class='ocrx_word' id='word_1_761' title='bbox 1609 5431 1804 5476; x_wconf 85' lang='lat' dir='ltr'><strong>contra</strong></span> 
     </span>
    </p>
   </div>
   <div class='ocr_carea' id='block_1_105' title="bbox 223 5485 1795 5568">
    <p class='ocr_par' dir='ltr' id='par_1_105' title="bbox 223 5485 1795 5568">
     <span class='ocr_line' id='line_1_105' title="bbox 223 5485 1795 5568; baseline 0.004 -30"><span class='ocrx_word' id='word_1_762' title='bbox 223 5486 549 5568; x_wconf 71' lang='lat' dir='ltr'><strong>allegoricos</strong></span> <span class='ocrx_word' id='word_1_763' title='bbox 577 5486 1037 5568; x_wconf 59' lang='lat' dir='ltr'><strong>,“przesertintque</strong></span> <span class='ocrx_word' id='word_1_764' title='bbox 1074 5485 1400 5568; x_wconf 71' lang='lat' dir='ltr'><strong>_Origenctn.</strong></span> <span class='ocrx_word' id='word_1_765' title='bbox 1456 5490 1521 5543; x_wconf 86' lang='lat' dir='ltr'><strong>Et</strong></span> <span class='ocrx_word' id='word_1_766' title='bbox 1570 5492 1795 5559; x_wconf 86' lang='lat' dir='ltr'><strong>quidem</strong></span> 
     </span>
    </p>
   </div>
   <div class='ocr_carea' id='block_1_106' title="bbox 224 5555 1797 5626">
    <p class='ocr_par' dir='ltr' id='par_1_106' title="bbox 224 5555 1797 5626">
     <span class='ocr_line' id='line_1_106' title="bbox 224 5555 1797 5626; baseline 0.003 -17"><span class='ocrx_word' id='word_1_767' title='bbox 224 5555 531 5626; x_wconf 83' lang='lat' dir='ltr'><strong>consulesis</strong></span> <span class='ocrx_word' id='word_1_768' title='bbox 585 5555 838 5626; x_wconf 80' lang='lat' dir='ltr'><strong>ﬂuetium</strong></span> <span class='ocrx_word' id='word_1_769' title='bbox 892 5556 943 5609; x_wconf 91' lang='lat' dir='ltr'><strong>in</strong></span> <span class='ocrx_word' id='word_1_770' title='bbox 988 5555 1329 5625; x_wconf 81' lang='lat' dir='ltr'><strong>Origeniant’s</strong></span> <span class='ocrx_word' id='word_1_771' title='bbox 1392 5555 1603 5626; x_wconf 49' lang='lat' dir='ltr'><strong>quaest:</strong></span> <span class='ocrx_word' id='word_1_772' title='bbox 1647 5574 1747 5614; x_wconf 81' lang='lat' dir='ltr'><strong>xm</strong></span> <span class='ocrx_word' id='word_1_773' title='bbox 1781 5599 1797 5623; x_wconf 91' lang='lat'><strong>,</strong></span> 
     </span>
    </p>
   </div>
   <div class='ocr_carea' id='block_1_107' title="bbox 224 5622 1800 5698">
    <p class='ocr_par' dir='ltr' id='par_1_107' title="bbox 224 5622 1800 5698">
     <span class='ocr_line' id='line_1_107' title="bbox 224 5622 1800 5698; baseline 0.004 -22"><span class='ocrx_word' id='word_1_774' title='bbox 224 5640 283 5695; x_wconf 85' lang='lat' dir='ltr'><strong>p.</strong></span> <span class='ocrx_word' id='word_1_775' title='bbox 315 5624 426 5698; x_wconf 65' lang='lat'><strong>240</strong></span> <span class='ocrx_word' id='word_1_776' title='bbox 468 5638 629 5698; x_wconf 60' lang='lat' dir='ltr'><strong>seqq.</strong></span> <span class='ocrx_word' id='word_1_777' title='bbox 662 5622 913 5698; x_wconf 72' lang='lat' dir='ltr'><strong>Origenes</strong></span> <span class='ocrx_word' id='word_1_778' title='bbox 960 5622 1171 5698; x_wconf 81' lang='lat' dir='ltr'><strong>(inquit</strong></span> <span class='ocrx_word' id='word_1_779' title='bbox 1202 5628 1271 5698; x_wconf 17' lang='lat' dir='ltr'><strong>AS.</strong></span> <span class='ocrx_word' id='word_1_780' title='bbox 1320 5622 1685 5698; x_wconf 78' lang='lat' dir='ltr'><strong>Hieronymus</strong></span> <span class='ocrx_word' id='word_1_781' title='bbox 1748 5622 1800 5683; x_wconf 88' lang='lat' dir='ltr'><strong>in</strong></span> 
     </span>
    </p>
   </div>
   <div class='ocr_carea' id='block_1_108' title="bbox 223 5693 1804 5766">
    <p class='ocr_par' dir='ltr' id='par_1_108' title="bbox 223 5693 1804 5766">
     <span class='ocr_line' id='line_1_108' title="bbox 223 5693 1804 5766; baseline 0.004 -20"><span class='ocrx_word' id='word_1_782' title='bbox 223 5693 454 5765; x_wconf 75' lang='lat' dir='ltr'><strong>prologo</strong></span> <span class='ocrx_word' id='word_1_783' title='bbox 481 5694 551 5748; x_wconf 89' lang='lat' dir='ltr'><strong>ad</strong></span> <span class='ocrx_word' id='word_1_784' title='bbox 578 5695 672 5749; x_wconf 91' lang='lat' dir='ltr'><strong>lib.</strong></span> <span class='ocrx_word' id='word_1_785' title='bbox 704 5709 744 5766; x_wconf 10' lang='lat' dir='ltr'><strong>v7</strong></span> <span class='ocrx_word' id='word_1_786' title='bbox 765 5693 827 5748; x_wconf 79' lang='lat' dir='ltr'><strong>in</strong></span> <span class='ocrx_word' id='word_1_787' title='bbox 857 5693 1096 5761; x_wconf 73' lang='lat' dir='ltr'><strong>Isaiam)</strong></span> <span class='ocrx_word' id='word_1_788' title='bbox 1151 5696 1328 5749; x_wconf 85' lang='lat' dir='ltr'><strong>liberis</strong></span> <span class='ocrx_word' id='word_1_789' title='bbox 1376 5693 1645 5764; x_wconf 74' lang='lat' dir='ltr'><strong>allegoria:</strong></span> <span class='ocrx_word' id='word_1_790' title='bbox 1674 5715 1804 5766; x_wconf 85' lang='lat' dir='ltr'><strong>spa-</strong></span> 
     </span>
    </p>
   </div>
   <div class='ocr_carea' id='block_1_109' title="bbox 228 5765 1799 5835">
    <p class='ocr_par' dir='ltr' id='par_1_109' title="bbox 228 5765 1799 5835">
     <span class='ocr_line' id='line_1_109' title="bbox 228 5765 1799 5835; baseline 0.002 -20"><span class='ocrx_word' id='word_1_791' title='bbox 228 5766 317 5817; x_wconf 82' lang='lat' dir='ltr'><strong>tiis</strong></span> <span class='ocrx_word' id='word_1_792' title='bbox 346 5775 619 5833; x_wconf 77' lang='lat' dir='ltr'><strong>evagatur,</strong></span> <span class='ocrx_word' id='word_1_793' title='bbox 655 5774 701 5818; x_wconf 87' lang='lat' dir='ltr'><strong>et</strong></span> <span class='ocrx_word' id='word_1_794' title='bbox 731 5765 1083 5835; x_wconf 64' lang='lat' dir='ltr'><strong>interpretatis</strong></span> <span class='ocrx_word' id='word_1_795' title='bbox 1115 5767 1411 5820; x_wconf 80' lang='lat' dir='ltr'><strong>nominibus</strong></span> <span class='ocrx_word' id='word_1_796' title='bbox 1446 5765 1799 5835; x_wconf 76' lang='lat' dir='ltr'><strong>singulorum,</strong></span> 
     </span>
    </p>
   </div>
   <div class='ocr_carea' id='block_1_110' title="bbox 228 5832 1805 5905">
    <p class='ocr_par' dir='ltr' id='par_1_110' title="bbox 228 5832 1805 5905">
     <span class='ocr_line' id='line_1_110' title="bbox 228 5832 1805 5905; baseline 0.004 -19"><span class='ocrx_word' id='word_1_797' title='bbox 228 5832 500 5905; x_wconf 72' lang='lat' dir='ltr'><strong>ingenium</strong></span> <span class='ocrx_word' id='word_1_798' title='bbox 547 5850 704 5889; x_wconf 76' lang='lat' dir='ltr'><strong>suum</strong></span> <span class='ocrx_word' id='word_1_799' title='bbox 757 5832 1167 5905; x_wconf 76' lang='lat' dir='ltr'><strong>[acitEcclest&#39;az</strong></span> <span class='ocrx_word' id='word_1_800' title='bbox 1215 5832 1569 5891; x_wconf 75' lang='lat' dir='ltr'><strong>sacramenta.</strong></span> <span class='ocrx_word' id='word_1_801' title='bbox 1631 5836 1805 5892; x_wconf 74' lang='lat' dir='ltr'><strong>Recta</strong></span> 
     </span>
    </p>
   </div>
   <div class='ocr_carea' id='block_1_111' title="bbox 1910 5071 3483 5146">
    <p class='ocr_par' dir='ltr' id='par_1_111' title="bbox 1910 5071 3483 5146">
     <span class='ocr_line' id='line_1_111' title="bbox 1910 5071 3483 5146; baseline -0.003 -15"><span class='ocrx_word' id='word_1_802' title='bbox 1910 5076 2040 5131; x_wconf 88' lang='lat' dir='ltr'><strong>item</strong></span> <span class='ocrx_word' id='word_1_803' title='bbox 2067 5075 2246 5146; x_wconf 81' lang='lat' dir='ltr'><strong>eidem</strong></span> <span class='ocrx_word' id='word_1_804' title='bbox 2274 5075 2490 5146; x_wconf 81' lang='lat' dir='ltr'><strong>Origeni</strong></span> <span class='ocrx_word' id='word_1_805' title='bbox 2522 5075 2899 5146; x_wconf 81' lang='lat' dir='ltr'><strong>contradicere</strong></span> <span class='ocrx_word' id='word_1_806' title='bbox 2930 5074 3144 5146; x_wconf 82' lang='lat' dir='ltr'><strong>videtur</strong></span> <span class='ocrx_word' id='word_1_807' title='bbox 3184 5071 3243 5128; x_wconf 91' lang='lat' dir='ltr'><strong>S.</strong></span> <span class='ocrx_word' id='word_1_808' title='bbox 3277 5072 3483 5146; x_wconf 73' lang='lat' dir='ltr'><strong>Grego-</strong></span> 
     </span>
    </p>
   </div>
   <div class='ocr_carea' id='block_1_112' title="bbox 1912 5143 3483 5216">
    <p class='ocr_par' dir='ltr' id='par_1_112' title="bbox 1912 5143 3483 5216">
     <span class='ocr_line' id='line_1_112' title="bbox 1912 5143 3483 5216; baseline -0.003 -16"><span class='ocrx_word' id='word_1_809' title='bbox 1912 5148 2029 5200; x_wconf 89' lang='lat' dir='ltr'><strong>rius</strong></span> <span class='ocrx_word' id='word_1_810' title='bbox 2062 5145 2322 5216; x_wconf 84' lang='lat' dir='ltr'><strong>PP.,qui,</strong></span> <span class='ocrx_word' id='word_1_811' title='bbox 2349 5143 2452 5199; x_wconf 78' lang='lat' dir='ltr'><strong>etsi</strong></span> <span class='ocrx_word' id='word_1_812' title='bbox 2491 5145 2778 5214; x_wconf 88' lang='lat' dir='ltr'><strong>plurimum</strong></span> <span class='ocrx_word' id='word_1_813' title='bbox 2822 5143 3112 5216; x_wconf 78' lang='lat' dir='ltr'><strong>allegorico</strong></span> <span class='ocrx_word' id='word_1_814' title='bbox 3165 5144 3483 5216; x_wconf 25' lang='lat' dir='ltr'><strong>an‘agogicoj</strong></span> 
     </span>
    </p>
   </div>
   <div class='ocr_carea' id='block_1_113' title="bbox 1911 5212 3479 5281">
    <p class='ocr_par' dir='ltr' id='par_1_113' title="bbox 1911 5212 3479 5281">
     <span class='ocr_line' id='line_1_113' title="bbox 1911 5212 3479 5281; baseline -0.001 -13"><span class='ocrx_word' id='word_1_815' title='bbox 1911 5232 2017 5279; x_wconf 81' lang='lat' dir='ltr'><strong>que</strong></span> <span class='ocrx_word' id='word_1_816' title='bbox 2044 5212 2235 5270; x_wconf 81' lang='lat' dir='ltr'><strong>sensui</strong></span> <span class='ocrx_word' id='word_1_817' title='bbox 2271 5212 2535 5277; x_wconf 64' lang='lat' dir='ltr'><strong>indulsit,</strong></span> <span class='ocrx_word' id='word_1_818' title='bbox 2590 5224 2823 5268; x_wconf 81' lang='lat' dir='ltr'><strong>attamen</strong></span> <span class='ocrx_word' id='word_1_819' title='bbox 2866 5212 2947 5268; x_wconf 16' lang='lat' dir='ltr'><strong>in,</strong></span> <span class='ocrx_word' id='word_1_820' title='bbox 2977 5214 3128 5267; x_wconf 83' lang='lat' dir='ltr'><strong>calce</strong></span> <span class='ocrx_word' id='word_1_821' title='bbox 3160 5213 3322 5281; x_wconf 89' lang='lat' dir='ltr'><strong>primi</strong></span> <span class='ocrx_word' id='word_1_822' title='bbox 3355 5212 3479 5267; x_wconf 57' lang='lat' dir='ltr'><strong>libri</strong></span> 
     </span>
    </p>
   </div>
   <div class='ocr_carea' id='block_1_114' title="bbox 1912 5281 3482 5353">
    <p class='ocr_par' dir='ltr' id='par_1_114' title="bbox 1912 5281 3482 5353">
     <span class='ocr_line' id='line_1_114' title="bbox 1912 5281 3482 5353; baseline -0.004 -14"><span class='ocrx_word' id='word_1_823' title='bbox 1912 5285 2201 5339; x_wconf 73' lang='lat' dir='ltr'><strong>Moralium</strong></span> <span class='ocrx_word' id='word_1_824' title='bbox 2250 5288 2303 5339; x_wconf 85' lang='lat' dir='ltr'><strong>in</strong></span> <span class='ocrx_word' id='word_1_825' title='bbox 2333 5288 2547 5353; x_wconf 83' lang='lat' dir='ltr'><strong>Jobum,</strong></span> <span class='ocrx_word' id='word_1_826' title='bbox 2590 5287 2663 5338; x_wconf 88' lang='lat' dir='ltr'><strong>ita</strong></span> <span class='ocrx_word' id='word_1_827' title='bbox 2706 5285 2979 5352; x_wconf 81' lang='lat' dir='ltr'><strong>sapienter</strong></span> <span class='ocrx_word' id='word_1_828' title='bbox 3011 5282 3327 5337; x_wconf 89' lang='lat' dir='ltr'><strong>concludit:</strong></span> <span class='ocrx_word' id='word_1_829' title='bbox 3368 5281 3482 5334; x_wconf 84' lang='lat' dir='ltr'><strong>Hoc</strong></span> 
     </span>
    </p>
   </div>
   <div class='ocr_carea' id='block_1_115' title="bbox 1916 5353 3481 5424">
    <p class='ocr_par' dir='ltr' id='par_1_115' title="bbox 1916 5353 3481 5424">
     <span class='ocr_line' id='line_1_115' title="bbox 1916 5353 3481 5424; baseline -0.003 -15"><span class='ocrx_word' id='word_1_830' title='bbox 1916 5371 2228 5424; x_wconf 77' lang='lat' dir='ltr'><strong>magnopere</strong></span> <span class='ocrx_word' id='word_1_831' title='bbox 2255 5356 2501 5422; x_wconf 78' lang='lat' dir='ltr'><strong>petimus,</strong></span> <span class='ocrx_word' id='word_1_832' title='bbox 2527 5365 2583 5408; x_wconf 86' lang='lat' dir='ltr'><strong>ut</strong></span> <span class='ocrx_word' id='word_1_833' title='bbox 2613 5355 2703 5424; x_wconf 84' lang='lat' dir='ltr'><strong>qui</strong></span> <span class='ocrx_word' id='word_1_834' title='bbox 2729 5357 2798 5407; x_wconf 86' lang='lat' dir='ltr'><strong>ad</strong></span> <span class='ocrx_word' id='word_1_835' title='bbox 2837 5355 3141 5424; x_wconf 80' lang='lat' dir='ltr'><strong>spiritalem</strong></span> <span class='ocrx_word' id='word_1_836' title='bbox 3181 5353 3481 5424; x_wconf 81' lang='lat' dir='ltr'><strong>intelligen-</strong></span> 
     </span>
    </p>
   </div>
   <div class='ocr_carea' id='block_1_116' title="bbox 1913 5421 3481 5486">
    <p class='ocr_par' dir='ltr' id='par_1_116' title="bbox 1913 5421 3481 5486">
     <span class='ocr_line' id='line_1_116' title="bbox 1913 5421 3481 5486; baseline -0.001 -10"><span class='ocrx_word' id='word_1_837' title='bbox 1913 5421 2042 5477; x_wconf 83' lang='lat' dir='ltr'><strong>tiam</strong></span> <span class='ocrx_word' id='word_1_838' title='bbox 2079 5421 2297 5477; x_wconf 82' lang='lat' dir='ltr'><strong>mentem</strong></span> <span class='ocrx_word' id='word_1_839' title='bbox 2339 5424 2596 5486; x_wconf 83' lang='lat' dir='ltr'><strong>sublevat,</strong></span> <span class='ocrx_word' id='word_1_840' title='bbox 2623 5421 2685 5476; x_wconf 69' lang='grc' dir='ltr'><strong>ἀ</strong></span> <span class='ocrx_word' id='word_1_841' title='bbox 2728 5425 3058 5477; x_wconf 86' lang='lat' dir='ltr'><strong>veneratione</strong></span> <span class='ocrx_word' id='word_1_842' title='bbox 3090 5421 3327 5475; x_wconf 79' lang='lat' dir='ltr'><strong>historia:</strong></span> <span class='ocrx_word' id='word_1_843' title='bbox 3376 5437 3481 5474; x_wconf 81' lang='lat' dir='ltr'><strong>non</strong></span> 
     </span>
    </p>
   </div>
   <div class='ocr_carea' id='block_1_117' title="bbox 1912 5491 3479 5563">
    <p class='ocr_par' dir='ltr' id='par_1_117' title="bbox 1912 5491 3479 5563">
     <span class='ocr_line' id='line_1_117' title="bbox 1912 5491 3479 5563; baseline -0.001 -18"><span class='ocrx_word' id='word_1_844' title='bbox 1912 5494 2139 5547; x_wconf 84' lang='lat' dir='ltr'><strong>recedat.</strong></span> <span class='ocrx_word' id='word_1_845' title='bbox 2168 5492 2531 5547; x_wconf 79' lang='lat' dir='ltr'><strong>Nihilominus</strong></span> <span class='ocrx_word' id='word_1_846' title='bbox 2565 5495 2615 5546; x_wconf 90' lang='lat' dir='ltr'><strong>in</strong></span> <span class='ocrx_word' id='word_1_847' title='bbox 2662 5493 2817 5547; x_wconf 87' lang='lat' dir='ltr'><strong>libris</strong></span> <span class='ocrx_word' id='word_1_848' title='bbox 2863 5492 3115 5563; x_wconf 81' lang='lat' dir='ltr'><strong>Origenis</strong></span> <span class='ocrx_word' id='word_1_849' title='bbox 3144 5491 3389 5563; x_wconf 80' lang='lat' dir='ltr'><strong>inﬁnitus</strong></span> <span class='ocrx_word' id='word_1_850' title='bbox 3417 5505 3479 5544; x_wconf 88' lang='lat' dir='ltr'><strong>ac</strong></span> 
     </span>
    </p>
   </div>
   <div class='ocr_carea' id='block_1_118' title="bbox 1911 5561 3480 5635">
    <p class='ocr_par' dir='ltr' id='par_1_118' title="bbox 1911 5561 3480 5635">
     <span class='ocr_line' id='line_1_118' title="bbox 1911 5561 3480 5635; baseline -0.001 -20"><span class='ocrx_word' id='word_1_851' title='bbox 1911 5564 2340 5635; x_wconf 83' lang='lat' dir='ltr'><strong>pretiosissimus</strong></span> <span class='ocrx_word' id='word_1_852' title='bbox 2367 5573 2450 5618; x_wconf 88' lang='lat' dir='ltr'><strong>est</strong></span> <span class='ocrx_word' id='word_1_853' title='bbox 2482 5563 2837 5635; x_wconf 85' lang='lat' dir='ltr'><strong>mysticarum</strong></span> <span class='ocrx_word' id='word_1_854' title='bbox 2871 5561 3268 5635; x_wconf 68' lang='lat' dir='ltr'><strong>moraliumque</strong></span> <span class='ocrx_word' id='word_1_855' title='bbox 3310 5561 3480 5635; x_wconf 80' lang='lat' dir='ltr'><strong>inter-</strong></span> 
     </span>
    </p>
   </div>
   <div class='ocr_carea' id='block_1_119' title="bbox 1909 5631 3478 5701">
    <p class='ocr_par' dir='ltr' id='par_1_119' title="bbox 1909 5631 3478 5701">
     <span class='ocr_line' id='line_1_119' title="bbox 1909 5631 3478 5701; baseline -0.001 -16"><span class='ocrx_word' id='word_1_856' title='bbox 1909 5631 2274 5701; x_wconf 86' lang='lat' dir='ltr'><strong>pretationum</strong></span> <span class='ocrx_word' id='word_1_857' title='bbox 2333 5631 2658 5696; x_wconf 77' lang='lat' dir='ltr'><strong>thesaurus;</strong></span> <span class='ocrx_word' id='word_1_858' title='bbox 2703 5642 2759 5686; x_wconf 88' lang='lat' dir='ltr'><strong>et</strong></span> <span class='ocrx_word' id='word_1_859' title='bbox 2810 5632 2926 5701; x_wconf 90' lang='lat' dir='ltr'><strong>ipse</strong></span> <span class='ocrx_word' id='word_1_860' title='bbox 2974 5631 3478 5701; x_wconf 74' lang='lat' dir='ltr'><strong>Chrysostomusin</strong></span> 
     </span>
    </p>
   </div>
   <div class='ocr_carea' id='block_1_120' title="bbox 1912 5698 3482 5774">
    <p class='ocr_par' dir='ltr' id='par_1_120' title="bbox 1912 5698 3482 5774">
     <span class='ocr_line' id='line_1_120' title="bbox 1912 5698 3482 5774; baseline 0 -19"><span class='ocrx_word' id='word_1_861' title='bbox 1912 5698 2330 5774; x_wconf 78' lang='lat' dir='ltr'><strong>Proverbiorutn</strong></span> <span class='ocrx_word' id='word_1_862' title='bbox 2363 5718 2392 5757; x_wconf 91' lang='lat' dir='ltr'><strong>a</strong></span> <span class='ocrx_word' id='word_1_863' title='bbox 2428 5703 2585 5774; x_wconf 86' lang='lat' dir='ltr'><strong>nobis</strong></span> <span class='ocrx_word' id='word_1_864' title='bbox 2618 5703 2763 5759; x_wconf 85' lang='lat' dir='ltr'><strong>edita</strong></span> <span class='ocrx_word' id='word_1_865' title='bbox 2795 5698 3175 5774; x_wconf 74' lang='lat' dir='ltr'><strong>explanatione</strong></span> <span class='ocrx_word' id='word_1_866' title='bbox 3204 5698 3482 5771; x_wconf 81' lang='lat' dir='ltr'><strong>spiritales</strong></span> 
     </span>
    </p>
   </div>
   <div class='ocr_carea' id='block_1_121' title="bbox 1908 5772 2649 5843">
    <p class='ocr_par' dir='ltr' id='par_1_121' title="bbox 1908 5772 2649 5843">
     <span class='ocr_line' id='line_1_121' title="bbox 1908 5772 2649 5843; baseline 0 -14"><span class='ocrx_word' id='word_1_867' title='bbox 1908 5787 2105 5829; x_wconf 87' lang='lat' dir='ltr'><strong>sensus</strong></span> <span class='ocrx_word' id='word_1_868' title='bbox 2128 5772 2359 5831; x_wconf 78' lang='lat' dir='ltr'><strong>libenter</strong></span> <span class='ocrx_word' id='word_1_869' title='bbox 2382 5773 2649 5843; x_wconf 76' lang='lat' dir='ltr'><strong>sequitur.</strong></span> 
     </span>
    </p>
   </div>
  </div>
