3888 6214
398 388 502 446 2%

1283 365 1841 427 SUPPLEMENTUI
1880 364 1974 419 AD
2004 355 2328 418 ORIGENIS
2362 350 2774 411 EXEGETICA.

3543 342 3651 399 224

403 496 666 556 scandere
693 506 857 563 supra
886 490 1149 549 litteram,
1175 486 1272 540 sed
1307 485 1589 539 mordicus
1627 483 1755 537 huic
1802 479 1973 536 inhae-

2103 474 2271 544 ςωρεῖν
2305 469 2399 523 τοῦ
2439 466 2636 539 ῥητοῦ,
2675 465 2790 520 ἀλλ’
2812 463 3103 535 ἀπλήστως
3140 458 3287 534 ἔχειν
3311 455 3446 526 πρὸς
3491 457 3653 520 αὐτὰ,

406 608 551 654 rere,
580 588 731 642 falsa:
761 586 885 637 vita
910 580 1196 653 proprium
1223 587 1329 633 est.

475 681 522 714 “
562 680 619 734 Si
642 677 860 732 invidus
884 675 1127 728 triticum
1154 668 1453 741 impietatis
1470 665 1741 729 comedat,
1772 673 1827 719 et
1849 664 1977 718 vino

406 770 690 841 illegitimo
717 766 984 829 ebrietur,
1018 777 1125 816 non
1144 770 1360 832 oportet
1380 776 1501 815 cum
1531 759 1633 813 hoc
1660 756 1973 819 convivari;

408 877 584 933 neque
628 860 772 915 enim
822 856 1041 927 expedit
1070 855 1187 909 ﬁeri
1237 854 1459 923 impium
1492 866 1557 907 ac
1586 860 1929 921 peecatorem
1959 863 1976 901 :

408 972 533 1010 nam
586 951 897 1021 huiusmodi
957 948 1273 1019 iniquitates
1329 944 1631 1016 spiritalem
1693 942 1977 998 scientiam

407 1046 773 1117 pessumdant.

481 1134 527 1165 “
557 1131 701 1186 Nihil
738 1129 888 1185 dicas
936 1125 1197 1196 prudens,
1228 1121 1423 1192 inquit,
1458 1119 1511 1174 id
1562 1126 1649 1173 est
1701 1131 1866 1186 grave
1911 1130 1977 1171 ac

410 1228 729 1299 mysticum;
778 1240 891 1279 non
928 1222 1073 1277 enim
1118 1229 1171 1273 te
1210 1223 1421 1286 oportet
1449 1211 1772 1281 margaritas
1796 1207 1980 1279 ‘proji-

412 1335 535 1375 cere
568 1328 693 1373 ante
719 1330 932 1388 porcos.

479 1410 522 1441 ⁶⁷
565 1409 850 1462 Terminus
894 1414 1129 1460 aeternos
1178 1403 1458 1474 religionis
1507 1417 1576 1458 ne
1637 1401 1977 1469 transferas;

408 1512 586 1567 neque
623 1498 689 1550 ad
733 1496 1011 1564 regionem
1051 1493 1284 1549 accedas
1332 1508 1522 1549 eorum
1555 1494 1649 1564 qui
1690 1510 1751 1549 se
1797 1508 1828 1548 a
1871 1494 1983 1549 Deo

410 1590 787 1658 sejunxerunt,
831 1598 885 1641 et
940 1586 1339 1656 possessionem
1378 1586 1687 1641 daemonum
1719 1586 1980 1640 malitiam

411 1681 669 1743 retinent,
698 1677 850 1746 cujus
875 1692 1036 1732 causa
1072 1678 1281 1731 caelesti
1313 1676 1474 1731 Patre
1498 1678 1675 1732 orbati
1704 1688 1852 1732 sunt.
1880 1677 1981 1743 Qui

411 1771 555 1825 enim
587 1785 681 1824 eos
712 1769 1007 1823 vindicavit
1034 1784 1100 1822 ex
1130 1770 1369 1823 tenebris
1393 1769 1447 1822 in
1479 1769 1980 1838 splendidissimam

412 1860 614 1924 lucem,
650 1859 805 1913 fortis
836 1867 942 1914 est.

482 1953 531 1986 ⁸⁸
557 1953 725 2007 Filius
759 1952 898 2007 bene
925 1960 1164 2006 moratus
1194 1950 1337 2006 labia
1375 1966 1473 2006 sua
1506 1951 1561 2006 in
1597 1953 1862 2021 sapientia
1887 1968 1983 2007 ex-

413 2045 617 2101 ercebit
646 2062 661 2112 ;
692 2044 1045 2112 vicissimque
1078 2044 1347 2114 sapientia
1381 2058 1504 2097 cum
1549 2058 1616 2098 eo
1646 2047 1986 2115 colloquetur

412 2151 479 2193 ac
511 2137 886 2207 permanebit:
921 2145 979 2189 at
1002 2149 1293 2204 perversos
1321 2135 1467 2190 illam
1502 2139 1733 2190 amittet.

482 2230 529 2262 "
552 2230 611 2284 Si
642 2230 838 2284 timore
870 2228 1078 2282 Domini
1114 2229 1353 2283 declinat
1376 2229 1574 2297 aliquis
1604 2245 1632 2282 a
1666 2229 1833 2294 malo,
1867 2230 1985 2301 pul-

410 2322 542 2377 chre
568 2322 820 2376 hortatur
870 2328 930 2374 ut
959 2334 1056 2390 per
1082 2334 1301 2376 omnem
1340 2322 1509 2376 vitam
1542 2320 1612 2375 ab
1648 2323 1796 2376 omni
1846 2323 1986 2380 malo

411 2412 763 2466 declinemus.

478 2503 528 2535 "
553 2503 810 2572 Quisquis
842 2504 1051 2558 malitia
1078 2511 1164 2557 est
1191 2502 1397 2566 ebrius,
1423 2511 1480 2558 et
1516 2516 1585 2557 ex
1612 2504 1876 2574 sapientia
1912 2504 1979 2559 ad

411 2598 684 2652 inscitiam
734 2598 890 2665 quasi
942 2598 1188 2651 mmchus
1230 2597 1491 2659 transilit,
1550 2597 1747 2651 divina:
1800 2598 1986 2669 gratia

408 2694 515 2747 erit
540 2692 728 2759 inops;
762 2704 938 2759 neque
977 2699 1131 2744 veste
1161 2691 1389 2761 nuptiali
1435 2690 1691 2745 induetur
1735 2691 1984 2760 quisquis

414 2783 468 2837 in
500 2782 831 2836 damoniaca
881 2790 1039 2835 nocte
1070 2781 1395 2847 dormitans,
1427 2796 1649 2837 carnem
1694 2797 1848 2837 suam
1891 2782 1988 2837 de-

413 2874 526 2927 triti
582 2874 759 2927 instar
805 2872 1085 2943 panniculi
1130 2872 1471 2928 vulneratam
1527 2883 1794 2940 atterens,
1855 2874 1984 2944 facit

411 2963 723 3017 incendium
757 2962 1040 3031 gehennae.

483 3053 529 3085 "
560 3054 651 3107 Ait
683 3054 867 3107 senior
888 3054 1129 3122 quidam,
1154 3054 1389 3107 animam
1410 3068 1533 3111 esse
1565 3064 1793 3109 matrem
1836 3070 1987 3110 men-

412 3146 521 3210 tis;
567 3146 762 3201 auimae
806 3148 1071 3203 vocabulo
1116 3150 1379 3203 denotans
1441 3147 1744 3216 patheticas
1792 3147 1984 3202 animae

410 3238 726 3309 qualitates,
776 3239 1035 3308 impetum
1071 3248 1127 3295 et
1153 3240 1507 3310 cupiditatem
1535 3256 1549 3292 :
1580 3239 1785 3294 etenim
1812 3238 1986 3293 virtu-

413 3342 529 3385 tum
561 3330 828 3385 exercitio
864 3331 918 3385 in
955 3330 1131 3384 lucem
1160 3340 1397 3386 mentem
1430 3331 1616 3384 educit
1653 3348 1667 3383 :
1718 3329 1984 3398 siquidem

414 3420 733 3477 fortitudine
773 3438 837 3477 ac
872 3424 1223 3494 temperantia
1272 3422 1598 3492 sapientiam
1632 3421 1987 3491 adipiscimur

415 3525 474 3567 et
525 3513 808 3568 scientiam
858 3513 977 3581 Dei,
1036 3529 1157 3584 qua:
1200 3525 1328 3568 sunt
1376 3514 1611 3569 virtutes
1658 3513 1892 3582 impetus
1930 3522 1987 3565 et

413 3605 753 3674 cupiditatis.
807 3605 1068 3661 Fortasse
1120 3606 1321 3677 aliquis
1372 3607 1517 3661 dicet
1574 3615 1808 3660 matrem
1865 3619 1987 3659 esse

415 3697 826 3752 Testamentum
858 3709 1013 3753 vetus
1040 3700 1183 3769 quod
1221 3700 1495 3753 contemni
1522 3703 1728 3772 nequit.

484 3788 532 3820 "
558 3786 817 3843 Homines
857 3790 961 3844 hoc
1011 3790 1133 3845 loco
1168 3790 1301 3845 dicit
1354 3788 1743 3860 magistrorum
1782 3786 1985 3855 scripta

413 3879 712 3934 volumina.
752 3879 858 3947 Qui
910 3895 1043 3936 vero
1086 3884 1302 3951 operati
1345 3882 1507 3937 simul
1536 3888 1666 3935 sunt
1692 3888 1748 3933 et
1782 3878 1984 3933 docue-

414 3981 566 4038 runt,
608 3972 823 4040 iterque
848 3973 902 4027 in
936 3974 1134 4029 coelum
1168 3974 1433 4041 iecerunt,
1466 3971 1866 4026 ambulationes
1892 3983 1987 4023 ne-

415 4061 661 4115 minavit.
698 4060 850 4115 Multi
880 4062 1026 4115 enim
1056 4063 1310 4117 doctores
1327 4075 1671 4132 nequaquam
1696 4062 1762 4115 ad
1786 4060 1984 4115 ccelum

415 4149 521 4204 iter
552 4151 822 4216 fecerunt,
854 4153 981 4221 quia
1016 4154 1165 4207 dicta
1201 4154 1426 4223 propria
1460 4168 1572 4206 non
1602 4152 1983 4206 observarunt.

413 4241 549 4296 Nam
579 4243 671 4311 qui
707 4243 935 4298 disserit
972 4243 1026 4297 in
1062 4244 1523 4299 ambulationibus
1548 4244 1678 4308 (hoc
1725 4251 1811 4297 est
1841 4243 1985 4297 enim

414 4332 595 4388 (acere
635 4346 689 4389 et
745 4335 983 4406 docere),
1017 4336 1176 4406 digne
1206 4335 1451 4391 ambulat
1486 4335 1776 4391 vocatione
1817 4350 1924 4404 qua
1956 4349 1985 4387 a

414 4423 527 4478 Deo
559 4434 785 4480 vocatus
818 4426 945 4481 fuit.

482 4511 684 4566 ﬂentis
713 4525 997 4581 peccatum
1035 4516 1213 4571 simile
1241 4516 1460 4585 phialae,
1489 4526 1670 4586 operae
1701 4525 1984 4586 peccatum
2020 4538 2063 4593 υ

412 4604 627 4673 poculo.
664 4606 905 4676 ’Υπερον
932 4622 1060 4662 vero
1084 4618 1169 4663 est
1184 4610 1327 4680 quod
1355 4626 1384 4663 a
1415 4610 1607 4678 coquis
1633 4609 1853 4682 τριὸεύς
1894 4623 1987 4677 ap-

410 4694 667 4763 pellatur.
696 4696 861 4751 Multa
889 4700 1034 4754 enim
1066 4701 1245 4770 pulsat
1265 4701 1467 4773 ὕπερον
1496 4700 1989 4773 [pistillus],neque

414 4796 594 4840 tamen
626 4789 801 4857 aperit
833 4790 1009 4845 locum
1040 4808 1200 4861 quem
1229 4793 1428 4862 pulsat.
1456 4793 1527 4847 At
1552 4808 1683 4847 vero
1705 4793 1987 4861 discipulis

414 4877 595 4932 aiebat
629 4877 892 4935 Servator
926 4898 941 4935 :
976 4880 1221 4948 Pulsate,
1253 4896 1304 4938 et
1344 4884 1614 4953 aperietur
1637 4885 1781 4940 vobis
1804 4884 1875 4937 ".

484 5052 533 5085 "
557 5051 711 5109 Meus
741 5069 865 5124 quae
897 5056 1133 5112 alienum
1188 5061 1475 5117 consilium
1507 5071 1602 5116 aut
1632 5062 1976 5132 disciplinam

413 5142 673 5210 suscipit,
714 5144 883 5201 malas
940 5149 1305 5218 cogitationes
1356 5139 1582 5207 fovebit.
1632 5150 1737 5219 Qui
1803 5160 1983 5205 autem

411 5245 634 5288 cautum
661 5251 719 5290 se
751 5247 925 5307 geret,
958 5240 1007 5295 is
1039 5241 1163 5294 vitae
1193 5259 1419 5313 compos
1446 5244 1559 5298 tlet.

485 5326 533 5359 ⁷⁸
562 5327 699 5381 Mala
754 5345 840 5385 res
862 5334 1111 5389 socordia
1146 5336 1418 5391 indolens.
1450 5334 1587 5389 Nam
1620 5344 1807 5403 postea
1835 5335 1985 5389 dices

414 5417 806 5472 conscientiam
841 5429 987 5474 tuam
1015 5423 1259 5491 pulsans,
1294 5427 1411 5482 Non
1451 5425 1717 5490 laboravi,
1766 5437 1875 5479 non
1902 5423 1985 5478 fui

415 5508 688 5565 sollicitus
710 5512 931 5581 praemia
962 5515 1324 5587 adipiscendi,
1357 5526 1413 5573 et
1445 5518 1721 5573 cruciatus
1749 5516 1981 5572 vitandi.

2075 564 2222 633 ζωῆς
2248 564 2363 614 ἐστι
2386 557 2633 629 ψευδοῦς.

2142 658 2207 710 El
2239 658 2268 709 6
2298 654 2566 726 βάσκανος
2592 654 2716 705 σῖτα
2744 647 2999 709 ἀσεϐείας
3029 644 3220 707 ἐσθίει,
3254 638 3353 696 καὶ
3382 637 3510 709 οῐνῳ
3550 655 3657 691 πα-

2080 751 2303 823 ρανόμῳ
2329 746 2681 819 μεθύσκεται,
2714 744 2777 798 οὐ
2803 742 2882 795 δεῖ
2907 740 2964 794 δὲ
3002 737 3336 792 συνδειπνεῖν
3353 732 3553 801 τούτῳ·
3589 732 3653 785 οὐ

2076 822 2185 913 γρὴ
2216 842 2325 913 ἄρα
2361 835 2503 893 εἶναι
2542 836 2715 906 άσεόἧ
2748 833 2843 886 καὶ
2880 831 3194 902 παράνομον
3217 847 3231 859 ·
3274 823 3439 883 αὗται
3460 823 3569 894 γὰρ
3595 822 3653 876 αἱ

2078 937 2266 991 κακίαι
2290 935 2642 1007 λυμαίνονται
2671 931 2870 1000 γνῶσιν
2896 926 3294 999 πνευματικήν.

2142 1109 2325 1181 Μηδὲν
2340 1108 2465 1177 λέγε
2484 1106 2725 1169 συνετὸν,
2743 1105 2897 1176 φησὶ,
2919 1102 3166 1157 τουτέστι
3192 1100 3326 1171 βαθὺ
3343 1099 3437 1153 καὶ
3464 1115 3652 1170 μυστιο

2078 1202 2194 1258 κόν·
2217 1203 2278 1255 οὐ
2305 1203 2386 1256 δεῖ
2398 1201 2507 1272 γάρ
2538 1217 2599 1253 σε
2628 1199 2808 1271 βαλεῖν
2825 1199 2951 1261 τοὺς
2976 1194 3318 1268 μαργαρίτας
3347 1192 3653 1264 ἔμπροσθεν

2078 1294 2187 1348 τῶν
2210 1294 2428 1365 χοίρων.

2154 1386 2315 1456 Ὅρια
2346 1383 2540 1436 αἰώνια
2578 1380 2889 1444 θεοσεϐείας
2929 1380 3003 1451 μή
3041 1378 3296 1450 μέταιρε·
3332 1379 3414 1441 είς
3448 1376 3507 1430 δὲ
3546 1375 3654 1446 γῆν

2078 1475 2188 1531 τῶν
2216 1475 2704 1547 άπορφανισάντων
2742 1473 2965 1533 ἑαυτοὺς
2995 1469 3104 1522 ἀπὸ
3137 1470 3230 1521 τοῦ
3261 1467 3396 1520 Θεοῦ
3417 1508 3432 1532 ,
3465 1467 3653 1538 κτῆμα

2080 1571 2137 1624 δέ
2166 1570 2433 1640 δαιμόνων
2454 1567 2551 1638 τὴν
2588 1567 2787 1620 κακίαν
2827 1565 3069 1636 ἔχοντας,
3104 1562 3179 1634 μὴ
3202 1561 3469 1633 είσέλθῃς,
3498 1561 3564 1614 δι’
3586 1561 3654 1630 ήν

2081 1666 2451 1736 ἐστερήθησαν
2481 1662 2575 1717 τοῦ
2609 1659 2929 1732 ἐπουρανίου
2957 1656 3171 1727 Πατρός
3191 1673 3205 1686 ·
3232 1659 3261 1709 6
3290 1656 3399 1727 γὰρ
3427 1653 3654 1725 λυτρού-

2087 1775 2245 1829 μενος
2268 1758 2463 1820 αὐτοὺς
2481 1755 2684 1826 Κύριος
2715 1756 2779 1806 ἐκ
2795 1751 2889 1804 τοῦ
2922 1748 3321 1821 ῦπερλάμπρου
3346 1747 3521 1817 φωτὸς
3547 1747 3657 1801 άπὸ

2013 1840 2054 1895 Β
2085 1850 2328 1913 σκότους,
2359 1846 2577 1918 ίσχυρός
2613 1847 2778 1899 ἐστιν.

2154 1941 2282 2003 Υἱὸς
2310 1939 2469 2010 ὀρθὸς
2497 1938 2825 2007 ἐνδιατρίψει
2845 1936 2915 1989 τά
2945 1935 3101 2006 χείλη
3138 1929 3304 1987 αὐτοῦ
3350 1930 3534 1998 σοφίᾳ,
3560 1928 3658 1980 καὶ

2083 2034 2117 2103 ή
2152 2032 2313 2102 σοφία
2345 2031 2481 2102 πρὸς
2512 2030 2675 2084 αὑτὸν
2708 2028 3026 2099 συλλαλήσει
3071 2025 3166 2080 καὶ
3209 2024 3494 2094 διαμενεῖ·
3531 2022 3560 2072 6
3598 2020 3659 2072 δὲ

2084 2125 2338 2197 στρεὸλὺς
2370 2126 2677 2177 ἐκπεσεῖται
2702 2124 2795 2175 ἀπ’
2817 2122 3008 2190 αὐτῆς.

2152 2219 2216 2271 Εί
2243 2218 2321 2288 τῷ
2346 2216 2495 2286 φόϐῳ
2519 2216 2724 2285 Κυρίου
2755 2214 2993 2267 ἐκκλίνει
3015 2230 3100 2276 τις
3129 2211 3237 2266 ἀπὸ
3261 2206 3453 2271 κακοῦ,
3479 2202 3660 2267 καλῶς

2083 2312 2341 2381 παραινεῖ
2370 2309 2457 2361 διὰ
2504 2306 2684 2377 πάσης
2728 2305 2830 2375 τῆς
2870 2305 3016 2376 ζωῆς
3064 2302 3333 2357 ἐκκλίνειν
3373 2300 3521 2369 ἡμᾶς
3550 2294 3664 2349 ἀπὸ

2082 2400 2286 2463 παντὸς
2318 2397 2511 2451 κακοῦ.

2149 2491 2269 2553 Πᾶς
2314 2491 2343 2541 6
2390 2488 2449 2540 ἐν
2483 2485 2651 2556 κακίᾳ
2700 2484 2950 2556 μέθυσος,
2994 2484 3090 2538 καὶ
3132 2486 3161 2537 6
3198 2485 3264 2536 ἐκ
3298 2481 3487 2551 σοφίας
3522 2480 3665 2552 πρὸς

2082 2583 2356 2651 ἀγνωσίαν
2372 2579 2812 2651 καταπορνεύων,
2835 2576 3139 2646 πτωχεύσει
3164 2577 3229 2628 ἐκ
3244 2575 3393 2637 θείας
3412 2575 3659 2645 χάριτος·

2082 2676 2176 2727 καὶ
2196 2674 2295 2726 οὑκ
2321 2673 2595 2725 ἐνδύσεται
2614 2671 2816 2741 ἔνδυμα
2840 2669 2934 2723 τοῦ
2960 2670 3137 2739 γάμου
3168 2670 3275 2730 πᾶς
3300 2668 3329 2719 6
3369 2668 3427 2719 ἐν
3444 2670 3510 2737 τῇ
3540 2666 3664 2718 δαι-

2087 2766 2332 2838 μονιιὶιδει
2367 2766 2523 2818 νυκτὶ
2547 2763 2817 2834 ὑπνώδης,
2847 2761 2982 2815 ἀλλά
3006 2761 3106 2832 τὴν
3128 2761 3204 2823 ώς
3231 2760 3397 2831 ῥάκος
3428 2776 3666 2831 τετραυ-

2085 2859 2427 2930 ματισμένην
2454 2858 2632 2929 σάρκα
2658 2856 2943 2911 διαθλίδων
2962 2855 3188 2925 γεέννης
3218 2854 3408 2924 φλόγα.

2158 3041 2302 3110 Ἔφη
2334 3056 2415 3102 τις
2454 3038 2563 3090 τῶν
2600 3035 2888 3107 γερόντων,
2920 3033 3017 3103 τὴν
3052 3031 3232 3103 ψυχὴν
3274 3026 3414 3085 εἶναι
3448 3030 3665 3102 μητέρα

2083 3133 2177 3187 τοῦ
2197 3132 2310 3196 νοῦ,
2332 3130 2508 3202 ψυχὴν
2532 3130 2703 3198 λέγων
2726 3129 2789 3181 τὸ
2819 3126 3117 3196 παθητικὸν
3140 3125 3240 3196 τῆς
3264 3125 3457 3195 ψυχῆς,
3491 3124 3667 3193 θυμόν

2083 3244 2143 3280 τε
2164 3226 2261 3279 καὶ
2285 3222 2597 3293 ἐπιθυμίαν·
2620 3221 2710 3274 διά
2737 3219 2846 3291 γὰρ
2869 3218 2979 3271 τῶν
3004 3217 3325 3288 πρακτικῶν
3346 3216 3559 3288 ἀρετῶν
3581 3220 3665 3280 είς

2083 3318 2199 3387 φῶς
2228 3315 2457 3388 προάγει
2480 3314 2572 3366 τὸν
2600 3312 2743 3367 νοῦν·
2771 3310 2859 3365 διὰ
2887 3309 2996 3380 γάρ
3036 3309 3286 3381 ἀνδρείας
3323 3310 3418 3362 καὶ
3446 3324 3667 3380 σωφρο-

2086 3410 2250 3481 σύνης
2281 3406 2537 3479 κτώμεθα
2561 3404 2751 3474 σοφίαν
2784 3404 2878 3457 καὶ
2907 3400 3110 3470 γνῶσιν
3133 3401 3291 3465 Θεοῦ,
3334 3401 3498 3473 αἴπερ
3520 3400 3665 3453 είσὶν

2082 3503 2273 3573 ἀρεταὶ
2304 3498 2474 3570 θυμοῦ
2508 3498 2602 3551 καὶ
2618 3496 2930 3567 ἐπιθυμίας·
2959 3496 3109 3563 λέγει
3133 3495 3176 3547 δ’
3198 3494 3265 3548 ἂν
3292 3494 3421 3557 ἴσως
3447 3494 3667 3565 μητέρα

2083 3596 2176 3649 καὶ
2198 3596 2297 3666 τὴν
2325 3593 2560 3647 παλαιάν
2588 3592 2865 3662 Διαθήκην
2893 3592 2956 3644 οὐ
2982 3589 3411 3661 καταφρόνητον.

2167 3774 2507 3847 ’Δνθρώπους
2529 3773 2781 3836 ἐνταῦθα,
2798 3774 2907 3827 τῶν
2929 3772 3263 3827 διδασκάλων
3288 3773 3388 3837 τὰς
3420 3789 3667 3844 συγγρα-

2085 3870 2190 3939 φάς
2222 3885 2387 3938 φησι·
2429 3868 2556 3931 τοὺς
2592 3868 2649 3920 δὲ
2684 3868 3016 3938 ποιήσαντας
3050 3869 3145 3922 καὶ
3190 3867 3526 3933 διδάξαντας,
3567 3868 3669 3920 καὶ

2085 3962 2183 4031 τὴν
2232 3960 2457 4031 πορείαν
2506 3959 2644 4029 πρὸς
2680 3959 2939 4030 οὐρανοὺς
2971 3960 3393 4030 ποιησαμένους,
3423 3960 3669 4030 περιπά-

2084 4070 2209 4116 τους
2230 4053 2499 4122 ώνόμασε·
2527 4050 2711 4104 πολλοὶ
2743 4052 2852 4123 γάρ
2878 4052 3203 4120 διδάξαντες,
3233 4050 3295 4104 οὐ
3327 4051 3462 4121 πρὸς
3493 4052 3667 4123 ούρα-

2085 4145 2175 4197 νὺν
2203 4144 2299 4214 τὴν
2328 4142 2548 4214 πορείαν
2581 4143 2926 4213 ἐποιήσαντο,
2960 4146 3043 4198 ὅτι
3066 4145 3165 4197 οὐκ
3190 4143 3481 4213 ἐφύλαξαν·
3508 4148 3537 4198 6
3554 4146 3669 4217 γὰρ

2085 4237 2289 4306 ὁμιλῶν
2317 4238 2375 4288 ἐν
2406 4235 2747 4306 περιπάτοις,
2772 4237 3015 4289 τουτέστι
3058 4239 3231 4289 ποιεῖν
3268 4254 3326 4289 τε
3375 4239 3469 4291 καὶ
3511 4239 3667 4293 διδά-

2088 4344 2257 4391 σκειν,
2290 4326 2457 4393 ἀξίως
2484 4330 2777 4397 περιπατεῖ
2799 4326 2900 4397 τῆς
2927 4328 3173 4399 κλήσεως
3200 4322 3269 4400 ἧς
3294 4330 3498 4401 ἐκλήθη
3556 4331 3669 4384 ὑπὸ

2087 4418 2181 4471 τοῦ
2207 4416 2365 4471 Θεοῦ.

2170 4509 2239 4562 Ἦ
2268 4508 2365 4579 μὲν
2396 4507 2539 4563 κατὰ
2560 4507 2796 4561 διάνοιαν
2830 4509 3078 4580 ἁμαρτία
3109 4510 3251 4565 ἔοικε
3305 4512 3501 4584 φιάλῃ·
3540 4515 3575 4584 ή
3610 4514 3669 4567 δὲ

2091 4604 2209 4655 κατ’
2234 4602 2533 4672 ἐνέργειαν,
2578 4601 2821 4671 ποτηρίῳ
2844 4618 2858 4630 ·
2892 4600 3095 4674 ὕπερον
3128 4602 3185 4655 δέ
3222 4604 3337 4656 ἐστι
3358 4645 3373 4669 ,
3412 4604 3474 4657 τὸ
3512 4608 3671 4677 παρά

2089 4695 2201 4755 τοῖς
2230 4691 2510 4763 μαγείροις
2529 4691 2819 4761 λεγόμενον
2847 4691 3067 4762 τριϐεύς
3086 4710 3101 4723 ο
3138 4693 3307 4747 πολλὰ
3330 4694 3439 4765 γάρ
3475 4697 3668 4766 κρούει

2086 4782 2246 4835 τοῦτο
2269 4784 2328 4835 τὸ
2355 4782 2575 4853 ὕπερον,
2606 4784 2699 4836 καὶ
2719 4783 2817 4835 οὐκ
2841 4784 3049 4851 ἀνοίγει
3072 4785 3165 4838 τὸν
3178 4785 3345 4840 τόπον
3370 4786 3429 4838 ὃν
3454 4786 3665 4856 κρούει·

2085 4874 2197 4935 τοῖς
2221 4873 2279 4926 δὲ
2302 4872 2566 4943 μαθηταῖς
2594 4875 2623 4924 6
2646 4872 2848 4945 Κύριός
2873 4890 3036 4944 φησι·
3072 4875 3347 4943 Κρούειτε⁸
3369 4874 3466 4929 καί
3501 4877 3664 4931 ἀνοι-

2090 4964 2337 5031 γήσεται
2369 4964 2529 5033 ὑμῖν.

2161 5056 2305 5120 Νοῦς
2329 5056 2619 5126 δεξάμενος
2644 5056 2921 5128 ἀλλότριον
2941 5057 3120 5128 νόημα
3142 5057 3175 5129 ή
3208 5057 3462 5129 μάθησιν,
3508 5057 3670 5128 μελε-

2088 5149 2243 5217 τήσει
2268 5148 2557 5217 λογισμοὺς
2586 5146 2807 5209 κακούς·
2831 5148 2860 5199 6
2882 5146 2939 5199 δὲ
2963 5148 3206 5218 τηρήσας
3233 5146 3448 5211 ἑαυτὸν,
3474 5145 3670 5219 κληρο-

2091 5243 2315 5311 νομήσει
2339 5241 2505 5309 €in-

2164 5332 2389 5400 Δεινὸνή
2414 5329 2730 5399 άναλγησία·
2746 5325 2863 5382 εἶτα
2885 5332 3028 5402 ἐρεῖς
3054 5332 3388 5402 τυπτόμενος
3412 5332 3511 5404 τὴν
3537 5348 3669 5385 συν-

2090 5419 2331 5491 είδησιν,
2386 5419 2486 5471 οὐκ
2534 5419 2766 5472 ἐπόνεσα
2818 5419 3098 5491 φροντίσαι
3148 5421 3256 5473 τῶν
3335 5421 3434 5492 μὲν
3484 5421 3669 5493 γερῶν

2091 5515 2294 5583 τυχεῖν,
2341 5511 2603 5582 ρυσθῆναι
2632 5511 2691 5564 δέ
2722 5509 2832 5564 τῶν
2878 5511 3161 5581 βασάνων·
3212 5512 3505 5580 ἐνέπαιξάν
3540 5531 3665 5586 μοι,

491 5696 934 5758 “v.6.“7.9.
1010 5702 1241 5759 "v.l0.
1318 5701 1554 5759 “v.16.
1632 5702 1878 5760 "v.17.
1956 5703 2000 5735 τ·

2107 5699 2200 5756 24.
2275 5699 2320 5732 τι
2344 5715 2393 5755 v.
2424 5698 2515 5755 2i.
2593 5696 2638 5731 τ’
2667 5712 2721 5753 ν.
2740 5697 2826 5756 5|.
2889 5697 2937 5731 ⁷³
2963 5697 3155 5754 Matth.
3180 5714 3280 5768 vti,
3304 5699 3359 5756 7.
3420 5698 3467 5732 "
3495 5713 3546 5753 ν.
3571 5698 3663 5755 54.

420 5764 466 5797 ⁷³
496 5782 545 5818 v.
580 5768 669 5822 ὃς).

232 6104 473 6175 Δ
