3888 6218
249 274 358 331 225

1414 271 1778 332 EXPOSITIO
1818 272 1883 328 IN
1920 271 2333 329 PROVERBiA.

3388 274 3496 329 226

246 392 493 448 τουτέστι
520 393 944 465 προσωνείδισάν
977 411 1097 467 μοι·
1136 393 1247 465 ἐγὼ
1274 394 1330 449 δὲ
1356 394 1524 448 θέλων
1553 394 1653 448 οὐκ
1679 394 1826 466 ᾔδειν

1937 392 2222 450 llluserunt
2263 392 2418 459 mihi,
2463 392 2517 447 id
2570 400 2658 449 est
2706 390 2839 449 mihi
2876 390 3164 448 conﬂiciali
3204 400 3352 448 sunt.
3384 391 3497 460 Ego

249 485 380 541 πότε
408 484 602 558 ὄρθρος
629 486 828 559 ψυχῆς,
855 487 951 543 καὶ
972 486 1267 558 ὲπίγνωσις
1286 488 1578 560 ἁμαρτίας.

1690 662 1823 718 CAP

328 754 390 810 '0
412 751 561 819 οἶκος
587 758 696 810 τῶν
720 758 931 829 ἀρετῶν
960 757 1100 829 μετά
1119 756 1269 820 θείας
1301 756 1493 827 σοφίας
1523 756 1822 828 οἰκοδομεῖε

244 861 360 908 ται,
397 847 493 899 καὶ
540 846 678 916 μετά
721 847 989 911 συνέσεως
1034 847 1200 917 φόϐου
1246 846 1380 900 Θεοῦ
1437 846 1533 899 καὶ
1569 845 1824 915 γνώσεως

247 937 589 1009 ἀνορθοῦται.

320 1030 383 1082 '0
437 1030 564 1101 περὶ
609 1031 708 1101 τὴν
745 1030 945 1094 πίστιν,
978 1031 1011 1102 ἦ
1036 1049 1155 1085 τινα
1178 1030 1287 1084 τῶν
1314 1030 1524 1102 ἀρετῶν
1550 1027 1839 1097 ναυαγῶν,¹

245 1117 619 1190 ἀκυϐέρνητος
649 1120 785 1191 πρὸς
823 1121 1054 1192 πόλεμον
1092 1120 1200 1174 τῶν
1243 1119 1633 1190 ἀντικειμένων
1664 1119 1823 1171 δυνά-

251 1233 421 1286 μεων,
466 1214 531 1282 τῇ
584 1229 647 1266 τε
697 1212 943 1285 θεολογίᾳ
976 1213 1068 1266 καὶ
1100 1215 1223 1275 ταῖς
1252 1213 1502 1284 ἀρεταῖς·
1539 1212 1567 1263 6
1594 1209 1650 1263 δὲ
1687 1207 1823 1280 μετὰ

245 1306 632 1378 κυϐερνήσεως
660 1303 937 1375 πολεμῶν,
972 1302 1148 1357 ἔοικεν
1182 1304 1280 1356 ἐπὶ
1317 1302 1421 1372 γῆς
1470 1302 1593 1355 νοῦν
1634 1301 1778 1372 ἔχειν
1804 1317 1817 1331 ·

248 1399 574 1469 προηγεῖται
597 1395 655 1449 δὲ
680 1396 780 1466 τῆς
806 1395 902 1448 τοῦ
925 1394 1060 1449 Θεοῦ
1087 1393 1359 1465 βοηθείας,
1386 1391 1582 1464 καρδία
1606 1390 1823 1462 βουλευ-

245 1489 398 1558 τικὴ,
434 1490 470 1558 ἡ
505 1488 682 1541 πάντα
709 1485 845 1557 μετά
879 1484 1071 1556 βουλῆς
1096 1483 1356 1537 ποιοῦσα·
1391 1481 1612 1536 δυνατὸν
1637 1480 1694 1534 δὲ
1726 1479 1822 1533 καὶ

248 1580 344 1633 ἐπὶ
360 1579 541 1649 πάσης
568 1576 767 1648 ἀρετῆς
795 1576 857 1629 τὸ
888 1575 1019 1629 αὐτὸ
1044 1573 1203 1627 τοῦτο
1232 1574 1426 1626 εἰπεῖν·
1455 1570 1569 1624 ἐστι
1596 1568 1705 1640 γὰρ
1727 1567 1823 1621 καὶ

249 1670 381 1740 περὶ
420 1667 772 1740 σωφροσύνην
819 1666 1099 1734 ναυάγιον,
1145 1665 1240 1719 καὶ
1285 1664 1413 1735 περὶ
1452 1662 1669 1732 ἀγάπην
1693 1700 1705 1723 ,
1734 1660 1825 1714 καὶ

250 1762 639 1833 φιλαργυρίαν,
665 1761 760 1814 καὶ
784 1760 913 1831 περὶ
937 1759 1165 1812 ἕκαστον
1198 1759 1255 1811 δὲ
1289 1757 1464 1828 δόγμα
1493 1754 1692 1826 ὁμοίως
1724 1753 1825 1823 τῆς

251 1854 549 1923 καθολικῆς
562 1853 656 1906 καὶ
672 1851 1028 1920 ἀποστολικῆς
1054 1848 1376 1921 Ἐκκλησίας
1400 1846 1682 1919 συμϐαίνει
1698 1862 1825 1899 ναυ-

251 1948 442 2015 άγιον·
490 1947 540 1997 εί
575 1944 634 1998 δὲ
684 1944 821 2015 μετά
864 1942 1244 2013 κυϐερνήσεως
1288 1941 1544 2011 πολεμεῖν
1591 1940 1671 1993 δεῖ
1712 1942 1825 2002 τοῖς

252 2036 672 2106 ἀντικειμένοις,
711 2034 988 2105 ναυμαχίᾳ
1032 2031 1412 2104 παραπλήσιος
1444 2032 1574 2102 ἡμῖν
1621 2032 1768 2084 ἐστιν
1797 2031 1826 2083 6

255 2127 369 2199 βίος
394 2129 485 2181 ἐπὶ
510 2127 609 2197 τῆς
635 2128 756 2198 γῆς·
781 2127 872 2179 ἐὰν
891 2125 1000 2197 γὰρ
1030 2124 1273 2195 θέλωμεν
1296 2126 1475 2195 ἡμεῖς,
1506 2122 1825 2193 ποντίζομεν

254 2219 456 2283 αὐτοὺς
488 2218 546 2270 ὲν
573 2218 847 2288 προσευχῇ
878 2215 1124 2287 καρδίας,
1170 2214 1265 2268 καὶ
1300 2212 1511 2284 διανοίᾳ
1534 2212 1668 2283 πρὸς
1692 2212 1825 2265 Θεὸν

253 2311 640 2383 τετραμμένη·
676 2308 771 2362 ἐὰν
793 2308 850 2361 δὲ
880 2308 953 2379 μὴ
987 2307 1250 2377 θέλωμεν,
1295 2302 1689 2374 ποντιζὸμεθα·
1729 2302 1824 2357 ὲάν

254 2402 314 2456 δὲ
358 2403 452 2455 καὶ
494 2397 875 2470 πολεμούμεθα
912 2398 1003 2451 ὑπ’
1037 2398 1282 2461 ἐκείνων,
1330 2397 1381 2449 εἰ
1422 2396 1517 2449 καὶ
1540 2395 1706 2458 πολὺς
1733 2397 1826 2449 καὶ

258 2488 485 2559 σφοδρὸς
506 2488 536 2539 6
565 2486 798 2556 πόλεμος
821 2484 1031 2551 αὐτῶν,
1065 2485 1221 2539 οὐθέν
1248 2486 1381 2537 ἐστι·
1418 2483 1642 2556 νηστείᾳ
1668 2484 1825 2556 μόνον

255 2581 355 2635 καὶ
369 2578 662 2652 ἐγκρατείᾳ
678 2576 1099 2651 περιφράξωμεν
1117 2577 1363 2641 ἑαυτοὺς,
1382 2579 1474 2631 καὶ
1494 2578 1570 2642 ὠς
1584 2578 1825 2649 ἀράχνην

253 2673 455 2735 αὐτούς
478 2688 536 2725 τε
562 2672 655 2725 καὶ
683 2669 753 2724 τὰ
765 2670 905 2724 ὅπλα
930 2668 1110 2724 αὐτῶν
1143 2669 1501 2741 συγκόψομεν·
1533 2670 1629 2724 ὲάν
1651 2670 1706 2723 δὲ
1726 2686 1826 2724 κα-

254 2763 327 2816 τά
357 2765 454 2835 τὴν
477 2763 571 2816 τοῦ
602 2763 807 2836 Κυρίου
845 2763 1062 2834 φωνὴν,
1099 2764 1232 2817 ὅπου
1265 2764 1372 2816 είσλ⁵
1396 2762 1489 2816 δύο
1521 2762 1554 2832 ἢ
1582 2764 1758 2834 τρεῖς,
1791 2763 1825 2832 ή

254 2855 474 2927 καρδία,
508 2858 537 2909 6
573 2854 717 2919 νοῦς,
747 2856 895 2926 καὶὴ
934 2854 1101 2925 ψυχὴ,
1128 2855 1548 2926 συμφωνήσουσι
1579 2854 1635 2907 δὲ
1660 2856 1716 2908 ὲν
1743 2855 1827 2907 ὲν-

252 2947 437 3012 τολαῖς
456 2948 617 3003 αὐτοῦ
657 2948 1021 3021 περιέχεσθαι,
1046 2951 1074 3003 6
1098 2946 1301 3019 Κύριος
1333 2946 1451 3020 μεθ’
1471 2946 1647 3018 ἡμῶν.

323 3129 510 3184 Πάντα
544 3127 651 3199 γὰρ
676 3128 777 3183 ὅσα
807 3126 1032 3199 πράττει
1069 3128 1097 3180 6
1130 3124 1262 3189 Θεὸς
1299 3124 1568 3188 νοοῦντες,
1606 3123 1701 3176 καὶ
1725 3123 1826 3178 ὅσα

251 3220 495 3275 διδάσκει
545 3221 896 3291 πράττοντες,
947 3220 1066 3272 κατ’
1091 3217 1241 3271 οὐδὲν
1286 3214 1684 3287 παραϐαίνουσι
1734 3215 1825 3269 τὸν

253 3311 413 3379 λόγον
440 3310 624 3366 αὑτοῦ·
660 3310 825 3364 πύλαι
852 3309 908 3362 δὲ
932 3308 1111 3379 σοφῶν
1144 3310 1200 3361 αἱ
1222 3306 1517 3379 πρακτικαί
1542 3306 1676 3359 εἰσιν
1700 3306 1823 3377 ἀρεο

253 3406 368 3467 ταὶ,
400 3404 495 3456 καὶ
539 3404 571 3473 ἡ
618 3401 711 3455 τοῦ
739 3401 830 3455 νοῦ
864 3401 1082 3471 θεωρία,
1121 3400 1187 3453 δι’
1214 3393 1290 3453 ὧν
1328 3399 1632 3471 εἰσέρχεται
1666 3397 1825 3467 σοφία

255 3494 415 3549 Θεοῦ·
454 3495 551 3549 ούκ
584 3493 888 3549 ἐκκλίνουσι
914 3493 991 3557 δὲ,
1021 3491 1145 3546 οὔτε
1179 3490 1329 3558 δεξιά
1362 3489 1486 3545 οὔτε
1539 3490 1823 3563 ἀριστερὰ,

254 3589 340 3641 ὅτι
375 3586 676 3654 λογίζονται
717 3586 775 3637 ὲν
804 3582 1098 3654 συνεδρίοις
1138 3579 1277 3636 εἶναι
1310 3580 1474 3636 καλοῦ
1504 3583 1597 3635 καὶ
1622 3580 1820 3635 κακοῦ·

257 3679 355 3735 καὶ
396 3677 489 3731 τοῦ
519 3678 617 3748 μὲν
644 3675 831 3742 καλοῦ,
855 3674 1272 3739 ἀντιποιοῦνται,
1297 3674 1357 3727 τὸ
1375 3674 1431 3726 δὲ
1470 3673 1639 3727 κακὸν
1660 3688 1827 3744 προσ-

261 3770 603 3825 ακοντοῦσιν.

336 3950 462 4013 Τοῖς
492 3950 567 4021 μὴ
613 3948 854 4004 θέλουσιν
900 3948 1004 4002 ὑπὸ
1048 3949 1145 4021 τὴν
1181 3946 1273 4002 τοῦ
1316 3947 1452 4002 Θεοῦ
1498 3946 1687 4017 σοφίαν
1733 3948 1827 4001 καὶ

255 4039 463 4109 γνῶσιν
501 4040 865 4112 παιδευθῆναι,
893 4039 981 4094 διά
1003 4040 1096 4094 τοῦ
1143 4039 1432 4103 ἐνεστῶτος
1455 4038 1681 4094 θανάτου
1708 4056 1828 4091 συν-

259 4134 398 4203 αντᾷ
429 4134 457 4185 6
489 4131 722 4196 αἰώνιος·
756 4134 942 4205 ἄφρων
982 4133 1039 4186 δέ
1084 4133 1230 4185 ἐστιν
1249 4133 1278 4185 6
1302 4131 1621 4200 γλυκανθεὶς
1648 4132 1744 4202 μὲν
1770 4132 1828 4186 ὲν

260 4224 427 4295 σοφία
452 4223 605 4288 Θεοῦ,
641 4220 757 4278 εἶτα
785 4224 1097 4279 καταλιπὼν
1141 4224 1338 4295 αὐτὴν,
1375 4226 1442 4295 τῇ
1468 4223 1525 4277 δὲ
1549 4222 1829 4296 ἀφροσύνῃ

1928 498 2057 538 vero
2081 491 2273 552 sponte
2302 481 2507 541 nescivi
2541 484 2890 555 quandonam
2923 484 3224 541 diluculum
3275 484 3496 552 animm,

1928 586 1985 629 et
2019 576 2221 642 peccati
2252 575 2512 646 cognitio.

1829 705 1845 721 .
1886 663 2078 721 XXIV.

2000 758 2045 790 ⁷⁸
2079 757 2370 828 Sapientia:
2397 758 2591 815 domus
2619 773 2745 815 cum
2776 758 2961 815 divina
3007 759 3274 830 sapientia
3321 762 3499 819 :ediii-

1927 859 2127 913 catur;
2178 860 2389 906 etcum
2436 850 2717 908 intellectu
2767 852 2977 908 timoris
3018 853 3111 909 Dei
3160 862 3325 924 atque
3378 857 3500 928 eius

1927 941 2205 1011 agnitione
2232 942 2478 1012 erigitur.

1996 1032 2173 1101 "Qui
2229 1033 2352 1088 ﬁdei
2398 1034 2483 1089 vel
2535 1033 2825 1103 cujuslibet
2881 1036 3098 1091 virtutis
3150 1037 3497 1109 naufragium

1926 1126 2153 1193 patitur,
2179 1126 2298 1182 sine
2322 1126 2462 1182 duce
2485 1138 2688 1197 pugnat
2719 1143 2843 1184 eum
2882 1130 3213 1185 adversariis
3247 1142 3494 1200 potesta-

1927 1219 2090 1283 tibus,
2133 1219 2184 1273 id
2217 1228 2302 1274 est
2335 1220 2451 1274 sine
2482 1220 2752 1290 theologia
2780 1229 2835 1275 et
2865 1222 3157 1277 virtutibus
3184 1241 3199 1277 :
3231 1225 3322 1292 qui
3362 1240 3493 1281 vero

1924 1307 2024 1370 sub
2089 1308 2355 1380 regimine
2419 1320 2639 1379 pugnat,
2714 1310 2931 1366 videtur
2986 1323 3221 1367 mentem
3272 1314 3325 1369 in
3390 1316 3492 1373 hoc

1925 1400 2125 1454 mundo
2159 1400 2377 1454 habere.
2412 1398 2578 1456 Praeit
2604 1411 2782 1457 autem
2814 1403 3000 1458 divino
3038 1404 3247 1459 auxilio
3276 1421 3373 1460 cor
3396 1408 3493 1462 de-

1928 1491 2188 1557 liberans,
2213 1492 2358 1562 quod
2412 1493 2547 1548 nihil
2582 1495 2700 1549 sine
2737 1495 2969 1551 consilio
3004 1498 3136 1567 agit.
3165 1497 3327 1568 quue
3353 1500 3494 1555 adeo

1928 1587 1997 1642 de
2039 1586 2284 1655 qualibet
2316 1586 2520 1643 virtute
2573 1587 2683 1643 dici
2731 1597 2929 1659 potest.
2986 1590 3079 1646 Est
3124 1591 3289 1645 etiam
3344 1592 3493 1647 circa

1930 1674 2345 1745 temperantiam
2383 1676 2745 1748 naufragium,
2785 1688 2840 1733 et
2870 1679 3019 1735 circa
3062 1680 3410 1745 charitatem,
3439 1692 3496 1737 et

1925 1777 2148 1837 propter
2185 1767 2432 1837 pecuniae
2462 1782 2723 1834 amorem.
2764 1779 2818 1825 et
2855 1772 3000 1825 circa
3032 1772 3244 1840 singula
3288 1774 3495 1841 pariter

1926 1861 2177 1930 dogmata
2223 1859 2505 1914 catholicae
2535 1870 2589 1914 et
2619 1862 2934 1930 apostolicae
2974 1862 3234 1917 Ecclesiae
3278 1865 3493 1919 contin-

1924 1953 2003 2024 git
2034 1952 2399 2024 naufragium.
2435 1952 2492 2008 Si
2524 1968 2653 2023 ergo
2683 1969 2790 2008 non
2811 1954 2928 2009 sine
2954 1956 3220 2024 regimine
3249 1971 3493 2026 pugnare

1925 2056 2145 2116 oportet
2180 2062 2305 2102 cum
2349 2047 2701 2111 adversariis,
2742 2048 2853 2102 vita
2887 2056 3073 2106 nostra
3114 2050 3167 2104 in
3212 2058 3359 2105 terra
3394 2066 3495 2120 pu-

1925 2153 2044 2209 gna:
2074 2138 2255 2193 navali
2283 2136 2481 2193 similis
2516 2146 2622 2192 est.
2654 2138 2790 2192 Nam
2813 2139 2859 2194 si
2890 2154 2988 2194 nos
3020 2140 3376 2205 voluerimus,
3401 2141 3495 2195 deo

1928 2244 2236 2299 mergemus
2285 2228 2637 2284 adversarios
2684 2230 2935 2285 oratione
2976 2232 3181 2296 cordis,
3221 2240 3276 2286 et
3313 2242 3495 2287 mente

1927 2318 1994 2372 ad
2020 2318 2186 2375 Deum
2221 2333 2510 2374 conversa.
2539 2318 2597 2374 Si
2634 2334 2761 2374 vero
2794 2320 3151 2388 uoluerimus,
3181 2337 3280 2376 nos
3309 2324 3496 2393 utique

1930 2416 2328 2482 demergemur.
2358 2411 2427 2466 Et
2452 2412 2497 2467 si
2519 2414 2585 2467 ab
2618 2412 2724 2466 illis
2753 2426 3144 2482 oppugnemur,
3192 2424 3491 2484 quantum-

1926 2501 2060 2558 libet
2099 2504 2355 2558 diuturna
2391 2502 2645 2571 aerisque
2687 2516 2865 2572 pugna
2914 2502 3008 2567 sit,
3044 2501 3181 2557 nihil
3241 2504 3492 2559 interest.

1926 2595 2138 2668 Jejunio
2170 2604 2379 2651 tantum
2416 2604 2473 2649 et
2501 2601 2754 2649 oratione
2781 2603 2994 2650 nosmet
3034 2596 3490 2660 eommuniamus,

1926 2698 1982 2743 et
2030 2697 2290 2758 tanquam
2333 2688 2524 2742 aranei
2575 2686 2738 2741 telam
2776 2686 2923 2756 ipsos
2975 2695 3031 2743 et
3085 2701 3275 2743 eorum
3341 2703 3495 2745 arma

1926 2781 2300 2837 concidemus.
2346 2780 2498 2847 Quod
2530 2780 2575 2834 si
2604 2779 2902 2835 secundum
2945 2779 3158 2834 Domini
3187 2779 3393 2834 dictum
3424 2778 3495 2845 ’⁸,

1928 2871 2125 2926 alicubi
2167 2872 2276 2927 sint
2299 2871 2405 2925 duo
2437 2870 2521 2925 vel
2563 2881 2698 2936 tres,
2756 2885 2853 2925 cor
2891 2870 3173 2935 nimirum,
3222 2884 3398 2938 mens,
3439 2880 3495 2929 et

1849 2984 1897 3048 ρ
1928 2964 2133 3028 anima,
2158 2963 2209 3018 si
2241 2962 2403 3017 modo
2432 2962 2814 3018 consenserint
2842 2963 2987 3017 intra
3025 2961 3167 3016 illius
3198 2971 3497 3032 praecepto-

1931 3072 2050 3112 rum
2083 3057 2219 3112 fines
2246 3056 2571 3120 consistere,
2603 3056 2868 3111 Dominus
2905 3054 3190 3109 nobiscum
3228 3065 3333 3109 est.

2001 3148 2049 3179 ⁷⁸
2082 3145 2182 3213 Qui
2224 3154 2421 3201 cuncta
2452 3160 2576 3214 qua:
2610 3145 2751 3200 Deus
2783 3144 2916 3201 facit
2972 3146 3237 3214 cogitant,
3278 3154 3333 3199 et
3378 3159 3500 3214 quae

1932 3232 2091 3288 docet
2126 3230 2357 3297 faciunt,
2386 3230 2695 3289 nullatenus
2718 3233 3027 3289 doctrinam
3054 3232 3172 3301 ejus
3215 3242 3497 3305 transgre-

1931 3324 2174 3380 diuntur.
2214 3321 2390 3376 Porta
2420 3336 2553 3377 vero
2579 3324 2906 3390 sapientium
2940 3334 3066 3378 sunt
3101 3326 3355 3393 practice:
3384 3326 3498 3379 vir-

1932 3425 2097 3481 tutes,
2121 3423 2176 3469 et
2202 3410 2400 3466 mentis
2422 3413 2835 3483 contemplatio,
2877 3429 2975 3484 per
3006 3429 3142 3484 quas
3193 3415 3494 3486 ingreditur

1930 3506 2195 3577 sapientia
2228 3506 2343 3564 Dei.
2379 3506 2535 3562 Haud
2567 3520 2729 3575 porro
2761 3506 3036 3561 declinant
3084 3507 3199 3561 sive
3244 3507 3499 3561 dextror-

1930 3614 2050 3654 sum
2081 3599 2196 3654 sive
2232 3599 2635 3659 sinistrorsum.
2665 3599 2794 3669 quia
2842 3612 2902 3654 se
2951 3605 3205 3667 reputant
3246 3597 3394 3653 velut
3442 3598 3496 3653 in

1932 3691 2298 3749 tribunalibus
2330 3693 2565 3757 versari,
2597 3691 2687 3746 ubi
2720 3690 2787 3745 de
2809 3700 2960 3745 recto
2983 3699 3038 3745 et
3072 3704 3242 3758 pravo
3278 3700 3499 3746 conten-

1932 3784 2103 3840 ditur.
2134 3784 2202 3839 Et
2229 3793 2433 3840 rectum
2476 3784 2695 3855 quidem
2748 3792 2988 3850 tuentur,
3039 3798 3267 3853 pravum
3313 3792 3500 3839 autem

1934 3876 2225 3944 repellunt.

2004 3967 2049 3999 ⁸ο
2087 3967 2156 4022 lis
2185 3966 2277 4037 qui
2325 3965 2520 4021 nolunt
2570 3964 2671 4022 sub
2706 3965 2801 4021 Dei
2843 3966 3113 4037 sapientia
3160 3966 3501 4036 scientiaque

1932 4058 2162 4126 erudiri,
2211 4074 2312 4128 per
2362 4059 2702 4128 ingruentem
2734 4071 2965 4114 mortem
2999 4059 3214 4114 obviam
3246 4059 3306 4114 fit
3343 4070 3503 4115 aeter-

1938 4166 2040 4205 nus
2078 4151 2238 4206 Deus.
2266 4150 2476 4205 Excors
2504 4158 2609 4215 est,
2656 4150 2770 4221 qui,
2806 4161 3022 4221 gustata
3058 4149 3326 4220 sapientia
3381 4149 3501 4214 Dei,

1936 4245 2130 4300 deinde
2159 4245 2263 4299 hac
2297 4245 2522 4311 omissa,
2553 4243 2803 4300 stultitiae
2826 4245 3068 4299 adhaeret
3103 4259 3119 4298 :
3155 4257 3329 4313 quare
3360 4252 3414 4296 et
3447 4243 3502 4297 in

261 4313 515 4380 συνάξει·
549 4313 628 4367 διὸ
653 4314 747 4368 καὶ
776 4315 1136 4369 συναπέθανεν
1169 4317 1289 4378 ταῖς
1324 4314 1648 4385 ἁμαρτίαις·
1691 4316 1740 4367 εί
1772 4313 1826 4367 δὲ

1937 4337 2176 4407 peccatis
2207 4336 2461 4392 moritur.
2484 4334 2638 4404 Quod
2684 4335 2730 4390 si
2779 4336 3038 4391 virtutem
3066 4334 3306 4405 nequitia
3332 4333 3505 4387 demi-

258 4402 462 4477 ἀρετὴν
488 4404 701 4475 ἡκακία
727 4408 886 4474 μειοῖ,
905 4406 997 4459 καὶ
1016 4405 1113 4478 τὴν
1133 4404 1327 4458 κακίαν
1346 4406 1582 4477 δηλονότι
1604 4407 1637 4476 ή
1663 4404 1826 4478 ἀρετὴ

1937 4402 2076 4495 nuit,
2112 4429 2356 4500 profecto
2388 4402 2683 4498 nequitiam
2706 4442 2929 4500 quoque
2965 4429 3086 4484 vice
3124 4402 3281 4482 versa
3328 4428 3503 4482 virtus

257 4494 577 4567 διαφθείρει·
606 4494 762 4548 τοῦτο
790 4495 845 4550 δὲ
872 4498 1159 4569 γενήσεται
1201 4498 1257 4549 ἐν
1278 4494 1357 4567 τῷ
1384 4496 1627 4567 μέλλοντι
1650 4496 1827 4560 αἰῶνι,

258 4588 367 4650 ἓως
398 4587 462 4640 ἂν
495 4588 689 4660 ἐκλίπῃ
714 4590 749 4659 ὴ
773 4589 957 4642 κακία·
984 4588 1042 4641 τὸ
1065 4589 1173 4658 γὰρ
1198 4587 1680 4660 ὲμμολυνθήσεται,
1709 4589 1830 4643 ἀντὶ

256 4678 377 4741 τοῦ,
403 4679 847 4752 διαφθαρήσεται·
865 4679 1231 4753 διαφθείρεται
1248 4680 1303 4734 δὲ
1320 4681 1352 4751 ἡ
1368 4681 1694 4753 ἀκαθαρσία,
1711 4682 1829 4752 ἦτοι

260 4773 371 4827 ὑπὸ
396 4772 725 4843 πρακτικῆς,
754 4772 788 4844 ἢ
812 4772 915 4827 ὑπὸ
946 4772 1197 4845 δριμείας
1226 4771 1519 4839 κολάσεως.

335 4877 613 4949 Χρηστέον
628 4878 801 4947 τούτῳ
821 4877 899 4949 τῷ
924 4876 1071 4950 ρητῷ
1092 4876 1228 4949 πρὸς
1248 4878 1374 4941 τοὺς
1398 4878 1830 4946 καταξιωθέντας

258 4967 415 5028 θείας
453 4966 739 5035 γνώσεως,
785 4967 873 5021 ἵνα
926 4967 1000 5039 μὴ
1043 4966 1284 5037 ἀμελῶσι
1324 4967 1423 5037 τῆς
1464 4967 1827 5036 διδασκαλίας,

257 5058 474 5113 πολλῶν
514 5058 875 5129 ἀπαγομένων
916 5059 1022 5112 ὑπὸ
1063 5060 1163 5131 τῆς
1203 5062 1399 5125 κακίας
1442 5063 1523 5125 εἰς
1564 5061 1788 5117 θάνατον
1813 5080 1825 5091 ·

255 5152 389 5213 τοὺς
416 5149 471 5202 δὲ
498 5151 874 5221 κτεινομένους
899 5150 959 5216 ἐξ
981 5152 1217 5217 ἀκακίας
1244 5155 1323 5218 είς
1352 5153 1597 5218 θάνατον,
1619 5154 1693 5226 μὴ
1715 5156 1833 5224 φεί-

260 5259 333 5312 cm
367 5241 626 5313 πρίασθαι
647 5241 726 5313 τῷ
768 5243 881 5314 ἰδίῳ
912 5244 1130 5315 αἵματι·
1153 5245 1381 5317 ὲκπριοῦ
1409 5245 1525 5315 (16)
1543 5247 1621 5311 δὲ,
1656 5247 1833 5311 διδοὺς

257 5332 522 5403 χρήματα
560 5331 593 5403 ἢ
639 5331 796 5399 λόγον
836 5332 1107 5403 ὠφέλιμον
1131 5373 1146 5398 ,
1178 5333 1271 5387 ἐὰν
1306 5334 1364 5387 δὲ
1405 5334 1564 5409 εἴπῃς
1589 5337 1688 5389 οὐκ
1714 5331 1833 5389 οἶδα

257 5421 478 5485 τοῦτον,
516 5421 724 5492 ἐλέγξει
758 5440 816 5476 σε
838 5423 1182 5495 ψευδόμενον,
1209 5425 1301 5479 καὶ
1327 5426 1426 5499 ἔσῃ
1452 5426 1631 5497 ἔνοχος
1657 5427 1830 5491 δυσὶν,

258 5515 433 5585 ἡγουν
467 5514 654 5586 ψεύδει
673 5517 768 5570 καὶ
791 5516 934 5587 φόνῳ
957 5533 970 5546 ·
1013 5519 1042 5570 ὁ
1070 5516 1178 5588 γὰρ
1209 5518 1420 5582 πλάσας
1452 5520 1638 5589 πνοὴν,
1668 5518 1831 5584 αὐτὸς

342 5630 389 5662 τι
424 5646 474 5683 ν.
504 5633 558 5686 5.
636 5633 680 5665 ’⁷
713 5647 764 5687 v.
797 5634 852 5690 6.
932 5636 977 5668 "
999 5636 1189 5692 Matth.
1225 5653 1383 5703 xvm,
1420 5638 1511 5696 20.

339 5720 453 5795 (16)
498 5723 797 5793 Ἐκπριοῦ.
832 5726 992 5782 Forte
1024 5728 1249 5800 ἐκπρίω.
1288 5729 1445 5786 Eutr.
1499 5736 1723 5788 Ρλτιιυι..

1934 4521 2185 4589 dissipat.
2220 4519 2334 4576 Hoc
2374 4530 2558 4575 autem
2597 4520 2692 4575 fiet
2720 4520 2773 4575 in
2810 4520 2991 4574 futuro
3024 4518 3247 4584 saeculo,
3268 4534 3381 4589 quo
3405 4534 3503 4574 ne-

1933 4612 2117 4677 quitiae
2160 4613 2288 4667 linis
2336 4612 2664 4683 imponetur.
2731 4616 2774 4647 ⁸⁸
2822 4610 3068 4681 Namque
3124 4610 3501 4680 inquinahitur

1933 4703 2068 4758 dixit
2095 4717 2195 4773 pro
2234 4702 2614 4772 dissipabitur.
2656 4703 2961 4772 Dissipatur
2984 4718 3118 4758 vero
3156 4702 3497 4758 immunditia

1934 4795 2019 4851 vel
2045 4796 2284 4866 practica
2312 4796 2532 4861 virtute,
2566 4796 2651 4852 vel
2680 4797 2878 4851 acerba
2911 4795 3214 4863 punitione.

2003 4888 2049 4919 ⁸⁸
2076 4887 2348 4943 Utendum
2374 4896 2458 4942 est
2493 4888 2599 4943 hoc
2650 4888 2797 4942 dicto
2829 4887 3094 4942 adversus
3123 4900 3219 4942 eos
3255 4887 3346 4957 qui
3377 4894 3505 4943 sunt

1936 4977 2114 5049 adepti
2155 4979 2352 5034 divinae
2396 4979 2643 5035 scientiae
2675 4978 3020 5044 beneficium,
3068 4979 3362 5049 quominus
3387 4994 3507 5033 sus-

1937 5080 2153 5142 ceptam
2186 5072 2490 5127 doctrinam
2539 5072 2839 5143 negligant,
2864 5072 3123 5140 quoniam
3157 5071 3309 5126 multi
3335 5086 3365 5125 a
3394 5087 3508 5126 ma-

1937 5161 2053 5218 litia
2081 5163 2133 5218 in
2172 5173 2406 5219 mortem
2451 5164 2713 5235 pertracti
2759 5163 3001 5219 fuerunt.
3044 5165 3114 5218 At
3143 5163 3262 5219 illos
3287 5162 3381 5233 qui
3423 5163 3508 5218 in-

1940 5262 2128 5309 sontes
2159 5254 2226 5309 ad
2255 5268 2443 5310 necem
2476 5255 2772 5321 ducuntur,
2800 5269 2867 5309 ne
2892 5268 3090 5308 renuas
3116 5253 3340 5323 preprio
3379 5267 3508 5308 san-

1937 5341 2101 5410 guine
2153 5341 2459 5398 redimere:
2489 5343 2699 5399 redime
2746 5344 2939 5399 saltem
2980 5344 3103 5399 data
3138 5342 3386 5413 pecunia,
3418 5340 3503 5395 vel

1937 5430 2055 5486 utili
2105 5432 2398 5488 verborum
2444 5434 2773 5504 patrocinio.
2826 5433 2980 5503 Quod
3027 5434 3072 5488 si
3120 5432 3350 5497 dixeris,
3385 5432 3502 5487 Non

1937 5524 2061 5578 novi
2097 5524 2264 5590 hunc,
2298 5526 2550 5595 argueris
2587 5527 2857 5584 mendacii
2892 5543 2908 5595 ;
2953 5526 3171 5597 erisque
3210 5521 3504 5595 dupliciter

1594 5640 1640 5673 ’θ
1675 5655 1729 5695 v.
1768 5641 1820 5696 7.
1896 5642 2014 5699 “v.
2039 5641 2091 5698 8.
2169 5644 2214 5676 ⁸¹
2260 5659 2313 5701 v.
2354 5645 2407 5700 9.
2477 5647 2522 5679 "
2576 5647 2753 5702 v.11.
