3888 6214
413 264 523 321 287

1304 256 1871 317 SUPPLEMENTUM
1910 258 2002 314 AD
2032 256 2370 316 ORIGENIS
2408 257 2830 317 EXEGETICA.

3570 261 3684 318 τοι

417 401 547 443 reus
578 383 722 439 etde
751 379 887 438 laiso
909 389 966 435 et
997 380 1065 435 de
1082 378 1412 436 homicidio.
1443 377 1574 434 Nam
1606 380 1699 451 qui
1729 380 1858 435 fecit
1880 379 1993 447 spi-

2107 372 2205 433 οἶδε
2232 378 2410 432 πάντα
2446 379 2547 432 ὅσα
2587 377 2910 432 ἀποδίδωσιν
2954 375 3171 449 ἑκάστῳ
3207 376 3352 433 κατά
3386 377 3451 433 τδ
3488 379 3641 434 ποιόν
3666 389 3683 405 ⁹

415 479 606 543 ritum,
638 476 686 531 is
724 474 876 529 novit
906 472 1116 543 singula
1149 485 1272 541 qua
1304 470 1535 540 singulis
1560 472 1733 535 dedit,
1766 486 1869 540 pro
1895 486 1997 526 cu-

412 572 612 638 jusque
656 566 942 637 qualitate,
973 566 1180 620 bonum
1228 562 1392 630 bono,
1455 565 1599 619 malo
1649 564 1815 619 mala.
1859 564 1996 619 Nam

416 662 561 729 quod
603 675 709 715 non
738 657 1038 713 secundum
1069 656 1435 725 quantitatem
1478 654 1741 724 cujusque
1773 656 1883 721 det,
1910 670 1999 725 pa-

419 764 496 811 tet
524 772 541 808 :
572 754 694 809 Non
729 754 867 807 enim
899 762 1019 807 sunt
1051 752 1330 821 condigna:
1358 752 1635 821 passiones
1661 752 1825 821 hujus
1860 760 1995 806 tem-

414 852 558 920 poris
587 849 656 903 ad
688 848 924 918 futuram
965 845 1193 916 gloriam
1220 845 1290 901 ⁸³.
1319 844 1475 912 Quod
1525 846 1571 900 si
1620 846 1744 915 quis
1796 859 1997 900 secun-

415 944 545 996 dum
596 940 960 1011 quantitatem
1015 936 1321 1003 intelligere
1364 937 1538 1003 malit,
1589 952 1689 1007 pro
1742 938 1996 1008 portione

416 1036 613 1089 virium
644 1032 912 1103 cujusque
946 1029 1362 1086 retributionem
1396 1031 1512 1085 fieri
1545 1031 1826 1085 existimet
1858 1049 1873 1083 :
1916 1030 1998 1085 sin

417 1138 509 1182 cut
533 1128 700 1182 etiam
744 1123 981 1195 Spiritus
1005 1123 1344 1179 charismata
1378 1138 1478 1194 pro
1516 1122 1643 1178 ﬁdei
1675 1132 1793 1176 rata
1842 1132 1999 1193 parte

416 1221 637 1275 dantur.

488 1311 536 1344 “
557 1310 660 1365 Mel
700 1308 959 1375 comedit,
994 1308 1088 1379 qui
1130 1322 1160 1363 a
1185 1307 1386 1363 divinis
1408 1308 1710 1379 Scripturis
1749 1308 1996 1379 juvatur.

419 1410 524 1479 Qui
558 1419 741 1463 autem
786 1408 854 1462 ab
877 1406 1012 1475 ipsis
1050 1404 1301 1460 extundit
1329 1403 1491 1460 factis
1519 1404 1821 1469 doctrinas,
1850 1405 1998 1459 unde

416 1502 722 1557 hauserunt
762 1499 938 1555 sancti
984 1496 1263 1569 propheta:
1300 1505 1357 1552 et
1409 1496 1640 1567 apostoli
1685 1496 1876 1566 agendi
1943 1504 1999 1551 et

420 1594 647 1649 docendi
705 1593 998 1657 rationem,
1061 1590 1153 1645 hic
1217 1587 1400 1643 favum
1450 1588 1707 1643 comedit.
1768 1587 1833 1642 Et
1890 1587 1996 1642 mel

417 1686 636 1756 quidem
678 1682 967 1737 comedere
1003 1680 1208 1750 cuique
1238 1678 1445 1733 volenti
1485 1689 1749 1749 prastat;
1784 1679 1877 1734 sed
1909 1677 1995 1733 fa-

418 1794 567 1843 vum,
601 1775 817 1831 nonnisi
846 1774 1083 1829 mundus
1104 1772 1272 1828 homo
1302 1780 1500 1840 potest.
1537 1771 1632 1826 Vel
1664 1771 1767 1825 mel
1806 1771 1994 1825 dicen-

420 1870 547 1923 dum
581 1878 664 1923 est
691 1867 1008 1935 allegoriam
1035 1879 1195 1931 esse;
1230 1866 1411 1919 favum
1449 1872 1652 1928 autem,
1682 1878 1807 1919 eam
1834 1877 1995 1931 quam

420 1960 651 2013 dicimus
683 1956 1110 2027 speculationem
1150 1961 1208 2009 et
1251 1954 1683 2025 indagationem,
1723 1967 1846 2022 quae
1895 1953 1997 2008 ha-

420 2051 549 2106 bent
577 2050 968 2105 abstrusiorem
995 2062 1214 2103 sensum
1255 2055 1311 2102 et
1356 2045 1817 2116 profundiorem:
1855 2044 1999 2100 inest

420 2144 564 2198 enim
600 2143 725 2197 favo
755 2142 881 2196 mel.
918 2140 1118 2196 Guttur
1173 2140 1308 2195 dicit
1340 2138 1766 2206 talimentariam
1799 2138 1999 2192 anima:

421 2234 759 2300 facultatem,
792 2233 842 2286 vi
876 2231 1033 2300 cujus
1068 2231 1176 2285 cibi
1208 2230 1262 2284 in
1291 2236 1539 2283 ventrem
1579 2228 1897 2282 mittuntur.
1937 2226 1996 2283 Si

420 2341 552 2395 ergo
595 2326 713 2380 haec
759 2334 907 2380 recte
951 2321 1322 2387 constitueris,
1376 2330 1433 2375 et
1479 2335 1601 2390 quae
1643 2320 1710 2374 ad
1755 2329 1997 2375 mentem

420 2420 700 2489 pertinent
732 2428 786 2471 et
818 2429 938 2485 quae
988 2415 1056 2468 ad
1111 2413 1539 2481 indagationem,
1593 2419 1756 2465 erunt
1790 2409 1884 2464 tibi
1930 2424 1994 2465 ex

421 2510 702 2579 sapientia:
754 2522 920 2563 sensu
969 2505 1237 2574 sapientia
1286 2507 1401 2573 ipsa
1450 2504 1725 2572 dogmata.
1779 2500 1915 2556 Nam
1952 2502 1996 2557 si

421 2605 704 2658 inveneris
731 2599 1031 2671 spiritalem
1080 2599 1380 2669 Scriptura;
1423 2611 1670 2661 sensum,
1712 2594 1855 2649 bona
1899 2594 1999 2648 tibi

420 2698 699 2765 continget
727 2709 896 2759 mors,
926 2702 990 2746 ut
1010 2691 1198 2746 dicas:
1230 2687 1476 2743 Pretiosa
1502 2689 1558 2742 in
1586 2696 1865 2755 conspectu
1893 2684 2003 2739 Do-

2096 468 2299 538 ἀγαθδν
2323 469 2533 540 ἀγαθῷ,
2563 470 2658 523 καὶ
2682 467 2906 540 πονηρῷ
2927 469 3142 540 πονηρά
3164 485 3183 501 ο
3210 468 3292 523 ὅτι
3318 468 3427 541 γάρ
3454 470 3514 523 οὐ
3540 469 3684 524 κατά

2096 564 2159 616 τὸ
2198 563 2366 616 ποσὸν
2388 604 2403 627 ,
2436 562 2596 634 δῆλον
2622 580 2635 594 ο
2669 564 2753 616 Οὐ
2790 562 2899 631 γὰρ
2944 560 3084 627 ἄξια
3123 562 3197 616 τὰ
3236 562 3551 632 παθήματα
3576 563 3685 617 τοῦ

2097 653 2215 707 νῦν
2241 653 2450 721 καιροῦ
2476 653 2629 723 πρὸς
2656 652 2773 722 τὴν
2790 654 3151 723 μέλλουσαν
3178 654 3369 719 δόξαν
3385 671 3401 686 ο
3431 658 3477 709 εἰ
3508 656 3565 709 δὲ
3589 656 3684 711 καὶ

2098 744 2192 799 ἐπὶ
2232 744 2402 798 ποσοῦ
2443 762 2531 809 τις
2572 744 2821 799 ἐκλαϐεῖν
2858 745 3032 799 ἐθέλοι
3054 786 3069 812 ,
3122 750 3244 800 κατ’
3270 747 3559 817 ἀναλογίαν
3585 748 3683 819 τῆς

2097 838 2329 892 ἑκάστου
2378 838 2664 909 δυνάμεως
2708 839 2808 911 τὴν
2851 839 3201 893 ἀνταπόδοσιν
3232 841 3426 894 οἰέσθω
3445 858 3460 871 ·
3488 840 3563 905 ὡς
3589 841 3685 895 καὶ

2097 931 2166 983 τὰ
2214 929 2309 983 τοῦ
2357 930 2674 1001 Πνεύματος
2722 932 3037 1003 χαρίσματα
3086 933 3209 986 κατ’
3252 932 3542 1002 ἀναλογίαν
3580 933 3685 1005 τῆς

2098 1022 2344 1087 πίστεως
2371 1023 2599 1078 δίδοται.

2182 1291 2379 1345 Ἐσθίει
2408 1291 2530 1363 μέλι
2569 1294 2598 1347 ὁ
2628 1292 2735 1346 ἀπὸ
2766 1292 2874 1347 τῶν
2912 1291 3075 1345 θείων
3109 1292 3341 1364 Γραφῶν
3372 1293 3685 1365 ὠφελούμε-

2098 1403 2188 1449 νος
2211 1405 2222 1417 ·
2256 1389 2285 1439 ὁ
2311 1386 2368 1439 δὲ
2396 1386 2491 1440 ἀπ’
2517 1386 2699 1440 αὐτῶν
2742 1385 3021 1441 ἐκϐάλλων
3052 1385 3162 1439 τῶν
3192 1388 3533 1457 πραγμάτων
3557 1388 3684 1452 τοὺς

2098 1479 2311 1548 λόγους,
2344 1478 2437 1548 ἀφ’
2461 1472 2536 1531 ὧν
2566 1478 2851 1550 εἰλήφασιν
2878 1478 3023 1547 ἀγιοι
3048 1480 3327 1550 προφῆται
3353 1480 3447 1531 καὶ
3471 1479 3521 1531 οἱ
3548 1478 3686 1532 ἀπό-

2099 1570 2274 1623 στολοι
2298 1611 2313 1634 ,
2346 1571 2404 1623 tv
2440 1569 2519 1641 τῷ
2553 1571 2731 1623 ποιεῖν
2770 1586 2827 1621 τε
2871 1570 2967 1621 καὶ
3000 1568 3272 1622 διδάσκειν
3295 1607 3311 1633 ,
3353 1567 3556 1640 τρώγει
3582 1584 3685 1640 κη-

2103 1663 2215 1736 ρίον
2239 1683 2252 1695 ·
2294 1664 2390 1717 καὶ
2417 1665 2479 1717 τὸ
2525 1665 2622 1736 μὲν
2657 1663 2779 1735 μέλι
2809 1666 3003 1733 φαγεῖν
3023 1705 3036 1728 ,
3071 1662 3164 1715 τοῦ
3193 1661 3514 1733 βουλομένου
3543 1678 3684 1716 παν-

2030 1736 2071 1791 Β
2096 1758 2189 1821 τός
2212 1774 2224 1786 ³
2261 1759 2321 1811 τὸ
2354 1758 2411 1810 δὲ
2440 1758 2632 1830 κηρίον
2653 1797 2667 1821 ,
2722 1758 2885 1828 μόνου
2913 1756 3008 1809 τοῦ
3037 1755 3280 1827 καθαροῦ
3301 1771 3315 1784 ⁶
3362 1756 3394 1825 ἢ
3431 1756 3525 1808 καὶ
3562 1751 3685 1825 μέλι

2100 1848 2289 1921 ῥητέον
2326 1847 2423 1919 τὴν
2455 1848 2785 1918 ἀλληγορίαν
2808 1866 2821 1879 ·
2868 1848 3057 1919 κηρίον
3095 1847 3181 1910 δὲ,
3219 1848 3318 1917 τὴν
3360 1847 3531 1918 ῥητὴν
3561 1846 3681 1899 trti—

2099 1937 2289 2007 σκεψιν
2317 1938 2411 1991 καὶ
2443 1938 2684 2008 ἱστορίαν
2707 1977 2723 2002 ,
2755 1938 2891 2009 πρὸς
2930 1938 2991 1991 τὸ
3025 1936 3170 2006 ἔχειν
3208 1936 3299 1989 τὸν
3326 1936 3681 2005 ἀποκεκρυμ-

2101 2032 2259 2103 μένον
2299 2029 2424 2083 νοῦν
2469 2030 2565 2083 καὶ
2611 2028 2906 2102 βαθύτερον
2931 2070 2947 2094 ,
2998 2030 3173 2083 ἔνεστι
3221 2028 3329 2099 γὰρ
3376 2027 3455 2098 τῷ
3503 2030 3682 2100 κηρίῳ

2101 2123 2222 2193 μέλι
2243 2137 2261 2153 ο
2291 2124 2549 2195 φάρυγγα
2573 2123 2630 2177 δὲ
2654 2123 2754 2194 τὴν
2771 2122 3070 2195 θρεπτικὴν
3099 2122 3199 2193 τῆς
3227 2119 3406 2190 ψυχῆς
3428 2119 3681 2191 δύναμιν,

2097 2218 2163 2271 δι’
2186 2213 2253 2289 ἦς
2280 2218 2337 2270 αἱ
2358 2217 2556 2286 τροφαὶ
2587 2216 3051 2288 παραπέμπονται
3072 2217 3153 2278 είς
3178 2212 3275 2284 τὴν
3304 2212 3513 2267 κοιλίαν
3536 2231 3550 2244 ·
3584 2213 3682 2267 ἐὰν

2095 2306 2190 2363 οὖν
2214 2308 2385 2362 ταῦτα
2419 2308 2772 2379 κατορθώσῃς
2793 2347 2808 2373 ,
2847 2307 2917 2360 τά
2943 2322 3003 2358 τε
3031 2304 3173 2358 κατὰ
3194 2304 3449 2367 διάνοιαν,
3483 2303 3579 2356 καὶ
3610 2303 3684 2358 τά

2096 2400 2216 2454 καθ’
2248 2399 2518 2470 ἱστορίαν,
2559 2398 2773 2452 ἔσονταί
2804 2415 2885 2451 σοι
2914 2396 3159 2467 αἰσθήσει
3183 2394 3283 2464 τῆς
3323 2394 3515 2464 σοφίας
3540 2394 3686 2451 αὐτὰ

2096 2492 2166 2546 τὰ
2207 2491 2349 2562 σοφὰ
2377 2492 2656 2561 δόγματαο
2702 2488 2798 2542 ὲάν
2832 2489 2942 2560 γὰρ
2973 2487 3142 2558 εὕρῃς
3184 2486 3275 2540 τὸν
3313 2484 3684 2557 πνευματικὸν

2097 2586 2198 2655 τῆς
2217 2584 2441 2656 Γραφῆς
2459 2583 2603 2647 νοῦν,
2624 2582 2777 2635 ἔσται
2797 2580 2934 2650 καλή
2957 2583 2989 2652 ἡ
3011 2579 3235 2650 τελευτή
3261 2595 3376 2642 σου,
3394 2578 3471 2640 ὼς
3490 2577 3685 2651 λεχθῆ·

2098 2695 2185 2732 ναι
2205 2694 2219 2707 ο
2253 2678 2448 2747 Τίμιος
2467 2674 2747 2730 ἐναντιον
2764 2674 2988 2742 Κυρίου
3010 2675 3042 2725 ό
3063 2670 3319 2737 θάνατος
3351 2669 3469 2722 τῶν
3497 2671 3686 2723 ὁσίων

419 2789 550 2843 mini
604 2803 746 2841 mors
788 2793 1093 2841 sanctorum
1139 2787 1254 2855 ejus
1294 2782 1366 2838 ⁸⁸.
1398 2779 1513 2837 Nec
1543 2795 1674 2837 vero
1706 2780 1773 2836 de
1800 2777 1999 2834 futuris

2107 2771 2285 2826 αὐτοῦ
2307 2788 2324 2804 ο
2352 2770 2452 2823 οὐκ
2477 2768 2770 2831 ἀποϐαλεῖς
2796 2766 2854 2820 δὲ
2884 2766 2984 2835 τὴν
3014 2768 3093 2829 είς
3121 2764 3183 2818 τὸ
3214 2762 3405 2836 μέλλον
3433 2762 3647 2815 ἐλπίδα.

420 2896 569 2950 spem
612 2879 857 2949 abjicies.

492 2972 539 3004 “
567 2970 644 3026 Ne
685 2970 949 3041 prtul‘eras
981 2968 1259 3025 diabolum
1312 2968 1542 3039 jnstitia:
1588 2965 1706 3032 Dei,
1738 2979 1845 3034 qua
1874 2976 2001 3017 san-

2170 2952 2262 3027 Μὴ
2281 2949 2623 3023 προτιμήσῃς
2639 2949 2732 3003 τὸν
2752 2946 2996 3001 διάϐολον
3015 2945 3117 3016 τῆς
3135 2943 3231 2998 τοῦ
3250 2942 3384 2997 Θεοῦ
3406 2943 3685 2998 δικαιοσύ-

421 3065 493 3121 cti
522 3072 841 3136 pascuntur.
875 3062 1060 3133 Neque
1091 3037 1418 3123 ludiﬁceris.
1452 3069 1511 3114 ut
1538 3059 1727 3114 stultis
1755 3054 2001 3111 mortife-

2107 3063 2199 3118 νης
2219 3086 2233 3109 ,
2266 3045 2332 3116 ἣν
2362 3046 2410 3097 oi
2448 3044 2648 3097 δίκαιοι
2685 3038 3037 3112 νομεῦονταν
3087 3039 3221 3111 μηδὲ
3252 3037 3536 3109 ἀπατηθῇς
3569 3057 3688 3109 μω-

420 3161 604 3230 risque
631 3157 890 3213 doctrinis
930 3171 1024 3211 cor
1059 3165 1231 3222 tuum,
1270 3155 1414 3224 quod
1449 3152 1663 3207 ventris
1696 3153 1865 3204 instar
1888 3157 1997 3215 est,

421 3264 657 3309 satures.
693 3280 765 3291 —
790 3248 869 3305 Ne
904 3248 1203 3317 voluptatis
1232 3263 1395 3301 causa
1430 3248 1595 3301 Deum
1646 3242 1996 3314 prodideris:

418 3344 510 3401 hic
538 3345 682 3398 enim
709 3342 887 3413 juslos
921 3342 1113 3413 pascit,
1148 3355 1325 3411 neque
1365 3351 1419 3394 te
1459 3337 1821 3407 derelinquet.

492 3436 537 3468 ⁸⁷
567 3437 778 3491 Avertit
825 3436 967 3490 Deus
1009 3437 1148 3489 iram
1192 3447 1346 3488 suam
1377 3432 1445 3486 ab
1473 3446 1537 3486 eo
1568 3430 1659 3499 qui
1699 3430 1865 3494 cadit,
1897 3427 1999 3481 mi-

420 3539 600 3585 sertus
630 3527 793 3599 ejus:
845 3526 1102 3582 irascitur
1148 3533 1328 3578 autem
1379 3523 1427 3576 ei
1468 3521 1559 3591 qui
1601 3520 1881 3575 extollitur
1929 3519 2000 3575 ob

421 3623 636 3692 lapsum
685 3622 890 3677 inimici
938 3622 1043 3676 sui.
1110 3619 1368 3688 Quisquis
1410 3617 1556 3671 enim
1615 3617 1683 3671 de
1737 3625 1999 3686 pereunte

422 3718 599 3770 anima
649 3712 869 3785 gaudet,
917 3712 1114 3768 similis
1172 3711 1388 3767 diabolo
1427 3719 1531 3775 est,
1584 3708 1676 3778 qui
1720 3723 1826 3761 non
1882 3704 1999 3759 vult

421 3825 610 3864 omnes
640 3810 884 3863 homines
929 3806 1112 3861 salvos
1163 3805 1306 3868 fieri,
1340 3816 1520 3871 neque
1551 3801 1618 3854 ad
1661 3800 1995 3871 agnitionem

420 3902 669 3957 veritatis
717 3902 925 3954 venire.
959 3896 1094 3951 Nam
1126 3905 1181 3951 et
1215 3894 1477 3949 Dominus
1508 3892 1562 3945 in
1611 3890 1920 3961 Evangeliis
1948 3890 1996 3924 ⁸⁸

422 3991 717 4054 mandavit,
767 3996 825 4044 ut
854 4002 1075 4043 oremus
1113 3999 1214 4056 pro
1261 3981 1502 4040 inimicis
1549 3982 1773 4048 nostris,
1812 3990 1998 4049 utpote

422 4082 751 4139 hominibus.

491 4261 716 4319 Gladius
775 4256 1024 4330 spiritus,
1079 4254 1227 4327 quod
1281 4262 1369 4310 est
1424 4254 1651 4310 verbum
1699 4253 1832 4319 Dei,
1890 4266 1996 4306 non

420 4357 684 4423 carnalis,
725 4355 776 4409 id
814 4363 899 4409 est
935 4368 1041 4407 non
1076 4348 1399 4406 materialis.
1445 4348 1548 4415 Qui
1597 4347 1774 4402 victus
1806 4346 1854 4401 ei
1885 4356 1996 4400 tra-

2107 3138 2374 3213 ρολογίαις
2417 3136 2812 3206 θανατηφόροις
2858 3133 3120 3204 χορτάσαι
3166 3147 3261 3184 σου
3310 3131 3408 3203 τὴν
3454 3130 3687 3203 καρδίαν

2100 3250 2193 3285 σου
2220 3273 2234 3297 ,
2264 3232 2293 3285 ὃ
2325 3233 2440 3283 ἐστι
2467 3228 2663 3282 κοιλία.
2686 3258 2752 3268 -
2771 3226 2862 3298 Μὴ
2907 3226 3092 3279 ἕνεκεν
3120 3224 3313 3295 ἡδονῆς
3344 3222 3558 3294 προδῷς
3589 3223 3688 3277 τὸν

2099 3325 2231 3379 Θεόν
2254 3341 2268 3354 ’
2307 3317 2462 3387 οὗτος
2492 3322 2603 3393 γὰρ
2639 3320 2780 3391 νομὴ
2818 3319 3059 3385 δικαίου,
3098 3318 3191 3370 καὶ
3229 3317 3290 3369 οὐ
3333 3316 3406 3387 μὴ
3449 3319 3689 3384 ὲγκατα-

2098 3416 2157 3470 λε
2167 3417 2261 3489 ίψῃ
2296 3432 2377 3469 σε.

2183 3507 2542 3581 Ἀποστρέφει
2578 3508 2675 3579 μὲν
2707 3508 2735 3561 ὁ
2762 3505 2893 3569 Θεὸς
2919 3504 3010 3558 τὸν
3037 3502 3205 3575 θυμὸν
3231 3498 3397 3554 αὐτοῦ
3438 3498 3546 3551 ἀπὸ
3586 3496 3688 3550 τοῦ

2103 3602 2380 3664 πεσόντος,
2412 3601 2643 3672 ἐλεήσας
2670 3598 2828 3652 αὐτόν
2849 3614 2863 3627 ·
2889 3596 3170 3668 ὀργίζεται
3194 3592 3251 3645 δὲ
3282 3590 3360 3661 τῷ
3390 3589 3690 3661 ὲπαρθέντι

2102 3694 2192 3747 ἐπὶ
2216 3691 2292 3763 τῷ
2314 3690 2567 3762 πτώματι
2591 3690 2685 3743 τοῦ
2704 3687 2897 3759 ἐχθροῦ
2919 3685 3113 3739 αὐτοῦ’
3149 3684 3256 3745 πᾶς
3284 3680 3388 3752 γὰρ
3417 3680 3445 3732 ὁ
3479 3678 3692 3747 ἐπιχαί-

2103 3804 2212 3858 ρων
2239 3787 2329 3840 ἐπὶ
2361 3783 2704 3853 ἀπολλυμένῃ
2748 3782 2891 3852 ψυχῇ
2915 3819 2929 3843 ,
2956 3777 3141 3850 ὅμοιός
3180 3778 3298 3829 ἐστι
3332 3774 3412 3844 τῷ
3451 3770 3690 3842 διαϐόλῳ

2098 3882 2177 3953 τῷ
2224 3881 2297 3952 μὴ
2328 3879 2533 3933 θέλοντι
2569 3878 2776 3939 πάντας
2816 3871 3137 3944 ἀνθρώπους
3177 3867 3418 3937 σωθῆναι
3455 3864 3550 3919 καὶ
3600 3865 3688 3928 εἰς

2098 3974 2393 4041 ἐπίγνωσιν
2420 3969 2678 4040 ἀληθείας
2715 3965 2891 4020 ἐλθεῖν
2910 3982 2923 3995 ·
2958 3964 3054 4018 καὶ
3078 3961 3232 4032 γὰριό
3264 3959 3466 4030 Κύριος
3488 3959 3547 4010 tv
3568 3958 3689 4020 τοῖς

2099 4065 2453 4137 Εὐαγγελίοις
2468 4061 2891 4133 νενομοθέτηκεν
2912 4056 3167 4127 εὔχεσθαι
3182 4053 3323 4125 ὑπὲρ
3341 4050 3449 4105 τῶν
3472 4049 3691 4122 ἐχθρῶν

2100 4161 2133 4232 ή
2141 4160 2277 4232 μῶν,
2294 4159 2462 4229 ήγουν
2479 4154 2588 4208 τῶν
2616 4153 2712 4207 ἀνθ
2722 4151 2939 4225 ρώπων.

2178 4250 2242 4302 Ἦ
2283 4249 2525 4320 μάχαιρα
2550 4244 2658 4318 (17)
2696 4244 2752 4297 δὲ
2780 4241 2874 4295 τοῦ
2912 4239 3262 4311 πνεύματος,
3294 4236 3330 4305 ἦ
3372 4236 3489 4287 ἐστι
3533 4232 3689 4303 ῥῆμα

2098 4342 2232 4396 Θεοῦ
2253 4383 2266 4407 ,
2301 4342 2363 4395 οὐ
2401 4340 2628 4413 σαρκίνη
2651 4378 2664 4403 ,
2711 4337 2831 4390 ἀντὶ
2862 4334 2956 4389 τοῦ
3003 4335 3105 4387 οὐκ
3140 4329 3405 4401 αἰσθητή·
3450 4326 3509 4389 ὃς
3533 4324 3577 4377 δ’
3618 4324 3689 4378 ἂν

422 4452 601 4518 detur,
634 4454 994 4504 conterentur
1052 4446 1171 4516 ejus
1220 4458 1345 4500 ossa
1392 4442 1603 4512 pistillo
1651 4451 1906 4504 contusa,
1944 4447 1999 4493 et

2107 4436 2380 4509 παραδοθῇ
2427 4432 2659 4495 πταίσας
2708 4427 2887 4501 αὐτῷ,
2934 4424 3347 4497 συντριϐήσεται
3392 4418 3531 4472 ὀστᾶ
3581 4416 3689 4469 ὑπὸ

421 4542 547 4613 igne
572 4542 851 4595 combusta
903 4545 1253 4593 evanescent.
1283 4534 1402 4598 Vel,
1442 4533 1536 4604 qui
1573 4534 1823 4588 tradetur
1849 4533 1897 4587 ei
1927 4532 1995 4586 ad

421 4634 820 4704 pmnitentiam,
878 4640 1192 4685 conteretur
1257 4628 1426 4682 verbo
1499 4624 1785 4696 sapientia:
1853 4623 1997 4679 illius

422 4725 576 4794 quasi
608 4724 865 4786 triticum,
905 4731 963 4775 ut
1000 4720 1175 4776 dulcis
1217 4733 1284 4775 ex
1324 4733 1390 4774 eo
1430 4718 1587 4789 panis
1623 4716 1741 4771 fiat.
1766 4745 1836 4755 —
1864 4713 2002 4769 Cor-

424 4826 612 4887 ruptos
638 4824 693 4869 et
718 4824 1122 4870 veterascentes
1152 4813 1207 4868 in
1245 4810 1534 4869 desideriis
1580 4808 1787 4863 erroris
1819 4806 1999 4862 homi-

426 4924 558 4975 nes,
590 4907 860 4963 consumit
902 4907 994 4960 Dei
1041 4906 1254 4976 gladius
1298 4904 1467 4958 exitio
1495 4902 1851 4957 internecivo.
1880 4897 1997 4965 Vel,

424 5001 706 5055 venientes
744 5013 812 5051 ex
861 4997 1149 5067 iniquitate
1188 4997 1255 5050 ad
1294 4994 1387 5049 Dei
1438 4994 1770 5064 agnitionem
1823 4989 1998 5043 homi-

426 5107 546 5159 nes,
572 5106 739 5162 usque
767 5090 831 5145 ad
858 5104 1053 5144 nervos
1084 5085 1454 5143 consumendo
1480 5093 1673 5156 purgat
1697 5083 1880 5153 pravis
1911 5096 2002 5135 ac-

430 5185 615 5251 tibus;
656 5194 713 5237 ut
744 5183 1079 5251 deponentes
1132 5189 1372 5233 veterem
1422 5176 1720 5237 hominem,
1776 5173 2004 5226 induant

429 5294 629 5336 novum
659 5287 901 5333 creatum
931 5273 1229 5328 secundum
1272 5272 1484 5326 Deum:
1521 5267 1613 5340 qui
1641 5267 1861 5339 quidem
1896 5281 2002 5320 non

2104 4529 2306 4601 ὑπέρου
2356 4525 2710 4596 τυπτόμενα’
2764 4523 2858 4576 καὶ
2915 4517 3344 4589 ἀφανισθήσεται
3397 4513 3531 4566 ὀστᾶ
3581 4510 3690 4564 ὑπὸ

2105 4622 2276 4693 πυρὸς
2322 4618 2697 4690 καυσούμενα·
2743 4615 2777 4687 ἦ
2822 4615 2883 4678 ὃς
2915 4614 2958 4666 δ’
2987 4612 3053 4667 ἂν
3092 4608 3369 4682 παραδοθῇ
3413 4605 3561 4676 αὐτῷ
3605 4607 3691 4668 είς

2109 4716 2412 4785 μετάνοιαν,
2438 4710 2853 4783 συντριϐήσεται
2885 4705 2963 4778 τῷ
2990 4705 3133 4774 λόγῳ
3167 4702 3266 4771 τῆς
3298 4699 3488 4768 σοφίας
3516 4693 3686 4750 αὑτοῦ

2105 4808 2179 4870 ὡς
2210 4810 2381 4870 σῖτος,
2410 4807 2489 4868 είς
2521 4802 2583 4857 τὸ
2620 4800 2872 4872 γενέσθαι
2906 4797 3066 4851 αὐτὸν
3101 4795 3228 4866 ἡδὺν
3263 4787 3689 4862 aptam—Teii;

2108 4898 2495 4970 φθειρομένους
2518 4895 2611 4949 καὶ
2636 4890 3043 4952 παλαιωθέντας
3073 4884 3390 4959 ἀνθρώπους
3417 4878 3558 4934 κατά
3585 4877 3692 4970 τὰς

2103 4966 2399 5063 ἐπιθυμίας
2448 4989 2546 5060 τῆς
2600 4987 2844 5056 ἀπάτης,
2896 4980 3173 5034 ἀναλίσκει
3212 4980 3247 5049 ή
3301 4976 3542 5047 μάχαιρα
3589 4966 3689 5063 τοῦ

2102 5084 2238 5138 Θεοῦ
2275 5061 2360 5148 εἰς
2393 5079 2698 5152 ἀφανισμὸν
2727 5075 2985 5145 παντελῆ.
3025 5074 3096 5126 Ἢ
3131 5071 3258 5133 τοὺς
3285 5071 3349 5122 ὲκ
3380 5063 3577 5124 κακίας

2105 5151 2717 5246 θεογνωσίανίὲλθόντας
2742 5168 3089 5242 ἀνθρώπους,
3130 5164 3224 5216 σὺν
3253 5158 3466 5230 νεύροις
3502 5151 3689 5246 ἀναλίιο

2106 5284 2226 5321 σκει
2252 5270 2318 5321 ὲκ
2342 5265 2452 5319 τῶν
2488 5262 2739 5335 πράξεων
2772 5260 2881 5314 τῶν
2912 5254 3165 5330 πονηρῶν
3191 5271 3204 5284 °
3237 5253 3326 5304 ἵνα
3361 5245 3690 5316 ἀποθέμενοι

498 5420 548 5455 ⁸⁸
573 5420 734 5476 Rom.
762 5434 882 5487 vnt,
912 5416 1000 5474 l8.
1080 5413 1126 5445 “
1166 5429 1216 5471 ν.
1250 5412 1341 5468 13.
1414 5411 1460 5442 ⁸⁸
1489 5408 1631 5465 Psal.
1674 5420 1804 5474 cxv,
1857 5406 1944 5461 l5.

2112 5420 2163 5460 v.
2199 5404 2287 5458 15.
2363 5402 2406 5433 ⁸⁷
2434 5418 2485 5454 v.
2523 5400 2612 5456 l8.
2687 5400 2733 5431 ⁸⁸
2772 5396 2962 5452 Matth.
2986 5410 3037 5460 v,
3066 5394 3155 5448 M.

499 5560 615 5631 (l7)
662 5559 976 5631 Sequuntur
1006 5551 1339 5631 perturbati,
1374 5556 1437 5631 ut
1465 5548 1519 5603 in
1551 5545 1884 5631 editionibus
1906 5542 1996 5631 Bif

428 5618 686 5693 bliortitit,
715 5618 1057 5689 versiculi,ét
1087 5624 1349 5687 capitula.
1381 5618 1493 5693 Hac
1525 5628 1705 5693 autem
1745 5631 1909 5693 super
1934 5629 2004 5693 re

434 5686 735 5759 consulesis
784 5686 1083 5755 celebriora
1129 5686 1325 5759 Biblia,
1386 5692 1629 5746 Romana
1685 5688 1740 5743 in
1788 5686 2005 5757 primis,

2106 5555 2219 5599 tum
2267 5543 2431 5597 etiam
2484 5536 2838 5604 Breitingeri,
2878 5534 3076 5596 Bossii,
3124 5531 3326 5604 Jageri,
3370 5538 3501 5590 etc.,
3551 5542 3678 5582 cum

2111 5615 2379 5668 editorum
2408 5609 2904 5665 observationibus.
2932 5607 3116 5676 Neque
3146 5607 3289 5660 enim
3325 5604 3413 5659 hic
3434 5609 3683 5672 spartam

2120 5687 2261 5741 hanc
2289 5684 2559 5739 adornare
2590 5688 2767 5736 vacat.
