3888 6214
436 231 545 291 831

1325 240 1890 300 SUPPLEMENTUM
1924 242 2016 298 AD
2055 243 2380 300 ORIGENIS
2410 244 2823 303 EXEGETICA.

3586 248 3695 306 253

437 370 625 414 autem
654 360 963 431 vituperant
988 368 1042 418 et
1070 362 1124 417 in
1159 362 1397 419 medium
1441 366 1698 422 deferunt
1750 382 1847 437 per
1876 381 2009 423 con-

2116 384 2269 421 σεται
2313 366 2410 420 καὶ
2453 362 2534 431 εἷς
2588 370 2793 441 ποιμήν
2816 386 2831 402 ·
2880 368 2930 421 οί
2973 367 3031 422 δὲ
3070 367 3380 439 ἐλέγχοντες
3417 367 3509 422 καὶ
3551 385 3692 441 φρα-

441 447 735 507 fessionem
767 462 921 508 actus
952 469 1100 520 suos,
1134 464 1189 509 et
1215 456 1459 513 melioris
1478 459 1591 529 jam
1629 462 1830 514 mentis
1877 460 2012 531 deli-

442 538 773 607 berationes,
801 544 1005 600 excelsi
1038 545 1368 601 videbuntur
1399 549 1649 615 Domino,
1685 558 1740 604 et
1766 565 1878 619 prae
1896 567 2009 606 om-

440 632 603 687 nibus
636 636 1027 690 commendati.
1086 637 1552 709 Supervenietque
1600 641 1735 711 ipsis
1781 641 1833 695 in
1878 658 2015 713 prat-

434 724 580 778 seuti
617 726 838 796 quidem
872 728 1071 784 smculo
1120 730 1260 784 bona
1313 731 1626 788 benedictio
1675 742 1893 788 actuum
1930 743 2013 790 at-

438 830 549 886 que
584 817 852 884 laborum,
904 830 961 873 et
1000 818 1385 876 intellectualis
1420 824 1633 878 theoria
1686 824 2010 893 sapientiae:

440 908 496 963 in
531 907 713 965 l'uturo
738 922 939 978 autem,
982 930 1010 965 a
1042 914 1270 969 Domino
1295 916 1598 983 praemium.

510 1001 557 1034 “
586 1002 688 1069 Qui
719 1005 959 1059 ambulat
982 1016 1105 1073 post
1135 1004 1229 1060 Dei
1256 1008 1534 1073 mandata,
1573 1008 1911 1064 instauratur
1943 1011 2010 1065 ad

433 1091 699 1162 justitiam
731 1105 785 1150 et
816 1097 1325 1153 sanctilicationem.
1372 1098 1587 1153 Etenim
1629 1114 1751 1154 cum
1792 1101 2013 1169 sapien-

442 1185 513 1237 tia
560 1186 860 1242 aediﬁcatur
899 1192 1113 1255 domus,
1159 1205 1278 1260 qua:
1330 1206 1395 1245 ex
1447 1192 1627 1245 anima
1679 1202 1736 1246 et
1781 1208 2011 1262 corpore

435 1288 671 1347 constat,
710 1282 774 1335 ad
812 1282 906 1337 Dei
952 1282 1345 1336 habitaculum.
1378 1284 1433 1337 In
1471 1284 1804 1340 malitiosam
1830 1297 2009 1343 autem

436 1371 675 1424 aliimam
710 1389 814 1427 non
849 1374 1101 1430 introibit
1128 1375 1423 1445 sapientia.

505 1463 553 1493 “
575 1463 713 1517 Tum
729 1465 918 1534 spinae,
944 1476 1054 1521 tum
1083 1483 1280 1535 pecora
1308 1467 1665 1539 pessumdant
1687 1472 2009 1540 agrum.nisi

437 1556 555 1610 illas
596 1556 790 1626 aliquis
838 1569 1050 1628 purget,
1086 1560 1204 1615 haec
1238 1575 1365 1615 vero
1408 1563 1700 1617 custodiat.
1747 1562 1824 1617 Ita
1865 1571 1921 1618 et
1955 1565 2008 1619 in

436 1643 657 1699 homine
679 1646 851 1701 bardo
878 1648 1077 1703 accidit
1121 1666 1136 1704 :
1168 1650 1413 1719 nequitia
1442 1652 1759 1707 exstimulat
1788 1667 1916 1709 eum
1943 1656 2009 1710 ad

434 1735 522 1792 illa
568 1738 853 1793 ambienda
895 1740 1092 1809 quibus
1124 1758 1350 1812 regnum
1383 1744 1685 1799 obtiuetur.

2122 457 2398 526 τριοῦντες
2422 458 2490 512 δι’
2510 458 2913 530 ἐξαγορεύσεως
2934 458 3033 522 τὰς
3065 457 3272 512 ἑαυτῶν
3301 457 3527 530 πράξεις
3558 458 3691 530 (18),

2120 546 2214 601 καὶ
2229 547 2327 612 τὰς
2337 548 2429 602 τοῦ
2444 548 2709 619 βελτίονος
2731 549 2822 604 νοῦ
2840 550 2962 604 ὲνθυ
2971 552 3183 621 μήσεις,
3198 549 3487 620 φανοῦνται
3503 550 3693 621 ὑψηλοὶ

2119 638 2271 710 παρὰ
2288 639 2513 708 Κυρίου,
2541 639 2635 693 ἐπὶ
2656 643 2820 693 πᾶσιν
2839 641 3013 712 ἀνακη
3023 641 3334 712 ρυττὸμενοι
3349 658 3362 670 ·
3390 643 3475 695 ἐπ’
3496 642 3692 709 αὐτοὺς

2118 731 2176 785 δὲ
2202 731 2355 803 ἥξει,
2398 736 2456 788 ὲν
2490 735 2588 805 μὲν
2630 734 2707 806 τῷ
2740 732 2835 788 νῦν
2876 733 3033 787 αἰῶνι
3065 736 3099 805 ἡ
3128 735 3305 807 ἀγαθὴ
3338 735 3555 804 εὐλογία
3582 736 3686 787 τῶν

2119 825 2371 897 πράξεων
2392 825 2500 879 τῶν
2526 826 2719 898 ἔργων,
2754 827 2845 881 καὶ
2870 828 2902 898 ἡ
2925 827 3087 899 νοητὴ
3113 827 3212 897 τῆς
3235 827 3423 895 σοφίας
3452 826 3684 899 θεωρία·

2119 916 2177 967 ὲν
2203 914 2260 967 δὲ
2292 913 2367 984 τῷ
2398 914 2667 986 μέλλοντι,
2700 915 2735 984 ὴ
2770 915 2919 988 παρὰ
2948 914 3043 969 τοῦ
3072 916 3277 987 Κυρίου
3304 916 3553 987 διανομή.

2202 1007 2259 1058 '0
2289 1007 2653 1078 πορευόμενος
2695 1007 2917 1061 ὄπισθεν
2964 1006 3075 1060 τῶν
3116 1007 3210 1060 τοῦ
3248 1006 3384 1063 Θεοῦ
3411 1022 3690 1078 προσταγ·

2121 1098 2326 1169 μάτων,
2346 1100 2775 1171 άνοικοδομεῖται
2808 1102 2887 1164 εἰς
2907 1099 3251 1172 δικαιοσύνην
3274 1101 3367 1153 καὶ
3385 1098 3653 1169 ἁγιασμόν
3671 1115 3685 1128 ·

2120 1190 2258 1260 μετὰ
2282 1191 2392 1262 γὰρ
2425 1192 2616 1261 σοφίας
2644 1192 3002 1263 οἰκοδομεῖται
3030 1187 3175 1255 οἶκος
3195 1230 3210 1254 ,
3253 1192 3282 1243 ὁ
3320 1193 3379 1245 ὲν
3419 1190 3564 1261 ψυχῇ
3596 1191 3690 1243 καὶ

2118 1280 2332 1353 σώματι
2364 1285 2444 1347 είς
2475 1284 2793 1356 κατοίκησιν
2822 1284 2957 1337 Θεοῦ
2978 1302 2991 1316 ·
3023 1286 3102 1348 εἰς
3133 1284 3189 1337 δὲ
3220 1284 3543 1355 κακότεχνον
3584 1283 3689 1353 ψυ-

2116 1375 2217 1446 χὴν
2245 1377 2345 1429 οὐκ
2373 1375 2736 1429 εἰσελεύσεται
2771 1378 2949 1446 σοφία.

2182 1467 2251 1520 Εἴ
2283 1484 2342 1519 τε
2373 1467 2480 1538 γὰρ
2510 1467 2780 1534 ἄκανθαι,
2820 1469 2930 1521 είτε
2992 1470 3189 1541 κτήνη,
3219 1467 3508 1522 ἀπόλλυσιν
3533 1468 3684 1532 αὐτὸ,

2115 1561 2209 1614 ἐὰν
2241 1560 2315 1632 μὴ
2348 1560 2435 1631 εἴη
2465 1563 2493 1613 6
2516 1560 2918 1632 περικαθαίρων
2950 1563 3045 1615 καὶ
3073 1560 3355 1631 φυλάττων
3377 1574 3393 1591 ⁸
3427 1559 3687 1623 ὡσαύτως

2114 1654 2208 1707 καὶ
2235 1653 2455 1724 ἄφρων·
2504 1654 2538 1723 ή
2574 1652 2741 1706 κακία
2770 1654 2917 1708 ἐστὶν
2948 1655 2976 1707 6
3010 1652 3221 1707 νύσσων
3280 1652 3440 1706 αὑτὸν
3501 1653 3580 1715 είς
3617 1650 3687 1705 τὰ

2113 1746 2209 1816 τὴν
2250 1745 2525 1816 βασιλείαν
2556 1746 2939 1817 προξενοῦντα.

506 1830 677 1900 Sepes
723 1840 808 1886 est
850 1810 1223 1904 tranquillitas
1258 1834 1453 1889 anima:
1488 1835 1773 1891 rationalis
1801 1851 1866 1891 ex
1896 1838 2004 1892 vir-

2168 1810 2434 1908 ’Φραγμός
2485 1810 2629 1890 ἐστιν
2677 1810 2914 1891 άπάθεια
2956 1837 3132 1909 ψυχῆς
3178 1836 3432 1907 λογικῆς,
3463 1837 3529 1889 ἐκ
3574 1834 3688 1889 τῶν

434 1930 608 1980 tutum
638 1926 903 1979 exercitio
931 1924 1282 1994 proveniens.
1336 1926 1463 1980 llzec
1488 1942 1621 1982 vero
1648 1931 1916 1984 evertitur
1951 1938 2006 1984 et

431 2016 793 2087 exstinguitur
821 2034 851 2071 a
880 2018 1030 2073 stulti
1064 2018 1305 2073 hominis
1336 2017 1588 2074 arbitrio.

2112 1929 2431 2000 πρακτικῶν
2483 1928 2693 2000 ἀρετῶν
2737 1929 3083 1983 συνεστῶσα·
3136 1930 3578 1984 κατασκάπτεται
3627 1927 3688 1982 δὲ

2111 2021 2205 2073 καὶ
2230 2019 2551 2089 ἀφανίζεται
2574 2022 2642 2091 τῇ
2678 2018 2771 2073 τοῦ
2798 2018 3029 2090 ἄφρονος
3062 2019 3401 2091 προαιρέσει.

1657 2110 1814 2169 CAP.
1857 2111 2003 2166 XXX
2043 2112 2251 2169 VULG.
2292 2111 2450 2167 LAT.

497 2205 544 2238 "
572 2205 862 2274 Corruptio
910 2219 999 2260 res
1055 2205 1362 2277 huiusmodi
1413 2206 1671 2262 adamat:
1703 2209 1995 2271 infernum,

427 2314 692 2362 amorem,
722 2299 1000 2352 mulierem
1035 2298 1385 2354 fornicariam
1413 2318 1427 2354 :
1459 2303 1573 2355 haec
1606 2301 1752 2355 enim
1791 2301 1997 2357 nullum

430 2391 633 2447 habent
658 2391 819 2447 tinem
852 2401 947 2445 aut
982 2392 1312 2447 satietatem.
1337 2392 1463 2447 Tria
1496 2404 1675 2448 tamen
1715 2403 1844 2449 sunt
1880 2410 2001 2464 quae

430 2483 725 2550 aliquando
770 2484 1085 2550 satiantur;
1140 2492 1377 2539 attamen
1415 2495 1691 2554 quartum,
1723 2501 1999 2557 nunquam

425 2588 489 2628 se
516 2582 829 2628 contentum
879 2574 1064 2629 dicere
1100 2575 1261 2630 valet.
1292 2574 1571 2640 lnfernus,
1599 2586 1656 2633 et
1690 2592 1844 2633 amor
1877 2595 1998 2633 mu-

428 2666 596 2731 lieris,
633 2676 689 2722 et
737 2678 885 2721 terra
925 2682 1202 2735 nunquam
1242 2669 1399 2739 aquis
1431 2680 1695 2736 saturata,
1734 2680 1791 2727 et
1833 2687 1998 2744 aqua,

421 2768 480 2814 et
514 2759 678 2829 ignis,
712 2774 989 2829 nunquam
1016 2760 1205 2815 dicunt
1240 2760 1470 2817 sullicit.
1505 2763 1737 2833 Semper
1778 2773 1995 2821 terrena

424 2850 634 2904 semina
661 2850 896 2919 recipit;
927 2852 1270 2920 quantalibet
1322 2853 1603 2924 inieceris,
1639 2856 1816 2911 adhuc
1852 2857 1996 2911 desi-

424 2945 600 3000 derat.
632 2944 724 3000 Sic
751 2947 915 2999 etiam
967 2961 1115 3000 mors
1140 2956 1197 3001 et
1228 2947 1369 3017 ignis
1399 2959 1668 3021 quotquot
1705 2952 1993 3021 corripue-

425 3037 538 3092 rint
583 3047 958 3107 corrumpunt.
1000 3037 1078 3092 Ita
1110 3039 1276 3094 etiam
1307 3050 1620 3111 paupertas.
1672 3041 1764 3097 Hae
1798 3044 1996 3113 quippe

2182 2208 2247 2261 Ἠ
2268 2207 2441 2280 φθορὰ
2465 2208 2639 2262 ταῦτα
2662 2208 2854 2279 ἀγαπᾷ
2871 2206 2938 2261 τὰ
2962 2208 3281 2279 πράγματα,
3306 2206 3457 2279 ᾅδην,
3483 2206 3683 2278 ἔρωτα,

2104 2302 2201 2357 καὶ
2227 2303 2460 2371 γυναῖκα
2496 2303 2791 2372 πορνικήν·
2826 2301 2946 2354 οὐδὲ
2987 2301 3096 2371 γὰρ
3141 2299 3312 2353 ταῦτα
3361 2300 3534 2371 πέρας
3562 2301 3687 2356 οὐδὲ

2104 2394 2265 2464 κόρον
2290 2394 2430 2465 ἔχει·
2463 2394 2590 2464 τρία
2622 2393 2679 2446 δέ
2712 2396 2858 2446 ἐστιν
2882 2392 2916 2446 ἃ
2958 2393 3052 2445 καὶ
3083 2392 3447 2463 πλησθήσεται
3473 2409 3487 2422 ·
3523 2394 3615 2446 καὶ
3648 2394 3683 2463 ἡ

2103 2486 2360 2558 τετάρτη,
2401 2485 2499 2539 οὐκ
2523 2484 2772 2556 ἠρκέσθη
2808 2487 2980 2537 εἰπεῖν
3016 2484 3197 2538 ἱκανόν
3217 2500 3231 2514 ·
3265 2482 3398 2554 ᾅδης
3427 2484 3519 2536 καὶ
3540 2484 3685 2554 ἔρως

2102 2577 2381 2645 γυναικὸς,
2433 2577 2527 2630 καὶ
2566 2575 2638 2645 γῆ
2683 2575 2782 2628 οὐκ
2831 2574 3260 2645 ἐμπιμπλαμένη
3314 2574 3533 2639 ὓδατος·
3585 2575 3684 2628 καὶ

2103 2668 2281 2740 ὕδωρ,
2318 2668 2415 2721 καὶ
2448 2666 2592 2739 πῦρ,
2626 2667 2727 2719 οὐκ
2767 2661 2918 2718 εἶπον
2952 2666 3147 2737 ἀρκεῖ·
3181 2665 3267 2718 ἀεὶ
3295 2664 3363 2718 τὰ
3391 2665 3683 2736 σπέρματα

2101 2760 2335 2831 δέχεται,
2360 2756 2449 2813 οἷα
2474 2760 2568 2813 ἐὰν
2590 2757 2927 2830 καταϐάλῃς,
2954 2758 3167 2827 ἐφίεται
3191 2773 3205 2788 ·
3235 2755 3377 2809 οὕτω
3404 2757 3496 2809 καὶ
3525 2758 3554 2808 6
3584 2755 3684 2808 θά-

2101 2873 2259 2919 νατος
2299 2856 2393 2909 καὶ
2427 2853 2486 2907 τὸ
2524 2852 2671 2925 πῦρ,
2715 2853 2812 2921 ἐφ’
2839 2847 3033 2922 οἷσπερ
3067 2848 3309 2918 ἐφίεται,
3339 2845 3641 2916 διαφθείρει
3662 2862 3677 2875 ·

2099 2948 2339 3003 τοιοῦτόν
2369 2964 2422 3001 τι
2454 2947 2548 3000 καὶ
2578 2948 2611 3018 ἡ
2643 2945 2803 2999 πενία
2823 2962 2836 2975 ·
2869 2944 3179 2997 άναλωτικὰ
3216 2940 3390 2995 ταῦτα
3423 2939 3492 2994 τὰ
3535 2941 3683 3011 πρά-

2102 3059 2287 3113 γματα
2306 3057 2320 3072 ·
2351 3040 2591 3095 τοιοῦτόν
2625 3058 2680 3093 τι
2714 3038 2807 3092 καὶ
2842 3040 2870 3092 6
2899 3038 3055 3100 ὄκνος
3078 3037 3172 3091 καὶ
3199 3038 3231 3108 ὴ
3260 3036 3453 3107 ἀργία·
3486 3034 3681 3105 ἐπειδὴ

426 3144 516 3185 res
548 3131 657 3185 vim
702 3130 1063 3186 consumendi
1118 3130 1344 3187 habent.
1396 3132 1475 3186 Ita
1501 3148 1560 3188 se
1590 3133 1794 3190 habent
1835 3134 1994 3190 etiam

2110 3136 2207 3208 γὰρ
2231 3134 2499 3205 θαυμάζει
2535 3133 2663 3197 ἴσως
2682 3150 2786 3196 τις,
2817 3130 2904 3185 διὰ
2930 3130 2982 3184 τί
3004 3131 3164 3201 κόρον
3193 3130 3293 3182 οὐκ
3322 3128 3433 3199 ἔχει
3457 3129 3486 3182 6
3516 3127 3679 3198 ᾅδης,

424 3223 647 3293 pigritia
674 3232 729 3278 et
756 3225 945 3277 otium.
979 3223 1112 3278 Nam
1167 3225 1293 3292 quia
1326 3223 1563 3279 fortasse
1600 3224 1801 3296 aliquis
1830 3226 1997 3280 mira-

423 3323 534 3379 tur,
563 3329 663 3368 cur
687 3314 1009 3369 insatiabilis
1034 3316 1107 3370 sit
1139 3315 1405 3382 infernus,
1458 3331 1769 3385 quanquam
1810 3316 1994 3370 homi-

421 3422 544 3463 nem
572 3417 881 3473 consumat,
914 3409 1125 3465 idcirco
1155 3410 1250 3474 ait,
1285 3424 1351 3465 ne
1383 3410 1499 3465 haec
1523 3409 1743 3480 quidem
1768 3410 1996 3465 satieta-

418 3507 529 3554 tem
564 3501 784 3565 habere,
812 3482 990 3569 neque
1008 3501 1331 3555 consistere.
1373 3500 1583 3555 Videsis
1630 3510 1811 3555 autem
1869 3517 1995 3571 quo-

422 3592 581 3645 modo
603 3592 1005 3660 comparaverit
1029 3593 1420 3647 scortationem
1447 3593 1685 3647 inferno.

490 3683 537 3715 “
559 3681 717 3738 Corvi
749 3684 800 3736 hi
825 3684 1003 3752 justos
1027 3683 1182 3738 alunt
1208 3685 1436 3755 mystice
1456 3686 1526 3750 ",
1559 3696 1614 3740 et
1649 3684 1881 3754 iniustos
1902 3700 1995 3755 pu-

420 3774 597 3840 niunt,
627 3777 878 3845 nequitiae
905 3776 1092 3831 oculos
1117 3775 1457 3843 eﬂ‘odientes,
1482 3778 1609 3847 quia
1638 3776 1856 3832 Patrem
1881 3779 1994 3833 uni-

417 3867 685 3923 versalem
708 3885 772 3924 ac
795 3870 956 3922 Deum
985 3870 1291 3935 irriserunt,
1319 3878 1374 3924 et
1399 3872 1641 3941 ipsorum
1672 3871 1988 3942 genitricem

419 3962 696 4032 antiquam
752 3963 1035 4018 scientiam
1088 3964 1370 4034 aspernati
1417 3971 1567 4019 sunt.
1622 3963 1819 4018 Oculus
1862 3977 1991 4018 vero

419 4049 600 4105 Patris
646 4063 752 4119 est,
798 4053 923 4106 data
954 4052 1113 4107 nobis
1147 4052 1215 4106 ab
1263 4068 1329 4107 eo
1365 4068 1487 4107 cum
1531 4052 1742 4123 justitia
1779 4053 1885 4107 lex.
1923 4053 1991 4107 Et

420 4157 515 4197 eos
538 4143 757 4212 quidem
809 4144 903 4213 qui
942 4142 1095 4213 impii
1140 4143 1331 4199 oculos
1374 4143 1662 4209 etfodiuut,
1699 4144 1840 4198 dixit
1865 4159 1988 4199 cor-

416 4248 514 4288 vos
544 4247 560 4288 :
597 4234 691 4304 qui
715 4249 844 4289 vero
889 4244 1059 4290 totum
1092 4235 1369 4289 hominem
1397 4243 1618 4300 vorant,
1647 4233 1859 4303 aquilas
1887 4248 1987 4291 vo-

418 4327 603 4382 cavit:
632 4327 755 4381 ideo
782 4327 1013 4393 scilicet,
1045 4327 1173 4396 quia
1200 4327 1324 4382 aliis
1363 4336 1599 4396 partem,
1622 4325 1768 4395 [aliis
1812 4324 1987 4380 omni-

415 4415 631 4469 modam
669 4415 1052 4486 purgationem
1110 4415 1409 4471 commisit.
1474 4413 1600 4469 Vult
1646 4416 1797 4469 enim
1843 4414 1985 4468 Deus

410 4510 580 4569 etiam
614 4509 809 4580 impios
834 4509 1059 4564 salvari.
1106 4564 1109 4565 ν

483 4684 533 4718 ³³
554 4684 735 4740 Gallus
768 4682 1059 4756 [ἀλέκτωρ]
1110 4683 1225 4740 avis
1270 4698 1301 4738 a
1345 4683 1497 4738 nobis
1553 4682 1982 4754 [Alexandrinis]

413 4775 616 4830 άλεκτα
653 4774 763 4846 (19)
804 4775 1040 4841 dicitur;
1073 4775 1118 4830 si
1159 4790 1289 4830 vero
1324 4775 1591 4830 referatur
1616 4776 1684 4829 ad
1728 4786 1984 4830 coeuntes

412 4882 537 4920 cum
587 4866 677 4920 illo
721 4865 969 4931 feminas,
1002 4869 1276 4939 γνωριστά
1319 4864 1639 4938 [cognitor].
1674 4865 1984 4933 Sequuntur

416 4960 563 5015 hunc
612 4958 838 5012 altilium
878 4974 1092 5029 greges,
1126 4962 1254 5030 quia
1291 4974 1482 5014 omnes
1515 4958 1759 5013 ambiunt
1785 4972 1982 5026 capere

413 5068 478 5106 ex
508 5067 573 5107 eo
601 5050 951 5120 voluptatem,
983 5053 1071 5121 qui
1097 5052 1262 5107 alacri
1289 5066 1419 5121 erga
1449 5064 1639 5105 omnes
1668 5065 1856 5104 amore
1876 5060 1979 5104 est.

412 5142 509 5199 Sic
558 5141 851 5199 universali
906 5143 1016 5199 Deo
1051 5144 1365 5214 angelorum
1418 5142 1642 5196 ordines
1685 5154 1789 5195 non
1831 5150 1980 5194 metu

2098 3224 2271 3277 καίτοι
2301 3221 2554 3276 δαπανῶν
2573 3222 2665 3275 τὸν
2702 3221 3008 3292 ἄνθρωπον,
3025 3219 3111 3273 διὰ
3139 3218 3492 3289 τοῦτο,φησὶν
3511 3259 3526 3283 ,
3552 3217 3681 3271 οὐδὲ

2091 3315 2263 3369 ταῦτα
2306 3315 2466 3387 κόρον
2502 3313 2649 3384 ἔχει,
2696 3313 2814 3367 οὐδὲ
2852 3313 3096 3367 ἴστανταί
3139 3330 3269 3367 που·
3318 3313 3419 3383 ὅρα
3449 3310 3506 3364 δὲ
3549 3309 3679 3364 τίνα

2093 3408 2369 3481 παρέϐαλε
2400 3408 2499 3480 τὴν
2528 3407 2782 3479 πορνείαν
2809 3404 2886 3475 τῷ
2920 3405 3043 3478 ᾅδῃ.

2162 3663 2320 3723 Οὗτοι
2347 3668 2396 3720 οἱ
2424 3666 2674 3738 κόρακες,
2715 3667 2839 3729 τοὺς
2866 3665 2964 3736 μὲν
2996 3665 3237 3729 δικαίους
3269 3667 3527 3738 τρέφουσι
3563 3684 3674 3737 μυ-

2093 3761 2313 3825 στικῶς,
2352 3760 2477 3823 τοὺς
2506 3759 2562 3812 δὲ
2591 3757 2809 3821 ἀδίκους
2836 3755 3141 3823 κολάζουσι,
3172 3760 3298 3821 τοὺς
3329 3760 3428 3828 τῆς
3455 3760 3675 3825 ἀδικίας

2089 3852 2398 3923 ὀφθαλμοὺς
2437 3850 2809 3918 ὲξορύττοντες
2835 3867 2847 3880 ·
2886 3850 3019 3903 διότι
3061 3849 3153 3903 τοῦ
3199 3850 3415 3904 πάντων
3456 3853 3676 3922 Πατρὸς

2090 3947 2184 4000 καὶ
2217 3944 2351 3998 Θεοῦ
2380 3943 2770 4013 κατεγέλασαν,
2802 3944 2896 3997 καὶ
2923 3942 3021 4014 τὴν
3044 3942 3319 4013 γεννῶσαν
3346 3945 3538 4008 αὐτοὺς
3569 3947 3672 4017 άρ-

2088 4038 2248 4108 χαίαν
2296 4037 2495 4107 γνῶσιν
2540 4036 2812 4107 ἠτίμασαν
2838 4051 2853 4068 ·
2895 4035 3167 4106 ὀφθαλμὸς
3213 4034 3269 4088 δὲ
3311 4034 3403 4088 τοῦ
3454 4036 3676 4108 Πατρός

2086 4133 2270 4195 ἐστιν,
2318 4132 2347 4183 6
2386 4132 2444 4183 ὲν
2488 4128 2800 4201 δικαιοσύνῃ
2844 4127 3123 4198 δεδομένος
3156 4129 3287 4199 ἡμῖν
3330 4131 3459 4199 παρ’
3498 4129 3674 4184 αὑτοῦ

2087 4221 2285 4292 νόμος·
2326 4220 2421 4275 καὶ
2462 4220 2588 4282 τοὺς
2620 4218 2718 4289 μὲν
2758 4217 3143 4289 ὲξορύσσοντας
3186 4218 3311 4281 τοὺς
3354 4217 3675 4290 ὀφθαλμοὺς

2087 4313 2183 4367 τοῦ
2214 4312 2472 4377 ἀσεϐοῦς,
2504 4311 2745 4382 κόρακας
2768 4307 2918 4364 εἶπεν
2937 4328 2951 4341 ·
2980 4310 3104 4373 τοὺς
3138 4309 3193 4362 δὲ
3220 4309 3339 4363 ὅλον
3373 4309 3533 4363 αὐτὸν
3568 4330 3678 4364 καφ

2088 4405 2434 4469 τεσθίοντας,
2469 4403 2748 4474 ὠνόμασεν
2777 4402 3001 4466 ἀετοὺς,
3049 4401 3136 4455 διὰ
3176 4402 3237 4454 τὸ
3280 4403 3405 4465 τοὺς
3438 4403 3537 4472 μὲν
3566 4404 3676 4475 τὴν

2019 4472 2062 4528 D
2094 4498 2342 4570 μερικὴν,
2365 4498 2489 4559 τοὺς
2511 4496 2567 4549 δὲ
2584 4472 2691 4566 τὴν
2717 4493 2938 4547 καθόλου
2956 4493 3220 4565 κάθαρσιν
3239 4472 3636 4548 πεπιστεῦσθαι
3651 4511 3669 4526 ·

2092 4589 2232 4643 θέλει
2264 4588 2371 4659 γὰρ
2395 4591 2423 4642 6
2451 4586 2582 4649 Θεὸς
2616 4585 2707 4639 καὶ
2733 4587 2857 4650 τοὺς
2884 4587 3095 4649 ἀσεϐεῖς
3125 4584 3409 4650 σώζεσθαι.

2173 4681 2230 4733 '0
2258 4680 2503 4749 ἀλέκτωρ
2539 4678 2599 4731 τὸ
2638 4678 2822 4749 ὄρνεον
2856 4677 2986 4750 παρ’
3013 4680 3143 4749 ἡμῖν
3176 4678 3375 4732 ἄλεκτα
3420 4679 3668 4748 λέγεται.

2088 4771 2249 4844 Παρὰ
2269 4772 2325 4823 δὲ
2345 4774 2465 4834 ταῖς
2490 4770 2771 4833 συνούσαις
2793 4769 2939 4840 αὐτῷ
2964 4768 3203 4841 θηλείαις
3224 4773 3497 4843 γνωριστά
3514 4789 3527 4802 ·
3559 4790 3675 4825 πα-

2094 4865 2345 4936 ρέπονται
2367 4863 2424 4916 δὲ
2447 4861 2595 4932 αὑτῷ
2627 4862 2684 4916 αἱ
2717 4860 2822 4915 τῶν
2848 4861 3072 4933 ὀρνίθων
3098 4862 3286 4930 ἀγέλαι
3306 4901 3321 4926 ,
3357 4863 3444 4916 διὰ
3466 4863 3529 4917 τὸ
3559 4866 3675 4918 πά-

2092 4970 2190 5018 σας
2229 4955 2359 5017 ῖσως
2395 4954 2728 5023 περινοστεῖν
2766 4954 2831 5023 τῇ
2869 4952 2998 5023 περὶ
3020 4952 3183 5007 αὑτὸν
3214 4953 3402 5024 ἡδονῇ·
3428 4953 3675 5025 εὔψυχος

2088 5048 2147 5101 δέ
2176 5049 2291 5100 ἐστι
2320 5045 2521 5109 πάσαις
2549 5045 2710 5109 αὐτὸς
2735 5046 2813 5109 είς
2841 5044 3086 5115 ἀγάπην·
3119 5044 3289 5108 οὕτως
3329 5046 3407 5115 τῷ
3438 5047 3671 5101 πάντων

2085 5137 2207 5209 Θεῷ
2236 5136 2421 5191 αἰτῶν
2448 5135 2691 5205 ἀγγέλων
2714 5134 2915 5199 τάξεις,
2936 5135 2996 5188 οὐ
3028 5136 3187 5207 μόνον
3215 5136 3383 5207 φόϐῳ,
3413 5136 3549 5191 ἀλλὰ
3564 5140 3671 5193 καὶ

484 5283 531 5317 ³³
568 5298 620 5338 v.
646 5283 741 5339 27.
815 5281 863 5315 ’⁸
888 5297 941 5336 v.
1016 5277 1106 5335 30.
1181 5278 1228 5309 "
1264 5293 1313 5331 ν.
1345 5274 1433 5331 15.
1507 5275 1556 5307 ’⁸
1584 5289 1636 5327 v.
1666 5272 1755 5327 17.
1824 5273 1869 5304 ’⁷
1897 5271 1961 5326 Ill
1988 5271 2013 5325 Ε

2110 5286 2277 5337 .xvn,
2310 5273 2361 5327 6.
2438 5275 2486 5307 ⁸⁸
2520 5292 2571 5329 v.
2604 5275 2693 5330 3!.

486 5398 603 5472 (18)
632 5401 822 5457 Adhuc
842 5397 1095 5455 laudatur
1126 5396 1195 5450 ab
1220 5393 1451 5465 Origene
1474 5396 1819 5461 peccatorum
1853 5402 1983 5444 con-

410 5471 602 5613 milia
628 5538 981 5613 Aduolandus
1009 5536 1220 5613 θεειιῑς-
1238 5535 1391 5613 19°“
1418 5530 1981 5613 ﬂamma-9ime-

412 5600 597 5685 ser‘tim'
626 5627 751 5667 cum
784 5610 1036 5685 Sturzius
1063 5607 1139 5661 De
1167 5606 1385 5685 dialect.
1410 5602 1560 5655 Alex.
1593 5616 1649 5684 ρ.
1686 5600 1792 5655 154
1819 5602 1974 5685 ’seq.,

410 5684 571 5753 primi
617 5697 776 5739 casus
824 5680 1039 5736 nonnisi
1095 5680 1535 5732 terminationem
1586 5680 1654 5733 ᾶς
1711 5680 1975 5727 memoret

2092 5390 2208 5459 ejus
2234 5391 2472 5446 dialecti.
2508 5390 2577 5444 Et
2602 5392 2819 5461 quidem
2878 5406 2976 5447 nos
3021 5393 3087 5447 de
3134 5393 3235 5448 hac
3264 5407 3323 5448 re
3353 5391 3518 5447 locuti
3562 5408 3669 5447 su-

2090 5476 2210 5532 mus
2240 5462 2368 5514 olim
2410 5461 2464 5516 in
2497 5464 2625 5515 adn.
2668 5463 2734 5515 ad
2774 5462 3055 5517 Ciceronis
3101 5479 3196 5531 pro
3252 5478 3369 5532 rege
3414 5463 3668 5517 Alexan-

2087 5531 2243 5587 drino
2280 5532 2605 5602 fragmenta,
2634 5546 2755 5603 qua:
2788 5533 3077 5596 edidimus,
3103 5546 3263 5602 quem
3292 5531 3475 5603 regem
3513 5535 3669 5602 pris-

2086 5618 2183 5659 cus
2214 5604 2485 5671 interpres
2514 5617 2611 5672 pro
2648 5602 2952 5658 Alexandro
2980 5603 3113 5659 dicit
3142 5602 3382 5658 Aluum.
