3888 6218
206 346 311 403 255

1341 340 1708 397 E‘XPOSITIO
1743 341 1808 397 ΙΝ
1842 340 2261 397 PROVERBIA.

3338 351 3448 406 234

198 469 388 543 ἀγάπῃ
407 469 723 523 ὑπείκουσιν
740 468 881 539 (20),
919 469 1007 521 ὅτε
1034 467 1176 521 θέλει
1195 467 1355 532 αὐτὸς
1376 470 1513 521 νοεῖν
1534 467 1700 531 αὑτὰς
1722 468 1781 520 τὸ

1897 477 2099 520 tantum
2143 470 2236 521 sed
2264 482 2327 521 ex
2363 482 2552 523 amore
2601 467 2763 522 etiam
2796 470 3188 538 obsequuntur,
3224 485 3345 525 cum
3382 474 3448 529 ab

197 560 527 631 πρόσταγμα
558 560 721 613 αὑτοῦ
755 562 847 613 καὶ
882 563 1053 613 ποιεῖν
1074 577 1086 591 ·
1129 560 1387 624 ὡσαύτως
1424 562 1480 614 δὲ
1526 564 1619 615 καὶ
1652 564 1779 634 περὶ

194 657 316 719 ταῖς
360 654 471 709 τῶν
520 653 744 707 δικαίων
786 655 983 725 ψυχαῖς
1024 653 1297 723 πέφυκεν·
1333 656 1455 707 ὅσαι
1495 656 1603 727 γὰρ
1649 656 1779 709 ὑπό-

195 765 404 802 κεινται
431 746 511 817 τῷ
552 747 931 818 προστάγματι
961 745 1125 800 αὐτοῦ
1146 786 1162 811 ,
1198 747 1257 800 οὐ
1290 747 1447 817 μόνον
1477 746 1543 800 τὰ
1573 750 1629 801 ἐν
1658 749 1779 809 ταῖς

195 840 445 911 Γραφαῖς
477 837 879 908 ὲναποκείμενα
928 840 1203 910 μυστήρια
1244 839 1336 892 καὶ
1380 838 1519 910 βάθη
1566 840 1777 892 εὐδοκεί

198 927 513 996 γινώσκειν,
545 926 681 981 ἀλλά
713 927 807 980 καὶ
846 928 945 980 ὅσα
972 928 1029 980 ὲν
1058 927 1136 998 τῷ
1170 926 1268 999 βίῳ
1297 928 1507 997 πέφυκε
1530 929 1773 997 γίνεσθαι

194 1020 309 1080 τοῖς
342 1016 669 1087 ἀνθρώποις,
698 1017 847 1085 παρὰ
872 1015 1177 1087 ἀνθρώπων
1205 1035 1263 1070 τε
1297 1018 1391 1071 καὶ
1414 1017 1703 1089 δαιμόνων,
1737 1017 1771 1089 ἢ

194 1105 260 1158 δι’
300 1107 546 1177 ὁράσεως
584 1106 738 1170 νοὸς,
782 1106 960 1179 χάριτι
1009 1106 1153 1160 θείου
1188 1107 1503 1178 Πνεύματος
1546 1108 1809 1179 παρέχειη

195 1199 530 1270 πρόγνωσιν,
555 1198 589 1269 ἢ
613 1199 680 1252 δι’
702 1198 935 1269 ἀγγέλου
965 1199 1186 1271 μύησιν,
1210 1200 1243 1271 ἢ
1266 1200 1328 1253 δι’
1346 1202 1619 1273 ὁράματος
1645 1204 1779 1256 ἀπο-

198 1293 379 1363 κάλυψ
387 1311 447 1347 ιν.

1880 561 1960 614 eis
1988 560 2103 629 ipse
2135 560 2388 630 cognosci
2430 560 2548 614 vult
2591 562 2840 615 mandata
2884 576 2980 616 sua
3008 570 3061 615 et
3104 576 3269 631 Opere
3299 579 3449 618 com-

1878 650 2034 720 pleri.
2083 652 2176 706 Sic
2202 653 2367 707 etiam
2422 652 2567 708 circa
2605 651 2877 721 justorum
2905 652 3118 707 animas
3151 654 3264 708 fieri
3294 670 3450 710 com-

1877 752 2122 813 paratum
2153 754 2253 798 est.
2282 742 2416 798 Nam
2456 752 2725 814 quotquot
2762 744 3028 800 mandatis
3065 745 3183 815 ejus
3233 746 3448 802 obtem-

1877 844 2091 903 perant,
2123 850 2231 890 non
2275 835 2435 891 modo
2465 852 2589 906 quae
2613 837 2665 891 in
2695 835 2991 904 Scripturis
3025 839 3301 907 preposita
3322 824 3455 895 sunt

1882 929 2143 999 mysteria
2169 937 2223 982 et
2249 943 2340 983 res
2371 928 2658 995 abstrusas,
2698 928 2877 998 placet
2922 929 2970 983 ei
2999 937 3058 982 ut
3087 940 3450 995 cognoscant,

1882 1021 1980 1075 sed
2011 1034 2348 1089 quaecunque
2379 1021 2544 1076 etiam
2596 1021 2650 1075 in
2688 1021 2889 1075 mundo
2921 1022 3038 1075 ﬁeri
3067 1020 3243 1076 solent
3271 1022 3453 1077 homi-

1882 1111 2063 1179 nibus,
2094 1112 2181 1168 vel
2212 1113 2278 1167 ab
2314 1113 2632 1170 hominibus
2660 1113 2793 1183 ipsis
2821 1112 2905 1168 vel
2933 1129 2961 1168 a
2988 1114 3346 1179 dmmunibus,
3368 1114 3453 1171 vel

1882 1203 2084 1258 mentis
2134 1202 2527 1259 illuminatione
2573 1200 2674 1274 per
2715 1204 2884 1258 divini
2932 1204 3168 1273 Spiritus
3200 1184 3454 1276 gratiam,

1881 1296 2077 1349 horum
2111 1295 2331 1365 inquam
2372 1298 2749 1364 praevisionem
2779 1298 2846 1353 iis
2874 1298 3209 1368 impertitur,
3238 1299 3323 1353 vel
3355 1315 3452 1369 per

1879 1387 2199 1459 angelorum
2242 1389 2621 1456 monitionem,
2676 1389 2762 1446 vel
2812 1404 2909 1460 per
2949 1390 3180 1446 visionis
3222 1392 3454 1460 alicujus

1878 1480 2288 1535 revelationem.

1420 1569 1594 1641 (CAP.
1631 1569 1799 1624 xxxr
1839 1571 2043 1628 VULG.
2080 1573 2264 1646 LAT.)

264 1663 543 1728 Δυνάστας
593 1663 827 1717 ἐνταῦθα
876 1664 1005 1727 τοὺς
1045 1664 1288 1728 δικαίους
1337 1665 1533 1736 φησὶν,
1585 1666 1780 1729 οἵτινες

1952 1668 1996 1699 θ’
2015 1666 2283 1737 Dynastas
2302 1667 2389 1723 hic
2412 1668 2738 1737 dicitjustos
2773 1669 3044 1735 homines,
3069 1670 3161 1740 qui
3191 1670 3455 1725 adversus

197 1755 345 1809 κατὰ
368 1755 475 1808 τῶν
503 1756 770 1826 δαιμόνων
798 1756 889 1809 καὶ
912 1754 1021 1810 τῶν
1042 1756 1231 1810 παθῶν
1257 1757 1354 1827 τὴν
1375 1756 1604 1827 δύναμιν
1627 1757 1777 1828 ἕχον-

196 1865 327 1911 τες,
365 1848 555 1917 ἥντινα
604 1847 774 1918 θυμὸν
816 1847 1075 1901 ἐκάλεσε·
1112 1847 1187 1919 μὴ
1225 1848 1528 1902 πινέτωσαν
1575 1851 1638 1902 ἐκ
1684 1850 1779 1902 τοῦ

197 1940 291 1992 τὸν
341 1938 465 1993 νοῦν
517 1939 909 2011 μεθύσκοντος,
951 1940 1045 1994 καὶ
1101 1940 1200 2005 τὰς
1255 1940 1457 2013 φρένας
1502 1940 1780 2005 θολοῦντος

198 2032 430 2098 όξώδους
455 2033 597 2087 οἴνου
627 2033 737 2087 τῶν
761 2034 1073 2105 αίρετικῶν,
1101 2034 1195 2088 τοῦ
1220 2033 1361 2087 κατὰ
1390 2034 1487 2106 τῆς
1513 2033 1607 2088 τοῦ
1645 2034 1779 2089 Θεοῦ

199 2125 395 2193 σοφίας
421 2124 671 2193 γνώσεώς
699 2143 753 2178 τι
784 2126 1029 2197 ἔχοντοςο
1078 2126 1163 2179 ἵνα
1198 2125 1272 2197 μὴ
1303 2127 1543 2194 πιόντες,
1597 2128 1782 2182 ἐπιλά-

197 2216 403 2270 θωνται
428 2217 529 2286 τῆς
573 2214 666 2269 τοῦ
696 2216 830 2270 Θεοῦ
874 2218 1098 2286 σοφίαςι,
1130 2218 1225 2271 καὶ
1268 2218 1404 2290 ὀρθὰ
1451 2219 1655 2292 κρίνειν
1688 2222 1782 2275 καὶ

199 2311 343 2361 νοεῖν
376 2308 474 2379 τὴν
507 2308 740 2380 θεωρίαν
766 2308 866 2379 τῆς
884 2308 1157 2377 γνώσεως,
1186 2310 1369 2363 οὐκέτι
1403 2311 1464 2364 οὐ
1502 2311 1576 2383 μὴ
1600 2312 1783 2365 δύναν-

198 2418 290 2454 ται
324 2401 551 2466 ἑαυτούς
577 2420 638 2455 τε
673 2404 770 2456 καὶ
794 2403 919 2467 τοὺς
943 2402 1363 2475 ἀσθενεστέρους
1385 2404 1613 2475 ὠφελεῖν
1642 2406 1784 2460 κατά

199 2490 405 2561 ψυχήν.

272 2585 399 2647 Τοῖς
443 2586 499 2636 ὲν
551 2584 848 2655 ἁμαρτίαις
894 2585 1248 2656 ὀδυνωμένοις
1301 2587 1395 2641 καὶ
1454 2587 1780 2657 ἀπογνώσει,

199 2676 321 2730 δότε
349 2677 414 2729 ἐκ
440 2676 533 2729 τοῦ
567 2675 889 2747 ἀμπελῶνος
929 2676 1023 2731 τοῦ
1054 2678 1259 2750 Κυρίου
1304 2683 1446 2733 πιεῖν
1477 2682 1557 2743 είς
1591 2680 1780 2751 μέθην,

199 2767 453 2820 τουτέστι
484 2767 739 2838 νηστείαν
759 2807 773 2833 ,
825 2770 1130 2841 προσευχὴν
1150 2809 1165 2835 ,
1204 2772 1531 2842 ἐγκράτειαν
1550 2814 1564 2838 ,
1596 2770 1784 2843 ὲξομου

198 2860 427 2929 λόγησιν
474 2860 569 2912 καὶ⁸
595 2860 770 2913 πάντα
804 2862 906 2915 ὅσα
938 2862 1019 2925 είς
1056 2862 1390 2935 εὐφροσύνην
1415 2863 1593 2934 ψυχῆς
1618 2883 1631 2895 ·
1672 2867 1783 2928 τοῖς

200 2949 259 3002 δὲ
294 2952 353 3003 ὲν
377 2950 593 3021 ἀρχαῖς,
629 2952 819 3015 ὀδύνας
862 2954 960 3024 τῆς
1012 2954 1285 3025 ἁμαρτίας
1316 2958 1460 3008 πιεῖν
1485 2957 1565 3019 εἰς
1599 2955 1780 3026 κόρον,

1883 1758 2154 1814 daemones
2187 1768 2240 1814 et
2266 1760 2588 1830 cupiditates
2613 1759 2822 1814 viribus
2860 1761 3085 1829 pollent,
3115 1776 3248 1831 quas
3288 1778 3456 1817 voca-

1882 1851 2009 1905 bulo
2046 1851 2340 1907 iracundia:
2383 1852 2674 1907 denotavit.
2718 1850 2797 1905 Ne
2825 1853 3036 1921 bibant,
3069 1855 3263 1923 inquit,
3299 1869 3367 1909 ex
3392 1868 3457 1908 co

1882 1944 2026 2012 quod
2050 1954 2282 1999 mentem
2308 1945 2503 2008 ebriat,
2526 1954 2580 1999 et
2605 1946 2891 1999 cerebrum
2922 1947 3123 2013 turbat,
3147 1948 3306 2003 acido
3331 1948 3458 2001 vino

1882 2034 2286 2099 haereticorum,
2316 2034 2460 2104 quod
2502 2033 2595 2087 Dei
2629 2034 2912 2102 sapientiae
2938 2044 2994 2089 et
3026 2037 3290 2106 agnitioni
3321 2052 3457 2092 con-

1882 2127 2109 2180 trarium
2143 2135 2269 2181 est:
2319 2143 2385 2180 ne
2424 2124 2563 2181 forte
2610 2141 2676 2180 eo
2718 2136 2899 2196 cpoto,
2945 2126 3339 2182 obliviscantur
3372 2143 3457 2182 sa-

1883 2217 2098 2286 pientiae
2146 2218 2286 2285 Dei;
2330 2228 2385 2273 et
2440 2227 2589 2273 rccte
2616 2218 2911 2287 dijudicare
2967 2229 3129 2290 atque
3157 2220 3459 2290 intelligere

1883 2310 2127 2365 scientia:
2158 2310 2425 2366 theoriam
2462 2310 2604 2364 haud
2634 2311 2896 2376 valentes,
2930 2311 3184 2380 deinceps
3207 2311 3315 2388 jam
3352 2328 3458 2368 non

1885 2402 2098 2471 p0ssint
2160 2416 2273 2457 suae
2333 2412 2389 2457 et
2457 2402 2685 2457 aliorum
2748 2401 3107 2458 inﬁrmiorum
3176 2404 3459 2460 animabus

1885 2495 2164 2564 prodesse.

1958 2584 2028 2626 ¹-¹
2059 2585 2130 2641 lis
2165 2586 2256 2655 qui
2287 2587 2523 2655 peccatis
2544 2596 2811 2655 anguntur
2840 2594 2894 2641 et
2922 2586 3316 2657 desperatione,
3338 2586 3460 2642 date

1886 2678 1953 2734 de
1988 2679 2144 2734 vinea
2172 2679 2384 2734 Domini
2423 2679 2611 2733 bibere
2650 2680 2721 2733 ad
2754 2678 3091 2745 ebrietatem,
3128 2680 3180 2734 id
3207 2689 3289 2735 est
3321 2679 3457 2750 jeju-

1885 2772 2058 2836 nium,
2108 2770 2433 2835 orationem,
2485 2771 2902 2837 continentiam,
2955 2772 3355 2827 confessionem
3402 2779 3460 2825 et

1885 2878 2222 2934 quascunque
2261 2864 2495 2917 animam
2549 2863 2875 2919 exhilarant.
2910 2863 2982 2918 At
3016 2864 3086 2919 iis
3123 2865 3214 2933 qui
3245 2873 3374 2919 sunt
3405 2863 3460 2919 in

1887 2955 2301 3027 principatibus,
2329 2956 2452 3010 date
2484 2956 2693 3024 peccati
2718 2956 2933 3011 dolores
2961 2956 3147 3011 bibere
3189 2954 3255 3008 ad
3298 2954 3461 3010 satie-

201 3042 293 3096 ῐνα
319 3042 533 3107 πιόντες
564 3045 924 3100 ἐπιλάθωνται
957 3046 1057 3116 τῆς
1085 3024 1468 3117 δαιμονιώδους
1512 3024 1730 3111 πενίας·
1756 3051 1785 3101 ὁ

1897 3024 2080 3114 tatem,
2114 3058 2172 3103 ut
2201 3049 2285 3102 his
2311 3048 2485 3118 epotis
2511 3048 2904 3103 obliviscantur
2932 3048 3211 3103 diabolicae
3239 3046 3457 3116 inopiae.

201 3136 318 3206 γὰρ
350 3136 636 3206 μεθυσθεὶς
664 3139 771 3192 ἀπὸ
797 3140 895 3211 τῆς
919 3138 1170 3207 γνώσεως
1190 3138 1280 3192 τοῦ
1308 3140 1534 3212 Κυρίου,
1568 3140 1785 3195 ἐπιλαν-

204 3227 430 3281 θάνεται
463 3230 559 3301 τὴν
584 3230 783 3302 πρᾶξιν
814 3231 921 3285 τῶν
943 3232 1161 3286 ὀδυνῶν.

279 3320 495 3392 Πένητα
519 3322 663 3391 λέγει
691 3324 782 3377 τὸν
804 3324 1166 3396 ἐστερημένον
1186 3325 1285 3396 τῆς
1312 3325 1585 3395 γνώσεως,
1618 3324 1782 3378 ἀσθε-

204 3412 276 3481 νῆ
303 3412 364 3465 δὲ
386 3412 476 3467 τὸν
511 3415 819 3487 ἀκάθαρτον
843 3419 962 3480 ταῖς
991 3419 1305 3487 ἁμαρτίαις.

1888 3143 2025 3198 Nam
2057 3141 2151 3212 qui
2190 3141 2375 3197 ebrius
2416 3151 2501 3196 est
2529 3139 2804 3212 agnitione
2852 3138 3089 3204 Domini,
3121 3128 3475 3194 obliviscitur

1892 3235 2135 3290 dolorum
2168 3235 2401 3303 praxim.

1960 3332 1984 3374 ι
2014 3326 2232 3395 Inopem
2271 3326 2404 3380 dicit
2437 3325 2713 3380 hominem
2748 3323 2975 3381 scientia
3015 3331 3326 3390 carentem;
3381 3323 3464 3378 in-

1894 3415 2127 3482 ﬁrmum,
2158 3416 2397 3485 peccatis
2427 3414 2791 3487 inquinatum.

1646 3511 1796 3568 CAP.
1837 3510 2021 3566 XXV..

294 3600 354 3651 Ὀ
394 3599 536 3671 λόγῳ
562 3603 915 3675 πνευματικῷ
944 3606 1035 3659 τὸν
1080 3606 1304 3660 παλαιὸν
1342 3606 1622 3678 ἄνθρωπον
1656 3606 1793 3659 ἀπο-

209 3694 472 3757 κτείνων,
505 3694 595 3747 τὸν
643 3694 995 3768 φθειρόμενον
1025 3701 1166 3752 κατὰ
1204 3697 1302 3763 τὰς
1350 3698 1643 3770 ἐπιθυμίας
1692 3698 1792 3767 τῆς

210 3786 457 3857 ἀπάτης,
500 3788 756 3860 κατορθοῖ
788 3792 845 3843 ἐν
873 3791 1187 3865 δικαιοσύνῃ
1212 3793 1302 3845 τὸν
1335 3792 1497 3846 αὐτοῦ
1527 3790 1651 3844 νοῦν
1676 3831 1689 3855 ,
1733 3790 1791 3854 ὃς

210 3880 429 3950 λέγεται
475 3880 661 3955 θρόνος
710 3879 844 3936 εἶναι
907 3884 1075 3937 Θεοῦσ
1118 3885 1353 3956 οὐδαμοῦ
1394 3886 1501 3954 γὰρ
1548 3884 1790 3954 πέφυκεν

217 3971 456 4042 ἀλλαχοῦ
492 3972 817 4037 καθέζεσθαι
844 3976 1008 4043 σοφία
1058 3976 1150 4029 καὶ
1200 3975 1420 4043 γνῶσις.
1470 3975 1563 4029 καὶ
1585 3976 1787 4028 δικαιο-

214 4063 351 4133 σύνη
371 4102 386 4127 ,
416 4066 466 4116 εἰ
493 4064 566 4135 μὴ
597 4067 653 4117 ἐν
685 4064 843 4134 φύσει
894 4066 1119 4137 λογικῇ·
1154 4067 1325 4121 ταῦτα
1357 4068 1411 4121 δὲ
1440 4068 1613 4121 πάντα
1641 4069 1786 4121 ἐστὶν

210 4157 240 4209 ὀ
274 4156 531 4226 Χριστός.

284 4241 413 4310 Οἷος
448 4244 515 4313 εἴ,
542 4248 781 4313 τοιοῦτος
812 4249 1022 4319 φαίνου,
1058 4250 1151 4304 καὶ
1178 4252 1251 4322 μὴ
1282 4252 1603 4316 ἀλαζονεύου
1624 4294 1637 4316 ,
1670 4254 1785 4306 ἀλλ’

1967 3603 1987 3635 ⁸
2022 3601 2126 3668 Qui
2173 3602 2409 3672 Spiritali
2432 3644 2446 3668 ,
2481 3603 2648 3657 verbo
2674 3612 2909 3658 veterem
2959 3604 3231 3658 hominem
3264 3604 3463 3660 occidit

1894 3705 2207 3766 corruptum
2228 3678 2405 3749 'illum
2438 3697 2645 3751 scilicet
2678 3697 2975 3752 secundum
3015 3699 3220 3753 erroris
3252 3698 3464 3766 cupidi.

1891 3798 2051 3852 tates,
2081 3794 2357 3841 restaurat
2387 3787 2453 3840 ad
2484 3786 2751 3854 justitiam
2787 3795 3021 3842 mentem
3059 3787 3196 3856 ejus,
3230 3803 3349 3857 quae
3375 3789 3462 3843 di-

1890 3881 2031 3935 citur
2062 3880 2291 3934 thronus
2341 3893 2462 3934 esse
2494 3879 2585 3933 Dei
2617 3895 2631 3931 :
2658 3892 2922 3947 nusquam
2973 3882 3117 3934 enim
3164 3880 3299 3936 solet
3328 3880 3460 3935 alibi

1894 3973 2082 4026 sedere
2118 3969 2381 4039 sapientia
2429 3979 2486 4023 et
2536 3970 2760 4025 scientia
2801 3980 2963 4039 atque
2988 3970 3232 4039 justitia,
3268 3972 3375 4027 nisi
3404 3971 3460 4026 in

1895 4061 2145 4116 rationali
2175 4068 2387 4114 natura.
2418 4059 2542 4115 Haec
2570 4070 2748 4115 autem
2785 4062 2969 4115 omnia
3008 4061 3259 4119 Christus
3288 4074 3385 4121 est.

1963 4246 1985 4279 ⁵
2020 4243 2205 4312 Qualis
2228 4259 2311 4311 es,
2346 4243 2466 4298 talis
2504 4257 2789 4313 apparens,
2832 4258 3005 4313 neque
3050 4252 3102 4297 te
3141 4245 3335 4315 jactcs,
3366 4245 3462 4300 sed

212 4340 307 4391 ἐπὶ
353 4338 531 4407 σοφῶν
562 4339 707 4407 σίγα,
746 4340 837 4392 καὶ
867 4340 958 4392 ἐπὶ
987 4341 1371 4413 πρεσϐυτέρων
1400 4344 1639 4415 ἀκροαοῦ
1659 4361 1671 4372 ·
1713 4345 1785 4415 μὴ

1897 4352 2078 4392 coram
2111 4336 2451 4407 sapientibus
2482 4335 2603 4399 sile,
2655 4345 2708 4390 et
2754 4336 2897 4388 inter
2918 4334 3165 4389 seniores
3186 4343 3301 4389 esto
3359 4350 3462 4388 au-

213 4431 399 4499 εῖπῃς,
434 4429 649 4482 Ἐπάνω
676 4429 785 4482 τῶν
808 4429 1023 4502 ἄστρων
1047 4432 1195 4502 θήσω
1218 4433 1309 4486 τὸν
1338 4433 1523 4504 θρόνον
1554 4453 1676 4506 μου,
1700 4437 1785 4490 καὶ

1897 4429 2174 4485 scultator.
2223 4428 2299 4482 Ne
2351 4428 2498 4483 dicas
2535 4443 2550 4481 :
2584 4426 2758 4496 Super
2786 4437 2931 4482 astra
2957 4442 3149 4496 ponam
3207 4428 3462 4481 thronum

211 4521 411 4591 ἔσομαι
441 4522 625 4591 ὅμοιος
669 4521 747 4592 τῷ
791 4521 1059 4593 Ὑψίστῳ·
1100 4524 1173 4594 μὴ
1216 4524 1314 4594 ἔρα
1356 4526 1461 4578 τῶν
1507 4528 1785 4599 πρωτείων

1897 4534 2087 4584 meum,
2116 4529 2276 4575 etero
2290 4518 2482 4574 similis
2499 4517 2853 4573 Altissimo‘”.
2876 4516 2956 4572 Ne
2985 4515 3205 4572 allectes
3234 4517 3461 4589 primam

210 4613 314 4682 τῆς
340 4612 752 4683 προκαθεδρίας,
779 4613 911 4667 ἀλλὰ
929 4615 1020 4668 τὸν
1045 4614 1267 4685 ἔσχατον
1294 4617 1459 4671 τόπον
1481 4618 1756 4673 ἀπόϐλεπε
1776 4638 1790 4651 ο

214 4707 468 4777 κρεῖσσον
484 4703 591 4775 γὰρ
624 4704 852 4777 ῥηθῆναί
883 4724 984 4769 σοι,
1022 4708 1276 4779 ’Λνάὅηθι
1305 4703 1442 4780 πρός
1476 4712 1627 4784 με,ἣ
1661 4714 1794 4784 πρὸς

212 4795 306 4847 τὸν
347 4793 573 4864 ἔσχατον
597 4795 760 4847 τόπον
808 4796 1133 4868 ἀποδοθῆναί
1176 4816 1234 4851 σε
1278 4802 1394 4870 μετ’
1434 4803 1693 4874 αίσχύνης
1736 4806 1793 4859 ἐν

215 4888 495 4958 προσώπῳ
524 4886 781 4940 δυνάστου
804 4904 818 4917 ·
853 4890 987 4958 μήτε
1022 4890 1129 4959 γὰρ
1161 4892 1418 4963 φρόνιμον
1453 4894 1641 4948 ἑαυτὸν
1689 4897 1791 4966 κή-

219 4996 399 5049 ρυττε,
438 4980 575 5049 μήτε
612 4979 819 5033 δίκαιον
845 4980 1090 5049 λογίζουο
1127 4987 1380 5052 κρεῖσσον
1424 4985 1532 5057 γὰρ
1563 4985 1793 5058 ῥηθῆναι

216 5072 350 5141 περὶ
374 5069 469 5123 σοῦ
494 5089 507 5101 ·
547 5072 647 5126 Διὸ
676 5075 774 5126 καὶ
814 5077 847 5127 ό
877 5076 1020 5138 Θεὸς
1048 5075 1234 5128 αὐτὸν
1261 5077 1653 5145 ὑπερύψωσε,
1694 5079 1793 5131 καὶ

214 5168 542 5236 ἐχαρίσατο
573 5168 734 5233 αὐτῷ
764 5168 951 5238 ὄνομα
978 5169 1042 5223 τὸ
1075 5169 1225 5238 ὑπὲρ
1250 5170 1373 5226 πᾶν
1396 5172 1601 5240 ὄνομα.

302 5259 511 5312 Ὀπίσω
550 5259 696 5326 λέγει
746 5259 813 5313 τὰ
853 5262 1252 5332 προγεγονότα’
1320 5262 1471 5332 φίλος
1519 5262 1575 5315 δὲ
1640 5263 1795 5334 ἡμῶν

217 5352 368 5405 ἐστιν
392 5352 420 5403 ὁ
450 5350 601 5415 Θεὸς,
636 5352 694 5414 ὃς
718 5350 804 5404 διὰ
835 5352 931 5423 τὴν
966 5353 1103 5423 πρὸς
1132 5355 1280 5424 ἡμᾶς
1310 5353 1490 5423 φιλίαν
1513 5353 1798 5425 ἄνθρωπος

216 5446 476 5514 γέγονεν·
534 5446 722 5515 εἴρηκε
769 5444 877 5516 γὰρ
928 5446 1088 5509 αὐτὸς
1148 5448 1283 5517 πρὸς
1324 5448 1451 5511 τοὺς
1514 5447 1794 5518 μαθητάςσ

209 5534 428 5590 Οὐκέτι
454 5533 605 5603 λέγω
629 5534 783 5603 ὑμᾶς
812 5535 1071 5602 δούλους
1090 5577 1105 5600 ,
1141 5537 1301 5592 ἀλλά
1330 5539 1566 5607 φίλους.
1606 5539 1797 5592 Ἡνίκα

217 5631 283 5683 ἄν
335 5646 393 5680 σε
440 5627 669 5697 ὀνειδίζῃ
716 5630 742 5679 ὁ
794 5628 979 5698 φίλος,
1009 5632 1036 5682 ὁ
1082 5633 1310 5702 Χριστὸς
1354 5632 1534 5697 λέγει,
1570 5631 1655 5683 διὰ
1702 5631 1797 5700 τὴν

288 5722 338 5752 ⁹⁹
370 5734 421 5770 v.
452 5718 503 5771 4.
579 5719 649 5759 ¹ι¹
675 5734 726 5771 v.
754 5718 807 5771 6.
886 5720 905 5750 ³
934 5736 982 5771 v.
1014 5721 1064 5773 9.

292 5810 410 5880 (‘20)
442 5809 571 5861 Cod.
616 5809 849 5862 ύττείκκ.

502 5908 771 5966 ΡΑτιωι..
808 5908 901 5965 Gn
965 5905 1132 5965 KH!

1890 4613 2229 4675 cathedram,
2260 4611 2356 4666 sed
2384 4619 2689 4665 extremum
2720 4609 2899 4665 locum
2931 4617 3135 4678 specta.
3163 4608 3353 4663 Melius
3381 4621 3465 4663 est

1899 4708 2045 4761 enim
2086 4714 2145 4759 ut
2176 4703 2273 4758 tibi
2312 4704 2528 4757 dicatur
2561 4720 2575 4756 :
2606 4701 2855 4757 Ascende
2886 4703 2951 4756 ad
2985 4716 3091 4766 me,
3118 4704 3283 4770 quam
3313 4710 3373 4754 ιιι
3406 4703 3461 4754 in

1898 4806 2232 4867 postremum
2290 4794 2468 4848 locum
2531 4793 2794 4862 rejiciaris
2859 4808 2982 4847 cum
3044 4791 3332 4862 ignominia
3408 4792 3471 4845 in'

1897 4897 2191 4959 conspectu
2226 4887 2485 4957 dynastas.
2531 4886 2716 4956 Neque
2745 4895 2796 4940 te
2824 4886 3141 4955 prudentem
3179 4884 3463 4955 praedices,

1898 4993 2072 5050 neque
2100 4987 2150 5033 te
2168 4979 2371 5047 justum
2399 4976 2696 5032 existimes.
2735 4974 2929 5031 Melius
2952 4984 3036 5031 est
3068 4975 3211 5031 enim
3237 4984 3293 5028 ut
3320 4976 3386 5028 de
3412 4982 3467 5029 te

1898 5071 2111 5125 dicatur
2149 5086 2162 5121 :
2199 5068 2481 5136 Propterea
2508 5066 2660 5119 illum
2693 5065 2831 5119 Deus
2863 5064 3270 5135 superemaltavit
3298 5078 3344 5118 et
3373 5065 3467 5117 do-

1897 5165 2035 5218 navit
2068 5164 2115 5217 ei
2152 5178 2338 5216 nomen
2362 5160 2500 5230 quod
2527 5169 2601 5213 est
2630 5175 2789 5228 super
2813 5174 2961 5212 omne
2990 5174 3177 5211 nomen
3212 5158 3254 5209 ⁸.

1971 5258 1989 5287 ⁷
2016 5256 2184 5310 Retro
2214 5254 2363 5319 dicit,
2390 5268 2477 5308 res
2507 5267 2626 5322 qua:
2654 5250 2892 5305 fuerunt.
2937 5251 3162 5305 Amicus
3190 5264 3317 5302 vero
3367 5262 3463 5302 no-

1902 5360 2016 5406 ster
2040 5349 2205 5411 Deus,
2239 5346 2331 5415 qui
2389 5352 2613 5413 pmpter
2661 5357 2817 5398 suam
2841 5357 2966 5412 erga
3010 5355 3106 5396 nos
3144 5339 3468 5395 charit'atem

1904 5444 2081 5498 factus
2110 5452 2192 5496 est
2225 5440 2407 5494 homo.
2440 5437 2530 5492 Ait
2551 5436 2695 5491 enim
2724 5436 2835 5503 ipse
2858 5434 3136 5504 discipulis
3166 5452 3179 5488 :
3211 5431 3334 5485 1am
3364 5444 3467 5482 non

1904 5539 2020 5590 dico
2054 5552 2142 5590 vos
2169 5524 2366 5599 sernas,
2397 5531 2486 5586 sed
2512 5531 2708 5584 amicos
2737 5528 2780 5584 ⁸.
2820 5530 2882 5582 Ει
2922 5543 3043 5583 cum
3079 5536 3129 5581 te
3169 5519 3471 5589 increpabit

1907 5630 2135 5692 amicus,
2160 5625 2411 5682 Christus
2436 5623 2630 5692 inquit,
2658 5630 2715 5674 ut
2743 5637 2770 5675 a
2805 5629 3028 5689 peccato
3061 5617 3310 5675 ahsistas.
3363 5612 3472 5665 noli

1146 5726 1166 5751 δ
1196 5738 1243 5777 v.
1278 5723 1330 5776 5.
1405 5724 1499 5776 “v.
1532 5723 1584 5775 6.
1662 5724 1705 5753 δ’
1743 5722 1785 5777 Is

1897 5734 1988 5783 uv,
2022 5718 2107 5773 14.
2185 5715 2366 5771 6Phil.
2392 5730 2452 5780 ιι,
2489 5712 2541 5766 9.
2617 5713 2637 5744 "
2673 5727 2720 5765 v.
2758 5711 2811 5765 9.
2887 5710 2908 5740 ⁸
2940 5710 3096 5765 Joan.
3124 5724 3214 5768 xv,
3241 5707 3329 5759 15.

3162 5898 3201 5953 8
