3888 6218
446 280 554 338 255

1333 272 1903 335 SUPPLEMENTUM
1943 275 2033 332 AD
2068 274 2400 333 ORIGENIS
2434 274 2848 333 EXEGETICA.

3594 274 3700 330 236

444 408 821 467 contemnere;
848 401 941 457 sed
970 401 1122 466 cede,
1155 410 1317 471 atque
1339 401 1406 454 ad
1434 400 1667 471 priorem
1700 400 2014 456 modestiam

2126 399 2432 472 ἁμαρτίαν,
2458 400 2663 471 ταύτης
2706 394 3005 468 ἀπέχεσθαι
3025 437 3038 462 ,
3080 394 3154 469 μὴ
3188 396 3547 468 καταφρόνει,
3586 379 3701 452 ἀλλ’

443 502 738 559 reVertere,
770 494 822 550 id
846 502 929 550 est
963 496 1030 549 ad
1056 493 1150 549 Dei
1186 494 1596 565 benignitatem.

410 642 421 723 ί
511 681 534 714 θ
560 679 808 736 Gratiam
842 680 973 735 dicit
1015 680 1107 735 Dei
1141 689 1445 751 praecepta;
1504 679 1804 734 amicitiam
1863 696 2014 747 vero,

440 779 682 825 amorem
711 782 839 839 erga
885 768 1052 824 Deum
1082 778 1135 824 et
1164 769 1495 839 proximum.
1540 767 1643 835 Qui
1692 783 1823 824 vero
1847 768 2015 827 Deum

438 869 605 923 amat,
635 859 885 915 observet
905 875 968 914 ea
997 860 1137 928 apud
1160 875 1239 926 se,
1268 873 1333 915 ne
1361 860 1803 929 despectissimus
1828 878 2013 918 coram

434 951 533 1008 illo
558 952 653 1018 sit,
684 966 805 1007 cum
836 966 1275 1021 unumquemque
1306 967 1403 1019 pro
1438 951 1647 1005 meritis
1692 952 1807 1008 suis
1840 968 2016 1009 remu-

434 1043 735 1099 nerabltur.
776 1040 843 1097 Et
878 1044 929 1097 in
970 1042 1279 1112 Evangeliis
1314 1042 1584 1101 Salvator
1629 1042 1715 1106 iis,
1755 1043 1850 1113 qui
1907 1044 2011 1098 sibi

434 1136 810 1200 crediderant,
842 1132 1043 1191 Iudaeis
1070 1136 1147 1189 ait
1181 1155 1193 1190 :
1228 1133 1292 1191 Si
1318 1150 1405 1189 vos
1448 1135 1504 1188 in
1536 1134 1689 1189 verba
1718 1150 1832 1188 meo
1861 1151 2014 1190 man-

433 1227 635 1293 seritis,
665 1244 781 1282 vere
807 1228 1057 1297 discipuli
1079 1228 1179 1281 mei
1207 1228 1352 1294 estis,
1383 1236 1433 1281 et
1458 1227 1647 1281 veritas
1676 1225 1917 1281 liberavit
1948 1228 2013 1282 de

432 1321 561 1393 legis
593 1321 1048 1378 maledictione".
1086 1320 1145 1375 Si
1187 1334 1321 1389 ergo
1360 1320 1602 1374 cbaritas
1631 1320 1847 1382 liberat,
1886 1320 2011 1374 Sal-

431 1424 591 1471 vator
616 1430 832 1486 quoque
856 1414 1047 1469 liberat
1076 1430 1089 1466 :
1123 1412 1375 1469 Christus
1410 1422 1590 1467 autem
1611 1422 1695 1468 est
1725 1414 1929 1468 veritas
1954 1422 2012 1467 et

430 1506 716 1563 cbaritas:
761 1506 905 1561 unde
931 1519 1119 1561 omnes
1158 1504 1254 1576 qui
1293 1504 1714 1562 habentChristi
1740 1505 2006 1571 notitiam,

431 1600 591 1655 amici
642 1600 874 1655 invicem
910 1609 1055 1654 sunt.
1110 1599 1175 1654 Et
1218 1599 1395 1655 sancti
1448 1612 1637 1653 omnes
1685 1597 1849 1653 amici
1892 1596 2009 1665 ejus

428 1696 559 1743 sunt
591 1704 603 1738 :
638 1697 802 1757 atque
833 1688 905 1742 ita
931 1689 1023 1743 -ob
1056 1688 1195 1743 hanc
1248 1687 1407 1743 unice
1452 1687 1794 1755 cbaritatem,
1845 1687 2006 1742 amici

428 1776 549 1845 Dei,
583 1780 744 1835 amici
782 1779 1011 1833 invicem
1040 1787 1187 1833 sunt.

490 1873 543 1903 λιι
579 1871 680 1938 Qui
722 1871 946 1925 edoctus
978 1868 1082 1924 fuit
1113 1869 1363 1935 virtutes,
1399 1883 1603 1939 easque
1647 1884 1811 1940 opere
1850 1882 2007 1924 erier-

427 1976 536 2030 cet,
566 1979 652 2020 res
683 1978 809 2019 suas
836 1961 997 2019 facile
1024 1962 1283 2018 custodit.

495 2055 643 2111 Pone
703 2055 941 2124 lapidem
1009 2055 1293 2109 sardinum
1384 2051 1689 2123 pretiosum
1737 2052 1793 2106 in
1839 2066 2004 2108 aurea

426 2147 636 2212 inaure,
671 2155 726 2202 et
752 2145 1076 2215 sapientiam
1099 2142 1323 2198 ’Domiui
1354 2143 1421 2198 ‘in
1460 2151 1645 2199 mente
1682 2143 2005 2213 cupiditati-

422 2237 526 2292 bus
558 2237 727 2291 libera
756 2245 810 2291 et
842 2237 1176 2305 obsequente
1207 2234 1334 2289 Deo.

497 2333 542 2364 ¹²
578 2330 734 2386 Sicut
766 2345 833 2385 ex
874 2332 998 2385 nive
1045 2326 1216 2383 ﬂuens
1273 2340 1413 2395 aqua
1474 2327 1531 2382 in
1566 2326 1761 2383 messis
1820 2327 2003 2385 calore

422 2424 664 2493 prodest,
698 2430 753 2477 et
775 2431 963 2476 aestum
996 2421 1311 2490 refrigerat;
1349 2421 1429 2475 sic
1454 2428 1541 2475 est
1577 2420 1721 2475 Deus
1756 2434 1884 2491 erga
1929 2420 2001 2477 il-

422 2514 652 2584 los-qui
704 2520 1061 2581 susceperunt
1112 2509 1437 2578 sapientiam
1486 2515 1651 2577 atque
1712 2507 1998 2563 scientiam

419 2608 660 2675 itemque
694 2613 965 2676 praecepta
1020 2601 1157 2671 ejus.
1204 2601 1273 2655 Et
1327 2600 1468 2656 sicut
1493 2600 1675 2656 nivem
1722 2598 2002 2671 liquefacit

419 2709 607 2766 astus,
637 2699 710 2753 ita
743 2700 940 2752 animae
965 2696 1267 2767 nequitiam
1287 2694 1423 2765 justi
1450 2693 1554 2749 viri
1581 2692 1901 2750 admonitio.

494 2794 539 2825 ¹³
567 2792 721 2848 Sicut
760 2791 913 2846 venti
962 2798 1019 2845 et
1055 2788 1223 2843 nubes
1274 2788 1455 2843 nautis
1499 2787 1737 2842 evidenti
1793 2787 1998 2843 indicio

417 2896 567 2953 sunt,
597 2884 890 2954 quominus
932 2881 1275 2951 naufragium
1322 2881 1647 2946 incurrant;
1681 2878 1759 2933 ita
1789 2878 1995 2933 haben-

418 2980 567 3037 tibus
587 2974 691 3035 Dei
740 2975 1092 3048 sapientiam,
1124 2973 1270 3030 'falsa
1323 2973 1550 3030 scientia
1585 2986 1654 3027 ne
1709 2988 1831 3027 cum
1882 2972 1996 3042 glo-

418 3072 690 3129 riantibus
720 3068 776 3124 in
803 3082 865 3124 ea
889 3075 1137 3138 pereant.

491 3165 539 3198 ¹⁴
561 3163 714 3218 Sicut
746 3161 966 3231 corpori
1003 3172 1127 3214 ossa
1158 3155 1531 3213 fortitudinem
1559 3154 1836 3225 roburque
1858 3168 1992 3209 con-

415 3257 620 3322 ferunt,
655 3256 730 3310 ita
765 3268 824 3310 se
850 3254 1051 3308 habent
1081 3265 1210 3321 erga
1243 3249 1479 3305 animam
1510 3247 1766 3303 virtutes.
1796 3247 1995 3303 Conte-

414 3353 490 3408 rit
522 3361 707 3406 autem
763 3361 889 3403 ossa
946 3345 1080 3410 haec,
1119 3358 1238 3414 quae
1289 3350 1512 3412 peccata
1560 3355 1669 3395 non
1723 3346 1994 3410 praecavet

416 3444 620 3499 anima.
661 3437 921 3495 Nonnulli
967 3442 1176 3507 partem
1218 3434 1414 3488 animae
1468 3432 1819 3496 iracundam,
1854 3428 1993 3484 mol-

413 3536 519 3591 lem
556 3531 981 3603 appellaverunt,
1013 3540 1135 3597 quae
1164 3539 1262 3579 sua
1294 3522 1494 3591 frangit
1519 3535 1646 3589 erga
1682 3520 1849 3574 Deum
1882 3519 1993 3590 spi-

414 3626 595 3683 ritalia
627 3639 771 3689 ossa,
809 3636 931 3692 quae
961 3621 1143 3675 dicere
1174 3616 1435 3673 deberent
1467 3633 1480 3669 :
1514 3613 1758 3678 Domine,
1812 3612 1991 3667 Domi-

1017 3711 1100 3749 Is?

413 3738 500 3786 ne,
528 3719 642 3791 quis
672 3716 861 3773 similis
891 3713 985 3768 tibi

487 3811 535 3845 ¹⁶
560 3808 807 3866 llominis
834 3818 1067 3876 nequam
1103 3802 1211 3866 via,
1241 3800 1485 3870 nequitia
1516 3806 1599 3855 est
1630 3807 1725 3853 :et
1762 3812 1857 3869 pes
1882 3798 1988 3852 im-

409 3904 590 3978 probi,
626 3899 947 3973 improbitas
980 3906 1082 3952 est.
1120 3893 1332 3950 Peribit
1360 3902 1540 3947 autem
1577 3891 1630 3945 in
1659 3892 1748 3946 die
1770 3890 1986 3961 judicii.

409 3995 762 4054 Consuetudo
790 3991 1029 4048 hominis
1061 3989 1115 4044 in
1142 3986 1409 4043 vocabulo
1439 3986 1560 4053 viae,
1591 3998 1759 4055 opera
1804 3984 1859 4039 in
1896 4000 1988 4039 vo-

408 4091 605 4150 cabulo
636 4088 787 4159 pedis
822 4085 1170 4154 intelligetur.

376 4190 410 4208 “
484 4185 529 4218 ιτ
582 4184 739 4239 Sicut
767 4188 980 4235 acetum
1034 4173 1273 4237 vulneri,
1325 4171 1471 4241 quod
1526 4171 1636 4239 jam
1673 4177 1988 4239 putrescere

408 4279 597 4351 cmpit,
634 4274 829 4332 inutile
860 4281 961 4338 est,
1010 4282 1325 4341 quanquam
1383 4265 1522 4321 cibis
1551 4262 1764 4320 confert
1792 4262 1986 4333 jucun-

408 4373 668 4437 ditatem;
705 4369 779 4423 ita
812 4365 1058 4420 mulieris
1088 4369 1414 4429 conspectus
1452 4366 1505 4413 et
1532 4355 1859 4425 colloquium
1890 4368 1987 4408 cor

2122 492 2393 564 ἀναχώρει
2421 491 2513 546 καὶ
2546 492 2853 562 ὑπόστρεφε
2884 490 3022 561 πρὸς
3045 488 3144 561 τὴν
3174 489 3397 562 πρώτην
3420 490 3704 562 σωφροσύ-

2121 602 2236 657 νην,
2267 585 2510 638 τουτέστι
2532 584 2669 656 πρὸς
2693 584 2795 655 τὴν
2816 581 2910 636 τοῦ
2939 580 3074 635 Θεοῦ
3097 581 3290 652 φιλανθ
3300 581 3526 654 ρωπίαν.

2189 678 2384 750 Χάριν,
2412 678 2512 742 τὰς
2540 676 2635 731 τοῦ
2662 676 2799 731 Θεοῦ
2827 676 3046 741 ἐντολάς
3080 692 3241 748 φησι·
3277 675 3458 746 φιλίαν
3485 675 3543 729 δὲ
3561 714 3577 742 ,
3600 674 3703 748 τὴν

2117 768 2255 841 πρὸς
2304 769 2393 822 τὸν
2423 768 2557 822 Θεὸν
2599 768 2694 821 καὶ
2735 766 2961 838 πλησίον
2990 766 3232 836 ἀγάπην.
3270 765 3327 820 '0
3368 766 3425 819 δὲ
3469 768 3701 835 ἀγαπῶν

2115 861 2206 915 τὸν
2235 860 2366 913 Θεὸν
2389 860 2682 934 τηρησάτω
2705 859 2876 923 αύτάς
2908 860 2968 913 ὲν
3000 860 3177 928 ἐαυτῳ
3196 898 3211 923 ,
3249 858 3337 911 ἵνα
3380 859 3453 930 μὴ
3489 859 3703 914 ἐπονεί-

2115 954 2294 1019 διστος
2324 955 2548 1026 γένηται
2582 956 2714 1027 παρ’
2747 953 2915 1025 αὐτῷ,
2949 954 3037 1006 ὅτε
3063 951 3131 1006 τά
3154 953 3274 1005 κατ’
3302 950 3457 1018 ἀξίαν
3482 952 3702 1024 ἑκάστῳ

2116 1041 2369 1119 ἀπονέμῃ
2389 1063 2402 1075 ⁸
2426 1048 2518 1100 καὶ
2538 1049 2566 1101 6
2588 1046 2778 1119 Σωτὴρ
2811 1046 2869 1100 ὲν
2894 1043 3246 1114 Εὐαγγελίοις
3278 1043 3413 1114 πρὸς
3433 1043 3559 1107 τοὺς
3592 1061 3697 1097 πε-

2115 1140 2470 1203 πιστευκότας
2490 1138 2638 1209 αύτῷ
2653 1138 2937 1201 Ἰουδαίους
2967 1137 3130 1208 φησίν
3148 1152 3164 1170 ο
3202 1135 3341 1190 Ἐὰν
3370 1135 3538 1204 ὑμεῖς
3560 1137 3693 1205 μεί-

2112 1231 2256 1300 νητέ
2301 1231 2371 1285 ἐν
2398 1230 2480 1297 τῷ
2513 1232 2673 1301 λόγῳ
2715 1229 2796 1297 τῷ
2842 1228 2994 1299 ἐμῷ,
3034 1227 3271 1297 ἀληθῶς
3292 1228 3553 1298 μαθηται
3570 1247 3699 1298 μου

2111 1325 2287 1393 ὲστές
2316 1322 2415 1378 καί
2438 1324 2475 1393 ἡ
2490 1323 2741 1391 ἀλήθεια
2758 1321 3176 1391 ἠλευθέρωσεν
3198 1320 3267 1374 ἐκ
3294 1318 3405 1389 τῆς
3430 1319 3698 1390 κατάρας

2110 1416 2218 1469 τοῦ
2254 1415 2473 1486 νόμουο
2503 1416 2551 1468 εί
2579 1410 2671 1469 οὖν
2702 1416 2735 1486 ἡ
2776 1413 2928 1484 φιλία
2976 1412 3285 1484 ἐλευθεροῖ,
3318 1413 3411 1466 καὶ
3447 1413 3477 1466 6
3504 1413 3699 1485 Σωτὴρ

2111 1508 2411 1581 ἐλευθεροῖ·
2447 1509 2680 1582 Χριστὸς
2702 1506 2759 1560 δέ
2800 1510 2947 1560 ἐστιν
2979 1506 3013 1578 ή
3059 1504 3289 1576 ἀλήθεια
3326 1505 3422 1559 καὶ
3454 1507 3487 1572 ἡ
3517 1505 3695 1573 φιλία,

2110 1600 2233 1655 ὃθεν
2274 1602 2368 1655 καὶ
2400 1597 2602 1664 πάντες
2653 1600 2704 1653 οἱ
2738 1598 2952 1669 ἔχοντες
2998 1596 3200 1668 γνῶσιν
3242 1596 3510 1669 Χριστοῦ,
3548 1596 3698 1666 φίλοι

2109 1692 2354 1765 ἀλλήλων
2384 1692 2520 1746 είσίν
2540 1710 2553 1721 ·
2587 1690 2730 1745 οὕτω
2774 1690 2870 1744 καὶ
2900 1689 2992 1743 ἐπὶ
3025 1687 3229 1760 ταύτης
3266 1688 3424 1759 μόνον
3455 1688 3556 1759 τῆς
3598 1705 3696 1759 φι-

2037 1775 2081 1831 Β
2108 1783 2227 1847 λίας
2256 1784 2306 1837 οἱ
2333 1782 2427 1837 τοῦ
2460 1782 2625 1837 αὑτοῦ
2660 1781 2825 1852 φίλοι,
2855 1781 2951 1834 καὶ
2984 1779 3158 1834 ἀλλων
3196 1780 3305 1832 elei.
3334 1778 3496 1848 φίλοι.

2190 1877 2248 1930 '0
2269 1876 2539 1947 διδαχθεὶς
2572 1876 2701 1947 περὶ
2737 1875 2844 1929 τῶν
2873 1873 3083 1945 ἀρετῶν
3108 1914 3122 1938 ,
3158 1872 3254 1925 καὶ
3293 1870 3499 1936 ταύτας
3530 1873 3687 1943 ὲνερ-

2107 1968 2240 2038 γῶν,
2270 1967 2340 2021 τὰ
2374 1968 2569 2022 ἑαυτοῦ
2593 1967 2852 2038 φυλάσσει
2881 1964 3342 2026 εύσυναλλάκτως.

2178 2058 2420 2130 Ἔμόαλε
2448 2059 2660 2130 σάρδιον
2708 2057 2997 2121 πολυτελὲς
3047 2057 3126 2119 εἰς
3156 2057 3376 2109 ὲνωτιον
3424 2053 3687 2127 χρυσοῦν,

2105 2152 2198 2205 καὶ
2263 2154 2453 2224 σοφίαν
2502 2152 2709 2226 Κυρίου
2772 2154 2852 2217 είς
2908 2150 3031 2207 νοῦν
3075 2150 3260 2222 ἀπαθῆ
3308 2150 3403 2205 καὶ
3456 2150 3689 2223 εὐήκοον

2104 2241 2315 2317 Κυρίῳ.

2181 2339 2391 2409 Ὥσπερ
2413 2336 2474 2389 τὸ
2500 2338 2564 2389 ὲκ
2606 2335 2782 2406 χιόνος
2828 2348 3018 2406 εκρεον
3058 2334 3201 2406 ὕδωρ
3230 2334 3287 2387 ὲν
3315 2332 3511 2405 ἀμητῷ
3537 2333 3689 2387 κατὰ

2102 2430 2289 2502 καῦμα
2317 2429 2536 2499 ὠφελεῖ,
2571 2430 2667 2482 καλ⁸
2687 2428 2953 2501 ἀναψύχει
2980 2429 3257 2491 καύσωνα,
3290 2427 3463 2490 οὕτως
3494 2428 3522 2480 6
3546 2426 3688 2489 Θεὸς

2101 2520 2195 2573 ἐπὶ
2231 2522 2344 2583 τοῖς
2387 2519 2694 2590 δεχομένοις
2726 2521 2826 2592 τήν
2868 2536 2926 2572 τε
2952 2518 3151 2588 γνῶσιν
3183 2517 3277 2570 καὶ
3318 2515 3511 2586 σοφίαν
3534 2556 3549 2582 ,
3585 2515 3688 2568 καὶ

2100 2612 2167 2666 τὰ
2213 2612 2619 2685 προστάγματα
2669 2610 2869 2666 αὐτοῦ·
2920 2612 3015 2666 καὶ
3080 2610 3267 2681 ῶσπερ
3316 2609 3471 2680 χιόνα
3520 2610 3689 2680 τήκει

2100 2707 2339 2772 καύσων,
2369 2706 2510 2760 οὕτω
2537 2707 2735 2761 κακίαν
2758 2706 2954 2778 ψυχῆς,
2978 2704 3190 2759 δικαίου
3215 2703 3562 2776 παραίνεσις.

2175 2801 2386 2872 Ὥσπερ
2419 2800 2611 2872 ἄνεμοι
2656 2800 2751 2853 καὶ
2782 2799 2919 2871 νέφη
2959 2798 3272 2871 πλωτῆρσιν
3314 2796 3688 2865 ἐπιφανέστα-

2094 2909 2178 2948 τοι
2211 2894 2303 2947 τοῦ
2334 2894 2408 2965 μὴ
2435 2894 2773 2965 ναυαγῆσαι,
2820 2892 2964 2947 οὕτω
3005 2894 3117 2955 τοῖς
3162 2891 3220 2943 ὲν
3267 2888 3429 2959 σοφίᾳ
3472 2886 3609 2941 Θεοῦ
3646 2891 3684 2960 ή

2092 2985 2295 3059 ψευδὴς
2330 2985 2551 3055 γνῶσις,
2582 2982 2676 3040 τοῦ
2708 2986 2783 3058 μὴ
2817 2986 2912 3041 σὺν
2942 2984 3057 3049 τοῖς
3090 2983 3463 3055 καυχωμένοις
3494 2982 3552 3034 ὲν
3574 2981 3683 3034 αὑ-

2094 3077 2162 3147 τῇ
2187 3074 2502 3130 ἀπολέσθαι.

2171 3168 2380 3239 Ὥσπερ
2407 3166 2484 3238 τῷ
2521 3164 2732 3237 σώματι
2780 3163 2850 3217 τά
2887 3164 3021 3218 ὀστᾶ
3073 3163 3225 3234 ἰσχὺς
3266 3161 3686 3231 καὶςάσφάλεια

2100 3258 2325 3331 ῥώμης,
2359 3258 2501 3312 οὕτω
2521 3260 2587 3329 τῇ
2617 3258 2760 3329 ψυχῇ
2798 3259 2854 3310 αἱ
2881 3257 3071 3329 ἀρεταὶ
3104 3254 3413 3324 πεφύκασι·
3455 3254 3686 3324 συντρί-

2098 3352 2182 3406 ϐει
2235 3352 2291 3405 δὲ
2332 3352 2504 3406 ταῦτα
2545 3351 2613 3405 τὰ
2657 3352 2791 3404 ὀστᾶ
2840 3350 2914 3422 μὴ
2963 3348 3492 3420 παραφυλασσομένη
3553 3350 3686 3411 ταῖς

2098 3445 2395 3518 ἁμαρτίαις
2413 3458 2431 3475 °
2459 3444 2601 3507 τινὲς
2624 3443 2681 3497 δὲ
2699 3442 2795 3515 τὴν
2815 3440 3032 3513 θυμώδη
3061 3439 3236 3511 ψυχὴν
3258 3437 3548 3509 ὠνόμασαν
3576 3455 3688 3509 μα-

2097 3537 2288 3610 λακὴν,
2319 3538 2441 3608 ἥτις
2475 3535 2749 3607 συντρίϐει
2780 3533 2849 3587 τά
2878 3533 3079 3602 ἑαυτῆς
3112 3532 3246 3603 πρὸς
3272 3530 3403 3584 Θεὸν
3428 3546 3688 3599 πνευμα-

2095 3630 2223 3685 τικά
2249 3630 2381 3683 ὀστᾶ
2405 3669 2419 3693 ,
2452 3627 2521 3682 τὰ
2553 3625 2833 3698 πεφυκότα
2857 3624 3037 3693 λέγειν
3059 3639 3074 3655 ο
3106 3623 3304 3691 Κύριε,
3345 3622 3519 3689 Κύριε
3538 3662 3553 3686 ,
3581 3622 3686 3687 τίς

2096 3722 2298 3791 ὅμοιός
2326 3734 2424 3774 σοι
2443 3736 2463 3784 ;

2166 3811 2353 3867 Κακοῦ
2381 3812 2528 3877 ὁδὸς,
2561 3814 2594 3884 ἡ
2624 3809 2789 3865 κακία
2826 3808 2978 3863 ἐστί’
3022 3806 3116 3862 καὶ
3161 3805 3295 3870 ποῦς
3330 3803 3681 3875 παρανόμου,

2094 3907 2129 3978 ἡ
2156 3904 2465 3977 παρανομία
2489 3905 2637 3958 ἐστίν
2662 3922 2675 3934 ·
2717 3902 2993 3957 ἀπολεῖται
3013 3900 3071 3953 δὲ
3101 3900 3159 3953 ὲν
3191 3897 3372 3969 ἡμέρα
3417 3895 3514 3966 τῆς
3544 3894 3681 3963 κρί-

2096 4017 2234 4063 σεως
2253 4016 2266 4030 ·
2301 3997 2412 4064 ’ἐξις
2446 3996 2533 4050 διὰ
2558 3996 2657 4068 τῆς
2686 3993 2828 4061 ὁδοῦ,
2863 3992 2957 4047 καὶ
2982 3991 3229 4063 ἐνέργεια
3256 3987 3345 4041 διά
3380 3985 3474 4039 τοῦ
3508 3986 3683 4050 ποδὸς

2094 4091 2439 4163 νοηθήσεται.

2164 4186 2370 4254 Ὥσπερ
2402 4181 2464 4234 τὸ
2494 4178 2615 4243 ὅξος
2641 4179 2697 4230 ὲν
2740 4174 2887 4228 ἕλκει
2913 4172 3008 4227 τοῦ
3058 4173 3232 4245 ἀρχὴν
3267 4170 3427 4243 σῆψιν
3453 4169 3683 4241 ἔχοντος

2092 4270 2430 4341 ἀσύμφορον,
2460 4266 2638 4321 καίτοι
2672 4262 2956 4335 βρώματος
2974 4262 3086 4332 (2|)
3119 4262 3270 4325 ὄντος
3302 4263 3380 4325 είς
3407 4259 3681 4331 ήδύτητα,

2092 4364 2233 4416 οὕτω
2260 4358 2517 4430 γυναικὸς
2550 4354 2751 4426 θεωρία
2777 4356 2871 4409 καὶ
2897 4353 3081 4425 ὁμιλία
3110 4353 3338 4426 καρδίαν
3362 4352 3683 4422 σπαράσσει

409 4462 677 4519 dilacerat
701 4457 825 4523 viri,
854 4454 947 4525 qui
979 4468 1037 4510 se
1056 4451 1248 4507 virtuti
1280 4449 1534 4504 addicere
1559 4455 1824 4516 ceperat.
1850 4443 1984 4498 Nam

2114 4458 2185 4507 τοῦ
2220 4454 2354 4526 πρὸς
2380 4450 2577 4523 ἀρετὴν
2607 4448 2797 4502 ἑαυτὸν
2823 4447 3070 4509 ἐκδόντος
3102 4446 3195 4499 καὶ
3228 4444 3399 4516 ἀρχὴν
3430 4443 3679 4514 ἔχοντος.

409 4569 533 4626 qua
559 4550 753 4607 incidit
780 4550 832 4603 in
867 4562 963 4603 cor
986 4544 1303 4607 commotio,
1335 4540 1579 4611 nequitia
1611 4547 1724 4604 est;
1756 4552 1863 4607 qua
1892 4536 1983 4606 qui

2114 4544 2166 4597 Γὸ
2187 4542 2295 4614 γὰρ
2323 4544 2660 4613 προσπίπτον
2686 4541 2752 4610 τῇ
2784 4536 2980 4608 καρδία
3007 4534 3198 4601 πάθος,
3229 4537 3262 4606 ἡ
3288 4533 3453 4587 κακία
3481 4533 3638 4586 ἐστίν
3660 4552 3680 4567 ο

411 4654 622 4712 carent,
685 4642 943 4698 dicuntur
996 4631 1495 4708 imperturbabiles.
1541 4658 1615 4673 —-
1661 4628 1863 4684 Mmror
1906 4637 1991 4683 est

418 4740 623 4795 cad'uca
675 4736 894 4791 caducae
935 4729 1234 4802 voluptatis
1288 4726 1520 4798 privatio
1575 4743 1591 4779 :
1632 4723 1727 4780 sed
1770 4722 1859 4777 ille
1908 4729 1993 4775 est

412 4828 700 4887 laudabilis
752 4839 986 4891 mceror,
1037 4823 1128 4891 qui
1193 4821 1262 4877 ob
1318 4818 1679 4890 privationem
1726 4816 1989 4869 virtutum

407 4924 762 4991 scientiaeque
792 4919 889 4975 Dei
923 4915 1207 4986 contingit.

481 5016 602 5057 ¹⁸-¹⁹
633 5015 837 5070 Panem
889 5009 990 5064 hoc
1022 5010 1147 5062 loco‘
1171 5004 1399 5062 solidam
1454 5001 1830 5057 mandatorum
1892 4998 1987 5052 Dei

407 5125 591 5167 escam
642 5106 838 5161 anima:
868 5104 1016 5158 dicit.
1052 5099 1221 5155 Potus
1244 5111 1374 5154 vero
1417 5094 1662 5152 divinam
1697 5092 1984 5148 scientiam

410 5201 701 5275 signiﬁcat.
737 5196 1015 5255 Carbones
1040 5192 1180 5256 ignis
1212 5189 1448 5261 appellat
1495 5184 1831 5242 sacrosancti
1863 5182 1985 5252 Spi-

410 5300 551 5352 ritus
584 5294 746 5357 dona,
790 5304 911 5360 qua:
957 5286 1249 5342 amburunt
1300 5292 1645 5353 purgantque
1700 5277 1982 5332 hominum

408 5389 565 5443 vitia.
600 5384 807 5440 Etenim
843 5382 1012 5453 ignito
1040 5378 1279 5435 carbone
1311 5376 1489 5445 tetigit
1517 5370 1808 5441 aliquando
1838 5382 1984 5423 seru-

405 5483 608 5555 phinus
635 5478 787 5533 lsaitae
820 5475 959 5531 labia
991 5490 1004 5528 :
1036 5472 1129 5543 qui
1160 5469 1499 5543 puriﬁcatus,
1531 5464 1742 5521 cunctis
1766 5470 1979 5532 postea,

466 5606 498 5634 δ’
528 5620 581 5657 v.
630 5599 717 5655 10.

406 5675 449 5705 ’⁷
475 5690 526 5727 γ.
553 5673 643 5725 υο.
722 5670 835 5708 ¹⁸-¹⁹
866 5683 913 5719 v.
943 5666 1034 5719 21.

478 5762 588 5833 (21)
617 5761 653 5815 Ιι.
688 5776 759 5819 tn.
806 5756 1096 5834 βρώμασιν.

835 5598 879 5628 ιο
912 5594 1063 5650 loan.
1107 5608 1226 5663 ιηιι,
1259 5593 1349 5650 51.
1436 5591 1479 5623 ιι
1508 5604 1558 5645 v.
1603 5588 1691 5643 υ.
1774 5586 1892 5641 ην.
1937 5584 2023 5639 ιδ.

2086 4634 2155 4710 ἦς
2193 4637 2332 4690 κατὰ
2362 4634 2616 4706 στέρησίν
2654 4649 2803 4696 τινες
2846 4630 3075 4692 ἀπαθεῖς
3110 4624 3680 4699 ὀνομάζονται.-Λύ-

2089 4746 2164 4800 πη
2196 4728 2312 4780 ἐστὶ
2339 4725 2550 4798 φθαρτὴ
2578 4725 2832 4795 στέρησις
2866 4721 3112 4793 φθαρτῆς
3158 4721 3350 4791 ἡδονῆς
3372 4736 3386 4750 °
3429 4717 3571 4789 λύπη
3611 4718 3679 4772 δέ

2090 4821 2236 4872 ἐστιν
2261 4817 2517 4888 ἐπαινετὴ
2544 4817 2797 4889 στέρησις
2831 4813 3041 4886 ἀρετῶν
3074 4814 3168 4866 καὶ
3203 4811 3455 4882 γνώσεως
3479 4810 3649 4864 Θεοῦ.

2167 5004 2359 5074 ’Ἄρτον
2384 4998 2617 5054 ἐνταῦθα
2649 4999 2746 5071 τὴν
2787 4996 3013 5072 στερεὰν
3053 4995 3160 5049 τῶν
3184 4992 3412 5048 ἐντολῶν
3436 4994 3535 5064 τῆς
3557 4992 3681 5065 ψυ-

2092 5092 2196 5166 χῆς
2224 5094 2428 5168 τροφήν
2459 5108 2620 5162 φησι·
2654 5091 2803 5161 πόμα
2835 5090 2921 5153 δὲ,
2955 5089 3053 5157 τὴν
3081 5087 3231 5140 θείαν
3266 5087 3457 5156 γνῶσιν
3480 5084 3641 5157 δηλοῖ
3662 5103 3681 5119 ·

2095 5187 2370 5259 ἄνθρακας
2427 5184 2485 5237 δὲ
2538 5183 2711 5254 πυρὸς
2761 5183 2860 5246 τὰς
2912 5182 3005 5234 τοῦ
3040 5179 3308 5247 παναγίου
3346 5176 3682 5247 Πνεύματος

2089 5276 2327 5347 δωρεὰς,
2370 5273 2470 5337 τὰς
2512 5270 2874 5342 φλογιζούσας
2913 5269 3008 5324 καὶ
3044 5266 3410 5337 καθαιρούσας
3435 5266 3532 5329 τὰς
3557 5266 3682 5318 τῶν

2089 5365 2390 5438 ἀνθρώπων
2424 5362 2670 5436 ῥυτίδας·
2707 5361 2939 5433 ἀνθρακι
2967 5358 3077 5431 γὰρ
3102 5357 3272 5428 πυρὸς
3297 5355 3406 5409 τῶν
3442 5356 3679 5408 Ἡσαΐου

2092 5459 2361 5531 σεραφεὶμ
2397 5455 2537 5525 θίγει
2570 5453 2792 5525 χειλέων
2812 5451 2940 5505 ποτέ
2975 5466 2989 5481 ·
3018 5452 3045 5503 6
3064 5449 3121 5503 δὲ
3139 5447 3545 5521 καθῃράμενος,
3572 5447 3682 5499 Δι-

2122 5583 2165 5614 ”
2194 5597 2240 5637 v.
2280 5580 2366 5635 14.
2450 5578 2494 5611 ιδ
2524 5596 2571 5634 ν.
2597 5576 2684 5632 15.
2781 5575 2823 5607 ¹⁶
2853 5573 3001 5630 Psal.
3026 5586 3214 5658 x_mv,
3240 5570 3327 5626 10.
3419 5568 3465 5601 ¹⁶
3490 5581 3539 5623 v.
3575 5566 3681 5623 i9.
