3888 6214
203 297 315 354 237

1367 297 1733 355 EXPOSITIO
1759 297 1826 352 IN
1855 296 2247 354 PROVERBIA

3351 305 3460 362 238

207 411 500 482 καιοσῦνην
530 412 760 483 μάθετε,
794 414 957 467 πᾶσιν
998 414 1306 485 ὲκραύγαζε
1327 434 1340 447 ·
1374 416 1462 471 διὰ
1510 415 1620 487 γὰρ
1663 414 1782 469 ταύ-

1897 414 2100 470 Discite
2121 424 2414 484 justitiam.
2453 414 2743 473 clamabat.
2787 417 2901 474 Hac
2928 418 3109 488 itaque
3141 419 3264 475 vita.
3303 422 3461 479 boni-

205 519 314 572 της
350 503 451 573 τῆς
476 505 839 576 χρηστότητος
883 507 975 560 καὶ
1004 507 1251 572 εὐποιίας
1290 508 1598 582 καθαρίζων
1622 510 1786 563 αὐτοῦ

206 592 273 647 τὸ
324 595 678 665 ἡγεμονικὸν,
720 596 819 659 τὰς
862 598 1172 669 πυρφόρους
1216 600 1446 672 χάριτας
1490 603 1584 655 τοῦ
1630 604 1786 673 άγίου

207 684 530 755 Πνεῦματος
554 688 802 759 ποιήσεις
821 689 986 742 αὑτὸν
1011 689 1320 762 βιασθῆναι,
1346 693 1408 744 οὐ
1436 693 1595 763 μόνον
1620 710 1787 765 προσ-

204 775 498 842 λαϐέσθαι,
526 776 664 831 ἀλλὰ
696 779 790 832 καὶ
823 779 1071 852 ζηλωτήν
1114 799 1209 835 σου
1258 783 1421 836 αὑτὸν
1470 784 1679 856 ἐργάσῃ
1728 787 1787 839 ὲν

205 868 357 939 πάσῃ
383 870 717 943 άγαθοεργίᾳ
738 912 753 937 ,
778 872 854 937 ὡς
892 874 1152 946 προξένου
1184 893 1279 930 σου
1308 877 1591 947 γεγονότος
1620 878 1784 932 αὐτοῦ

205 962 265 1012 ὲν
292 963 428 1014 πᾶσι
454 962 531 1033 τῷ
551 962 670 1034 Θεῷ
698 965 891 1033 φίλοις.

278 1053 383 1107 Τὸν
404 1054 646 1109 διάϐολον
676 1051 797 1109 εἷπε
845 1056 1136 1128 πρόσωπον
1180 1060 1395 1125 ἀναιδὲς
1419 1101 1433 1126 ,
1471 1061 1785 1133 ὲρεθίζοντα

203 1144 305 1216 τὴν
344 1146 523 1219 ψυχὴν
561 1149 697 1220 πρὸς
747 1150 979 1215 κακίαν,
1020 1152 1111 1205 καὶ
1136 1152 1442 1224 ἐγείροντα,
1473 1155 1549 1218 ὡς
1584 1154 1785 1226 βορρᾶς

204 1238 368 1308 νέφη,
396 1239 689 1311 λογισμοὺς
720 1244 787 1312 τῇ
830 1240 973 1314 ψυχῇ
1002 1248 1300 1317 πονηρούς·
1329 1247 1601 1318 πανταχοῦ
1648 1248 1705 1301 δὲ
1756 1250 1785 1300 ὁ

204 1332 459 1402 Σολομῶν
481 1332 731 1400 γλῶσσαν
756 1334 846 1387 τὸν
873 1334 997 1388 νοῦν
1022 1335 1171 1406 λέγει
1188 1355 1202 1370 ·
1236 1336 1395 1391 τοῦτο
1415 1335 1508 1393 οῦν
1528 1340 1588 1393 τὸ
1619 1341 1785 1413 πρόσ-

202 1443 354 1478 ωπον
377 1426 640 1480 αἰδεῖσθαι
669 1430 727 1481 ὲν
752 1426 931 1499 κρίσει
965 1430 1026 1483 οὐ
1051 1430 1234 1485 καλόν.

289 1518 555 1572 Ἐνταῦθα
596 1515 689 1574 οῦν
742 1521 928 1573 πίπτει
974 1521 1180 1586 δίκαιος
1233 1522 1357 1587 νοῦς
1416 1522 1643 1578 ἐνώπιον
1691 1524 1782 1579 τοῦ

203 1611 439 1673 Σατανᾶ,
468 1611 728 1682 λογισμὸν
750 1613 1075 1685 ἀκάθαρτον,
1110 1615 1142 1686 ἢ
1172 1614 1363 1683 ψευδὲς
1389 1616 1566 1687 δόγμα
1599 1617 1785 1671 ὑποδε-

203 1704 462 1775 ξάμενος·
495 1705 594 1776 τὴν
620 1706 678 1759 δὲ
710 1707 890 1778 πηγὴν
914 1707 1014 1777 τῆς
1054 1708 1247 1777 σοφίας
1273 1708 1504 1781 φράσσοι
1534 1729 1618 1776 τις
1646 1713 1782 1766 ἀπο-

1891 515 2002 561 tate
2034 521 2099 561 ac
2149 506 2474 563 rectitudine
2518 524 2755 579 purgans
2803 520 3037 566 mentem
3072 521 3239 579 tuam,
3273 513 3461 584 igneas

1888 598 2062 653 sancti
2090 596 2325 666 Spiritus
2373 600 2578 667 gratias
2608 615 2771 673 coges
2811 616 2931 657 eam
2961 618 3069 659 non
3099 603 3273 659 solum
3317 607 3453 659 reci-

1888 703 2040 759 pere,
2071 690 2166 745 sed
2199 689 2507 746 studiosum
2549 691 2625 746 tui
2658 693 2909 749 eumdem
2941 693 3206 764 Spiritum
3258 694 3460 751 eﬂicies

1887 778 1955 831 ad
1982 792 2144 833 omne
2178 779 2427 835 beneficii
2475 795 2685 850 genus:
2730 783 2929 853 quippe
2953 785 3045 854 qui
3094 785 3279 841 omnia
3339 802 3461 857 quae

1888 878 2017 925 sunt
2044 868 2155 925 Deo
2190 871 2389 940 placita
2418 874 2516 929 tibi
2546 876 2875 946 impertitur.

1958 1057 2005 1089 ‘°
2038 1057 2321 1115 Diabolum
2377 1059 2518 1115 dixit
2569 1059 2761 1116 faciem
2810 1059 3212 1131 impudentem,
3262 1063 3461 1135 quippe

1886 1147 1980 1218 qui
2008 1150 2248 1205 animam
2282 1150 2348 1205 ad
2397 1151 2593 1207 vitium
2649 1152 2849 1216 irritat,
2900 1154 3250 1224 excitatque,
3290 1156 3460 1211 veluti

1886 1240 2060 1296 nubes
2110 1241 2479 1311 aquilonares,
2511 1257 2710 1312 pravas
2752 1244 2807 1298 in
2857 1244 3037 1299 anima
3067 1247 3457 1315 cogitationes.

1892 1330 2100 1401 Ubique
2136 1347 2266 1388 vero
2287 1333 2543 1389 Salomon
2572 1334 2812 1405 linguam
2835 1350 2933 1405 pro
2961 1346 3139 1391 mente
3170 1337 3321 1397 dicit.
3351 1336 3463 1392 Hu-

1881 1424 2179 1495 iuscemodi
2204 1441 2334 1497 ergo
2361 1427 2557 1482 faciem
2586 1428 2637 1482 iu
2657 1427 2866 1498 judicio
2889 1429 3124 1483 revereri
3148 1444 3256 1485 non
3280 1431 3458 1489 decet.

1955 1519 1998 1550 ²¹
2031 1517 2130 1572 llic
2172 1532 2301 1588 ergo
2343 1518 2530 1576 licitur
2558 1533 2711 1573 meus
2747 1518 2889 1587 iusta
2921 1520 3117 1575 cadere
3139 1536 3322 1576 coram
3354 1520 3459 1577 Sa-

1886 1618 2036 1677 tana,
2062 1610 2190 1665 dum
2218 1610 2483 1680 impuram
2506 1612 2911 1682 cogitationem,
2937 1622 3032 1667 aut
3052 1613 3242 1670 falsum
3265 1615 3462 1687 dogma

1885 1704 2131 1775 suscipit.
2162 1702 2391 1759 Fontem
2426 1705 2707 1775 sapientize
2744 1705 2790 1759 is
2816 1706 3054 1762 obstruit
3095 1707 3186 1776 qui
3213 1708 3329 1778 ejus
3357 1724 3457 1766 no-

204 1797 572 1867 στρεφόμενος
604 1799 703 1869 τὴν
729 1797 930 1867 γνῶσιν
953 1799 1142 1871 αὐτῆς,
1170 1800 1265 1853 καὶ
1291 1800 1387 1872 τὴν
1432 1802 1660 1869 διέξοδον
1688 1806 1782 1876 τῆς

1896 1795 2060 1850 titiam
2108 1796 2333 1866 respuit,
2372 1804 2427 1851 et
2476 1794 2679 1850 ﬂuxum
2738 1796 2983 1852 scientiae
3042 1796 3136 1852 Dei
3193 1798 3460 1854 sordidat.

204 1887 563 1954 γνὼσεωςτοῦ
580 1889 715 1943 Θεοῦ
742 1890 1075 1963 ἁποῤῥυπῶν
1087 1890 1154 1945 τά
1173 1890 1285 1962 (22)
1304 1908 1317 1921 ·
1334 1892 1389 1946 δὲ
1415 1896 1659 1967 νοήματα
1690 1896 1783 1950 τοῦ

205 1976 298 2029 νοῦ
322 2018 339 2041 ,
372 1978 441 2030 τά
488 1978 587 2048 μὲν
616 1977 881 2049 πτώματα
908 1979 1188 2049 λέγονται,
1217 1980 1285 2034 τὰ
1318 1981 1376 2034 δὲ
1403 1982 1649 2054 ὲγέρσεις
1669 2023 1682 2048 ,
1716 1983 1785 2037 τὰ

204 2068 261 2120 δὲ
300 2068 537 2140 καθέδρα
556 2110 569 2133 ,
592 2069 660 2123 τὰ
686 2070 743 2123 δὲ
774 2070 991 2137 στάσις,
1017 2072 1111 2125 καὶ
1142 2071 1276 2127 ἄλλα
1318 2074 1619 2147 περίπατος
1638 2116 1652 2141 ,
1692 2076 1785 2129 καί

206 2177 326 2212 τινα
372 2159 553 2217 αὐτῶν
604 2162 1007 2234 προσκόμματα
1069 2164 1427 2236 ὀνομάζεται,
1482 2167 1577 2221 καὶ
1652 2167 1787 2221 ἄλλα

207 2253 422 2324 σκληρὰ
452 2254 544 2306 καὶ
574 2255 814 2325 μαλακὰ,
840 2256 933 2309 καὶ
958 2256 1131 2327 εὐώδη
1162 2259 1256 2311 καὶ
1281 2257 1512 2331 δυσώδη,
1542 2260 1635 2314 καὶ
1660 2260 1787 2330 γλυ-

205 2348 330 2397 κεῖα
352 2346 445 2398 καὶ
480 2348 674 2419 πικρὰ,
702 2348 796 2400 καὶ
820 2348 938 2401 λεῖα
971 2349 1067 2401 καὶ
1102 2349 1237 2423 ὀρθὰ
1257 2392 1271 2415 ,
1302 2351 1396 2405 καὶ
1432 2351 1654 2422 σχολιά·
1691 2354 1786 2407 καὶ

205 2434 401 2497 πάλιν,
428 2435 495 2488 τά
528 2438 625 2507 μὲν
657 2436 820 2490 αὑτοῦ
850 2438 1094 2494 καλεῖται
1132 2440 1365 2495 ἄκανθαι
1400 2442 1493 2495 καὶ
1527 2442 1783 2511 τρίϐολοι,

207 2527 272 2580 τά
310 2527 369 2579 δὲ
414 2529 529 2596 φῶς
558 2530 653 2583 καὶ
677 2530 899 2594 σκότος.
929 2532 1021 2585 καὶ
1051 2532 1164 2605 ζωὴ
1195 2534 1288 2589 καὶ
1317 2533 1572 2598 θάνατος·
1602 2534 1670 2589 τά
1704 2536 1782 2601 δὲ,

203 2620 357 2685 νόσος
389 2622 485 2675 καὶ
517 2622 715 2689 ὑγίεια,
757 2625 849 2677 καὶ
878 2624 1009 2679 ἄλλο
1067 2625 1229 2680 πάλιν
1270 2626 1591 2698 ὀνομάζεται
1651 2628 1781 2698 ψεῦ-

201 2712 413 2776 δοςκαὶ
464 2714 722 2784 ἀλήθεια,
771 2716 1069 2770 καὶπολλὰ
1117 2717 1281 2789 ἔτερα
1328 2718 1570 2790 ὀνόματα
1607 2720 1787 2792 τίθησι

202 2805 423 2877 Γραφὴ,
453 2807 595 2861 κατά
622 2825 681 2860 τε
700 2808 797 2879 τῆς
824 2808 1001 2879 ψυχῆς
1034 2810 1129 2863 κα)⁹
1156 2810 1264 2864 τῶν
1283 2811 1569 2883 νοημάτων
1592 2813 1783 2882 αὐτῆς.

201 2898 394 2966 ὐλίγα
444 2898 501 2952 δὲ
535 2900 599 2953 ὲκ
636 2900 844 2953 πολλῶν
880 2902 1027 2955 ἐστιν
1067 2902 1271 2956 εἰπεῖν·
1311 2902 1428 2955 ἐστι
1483 2902 1539 2957 δὲ
1576 2903 1781 2958 ταῦτα·

201 2988 331 3042 νοῦν
352 3030 367 3053 ,
388 2988 570 3061 ψυχὴν
594 3031 609 3055 ,
644 2990 866 3063 καρδίαν
883 3031 897 3055 ,
928 2990 1214 3063 ἄνθρωπον
1232 3031 1249 3057 ,
1287 2992 1455 3064 ἄνδρα
1474 3032 1489 3057 ,
1528 2997 1784 3061 γυναῖκα,

199 3079 392 3135 δοῦλον
410 3122 425 3145 ,
458 3081 675 3153 οἰκέτην
694 3123 707 3146 ,
738 3082 950 3153 πατέρα
976 3122 990 3147 ,
1022 3082 1139 3136 υίὸν
1159 3123 1173 3148 ,
1200 3080 1448 3154 πνεῦμα,
1484 3082 1782 3154 ὀφθαλμὸν,

202 3172 406 3242 στόμα,
442 3172 617 3244 χείλη,
651 3173 933 3241 γλῶσσαν,
965 3173 1213 3246 λάρυγγα
1233 3213 1248 3239 ,
1288 3174 1530 3240 κοιλίαν,
1564 3176 1785 3241 κόλπον,

202 3263 495 3336 βραχίονα,
552 3266 839 3331 δάκτυλον,
896 3266 1182 3339 μυκτῆρα,
1230 3267 1534 3339 πρόϐατον,
1579 3268 1784 3339 ἔριφον,

204 3359 468 3429 ποιμένα,
500 3348 594 3413 καῖ
616 3359 751 3414 ἄλλα
777 3360 998 3415 πλείονα
1031 3362 1271 3432 ὀνόματα
1296 3363 1394 3433 τῆς
1414 3362 1593 3435 ψυχῆς
1612 3403 1627 3428 ,
1660 3363 1696 3417 ἃ
1724 3365 1786 3418 οὐ

200 3449 432 3505 δυνατὸν
454 3450 551 3504 νῦν
578 3451 918 3523 παραθέσθαι
938 3454 1056 3507 κατ’
1083 3449 1239 3517 εἶδος.

276 3543 484 3614 Βουλὴν
514 3538 666 3597 εἶπεν
708 3544 940 3599 ἐνταῦθα
980 3544 1076 3617 τὴν
1106 3546 1199 3598 ἐπὶ
1248 3547 1308 3598 τὸ
1331 3548 1574 3619 κρεῖττον
1614 3546 1786 3618 ῥοπὴν

202 3634 302 3705 τῆς
326 3635 587 3705 καρδίας·
626 3636 754 3689 ὅταν
779 3651 859 3700 τις
903 3637 1002 3691 οὐκ
1050 3636 1477 3707 ἐπικαλούμενος
1517 3638 1628 3709 τὴν
1659 3637 1785 3708 βοή-

204 3727 359 3783 θειαν
387 3728 483 3781 τοῦ
512 3727 648 3781 Θεοῦ
676 3730 733 3781 ὲν
757 3728 954 3799 ἐαυτῷ,
990 3730 1069 3792 εἷς
1099 3728 1291 3799 βουλὴν
1324 3730 1524 3800 ποιήσῃ
1555 3746 1606 3782 τι
1650 3730 1785 3798 ἀγα-

204 3819 296 3873 θὸν
328 3820 473 3890 μετὰ
503 3820 749 3890 σκέψεως
773 3860 787 3885 ,
820 3820 955 3874 ἀλλὰ
981 3819 1228 3884 αὐθαδῶς
1272 3820 1367 3873 καὶ
1399 3819 1787 3891 ἀλαζονευόμε-

203 3931 291 3977 νος
322 3914 561 3985 ἄρξηται
587 3932 598 3943 ·
631 3914 692 3967 οὐ
709 3913 1090 3985 τελεσθήσεται
1124 3913 1200 3976 δὲ,
1234 3911 1369 3965 ἀλλά
1398 3913 1787 3983 συμπτωθήσε-

202 4024 293 4061 ται
324 4008 355 4061 ὃ
385 4009 676 4079 ἐπιχειρεῖ,
707 4008 790 4060 ὅτι
818 4006 879 4059 οὐ
914 4004 1306 4078 περιετείχισεν
1340 4003 1531 4059 ἑαυτὸν
1564 4006 1629 4075 τῇ
1661 4003 1786 4074 βοη-

204 4101 327 4174 θείᾳ
352 4102 448 4154 τοῦ
479 4100 615 4155 Θεοῦ
652 4102 731 4164 είς
760 4097 975 4171 βουλήν.

1885 1888 2005 1945 Jam
2052 1889 2252 1944 mentis
2308 1887 2687 1957 cogitationes,
2741 1889 2902 1943 modo
2946 1888 3127 1959 lapsus
3181 1890 3458 1955 dicuntur,

1886 1980 2047 2036 modo
2082 1980 2467 2045 surrectiones,
2500 1981 2659 2035 modo
2689 1980 2869 2047 sedes,
2902 1980 3061 2035 modo
3092 1988 3288 2047 status,
3338 1981 3458 2036 alia:

1886 2069 2200 2135 ambulatio,
2234 2069 2351 2124 alia:
2376 2068 2701 2125 otl‘eudicula
2736 2070 3080 2137 vocitantur;
3138 2071 3259 2126 alia.-
3284 2071 3456 2136 dura),

1885 2160 2003 2215 alia:
2057 2160 2266 2225 molles,
2318 2169 2373 2216 et
2405 2160 2695 2217 odoriferae
2741 2169 2796 2215 et
2846 2171 3121 2231 putentes.
3170 2172 3225 2218 e‘
3273 2162 3462 2219 dulces

1887 2262 2050 2321 atque
2078 2267 2299 2318 amarae,
2332 2264 2383 2306 et
2416 2253 2587 2322 plana;
2631 2262 2794 2323 atque
2818 2262 3019 2308 erecta:
3059 2264 3114 2309 et
3143 2254 3455 2311 salebrosas.

1887 2344 1955 2399 Et
1988 2344 2222 2413 insuper.
2281 2342 2388 2397 Res
2420 2342 2658 2412 ejusdem
2691 2344 2930 2415 (mentis)
2970 2344 3163 2414 partim
3198 2356 3463 2401 vocantur

1888 2438 2053 2507 spinae
2089 2451 2150 2491 ac
2180 2436 2383 2498 tribuli.
2434 2452 2640 2491 necnon
2686 2436 2796 2503 lux,
2832 2435 3086 2501 tenebrae,
3126 2435 3260 2501 vita,
3288 2452 3458 2493 mors.

1886 2530 2023 2585 Alia:
2053 2530 2299 2595 morbus,
2324 2529 2549 2583 sanitas.
2574 2529 2711 2582 Aliae
2739 2538 2999 2597 praeterea
3034 2528 3289 2583 dicuntur
3312 2545 3460 2585 men-

1886 2622 2123 2687 dacium,
2148 2622 2350 2677 veritas
2384 2639 2398 2676 :
2425 2630 2479 2675 et
2506 2620 2657 2690 plura
2680 2621 2783 2674 alia
2813 2620 3032 2675 nomina
3062 2621 3291 2695 imponit
3314 2621 3462 2678 Scri-

1886 2723 2045 2783 ptura
2096 2712 2293 2767 anima:
2345 2712 2509 2767 rebus
2557 2720 2613 2766 et
2665 2710 3091 2780 cogitationibus
3144 2710 3279 2779 ejus.
3350 2712 3458 2767 Sed

1888 2818 2058 2874 pauca
2084 2818 2116 2859 e
2149 2803 2335 2859 multis
2364 2804 2545 2859 dicere
2575 2803 2784 2873 placet;
2821 2816 3016 2871 nempe
3048 2810 3304 2866 mentem,
3338 2804 3462 2859 aul-

1886 2911 2054 2963 mam,
2098 2911 2214 2963 cor,
2260 2895 2560 2961 hominem,
2601 2896 2801 2963 virum,
2862 2895 3170 2963 mulierem,
3212 2910 3457 2963 servum,

1888 2987 2267 3055 domesticum,
2306 2996 2541 3058 patrem,
2570 2986 2761 3053 filium,
2791 2987 3066 3058 spiritum,
3097 2987 3335 3052 oculum,
3370 3004 3457 3056 os,

1888 3081 2053 3146 labia,
2088 3081 2344 3151 linguam,
2375 3089 2583 3151 guttur,
2616 3090 2889 3147 ventrem,
2920 3079 3121 3144 sinum,
3149 3081 3454 3146 brachium,

1890 3171 2135 3241 digitum,
2160 3185 2340 3234 nares,
2368 3170 2596 3240 lignum,
2623 3184 2800 3235 ovem,
2831 3171 3064 3236 haedum,
3087 3180 3379 3241 pastorem,
3406 3183 3464 3228 et

1889 3268 1994 3324 alia
2030 3268 2179 3336 plura
2233 3267 2451 3322 nomina
2508 3268 2723 3335 animm,
2774 3282 2896 3338 qua
2946 3283 3089 3325 nunc
3138 3269 3459 3340 singillatim

1889 3362 2115 3432 proferri
2144 3371 2436 3432 nequeunt.

1958 3543 2087 3583 ¹¹-²⁸
2110 3542 2409 3598 Consilium
2443 3557 2588 3599 nunc
2619 3542 2941 3598 dicitcordis
2977 3543 3045 3597 ad
3062 3545 3317 3599 virtutem
3341 3559 3461 3601 mo-

1896 3643 2027 3688 tum.
2060 3633 2193 3688 Cum
2225 3633 2420 3701 aliquis
2451 3634 2541 3687 Dei
2572 3632 2833 3687 auxilium
2864 3634 2964 3688 sibi
2998 3648 3103 3689 non
3131 3635 3463 3693 invocaverit

1891 3726 2041 3795 quasi
2068 3725 2135 3780 ad
2167 3726 2477 3793 consilium,
2509 3734 2569 3780 ut
2610 3724 2737 3780 boni
2772 3725 2973 3795 aliquid
3002 3727 3341 3783 considerate
3389 3727 3467 3782 fa-

1885 3818 2026 3885 ciat;
2075 3818 2168 3873 sed
2212 3818 2469 3872 audacter
2496 3826 2660 3885 atque
2696 3818 2929 3885 superbe
2973 3818 3185 3873 initium
3215 3820 3292 3875 rei
3321 3820 3463 3875 fece-

1886 3914 1984 3974 rit;
2023 3913 2089 3966 ad
2118 3912 2320 3967 exitum
2351 3926 2454 3966 non
2485 3910 2737 3974 deducet,
2770 3912 2865 3965 sed
2895 3925 3015 3965 cum
3045 3926 3104 3966 re
3135 3927 3234 3967 sua
3275 3929 3463 3969 susce-

1884 4014 1975 4075 pta
2006 4012 2263 4059 corruet:
2313 4004 2439 4073 quia
2473 4017 2577 4058 nou
2613 4016 2672 4057 se
2718 4003 3078 4059 communivit
3117 4004 3210 4061 Dei
3258 4006 3464 4062 auxilio

1885 4097 1952 4149 ad
1983 4095 2287 4151 consilium.

1675 4190 1826 4247 CAP.
1868 4190 2053 4248 XXVI.

276 4295 478 4347 Ἵππον
507 4291 742 4346 ἐνταῦθά
780 4308 913 4363 φησι
958 4292 1049 4344 τὸν
1082 4292 1246 4360 ταχὺν
1297 4291 1375 4352 είς
1423 4287 1656 4358 μάθησιν
1698 4302 1784 4339 σο-

204 4388 332 4457 φίας
358 4428 374 4449 ,
407 4387 503 4440 καὶ
528 4384 873 4455 δικαιοσύνης
916 4382 1159 4436 δεκτικὸν
1204 4380 1485 4453 ἄνθρωπον
1505 4396 1521 4410 ’
1547 4378 1613 4432 δι’
1643 4378 1782 4433 αἰνι-

203 4480 434 4549 γμάτων
467 4478 523 4531 δὲ
550 4475 827 4557 μαστίζει·
856 4474 961 4546 ὖνῳ
991 4474 1047 4527 δὲ
1082 4474 1301 4544 κέντρον
1326 4488 1339 4502 ⁶
1371 4472 1461 4525 τὸν
1499 4470 1695 4541 βραδὺν
1725 4469 1782 4522 ὲν

1965 4290 2011 4323 ’⁵
2037 4289 2245 4359 Equum
2285 4301 2429 4341 nunc
2460 4284 2591 4339 dicit
2635 4285 2869 4340 celerem
2920 4284 2986 4338 ad
3022 4286 3299 4354 sapientia:
3336 4301 3459 4355 per-

1891 4380 2217 4450 ceptionem,
2243 4386 2297 4430 et
2314 4375 2539 4445 justitite
2569 4389 2822 4442 capacem
2856 4375 3148 4429 hominem.
3183 4374 3463 4446 Aﬁnigma-

1894 4473 2035 4527 tibus
2067 4480 2246 4523 autem
2278 4466 2509 4537 ﬂagellat
2539 4480 2555 4520 :
2597 4465 2750 4520 asino
2781 4465 3065 4528 stimulus;
3122 4466 3334 4521 tardum
3365 4469 3463 4522 du-

203 4572 417 4635 τούτοις
463 4573 577 4633 τοῖς
608 4569 786 4637 λόγοις
828 4566 1081 4638 σκληροῖς
1111 4566 1302 4635 κεντᾷν
1328 4604 1341 4626 ,
1386 4562 1547 4631 φόϐον
1588 4563 1782 4631 ἐμποι-

1896 4564 1968 4619 ris
1997 4562 2176 4617 verbis
2198 4574 2518 4629 compunge,
2551 4558 2770 4614 incusso
2804 4558 3016 4611 timore.
3061 4556 3218 4613 Genti
3249 4572 3463 4615 vesana:

203 4664 402 4727 οῦντας
420 4680 434 4692 ·
468 4662 610 4715 ἔθνει
637 4661 693 4715 δὲ
714 4662 906 4731 ἄφρονι
945 4658 1122 4731 ῥάϐδῳ
1146 4656 1464 4719 τύπτεσθαι,
1491 4655 1615 4718 τοὺς
1635 4654 1786 4707 άναι-

206 4756 441 4828 σθήτους
475 4754 686 4818 οἰκέτας
712 4755 746 4825 ἢ
800 4752 1141 4823 ὑποχειρίους
1187 4750 1455 4822 ὁρίζεταιο
1504 4750 1538 4821 ἡ
1589 4746 1785 4819 ῥάϐδος

203 4848 313 4919 γὰρ
348 4844 617 4915 σύμϐολόν
650 4841 765 4897 ἐστι
791 4843 1082 4905 κολάσεως.

280 4936 381 4989 Ἐκ
412 4935 523 4988 τῶν
553 4931 864 5005 ποδῶν
899 4932 1087 4994 αὑτοῦ,
1120 4951 1173 4987 κ.
1210 4950 1262 4986 τ.
1288 4932 1337 4985 λ.
1358 4931 1528 4994 Πόδας
1554 4929 1785 4983 ἐνταῦθα

204 5030 331 5093 τοὺς
361 5028 582 5090 οἰκέτας
608 5027 802 5098 φησίν*
833 5026 1030 5089 ὄνειδος
1068 5026 1125 5078 δὲ
1163 5025 1222 5090 ἐξ
1260 5026 1437 5078 αὐτῶν
1463 5026 1491 5077 ό
1520 5024 1785 5094 δεσπότης

203 5118 384 5189 ἑαυτῷ
439 5120 707 5180 ποιεῖται,
762 5118 790 5169 ὁ
843 5116 1186 5170 ἀποστέλλων
1238 5115 1387 5184 λόγοι
1446 5114 1508 5168 δι’
1555 5112 1785 5181 ἀγγέλου

204 5213 462 5286 ἄφρονος,
494 5210 526 5279 ἢ
560 5209 776 5281 βουλῆς,
812 5210 845 5281 ἢ
885 5209 1075 5278 σοφίας
1098 5248 1111 5271 ,
1144 5208 1175 5280 ἢ
1210 5206 1508 5279 πρεσϐείας
1532 5205 1602 5277 ,ἦ
1645 5221 1785 5273 συμ-

206 5308 429 5379 μαχίας,
474 5305 508 5375 ἢ
537 5305 711 5372 λόγων
743 5300 1103 5373 συμπαθείας.
1147 5301 1204 5352 '0
1233 5298 1342 5371 γάρ
1394 5298 1583 5369 ἄφρων
1619 5295 1787 5366 ἡττᾶ-

202 5418 293 5455 ται
327 5401 389 5451 ἐν
416 5397 613 5452 παντί·
643 5396 739 5449 καὶ
763 5396 871 5466 γάρ
907 5396 936 5447 ὁ
968 5392 1172 5464 Κύριος
1207 5395 1265 5447 ὲν
1304 5390 1657 5459 Εὑαγγελίοις
1685 5404 1787 5457 φη-

206 5492 291 5546 σίν
313 5509 327 5523 ·
365 5493 450 5545 Οὐ
486 5488 581 5543 δεῖ
601 5488 724 5553 τοῖς
754 5486 896 5541 κυσὶ
921 5484 1150 5539 διδόναι
1176 5486 1247 5538 τὰ
1269 5483 1407 5553 ἅγια
1425 5522 1439 5547 ,
1467 5480 1610 5536 οὐδὲ
1635 5478 1790 5544 βάλ-

201 5586 337 5639 λειν
356 5581 501 5647 τοὺς
519 5578 887 5650 μαργαρίτας
914 5577 1255 5648 ἔμπροσθεν
1286 5571 1404 5628 τῶν
1435 5572 1671 5643 χοίρων.

1888 4651 2052 4720 virga:
2077 4649 2501 4719 percussionem,
2536 4663 2638 4704 nec
2668 4663 2773 4704 non
2812 4648 3042 4716 stupidis
3085 4648 3302 4706 famulis
3332 4654 3461 4706 sub-

1889 4742 2121 4811 ditisque
2161 4739 2423 4795 decernit.
2456 4738 2593 4794 Nam
2624 4739 2776 4810 virga
2818 4739 3118 4809 punitionis
3156 4742 3460 4812 symbolum

1886 4843 1990 4890 08L

1960 4926 2007 4958 ³⁸
2037 4924 2113 4979 Ex
2135 4923 2364 4993 pedibus
2386 4922 2524 4989 suis,
2547 4931 2654 4979 etc.
2684 4922 2858 4980 Pedes
2884 4938 3028 4981 nunc
3052 4924 3186 4981 dicit
3211 4925 3459 4983 famulos.

1890 5015 2248 5086 Opprobrium
2276 5015 2379 5069 sibi
2404 5013 2685 5080 conciliat,
2723 5014 2815 5085 qui
2858 5015 3081 5071 verbum
3109 5031 3207 5088 per
3237 5018 3461 5075 stultum

1897 5107 2148 5162 nuntium
2196 5105 2383 5171 mittit,
2425 5106 2542 5160 sive
2588 5106 2828 5173 consilii,
2867 5107 2984 5163 sive
3015 5108 3315 5179 sapientiai,
3348 5110 3464 5164 sive

1895 5198 2203 5271 legationis,
2253 5197 2367 5253 sive
2401 5196 2608 5253 bellica:
2656 5198 2957 5263 societatis,
3005 5199 3087 5253 vel
3144 5199 3462 5255 consolandi

1893 5305 2077 5345 causa.
2126 5288 2261 5343 Nam
2306 5288 2526 5355 stultus,
2571 5288 2623 5342 in
2655 5288 2803 5343 omni
2846 5303 2906 5344 re
2933 5288 3255 5345 imbecillus.
3285 5288 3465 5358 Quare

1892 5392 1949 5436 et
1972 5381 2230 5436 Dominus
2245 5380 2297 5434 in
2316 5378 2622 5451 Evangeliis
2650 5380 2886 5436 ait"-"’:
2906 5377 3029 5434 Non
3056 5389 3256 5450 oportet
3282 5392 3466 5433 sancta

1896 5474 2023 5527 dare
2044 5472 2282 5539 canibus,
2304 5488 2464 5543 neque
2483 5474 2807 5544 margaritas
2830 5482 2950 5529 ante
2980 5488 3165 5545 porcos
3183 5472 3463 5544 projicere.

275 5706 324 5739 ’θ
357 5720 413 5760 v.
443 5704 535 5761 26.
578 5704 621 5734 ¹¹
651 5718 704 5757 v.
733 5699 823 5755 26.
920 5700 1033 5741 ”-²³
1086 5713 1136 5756 v.
1171 5696 1261 5756 98.
1329 5695 1376 5731 ⁸⁵
1413 5710 1461 5754 ν.
1493 5694 1547 5751 3.
1615 5691 1661 5725 "
1695 5705 1743 5747 v.
1776 5699 1782 5736 ε

1905 5684 2027 5728 ﬂ-“
2065 5682 2253 5738 Iatth.
2277 5698 2376 5749 vn,
2404 5682 2459 5739 6.

280 5799 395 5875 (se)
427 5799 558 5856 Cod.
601 5795 975 5869 ἀπορρίπτων.

1967 5778 2083 5852 (23)
2116 5776 2297 5833 Ποδῶν
2313 5776 2581 5851 ρῐοέδῶν.
