3888 6214
416 307 525 365 239

1306 306 1863 366 SUPPLEMENTUM
1896 305 1988 360 AD
2021 305 2344 363 ORIGENIS
2376 305 2790 365 EXEGETICA.

3570 309 3681 364 210

491 449 536 479 ⁸⁸
562 446 669 503 Fac
713 448 848 504 vites
880 449 1027 505 stulti
1063 452 1204 507 viam
1239 452 1456 520 malam,
1495 461 1551 508 et
1600 451 1792 509 falsam
1820 452 1996 508 scien-

2173 451 2396 524 Περίελε
2438 453 2670 523 ἄφρονος
2701 452 2820 505 ὁδὸν
2865 451 3040 523 κακὴν
3065 492 3079 517 ,
3127 452 3222 505 καὶ
3266 450 3465 521 γνῶσιν
3512 452 3683 527 ψευδῆ

421 550 548 595 ttam
583 555 613 594 a
643 551 693 594 te
720 542 904 611 procul
932 558 1144 598 amove.

488 635 533 665 ²⁹
564 633 662 699 Qui
704 634 1014 702 impertitur
1039 650 1243 690 vesano
1270 635 1579 703 scientiam,
1612 635 1806 691 similis
1835 646 1920 690 est
1944 635 1994 690 ei

415 728 507 797 qui
544 726 703 780 vilem
740 726 972 796 lapidem
1001 728 1053 781 in
1079 742 1244 782 aureo
1271 729 1474 783 annulo
1498 727 1767 792 collocat;
1805 727 1883 781 vel
1915 729 1995 780 Ia-

414 820 594 889 pidem
624 819 921 889 pretiosum
959 821 1012 874 in
1062 820 1226 875 funda
1277 836 1398 892 qua:
1450 820 1682 891 lapidem
1730 819 1993 889 lapidanti

414 914 664 970 remittit.

482 1008 528 1039 ³ο
556 1007 613 1062 Si
642 1008 941 1080 dissipetur
974 1008 1398 1078 imprudentium
1440 1018 1655 1079 stupor,
1685 1024 1796 1080 quo
1822 1026 1851 1064 a
1883 1011 1993 1066 Deo

414 1110 784 1164 recesserunt,
809 1098 987 1155 denuo
1018 1100 1203 1153 mundi
1240 1100 1365 1154 facti
1398 1100 1464 1154 ad
1496 1100 1660 1154 Deum
1689 1098 1987 1155 accedent:

2100 543 2322 614 μακρὰν
2353 544 2575 615 ποίησον
2616 545 2711 598 ἀπ’
2741 543 2927 597 αὐτοῦ.

2180 635 2238 688 '0
2265 636 2578 707 μεταδιδοὺς
2611 637 2805 707 ἄφρονι
2838 635 3037 703 γνῶσιν
3057 675 3071 698 ,
3113 633 3299 705 ὅμοιός
3343 636 3458 687 ἐστι
3498 632 3576 704 τῷ
3604 632 3681 685 λί-

2098 726 2188 780 θον
2213 727 2407 800 ἄτιμον
2431 732 2490 782 ὲν
2526 729 2785 800 σφενδόνῃ
2837 731 3007 800 χρυσῇ
3060 726 3470 798 προσπήξαντιο
3505 726 3538 798 ἢ
3597 726 3680 778 λί-

2096 817 2187 871 θον
2217 818 2434 891 ἔντιμον
2458 822 2516 875 ἐν
2552 819 2813 892 σφενδόνῃ
2839 818 3190 891 λιθοϐολούσῃ
3211 817 3513 871 λιθάσαντι.

2179 1004 2304 1059 Ἐὰν
2335 1004 2596 1077 συντριϐῇ
2630 1005 2663 1076 ἡ
2701 1003 2956 1068 ἔκστασις
2983 1003 3093 1057 τῶν
3127 1003 3377 1076 ἀφρόνων
3401 1044 3415 1068 ,
3457 1004 3578 1057 καθ’
3612 1003 3681 1073 ἣν

2093 1097 2391 1171 ἐξέστησαν
2424 1098 2559 1153 Θεοῦ
2585 1140 2599 1165 ,
2635 1099 2797 1152 πάλιν
2846 1098 3075 1171 καθαροὶ
3124 1083 3405 1170 γένόμενοι
3443 1100 3679 1171 προσέρ-

413 1191 597 1245 Omnis
648 1192 787 1245 enim
839 1208 964 1245 caro
996 1191 1187 1245 videbit
1238 1192 1489 1246 Salutare
1529 1190 1627 1245 Dei
1652 1191 1718 1249 ³¹.
1759 1191 1861 1246 ilic
1908 1200 1994 1247 est

2094 1207 2278 1259 χονται
2313 1189 2390 1261 τῷ
2424 1190 2568 1261 Θεῷ·
2601 1184 2777 1245 Πᾶσα
2816 1192 2927 1261 γὰρ
2947 1191 3115 1259 ’σὰρξ
3144 1191 3352 1259 ὄψεται
3384 1192 3451 1244 τὸ
3481 1189 3681 1257 Σωτή-

409 1284 969 1348 animadvertendum,
1021 1285 1169 1355 quod
1218 1284 1549 1341 incrassatas
1594 1296 1822 1356 peccato
1869 1287 1989 1340 aui-

408 1390 549 1435 mas,
582 1391 777 1429 carnes
806 1376 1099 1431 stultorum
1131 1376 1451 1431 nominavit.
1478 1377 1569 1431 Sic
1604 1377 1768 1431 etiam
1804 1378 1987 1431 Domi-

406 1483 511 1522 nus
536 1467 672 1522 dixit
701 1484 715 1522 :
749 1466 870 1522 Non
904 1469 1227 1537 permanebit
1272 1470 1491 1540 spiritus
1533 1486 1680 1525 meus
1717 1470 1774 1525 in
1814 1470 1986 1524 Itami-

405 1559 583 1629 nibus,
617 1561 743 1631 quia
771 1578 954 1615 carnes
986 1572 1108 1616 sunt
1135 1561 1205 1618 ³⁸.

474 1745 523 1778 ³³
562 1745 663 1813 Qui
706 1754 991 1815 postquam
1038 1754 1319 1815 peccatum
1368 1743 1782 1814 suum'abjecit,
1808 1745 1985 1800 denuo

404 1838 472 1893 ad
501 1837 630 1892 illud
667 1838 973 1902 revertitur,
1023 1836 1218 1890 similis
1247 1846 1330 1891 est
1376 1836 1498 1890 cani
1530 1837 1793 1890 vomitum
1820 1851 1978 1890 suum

402 1931 721 1986 resumenti.
751 1929 842 1985 Sic
869 1927 972 1983 fuit
1004 1927 1123 1983 Loti
1166 1944 1325 1996 uxor,
1375 1937 1431 1985 et
1466 1928 1553 1983 ille.
1574 1929 1641 1982 ad
1669 1944 1831 1998 quem
1880 1928 1983 1983 im-

400 2024 636 2079 mundus
662 2023 884 2091 spiritus
916 2021 1097 2076 rediit.

470 2116 822 2172 ”Utendum
855 2114 1071 2171 esthoc
1102 2112 1262 2168 eﬂ'ato
1306 2113 1573 2169 adversus
1624 2128 1718 2168 eos
1747 2113 1838 2183 qui
1869 2111 1983 2168 suf-

400 2210 587 2281 fragiis
615 2207 905 2263 nonnullos
951 2206 1204 2276 indignos
1232 2204 1440 2276 eligunt
1484 2207 1551 2259 ad
1591 2206 1980 2269 sacerdotium,

397 2302 612 2356 clerove
638 2300 939 2355 ascribunt.
972 2296 1164 2367 Neque
1194 2299 1337 2353 enim
1379 2297 1665 2367 quisquam
1715 2314 1783 2352 ex
1823 2298 1983 2352 nobis

394 2394 529 2465 justi
570 2394 761 2465 judicii
788 2392 878 2461 jus
923 2407 987 2446 ac
1036 2391 1345 2446 libertatem
1391 2392 1444 2445 in
1484 2390 1726 2446 Ecclesia
1779 2392 1983 2447 consti-

399 2488 504 2543 tuit
530 2504 545 2540 :
576 2501 750 2556 neque
773 2487 887 2540 lucc
916 2486 1277 2557 prserogativa
1328 2494 1514 2539 nostra
1541 2493 1645 2550 est,
1686 2483 1780 2539 sed
1823 2482 1985 2539 Chri-

396 2580 491 2646 sti,
528 2595 631 2651 qua
659 2579 943 2648 judicavit,
980 2588 1152 2633 semet
1176 2577 1486 2648 justiﬁcans
1512 2577 1727 2632 tradere
1758 2577 1897 2641 ueci,
1926 2585 1983 2631 et

397 2673 719 2743 sanguinem
746 2688 846 2742 pro
881 2671 967 2725 illa
997 2670 1241 2725 fundere.
1273 2668 1364 2724 Sic
1393 2670 1557 2723 etiam
1593 2669 1843 2741 quisquis
1877 2669 1981 2725 Ec-

395 2764 576 2819 clesiae
624 2764 835 2818 clavum
886 2775 1155 2831 occupare
1206 2770 1379 2830 optat.
1422 2761 1581 2815 debet
1629 2762 1979 2832 semetipsum

396 2855 634 2921 tradere,
683 2864 739 2907 et
767 2853 987 2921 maligni
1032 2851 1259 2907 caudam
1294 2860 1497 2917 tenere,
1540 2860 1596 2906 et
1623 2866 1718 2906 eos
1750 2851 1842 2921 qui
1879 2851 1979 2905 sub

396 2946 641 3018 nequitia
681 2945 870 3015 jacent
917 2944 1173 3011 liberare,
1201 2953 1258 3000 et
1302 2944 1372 3000 ad
1404 2944 1608 2999 Christi
1641 2944 1976 3016 agnitionem

395 3039 687 3095 adducere.

467 3134 511 3165 ³⁵
551 3132 703 3187 Sicut
749 3131 800 3185 iu
838 3130 998 3201 lignis
1028 3129 1265 3193 ﬂamma,
1321 3129 1396 3183 ita
1440 3129 1494 3182 in
1541 3131 1727 3198 pravis
1770 3130 2046 3211 cogita-c

397 3227 635 3282 tionibus
668 3225 851 3293 gliscit
891 3235 948 3279 et
997 3225 1107 3278 urit
1137 3224 1335 3278 mentis
1370 3224 1438 3278 ad
1477 3224 1757 3291 passiones
1789 3225 1972 3278 ardor.

394 3318 497 3374 Ubi
538 3330 718 3373 autem
770 3334 875 3371 non
918 3317 987 3371 sit
1027 3316 1227 3384 duplex
1254 3316 1572 3379 commotio,
1604 3314 1655 3368 id
1696 3323 1778 3369 est
1806 3315 1975 3369 animi

392 3412 743 3477 ambiguitas,
780 3411 872 3464 sed
910 3407 988 3462 vel
1021 3408 1113 3462 Dei
1144 3407 1571 3462 velmammouze‘
1590 3422 1763 3474 amor,
1788 3424 1974 3463 cessa-

393 3504 473 3557 bit
508 3502 559 3555 in
589 3502 808 3555 homine
842 3499 1121 3554 alteruter.
1159 3498 1293 3554 Nam
1326 3500 1371 3554 si
1400 3500 1583 3553 vincat
1623 3500 1717 3555 Dei
1749 3502 1975 3555 manda-

394 3605 529 3659 tum,
573 3593 703 3648 illud
743 3593 962 3662 maligni
1003 3602 1316 3656 evanescat,
1365 3598 1420 3646 et
1464 3607 1491 3643 a
1535 3591 1741 3646 malitia
1774 3593 1975 3648 otiabi-

394 3698 485 3744 tur
515 3688 693 3742 homo.
728 3685 827 3740 Sin
852 3686 1009 3739 ambo
1036 3685 1274 3739 retinere
1310 3684 1563 3750 voluerit,
1594 3686 1702 3741 vita
1734 3686 1970 3754 excidet,

393 3788 447 3834 et
478 3776 863 3845 temporalibus
902 3777 1067 3829 etiam
1098 3775 1439 3845 spoliabitur.

462 3872 509 3904 ³⁸
541 3870 706 3924 Labia
754 3872 859 3924 hoc
915 3870 1034 3923 loco
1081 3868 1440 3938 cogitationes
1474 3869 1624 3923 dicit.
1654 3870 1759 3938 Qui
1792 3882 1970 3926 autem

390 3964 589 4017 mentis
616 3960 755 4015 labia
782 3975 888 4015 non
920 3960 1097 4029 aperit
1122 3970 1313 4014 contra
1338 3960 1654 4029 malignum,
1701 3961 1811 4016 Deo
1839 3978 1972 4017 con-

390 4052 552 4107 ﬁtens
589 4052 717 4105 vitia
750 4067 875 4115 sua,
916 4059 1182 4119 quotquot
1236 4050 1283 4104 ei
1318 4048 1403 4104 ille
1446 4050 1676 4107 inseruit
1709 4054 1969 4109 adversus

392 4147 583 4208 Deum,
640 4144 739 4199 sed
794 4143 973 4213 potius
1027 4142 1189 4207 celat,
1220 4141 1311 4196 ltic
1348 4157 1584 4198 maerore
1633 4144 1818 4199 obruit
1872 4160 1970 4201 cor

389 4254 569 4304 suum,
617 4236 782 4292 stulte
826 4236 1146 4291 existimans
1192 4249 1252 4289 se
1285 4250 1390 4289 non
1428 4235 1631 4291 habere
1660 4249 1965 4307 peccatum,

387 4345 565 4394 neque
617 4328 835 4383 interim
891 4329 1139 4397 agnoscit
1182 4328 1273 4382 Dei
1306 4328 1687 4384 clementiam:
1719 4332 1842 4402 quia
1874 4349 1968 4403 po-

390 4418 520 4486 tius,
551 4436 743 4491 nempe
771 4421 852 4474 liis
888 4420 959 4473 ita
991 4420 1335 4489 sperantibus
1363 4430 1417 4474 et
1446 4422 1558 4475 ltazc
1602 4423 1650 4477 ei
1698 4425 1964 4480 conﬁten-

2083 1299 2222 1351 ριον
2237 1280 2345 1335 τοῦ
2371 1282 2543 1337 Θεοῦ.
2588 1282 2943 1354 Προσεκτέον
2972 1281 3028 1335 δὲ
3058 1265 3310 1347 ἐνταῦθα,
3336 1282 3417 1335 ὅτι
3450 1281 3548 1343 τὰς
3574 1296 3680 1335 πα-

2091 1379 2379 1451 χυνθείσας
2408 1378 2586 1449 ψυχὰς
2610 1377 2718 1432 ἀπὸ
2747 1378 2847 1448 τῆς
2892 1378 3090 1442 κακίας
3110 1418 3124 1442 ,
3170 1377 3379 1449 σάρκας
3425 1376 3678 1447 ἀφρόνων

2089 1473 2371 1544 ὠνόμασεν
2395 1484 2409 1500 ⁶
2441 1470 2585 1525 οὓτω
2613 1472 2707 1525 καὶ
2733 1473 2761 1525 ὁ
2786 1471 2989 1544 Κύριός
3024 1488 3189 1542 φησιν
3212 1489 3226 1504 ο
3257 1473 3339 1525 οὐ
3384 1470 3470 1540 μὴ
3501 1486 3678 1523 κατα-

2083 1561 2260 1633 μείνῃ
2285 1564 2353 1618 τὸ
2382 1562 2617 1632 πνεῦμά
2649 1582 2770 1633 μου
2794 1563 2863 1618 ἐν
2900 1563 3025 1630 τοῖς
3063 1562 3430 1633 ἀνθρώποις,
3460 1561 3558 1616 διὰ
3605 1560 3677 1613 τὸ

2086 1653 2240 1711 εἶναι
2261 1657 2484 1722 αὐτοὺς
2506 1655 2761 1724 σάρκας.

2172 1750 2228 1802 '0
2257 1747 2548 1803 ἀποϐαλὼν
2572 1788 2586 1813 ,
2614 1748 2747 1819 φησὶ
2772 1787 2787 1812 ,
2829 1745 3028 1800 κακίαν
3055 1741 3220 1797 αὑτοῦ
3242 1782 3255 1807 ,
3288 1744 3383 1797 καὶ
3411 1742 3546 1814 πρὸς
3574 1744 3673 1797 αύ-

2017 1803 2059 1861 Β
2086 1841 2184 1914 τὴν
2215 1840 2378 1894 πάλιν
2428 1803 2799 1911 ἐπιστρέιίιας,
2850 1837 3035 1909 ὅμοιός
3091 1836 3208 1889 ἐστι
3245 1803 3391 1889 ’κυνὶ
3436 1803 3671 1888 ἐσθίοντι

2086 1933 2177 1987 τὸν
2203 1934 2333 1987 ἴδιον
2361 1934 2582 2003 ἐμετόν·
2612 1928 2701 1985 οἷα
2737 1927 2861 2003 ἦνή
2892 1929 2985 1983 τοῦ
3021 1929 3143 1982 Λὼτ
3178 1928 3314 2000 γυνὴ
3340 1968 3354 1994 ,
3392 1928 3489 1982 καὶ
3528 1928 3671 1998 πρὸς

2084 2025 2143 2078 ὃν
2168 2025 2228 2079 τὸ
2260 2025 2567 2097 ἀκάθαρτον
2608 2023 2824 2096 πνεῦμα
2854 2020 3207 2093 ἐπέστρεψεν.

2152 2118 2433 2191 Χρηστέον
2453 2116 2628 2188 τούτῳ
2654 2116 2732 2187 τῷ
2764 2114 2913 2188 ῥητῷ
2945 2115 3078 2187 πρὸς
3116 2114 3241 2177 τοὺς
3266 2111 3672 2185 ψηφιζομένους

2083 2211 2235 2274 τινὰς
2264 2208 2373 2264 τῶν
2395 2209 2629 2276 ἀναξίων
2666 2209 2724 2262 ἐν
2757 2206 3043 2279 ἱερωσύνῃ,
3070 2205 3102 2275 ἢ
3135 2206 3192 2257 ἐν
3212 2204 3397 2275 κλήρῳ
3419 2220 3432 2234 ν
3472 2202 3532 2256 οὐ
3558 2202 3671 2272 γὰρ

2084 2306 2148 2358 ἐκ
2166 2304 2273 2357 τῶν
2301 2303 2423 2358 καθ’
2446 2304 2596 2376 ἡμᾶς
2624 2320 2710 2365 τις
2736 2302 2835 2371 τὴν
2879 2297 3274 2369 δικαιοκρισίαν
3315 2297 3409 2350 καὶ
3455 2295 3670 2350 ἐλευθε-

2085 2397 2207 2472 ρίαν
2255 2398 2355 2469 τῆς
2399 2395 2723 2467 Ἐκκλησίας
2774 2396 3096 2465 ἐποιήσατοο
3132 2392 3164 2464 ἢ
3211 2388 3452 2462 ἡμετέρα
3496 2388 3669 2451 ἐστὶν,

2084 2488 2220 2543 ἀλλά
2242 2488 2501 2561 Χριστοῦ,
2525 2488 2592 2541 δι’
2620 2487 2686 2558 ἥν
2720 2485 2901 2555 ἔκρινε
2930 2481 3225 2545 δικαιώσας
3260 2480 3449 2534 ἑαυτὸν
3483 2480 3666 2550 σφαγῇ

2081 2581 2330 2651 δοθῆναι,
2381 2580 2476 2633 καὶ
2509 2578 2737 2650 χυθῆναι
2777 2578 2838 2631 τδ
2879 2573 3019 2647 αἷμα
3071 2575 3237 2629 αὐτοῦ
3276 2573 3414 2643 ὑπὲρ
3455 2570 3626 2641 αὐτῆς
3650 2584 3667 2598 ·

2082 2673 2224 2727 οῦτω
2259 2671 2394 2725 καὶὸ
2420 2672 2527 2735 πᾶς
2558 2688 2641 2734 τις
2676 2668 3000 2741 Ἐκκλησίας
3038 2667 3232 2730 οἴακας
3262 2660 3667 2735 ἐγκεχειρίσθαι

2081 2761 2385 2833 ἐπιθυμῶν,
2418 2762 2622 2830 ὀφείλει
2656 2761 2847 2814 ἑαυτὸν
2875 2760 3123 2813 ἐκδοῦναι
3150 2799 3163 2823 ,
3197 2759 3291 2811 καὶ
3320 2757 3415 2826 τῆς
3462 2754 3668 2826 κέρκου

2081 2855 2176 2909 τοῦ
2202 2851 2442 2925 πονηροῦ
2487 2853 2761 2925 κρατῆσαι
2781 2894 2795 2918 ,
2826 2851 2920 2905 καὶ
2946 2852 3071 2915 τοὺς
3100 2850 3204 2902 ὑπὸ
3232 2848 3330 2919 τὴν
3364 2844 3529 2901 αὐτοῦ
3564 2862 3668 2899 κα-

2081 2949 2207 3002 κίαν
2230 2944 2615 3019 ἐλευθερῶσαι,
2642 2946 2735 2999 καὶ
2759 2946 2837 3009 εἰς
2860 2944 2958 3016 τὴν
2990 2942 3082 2996 τοῦ
3112 2940 3344 3013 Χριστοῦ
3371 2938 3667 3006 ἐπίγνωσιν

2080 3043 2474 3114 προσαγαγεῖν.

2154 3135 2362 3205 Ὥσπερ
2407 3133 2465 3185 ἐν
2502 3131 2678 3196 ξύλοις
2722 3128 2781 3182 τὸ
2816 3126 2947 3199 πῦρ,
2976 3125 3149 3190 οὕτως
3197 3127 3254 3178 ἐν
3286 3125 3542 3196 πονηροῖς
3573 3123 3665 3177 λοσ-

2078 3230 2297 3297 γισμοῖς
2343 3225 2525 3278 θάλλει
2564 3223 2658 3276 καὶ
2708 3220 2853 3273 καίει
2894 3221 2922 3272 ὁ
2960 3219 3095 3290 πρὸς
3139 3217 3210 3270 τὰ
3254 3217 3397 3287 πάθη
3432 3214 3525 3268 τοῦ
3568 3216 3664 3269 νου

2079 3318 2276 3389 θυμός·
2309 3317 2443 3371 ὅπου
2469 3316 2524 3368 δὲ
2557 3314 2655 3367 οὐκ
2685 3312 2801 3365 ἐστι
2832 3311 3087 3382 δίθυμος,
3127 3308 3373 3361 τουτέστι
3416 3307 3659 3376 δίψυχος,

2076 3411 2190 3465 ἀλλ’
2232 3410 2265 3482 ἢ
2300 3409 2376 3480 τῷ
2419 3408 2558 3478 Θεῷ,
2600 3406 2633 3477 ἢ
2670 3404 2749 3475 τῷ
2787 3404 3094 3475 μαμμωνᾷ,
3137 3400 3574 3471 ήσυχασθήσεται
3602 3398 3665 3463 ἐξ

2076 3503 2240 3558 αὐτοῦ
2281 3504 2343 3556 τὸ
2375 3502 2432 3554 ἓν
2464 3502 2558 3554 τοῦ
2598 3500 2816 3568 ἐτέρουο
2848 3496 2880 3567 ἢ
2908 3496 2967 3548 τὸ
3016 3494 3106 3547 τοῦ
3152 3493 3287 3547 Θεοῦ
3332 3494 3662 3564 πρόσταγμα

2074 3596 2323 3667 νικῆσαν,
2368 3594 2427 3648 τὸ
2459 3591 2552 3647 τοῦ
2589 3588 2824 3661 πονηροῦ
2876 3590 3207 3659 τακήσεται,
3249 3587 3344 3640 καὶ
3380 3588 3443 3656 τῇ
3490 3583 3660 3654 κακίᾳ

2075 3687 2522 3760 προσειρηνεύσει
2542 3703 2554 3716 ·
2595 3684 2689 3738 ἐὰν
2716 3684 2773 3736 δὲ
2800 3682 2865 3736 τὰ
2894 3682 2988 3735 δύο
3015 3681 3210 3743 ἕλοιτο,
3250 3680 3344 3732 καὶ
3381 3677 3479 3748 τῆς
3514 3675 3659 3745 ζωῆς

2072 3782 2315 3847 ἐκπέσοι,
2347 3782 2439 3834 καὶ
2468 3779 2577 3832 τῶν
2606 3775 2955 3849 προσκαίρων
2990 3772 3407 3844 στερηθήσεται.

2143 3875 2308 3945 Χείλη
2358 3872 2590 3927 ἐνταῦθα
2643 3874 2766 3935 τοὺς
2817 3868 3112 3940 λογισμούς
3161 3881 3355 3937 φησιν·
3409 3865 3439 3916 ὁ
3475 3864 3533 3917 δὲ
3585 3862 3658 3916 τά

2070 3969 2224 4040 χείλη
2262 3967 2355 4022 τοῦ
2399 3966 2489 4020 νοῦ
2527 3966 2601 4038 μὴ
2638 3965 2868 4034 ἀνοίγων
2907 3961 3046 4016 κατά
3080 3960 3173 4013 τοῦ
3217 3958 3477 4030 πονηροῦ,
3520 3957 3658 4029 πρὸς

2069 4061 2161 4114 τὸν
2193 4060 2327 4113 Θεὸν
2371 4057 2864 4129 ἐξομολογούμενος
2893 4055 2962 4108 τὰ
2998 4053 3162 4118 κακὰ,
3190 4053 3289 4106 ὅσα
3322 4050 3656 4121 ἐνσπείρειεν

2069 4150 2218 4223 αὐτῷ
2256 4151 2397 4205 κατά
2428 4150 2522 4203 τοῦ
2556 4149 2714 4213 Θεοῦ,
2751 4148 2887 4202 ἀλλά
2917 4148 3169 4217 κρύπτει,
3210 4143 3355 4215 λύπῃ
3391 4141 3654 4194 καλύπτει

2070 4242 2262 4297 ἐαυτοῦ
2315 4242 2565 4314 καρδίαν,
2610 4240 2669 4307 ἐξ
2727 4237 3041 4308 ἀφροσύνης
3096 4234 3169 4305 μὴ
3221 4232 3457 4304 νομίζων
3510 4230 3654 4300 ἔχειν

2068 4338 2371 4407 ἁμάρτημα
2410 4336 2467 4387 ἐν
2500 4332 2744 4393 τούτοις·
2785 4333 2885 4385 οὐκ
2932 4327 3087 4392 εἰδὼς
3120 4328 3217 4397 τὴν
3257 4325 3350 4378 τοῦ
3390 4322 3523 4377 Θεοῦ
3563 4323 3654 4376 εὐ-

2070 4428 2430 4499 σπλαγχνίαν·
2464 4428 2543 4480 ὅτι
2589 4425 2786 4497 μᾶλλον
2823 4426 2933 4486 τοῖς
2965 4422 3136 4484 οὕτως
3176 4418 3506 4489 ὑπομένουσι
3557 4415 3653 4469 καὶ

390 4511 555 4579 tibus,
596 4526 830 4567 coronas
870 4511 1081 4577 tribuit,
1136 4528 1233 4567 ceu
1293 4512 1535 4583 quotidie
1584 4526 1809 4585 propter
1838 4533 1960 4573 eum

2094 4519 2482 4589 ,ξαγγέλλουσιν
2514 4515 2661 4587 αὑτῷ
2697 4515 2902 4579 ταῦτα,
2947 4512 3244 4580 στεφάνους
3283 4510 3545 4579 ἀπονέμει
3575 4507 3653 4570 ὡς

388 4605 788 4663 dimicantibus.

2072 4614 2193 4669 καθ’
2217 4611 2451 4683 ἑκάστην
2476 4609 2697 4666 ἀθλοῦσι
2724 4609 2790 4662 δι’
2815 4607 2976 4660 αὐτόν

1814 4708 1968 4767 CAP.
2008 4708 2222 4765 XXVII.

460 4798 502 4829 ³⁷
526 4796 735 4861 Illudit,
766 4812 863 4866 pro
886 4800 1097 4867 gaudet,
1122 4798 1409 4855 intellexit.
1435 4797 1566 4853 Nam
1596 4817 1726 4870 pura
1756 4806 1961 4872 anima,

389 4890 513 4943 dum
532 4887 883 4941 deliciaturin
910 4889 1137 4944 scientia
1164 4889 1589 4959 Scripturarum,
1612 4895 1809 4962 gaudet
1826 4896 1963 4950 bene

386 4988 594 5032 satura.
625 4976 693 5029 At
726 4977 936 5045 impura
967 4978 1147 5032 anima
1195 4977 1387 5035 falsam
1417 4996 1633 5051 quoque
1673 4984 1958 5041 scientiam

388 5079 539 5141 putat
569 5069 793 5123 omnino
821 5084 942 5123 esse
980 5085 1186 5124 veram.

459 5162 505 5193 ³⁸
532 5159 625 5215 Vel
657 5160 836 5216 cordis
865 5160 1037 5226 locus,
1070 5170 1153 5215 est
1182 5164 1353 5218 virtus
1378 5178 1443 5220 ac
1471 5166 1732 5233 scientia;
1766 5184 1795 5221 a
1835 5169 1959 5239 qui-

387 5257 488 5315 bus
509 5254 777 5309 alienatus
803 5254 988 5319 homo,
1014 5253 1208 5308 incidit
1240 5256 1294 5308 iu
1327 5258 1625 5325 nequitiam
1654 5271 1822 5329 atque
1878 5261 1961 5314 iu-

386 5346 619 5425 scitiam,
675 5346 839 5414 ﬁtque
870 5360 1058 5399 servus
1110 5346 1316 5413 peccati
1371 5350 1515 5417 quod
1570 5359 1773 5417 patrat.
1822 5350 1957 5405 Nam

383 5448 653 5511 quatenus
694 5440 854 5493 homo
882 5437 1164 5493 rationalis
1190 5448 1295 5504 est,
1326 5439 1473 5495 locus
1503 5440 1621 5511 ejus
1650 5441 1820 5497 virtus
1850 5451 1955 5497 est.

2156 4802 2467 4875 Ἑμπαίζὲι,
2510 4804 2629 4857 ἀντὶ
2658 4800 2751 4855 τοῦ
2784 4802 2994 4871 χαίρει,
3021 4799 3179 4853 ἔλαϐε
3199 4816 3211 4828 ο
3244 4795 3390 4866 ψυχὴ
3418 4794 3525 4863 γὰρ
3551 4810 3655 4845 κα-

2067 4898 2239 4969 θαρὰ,
2302 4895 2704 4967 κατατρυφῶσα
2764 4895 2865 4965 τῆς
2922 4893 3176 4963 γνώσεως
3226 4892 3335 4945 τῶν
3392 4887 3645 4959 Γραφῶν,

2066 4990 2245 5060 χαίρει
2286 4988 2703 5059 ἐμπιπλαμένη·
2747 4987 2892 5058 ψυχὴ
2927 4986 2983 5039 δὲ
3027 4984 3367 5055 ἀκάθαρτος,
3412 4982 3505 5035 καὶ
3548 4981 3649 5051 τὴν

2064 5079 2408 5150 ψευδώνυμον
2440 5079 2659 5147 γνῶσιν,
2687 5078 2859 5149 ἀληθῆ
2890 5076 3106 5138 πάντως
3133 5073 3361 5144 νομίζει.

2138 5173 2210 5224 Ἢ
2238 5172 2401 5235 τόπος
2434 5171 2680 5242 καρδίας,
2717 5167 2887 5240 ἀρετὴ
2922 5172 3018 5221 καὶ
3048 5166 3265 5235 γνῶσις,
3295 5164 3386 5232 ἀφ’
3413 5155 3487 5215 ὧν
3511 5161 3649 5214 ἀπο·

2064 5262 2315 5330 ξενωθεὶς
2353 5262 2637 5335 ἅνθρωπος
2665 5263 2852 5316 πίπτει
2880 5264 2959 5324 εἰς
2988 5259 3183 5314 κακίαν
3218 5258 3311 5310 καὶ
3346 5252 3642 5323 ἀγνωσίαν,

2063 5356 2159 5409 καὶ
2186 5356 2393 5424 γίνεται
2429 5354 2614 5418 δοῦλος
2640 5355 2737 5424 τῆς
2766 5352 3037 5424 ἁμαρτίας
3080 5349 3249 5405 ποιῶν
3276 5348 3446 5420 αὑτήν
3467 5364 3479 5376 ·
3510 5342 3646 5398 καθὸ

2062 5447 2171 5520 γὰρ
2200 5449 2414 5517 λογικός
2449 5450 2585 5511 ἐστι,
2610 5446 2773 5511 τόπος
2802 5444 2966 5499 αὐτοῦ
2998 5447 3031 5514 ἠ
3067 5443 3256 5514 ἀρετή.

454 5746 497 5774 ¹⁴
527 5759 578 5821 ξι
624 5745 702 5821 7.__
754 5745 875 5821 "Av.
913 5746 963 5803 8.
1044 5748 1087 5781 ³⁰
1139 5765 1185 5803 γ.
1229 5749 1311 5809 10.
1391 5750 1429 5783 ⁸⁸
1460 5748 1591 5807 Luc.
1627 5766 1710 5818 Ill,
1762 5752 1814 5807 6.
1894 5752 1935 5785 ³³
1974 5750 1996 5807 ί

2102 5792 2113 5808 .
2163 5754 2309 5821 t't,3.
2391 5751 2434 5784 ³⁸
2467 5766 2519 5806 ν.
2558 5750 2643 5807 ιι.
2722 5748 2765 5779 ³⁵
2803 5764 2850 5805 t'.
2894 5748 2976 5803 l7.
3060 5745 3103 5780 ³⁸
3134 5760 3183 5801 t‘.
3217 5743 3309 5799 ‘20.
3389 5740 3434 5774 ³⁸
3460 5758 3510 5796 v.
3536 5737 3633 5794 9.7L

379 5810 422 5843 ³⁷
456 5832 503 5869 v.
530 5814 581 5867 7.
660 5815 703 5847 ³⁸
732 5833 780 5873 v.
811 5819 863 5871 8.
