3888 6218
235 340 335 395 2H

1433 337 1802 397 EXPOSITIO
1830 339 1901 395 IN
1928 336 2341 395 PROVERBIA.

3381 341 3488 397 242

303 454 450 519 Νοῦς
487 453 704 525 ἀπαθὴς
738 454 1002 519 ποικίλοις
1023 453 1303 528 τέρπεται,
1347 457 1509 530 σοφίᾳ
1548 459 1643 514 καὶ
1672 456 1803 528 γνὼ-

1983 458 2027 491 ³⁹
2067 456 2217 513 Mens
2244 454 2634 528 cupiditatibus
2681 454 2854 512 libera
2883 453 3215 511 multimodis
3243 453 3485 511 delecta-

234 563 337 612 σει,
369 545 465 600 καὶ
492 543 766 619 ύμνῳδίᾳ·
805 544 929 615 νοῦς
953 546 1009 599 δὲ
1038 548 1330 619 ὲμπαθὴς,’
1350 550 1408 601 ὲν
1442 550 1685 622 ἀγνωσία
1717 548 1811 602 καὶ

230 637 399 709 κακίᾳ
441 637 904 709 καταρρήγνυται,
948 640 1041 693 καὶ
1075 642 1156 705 εἰς
1201 640 1400 713 πτῶμα
1434 642 1650 717 ἔρχεται
1680 641 1809 695 δυσ-

232 729 380 784 ίατον
411 728 507 781 καὶ
541 727 705 800 μέγα.

294 819 454 884 Φίλος
478 822 511 891 ἡ
522 820 637 891 μῶν
677 819 773 874 καὶ
802 816 910 871 τῶν
942 812 1220 888 πρόπαλαι
1256 813 1529 886 πατέρων,
1569 817 1663 871 καὶ
1702 819 1812 873 τῶν

230 912 353 983 μεθ’
387 914 557 984 ἡμᾶς,
598 914 629 966 6
673 912 808 975 Θεός
858 909 1037 961 ἐστιν·
1086 906 1248 970 αὐτὸς
1295 904 1405 979 γάρ
1453 902 1637 961 εἶπεν·
1682 911 1815 981 Ἐμὲ

224 1003 625 1072 ἐγκατέλιπον
659 1000 864 1077 πηγὴν
908 998 1127 1064 ὓδατος
1166 996 1403 1065 ζῶντος,
1436 1000 1536 1054 καὶ
1574 999 1814 1070 ὤρυξαν

224 1092 466 1161 ἑαυτοῖς
516 1092 787 1160 λάκκους
834 1089 1397 1161 συντετριμμένους.
1430 1120 1501 1132 -
1550 1094 1814 1150 Ἐνταῦθα

226 1182 458 1253 ἀδελφὸς
484 1185 514 1237 6
546 1184 778 1256 Χριστός
822 1184 939 1237 ἐστι
979 1180 1123 1236 κατὰ
1161 1181 1351 1254 χάριν·
1394 1184 1473 1247 είς
1511 1183 1568 1236 δὲ
1612 1185 1703 1238 τὸν
1736 1181 1815 1240 οἷ-

227 1293 323 1330 κον
362 1277 459 1331 τοῦ
501 1276 734 1347 ἀδελφοῦ
786 1292 902 1342 σου,
942 1276 1071 1331 ἄνευ
1112 1274 1220 1329 τῶν
1264 1275 1511 1341 ἐντολῶν,
1558 1270 1633 1331 ῶν
1679 1280 1813 1351 ἡμῖν

222 1368 479 1434 δέδωκεν,
527 1370 608 1433 είς
658 1368 907 1435 ἐξουσίαν
960 1367 1057 1421 τοῦ
1097 1352 1357 1421 εἰσελθεῖν
1410 1370 1491 1433 είς
1534 1368 1626 1423 τὸν
1666 1366 1813 1426 οἷκον

228 1461 421 1525 αὐτοῦ,
458 1462 734 1515 τουτέστιν
762 1464 841 1525 είς
868 1461 967 1533 τὴν
993 1460 1101 1516 τῶν
1129 1460 1373 1532 οὐρανῶν
1412 1460 1705 1531 βασιλείαν,
1738 1462 1813 1537 μὴ

226 1552 476 1626 εἰσέλθῃς
492 1552 705 1624 ἀτυχῶν
716 1552 935 1608 τούτων·
958 1550 1191 1615 τοιοῦτος
1207 1550 1314 1624 γὰρ
1328 1547 1395 1623 ἦν
1411 1552 1504 1606 καὶ
1520 1554 1548 1606 6
1561 1552 1813 1609 εἰσελθὼν

226 1646 310 1709 είς
344 1634 668 1716 τὸτ’γάμον,
717 1645 792 1718 μὴ
838 1645 976 1715 ἔχων
1023 1642 1226 1716 ἔνδυμα
1272 1643 1485 1715 γάμου·
1538 1645 1712 1710 δεθεὶς
1757 1646 1814 1700 δὲ

224 1740 419 1809 χεῖρας
445 1738 541 1792 καὶ
577 1738 745 1802 πόδας
789 1735 1049 1809 ἐξεϐλήθη
1090 1735 1185 1790 τοῦ
1217 1736 1418 1807 γάμου.
1454 1768 1523 1778 ——
1561 1738 1812 1808 Ἀδελφὸς

222 1830 387 1901 ἡμῶν
420 1830 654 1884 ἐνταῦθα
682 1832 711 1884 6
740 1830 849 1884 τῶν
877 1830 1124 1899 ἀγγέλων
1149 1829 1305 1901 χορός
1343 1829 1488 1883 ἐστι·
1524 1831 1663 1885 κατά
1702 1834 1810 1904 γὰρ

222 1921 325 1992 τὴν
370 1921 479 1974 τῶν
527 1922 773 1990 ἀγγέλων
814 1922 973 1990 φύσιν
1019 1922 1124 1993 πρὸ
1160 1922 1260 1993 τῆς
1307 1922 1672 1993 παραϐάσεως
1716 1926 1811 1978 καὶ

225 2013 490 2077 πτώσεως
522 2015 549 2067 6
572 2013 819 2078 διάὸολος
850 2013 958 2068 τῶν
993 2014 1236 2084 ἀγγέλων
1260 2014 1354 2068 καὶ
1383 2015 1539 2087 ἡμῶν
1563 2016 1773 2087 ὑπῆρχε
1792 2034 1806 2047 ·

227 2107 385 2175 φῐλος
426 2106 484 2159 δὲ
524 2106 680 2178 ἡμῶν
721 2107 866 2159 ἐστιν
899 2109 927 2160 6
955 2106 1115 2172 Θεός·
1165 2110 1417 2178 κρεῖσσον
1447 2108 1505 2161 δὲ
1536 2108 1613 2180 τῷ
1644 2112 1809 2179 ἐγγυ-

220 2198 369 2269 τέρῳ
407 2198 501 2250 καὶ
545 2196 781 2269 ἀληθινῷ
838 2197 957 2268 Θεῷ
1003 2197 1158 2269 ἡμῶν
1192 2199 1284 2253 καὶ
1325 2198 1465 2271 φίλῳ
1506 2200 1673 2269 ἐγγὺς
1716 2203 1811 2256 καὶ

221 2286 630 2356 πλησιεστέρως
664 2288 853 2351 οἰκεῖν,
878 2287 911 2358 ἢ
942 2286 1021 2358 τῷ
1052 2287 1270 2360 μακρὰν
1298 2288 1390 2341 ἀπ’
1418 2288 1584 2344 αὑτοῦ
1620 2291 1809 2345 ἑαυτὸν

224 2381 518 2451 ποιήσαντι
569 2380 833 2451 διαϐόλῳ,
888 2380 965 2444 ῶς
1018 2379 1231 2452 ἀδελφῷ
1282 2381 1565 2449 ὑπείκειν,
1612 2385 1693 2447 είς
1749 2383 1809 2437 τὸ

223 2470 619 2526 συναπολέσθαι
677 2472 844 2544 αὐτῷ.
878 2504 943 2513 -
981 2473 1266 2546 Κρείσσων
1318 2475 1347 2527 6
1407 2475 1811 2547 συναπτόμενός

223 2580 320 2633 μοι
357 2562 446 2617 διά
473 2564 573 2636 τῆς
609 2564 844 2636 ἀληθοῦς
878 2562 1152 2633 γνώσεως,
1186 2566 1324 2639 ὑπὲρ
1352 2567 1443 2621 τὸν
1471 2570 1809 2642 συναπτόμε-

217 2655 313 2707 νόν
345 2672 433 2725 μοι
466 2656 624 2726 μόνον
655 2656 741 2710 διά
768 2656 868 2727 τῆς
900 2656 1133 2726 φύσεως.
1377 2650 1383 2656 ’

293 2746 401 2799 Τοῦ
436 2745 723 2818 ἀνθρώπου
759 2743 926 2811 οἶκος,
968 2750 1001 2818 ἡ
1032 2748 1232 2820 ἀρετή·
1263 2747 1359 2803 ὲάν
1394 2744 1487 2803 οῦν
1533 2750 1608 2822 μὴ
1643 2767 1808 2804 σπου-

217 2838 386 2901 δαίως
412 2837 616 2909 ταύτης
663 2838 1008 2910 ἐπιμελῆται,
1052 2842 1111 2895 ὲν
1154 2840 1329 2913 καιρῷ
1362 2843 1682 2916 πειρασμῶν
1710 2845 1806 2898 ὲκ-

220 2947 414 2985 πιπτει
445 2931 631 3001 αὐτῆς.

292 3026 445 3097 Συκῆ
474 3026 706 3081 ἐνταῦθα
733 3029 767 3099 ή
802 3027 1113 3103 δικαιοσύνη
1156 3030 1189 3101 ἡ
1227 3028 1321 3083 τοῦ
1352 3030 1485 3084 Θεοῦ
1533 3033 1698 3097 ἐστιν,
1740 3033 1804 3105 ἣν

1915 557 2023 612 tur,
2064 546 2355 617 sapientia,
2393 553 2450 600 et
2480 544 2735 611 scientia,
2767 554 2933 615 atque
2964 545 3281 615 bymnodia.
3332 544 3488 602 Mens

1910 647 2102 695 contra
2133 635 2477 707 passionibus
2503 636 2762 700 obnoxia,
2790 635 3088 708 ignorantia
3109 646 3164 691 et
3200 635 3487 705 iniquitate

1910 728 2295 801 proscinditur,
2313 729 2474 799 ﬁtque
2487 744 2678 799 magna
2694 730 2848 784 ruina
2861 736 2913 785 et
2926 742 3082 800 pane
3096 728 3486 800 irreparabilis.

1980 822 2027 854 "
2057 820 2283 877 Amicus
2329 831 2514 876 noster
2542 829 2597 876 et
2649 820 2994 890 antiquorum
3024 828 3240 890 patrum
3289 830 3345 874 et
3390 836 3486 890 po-

1913 922 2182 969 sterorum
2212 923 2547 976 nostrorum,
2576 909 2721 967 Deus
2741 921 2845 966 est.
2871 908 2995 980 Ipse
3021 912 3167 965 enim
3197 910 3372 965 dixit:
3399 909 3486 964 lle

1912 1004 2299 1075 dereliquerunt
2328 1004 2526 1073 [autem
2554 1018 2704 1074 aqua
2728 1003 2960 1066 viventis,
2989 1010 3038 1056 et
3063 1002 3359 1071 eﬂ'oderunt
3383 1002 3486 1055 sibi

1913 1095 2172 1151 cisternas
2203 1095 2487 1164 dissipatas
2513 1094 2581 1149 “.
2608 1124 2678 1136 —
2702 1092 2817 1149 Hoc
2858 1094 2979 1149 loco
3024 1091 3193 1148 frater
3237 1092 3488 1163 Christus

1913 1198 1998 1244 est
2015 1201 2112 1259 per
2138 1190 2387 1259 gratiam.
2442 1187 2547 1242 Sed
2598 1188 2652 1241 in
2685 1187 2903 1242 domum
2938 1184 3123 1241 fratris
3153 1184 3250 1249 tui,
3282 1184 3488 1255 absque

1915 1279 2204 1351 praeceptis
2234 1294 2354 1349 quae
2400 1277 2551 1335 dedit
2588 1278 2767 1343 nobis,
2799 1287 2861 1332 ut
2910 1276 3064 1347 copia
3113 1285 3258 1332 esset
3298 1276 3485 1347 ingre-

1915 1371 2095 1427 diendi
2127 1371 2180 1426 in
2209 1371 2429 1427 domum
2460 1370 2597 1440 ejus,
2632 1371 2682 1426 id
2723 1379 2806 1427 est
2840 1370 2894 1426 in
2932 1370 3190 1425 civ-lorum
3230 1383 3484 1439 regnum,

1916 1481 1985 1520 ne
2012 1465 2255 1521 introeas
2287 1465 2333 1519 si
2375 1464 2461 1520 his
2496 1465 2715 1535 inquam
2765 1478 2971 1520 careas.
3024 1462 3157 1517 Nam
3191 1462 3311 1517 talis
3341 1471 3483 1528 erat,

1913 1557 2006 1627 qui
2045 1556 2112 1611 ad
2153 1556 2372 1627 nuptias
2402 1556 2616 1611 introiit
2653 1555 2856 1626 absque
2897 1567 3049 1611 veste
3087 1554 3337 1625 nuptiali,
3391 1554 3487 1624 qui

1916 1648 2100 1720 ligatis
2132 1649 2382 1703 manibus
2411 1663 2477 1704 ac
2502 1648 2729 1717 pedibus
2761 1650 2828 1704 de
2858 1648 2950 1703 illo
2982 1646 3101 1703 loco
3127 1647 3316 1717 pulsus
3358 1645 3483 1702 fuit.

1912 1768 1987 1783 —
2014 1738 2130 1807 Vel,
2156 1740 2329 1796 frater
2350 1750 2533 1798 noster
2556 1741 2659 1797 hoc
2682 1740 2801 1797 loco
2822 1748 2906 1796 est
2925 1739 3239 1811 angelorum
3261 1740 3483 1795 chorus.

1842 1805 1885 1861 Β
1911 1834 2047 1887 Nam
2088 1805 2187 1901 pro
2216 1847 2314 1887 sua
2338 1832 2580 1902 angelica
2612 1840 2805 1888 natura
2837 1840 2963 1887 ante
2999 1805 3486 1901 transgressionem

1910 1936 1966 1983 et
2008 1927 2214 1997 lapsum
2248 1925 2497 1982 diabolus
2545 1934 2601 1981 et
2632 1924 2947 1995 angelorum
2993 1932 3049 1979 et
3091 1924 3263 1980 nostri
3314 1924 3486 1980 frater

1909 2027 2048 2074 erat.
2082 2016 2190 2071 Sed
2229 2016 2437 2071 amicus
2470 2025 2656 2071 noster
2685 2016 2826 2071 Deus
2849 2023 2953 2070 est.
2984 2014 3103 2070 Iam
3130 2029 3257 2070 vero
3288 2015 3485 2073 melius

1910 2120 2015 2176 εει,
2062 2108 2378 2180 proximiori
2409 2122 2647 2177 veroque
2696 2106 2807 2162 Deo
2858 2116 3044 2163 nostro
3079 2117 3245 2178 atque
3282 2109 3484 2173 amico,

1910 2213 2075 2268 prope
2096 2208 2153 2255 et
2182 2198 2487 2267 proximius
2525 2197 2797 2264 habitare,
2827 2213 2992 2268 quam
3034 2199 3083 2253 ei
3135 2200 3225 2267 qui
3276 2200 3346 2255 ab
3392 2200 3484 2256 illo

1910 2285 2097 2355 procul
2125 2300 2184 2342 se
2209 2287 2504 2353 submovit,
2534 2286 2763 2357 obsequi
2797 2296 3053 2357 tanquam
3097 2286 3278 2353 fratri,
3306 2287 3360 2345 id
3398 2297 3483 2344 est

1909 2382 2147 2447 diabolo,
2176 2390 2234 2438 ut
2259 2398 2381 2438 cum
2417 2382 2607 2439 eodem
2634 2398 2947 2453 pereamus.
2968 2413 3038 2424 —
3065 2383 3254 2439 Melior
3284 2394 3366 2440 est
3389 2385 3482 2455 qui

1908 2473 2147 2529 cohaeret
2175 2474 2307 2529 mihi
2344 2490 2440 2545 per
2468 2489 2652 2530 veram
2687 2475 2999 2544 scientiam,
3029 2490 3191 2547 quam
3221 2476 3316 2547 qui
3350 2477 3482 2533 mihi

1908 2568 2144 2622 cohaeret
2171 2566 2339 2622 solius
2363 2566 2409 2621 vi
2446 2577 2673 2623 naturae.

1976 2750 2023 2782 δ’
2053 2749 2301 2806 Hominis
2327 2749 2543 2818 domus,
2574 2758 2658 2806 est
2679 2750 2877 2806 virtus.
2904 2747 3021 2807 Nisi
3050 2765 3181 2825 ergo
3209 2750 3369 2821 hujus
3400 2752 3478 2807 di-

1906 2842 2160 2913 ligentem
2204 2858 2390 2898 curam
2429 2852 2604 2914 gerat,
2636 2844 3000 2900 tentationum
3041 2852 3288 2917 tempore
3318 2846 3384 2902 ab
3414 2860 3477 2901 ea

1905 2934 2141 2993 excidet.

1975 3027 2023 3060 "
2049 3027 2214 3084 Ficus
2262 3028 2368 3085 hoc
2423 3028 2543 3084 loco
2587 3027 2804 3099 justitia
2839 3028 2937 3085 Dei
2989 3036 3093 3095 est,
3136 3043 3298 3099 quam
3329 3029 3385 3083 in
3418 3044 3478 3085 se

216 3114 269 3165 oi
305 3112 625 3181 φυτεύοντες
664 3116 722 3168 ὲν
766 3117 1001 3181 ἑαυτοῖς,
1038 3118 1132 3172 καὶ
1166 3118 1374 3191 ἑτέροις
1409 3121 1688 3191 μετάφυτα
1728 3123 1803 3176 δι-

1916 3118 2042 3190 ipsis
2069 3118 2401 3191 plantantes,
2433 3120 2665 3190 aliisque
2698 3120 2946 3176 surculos
2999 3120 3477 3191 transplantaudos

217 3204 423 3269 δόντες,
449 3204 540 3260 τὸν
571 3206 781 3279 καρπὸν
811 3209 981 3279 αὐτῆς
1014 3210 1276 3279 φάγονται
1308 3214 1371 3265 ἐκ
1399 3213 1577 3285 χειρὸς
1604 3213 1806 3287 Κυρίου

218 3296 317 3351 τοῦ
360 3297 520 3370 μόνου
553 3298 760 3355 δικαίου
800 3302 893 3356 καὶ
938 3302 1037 3373 τὴν
1087 3302 1429 3378 δικαιοσύνην
1478 3306 1809 3377 βραϐεύσαν-

215 3406 341 3452 τος·
383 3394 478 3446 mi
518 3394 633 3455 τοῖς
666 3393 764 3464 τὴν
801 3392 1150 3470 δικαιοσύνην
1197 3395 1363 3450 αὑτοῦ
1412 3397 1679 3467 φυλάξασι
1712 3398 1808 3453 σὺν

220 3483 406 3556 ἑαυτῷ
459 3486 789 3551 συντάττων,
846 3486 1108 3557 ἀπονέμει
1151 3487 1517 3561 δικαιοσύνην,
1563 3490 1663 3560 τὴν
1713 3490 1808 3543 καὶ

218 3576 486 3645 ἀγγέλους
530 3578 862 3646 δικαιοῦσαν,
910 3582 968 3634 ὲν
1022 3585 1086 3654 τῇ
1138 3581 1395 3653 ἀτρέπτῳ
1454 3584 1551 3654 τῆς
1600 3584 1805 3637 δικαιο-

221 3666 392 3736 σύνης
432 3668 808 3741 λαμπρότητι·
847 3671 906 3736 ὃς
952 3672 1009 3726 δὲ
1054 3674 1316 3742 φυλάσσει
1367 3673 1457 3728 τὸν
1505 3674 1661 3743 λόγον
1707 3676 1803 3730 τοῦ

221 3759 450 3830 Κυρίου,
497 3761 589 3816 τὸν
631 3761 835 3833 Κύριον
868 3763 1130 3833 φυλάσσει
1179 3767 1236 3819 ὲν
1281 3768 1347 3838 τῇ
1398 3766 1593 3838 καρδίᾳ
1638 3768 1803 3822 αὑτοῦ

220 3848 527 3921 ἀχώριστον
577 3848 715 3905 εἶναι
746 3855 841 3907 ἀπ’
879 3856 1078 3909 αὑτοῦ·
1116 3857 1479 3929 τιμηθήσεται
1519 3860 1575 3913 δὲ
1611 3862 1672 3914 οὐ
1708 3860 1804 3930 μό-

220 3958 313 3998 νον
342 3942 590 3996 ἐντεῦθεν
620 3945 725 3997 ὑπὸ
752 3946 860 4000 τῶν
889 3949 1154 4017 ἀγγέλων,
1180 3950 1316 4004 ἀλλά
1342 3952 1435 4004 καὶ
1468 3952 1527 4005 ὲν
1564 3951 1643 4024 τῷ
1679 3953 1803 4024 μέλ-

219 4033 369 4087 λοντι
400 4035 506 4088 ὑπὸ
534 4036 628 4089 τοῦ
658 4038 765 4090 τῶν
796 4039 1041 4108 ἀγγέλων
1073 4042 1426 4114 δημιουργοῦ.

291 4120 442 4191 Οἴον,
480 4129 580 4181 οὐκ
622 4129 901 4200 ἀτιμάζων
947 4133 1037 4186 τὸν
1070 4133 1281 4205 ἄφρονα
1322 4135 1655 4206 ἁποστήσεις
1701 4137 1801 4209 τῆς

217 4216 555 4289 ἀφροσύνης,
600 4221 737 4274 ἀλλά
780 4222 1045 4277 διδάσκων
1082 4226 1242 4278 αὑτὸν
1279 4227 1467 4290 ὁποίας
1516 4226 1735 4297 ἀτιμίας
1767 4230 1800 4300 ὴ

217 4309 503 4381 ἀφροσύνη
545 4313 754 4381 γίνεται
806 4315 1101 4387 πρόξενος·
1146 4320 1174 4372 6
1223 4318 1331 4391 γάρ
1371 4320 1453 4382 είς
1509 4318 1807 4391 πρόσωπον.

218 4400 456 4471 ἔλεγχος,
495 4404 971 4480 ἀναισχυντότερον
1004 4411 1148 4463 ποιεῖ
1176 4409 1266 4463 τὸν
1292 4410 1689 4481 ἁμαρτάνοντα.

1908 3212 2186 3278 cedentes,
2218 3211 2452 3268 fructum
2485 3210 2602 3281 ejus
2629 3210 2919 3267 comedunt
2945 3210 3013 3265 de
3046 3226 3206 3265 manu
3238 3211 3477 3278 Domini,

1907 3303 2000 3373 qui
2036 3302 2384 3373 solusjustus
2420 3311 2527 3369 est,
2551 3311 2607 3358 et
2628 3301 2896 3372 justitiam
2922 3312 3261 3356 muneratur.
3289 3302 3357 3355 Et
3388 3301 3475 3369 iis,

1907 3395 1997 3463 qui
2022 3393 2293 3461 justitiam
2324 3393 2659 3459 custodiunt,
2691 3394 2833 3463 apud
2880 3407 2939 3448 se
2972 3394 3187 3464 positis,
3228 3392 3476 3449 concedit

1901 3485 2171 3555 justitiam
2200 3487 2347 3542 illam
2394 3502 2517 3557 quae
2562 3486 2783 3557 angelos
2807 3486 2953 3557 ipsos
2977 3486 3241 3556 justifieat
3270 3495 3475 3541 aeterna

1899 3582 2123 3651 justitiaa
2159 3582 2428 3639 claritate.
2454 3581 2713 3650 Quisquis
2747 3581 2956 3637 Domini
2991 3580 3211 3636 verbum
3241 3580 3475 3635 custodit

1906 3677 1959 3730 in
1984 3676 2145 3730 corde
2167 3690 2284 3739 suo,
2316 3674 2599 3729 Dominum
2624 3674 2801 3744 ipsum
2828 3674 3083 3736 custodit.
3112 3688 3179 3727 ne
3199 3672 3357 3741 longe
3381 3672 3475 3726 fiat

1905 3768 1972 3823 ab
1994 3782 2081 3823 eo.
2118 3766 2293 3821 Porro
2326 3765 2683 3821 honorabitur
2712 3780 2817 3820 non
2850 3766 3011 3819 modo
3042 3779 3186 3819 nunc
3216 3765 3283 3819 ab
3311 3778 3475 3833 ange-

1903 3861 1992 3924 lis,
2054 3859 2149 3914 sed
2192 3859 2355 3913 etiam
2407 3858 2464 3912 in
2524 3856 2712 3913 futuro
2764 3856 2964 3912 saeculo
3028 3859 3096 3911 ab
3160 3855 3475 3926 angelorum

1902 3961 2168 4008 creatore.

1972 4134 2018 4166 “
2051 4132 2108 4189 Id
2138 4141 2242 4195 est.
2284 4147 2391 4188 non
2421 4146 2519 4202 per
2544 4130 2752 4186 illatum
2785 4127 3019 4185 dedecus
3058 4127 3278 4182 stultum
3315 4140 3471 4182 revo-

1899 4226 2051 4281 cabis
2086 4241 2116 4279 a
2148 4224 2378 4280 stultitia
2403 4224 2634 4290 sua,sed
2664 4223 2842 4292 potius
2866 4236 2989 4277 eum
3021 4221 3260 4275 docendo
3282 4218 3472 4289 quanti

1901 4318 2181 4374 dedecoris
2217 4316 2447 4372 stultitia
2485 4316 2557 4369 sit
2605 4329 2792 4370 causa.
2846 4311 2980 4367 Nam
3035 4310 3387 4380 reprehensio
3416 4310 3471 4363 in

1898 4410 2094 4465 faciem
2125 4410 2335 4479 objecta
2362 4409 2816 4479 impudentioreln
2839 4406 2968 4461 facit
2992 4413 3363 4475 peccatorem.

290 4492 415 4546 Τῶν
454 4494 553 4548 τοῦ
588 4497 722 4551 Θεοῦ
759 4500 1038 4571 ῥημάτων,
1082 4500 1150 4555 τὰ
1190 4501 1288 4572 μὲν
1330 4504 1409 4565 εἰς
1451 4500 1582 4556 υἱῶν
1626 4499 1791 4573 ζωὴν,

1970 4504 2015 4535 ⁸⁸
2041 4503 2134 4558 Dei
2167 4502 2330 4556 verba
2364 4502 2561 4573 partim
2595 4501 2659 4555 ad
2692 4500 2943 4562 filiorum.
2979 4498 3175 4567 partim
3210 4499 3276 4551 ad
3302 4501 3471 4550 famu-

215 4582 287 4636 τά
318 4583 374 4637 δὲ
407 4586 485 4651 εἰς
513 4586 858 4659 θεραπόντων
884 4591 1211 4664 γέγραπται.

1897 4595 2069 4648 lorum
2095 4595 2380 4664 regendam
2416 4593 2579 4646 vitam
2617 4593 2814 4659 scripta
2847 4592 3079 4644 fuerunt.

1624 4689 1776 4744 CAP.
1818 4690 2054 4747 XXVIII.

295 4772 355 4825 Εί
387 4773 533 4828 ἔστιν
562 4776 803 4849 ἀνδρεῖος
833 4781 890 4834 ὲν
914 4781 1208 4849 ἀσεϐείαις,
1249 4782 1398 4837 ἔστιν
1428 4784 1671 4855 ἀνδρεῖος
1705 4786 1797 4839 καὶ

219 4860 279 4913 su
320 4862 569 4932 ἀρεταῖς·
620 4868 713 4921 καὶ
757 4871 805 4922 εί
833 4872 872 4939 ξὸ
919 4872 1158 4942 ἀνδρεῖος
1198 4874 1256 4926 ἐν
1298 4873 1575 4937 ἀσεϐείαις
1633 4890 1794 4927 συκο-

220 4956 411 5020 φαντεί
446 4958 724 5027 πτωχοὺς,
767 4963 792 5013 6
832 4962 1073 5035 ἀνδρεῖος
1119 4966 1177 5017 ὲν
1212 4965 1431 5036 ἀρεταῖς
1484 4965 1793 5036 παρακαλεῖ

218 5044 497 5113 πτωχούς·
538 5049 731 5103 οὐκοῦν
762 5055 867 5117 πᾶς
888 5057 917 5107 6
942 5056 1270 5127 παρακαλῶν
1305 5056 1549 5126 πτωχοὺς
1585 5059 1641 5109 ὲν
1675 5058 1795 5110 ἀσε-

216 5136 393 5201 ϐείαις
463 5142 855 5212 συμπράττειν,
904 5150 1227 5216 συκοφαντεῖ
1269 5147 1465 5209 αὐτοὺς
1516 5146 1651 5217 πρὸς
1702 5147 1794 5200 τὸν

214 5228 373 5292 θεὸν,
409 5232 687 5288 τουτέστιν
718 5237 1296 5307 άντιδιαὸἁλλει,ὃπως
1320 5238 1799 5292 συναπολεσθῶσιν.

218 5320 387 5389 αὐτῷ.

384 5410 581 5481 λαῦρος
610 5412 763 5475 ύετὺς
789 5413 850 5465 ού
883 5414 1040 5483 μόνον
1072 5417 1197 5481 τοὺς
1214 5421 1456 5490 καρποὺς
1478 5422 1787 5487 ἀπόλλυσιν,

215 5504 353 5556 ἀλλά
381 5506 475 5556 καὶ
500 5505 561 5557 τὸ
583 5505 869 5576 πρόσωπον
904 5508 1001 5578 τῆς
1042 5509 1167 5578 γῆς,
1204 5511 1263 5563 τὸ
1288 5515 1413 5576 τοὺς
1440 5517 1682 5586 καρποὺς
1709 5517 1789 5569 δι-

212 5595 360 5662 δοῦν,
394 5597 723 5666 ὲξεδαφίζει·
750 5598 864 5652 ἔστι
904 5600 959 5653 δὲ
993 5602 1085 5655 καὶ
1119 5603 1272 5667 ὑετὸς
1304 5606 1592 5677 εἰρηνικὸς,
1624 5607 1787 5660 ποιῶν

291 5780 336 5811 ³³
373 5795 423 5835 v.
454 5783 506 5837 9.
530 5791 555 5828 ο
584 5782 626 5815 ⁸ο
661 5798 708 5837 v.
750 5782 831 5838 10.
908 5784 949 5815 ⁸⁸
983 5782 1091 5839 Jer.
1129 5800 1187 5847 ll.
1226 5786 1310 5840 l3.
1388 5787 1431 5817 "
1459 5802 1507 5843 γ.

1705 5788 1746 5819 ta
1776 5803 1821 5841 γ’
1867 5788 1946 5841 ιδ,
2024 5788 2070 5820 ιιι.
2105 5804 2153 5842 ν.
2196 5788 2287 5844 αρε,
2366 5788 2409 5820 u
2442 5804 2469 5839 ‘-

1973 4786 2019 4817 "
2043 4784 2098 4839 Si
2127 4794 2212 4839 est
2241 4783 2396 4839 fortis
2418 4784 2469 4837 in
2498 4782 2891 4852 impietatibus,
2920 4789 3003 4836 est
3029 4782 3196 4837 etiam
3228 4781 3384 4838 fortis
3410 4783 3465 4840 in

1899 4878 2213 4933 virtutibus.
2244 4877 2308 4931 Et
2334 4876 2382 4930 si
2418 4876 2573 4930 fortis
2616 4877 2669 4930 in
2701 4875 3065 4943 impietatibus
3104 4875 3465 4931 calumniatur

1898 4983 2181 5037 pauperes,
2200 4968 2291 5036 qui
2316 4966 2473 5023 fortis
2498 4976 2580 5023 est
2601 4967 2654 5021 in
2672 4966 2959 5020 virtutibus
2982 4965 3249 5021 confortat
3267 4982 3467 5037 paupe-

1904 5077 2010 5115 res.
2038 5062 2177 5128 Ergo
2200 5061 2292 5129 qui
2346 5076 2610 5129 pauperes
2648 5058 2924 5114 confortat
2966 5063 3031 5113 ad
3063 5061 3463 5131 participandas

1901 5153 2229 5221 impietates,
2283 5153 2645 5207 calumniatur
2700 5169 2793 5209 eos
2848 5155 2985 5223 apud
3028 5156 3231 5220 Deum;
3287 5154 3339 5208 id
3379 5165 3463 5208 est

1898 5239 2142 5295 vicissim
2187 5240 2533 5307 criminatur,
2564 5251 2621 5294 ut
2651 5257 2754 5296 una
2773 5252 3022 5311 pereant.

1968 5424 2271 5479 Vehemens
2316 5424 2496 5493 pluvia
2532 5440 2637 5477 non
2683 5434 2859 5479 sutum
2915 5424 3096 5493 fruges
3127 5427 3456 5495 pessuuidat,

1894 5533 2082 5571 verum
2117 5518 2277 5572 etiam
2310 5527 2471 5573 terra:
2496 5517 2712 5581 faciem,
2736 5533 2854 5587 quas
2884 5518 3066 5589 fruges
3095 5517 3324 5588 profert,
3365 5518 3459 5571 dc-

1894 5618 2093 5664 vastat.
2124 5609 2218 5664 Est
2252 5610 2415 5663 etiam
2452 5610 2598 5665 mitis
2628 5610 2830 5679 pluvia,
2860 5626 2981 5679 qua:
3031 5610 3271 5665 floridam
3324 5610 3457 5665 facit

2528 5790 2613 5843 Ξῖ.
2691 5789 2734 5820 ⁸⁸
2764 5805 2811 5847 v.
2842 5790 2892 5842 5.
