3888 6218
389 353 499 410 245

1256 350 1714 408 SUPPLEMENT
1730 351 1824 409 ΗΜ
1860 352 1953 407 ΔΙ)
1982 353 2310 414 ORIGENIS
2341 357 2757 417 EXEGETICA.

3524 359 3635 419 2M

388 477 549 525 terra:
582 464 795 536 faciem,
826 465 1075 524 nutriens
1103 480 1167 523 ac
1194 468 1479 525 vivificaris
1505 470 1686 541 fruges
1716 468 1855 539 eius.
1894 469 1962 526 Et
1989 522 1996 535 ι

2091 474 2291 541 ύθαλὲς
2320 476 2381 531 τὸ
2417 478 2707 549 πρόσωπον
2737 476 2836 549 τῆς
2864 434 2989 548 γῆς,
3021 475 3117 531 καὶ
3144 460 3357 551 τρέφων
3384 476 3476 531 καὶ
3508 477 3641 542 ζωο-

388 561 686 617 veliemens
712 560 955 631 quidem,
985 561 1349 631 pessumdatis
1398 561 1666 633 frugibus,
1716 564 1962 620 homines

388 651 552 707 simul
578 652 921 723 exstinguit;
954 660 1012 709 at
1040 651 1189 709 mitis
1233 651 1425 710 alendo
1453 651 1657 725 fruges,
1684 654 1960 712 hominum

387 742 556 798 vitam
583 754 889 799 conservat.

464 924 509 957 "
538 923 639 980 Est
683 923 769 979 lex
799 924 1021 994 injusta,
1051 935 1106 983 et
1135 925 1264 983 item
1301 926 1390 982 lex
1417 926 1582 999 justa.
1621 926 1826 999 lnjusta
1862 928 1964 985 ob-

393 1024 771 1088 temperantes
801 1018 903 1073 sibi
938 1019 1119 1089 perdit
1152 1038 1169 1089 ;
1198 1018 1347 1089 justa
1388 1036 1493 1077 non
1522 1021 1679 1076 modo
1727 1021 1961 1091 longitu-

396 1109 577 1164 dinem
606 1109 820 1165 dierum
851 1109 1064 1175 tribuit,
1098 1111 1194 1167 sed
1224 1112 1391 1167 etiam
1420 1112 1576 1183 regni
1609 1113 1871 1167 ccelorum
1908 1107 1980 1168 fit‘

397 1199 653 1255 donatrix
698 1201 1202 1271 obtemperantibus
1255 1204 1383 1267 sibi,
1420 1206 1550 1275 quia
1576 1204 1681 1268 ,lex
1723 1205 1817 1259 Dei
1860 1215 1963 1261 est.

396 1290 655 1361 Quisquis
692 1307 821 1348 vero
850 1293 1019 1350 Deum
1052 1304 1221 1359 amat,
1256 1295 1432 1366 legem
1461 1310 1680 1365 quoque
1724 1296 1966 1365 ejusdem

398 1392 585 1448 amat;
610 1391 665 1437 et
692 1398 814 1453 quae
862 1383 948 1439 lex
994 1386 1235 1451 mandat,
1265 1395 1539 1454 operatur.
1572 1386 1692 1442 Jam
1721 1387 1968 1459 quisquis

395 1470 500 1543 legi
535 1489 739 1529 morem
768 1476 929 1545 gerit,
966 1477 1436 1546 perturbationum
1487 1480 1727 1549 quietem
1775 1494 1968 1538 conse-

398 1566 585 1636 quitur
607 1577 662 1621 et
692 1568 786 1623 Dei
822 1570 1180 1640 agnitionem.
1232 1571 1385 1638 Quod
1427 1573 1475 1627 si
1523 1572 1658 1644 legis
1699 1582 1971 1630 amatores

398 1674 559 1715 muro
591 1673 651 1715 se
688 1663 1089 1729 communiunt,
1122 1678 1267 1717 nunc
1293 1678 1481 1719 murus
1510 1666 1749 1734 quietem
1780 1680 1811 1720 a
1841 1681 1969 1736 per-

398 1748 807 1806 turbationibus
835 1752 1130 1823 signiiicat,
1156 1763 1212 1809 et
1243 1755 1336 1810 Del
1367 1741 1650 1810 scientiam
1678 1772 1693 1822 ;
1730 1770 1853 1826 qua:
1880 1770 1971 1811 so-

400 1841 469 1899 lae
502 1843 830 1901 rationalem
867 1855 1123 1901 naturam
1160 1848 1441 1904 custodire
1466 1857 1693 1919 queunt.
1906 1860 1909 1861 '

476 2021 524 2055 “
550 2022 608 2078 Si
639 2023 847 2080 divitia:
874 2034 1000 2082 sunt
1030 2026 1317 2096 impiorum
1355 2028 1622 2098 nequitia,
1657 2028 1765 2085 viri
1796 2038 1979 2084 autem

406 2114 683 2185 sapientes
732 2130 829 2171 eas
861 2117 1145 2185 abjiciunt,
1199 2126 1349 2187 patet
1383 2119 1683 2189 nequitiam
1732 2134 1979 2189 pessum-

410 2207 528 2262 dari
561 2222 590 2261 a
618 2208 783 2276 justis
811 2219 972 2279 atque
998 2210 1363 2279 sapientibus,
1396 2211 1524 2266 dum
1558 2228 1654 2282 per
1679 2213 1977 2284 spiritalem

406 2299 709 2355 doctrinam
744 2300 986 2372 impuros
1015 2286 1082 2356 ad
1118 2301 1381 2358 virtutem
1422 2304 1711 2359 reducunt.

476 2389 523 2423 δ’
552 2389 906 2463 Nequaquam
951 2392 1037 2447 lex
1078 2408 1269 2463 preces
1315 2394 1634 2465 cujusquam
1671 2405 1975 2464 aversatur,

405 2482 503 2539 sed
550 2484 645 2553 qui
695 2484 819 2539 tulit
869 2485 1043 2555 legem
1097 2486 1239 2542 Deus
1286 2499 1578 2542 aversatur
1616 2486 1735 2557 ejus
1786 2504 1977 2558 preces

406 2573 502 2645 qui
548 2589 738 2631 aurem
790 2590 944 2632 suam
992 2578 1213 2647 avertit,
1264 2578 1554 2647 quominus
1602 2581 1787 2637 audiat
1838 2582 1976 2653 regis

404 2676 707 2723 auctorem.
730 2666 797 2723 Et
833 2667 1033 2724 Paulus
1067 2668 1144 2723 ait
1176 2689 1188 2725 :
1221 2666 1461 2724 Prwscia
1504 2679 1678 2726 autem
1702 2669 1977 2741 Scriptura

406 2760 577 2828 laturi
618 2758 667 2792 ⁸⁸
707 2778 721 2814 :
752 2774 851 2830 pro
880 2774 949 2816 eo
983 2775 1048 2816 ac
1073 2759 1240 2827 dicat,
1276 2760 1379 2828 Qui
1418 2760 1755 2832 Scripturam
1804 2764 1974 2831 dedit,

408 2851 735 2923 prazsciebat
759 2850 1025 2907 futurum.

483 2945 528 2978 ἰ
554 2944 657 3011 Qui
707 2953 827 3001 sata
864 2944 916 2999 in
952 2943 1070 3012 ejus
1095 2944 1259 3001 corde
1310 2958 1341 2999 a
1396 2945 1633 3018 maligno
1676 2947 1817 3002 mala
1865 2963 1977 3004 non

411 3038 703 3094 confitetur
736 3036 868 3103 Deo,
903 3045 997 3092 aut
1028 3035 1140 3092 Deo
1174 3046 1329 3108 grato
1363 3036 1593 3103 homini,
1635 3052 1746 3094 non
1784 3053 1978 3095 conse-

412 3139 613 3201 quetur
640 3127 851 3184 felicem
897 3126 965 3183 de
1006 3126 1244 3196 maligno
1286 3127 1587 3183 victoriam.
1643 3128 1745 3195 Qui
1792 3140 1974 3184 autem
2004 3175 2046 3234 C

412 3221 730 3286 confitetur,
757 3219 1011 3287 diligetur
1055 3234 1087 3273 a
1138 3219 1249 3274 Deo
1298 3228 1353 3275 et
1384 3221 1453 3275 ab
1502 3220 1711 3290 angelis
1741 3219 1878 3289 ejus.
1912 3220 1978 3274 Et

411 3309 650 3366 Iacobus
672 3310 749 3365 ait
775 3328 790 3364 :
821 3308 1157 3378 Conﬁtemim'
1182 3309 1503 3363 alterutrum
1534 3318 1747 3377 peccata
1785 3321 1977 3376 vestra»,

413 3414 470 3457 ut
494 3403 752 3458 sanemini
795 3404 861 3455 ".
909 3404 1197 3458 Psalmista
1240 3417 1458 3473 quoque
1500 3403 1575 3458 ait
1616 3423 1629 3458 :
1675 3403 1981 3472 Conﬁtebor

414 3496 668 3551 adversus
694 3514 776 3552 me
809 3498 1127 3567 injustiliam
1151 3513 1321 3551 meam
1350 3496 1598 3559 Domino,
1635 3506 1683 3551 et
1728 3511 1784 3550 tu
1825 3512 1982 3551 rem:-

416 3590 537 3643 sisti
570 3589 886 3658 impietatem
910 3589 1084 3645 cordis
1111 3590 1213 3643 mei
1241 3590 1310 3645 ⁵³.

488 3774 539 3808 ⁸⁸
585 3776 758 3846 Iniqui
810 3777 953 3847 regis
1005 3783 1326 3846 proventus,
1375 3775 1690 3845 iniquitates
1747 3784 1877 3831 sunt
1929 3784 1986 3831 et

420 3868 556 3924 falsa
585 3868 854 3939 dogmata.
920 3868 1047 3923 ﬂare
1091 3868 1234 3923 enim
1270 3867 1445 3922 eidem
1484 3868 1727 3936 pendunt
1781 3866 1985 3922 subditi

417 3959 555 4027 ejus.
583 3959 997 4016 Calumniantur
1022 3970 1204 4014 autem
1236 3959 1430 4025 Deum,
1460 3960 1554 4030 qui
1586 3959 1822 4030 maligno
1852 3959 1985 4013 obe-

420 4051 617 4116 diunt;
645 4051 772 4121 quia
804 4067 909 4106 non
938 4050 1069 4117 Deo,
1102 4051 1196 4106 sed
1225 4051 1446 4106 inimico
1477 4051 1596 4122 ejus
1622 4050 1840 4107 diabolo
1860 4051 1988 4107 sub-

419 4142 551 4213 jecti
580 4151 731 4198 sunt.
794 4142 933 4209 Quia
962 4157 1094 4210 vero
1120 4142 1259 4198 Deus
1291 4142 1406 4198 odit
1435 4143 1708 4198 diabolum
1750 4142 1822 4198 ob
1868 4157 1989 4213 per—

420 4245 587 4288 versa
627 4246 792 4302 opera
822 4232 963 4303 ejus,
1001 4232 1092 4287 hic
1121 4232 1362 4288 vicissim
1393 4233 1763 4288 calumniatur
1812 4232 1989 4287 homi-

421 4340 521 4383 nes
555 4328 695 4398 apud
727 4327 917 4381 Deum.
973 4326 1075 4393 Qui
1110 4326 1225 4381 odit
1266 4326 1470 4382 laedere
1518 4327 1757 4381 animam
1812 4340 1991 4394 suam,

423 4418 642 4490 iongum
666 4417 866 4474 infiniti
899 4417 1085 4474 saeculi
1119 4427 1332 4488 tempus
1355 4417 1524 4474 vivet.

490 4710 551 4743 ’⁵⁵
599 4708 786 4765 Virum
838 4709 927 4763 hic
976 4707 1305 4764 homicidam
1359 4706 1495 4762 dicit
1545 4705 1862 4760 diabolum:
1895 4704 1999 4771 Qui

2062 574 2237 643 γονῶν
2281 576 2408 639 τοὺς
2452 576 2511 629 ὲν
2548 574 2686 648 αὐτῇ
2732 572 3010 648 καρπούς·
3060 574 3155 630 καὶ
3196 572 3227 626 ὁ
3262 572 3362 649 μὲν
3406 571 3639 645 λαῦρος,

2061 665 2153 721 διὰ
2205 666 2306 738 τὴν
2366 665 2643 723 ἀπώλειαν
2706 667 2815 721 τῶν
2864 666 3092 741 καρπῶν
3146 663 3455 722 ἀποκτείνει
3511 665 3644 728 τοὺς

2063 760 2417 834 ἀνθρώπους,
2450 763 2480 816 0
2517 761 2575 817 δὲ
2616 761 2919 834 είρηνικὸς,
2960 760 3049 816 διὰ
3085 758 3195 815 τῶν
3237 760 3465 833 καρπῶν
3509 758 3644 824 ζωο-

2064 855 2234 922 γονεῖ.

2138 949 2295 1003 Ἔστι
2338 946 2435 1003 καὶ
2466 946 2630 1019 νόμος
2678 946 3022 1019 παράνομος,
3065 943 3162 999 καὶ
3190 940 3353 1016 νόμος
3395 941 3638 1006 δίκαιος·

2065 1040 2212 1095 καὶὸ
2248 1040 2347 1111 μὲν
2406 1040 2722 1112 παράνομος
2762 1038 2889 1102 τοὺς
2933 1034 3082 1108 αὑτῷ
3128 1035 3479 1107 πειθομένους
3508 1037 3645 1090 ἀπο-

2066 1134 2178 1189 λεῖ·
2209 1136 2239 1188 0
2268 1133 2326 1187 δὲ
2345 1132 2552 1196 δίκαιος
2576 1132 2637 1186 οὑ
2670 1131 2830 1203 μόνον
2866 1130 3179 1202 μακρότητα
3201 1127 3421 1200 ἡμερῶν
3451 1127 3643 1198 δωρεῖ-

2066 1243 2188 1290 ται,
2229 1225 2365 1280 ἀλλά
2408 1226 2501 1280 καὶ
2547 1224 2822 1297 βασιλείας
2861 1221 3102 1295 οὐρανῶν
3136 1220 3392 1294 πρόξενος
3434 1220 3645 1289 γίνεται

2067 1322 2180 1383 τοῖς
2213 1318 2362 1390 αὑτῷ
2395 1317 2731 1383 ὑπείκουσιν,
2773 1317 2855 1371 ὅτι
2897 1314 2993 1370 τοῦ
3024 1313 3161 1369 Θεοῦ
3196 1315 3343 1367 ἐστι·
3388 1313 3495 1376 πᾶς
3527 1311 3584 1365 δὲ
3617 1313 3648 1364 0

2069 1410 2299 1480 ἀγαπῶν
2347 1409 2440 1464 τὸν
2489 1409 2643 1474 Θεὸν,
2694 1408 2889 1479 ἀγαπᾷ
2950 1406 3042 1460 τὸν
3086 1404 3248 1477 νόμον
3311 1401 3498 1468 αὑτοῦ,
3548 1401 3648 1454 καὶ

2070 1504 2215 1555 ποιεῖ
2243 1501 2313 1556 τὰ
2342 1500 2437 1556 τοῦ
2465 1501 2632 1573 νόμου
2651 1518 2664 1531 ·
2704 1500 2813 1565 πᾶς
2840 1498 2899 1553 δὲ
2929 1498 2959 1552 0
2986 1496 3154 1553 ποιῶν
3181 1496 3271 1550 τὸν
3300 1494 3480 1566 νόμον,
3510 1492 3650 1547 ἀπά-

2073 1592 2219 1647 θειαν
2250 1593 2445 1647 κτᾶται
2479 1592 2573 1646 καὶ
2604 1590 2807 1661 γνῶσιν
2848 1588 3013 1645 Θεοῦ·
3051 1590 3100 1643 εί
3144 1588 3201 1642 δὲ
3232 1589 3281 1641 οἱ
3324 1584 3649 1657 ἀγαπῶντες

2069 1683 2162 1737 τὸν
2192 1682 2377 1754 νόμον,
2412 1682 2850 1754 παραϐάλλουσιν
2882 1681 3095 1744 ἑαυτοῖς
3116 1681 3313 1749 τεῖχος,
3341 1677 3434 1731 νῦν
3473 1678 3653 1746 τεῖχος

2074 1775 2172 1845 τὴν
2217 1773 2485 1829 ἀπάθειαν
2518 1773 2771 1846 σημαίνει
2818 1772 2914 1828 καὶ
2949 1771 3047 1843 τὴν
3098 1770 3299 1841 γνῶσιν
3346 1767 3441 1821 τοῦ
3486 1765 3648 1831 Θεοῦ,

2003 1830 2047 1886 Β
2082 1830 2226 1937 ἅπερ
2275 1865 2413 1937 μόνα
2454 1830 2668 1927 πέφῦκε
2714 1830 3017 1935 φυλάσσειν.
3056 1830 3153 1933 τήν
3198 1858 3359 1931 φύσιν
3410 1857 3509 1930 τὴν
3559 1830 3652 1911 λοὲ

2094 1960 2262 2030 ,·ικήν.

2152 2050 2215 2103 Et
2248 2047 2474 2113 πλοῦτος
2517 2045 2727 2102 ἀσεϐῶν
2760 2045 2960 2111 κακία,
2999 2044 3190 2117 ἄνδρες
3225 2043 3283 2097 δὲ
3317 2042 3470 2112 σοφοὶ
3512 2041 3653 2095 ἀπο-

2080 2141 2326 2195 λέσουσιν
2356 2140 2539 2207 αὑτὸν,
2584 2138 2745 2210 δῆλον
2775 2138 2851 2203 ὡς
2880 2138 3078 2192 κακίαν
3114 2135 3469 2191 ἀπολλύουσιν
3496 2135 3546 2187 οί
3573 2131 3656 2187 δί-

2080 2250 2225 2288 καιοι
2267 2232 2360 2287 καὶ
2395 2232 2578 2301 σοφοὶ,
2609 2230 2697 2285 διά
2744 2230 2845 2300 τῆς
2888 2228 3264 2301 πνευματικῆς
3306 2224 3655 2289 διδασκαλίας

2078 2325 2204 2389 τοὺς
2232 2322 2575 2395 ἀκαθάρτους
2598 2322 2733 2393 πρὸς
2759 2321 2959 2392 ἀρετὴν
2988 2320 3369 2390 ἐπανάγοντες.

2151 2418 2263 2490 Οὐχ
2304 2420 2335 2473 0
2378 2416 2541 2486 νόμος
2591 2414 2943 2486 βδελύσσεταί
2982 2431 3127 2477 τινος
3174 2412 3275 2484 τὴν
3325 2409 3653 2483 προσευχὴν,

2079 2510 2192 2566 ἀλλ’
2218 2513 2247 2565 0
2279 2509 2527 2572 δεδωκὼς
2560 2508 2653 2562 τὸν
2693 2507 2856 2578 νόμον
2895 2505 3027 2570 Θεὸς
3046 2545 3061 2570 ,
3100 2505 3192 2558 τοῦ
3227 2504 3562 2567 ἐκκλίνοντος
3590 2504 3657 2556 τὸ

2077 2600 2173 2668 οῦς
2209 2602 2395 2669 αὑτοῦ,
2430 2600 2526 2655 καὶ
2561 2601 2635 2672 μὴ
2668 2598 2969 2653 εἰσακούειν
3010 2595 3288 2660 ποιοῦντος
3316 2595 3408 2649 τοῦ
3449 2595 3615 2664 νόμου

2079 2696 2175 2751 καὶ
2213 2696 2241 2749 0
2277 2692 2489 2757 Παῦλάς
2536 2707 2701 2764 φησι·
2742 2689 3114 2760 Προειὸοῦσα
3161 2687 3227 2741 δὲ
3267 2690 3305 2757 ἠ
3336 2686 3545 2755 Γραφὴ
3585 2686 3655 2739 τὸ

2074 2787 2327 2858 μέλλον,
2355 2784 2476 2839 ἀντὶ
2502 2783 2624 2849 τοῦ,
2653 2784 2713 2839 '0
2738 2781 2835 2854 τὴν
2852 2779 3070 2854 Γραφὴν
3086 2777 3329 2843 δεδωκὼς
3358 2777 3577 2850 προῄδει
3593 2777 3656 2829 τὺ

2152 2878 2292 2932 λλον.

2082 2880 2326 3024 μέέὲοξά
2358 2966 2752 3039 ὲνσπειρόμενα
2785 2961 2843 3016 ὲν
2874 2962 2941 3033 τῇ
2980 2959 3179 3032 καρδίᾳ
3217 2959 3380 3015 αὑτοῦ
3425 2959 3528 3014 ὑπὸ
3556 2959 3655 3014 τοῦ

2080 3061 2316 3136 πονηροῦ
2352 3059 2519 3124 κακὰ,
2563 3058 2639 3130 μὴ
2666 3053 3004 3124 ἐξαγγέλλων
3035 3052 3172 3109 αὑτὰ
3199 3052 3390 3125 Κυρίῳ
3428 3052 3505 3123 τῷ
3536 3053 3657 3124 Θεῷ

2077 3154 2111 3226 ἢ
2160 3153 2393 3223 θεοφιλει
2418 3148 2688 3222 ἀνθρώπῳ
2730 3145 2877 3217 (24),
2932 3146 3033 3199 οὑκ
3081 3143 3468 3216 εὑοδωθὴσεται
3496 3146 3554 3198 ὲν
3585 3148 3654 3218 τῇ

2084 3246 2225 3301 κατά
2264 3242 2357 3298 τοῦ
2405 3240 2641 3313 πονηροῦ
2693 3240 2849 3313 νίκῃ·
2879 3241 2907 3292 0
2952 3238 3009 3292 δὲ
3062 3236 3393 3306 ⁷’ξαγγέλλων
3436 3238 3655 3311 ἀγαπη-

2086 3342 2308 3413 θήσεται
2346 3337 2451 3391 ὑπὸ
2483 3336 2576 3390 τοῦ
2611 3334 2745 3389 Θεοῦ
2784 3334 2878 3387 καὶ
2906 3332 3015 3385 τῶν
3052 3332 3298 3401 ἀγγέλων
3330 3331 3526 3387 αὑτοῦ·
3562 3333 3660 3387 καὶ

2086 3435 2115 3488 0
2150 3430 2404 3493 ’ἰάκωϐός
2433 3444 2630 3499 φησιν·
2671 3424 2981 3492 Ἀλλήλοις
3012 3424 3401 3494 ἐξαγγέλλετε
3442 3424 3515 3477 τὰ
3543 3440 3658 3476 πα-

2080 3523 2440 3596 ραπτώματα
2469 3514 2658 3591 ὑμῶν,
2697 3519 2855 3584 ὅπως
2901 3515 3130 3584 ἰαθῆτε·
3165 3516 3259 3571 καὶ
3302 3518 3331 3570 0
3358 3516 3663 3587 Ψαλμῳδὸς

2089 3613 2239 3670 εἶπεν
2258 3633 2271 3645 ·
2307 3612 2705 3684 Ἐξαγορεύονω
2724 3612 2847 3664 κατ’
2862 3609 3005 3679 ἐμοῦ
3022 3608 3136 3678 τὴν
3150 3608 3403 3678 ἀνομίαν
3410 3627 3528 3678 μου
3545 3612 3663 3662 Κυ-

2080 3712 2212 3781 ρίῳ,
2230 3710 2327 3764 καί
2343 3709 2422 3763 σὺ
2438 3707 2678 3778 ἀφῆκας
2691 3704 2804 3773 τὴν
2826 3703 3105 3758 ἀσέϐειαν
3120 3700 3230 3771 τῆς
3258 3703 3501 3770 καρδίας
3518 3720 3662 3772 μου.

2159 3802 2225 3854 Αἱ
2259 3800 2507 3872 πρόσοδοι
2549 3797 2640 3851 τοῦ
2690 3794 2925 3868 πονηροῦ
2959 3793 3249 3865 βασιλέως,
3292 3795 3428 3847 εἰσὶν
3461 3795 3517 3846 αἱ
3562 3812 3667 3848 κα-

2093 3894 2209 3948 κίαι
2241 3893 2337 3947 καὶ
2366 3891 2433 3946 τά
2461 3889 2629 3961 ψευδῆ
2672 3889 2944 3960 δόγματα·
2986 3886 3157 3941 ταῦτα
3184 3886 3292 3958 γὰρ
3325 3886 3470 3957 αὑτῷ
3498 3903 3668 3957 προσ-

2092 3983 2361 4037 οδεύουσιν
2378 3982 2428 4034 οἱ
2446 3979 2849 4051 βασιλευόμενοι
2871 3978 2962 4031 ὑπ’
2991 3975 3176 4029 αὑτοῦ·
3208 3977 3670 4046 συκοφαντοῦνται

2094 4076 2150 4131 δὲ
2176 4074 2252 4146 τῷ
2282 4074 2401 4145 Θεῷ
2427 4075 2476 4127 οἱ
2505 4072 2583 4142 τῷ
2611 4070 2832 4143 πονηρῷ
2874 4068 3294 4142 πειθαρχοῦντες
3314 4088 3326 4099 ·
3374 4070 3455 4122 ὅτι
3486 4071 3546 4123 οὑ
3590 4071 3671 4137 τῷ

2096 4167 2234 4237 Θεῷ,
2256 4165 2391 4220 ἀλλά
2416 4163 2494 4234 τῷ
2523 4162 2700 4235 ὲχθρῷ
2732 4161 2894 4215 αὑτοῦ
2934 4161 3012 4231 τῷ
3050 4160 3280 4232 διαϐόλῳ
3310 4161 3630 4215 ὑπόκεινται
3652 4181 3667 4193 ·

2097 4258 2220 4309 ἐπεὶ
2245 4255 2301 4307 δὲ
2330 4257 2358 4308 0
2384 4253 2514 4317 Θεὸς
2549 4255 2695 4323 μισεῖ
2723 4251 2815 4304 τὸν
2840 4250 3081 4304 διάϐολον
3109 4250 3198 4305 διὰ
3226 4251 3296 4304 τὰ
3331 4251 3467 4323 ἔργα
3502 4253 3670 4306 αὑτοῦ

2097 4346 2166 4400 τὰ
2196 4344 2428 4417 πονηρὰ,
2472 4343 2635 4398 αὑτὸς
2665 4343 2825 4397 πάλιν
2851 4342 2938 4396 διὰ
2969 4342 3077 4395 τῶν
3106 4342 3282 4415 ἔργων
3315 4344 3477 4399 αὑτοῦ
3510 4363 3672 4399 συκο-

2102 4441 2290 4509 φαντεῖ
2318 4440 2443 4502 τοὺς
2485 4435 2803 4508 ἀνθρώπους
2834 4436 2969 4503 πρὸς
3006 4436 3095 4489 τὸν
3135 4435 3298 4489 Θεόν·
3338 4440 3367 4490 0
3402 4438 3459 4491 δὲ
3499 4440 3674 4509 μισῶν

2030 4536 2074 4591 Ι)
2105 4530 2358 4601 ἀδικῆσαι
2389 4529 2488 4599 τὴν
2518 4527 2693 4599 ψυχὴν
2736 4527 2922 4592 αὑτοῦ,
2952 4528 3041 4581 τὸν
3074 4526 3282 4599 μακρὸν
3317 4527 3411 4582 τοῦ
3437 4530 3676 4601 ἀπεράν-

2105 4639 2197 4674 του
2224 4620 2415 4684 αὶῶνος
2447 4620 2637 4690 χρόνον
2666 4617 2938 4688 βιώσεται.

2180 4714 2379 4783 Ἄνδρα
2436 4710 2666 4767 ἐνταῦθα
2710 4711 2876 4777 φονέα
2920 4710 3010 4763 τὸν
3052 4710 3294 4765 διάϐολόν
3335 4728 3523 4783 φησιν·
3554 4713 3581 4763 0
3620 4711 3682 4765 δὲ

429 4800 662 4871 spondet
710 4814 811 4871 pro
860 4799 1142 4867 iniustitia,
1191 4800 1424 4870 spondet
1473 4814 1573 4866 pro
1633 4799 1860 4863 Satana,
1907 4798 1996 4869 qui

2107 4804 2453 4875 ἐγγυώμενος
2513 4805 2611 4875 τὴν
2673 4802 2916 4866 ἀδικίαν,
2974 4803 3236 4871 ἐγγυᾶται
3279 4802 3369 4855 τὸν
3408 4804 3682 4863 Σατανᾶν,

430 4892 701 4963 promittit
743 4892 794 4947 ei
836 4891 1103 4959 vicissim,
1149 4893 1361 4947 fructus
1412 4891 1721 4960 iniquitatis
1753 4905 1813 4945 se
1840 4890 1999 4943 datu-

322 4974 329 4979 ’
430 4998 574 5037 rum.
621 5012 695 5024 —
740 4982 887 5038 Gens
934 4982 1141 5051 iniqua,
1189 4983 1447 5053 dogmata
1498 4981 1805 5036 daemonum
1850 4989 1999 5047 sunt,

431 5075 629 5143 quibus
663 5088 770 5128 non
806 5073 1037 5128 attendit
1064 5074 1203 5129 bene
1232 5074 1518 5128 institutus
1554 5072 1715 5126 illius.
1741 5070 1911 5126 Porro
1940 5070 2003 5124 ii-

432 5166 563 5219 Iium
598 5165 729 5221 dicit
758 5180 859 5235 pro
887 5173 1089 5220 mente.
1139 5164 1240 5231 Qui
1270 5180 1398 5219 vero
1430 5164 1598 5219 menti
1646 5163 2001 5233 impedimen-

2108 4896 2533 4968 ὑπισχνούμενος
2561 4894 2708 4965 αὑτῷ
2742 4896 2966 4957 ἐκεῖνος,
3004 4896 3131 4958 τοὺς
3160 4895 3257 4965 τῆς
3295 4893 3504 4957 ἀδικίας
3547 4895 3676 4948 ἀπο

2103 4987 2296 5041 δώσειν
2341 4987 2605 5058 καρπούς.
2631 5018 2701 5027 —
2727 4987 2919 5049 Ἐθνος
2945 4986 3277 5057 παράνομον,
3326 4985 3396 5038 τά
3431 4985 3682 5056 δόγματα

2105 5080 2212 5131 τῶν
2251 5080 2517 5150 δαιμόνων
2554 5080 2719 5143 ἐστὶν,
2744 5073 2826 5141 οἷς
2864 5079 2961 5148 οὑχ
2999 5076 3261 5130 ὑπακούει
3302 5079 3330 5130 0
3368 5076 3684 5141 παιδευθεὶς

2107 5171 2251 5236 υἱός·
2283 5172 2395 5224 υἱὸν
2428 5172 2484 5224 δὲ
2515 5171 2607 5224 τὸν
2648 5170 2771 5225 νοῦν
2800 5188 2993 5242 φησιν·
3025 5173 3054 5224 ό
3080 5171 3136 5223 δὲ
3168 5169 3367 5239 ἐποχὴν
3396 5170 3561 5223 ποιῶν
3580 5171 3682 5223 τοῦ

433 5270 545 5314 tum
578 5259 749 5328 ponit,
780 5259 1072 5327 quominus
1120 5250 1190 5313 ad
1244 5272 1424 5326 pravae
1473 5256 1652 5326 gentis
1702 5255 1996 5324 nequitiam

2110 5261 2202 5315 νοῦ
2241 5262 2334 5314 τοῦ
2365 5263 2438 5332 μὴ
2480 5262 2912 5333 παραρίπτεσθαι
2935 5263 2992 5315 ἐν
3012 5264 3075 5333 τῇ
3106 5260 3198 5314 τοῦ
3229 5260 3463 5331 πονηροῦ
3493 5260 3685 5325 ἔθνους

432 5359 608 5407 semet
632 5350 875 5423 abjiciat,
908 5351 954 5406 is
981 5360 1237 5411 tanquam
1272 5349 1397 5405 colli
1438 5348 1803 5404 immortalem
1828 5362 1997 5402 orna-

2114 5353 2302 5424 κακίᾳ,
2342 5353 2417 5416 ὡς
2446 5353 2861 5425 περιτραχήλιον
2892 5352 3094 5423 κόσμον
3124 5350 3373 5423 προξενεῖ
3400 5351 3580 5407 λαϐεῖν
3610 5356 3682 5424 τῇ

506 5609 547 5639 ⁸⁷
577 5623 625 5662 v.
655 5608 709 5662 4.
782 5604 831 5638 ⁸⁸
859 5618 911 5662 v.
942 5604 997 5660 8.
1073 5603 1118 5636 “
1148 5616 1200 5655 v.
1226 5601 1283 5658 9.
1356 5602 1402 5634 '°
1432 5600 1551 5656 Gal.
1582 5616 1664 5666 Ill,
1690 5599 1744 5655 8.
1820 5599 1861 5631 ⁸¹
1891 5598 1993 5652 vJ

2092 5655 2109 5669 ,
2133 5599 2179 5630 ⁸⁸
2200 5596 2317 5653 Jac.
2343 5612 2395 5663 v,
2434 5594 2520 5651 16.
2597 5593 2800 5650 "Psal.
2822 5610 2971 5660 xxxr,
3000 5592 3054 5647 5.
3129 5592 3177 5624 “
3206 5607 3254 5645 ι’.
3288 5590 3374 5646 16.
3450 5590 3496 5623 ⁸⁸
3519 5591 3685 5644 v.17.

508 5751 621 5820 (24)
675 5750 931 5821 Videmus
972 5747 1219 5821 Origenis
1272 5744 1651 5803 auctoritatem
1706 5759 1802 5814 pro
1856 5740 2169 5799 conﬁtendo
2198 5740 2466 5811 religiosis
2535 5738 2664 5793 viris
2730 5745 2975 5807 peccata.
3036 5734 3163 5790 item
3234 5728 3375 5787 infra
3448 5727 3515 5785 ad
3561 5740 3686 5796 cap.

438 5839 591 5887 χχιχ,
636 5838 777 5879 vers.
802 5820 891 5875 24.
