  <div class='ocr_page' id='page_1' title='image "/cluster/home/n/w/nwhite01/storage/ocr_20150623/17/nnc1.0046978615/132.png"; bbox 0 0 3888 6214; ppageno 0'>
   <div class='ocr_carea' id='block_1_1' title="bbox 248 274 369 330">
    <p class='ocr_par' dir='ltr' id='par_1_1' title="bbox 248 274 369 330">
     <span class='ocr_line' id='line_1_1' title="bbox 248 274 369 330; baseline 0.008 -1"><span class='ocrx_word' id='word_1_1' title='bbox 248 274 369 330; x_wconf 70' lang='grc' dir='ltr'><strong>2ἲὸ</strong></span> 
     </span>
    </p>
   </div>
   <div class='ocr_carea' id='block_1_2' title="bbox 250 387 1409 464">
    <p class='ocr_par' dir='ltr' id='par_1_2' title="bbox 250 387 1409 464">
     <span class='ocr_line' id='line_1_2' title="bbox 250 387 1409 464; baseline 0.003 -20"><span class='ocrx_word' id='word_1_2' title='bbox 250 390 371 462; x_wconf 68' lang='grc' dir='ltr'>ἰδίᾳ</span> <span class='ocrx_word' id='word_1_3' title='bbox 399 387 548 462; x_wconf 63' lang='grc' dir='ltr'>ψυχῇ</span> <span class='ocrx_word' id='word_1_4' title='bbox 577 387 852 462; x_wconf 76' lang='grc' dir='ltr'><strong>ἄφθαρτον</strong></span> <span class='ocrx_word' id='word_1_5' title='bbox 875 390 940 443; x_wconf 83' lang='grc' dir='ltr'>ὲκ</span> <span class='ocrx_word' id='word_1_6' title='bbox 972 390 1156 462; x_wconf 78' lang='grc' dir='ltr'>χειρὸς</span> <span class='ocrx_word' id='word_1_7' title='bbox 1183 390 1409 464; x_wconf 86' lang='grc' dir='ltr'>Κυρίου.</span> 
     </span>
    </p>
   </div>
   <div class='ocr_carea' id='block_1_3' title="bbox 336 568 1831 648">
    <p class='ocr_par' dir='ltr' id='par_1_3' title="bbox 336 568 1831 648">
     <span class='ocr_line' id='line_1_3' title="bbox 336 568 1831 648; baseline 0.002 -22"><span class='ocrx_word' id='word_1_8' title='bbox 336 568 398 627; x_wconf 81' lang='lat'><strong>&#39;0</strong></span> <span class='ocrx_word' id='word_1_9' title='bbox 431 572 709 645; x_wconf 71' lang='grc' dir='ltr'>καθαίρων</span> <span class='ocrx_word' id='word_1_10' title='bbox 752 574 945 629; x_wconf 77' lang='grc' dir='ltr'>ἑαυτὸν</span> <span class='ocrx_word' id='word_1_11' title='bbox 984 577 1050 630; x_wconf 86' lang='grc' dir='ltr'><strong>ἐκ</strong></span> <span class='ocrx_word' id='word_1_12' title='bbox 1087 576 1197 630; x_wconf 93' lang='grc' dir='ltr'><strong>τῶν</strong></span> <span class='ocrx_word' id='word_1_13' title='bbox 1241 575 1450 639; x_wconf 89' lang='grc' dir='ltr'>παθῶν,</span> <span class='ocrx_word' id='word_1_14' title='bbox 1477 575 1572 629; x_wconf 77' lang='grc' dir='ltr'>καὶ</span> <span class='ocrx_word' id='word_1_15' title='bbox 1601 576 1831 648; x_wconf 80' lang='grc' dir='ltr'>ἐργαζό-</span> 
     </span>
    </p>
   </div>
   <div class='ocr_carea' id='block_1_4' title="bbox 250 663 1831 740">
    <p class='ocr_par' dir='ltr' id='par_1_4' title="bbox 250 663 1831 740">
     <span class='ocr_line' id='line_1_4' title="bbox 250 663 1831 740; baseline 0.003 -22"><span class='ocrx_word' id='word_1_16' title='bbox 250 680 422 736; x_wconf 80' lang='grc' dir='ltr'><strong>μενος</strong></span> <span class='ocrx_word' id='word_1_17' title='bbox 453 663 553 728; x_wconf 85' lang='grc' dir='ltr'><strong>τάς</strong></span> <span class='ocrx_word' id='word_1_18' title='bbox 586 664 804 729; x_wconf 87' lang='grc' dir='ltr'>ἐντολὰς</span> <span class='ocrx_word' id='word_1_19' title='bbox 841 665 935 719; x_wconf 89' lang='grc' dir='ltr'><strong>τοῦ</strong></span> <span class='ocrx_word' id='word_1_20' title='bbox 960 667 1117 736; x_wconf 91' lang='grc' dir='ltr'>Θεοῦ,</span> <span class='ocrx_word' id='word_1_21' title='bbox 1160 666 1253 722; x_wconf 88' lang='grc' dir='ltr'><strong>τοῦ</strong></span> <span class='ocrx_word' id='word_1_22' title='bbox 1286 667 1624 739; x_wconf 82' lang='grc' dir='ltr'>ψυχοτρόφου</span> <span class='ocrx_word' id='word_1_23' title='bbox 1665 668 1831 740; x_wconf 78' lang='grc' dir='ltr'>ἄρτου</span> 
     </span>
    </p>
   </div>
   <div class='ocr_carea' id='block_1_5' title="bbox 250 756 1831 831">
    <p class='ocr_par' dir='ltr' id='par_1_5' title="bbox 250 756 1831 831">
     <span class='ocr_line' id='line_1_5' title="bbox 250 756 1831 831; baseline 0.001 -21"><span class='ocrx_word' id='word_1_24' title='bbox 250 757 450 827; x_wconf 84' lang='grc' dir='ltr'>σοφίας</span> <span class='ocrx_word' id='word_1_25' title='bbox 480 756 575 810; x_wconf 78' lang='grc' dir='ltr'><strong>καὶ</strong></span> <span class='ocrx_word' id='word_1_26' title='bbox 602 756 857 826; x_wconf 83' lang='grc' dir='ltr'>γνώσεως</span> <span class='ocrx_word' id='word_1_27' title='bbox 884 758 1018 813; x_wconf 82' lang='grc' dir='ltr'>Θεοῦ</span> <span class='ocrx_word' id='word_1_28' title='bbox 1047 759 1489 831; x_wconf 75' lang='grc' dir='ltr'><strong>ἐμπλησθήσεται</strong></span> <span class='ocrx_word' id='word_1_29' title='bbox 1512 776 1525 790; x_wconf 74' lang='grc'><strong><em>⁵</em></strong></span> <span class='ocrx_word' id='word_1_30' title='bbox 1557 761 1586 814; x_wconf 94' lang='lat'><strong>6</strong></span> <span class='ocrx_word' id='word_1_31' title='bbox 1616 760 1673 814; x_wconf 90' lang='grc' dir='ltr'>δὲ</span> <span class='ocrx_word' id='word_1_32' title='bbox 1704 759 1831 814; x_wconf 84' lang='grc' dir='ltr'>διώ-</span> 
     </span>
    </p>
   </div>
   <div class='ocr_carea' id='block_1_6' title="bbox 249 846 1832 920">
    <p class='ocr_par' dir='ltr' id='par_1_6' title="bbox 249 846 1832 920">
     <span class='ocr_line' id='line_1_6' title="bbox 249 846 1832 920; baseline 0.001 -19"><span class='ocrx_word' id='word_1_33' title='bbox 249 864 369 901; x_wconf 88' lang='grc' dir='ltr'><strong>κων</strong></span> <span class='ocrx_word' id='word_1_34' title='bbox 396 847 589 919; x_wconf 83' lang='grc' dir='ltr'>σχολὴν</span> <span class='ocrx_word' id='word_1_35' title='bbox 642 846 737 901; x_wconf 87' lang='grc' dir='ltr'><strong>τοῦ</strong></span> <span class='ocrx_word' id='word_1_36' title='bbox 792 848 866 920; x_wconf 86' lang='grc' dir='ltr'>μὴ</span> <span class='ocrx_word' id='word_1_37' title='bbox 910 852 1082 903; x_wconf 84' lang='grc' dir='ltr'>ποιεῖν</span> <span class='ocrx_word' id='word_1_38' title='bbox 1111 849 1212 913; x_wconf 85' lang='grc' dir='ltr'>τὰς</span> <span class='ocrx_word' id='word_1_39' title='bbox 1267 847 1487 915; x_wconf 84' lang='grc' dir='ltr'>ὲντολάς</span> <span class='ocrx_word' id='word_1_40' title='bbox 1526 848 1622 903; x_wconf 89' lang='grc' dir='ltr'><strong>τοῦ</strong></span> <span class='ocrx_word' id='word_1_41' title='bbox 1664 848 1832 916; x_wconf 83' lang='grc' dir='ltr'><strong>Θεοῦ,</strong></span> 
     </span>
    </p>
   </div>
   <div class='ocr_carea' id='block_1_7' title="bbox 248 940 872 1011">
    <p class='ocr_par' dir='ltr' id='par_1_7' title="bbox 248 940 872 1011">
     <span class='ocr_line' id='line_1_7' title="bbox 248 940 872 1011; baseline 0.002 -18"><span class='ocrx_word' id='word_1_42' title='bbox 248 940 628 1011; x_wconf 78' lang='grc' dir='ltr'><strong>πλησθήσεται</strong></span> <span class='ocrx_word' id='word_1_43' title='bbox 658 940 872 1004; x_wconf 81' lang='grc' dir='ltr'><strong>πενίας.</strong></span> 
     </span>
    </p>
   </div>
   <div class='ocr_carea' id='block_1_8' title="bbox 327 1030 1833 1105">
    <p class='ocr_par' dir='ltr' id='par_1_8' title="bbox 327 1030 1833 1105">
     <span class='ocr_line' id='line_1_8' title="bbox 327 1030 1833 1105; baseline -0.001 -18"><span class='ocrx_word' id='word_1_44' title='bbox 327 1034 391 1087; x_wconf 88' lang='grc' dir='ltr'>Οί</span> <span class='ocrx_word' id='word_1_45' title='bbox 426 1031 523 1086; x_wconf 90' lang='grc' dir='ltr'><strong>νῦν</strong></span> <span class='ocrx_word' id='word_1_46' title='bbox 549 1032 857 1103; x_wconf 84' lang='grc' dir='ltr'>ἐλεήμονες,</span> <span class='ocrx_word' id='word_1_47' title='bbox 898 1034 956 1086; x_wconf 87' lang='grc' dir='ltr'><strong>ἐν</strong></span> <span class='ocrx_word' id='word_1_48' title='bbox 986 1030 1065 1103; x_wconf 85' lang='grc' dir='ltr'>τῷ</span> <span class='ocrx_word' id='word_1_49' title='bbox 1092 1031 1246 1086; x_wconf 90' lang='grc' dir='ltr'>αίῶνι</span> <span class='ocrx_word' id='word_1_50' title='bbox 1282 1030 1362 1103; x_wconf 81' lang='grc' dir='ltr'><strong>τῷ</strong></span> <span class='ocrx_word' id='word_1_51' title='bbox 1397 1030 1642 1105; x_wconf 81' lang='grc' dir='ltr'>μέλλοντι</span> <span class='ocrx_word' id='word_1_52' title='bbox 1678 1032 1833 1105; x_wconf 73' lang='grc' dir='ltr'>ἐλεη-</span> 
     </span>
    </p>
   </div>
   <div class='ocr_carea' id='block_1_9' title="bbox 250 1122 1834 1198">
    <p class='ocr_par' dir='ltr' id='par_1_9' title="bbox 250 1122 1834 1198">
     <span class='ocr_line' id='line_1_9' title="bbox 250 1122 1834 1198; baseline 0 -19"><span class='ocrx_word' id='word_1_53' title='bbox 250 1125 440 1189; x_wconf 81' lang='grc' dir='ltr'>θέντες</span> <span class='ocrx_word' id='word_1_54' title='bbox 464 1125 571 1178; x_wconf 79' lang='grc' dir='ltr'><strong>ὑπὸ</strong></span> <span class='ocrx_word' id='word_1_55' title='bbox 596 1125 689 1179; x_wconf 87' lang='grc' dir='ltr'><strong>τοῦ</strong></span> <span class='ocrx_word' id='word_1_56' title='bbox 718 1124 874 1191; x_wconf 88' lang='grc' dir='ltr'>Θεοῦ,</span> <span class='ocrx_word' id='word_1_57' title='bbox 907 1126 1002 1179; x_wconf 77' lang='grc' dir='ltr'><strong>καὶ</strong></span> <span class='ocrx_word' id='word_1_58' title='bbox 1030 1126 1312 1197; x_wconf 78' lang='grc' dir='ltr'>γενόμενοι</span> <span class='ocrx_word' id='word_1_59' title='bbox 1339 1125 1581 1194; x_wconf 81' lang='grc' dir='ltr'>ἄγγελοι,</span> <span class='ocrx_word' id='word_1_60' title='bbox 1612 1122 1834 1198; x_wconf 76' lang='grc' dir='ltr'>ἄρξουσι</span> 
     </span>
    </p>
   </div>
   <div class='ocr_carea' id='block_1_10' title="bbox 248 1216 1834 1288">
    <p class='ocr_par' dir='ltr' id='par_1_10' title="bbox 248 1216 1834 1288">
     <span class='ocr_line' id='line_1_10' title="bbox 248 1216 1834 1288; baseline -0.001 -17"><span class='ocrx_word' id='word_1_61' title='bbox 248 1217 364 1271; x_wconf 78' lang='grc' dir='ltr'><strong>τῶν</strong></span> <span class='ocrx_word' id='word_1_62' title='bbox 410 1217 701 1288; x_wconf 84' lang='grc' dir='ltr'>βασκάνων</span> <span class='ocrx_word' id='word_1_63' title='bbox 745 1219 841 1272; x_wconf 72' lang='grc' dir='ltr'><strong>καὶ</strong></span> <span class='ocrx_word' id='word_1_64' title='bbox 884 1218 1155 1272; x_wconf 88' lang='grc' dir='ltr'>πλουσίων</span> <span class='ocrx_word' id='word_1_65' title='bbox 1205 1216 1457 1273; x_wconf 60' lang='grc' dir='ltr'>ἀσεϐῶν*</span> <span class='ocrx_word' id='word_1_66' title='bbox 1491 1217 1729 1271; x_wconf 89' lang='grc' dir='ltr'>τοιοῦτον</span> <span class='ocrx_word' id='word_1_67' title='bbox 1776 1216 1834 1270; x_wconf 75' lang='grc' dir='ltr'>δὲ</span> 
     </span>
    </p>
   </div>
   <div class='ocr_carea' id='block_1_11' title="bbox 254 1308 1835 1382">
    <p class='ocr_par' dir='ltr' id='par_1_11' title="bbox 254 1308 1835 1382">
     <span class='ocr_line' id='line_1_11' title="bbox 254 1308 1835 1382; baseline -0.002 -17"><span class='ocrx_word' id='word_1_68' title='bbox 254 1310 471 1382; x_wconf 69' lang='grc' dir='ltr'>ἀξίωμα</span> <span class='ocrx_word' id='word_1_69' title='bbox 514 1310 607 1365; x_wconf 68' lang='grc' dir='ltr'>καὶ</span> <span class='ocrx_word' id='word_1_70' title='bbox 651 1313 764 1374; x_wconf 82' lang='grc' dir='ltr'>τοῖς</span> <span class='ocrx_word' id='word_1_71' title='bbox 799 1310 1071 1382; x_wconf 63' lang='grc' dir='ltr'>μαθηταῖς</span> <span class='ocrx_word' id='word_1_72' title='bbox 1119 1309 1286 1364; x_wconf 86' lang='grc' dir='ltr'>αὐτοῦ</span> <span class='ocrx_word' id='word_1_73' title='bbox 1333 1308 1599 1380; x_wconf 80' lang='grc' dir='ltr'>ὑπέσχετο</span> <span class='ocrx_word' id='word_1_74' title='bbox 1643 1308 1835 1363; x_wconf 86' lang='grc' dir='ltr'>δώσειν</span> 
     </span>
    </p>
   </div>
   <div class='ocr_carea' id='block_1_12' title="bbox 248 1402 1836 1475">
    <p class='ocr_par' dir='ltr' id='par_1_12' title="bbox 248 1402 1836 1475">
     <span class='ocr_line' id='line_1_12' title="bbox 248 1402 1836 1475; baseline -0.001 -18"><span class='ocrx_word' id='word_1_75' title='bbox 248 1402 479 1475; x_wconf 78' lang='grc' dir='ltr'>Κύριος,</span> <span class='ocrx_word' id='word_1_76' title='bbox 507 1404 569 1456; x_wconf 80' lang='grc' dir='ltr'><strong>τὸ</strong></span> <span class='ocrx_word' id='word_1_77' title='bbox 602 1403 822 1458; x_wconf 80' lang='grc' dir='ltr'>καθίσαι</span> <span class='ocrx_word' id='word_1_78' title='bbox 850 1404 1048 1467; x_wconf 82' lang='grc' dir='ltr'>αὐτοὺς</span> <span class='ocrx_word' id='word_1_79' title='bbox 1080 1405 1173 1457; x_wconf 79' lang='grc' dir='ltr'>ἐπὶ</span> <span class='ocrx_word' id='word_1_80' title='bbox 1210 1403 1417 1458; x_wconf 86' lang='grc' dir='ltr'>δώδεκα</span> <span class='ocrx_word' id='word_1_81' title='bbox 1458 1402 1681 1475; x_wconf 88' lang='grc' dir='ltr'>θρόνων,</span> <span class='ocrx_word' id='word_1_82' title='bbox 1715 1402 1836 1474; x_wconf 87' lang='grc' dir='ltr'>κρί-</span> 
     </span>
    </p>
   </div>
   <div class='ocr_carea' id='block_1_13' title="bbox 250 1494 1834 1568">
    <p class='ocr_par' dir='ltr' id='par_1_13' title="bbox 250 1494 1834 1568">
     <span class='ocr_line' id='line_1_13' title="bbox 250 1494 1834 1568; baseline 0 -19"><span class='ocrx_word' id='word_1_83' title='bbox 250 1514 443 1559; x_wconf 82' lang='grc' dir='ltr'>νοντας</span> <span class='ocrx_word' id='word_1_84' title='bbox 484 1495 689 1550; x_wconf 88' lang='grc' dir='ltr'>δὼδεκα</span> <span class='ocrx_word' id='word_1_85' title='bbox 734 1496 903 1565; x_wconf 86' lang='grc' dir='ltr'>φυλὰς</span> <span class='ocrx_word' id='word_1_86' title='bbox 939 1494 1036 1550; x_wconf 90' lang='grc' dir='ltr'><strong>τοῦ</strong></span> <span class='ocrx_word' id='word_1_87' title='bbox 1074 1496 1323 1568; x_wconf 88' lang='grc' dir='ltr'>Ἰσραήλ·</span> <span class='ocrx_word' id='word_1_88' title='bbox 1356 1496 1544 1568; x_wconf 86' lang='grc' dir='ltr'>θρόνος</span> <span class='ocrx_word' id='word_1_89' title='bbox 1588 1495 1645 1548; x_wconf 88' lang='grc' dir='ltr'><strong>δέ</strong></span> <span class='ocrx_word' id='word_1_90' title='bbox 1686 1495 1834 1549; x_wconf 79' lang='grc' dir='ltr'>ἐστιν</span> 
     </span>
    </p>
   </div>
   <div class='ocr_carea' id='block_1_14' title="bbox 251 1582 1834 1659">
    <p class='ocr_par' dir='ltr' id='par_1_14' title="bbox 251 1582 1834 1659">
     <span class='ocr_line' id='line_1_14' title="bbox 251 1582 1834 1659; baseline -0.003 -18"><span class='ocrx_word' id='word_1_91' title='bbox 251 1589 313 1643; x_wconf 80' lang='grc' dir='ltr'><strong>ἐν</strong></span> <span class='ocrx_word' id='word_1_92' title='bbox 339 1582 383 1657; x_wconf 79' lang='grc' dir='ltr'><strong>ᾧ</strong></span> <span class='ocrx_word' id='word_1_93' title='bbox 414 1591 443 1642; x_wconf 93' lang='lat'><strong>6</strong></span> <span class='ocrx_word' id='word_1_94' title='bbox 473 1586 597 1652; x_wconf 89' lang='grc' dir='ltr'>νοῦς</span> <span class='ocrx_word' id='word_1_95' title='bbox 624 1587 948 1652; x_wconf 77' lang='grc' dir='ltr'>καθέζεται,</span> <span class='ocrx_word' id='word_1_96' title='bbox 989 1586 1206 1659; x_wconf 85' lang='grc' dir='ltr'>πλήρης</span> <span class='ocrx_word' id='word_1_97' title='bbox 1247 1584 1501 1655; x_wconf 81' lang='grc' dir='ltr'>γνώσεως</span> <span class='ocrx_word' id='word_1_98' title='bbox 1535 1601 1834 1655; x_wconf 85' lang='grc' dir='ltr'>πνευματι-</span> 
     </span>
    </p>
   </div>
   <div class='ocr_carea' id='block_1_15' title="bbox 252 1676 1837 1753">
    <p class='ocr_par' dir='ltr' id='par_1_15' title="bbox 252 1676 1837 1753">
     <span class='ocr_line' id='line_1_15' title="bbox 252 1676 1837 1753; baseline -0.004 -18"><span class='ocrx_word' id='word_1_99' title='bbox 252 1682 379 1753; x_wconf 79' lang='grc' dir='ltr'>κῆς,</span> <span class='ocrx_word' id='word_1_100' title='bbox 408 1682 534 1745; x_wconf 78' lang='grc' dir='ltr'>τοὺς</span> <span class='ocrx_word' id='word_1_101' title='bbox 563 1680 932 1752; x_wconf 84' lang='grc' dir='ltr'>πλανηθέντας</span> <span class='ocrx_word' id='word_1_102' title='bbox 965 1680 1072 1733; x_wconf 81' lang='grc' dir='ltr'><strong>ἀπὸ</strong></span> <span class='ocrx_word' id='word_1_103' title='bbox 1111 1679 1212 1749; x_wconf 80' lang='grc' dir='ltr'>τῆς</span> <span class='ocrx_word' id='word_1_104' title='bbox 1261 1676 1570 1742; x_wconf 89' lang='grc' dir='ltr'>θεοσεϐείας</span> <span class='ocrx_word' id='word_1_105' title='bbox 1616 1678 1837 1730; x_wconf 82' lang='grc' dir='ltr'>ἐπισυν-</span> 
     </span>
    </p>
   </div>
   <div class='ocr_carea' id='block_1_16' title="bbox 1423 277 2325 339">
    <p class='ocr_par' dir='ltr' id='par_1_16' title="bbox 1423 277 2325 339">
     <span class='ocr_line' id='line_1_16' title="bbox 1423 277 2325 339; baseline 0.004 -5"><span class='ocrx_word' id='word_1_106' title='bbox 1423 277 1786 337; x_wconf 79' lang='lat' dir='ltr'><strong>EXPOSITIO</strong></span> <span class='ocrx_word' id='word_1_107' title='bbox 1807 280 1876 337; x_wconf 80' lang='lat' dir='ltr'><strong>IN</strong></span> <span class='ocrx_word' id='word_1_108' title='bbox 1912 279 2325 339; x_wconf 78' lang='lat' dir='ltr'><strong>PROVERBIA.</strong></span> 
     </span>
    </p>
   </div>
   <div class='ocr_carea' id='block_1_17' title="bbox 1860 342 3495 469">
    <p class='ocr_par' dir='ltr' id='par_1_17' title="bbox 1860 342 3495 469">
     <span class='ocr_line' id='line_1_17' title="bbox 1860 342 3495 469; baseline -0.002 -15"><span class='ocrx_word' id='word_1_109' title='bbox 1860 402 1911 461; x_wconf 78' lang='grc' dir='ltr'><strong>Α</strong></span> <span class='ocrx_word' id='word_1_110' title='bbox 1937 407 2048 454; x_wconf 89' lang='lat' dir='ltr'><strong>tum</strong></span> <span class='ocrx_word' id='word_1_111' title='bbox 2076 405 2235 469; x_wconf 86' lang='lat' dir='ltr'><strong>parat</strong></span> <span class='ocrx_word' id='word_1_112' title='bbox 2263 342 2459 452; x_wconf 64' lang='lat' dir='ltr'><strong>animae</strong></span> <span class='ocrx_word' id='word_1_113' title='bbox 2505 409 2619 452; x_wconf 63' lang='lat' dir='ltr'><strong>suae</strong></span> <span class='ocrx_word' id='word_1_114' title='bbox 2651 394 2720 452; x_wconf 89' lang='lat' dir='ltr'><strong>de</strong></span> <span class='ocrx_word' id='word_1_115' title='bbox 2757 409 2918 450; x_wconf 84' lang='lat' dir='ltr'><strong>manu</strong></span> <span class='ocrx_word' id='word_1_116' title='bbox 2962 388 3176 452; x_wconf 89' lang='lat' dir='ltr'><strong>Domini</strong></span> <span class='ocrx_word' id='word_1_117' title='bbox 3218 394 3495 467; x_wconf 82' lang='lat' dir='ltr'><strong>recipien-</strong></span> 
     </span>
    </p>
   </div>
   <div class='ocr_carea' id='block_1_18' title="bbox 3392 280 3496 338">
    <p class='ocr_par' dir='ltr' id='par_1_18' title="bbox 3392 280 3496 338">
     <span class='ocr_line' id='line_1_18' title="bbox 3392 280 3496 338; baseline -0.01 0"><span class='ocrx_word' id='word_1_118' title='bbox 3392 280 3496 338; x_wconf 65' lang='grc'><strong>246</strong></span> 
     </span>
    </p>
   </div>
   <div class='ocr_carea' id='block_1_19' title="bbox 1932 492 2080 547">
    <p class='ocr_par' dir='ltr' id='par_1_19' title="bbox 1932 492 2080 547">
     <span class='ocr_line' id='line_1_19' title="bbox 1932 492 2080 547; baseline -0.014 0"><span class='ocrx_word' id='word_1_119' title='bbox 1932 492 2080 547; x_wconf 90' lang='lat' dir='ltr'><strong>dum.</strong></span> 
     </span>
    </p>
   </div>
   <div class='ocr_carea' id='block_1_20' title="bbox 2003 576 3496 653">
    <p class='ocr_par' dir='ltr' id='par_1_20' title="bbox 2003 576 3496 653">
     <span class='ocr_line' id='line_1_20' title="bbox 2003 576 3496 653; baseline -0.004 -17"><span class='ocrx_word' id='word_1_120' title='bbox 2003 582 2109 649; x_wconf 90' lang='lat' dir='ltr'><strong>Qui</strong></span> <span class='ocrx_word' id='word_1_121' title='bbox 2153 596 2214 639; x_wconf 87' lang='lat' dir='ltr'><strong>se</strong></span> <span class='ocrx_word' id='word_1_122' title='bbox 2260 588 2456 653; x_wconf 87' lang='lat' dir='ltr'><strong>purgat</strong></span> <span class='ocrx_word' id='word_1_123' title='bbox 2509 580 2677 650; x_wconf 80' lang='lat' dir='ltr'><strong>animi</strong></span> <span class='ocrx_word' id='word_1_124' title='bbox 2732 578 3269 651; x_wconf 85' lang='lat' dir='ltr'><strong>perturbationibus,</strong></span> <span class='ocrx_word' id='word_1_125' title='bbox 3308 584 3365 633; x_wconf 88' lang='lat' dir='ltr'><strong>et</strong></span> <span class='ocrx_word' id='word_1_126' title='bbox 3400 576 3496 631; x_wconf 84' lang='lat' dir='ltr'><strong>Dei</strong></span> 
     </span>
    </p>
   </div>
   <div class='ocr_carea' id='block_1_21' title="bbox 1932 671 3498 745">
    <p class='ocr_par' dir='ltr' id='par_1_21' title="bbox 1932 671 3498 745">
     <span class='ocr_line' id='line_1_21' title="bbox 1932 671 3498 745; baseline -0.005 -13"><span class='ocrx_word' id='word_1_127' title='bbox 1932 675 2187 732; x_wconf 89' lang='lat' dir='ltr'><strong>mandata</strong></span> <span class='ocrx_word' id='word_1_128' title='bbox 2213 676 2553 745; x_wconf 75' lang='lat' dir='ltr'><strong>exsequitur,</strong></span> <span class='ocrx_word' id='word_1_129' title='bbox 2577 671 2848 729; x_wconf 89' lang='lat' dir='ltr'><strong>nutritore</strong></span> <span class='ocrx_word' id='word_1_130' title='bbox 2876 672 3184 727; x_wconf 87' lang='lat' dir='ltr'><strong>animarum</strong></span> <span class='ocrx_word' id='word_1_131' title='bbox 3218 685 3381 741; x_wconf 91' lang='lat' dir='ltr'><strong>pane,</strong></span> <span class='ocrx_word' id='word_1_132' title='bbox 3410 685 3498 726; x_wconf 89' lang='lat' dir='ltr'><strong>sa-</strong></span> 
     </span>
    </p>
   </div>
   <div class='ocr_carea' id='block_1_22' title="bbox 1933 762 3494 835">
    <p class='ocr_par' dir='ltr' id='par_1_22' title="bbox 1933 762 3494 835">
     <span class='ocr_line' id='line_1_22' title="bbox 1933 762 3494 835; baseline -0.004 -15"><span class='ocrx_word' id='word_1_133' title='bbox 1933 765 2138 835; x_wconf 89' lang='lat' dir='ltr'><strong>pientia</strong></span> <span class='ocrx_word' id='word_1_134' title='bbox 2197 766 2456 821; x_wconf 89' lang='lat' dir='ltr'><strong>nimirum</strong></span> <span class='ocrx_word' id='word_1_135' title='bbox 2506 773 2562 821; x_wconf 91' lang='lat' dir='ltr'><strong>et</strong></span> <span class='ocrx_word' id='word_1_136' title='bbox 2603 763 2881 834; x_wconf 80' lang='lat' dir='ltr'><strong>agnitione</strong></span> <span class='ocrx_word' id='word_1_137' title='bbox 2940 762 3072 827; x_wconf 89' lang='lat' dir='ltr'><strong>Dei,</strong></span> <span class='ocrx_word' id='word_1_138' title='bbox 3135 763 3494 818; x_wconf 81' lang='lat' dir='ltr'><strong>saturabitur.</strong></span> 
     </span>
    </p>
   </div>
   <div class='ocr_carea' id='block_1_23' title="bbox 1935 853 3497 926">
    <p class='ocr_par' dir='ltr' id='par_1_23' title="bbox 1935 853 3497 926">
     <span class='ocr_line' id='line_1_23' title="bbox 1935 853 3497 926; baseline -0.005 -13"><span class='ocrx_word' id='word_1_139' title='bbox 1935 860 1982 893; x_wconf 83' lang='grc'><strong><em>⁸⁶</em></strong></span> <span class='ocrx_word' id='word_1_140' title='bbox 2004 858 2105 926; x_wconf 87' lang='lat' dir='ltr'><strong>Qui</strong></span> <span class='ocrx_word' id='word_1_141' title='bbox 2135 871 2268 914; x_wconf 89' lang='lat' dir='ltr'><strong>vero</strong></span> <span class='ocrx_word' id='word_1_142' title='bbox 2295 857 2466 914; x_wconf 89' lang='lat' dir='ltr'><strong>otium</strong></span> <span class='ocrx_word' id='word_1_143' title='bbox 2499 864 2760 921; x_wconf 88' lang='lat' dir='ltr'><strong>sectatur,</strong></span> <span class='ocrx_word' id='word_1_144' title='bbox 2782 854 3077 925; x_wconf 77' lang='lat' dir='ltr'><strong>quominus</strong></span> <span class='ocrx_word' id='word_1_145' title='bbox 3099 853 3194 909; x_wconf 88' lang='lat' dir='ltr'><strong>Dei</strong></span> <span class='ocrx_word' id='word_1_146' title='bbox 3240 853 3497 909; x_wconf 84' lang='lat' dir='ltr'><strong>mandata</strong></span> 
     </span>
    </p>
   </div>
   <div class='ocr_carea' id='block_1_24' title="bbox 1934 934 3143 1019">
    <p class='ocr_par' dir='ltr' id='par_1_24' title="bbox 1934 934 3143 1019">
     <span class='ocr_line' id='line_1_24' title="bbox 1934 934 3143 1019; baseline -0.003 -14"><span class='ocrx_word' id='word_1_147' title='bbox 1934 934 2281 1019; x_wconf 74' lang='lat' dir='ltr'><strong>exsequatur,</strong></span> <span class='ocrx_word' id='word_1_148' title='bbox 2312 947 2361 1002; x_wconf 90' lang='lat' dir='ltr'><strong>is</strong></span> <span class='ocrx_word' id='word_1_149' title='bbox 2391 945 2611 1017; x_wconf 89' lang='lat' dir='ltr'><strong>quidem</strong></span> <span class='ocrx_word' id='word_1_150' title='bbox 2649 944 2829 1014; x_wconf 82' lang='lat' dir='ltr'><strong>inopia</strong></span> <span class='ocrx_word' id='word_1_151' title='bbox 2859 946 3143 1001; x_wconf 89' lang='lat' dir='ltr'><strong>obruetur.</strong></span> 
     </span>
    </p>
   </div>
   <div class='ocr_carea' id='block_1_25' title="bbox 2003 1034 3498 1107">
    <p class='ocr_par' dir='ltr' id='par_1_25' title="bbox 2003 1034 3498 1107">
     <span class='ocr_line' id='line_1_25' title="bbox 2003 1034 3498 1107; baseline -0.004 -13"><span class='ocrx_word' id='word_1_152' title='bbox 2003 1040 2050 1073; x_wconf 85' lang='grc'><strong>⁸⁷</strong></span> <span class='ocrx_word' id='word_1_153' title='bbox 2077 1038 2189 1107; x_wconf 86' lang='lat' dir='ltr'><strong>Qui</strong></span> <span class='ocrx_word' id='word_1_154' title='bbox 2211 1053 2356 1094; x_wconf 92' lang='lat' dir='ltr'><strong>nunc</strong></span> <span class='ocrx_word' id='word_1_155' title='bbox 2381 1045 2506 1093; x_wconf 90' lang='lat' dir='ltr'><strong>sunt</strong></span> <span class='ocrx_word' id='word_1_156' title='bbox 2536 1036 2940 1101; x_wconf 84' lang='lat' dir='ltr'><strong>misericordes,</strong></span> <span class='ocrx_word' id='word_1_157' title='bbox 2974 1038 3026 1089; x_wconf 93' lang='lat' dir='ltr'><strong>in</strong></span> <span class='ocrx_word' id='word_1_158' title='bbox 3063 1036 3247 1090; x_wconf 86' lang='lat' dir='ltr'><strong>futuro</strong></span> <span class='ocrx_word' id='word_1_159' title='bbox 3298 1034 3498 1091; x_wconf 68' lang='lat' dir='ltr'><strong>saeculo</strong></span> 
     </span>
    </p>
   </div>
   <div class='ocr_carea' id='block_1_26' title="bbox 1934 1126 3501 1198">
    <p class='ocr_par' dir='ltr' id='par_1_26' title="bbox 1934 1126 3501 1198">
     <span class='ocr_line' id='line_1_26' title="bbox 1934 1126 3501 1198; baseline -0.004 -8"><span class='ocrx_word' id='word_1_160' title='bbox 1934 1131 2372 1190; x_wconf 88' lang='lat' dir='ltr'><strong>misericordiam</strong></span> <span class='ocrx_word' id='word_1_161' title='bbox 2403 1144 2435 1185; x_wconf 92' lang='lat' dir='ltr'><strong>a</strong></span> <span class='ocrx_word' id='word_1_162' title='bbox 2464 1131 2577 1196; x_wconf 83' lang='lat' dir='ltr'><strong>Deq</strong></span> <span class='ocrx_word' id='word_1_163' title='bbox 2609 1128 2779 1195; x_wconf 86' lang='lat' dir='ltr'><strong>nacti,</strong></span> <span class='ocrx_word' id='word_1_164' title='bbox 2813 1126 3049 1197; x_wconf 79' lang='lat' dir='ltr'><strong>factique</strong></span> <span class='ocrx_word' id='word_1_165' title='bbox 3078 1127 3280 1198; x_wconf 77' lang='lat' dir='ltr'><strong>angeli,</strong></span> <span class='ocrx_word' id='word_1_166' title='bbox 3327 1127 3501 1197; x_wconf 87' lang='lat' dir='ltr'><strong>impe-</strong></span> 
     </span>
    </p>
   </div>
   <div class='ocr_carea' id='block_1_27' title="bbox 1937 1218 3497 1292">
    <p class='ocr_par' dir='ltr' id='par_1_27' title="bbox 1937 1218 3497 1292">
     <span class='ocr_line' id='line_1_27' title="bbox 1937 1218 3497 1292; baseline -0.004 -13"><span class='ocrx_word' id='word_1_167' title='bbox 1937 1224 2138 1280; x_wconf 83' lang='lat' dir='ltr'><strong>rabunt</strong></span> <span class='ocrx_word' id='word_1_168' title='bbox 2156 1221 2356 1278; x_wconf 75' lang='lat' dir='ltr'><strong>invidis</strong></span> <span class='ocrx_word' id='word_1_169' title='bbox 2386 1229 2440 1277; x_wconf 88' lang='lat' dir='ltr'><strong>et</strong></span> <span class='ocrx_word' id='word_1_170' title='bbox 2472 1220 2654 1292; x_wconf 87' lang='lat' dir='ltr'><strong>impiis</strong></span> <span class='ocrx_word' id='word_1_171' title='bbox 2679 1218 2959 1275; x_wconf 83' lang='lat' dir='ltr'><strong>divitibus.</strong></span> <span class='ocrx_word' id='word_1_172' title='bbox 3004 1218 3155 1273; x_wconf 79' lang='lat' dir='ltr'><strong>Hanc</strong></span> <span class='ocrx_word' id='word_1_173' title='bbox 3180 1220 3497 1289; x_wconf 86' lang='lat' dir='ltr'><strong>dignitatem</strong></span> 
     </span>
    </p>
   </div>
   <div class='ocr_carea' id='block_1_28' title="bbox 1935 1314 3498 1387">
    <p class='ocr_par' dir='ltr' id='par_1_28' title="bbox 1935 1314 3498 1387">
     <span class='ocr_line' id='line_1_28' title="bbox 1935 1314 3498 1387; baseline -0.002 -13"><span class='ocrx_word' id='word_1_174' title='bbox 1935 1319 2186 1375; x_wconf 92' lang='lat' dir='ltr'><strong>daturum</strong></span> <span class='ocrx_word' id='word_1_175' title='bbox 2219 1332 2278 1373; x_wconf 90' lang='lat' dir='ltr'><strong>se</strong></span> <span class='ocrx_word' id='word_1_176' title='bbox 2304 1316 2603 1387; x_wconf 85' lang='lat' dir='ltr'><strong>spondebat</strong></span> <span class='ocrx_word' id='word_1_177' title='bbox 2649 1314 2930 1386; x_wconf 86' lang='lat' dir='ltr'><strong>discipulis</strong></span> <span class='ocrx_word' id='word_1_178' title='bbox 2968 1316 3250 1380; x_wconf 88' lang='lat' dir='ltr'><strong>Dominus,</strong></span> <span class='ocrx_word' id='word_1_179' title='bbox 3304 1331 3498 1386; x_wconf 88' lang='lat' dir='ltr'><strong>nempe</strong></span> 
     </span>
    </p>
   </div>
   <div class='ocr_carea' id='block_1_29' title="bbox 1936 1405 3499 1477">
    <p class='ocr_par' dir='ltr' id='par_1_29' title="bbox 1936 1405 3499 1477">
     <span class='ocr_line' id='line_1_29' title="bbox 1936 1405 3499 1477; baseline -0.002 -13"><span class='ocrx_word' id='word_1_180' title='bbox 1936 1422 2182 1464; x_wconf 66' lang='lat' dir='ltr'><strong>sessuro:</strong></span> <span class='ocrx_word' id='word_1_181' title='bbox 2233 1422 2329 1463; x_wconf 87' lang='lat' dir='ltr'><strong>eos</strong></span> <span class='ocrx_word' id='word_1_182' title='bbox 2379 1422 2544 1477; x_wconf 90' lang='lat' dir='ltr'><strong>super</strong></span> <span class='ocrx_word' id='word_1_183' title='bbox 2598 1406 2880 1462; x_wconf 88' lang='lat' dir='ltr'><strong>duodecim</strong></span> <span class='ocrx_word' id='word_1_184' title='bbox 2925 1406 3165 1471; x_wconf 90' lang='lat' dir='ltr'><strong>thronos,</strong></span> <span class='ocrx_word' id='word_1_185' title='bbox 3191 1405 3499 1475; x_wconf 77' lang='lat' dir='ltr'><strong>iudicantes</strong></span> 
     </span>
    </p>
   </div>
   <div class='ocr_carea' id='block_1_30' title="bbox 1936 1498 3495 1558">
    <p class='ocr_par' dir='ltr' id='par_1_30' title="bbox 1936 1498 3495 1558">
     <span class='ocr_line' id='line_1_30' title="bbox 1936 1498 3495 1558; baseline -0.003 -1"><span class='ocrx_word' id='word_1_186' title='bbox 1936 1501 2223 1558; x_wconf 90' lang='lat' dir='ltr'><strong>duodecim</strong></span> <span class='ocrx_word' id='word_1_187' title='bbox 2254 1500 2431 1555; x_wconf 91' lang='lat' dir='ltr'><strong>tribus</strong></span> <span class='ocrx_word' id='word_1_188' title='bbox 2459 1498 2679 1555; x_wconf 88' lang='lat' dir='ltr'><strong>lsraelis</strong></span> <span class='ocrx_word' id='word_1_189' title='bbox 2710 1498 2782 1553; x_wconf 84' lang='grc'><strong>⁸⁸.</strong></span> <span class='ocrx_word' id='word_1_190' title='bbox 2816 1498 3069 1553; x_wconf 87' lang='lat' dir='ltr'><strong>Thronus</strong></span> <span class='ocrx_word' id='word_1_191' title='bbox 3098 1506 3279 1553; x_wconf 85' lang='lat' dir='ltr'><strong>autem</strong></span> <span class='ocrx_word' id='word_1_192' title='bbox 3321 1507 3408 1554; x_wconf 87' lang='lat' dir='ltr'><strong>est</strong></span> <span class='ocrx_word' id='word_1_193' title='bbox 3438 1500 3495 1553; x_wconf 91' lang='lat' dir='ltr'><strong>in</strong></span> 
     </span>
    </p>
   </div>
   <div class='ocr_carea' id='block_1_31' title="bbox 1936 1590 3498 1664">
    <p class='ocr_par' dir='ltr' id='par_1_31' title="bbox 1936 1590 3498 1664">
     <span class='ocr_line' id='line_1_31' title="bbox 1936 1590 3498 1664; baseline -0.002 -18"><span class='ocrx_word' id='word_1_194' title='bbox 1936 1608 2047 1664; x_wconf 89' lang='lat' dir='ltr'><strong>quo</strong></span> <span class='ocrx_word' id='word_1_195' title='bbox 2087 1608 2239 1648; x_wconf 89' lang='lat' dir='ltr'><strong>mens</strong></span> <span class='ocrx_word' id='word_1_196' title='bbox 2278 1590 2449 1656; x_wconf 88' lang='lat' dir='ltr'><strong>sedet,</strong></span> <span class='ocrx_word' id='word_1_197' title='bbox 2494 1590 2655 1661; x_wconf 85' lang='lat' dir='ltr'><strong>plena</strong></span> <span class='ocrx_word' id='word_1_198' title='bbox 2700 1590 2946 1645; x_wconf 76' lang='lat' dir='ltr'><strong>scientia:</strong></span> <span class='ocrx_word' id='word_1_199' title='bbox 2977 1590 3260 1661; x_wconf 77' lang='lat' dir='ltr'><strong>Spiritalis,</strong></span> <span class='ocrx_word' id='word_1_200' title='bbox 3297 1603 3417 1659; x_wconf 68' lang='lat' dir='ltr'><strong>qua:</strong></span> <span class='ocrx_word' id='word_1_201' title='bbox 3467 1604 3498 1643; x_wconf 91' lang='lat' dir='ltr'><strong>a</strong></span> 
     </span>
    </p>
   </div>
   <div class='ocr_carea' id='block_1_32' title="bbox 1937 1677 3498 1754">
    <p class='ocr_par' dir='ltr' id='par_1_32' title="bbox 1937 1677 3498 1754">
     <span class='ocr_line' id='line_1_32' title="bbox 1937 1677 3498 1754; baseline -0.003 -17"><span class='ocrx_word' id='word_1_202' title='bbox 1937 1682 2203 1754; x_wconf 79' lang='lat' dir='ltr'><strong>religione</strong></span> <span class='ocrx_word' id='word_1_203' title='bbox 2234 1682 2419 1737; x_wconf 91' lang='lat' dir='ltr'><strong>devios</strong></span> <span class='ocrx_word' id='word_1_204' title='bbox 2450 1679 2684 1736; x_wconf 91' lang='lat' dir='ltr'><strong>reducit.</strong></span> <span class='ocrx_word' id='word_1_205' title='bbox 2708 1677 2964 1734; x_wconf 83' lang='lat' dir='ltr'><strong>Judicare</strong></span> <span class='ocrx_word' id='word_1_206' title='bbox 2991 1689 3172 1735; x_wconf 87' lang='lat' dir='ltr'><strong>autem</strong></span> <span class='ocrx_word' id='word_1_207' title='bbox 3213 1679 3316 1734; x_wconf 89' lang='lat' dir='ltr'><strong>hoc</strong></span> <span class='ocrx_word' id='word_1_208' title='bbox 3354 1677 3498 1743; x_wconf 91' lang='lat' dir='ltr'><strong>loco,</strong></span> 
     </span>
    </p>
   </div>
   <div class='ocr_carea' id='block_1_33' title="bbox 253 1765 1839 1844">
    <p class='ocr_par' dir='ltr' id='par_1_33' title="bbox 253 1767 1836 1844">
     <span class='ocr_line' id='line_1_33' title="bbox 253 1767 1836 1844; baseline -0.004 -17"><span class='ocrx_word' id='word_1_209' title='bbox 253 1773 497 1842; x_wconf 83' lang='grc' dir='ltr'>ἀγουσα·</span> <span class='ocrx_word' id='word_1_210' title='bbox 526 1773 587 1825; x_wconf 84' lang='grc' dir='ltr'><strong>τὸ</strong></span> <span class='ocrx_word' id='word_1_211' title='bbox 627 1773 684 1826; x_wconf 80' lang='grc' dir='ltr'><strong>δὲ</strong></span> <span class='ocrx_word' id='word_1_212' title='bbox 715 1772 922 1844; x_wconf 89' lang='grc' dir='ltr'>κρίνειν</span> <span class='ocrx_word' id='word_1_213' title='bbox 954 1769 1216 1834; x_wconf 84' lang='grc' dir='ltr'>ἐνταῦθα,</span> <span class='ocrx_word' id='word_1_214' title='bbox 1248 1769 1308 1823; x_wconf 81' lang='grc' dir='ltr'><strong>τὸ</strong></span> <span class='ocrx_word' id='word_1_215' title='bbox 1338 1769 1606 1823; x_wconf 85' lang='grc' dir='ltr'>διδάσκειν</span> <span class='ocrx_word' id='word_1_216' title='bbox 1638 1767 1836 1839; x_wconf 85' lang='grc' dir='ltr'>σημαί-</span> 
     </span>
    </p>
   </div>
   <div class='ocr_carea' id='block_1_34' title="bbox 1950 1765 3502 1844">
    <p class='ocr_par' dir='ltr' id='par_1_34' title="bbox 1950 1770 3502 1843">
     <span class='ocr_line' id='line_1_34' title="bbox 1950 1770 3502 1843; baseline -0.003 -17"><span class='ocrx_word' id='word_1_217' title='bbox 1950 1773 2133 1828; x_wconf 76' lang='lat' dir='ltr'><strong>iocere</strong></span> <span class='ocrx_word' id='word_1_218' title='bbox 2186 1770 2480 1843; x_wconf 81' lang='lat' dir='ltr'><strong>signiﬁcat.</strong></span> <span class='ocrx_word' id='word_1_219' title='bbox 2538 1770 2611 1827; x_wconf 86' lang='lat' dir='ltr'><strong>Ut</strong></span> <span class='ocrx_word' id='word_1_220' title='bbox 2652 1770 2824 1826; x_wconf 89' lang='lat' dir='ltr'><strong>illud:</strong></span> <span class='ocrx_word' id='word_1_221' title='bbox 2861 1771 3020 1840; x_wconf 76' lang='lat' dir='ltr'><strong>Aperi</strong></span> <span class='ocrx_word' id='word_1_222' title='bbox 3059 1787 3118 1825; x_wconf 78' lang='lat' dir='ltr'><strong>os</strong></span> <span class='ocrx_word' id='word_1_223' title='bbox 3160 1780 3309 1825; x_wconf 82' lang='lat' dir='ltr'><strong>tuum</strong></span> <span class='ocrx_word' id='word_1_224' title='bbox 3349 1770 3502 1823; x_wconf 76' lang='lat' dir='ltr'><strong>verba</strong></span> 
     </span>
    </p>
   </div>
   <div class='ocr_carea' id='block_1_35' title="bbox 252 1858 1831 1933">
    <p class='ocr_par' dir='ltr' id='par_1_35' title="bbox 252 1858 1831 1933">
     <span class='ocr_line' id='line_1_35' title="bbox 252 1858 1831 1933; baseline -0.004 -15"><span class='ocrx_word' id='word_1_225' title='bbox 252 1882 361 1918; x_wconf 80' lang='grc' dir='ltr'>νει’</span> <span class='ocrx_word' id='word_1_226' title='bbox 396 1865 473 1928; x_wconf 84' lang='grc' dir='ltr'><strong>ὡς</strong></span> <span class='ocrx_word' id='word_1_227' title='bbox 506 1865 600 1918; x_wconf 74' lang='grc' dir='ltr'><strong>καὶ</strong></span> <span class='ocrx_word' id='word_1_228' title='bbox 627 1865 708 1928; x_wconf 72' lang='grc' dir='ltr'><strong>τὸ,</strong></span> <span class='ocrx_word' id='word_1_229' title='bbox 732 1865 968 1933; x_wconf 64' lang='lat' dir='ltr'><strong>&quot;Av-atra</strong></span> <span class='ocrx_word' id='word_1_230' title='bbox 996 1860 1112 1916; x_wconf 75' lang='grc' dir='ltr'><strong>σὸν</strong></span> <span class='ocrx_word' id='word_1_231' title='bbox 1132 1861 1327 1930; x_wconf 84' lang='grc' dir='ltr'>στόμα</span> <span class='ocrx_word' id='word_1_232' title='bbox 1345 1862 1504 1930; x_wconf 68' lang='grc' dir='ltr'>λόγῳ</span> <span class='ocrx_word' id='word_1_233' title='bbox 1532 1858 1702 1923; x_wconf 78' lang='grc' dir='ltr'>Θεοῦ,</span> <span class='ocrx_word' id='word_1_234' title='bbox 1730 1858 1831 1911; x_wconf 77' lang='grc' dir='ltr'><strong>καί</strong></span> 
     </span>
    </p>
   </div>
   <div class='ocr_carea' id='block_1_36' title="bbox 254 1951 1834 2026">
    <p class='ocr_par' dir='ltr' id='par_1_36' title="bbox 254 1951 1834 2026">
     <span class='ocr_line' id='line_1_36' title="bbox 254 1951 1834 2026; baseline -0.004 -16"><span class='ocrx_word' id='word_1_235' title='bbox 254 1958 420 2026; x_wconf 79' lang='grc' dir='ltr'>κρῖνε</span> <span class='ocrx_word' id='word_1_236' title='bbox 448 1956 643 2011; x_wconf 71' lang='grc' dir='ltr'>πάντα</span> <span class='ocrx_word' id='word_1_237' title='bbox 678 1956 882 2026; x_wconf 75' lang='grc' dir='ltr'>ὑγιῶς,</span> <span class='ocrx_word' id='word_1_238' title='bbox 922 1955 1044 2010; x_wconf 79' lang='grc' dir='ltr'>ἀντὶ</span> <span class='ocrx_word' id='word_1_239' title='bbox 1071 1951 1191 2020; x_wconf 86' lang='grc' dir='ltr'>τοῦ,</span> <span class='ocrx_word' id='word_1_240' title='bbox 1222 1953 1437 2007; x_wconf 89' lang='grc' dir='ltr'>δίδασκε</span> <span class='ocrx_word' id='word_1_241' title='bbox 1457 1969 1470 1983; x_wconf 86' lang='grc'><strong>·</strong></span> <span class='ocrx_word' id='word_1_242' title='bbox 1506 1952 1623 2022; x_wconf 78' lang='grc' dir='ltr'><strong>ἅμα</strong></span> <span class='ocrx_word' id='word_1_243' title='bbox 1650 1951 1706 2004; x_wconf 84' lang='grc' dir='ltr'><strong>δὲ</strong></span> <span class='ocrx_word' id='word_1_244' title='bbox 1740 1951 1834 2003; x_wconf 82' lang='grc' dir='ltr'><strong>καὶ</strong></span> 
     </span>
    </p>
   </div>
   <div class='ocr_carea' id='block_1_37' title="bbox 252 2040 1829 2116">
    <p class='ocr_par' dir='ltr' id='par_1_37' title="bbox 252 2040 1829 2116">
     <span class='ocr_line' id='line_1_37' title="bbox 252 2040 1829 2116; baseline -0.004 -17"><span class='ocrx_word' id='word_1_245' title='bbox 252 2046 409 2099; x_wconf 84' lang='grc' dir='ltr'>τοῦτο</span> <span class='ocrx_word' id='word_1_246' title='bbox 438 2046 627 2109; x_wconf 80' lang='grc' dir='ltr'>ἰστέον,</span> <span class='ocrx_word' id='word_1_247' title='bbox 652 2046 734 2098; x_wconf 85' lang='grc' dir='ltr'>ὅτι</span> <span class='ocrx_word' id='word_1_248' title='bbox 761 2048 789 2099; x_wconf 89' lang='lat'><strong>6</strong></span> <span class='ocrx_word' id='word_1_249' title='bbox 814 2044 1064 2116; x_wconf 77' lang='grc' dir='ltr'>ἐλεήμων</span> <span class='ocrx_word' id='word_1_250' title='bbox 1093 2044 1375 2115; x_wconf 84' lang='grc' dir='ltr'>κρατήσας</span> <span class='ocrx_word' id='word_1_251' title='bbox 1403 2042 1496 2095; x_wconf 92' lang='grc' dir='ltr'><strong>τοῦ</strong></span> <span class='ocrx_word' id='word_1_252' title='bbox 1539 2040 1829 2112; x_wconf 76' lang='grc' dir='ltr'>βασκάνου,</span> 
     </span>
    </p>
   </div>
   <div class='ocr_carea' id='block_1_38' title="bbox 253 2132 1834 2209">
    <p class='ocr_par' dir='ltr' id='par_1_38' title="bbox 253 2132 1834 2209">
     <span class='ocr_line' id='line_1_38' title="bbox 253 2132 1834 2209; baseline -0.003 -19"><span class='ocrx_word' id='word_1_253' title='bbox 253 2138 416 2202; x_wconf 74' lang='grc' dir='ltr'>αὐτὸς</span> <span class='ocrx_word' id='word_1_254' title='bbox 450 2138 546 2208; x_wconf 79' lang='grc' dir='ltr'><strong>μὲν</strong></span> <span class='ocrx_word' id='word_1_255' title='bbox 574 2139 634 2191; x_wconf 82' lang='grc' dir='ltr'><strong>οὐ</strong></span> <span class='ocrx_word' id='word_1_256' title='bbox 666 2139 953 2208; x_wconf 88' lang='grc' dir='ltr'>γενήσεται</span> <span class='ocrx_word' id='word_1_257' title='bbox 991 2136 1276 2208; x_wconf 83' lang='grc' dir='ltr'>βάσκανος,</span> <span class='ocrx_word' id='word_1_258' title='bbox 1320 2135 1585 2209; x_wconf 82' lang='grc' dir='ltr'>ἐλεήμονα</span> <span class='ocrx_word' id='word_1_259' title='bbox 1609 2133 1665 2187; x_wconf 85' lang='grc' dir='ltr'>δὲ</span> <span class='ocrx_word' id='word_1_260' title='bbox 1697 2132 1834 2206; x_wconf 82' lang='grc' dir='ltr'><strong>μᾶλ-</strong></span> 
     </span>
    </p>
   </div>
   <div class='ocr_carea' id='block_1_39' title="bbox 253 2226 1042 2298">
    <p class='ocr_par' dir='ltr' id='par_1_39' title="bbox 253 2226 1042 2298">
     <span class='ocr_line' id='line_1_39' title="bbox 253 2226 1042 2298; baseline 0.003 -20"><span class='ocrx_word' id='word_1_261' title='bbox 253 2226 345 2280; x_wconf 90' lang='grc' dir='ltr'><strong>λον</strong></span> <span class='ocrx_word' id='word_1_262' title='bbox 382 2227 600 2298; x_wconf 85' lang='grc' dir='ltr'>ποιήσει</span> <span class='ocrx_word' id='word_1_263' title='bbox 633 2226 722 2280; x_wconf 86' lang='grc' dir='ltr'><strong>τὸν</strong></span> <span class='ocrx_word' id='word_1_264' title='bbox 754 2226 1042 2297; x_wconf 90' lang='grc' dir='ltr'>βάσκανον.</span> 
     </span>
    </p>
   </div>
   <div class='ocr_carea' id='block_1_40' title="bbox 337 2311 1831 2384">
    <p class='ocr_par' dir='ltr' id='par_1_40' title="bbox 337 2311 1831 2384">
     <span class='ocr_line' id='line_1_40' title="bbox 337 2311 1831 2384; baseline -0.003 -12"><span class='ocrx_word' id='word_1_265' title='bbox 337 2319 463 2372; x_wconf 80' lang='grc' dir='ltr'><strong>Ἐὰν</strong></span> <span class='ocrx_word' id='word_1_266' title='bbox 502 2317 813 2372; x_wconf 85' lang='grc' dir='ltr'>ἀποθῶνται</span> <span class='ocrx_word' id='word_1_267' title='bbox 856 2321 904 2372; x_wconf 81' lang='grc' dir='ltr'><strong>οἱ</strong></span> <span class='ocrx_word' id='word_1_268' title='bbox 939 2318 1155 2383; x_wconf 82' lang='grc' dir='ltr'>ἀσεϐεῖς</span> <span class='ocrx_word' id='word_1_269' title='bbox 1198 2317 1260 2371; x_wconf 83' lang='grc' dir='ltr'><strong>τὸ</strong></span> <span class='ocrx_word' id='word_1_270' title='bbox 1290 2311 1427 2370; x_wconf 80' lang='grc' dir='ltr'>εἶναι</span> <span class='ocrx_word' id='word_1_271' title='bbox 1469 2314 1707 2378; x_wconf 89' lang='grc' dir='ltr'>ἀσεϐεῖς,</span> <span class='ocrx_word' id='word_1_272' title='bbox 1738 2331 1831 2384; x_wconf 88' lang='grc' dir='ltr'>γε-</span> 
     </span>
    </p>
   </div>
   <div class='ocr_carea' id='block_1_41' title="bbox 253 2404 1834 2481">
    <p class='ocr_par' dir='ltr' id='par_1_41' title="bbox 253 2404 1834 2481">
     <span class='ocr_line' id='line_1_41' title="bbox 253 2404 1834 2481; baseline -0.003 -18"><span class='ocrx_word' id='word_1_273' title='bbox 253 2409 506 2481; x_wconf 89' lang='grc' dir='ltr'>νήσονται</span> <span class='ocrx_word' id='word_1_274' title='bbox 534 2409 761 2463; x_wconf 84' lang='grc' dir='ltr'>δίκαιοι·</span> <span class='ocrx_word' id='word_1_275' title='bbox 796 2411 829 2480; x_wconf 84' lang='grc' dir='ltr'>ἡ</span> <span class='ocrx_word' id='word_1_276' title='bbox 861 2408 970 2481; x_wconf 81' lang='grc' dir='ltr'>γὰρ</span> <span class='ocrx_word' id='word_1_277' title='bbox 1014 2408 1259 2462; x_wconf 81' lang='grc' dir='ltr'>ἀπώλεια</span> <span class='ocrx_word' id='word_1_278' title='bbox 1296 2407 1391 2461; x_wconf 90' lang='grc' dir='ltr'><strong>νῦν</strong></span> <span class='ocrx_word' id='word_1_279' title='bbox 1423 2407 1522 2479; x_wconf 85' lang='grc' dir='ltr'>τὴν</span> <span class='ocrx_word' id='word_1_280' title='bbox 1554 2404 1834 2474; x_wconf 83' lang='grc' dir='ltr'>ἀναίρεσιν</span> 
     </span>
    </p>
   </div>
   <div class='ocr_carea' id='block_1_42' title="bbox 251 2496 1828 2573">
    <p class='ocr_par' dir='ltr' id='par_1_42' title="bbox 251 2496 1828 2573">
     <span class='ocr_line' id='line_1_42' title="bbox 251 2496 1828 2573; baseline -0.003 -19"><span class='ocrx_word' id='word_1_281' title='bbox 251 2501 357 2573; x_wconf 83' lang='grc' dir='ltr'><strong>τῆς</strong></span> <span class='ocrx_word' id='word_1_282' title='bbox 408 2501 659 2565; x_wconf 88' lang='grc' dir='ltr'>ἀσεϐείας</span> <span class='ocrx_word' id='word_1_283' title='bbox 710 2501 1000 2573; x_wconf 80' lang='grc' dir='ltr'>σημαίνει“</span> <span class='ocrx_word' id='word_1_284' title='bbox 1052 2500 1196 2555; x_wconf 71' lang='grc' dir='ltr'>οὕτω</span> <span class='ocrx_word' id='word_1_285' title='bbox 1240 2501 1336 2555; x_wconf 75' lang='grc' dir='ltr'>καὶ</span> <span class='ocrx_word' id='word_1_286' title='bbox 1404 2498 1679 2553; x_wconf 83' lang='grc' dir='ltr'>Ματθαῖον</span> <span class='ocrx_word' id='word_1_287' title='bbox 1732 2496 1828 2550; x_wconf 90' lang='grc' dir='ltr'><strong>τοῦ</strong></span> 
     </span>
    </p>
   </div>
   <div class='ocr_carea' id='block_1_43' title="bbox 250 2586 1834 2663">
    <p class='ocr_par' dir='ltr' id='par_1_43' title="bbox 250 2586 1834 2663">
     <span class='ocr_line' id='line_1_43' title="bbox 250 2586 1834 2663; baseline -0.003 -18"><span class='ocrx_word' id='word_1_288' title='bbox 250 2592 543 2645; x_wconf 86' lang='grc' dir='ltr'>τελωνείου</span> <span class='ocrx_word' id='word_1_289' title='bbox 603 2591 874 2655; x_wconf 83' lang='grc' dir='ltr'>ἀπολέσας</span> <span class='ocrx_word' id='word_1_290' title='bbox 919 2592 950 2643; x_wconf 90' lang='lat'><strong>6</strong></span> <span class='ocrx_word' id='word_1_291' title='bbox 996 2591 1235 2663; x_wconf 84' lang='grc' dir='ltr'>Κύριος,</span> <span class='ocrx_word' id='word_1_292' title='bbox 1289 2589 1635 2660; x_wconf 84' lang='grc' dir='ltr'>δικαιοσύνην</span> <span class='ocrx_word' id='word_1_293' title='bbox 1687 2586 1834 2658; x_wconf 83' lang='grc' dir='ltr'>αὐτῷ</span> 
     </span>
    </p>
   </div>
   <div class='ocr_carea' id='block_1_44' title="bbox 251 2682 1835 2756">
    <p class='ocr_par' dir='ltr' id='par_1_44' title="bbox 251 2682 1835 2756">
     <span class='ocr_line' id='line_1_44' title="bbox 251 2682 1835 2756; baseline -0.002 -20"><span class='ocrx_word' id='word_1_294' title='bbox 251 2685 550 2756; x_wconf 80' lang='grc' dir='ltr'>ἐχαρίσατο</span> <span class='ocrx_word' id='word_1_295' title='bbox 568 2701 581 2714; x_wconf 93' lang='grc'><strong>·</strong></span> <span class='ocrx_word' id='word_1_296' title='bbox 612 2683 969 2753; x_wconf 83' lang='grc' dir='ltr'>πληθύνονται</span> <span class='ocrx_word' id='word_1_297' title='bbox 996 2683 1104 2754; x_wconf 83' lang='grc' dir='ltr'>γὰρ</span> <span class='ocrx_word' id='word_1_298' title='bbox 1139 2684 1187 2736; x_wconf 80' lang='grc' dir='ltr'>οἱ</span> <span class='ocrx_word' id='word_1_299' title='bbox 1215 2682 1432 2750; x_wconf 89' lang='grc' dir='ltr'>δίκαιοι,</span> <span class='ocrx_word' id='word_1_300' title='bbox 1469 2683 1597 2735; x_wconf 81' lang='grc' dir='ltr'>ὅταν</span> <span class='ocrx_word' id='word_1_301' title='bbox 1627 2683 1681 2734; x_wconf 84' lang='grc' dir='ltr'><strong>οἱ·</strong></span> <span class='ocrx_word' id='word_1_302' title='bbox 1709 2683 1835 2735; x_wconf 86' lang='grc' dir='ltr'>ἀσε-</span> 
     </span>
    </p>
   </div>
   <div class='ocr_carea' id='block_1_45' title="bbox 253 2773 1834 2846">
    <p class='ocr_par' dir='ltr' id='par_1_45' title="bbox 253 2773 1834 2846">
     <span class='ocr_line' id='line_1_45' title="bbox 253 2773 1834 2846; baseline -0.003 -17"><span class='ocrx_word' id='word_1_303' title='bbox 253 2776 370 2840; x_wconf 82' lang='grc' dir='ltr'>ϐεῖς</span> <span class='ocrx_word' id='word_1_304' title='bbox 418 2776 786 2846; x_wconf 73' lang='grc' dir='ltr'>καταλείψωσι</span> <span class='ocrx_word' id='word_1_305' title='bbox 829 2776 930 2846; x_wconf 84' lang='grc' dir='ltr'>τὴν</span> <span class='ocrx_word' id='word_1_306' title='bbox 981 2775 1257 2839; x_wconf 80' lang='grc' dir='ltr'>ἀσέϐειαν,</span> <span class='ocrx_word' id='word_1_307' title='bbox 1306 2775 1402 2828; x_wconf 80' lang='grc' dir='ltr'><strong>καὶ</strong></span> <span class='ocrx_word' id='word_1_308' title='bbox 1450 2776 1548 2829; x_wconf 78' lang='grc' dir='ltr'><strong>σὺν</strong></span> <span class='ocrx_word' id='word_1_309' title='bbox 1596 2776 1709 2838; x_wconf 84' lang='grc' dir='ltr'>τοῖς</span> <span class='ocrx_word' id='word_1_310' title='bbox 1754 2773 1834 2826; x_wconf 88' lang='grc' dir='ltr'>δι-</span> 
     </span>
    </p>
   </div>
   <div class='ocr_carea' id='block_1_46' title="bbox 1937 1859 3500 1931">
    <p class='ocr_par' dir='ltr' id='par_1_46' title="bbox 1937 1859 3500 1931">
     <span class='ocr_line' id='line_1_46' title="bbox 1937 1859 3500 1931; baseline -0.004 -15"><span class='ocrx_word' id='word_1_311' title='bbox 1937 1861 2059 1929; x_wconf 76' lang='lat' dir='ltr'><strong>Dei,</strong></span> <span class='ocrx_word' id='word_1_312' title='bbox 2093 1871 2143 1917; x_wconf 84' lang='lat' dir='ltr'><strong>et</strong></span> <span class='ocrx_word' id='word_1_313' title='bbox 2191 1862 2390 1931; x_wconf 81' lang='lat' dir='ltr'><strong>integre</strong></span> <span class='ocrx_word' id='word_1_314' title='bbox 2427 1861 2492 1915; x_wconf 88' lang='lat' dir='ltr'><strong>de</strong></span> <span class='ocrx_word' id='word_1_315' title='bbox 2528 1861 2767 1915; x_wconf 72' lang='lat' dir='ltr'><strong>omnibus</strong></span> <span class='ocrx_word' id='word_1_316' title='bbox 2806 1860 2990 1929; x_wconf 73' lang='lat' dir='ltr'><strong>iudica</strong></span> <span class='ocrx_word' id='word_1_317' title='bbox 3013 1859 3084 1925; x_wconf 74' lang='grc'><strong>⁵⁸,</strong></span> <span class='ocrx_word' id='word_1_318' title='bbox 3123 1859 3176 1915; x_wconf 87' lang='lat' dir='ltr'><strong>id</strong></span> <span class='ocrx_word' id='word_1_319' title='bbox 3234 1868 3316 1915; x_wconf 85' lang='lat' dir='ltr'><strong>est</strong></span> <span class='ocrx_word' id='word_1_320' title='bbox 3343 1859 3500 1913; x_wconf 87' lang='lat' dir='ltr'><strong>doce.</strong></span> 
     </span>
    </p>
   </div>
   <div class='ocr_carea' id='block_1_47' title="bbox 1939 1952 3503 2023">
    <p class='ocr_par' dir='ltr' id='par_1_47' title="bbox 1939 1952 3503 2023">
     <span class='ocr_line' id='line_1_47' title="bbox 1939 1952 3503 2023; baseline -0.003 -13"><span class='ocrx_word' id='word_1_321' title='bbox 1939 1954 2111 2010; x_wconf 90' lang='lat' dir='ltr'><strong>Simul</strong></span> <span class='ocrx_word' id='word_1_322' title='bbox 2159 1963 2215 2009; x_wconf 92' lang='lat' dir='ltr'><strong>et</strong></span> <span class='ocrx_word' id='word_1_323' title='bbox 2267 1954 2371 2010; x_wconf 92' lang='lat' dir='ltr'><strong>hoc</strong></span> <span class='ocrx_word' id='word_1_324' title='bbox 2427 1953 2706 2009; x_wconf 90' lang='lat' dir='ltr'><strong>sciendum</strong></span> <span class='ocrx_word' id='word_1_325' title='bbox 2751 1963 2858 2018; x_wconf 91' lang='lat' dir='ltr'><strong>est,</strong></span> <span class='ocrx_word' id='word_1_326' title='bbox 2896 1953 3039 2023; x_wconf 91' lang='lat' dir='ltr'><strong>quod</strong></span> <span class='ocrx_word' id='word_1_327' title='bbox 3087 1952 3135 2007; x_wconf 87' lang='lat' dir='ltr'><strong>si</strong></span> <span class='ocrx_word' id='word_1_328' title='bbox 3184 1952 3503 2007; x_wconf 87' lang='lat' dir='ltr'><strong>misericors</strong></span> 
     </span>
    </p>
   </div>
   <div class='ocr_carea' id='block_1_48' title="bbox 1936 2043 3500 2115">
    <p class='ocr_par' dir='ltr' id='par_1_48' title="bbox 1936 2043 3500 2115">
     <span class='ocr_line' id='line_1_48' title="bbox 1936 2043 3500 2115; baseline -0.001 -17"><span class='ocrx_word' id='word_1_329' title='bbox 1936 2046 2117 2100; x_wconf 86' lang='lat' dir='ltr'><strong>vincat</strong></span> <span class='ocrx_word' id='word_1_330' title='bbox 2146 2045 2409 2110; x_wconf 84' lang='lat' dir='ltr'><strong>invidum,</strong></span> <span class='ocrx_word' id='word_1_331' title='bbox 2443 2043 2560 2115; x_wconf 91' lang='lat' dir='ltr'><strong>ipse</strong></span> <span class='ocrx_word' id='word_1_332' title='bbox 2600 2044 2818 2113; x_wconf 86' lang='lat' dir='ltr'><strong>quidem</strong></span> <span class='ocrx_word' id='word_1_333' title='bbox 2859 2059 2964 2098; x_wconf 92' lang='lat' dir='ltr'><strong>non</strong></span> <span class='ocrx_word' id='word_1_334' title='bbox 3003 2044 3095 2098; x_wconf 88' lang='lat' dir='ltr'><strong>tlet</strong></span> <span class='ocrx_word' id='word_1_335' title='bbox 3124 2043 3367 2109; x_wconf 87' lang='lat' dir='ltr'><strong>invidus,</strong></span> <span class='ocrx_word' id='word_1_336' title='bbox 3402 2043 3500 2099; x_wconf 87' lang='lat' dir='ltr'><strong>sed</strong></span> 
     </span>
    </p>
   </div>
   <div class='ocr_carea' id='block_1_49' title="bbox 1938 2135 3495 2208">
    <p class='ocr_par' dir='ltr' id='par_1_49' title="bbox 1938 2135 3495 2208">
     <span class='ocr_line' id='line_1_49' title="bbox 1938 2135 3495 2208; baseline -0.003 -15"><span class='ocrx_word' id='word_1_337' title='bbox 1938 2138 2090 2194; x_wconf 89' lang='lat' dir='ltr'><strong>illum</strong></span> <span class='ocrx_word' id='word_1_338' title='bbox 2127 2136 2538 2194; x_wconf 89' lang='lat' dir='ltr'><strong>misericordem</strong></span> <span class='ocrx_word' id='word_1_339' title='bbox 2570 2137 2752 2208; x_wconf 85' lang='lat' dir='ltr'><strong>potius</strong></span> <span class='ocrx_word' id='word_1_340' title='bbox 2780 2136 2941 2190; x_wconf 78' lang='lat' dir='ltr'><strong>faciet</strong></span> <span class='ocrx_word' id='word_1_341' title='bbox 2976 2135 3068 2205; x_wconf 92' lang='lat' dir='ltr'><strong>qui</strong></span> <span class='ocrx_word' id='word_1_342' title='bbox 3113 2144 3230 2189; x_wconf 83' lang='lat' dir='ltr'><strong>erat</strong></span> <span class='ocrx_word' id='word_1_343' title='bbox 3256 2135 3495 2191; x_wconf 86' lang='lat' dir='ltr'><strong>invidus.</strong></span> 
     </span>
    </p>
   </div>
   <div class='ocr_carea' id='block_1_50' title="bbox 2009 2313 3503 2387">
    <p class='ocr_par' dir='ltr' id='par_1_50' title="bbox 2009 2313 3503 2387">
     <span class='ocr_line' id='line_1_50' title="bbox 2009 2313 3503 2387; baseline -0.001 -16"><span class='ocrx_word' id='word_1_344' title='bbox 2009 2321 2054 2352; x_wconf 77' lang='lat'><strong>°°</strong></span> <span class='ocrx_word' id='word_1_345' title='bbox 2093 2317 2150 2373; x_wconf 76' lang='lat' dir='ltr'><strong>Si</strong></span> <span class='ocrx_word' id='word_1_346' title='bbox 2201 2317 2539 2387; x_wconf 87' lang='lat' dir='ltr'><strong>impietatem</strong></span> <span class='ocrx_word' id='word_1_347' title='bbox 2588 2330 2744 2372; x_wconf 88' lang='lat' dir='ltr'><strong>suam</strong></span> <span class='ocrx_word' id='word_1_348' title='bbox 2795 2315 3068 2387; x_wconf 88' lang='lat' dir='ltr'><strong>deponent</strong></span> <span class='ocrx_word' id='word_1_349' title='bbox 3138 2314 3314 2384; x_wconf 89' lang='lat' dir='ltr'><strong>impii,</strong></span> <span class='ocrx_word' id='word_1_350' title='bbox 3368 2313 3503 2382; x_wconf 82' lang='lat' dir='ltr'><strong>justi</strong></span> 
     </span>
    </p>
   </div>
   <div class='ocr_carea' id='block_1_51' title="bbox 1939 2404 3504 2478">
    <p class='ocr_par' dir='ltr' id='par_1_51' title="bbox 1939 2404 3504 2478">
     <span class='ocr_line' id='line_1_51' title="bbox 1939 2404 3504 2478; baseline -0.004 -13"><span class='ocrx_word' id='word_1_351' title='bbox 1939 2410 2091 2465; x_wconf 83' lang='lat' dir='ltr'><strong>ﬁent.</strong></span> <span class='ocrx_word' id='word_1_352' title='bbox 2122 2407 2256 2462; x_wconf 87' lang='lat' dir='ltr'><strong>Nam</strong></span> <span class='ocrx_word' id='word_1_353' title='bbox 2288 2408 2519 2478; x_wconf 86' lang='lat' dir='ltr'><strong>perditio</strong></span> <span class='ocrx_word' id='word_1_354' title='bbox 2540 2408 2645 2463; x_wconf 91' lang='lat' dir='ltr'><strong>hoc</strong></span> <span class='ocrx_word' id='word_1_355' title='bbox 2668 2408 2807 2472; x_wconf 89' lang='lat' dir='ltr'><strong>loco,</strong></span> <span class='ocrx_word' id='word_1_356' title='bbox 2844 2405 3146 2476; x_wconf 88' lang='lat' dir='ltr'><strong>iniquitatis</strong></span> <span class='ocrx_word' id='word_1_357' title='bbox 3183 2404 3504 2460; x_wconf 66' lang='lat' dir='ltr'><strong>exstinctis-</strong></span> 
     </span>
    </p>
   </div>
   <div class='ocr_carea' id='block_1_52' title="bbox 1940 2495 3500 2572">
    <p class='ocr_par' dir='ltr' id='par_1_52' title="bbox 1940 2495 3500 2572">
     <span class='ocr_line' id='line_1_52' title="bbox 1940 2495 3500 2572; baseline -0.006 -13"><span class='ocrx_word' id='word_1_358' title='bbox 1940 2517 2059 2559; x_wconf 86' lang='lat' dir='ltr'><strong>nem</strong></span> <span class='ocrx_word' id='word_1_359' title='bbox 2090 2500 2375 2572; x_wconf 83' lang='lat' dir='ltr'><strong>signiﬁcat.</strong></span> <span class='ocrx_word' id='word_1_360' title='bbox 2407 2499 2498 2553; x_wconf 89' lang='lat' dir='ltr'><strong>Sic</strong></span> <span class='ocrx_word' id='word_1_361' title='bbox 2529 2497 2839 2552; x_wconf 71' lang='lat' dir='ltr'><strong>Matthaeum</strong></span> <span class='ocrx_word' id='word_1_362' title='bbox 2885 2497 2953 2552; x_wconf 90' lang='lat' dir='ltr'><strong>de</strong></span> <span class='ocrx_word' id='word_1_363' title='bbox 2995 2495 3198 2551; x_wconf 90' lang='lat' dir='ltr'><strong>telonio</strong></span> <span class='ocrx_word' id='word_1_364' title='bbox 3236 2495 3500 2550; x_wconf 84' lang='lat' dir='ltr'><strong>extermi-</strong></span> 
     </span>
    </p>
   </div>
   <div class='ocr_carea' id='block_1_53' title="bbox 1938 2587 3506 2661">
    <p class='ocr_par' dir='ltr' id='par_1_53' title="bbox 1938 2587 3506 2661">
     <span class='ocr_line' id='line_1_53' title="bbox 1938 2587 3506 2661; baseline -0.006 -11"><span class='ocrx_word' id='word_1_365' title='bbox 1938 2607 2125 2651; x_wconf 89' lang='lat' dir='ltr'><strong>natum</strong></span> <span class='ocrx_word' id='word_1_366' title='bbox 2184 2594 2447 2649; x_wconf 90' lang='lat' dir='ltr'><strong>Dominus</strong></span> <span class='ocrx_word' id='word_1_367' title='bbox 2499 2590 2712 2661; x_wconf 78' lang='lat' dir='ltr'><strong>iustitia</strong></span> <span class='ocrx_word' id='word_1_368' title='bbox 2782 2589 3025 2646; x_wconf 87' lang='lat' dir='ltr'><strong>donavit.</strong></span> <span class='ocrx_word' id='word_1_369' title='bbox 3075 2587 3506 2659; x_wconf 79' lang='lat' dir='ltr'><strong>Multiplicantur</strong></span> 
     </span>
    </p>
   </div>
   <div class='ocr_carea' id='block_1_54' title="bbox 1939 2683 3506 2759">
    <p class='ocr_par' dir='ltr' id='par_1_54' title="bbox 1939 2683 3506 2759">
     <span class='ocr_line' id='line_1_54' title="bbox 1939 2683 3506 2759; baseline -0.006 -14"><span class='ocrx_word' id='word_1_370' title='bbox 1939 2691 2085 2745; x_wconf 89' lang='lat' dir='ltr'><strong>enim</strong></span> <span class='ocrx_word' id='word_1_371' title='bbox 2131 2689 2287 2759; x_wconf 85' lang='lat' dir='ltr'><strong>justi,</strong></span> <span class='ocrx_word' id='word_1_372' title='bbox 2338 2703 2462 2743; x_wconf 92' lang='lat' dir='ltr'><strong>cum</strong></span> <span class='ocrx_word' id='word_1_373' title='bbox 2512 2687 2661 2756; x_wconf 90' lang='lat' dir='ltr'><strong>impii</strong></span> <span class='ocrx_word' id='word_1_374' title='bbox 2718 2686 3054 2756; x_wconf 87' lang='lat' dir='ltr'><strong>impietatem</strong></span> <span class='ocrx_word' id='word_1_375' title='bbox 3097 2683 3402 2749; x_wconf 89' lang='lat' dir='ltr'><strong>omiserint,</strong></span> <span class='ocrx_word' id='word_1_376' title='bbox 3448 2691 3506 2739; x_wconf 91' lang='lat' dir='ltr'><strong>et</strong></span> 
     </span>
    </p>
   </div>
   <div class='ocr_carea' id='block_1_55' title="bbox 1939 2775 3509 2852">
    <p class='ocr_par' dir='ltr' id='par_1_55' title="bbox 1939 2775 3509 2852">
     <span class='ocr_line' id='line_1_55' title="bbox 1939 2775 3509 2852; baseline -0.006 -13"><span class='ocrx_word' id='word_1_377' title='bbox 1939 2781 2243 2850; x_wconf 87' lang='lat' dir='ltr'><strong>cumjustis</strong></span> <span class='ocrx_word' id='word_1_378' title='bbox 2276 2780 2409 2852; x_wconf 86' lang='lat' dir='ltr'><strong>justi</strong></span> <span class='ocrx_word' id='word_1_379' title='bbox 2465 2779 2613 2835; x_wconf 83' lang='lat' dir='ltr'><strong>ﬁent.</strong></span> <span class='ocrx_word' id='word_1_380' title='bbox 2668 2778 2891 2833; x_wconf 89' lang='lat' dir='ltr'><strong>Interim</strong></span> <span class='ocrx_word' id='word_1_381' title='bbox 2936 2784 3160 2847; x_wconf 83' lang='lat' dir='ltr'><strong>gemunt</strong></span> <span class='ocrx_word' id='word_1_382' title='bbox 3209 2775 3509 2843; x_wconf 83' lang='lat' dir='ltr'><strong>dolentque</strong></span> 
     </span>
    </p>
   </div>
   <div class='ocr_carea' id='block_1_56' title="bbox 255 2867 1839 2944">
    <p class='ocr_par' dir='ltr' id='par_1_56' title="bbox 255 2868 1834 2941">
     <span class='ocr_line' id='line_1_56' title="bbox 255 2868 1834 2941; baseline -0.001 -18"><span class='ocrx_word' id='word_1_383' title='bbox 255 2870 436 2933; x_wconf 85' lang='grc' dir='ltr'>καίοις</span> <span class='ocrx_word' id='word_1_384' title='bbox 464 2872 783 2941; x_wconf 88' lang='grc' dir='ltr'>γενήσονται</span> <span class='ocrx_word' id='word_1_385' title='bbox 815 2870 1012 2924; x_wconf 90' lang='grc' dir='ltr'>δίκαιοι</span> <span class='ocrx_word' id='word_1_386' title='bbox 1032 2887 1046 2900; x_wconf 90' lang='grc'><strong>·</strong></span> <span class='ocrx_word' id='word_1_387' title='bbox 1077 2868 1321 2923; x_wconf 82' lang='grc' dir='ltr'>στένουσι</span> <span class='ocrx_word' id='word_1_388' title='bbox 1351 2870 1409 2923; x_wconf 82' lang='grc' dir='ltr'>δὲ</span> <span class='ocrx_word' id='word_1_389' title='bbox 1433 2869 1527 2925; x_wconf 80' lang='grc' dir='ltr'>καὶ</span> <span class='ocrx_word' id='word_1_390' title='bbox 1558 2873 1607 2923; x_wconf 92' lang='grc' dir='ltr'><strong>οί</strong></span> <span class='ocrx_word' id='word_1_391' title='bbox 1640 2870 1834 2923; x_wconf 88' lang='grc' dir='ltr'>δίκαιοι</span> 
     </span>
    </p>
   </div>
   <div class='ocr_carea' id='block_1_57' title="bbox 1950 2867 3507 2944">
    <p class='ocr_par' dir='ltr' id='par_1_57' title="bbox 1950 2867 3507 2944">
     <span class='ocr_line' id='line_1_57' title="bbox 1950 2867 3507 2944; baseline -0.004 -15"><span class='ocrx_word' id='word_1_392' title='bbox 1950 2873 2093 2940; x_wconf 85' lang='lat' dir='ltr'><strong>iusti,</strong></span> <span class='ocrx_word' id='word_1_393' title='bbox 2124 2874 2363 2944; x_wconf 89' lang='lat' dir='ltr'><strong>quandiu</strong></span> <span class='ocrx_word' id='word_1_394' title='bbox 2394 2872 2587 2941; x_wconf 88' lang='lat' dir='ltr'><strong>impios</strong></span> <span class='ocrx_word' id='word_1_395' title='bbox 2612 2871 2803 2926; x_wconf 89' lang='lat' dir='ltr'><strong>vident</strong></span> <span class='ocrx_word' id='word_1_396' title='bbox 2832 2868 2888 2925; x_wconf 92' lang='lat' dir='ltr'><strong>in</strong></span> <span class='ocrx_word' id='word_1_397' title='bbox 2917 2867 3212 2939; x_wconf 86' lang='lat' dir='ltr'><strong>impietatis</strong></span> <span class='ocrx_word' id='word_1_398' title='bbox 3235 2867 3353 2924; x_wconf 84' lang='lat' dir='ltr'><strong>loco</strong></span> <span class='ocrx_word' id='word_1_399' title='bbox 3373 2882 3507 2923; x_wconf 78' lang='lat' dir='ltr'><strong>con-</strong></span> 
     </span>
    </p>
   </div>
   <div class='ocr_carea' id='block_1_58' title="bbox 214 2962 1836 3035">
    <p class='ocr_par' dir='ltr' id='par_1_58' title="bbox 214 2962 1836 3035">
     <span class='ocr_line' id='line_1_58' title="bbox 214 2962 1836 3035; baseline -0.001 -19"><span class='ocrx_word' id='word_1_400' title='bbox 214 2973 225 2985; x_wconf 87' lang='lat'><strong>‘</strong></span> <span class='ocrx_word' id='word_1_401' title='bbox 253 2964 351 3016; x_wconf 76' lang='grc' dir='ltr'><strong>καὶ</strong></span> <span class='ocrx_word' id='word_1_402' title='bbox 393 2963 721 3027; x_wconf 84' lang='grc' dir='ltr'>όδυνῶνται,</span> <span class='ocrx_word' id='word_1_403' title='bbox 754 2962 985 3035; x_wconf 86' lang='grc' dir='ltr'>ὁρῶντες</span> <span class='ocrx_word' id='word_1_404' title='bbox 1025 2964 1152 3026; x_wconf 86' lang='grc' dir='ltr'>τοὺς</span> <span class='ocrx_word' id='word_1_405' title='bbox 1194 2962 1408 3025; x_wconf 85' lang='grc' dir='ltr'>ἀσεϐεῖς</span> <span class='ocrx_word' id='word_1_406' title='bbox 1436 2963 1495 3015; x_wconf 88' lang='grc' dir='ltr'>ὲν</span> <span class='ocrx_word' id='word_1_407' title='bbox 1531 2963 1681 3034; x_wconf 83' lang='grc' dir='ltr'>τόπῳ</span> <span class='ocrx_word' id='word_1_408' title='bbox 1734 2963 1836 3033; x_wconf 83' lang='grc' dir='ltr'>τῆς</span> 
     </span>
    </p>
   </div>
   <div class='ocr_carea' id='block_1_59' title="bbox 255 3051 1557 3127">
    <p class='ocr_par' dir='ltr' id='par_1_59' title="bbox 255 3051 1557 3127">
     <span class='ocr_line' id='line_1_59' title="bbox 255 3051 1557 3127; baseline 0.002 -22"><span class='ocrx_word' id='word_1_409' title='bbox 255 3053 516 3118; x_wconf 80' lang='grc' dir='ltr'>ἀσεϐείας</span> <span class='ocrx_word' id='word_1_410' title='bbox 547 3054 884 3125; x_wconf 81' lang='grc' dir='ltr'>ἱσταμένους,</span> <span class='ocrx_word' id='word_1_411' title='bbox 913 3054 1006 3108; x_wconf 80' lang='grc' dir='ltr'><strong>καὶ</strong></span> <span class='ocrx_word' id='word_1_412' title='bbox 1038 3055 1112 3127; x_wconf 84' lang='grc' dir='ltr'>μὴ</span> <span class='ocrx_word' id='word_1_413' title='bbox 1142 3051 1557 3125; x_wconf 86' lang='grc' dir='ltr'>μετανοοῦντας.</span> 
     </span>
    </p>
   </div>
   <div class='ocr_carea' id='block_1_60' title="bbox 1940 2961 2868 3035">
    <p class='ocr_par' dir='ltr' id='par_1_60' title="bbox 1940 2961 2868 3035">
     <span class='ocr_line' id='line_1_60' title="bbox 1940 2961 2868 3035; baseline -0.006 -13"><span class='ocrx_word' id='word_1_414' title='bbox 1940 2965 2157 3035; x_wconf 87' lang='lat' dir='ltr'><strong>sistere,</strong></span> <span class='ocrx_word' id='word_1_415' title='bbox 2181 2975 2236 3021; x_wconf 89' lang='lat' dir='ltr'><strong>et</strong></span> <span class='ocrx_word' id='word_1_416' title='bbox 2259 2964 2495 3022; x_wconf 89' lang='lat' dir='ltr'><strong>nondum</strong></span> <span class='ocrx_word' id='word_1_417' title='bbox 2524 2961 2868 3032; x_wconf 87' lang='lat' dir='ltr'><strong>resipiscere.</strong></span> 
     </span>
    </p>
   </div>
   <div class='ocr_carea' id='block_1_61' title="bbox 1686 3170 2075 3229">
    <p class='ocr_par' dir='ltr' id='par_1_61' title="bbox 1686 3170 2075 3229">
     <span class='ocr_line' id='line_1_61' title="bbox 1686 3170 2075 3229; baseline 0 0"><span class='ocrx_word' id='word_1_418' title='bbox 1686 3170 1840 3229; x_wconf 88' lang='lat' dir='ltr'><strong>CAP.</strong></span> <span class='ocrx_word' id='word_1_419' title='bbox 1879 3172 2075 3229; x_wconf 78' lang='lat' dir='ltr'><strong>XXIX.</strong></span> 
     </span>
    </p>
   </div>
   <div class='ocr_carea' id='block_1_62' title="bbox 328 3279 1839 3366">
    <p class='ocr_par' dir='ltr' id='par_1_62' title="bbox 328 3284 1836 3366">
     <span class='ocr_line' id='line_1_62' title="bbox 328 3284 1836 3366; baseline 0.003 -25"><span class='ocrx_word' id='word_1_420' title='bbox 328 3284 618 3356; x_wconf 77' lang='grc' dir='ltr'>Κρείσσων</span> <span class='ocrx_word' id='word_1_421' title='bbox 660 3287 771 3360; x_wconf 88' lang='grc' dir='ltr'>γὰρ</span> <span class='ocrx_word' id='word_1_422' title='bbox 815 3290 957 3361; x_wconf 81' lang='grc' dir='ltr'>ἀνὴρ</span> <span class='ocrx_word' id='word_1_423' title='bbox 1002 3292 1031 3345; x_wconf 98' lang='lat'><strong>6</strong></span> <span class='ocrx_word' id='word_1_424' title='bbox 1072 3291 1131 3345; x_wconf 87' lang='grc' dir='ltr'><strong>ἐν</strong></span> <span class='ocrx_word' id='word_1_425' title='bbox 1180 3293 1400 3366; x_wconf 83' lang='grc' dir='ltr'>παιδείᾳ</span> <span class='ocrx_word' id='word_1_426' title='bbox 1440 3294 1536 3349; x_wconf 74' lang='grc' dir='ltr'><strong>καὶ</strong></span> <span class='ocrx_word' id='word_1_427' title='bbox 1586 3292 1836 3365; x_wconf 81' lang='grc' dir='ltr'>νουθεσίᾳ</span> 
     </span>
    </p>
   </div>
   <div class='ocr_carea' id='block_1_63' title="bbox 1950 3279 3510 3366">
    <p class='ocr_par' dir='ltr' id='par_1_63' title="bbox 2011 3279 3510 3360">
     <span class='ocr_line' id='line_1_63' title="bbox 2011 3279 3510 3360; baseline -0.009 -11"><span class='ocrx_word' id='word_1_428' title='bbox 2011 3294 2052 3327; x_wconf 80' lang='grc'><strong>⁸⁸</strong></span> <span class='ocrx_word' id='word_1_429' title='bbox 2079 3292 2268 3349; x_wconf 77' lang='lat' dir='ltr'><strong>Melior</strong></span> <span class='ocrx_word' id='word_1_430' title='bbox 2288 3299 2371 3348; x_wconf 86' lang='lat' dir='ltr'><strong>est</strong></span> <span class='ocrx_word' id='word_1_431' title='bbox 2396 3290 2541 3351; x_wconf 87' lang='lat' dir='ltr'><strong>enim</strong></span> <span class='ocrx_word' id='word_1_432' title='bbox 2557 3288 2645 3344; x_wconf 87' lang='lat' dir='ltr'><strong>vir</strong></span> <span class='ocrx_word' id='word_1_433' title='bbox 2665 3288 2757 3360; x_wconf 91' lang='lat' dir='ltr'><strong>qui</strong></span> <span class='ocrx_word' id='word_1_434' title='bbox 2774 3302 2896 3343; x_wconf 90' lang='lat' dir='ltr'><strong>cum</strong></span> <span class='ocrx_word' id='word_1_435' title='bbox 2922 3284 3203 3357; x_wconf 90' lang='lat' dir='ltr'><strong>disciplina</strong></span> <span class='ocrx_word' id='word_1_436' title='bbox 3218 3291 3269 3339; x_wconf 89' lang='lat' dir='ltr'><strong>et</strong></span> <span class='ocrx_word' id='word_1_437' title='bbox 3288 3279 3510 3339; x_wconf 86' lang='lat' dir='ltr'><strong>monitis</strong></span> 
     </span>
    </p>
   </div>
   <div class='ocr_carea' id='block_1_64' title="bbox 252 3378 1838 3458">
    <p class='ocr_par' dir='ltr' id='par_1_64' title="bbox 252 3378 1838 3458">
     <span class='ocr_line' id='line_1_64' title="bbox 252 3378 1838 3458; baseline 0.006 -29"><span class='ocrx_word' id='word_1_438' title='bbox 252 3378 469 3449; x_wconf 80' lang='grc' dir='ltr'>Κυρίου</span> <span class='ocrx_word' id='word_1_439' title='bbox 510 3378 769 3451; x_wconf 75' lang='grc' dir='ltr'>ἐλέγχων,</span> <span class='ocrx_word' id='word_1_440' title='bbox 812 3383 846 3452; x_wconf 81' lang='grc' dir='ltr'><strong>ἢ</strong></span> <span class='ocrx_word' id='word_1_441' title='bbox 880 3386 909 3436; x_wconf 88' lang='lat'><strong>6</strong></span> <span class='ocrx_word' id='word_1_442' title='bbox 947 3383 1005 3436; x_wconf 77' lang='grc' dir='ltr'><strong>ἐν</strong></span> <span class='ocrx_word' id='word_1_443' title='bbox 1048 3384 1258 3456; x_wconf 81' lang='grc' dir='ltr'>σκληρᾷ</span> <span class='ocrx_word' id='word_1_444' title='bbox 1307 3385 1505 3458; x_wconf 78' lang='grc' dir='ltr'>καρδίᾳ</span> <span class='ocrx_word' id='word_1_445' title='bbox 1556 3385 1838 3457; x_wconf 85' lang='grc' dir='ltr'>παραινῶν</span> 
     </span>
    </p>
   </div>
   <div class='ocr_carea' id='block_1_65' title="bbox 257 3470 1839 3549">
    <p class='ocr_par' dir='ltr' id='par_1_65' title="bbox 257 3470 1839 3549">
     <span class='ocr_line' id='line_1_65' title="bbox 257 3470 1839 3549; baseline 0.006 -28"><span class='ocrx_word' id='word_1_446' title='bbox 257 3470 357 3522; x_wconf 64' lang='grc' dir='ltr'><strong>κει)⁸</strong></span> <span class='ocrx_word' id='word_1_447' title='bbox 401 3470 830 3543; x_wconf 82' lang='grc' dir='ltr'>ὑπισχνούμενος</span> <span class='ocrx_word' id='word_1_448' title='bbox 870 3475 1273 3531; x_wconf 86' lang='grc' dir='ltr'>συναπολαῦσαι</span> <span class='ocrx_word' id='word_1_449' title='bbox 1316 3477 1464 3549; x_wconf 83' lang='grc' dir='ltr'>αὐτῷ</span> <span class='ocrx_word' id='word_1_450' title='bbox 1492 3477 1599 3531; x_wconf 91' lang='grc' dir='ltr'><strong>τῶν</strong></span> <span class='ocrx_word' id='word_1_451' title='bbox 1634 3479 1692 3531; x_wconf 83' lang='grc' dir='ltr'><strong>ἐν</strong></span> <span class='ocrx_word' id='word_1_452' title='bbox 1735 3494 1839 3531; x_wconf 82' lang='grc' dir='ltr'>κα-</span> 
     </span>
    </p>
   </div>
   <div class='ocr_carea' id='block_1_66' title="bbox 254 3558 1840 3640">
    <p class='ocr_par' dir='ltr' id='par_1_66' title="bbox 254 3558 1840 3640">
     <span class='ocr_line' id='line_1_66' title="bbox 254 3558 1840 3640; baseline 0.007 -29"><span class='ocrx_word' id='word_1_453' title='bbox 254 3558 389 3630; x_wconf 76' lang='grc' dir='ltr'>κίᾳο</span> <span class='ocrx_word' id='word_1_454' title='bbox 433 3559 695 3633; x_wconf 81' lang='grc' dir='ltr'>ἐξαπίνης</span> <span class='ocrx_word' id='word_1_455' title='bbox 726 3562 835 3634; x_wconf 85' lang='grc' dir='ltr'>γὰρ</span> <span class='ocrx_word' id='word_1_456' title='bbox 876 3563 1208 3638; x_wconf 84' lang='grc' dir='ltr'>φλεγομένου</span> <span class='ocrx_word' id='word_1_457' title='bbox 1252 3568 1417 3621; x_wconf 83' lang='grc' dir='ltr'>αὐτοῦ</span> <span class='ocrx_word' id='word_1_458' title='bbox 1451 3571 1509 3622; x_wconf 88' lang='grc' dir='ltr'><strong>ἐν</strong></span> <span class='ocrx_word' id='word_1_459' title='bbox 1553 3570 1620 3640; x_wconf 83' lang='grc' dir='ltr'>τῇ</span> <span class='ocrx_word' id='word_1_460' title='bbox 1664 3568 1840 3639; x_wconf 80' lang='grc' dir='ltr'>ὀρέξει</span> 
     </span>
    </p>
   </div>
   <div class='ocr_carea' id='block_1_67' title="bbox 257 3651 1840 3725">
    <p class='ocr_par' dir='ltr' id='par_1_67' title="bbox 257 3651 1840 3725">
     <span class='ocr_line' id='line_1_67' title="bbox 257 3651 1840 3725; baseline 0.006 -21"><span class='ocrx_word' id='word_1_461' title='bbox 257 3651 369 3705; x_wconf 90' lang='grc' dir='ltr'><strong>τῶν</strong></span> <span class='ocrx_word' id='word_1_462' title='bbox 403 3652 614 3718; x_wconf 90' lang='grc' dir='ltr'>παθῶν,</span> <span class='ocrx_word' id='word_1_463' title='bbox 636 3656 664 3707; x_wconf 90' lang='lat'><strong>6</strong></span> <span class='ocrx_word' id='word_1_464' title='bbox 692 3655 785 3708; x_wconf 73' lang='grc' dir='ltr'><strong>ἐπὶ</strong></span> <span class='ocrx_word' id='word_1_465' title='bbox 822 3656 1030 3722; x_wconf 87' lang='grc' dir='ltr'>πάντας</span> <span class='ocrx_word' id='word_1_466' title='bbox 1059 3658 1308 3725; x_wconf 86' lang='grc' dir='ltr'>θάνατος,</span> <span class='ocrx_word' id='word_1_467' title='bbox 1336 3660 1574 3714; x_wconf 85' lang='grc' dir='ltr'>ἐπελθὼν</span> <span class='ocrx_word' id='word_1_468' title='bbox 1604 3661 1696 3713; x_wconf 77' lang='grc' dir='ltr'><strong>ἐπὶ</strong></span> <span class='ocrx_word' id='word_1_469' title='bbox 1715 3662 1840 3723; x_wconf 81' lang='grc' dir='ltr'>τοὺς</span> 
     </span>
    </p>
   </div>
   <div class='ocr_carea' id='block_1_68' title="bbox 261 3743 1838 3823">
    <p class='ocr_par' dir='ltr' id='par_1_68' title="bbox 261 3743 1838 3823">
     <span class='ocr_line' id='line_1_68' title="bbox 261 3743 1838 3823; baseline 0.007 -28"><span class='ocrx_word' id='word_1_470' title='bbox 261 3745 383 3796; x_wconf 82' lang='grc' dir='ltr'>κατ’</span> <span class='ocrx_word' id='word_1_471' title='bbox 424 3743 603 3797; x_wconf 83' lang='grc' dir='ltr'>αὐτῶν</span> <span class='ocrx_word' id='word_1_472' title='bbox 630 3746 1079 3820; x_wconf 83' lang='grc' dir='ltr'>συμπράκτορας,</span> <span class='ocrx_word' id='word_1_473' title='bbox 1103 3749 1203 3803; x_wconf 84' lang='grc' dir='ltr'><strong>οὐκ</strong></span> <span class='ocrx_word' id='word_1_474' title='bbox 1230 3750 1376 3805; x_wconf 84' lang='grc' dir='ltr'>ἔστιν</span> <span class='ocrx_word' id='word_1_475' title='bbox 1424 3750 1564 3815; x_wconf 84' lang='grc' dir='ltr'>ῐασις</span> <span class='ocrx_word' id='word_1_476' title='bbox 1597 3753 1663 3821; x_wconf 84' lang='grc' dir='ltr'>τῇ</span> <span class='ocrx_word' id='word_1_477' title='bbox 1693 3750 1838 3823; x_wconf 79' lang='grc' dir='ltr'><strong>ψυχῇ</strong></span> 
     </span>
    </p>
   </div>
   <div class='ocr_carea' id='block_1_69' title="bbox 265 3831 1840 3913">
    <p class='ocr_par' dir='ltr' id='par_1_69' title="bbox 265 3831 1840 3913">
     <span class='ocr_line' id='line_1_69' title="bbox 265 3831 1840 3913; baseline 0.01 -26"><span class='ocrx_word' id='word_1_478' title='bbox 265 3833 477 3887; x_wconf 59' lang='grc' dir='ltr'>αὐτῶν</span> <span class='ocrx_word' id='word_1_479' title='bbox 520 3835 620 3888; x_wconf 84' lang='grc' dir='ltr'><strong>οὐκ</strong></span> <span class='ocrx_word' id='word_1_480' title='bbox 664 3831 818 3891; x_wconf 83' lang='grc' dir='ltr'>εἶπεν</span> <span class='ocrx_word' id='word_1_481' title='bbox 864 3837 942 3903; x_wconf 77' lang='grc' dir='ltr'><strong>δὲ,</strong></span> <span class='ocrx_word' id='word_1_482' title='bbox 985 3840 1067 3892; x_wconf 81' lang='grc' dir='ltr'><strong>ὅτι</strong></span> <span class='ocrx_word' id='word_1_483' title='bbox 1097 3841 1455 3913; x_wconf 82' lang='grc' dir='ltr'>παυσαμένης</span> <span class='ocrx_word' id='word_1_484' title='bbox 1496 3841 1597 3911; x_wconf 85' lang='grc' dir='ltr'>τῆς</span> <span class='ocrx_word' id='word_1_485' title='bbox 1646 3840 1840 3910; x_wconf 79' lang='grc' dir='ltr'>φλογὸς</span> 
     </span>
    </p>
   </div>
   <div class='ocr_carea' id='block_1_70' title="bbox 264 3926 1841 4005">
    <p class='ocr_par' dir='ltr' id='par_1_70' title="bbox 264 3926 1841 4005">
     <span class='ocr_line' id='line_1_70' title="bbox 264 3926 1841 4005; baseline 0.004 -25"><span class='ocrx_word' id='word_1_486' title='bbox 264 3926 364 3981; x_wconf 81' lang='grc' dir='ltr'><strong>οὐκ</strong></span> <span class='ocrx_word' id='word_1_487' title='bbox 395 3927 550 3982; x_wconf 81' lang='grc' dir='ltr'>ἐσται</span> <span class='ocrx_word' id='word_1_488' title='bbox 590 3930 759 3995; x_wconf 80' lang='grc' dir='ltr'>ῑασις,</span> <span class='ocrx_word' id='word_1_489' title='bbox 792 3930 927 3985; x_wconf 88' lang='grc' dir='ltr'><strong>ἀλλά</strong></span> <span class='ocrx_word' id='word_1_490' title='bbox 976 3932 1305 4005; x_wconf 79' lang='grc' dir='ltr'>φλεγομένου</span> <span class='ocrx_word' id='word_1_491' title='bbox 1346 3934 1511 3987; x_wconf 83' lang='grc' dir='ltr'>αὑτοῦ</span> <span class='ocrx_word' id='word_1_492' title='bbox 1552 3934 1651 3987; x_wconf 77' lang='grc' dir='ltr'><strong>οὐκ</strong></span> <span class='ocrx_word' id='word_1_493' title='bbox 1691 3932 1841 3986; x_wconf 77' lang='grc' dir='ltr'>ἔσται</span> 
     </span>
    </p>
   </div>
   <div class='ocr_carea' id='block_1_71' title="bbox 268 4017 1845 4093">
    <p class='ocr_par' dir='ltr' id='par_1_71' title="bbox 268 4017 1845 4093">
     <span class='ocr_line' id='line_1_71' title="bbox 268 4017 1845 4093; baseline -0.003 -11"><span class='ocrx_word' id='word_1_494' title='bbox 268 4017 433 4084; x_wconf 70' lang='grc' dir='ltr'><strong>ἴασις,</strong></span> <span class='ocrx_word' id='word_1_495' title='bbox 477 4019 554 4083; x_wconf 81' lang='grc' dir='ltr'>ὡς</span> <span class='ocrx_word' id='word_1_496' title='bbox 584 4020 796 4091; x_wconf 75' lang='grc' dir='ltr'>ἔχοντος</span> <span class='ocrx_word' id='word_1_497' title='bbox 834 4022 1075 4093; x_wconf 89' lang='grc' dir='ltr'>δηλονότι</span> <span class='ocrx_word' id='word_1_498' title='bbox 1114 4023 1184 4078; x_wconf 84' lang='grc' dir='ltr'><strong>τὰ</strong></span> <span class='ocrx_word' id='word_1_499' title='bbox 1214 4025 1331 4079; x_wconf 90' lang='grc' dir='ltr'>τῶν.</span> <span class='ocrx_word' id='word_1_500' title='bbox 1352 4024 1540 4080; x_wconf 87' lang='grc' dir='ltr'>παθῶν</span> <span class='ocrx_word' id='word_1_501' title='bbox 1569 4023 1845 4078; x_wconf 73' lang='grc' dir='ltr'>ὑπεκκαύο</span> 
     </span>
    </p>
   </div>
   <div class='ocr_carea' id='block_1_72' title="bbox 270 4109 1844 4187">
    <p class='ocr_par' dir='ltr' id='par_1_72' title="bbox 270 4109 1844 4187">
     <span class='ocr_line' id='line_1_72' title="bbox 270 4109 1844 4187; baseline 0.003 -24"><span class='ocrx_word' id='word_1_502' title='bbox 270 4125 438 4181; x_wconf 73' lang='grc' dir='ltr'>ματα,</span> <span class='ocrx_word' id='word_1_503' title='bbox 465 4109 616 4177; x_wconf 78' lang='grc' dir='ltr'>ξύλα,</span> <span class='ocrx_word' id='word_1_504' title='bbox 659 4112 872 4185; x_wconf 85' lang='grc' dir='ltr'>χόρτον,</span> <span class='ocrx_word' id='word_1_505' title='bbox 902 4114 1186 4187; x_wconf 83' lang='grc' dir='ltr'>καλάμην·</span> <span class='ocrx_word' id='word_1_506' title='bbox 1224 4116 1383 4187; x_wconf 85' lang='grc' dir='ltr'>εἴπερ</span> <span class='ocrx_word' id='word_1_507' title='bbox 1418 4115 1514 4170; x_wconf 83' lang='grc' dir='ltr'><strong>καὶ</strong></span> <span class='ocrx_word' id='word_1_508' title='bbox 1551 4117 1663 4179; x_wconf 86' lang='grc' dir='ltr'>τοῖς</span> <span class='ocrx_word' id='word_1_509' title='bbox 1694 4130 1844 4168; x_wconf 89' lang='grc' dir='ltr'>καιο-</span> 
     </span>
    </p>
   </div>
   <div class='ocr_carea' id='block_1_73' title="bbox 271 4200 1842 4283">
    <p class='ocr_par' dir='ltr' id='par_1_73' title="bbox 271 4200 1842 4283">
     <span class='ocr_line' id='line_1_73' title="bbox 271 4200 1842 4283; baseline 0.008 -28"><span class='ocrx_word' id='word_1_510' title='bbox 271 4200 454 4273; x_wconf 80' lang='grc' dir='ltr'>μένοις</span> <span class='ocrx_word' id='word_1_511' title='bbox 490 4203 633 4277; x_wconf 88' lang='grc' dir='ltr'><strong>μετά</strong></span> <span class='ocrx_word' id='word_1_512' title='bbox 661 4204 753 4259; x_wconf 82' lang='grc' dir='ltr'><strong>τὸν</strong></span> <span class='ocrx_word' id='word_1_513' title='bbox 781 4208 1032 4280; x_wconf 82' lang='grc' dir='ltr'>καυτῆρα</span> <span class='ocrx_word' id='word_1_514' title='bbox 1058 4208 1302 4279; x_wconf 87' lang='grc' dir='ltr'>πέφυκεν</span> <span class='ocrx_word' id='word_1_515' title='bbox 1334 4212 1369 4283; x_wconf 87' lang='grc' dir='ltr'><strong>ή</strong></span> <span class='ocrx_word' id='word_1_516' title='bbox 1399 4209 1582 4280; x_wconf 85' lang='grc' dir='ltr'>ὑγίεια</span> <span class='ocrx_word' id='word_1_517' title='bbox 1612 4207 1842 4280; x_wconf 57' lang='grc' dir='ltr'>προσγίν</span> 
     </span>
    </p>
   </div>
   <div class='ocr_carea' id='block_1_74' title="bbox 266 4294 475 4351">
    <p class='ocr_par' dir='ltr' id='par_1_74' title="bbox 266 4294 475 4351">
     <span class='ocr_line' id='line_1_74' title="bbox 266 4294 475 4351; baseline 0.01 -2"><span class='ocrx_word' id='word_1_518' title='bbox 266 4294 475 4351; x_wconf 87' lang='grc' dir='ltr'>νεσθαι.</span> 
     </span>
    </p>
   </div>
   <div class='ocr_carea' id='block_1_75' title="bbox 353 4385 1846 4468">
    <p class='ocr_par' dir='ltr' id='par_1_75' title="bbox 353 4385 1846 4468">
     <span class='ocr_line' id='line_1_75' title="bbox 353 4385 1846 4468; baseline 0.007 -30"><span class='ocrx_word' id='word_1_519' title='bbox 353 4385 877 4458; x_wconf 79' lang='grc' dir='ltr'>Ἐγκωμιαζομένων</span> <span class='ocrx_word' id='word_1_520' title='bbox 899 4386 1010 4441; x_wconf 90' lang='grc' dir='ltr'><strong>τῶν</strong></span> <span class='ocrx_word' id='word_1_521' title='bbox 1036 4386 1271 4445; x_wconf 57' lang='grc' dir='ltr'>δικαίων»</span> <span class='ocrx_word' id='word_1_522' title='bbox 1285 4390 1390 4445; x_wconf 74' lang='grc' dir='ltr'><strong>ὑπὸ</strong></span> <span class='ocrx_word' id='word_1_523' title='bbox 1422 4392 1756 4468; x_wconf 74' lang='grc' dir='ltr'>τοῦκυρίου</span> <span class='ocrx_word' id='word_1_524' title='bbox 1787 4396 1846 4449; x_wconf 79' lang='grc' dir='ltr'><strong>ἐν</strong></span> 
     </span>
    </p>
   </div>
   <div class='ocr_carea' id='block_1_76' title="bbox 267 4477 1847 4556">
    <p class='ocr_par' dir='ltr' id='par_1_76' title="bbox 267 4477 1847 4556">
     <span class='ocr_line' id='line_1_76' title="bbox 267 4477 1847 4556; baseline 0.006 -25"><span class='ocrx_word' id='word_1_525' title='bbox 267 4479 336 4548; x_wconf 77' lang='grc' dir='ltr'>τῇ</span> <span class='ocrx_word' id='word_1_526' title='bbox 379 4478 477 4548; x_wconf 86' lang='grc' dir='ltr'>τῆς</span> <span class='ocrx_word' id='word_1_527' title='bbox 519 4478 752 4549; x_wconf 88' lang='grc' dir='ltr'>κρίσεως</span> <span class='ocrx_word' id='word_1_528' title='bbox 796 4477 1010 4552; x_wconf 80' lang='grc' dir='ltr'>ἡμέρᾳ,</span> <span class='ocrx_word' id='word_1_529' title='bbox 1052 4481 1099 4533; x_wconf 78' lang='grc' dir='ltr'>οἱ</span> <span class='ocrx_word' id='word_1_530' title='bbox 1135 4482 1232 4553; x_wconf 80' lang='grc' dir='ltr'>τῆς</span> <span class='ocrx_word' id='word_1_531' title='bbox 1258 4482 1438 4537; x_wconf 84' lang='grc' dir='ltr'>αὐτῶν</span> <span class='ocrx_word' id='word_1_532' title='bbox 1474 4485 1689 4556; x_wconf 88' lang='grc' dir='ltr'>μερίδος</span> <span class='ocrx_word' id='word_1_533' title='bbox 1728 4487 1847 4541; x_wconf 77' lang='grc' dir='ltr'>λαοὶ</span> 
     </span>
    </p>
   </div>
   <div class='ocr_carea' id='block_1_77' title="bbox 270 4566 1847 4648">
    <p class='ocr_par' dir='ltr' id='par_1_77' title="bbox 270 4566 1847 4648">
     <span class='ocr_line' id='line_1_77' title="bbox 270 4566 1847 4648; baseline 0.008 -28"><span class='ocrx_word' id='word_1_534' title='bbox 270 4566 769 4639; x_wconf 76' lang='grc' dir='ltr'>εὐφρανθήσονται·</span> <span class='ocrx_word' id='word_1_535' title='bbox 816 4570 930 4623; x_wconf 84' lang='grc' dir='ltr'>ὅσοι</span> <span class='ocrx_word' id='word_1_536' title='bbox 977 4570 1039 4629; x_wconf 75' lang='grc' dir='ltr'><strong>δέ,</strong></span> <span class='ocrx_word' id='word_1_537' title='bbox 1075 4573 1212 4627; x_wconf 76' lang='grc' dir='ltr'>εἰσιν</span> <span class='ocrx_word' id='word_1_538' title='bbox 1253 4573 1357 4628; x_wconf 85' lang='grc' dir='ltr'>ὑπὸ</span> <span class='ocrx_word' id='word_1_539' title='bbox 1399 4574 1498 4640; x_wconf 81' lang='grc' dir='ltr'>τὰς</span> <span class='ocrx_word' id='word_1_540' title='bbox 1532 4577 1705 4648; x_wconf 64' lang='grc' dir='ltr'>ἀρχὰς</span> <span class='ocrx_word' id='word_1_541' title='bbox 1754 4578 1847 4637; x_wconf 82' lang='grc' dir='ltr'><strong>καὶ</strong></span> 
     </span>
    </p>
   </div>
   <div class='ocr_carea' id='block_1_78' title="bbox 1944 3371 3511 3453">
    <p class='ocr_par' dir='ltr' id='par_1_78' title="bbox 1944 3371 3511 3453">
     <span class='ocr_line' id='line_1_78' title="bbox 1944 3371 3511 3453; baseline -0.008 -13"><span class='ocrx_word' id='word_1_542' title='bbox 1944 3383 2158 3441; x_wconf 92' lang='lat' dir='ltr'><strong>Domini</strong></span> <span class='ocrx_word' id='word_1_543' title='bbox 2188 3379 2559 3453; x_wconf 85' lang='lat' dir='ltr'><strong>reprehendit,</strong></span> <span class='ocrx_word' id='word_1_544' title='bbox 2590 3392 2753 3448; x_wconf 91' lang='lat' dir='ltr'><strong>quam</strong></span> <span class='ocrx_word' id='word_1_545' title='bbox 2782 3376 2876 3447; x_wconf 90' lang='lat' dir='ltr'><strong>qui</strong></span> <span class='ocrx_word' id='word_1_546' title='bbox 2908 3377 3047 3431; x_wconf 90' lang='lat' dir='ltr'><strong>duro</strong></span> <span class='ocrx_word' id='word_1_547' title='bbox 3076 3372 3239 3433; x_wconf 85' lang='lat' dir='ltr'><strong>corde</strong></span> <span class='ocrx_word' id='word_1_548' title='bbox 3287 3371 3511 3427; x_wconf 87' lang='lat' dir='ltr'><strong>animos</strong></span> 
     </span>
    </p>
   </div>
   <div class='ocr_carea' id='block_1_79' title="bbox 1942 3461 3510 3547">
    <p class='ocr_par' dir='ltr' id='par_1_79' title="bbox 1942 3461 3510 3547">
     <span class='ocr_line' id='line_1_79' title="bbox 1942 3461 3510 3547; baseline -0.013 -14"><span class='ocrx_word' id='word_1_549' title='bbox 1942 3474 2217 3547; x_wconf 91' lang='lat' dir='ltr'><strong>peccatori</strong></span> <span class='ocrx_word' id='word_1_550' title='bbox 2249 3472 2417 3535; x_wconf 90' lang='lat' dir='ltr'><strong>addit,</strong></span> <span class='ocrx_word' id='word_1_551' title='bbox 2449 3469 2776 3541; x_wconf 89' lang='lat' dir='ltr'><strong>promittens</strong></span> <span class='ocrx_word' id='word_1_552' title='bbox 2800 3467 3027 3536; x_wconf 89' lang='lat' dir='ltr'><strong>insuper</strong></span> <span class='ocrx_word' id='word_1_553' title='bbox 3053 3479 3111 3520; x_wconf 90' lang='lat' dir='ltr'><strong>se</strong></span> <span class='ocrx_word' id='word_1_554' title='bbox 3136 3463 3254 3520; x_wconf 78' lang='lat' dir='ltr'><strong>fore</strong></span> <span class='ocrx_word' id='word_1_555' title='bbox 3275 3461 3325 3519; x_wconf 92' lang='lat' dir='ltr'><strong>ei</strong></span> <span class='ocrx_word' id='word_1_556' title='bbox 3352 3462 3510 3521; x_wconf 86' lang='lat' dir='ltr'><strong>soda-</strong></span> 
     </span>
    </p>
   </div>
   <div class='ocr_carea' id='block_1_80' title="bbox 1943 3554 3512 3638">
    <p class='ocr_par' dir='ltr' id='par_1_80' title="bbox 1943 3554 3512 3638">
     <span class='ocr_line' id='line_1_80' title="bbox 1943 3554 3512 3638; baseline -0.01 -16"><span class='ocrx_word' id='word_1_557' title='bbox 1943 3568 2050 3624; x_wconf 89' lang='lat' dir='ltr'><strong>lem</strong></span> <span class='ocrx_word' id='word_1_558' title='bbox 2083 3565 2263 3638; x_wconf 88' lang='lat' dir='ltr'><strong>gaudii</strong></span> <span class='ocrx_word' id='word_1_559' title='bbox 2314 3564 2464 3619; x_wconf 90' lang='lat' dir='ltr'><strong>mali.</strong></span> <span class='ocrx_word' id='word_1_560' title='bbox 2502 3563 2748 3633; x_wconf 82' lang='lat' dir='ltr'><strong>Repente</strong></span> <span class='ocrx_word' id='word_1_561' title='bbox 2797 3558 2965 3623; x_wconf 89' lang='lat' dir='ltr'><strong>enim,</strong></span> <span class='ocrx_word' id='word_1_562' title='bbox 3015 3558 3147 3614; x_wconf 77' lang='lat' dir='ltr'><strong>dum,</strong></span> <span class='ocrx_word' id='word_1_563' title='bbox 3182 3554 3275 3611; x_wconf 90' lang='lat' dir='ltr'><strong>ille</strong></span> <span class='ocrx_word' id='word_1_564' title='bbox 3306 3554 3359 3609; x_wconf 92' lang='lat' dir='ltr'><strong>in</strong></span> <span class='ocrx_word' id='word_1_565' title='bbox 3386 3566 3512 3622; x_wconf 82' lang='lat' dir='ltr'><strong>pas-</strong></span> 
     </span>
    </p>
   </div>
   <div class='ocr_carea' id='block_1_81' title="bbox 1945 3648 3509 3728">
    <p class='ocr_par' dir='ltr' id='par_1_81' title="bbox 1945 3648 3509 3728">
     <span class='ocr_line' id='line_1_81' title="bbox 1945 3648 3509 3728; baseline -0.013 -11"><span class='ocrx_word' id='word_1_566' title='bbox 1945 3662 2160 3717; x_wconf 91' lang='lat' dir='ltr'><strong>sionum</strong></span> <span class='ocrx_word' id='word_1_567' title='bbox 2187 3658 2427 3728; x_wconf 88' lang='lat' dir='ltr'><strong>appetitu</strong></span> <span class='ocrx_word' id='word_1_568' title='bbox 2459 3662 2748 3721; x_wconf 65' lang='lat' dir='ltr'><strong>exaestuat,</strong></span> <span class='ocrx_word' id='word_1_569' title='bbox 2774 3653 2995 3711; x_wconf 86' lang='lat' dir='ltr'><strong>decreta</strong></span> <span class='ocrx_word' id='word_1_570' title='bbox 3020 3648 3270 3705; x_wconf 90' lang='lat' dir='ltr'><strong>omnibus</strong></span> <span class='ocrx_word' id='word_1_571' title='bbox 3310 3653 3509 3708; x_wconf 86' lang='lat' dir='ltr'><strong>morte,</strong></span> 
     </span>
    </p>
   </div>
   <div class='ocr_carea' id='block_1_82' title="bbox 1946 3733 3513 3824">
    <p class='ocr_par' dir='ltr' id='par_1_82' title="bbox 1946 3733 3513 3824">
     <span class='ocr_line' id='line_1_82' title="bbox 1946 3733 3513 3824; baseline -0.013 -17"><span class='ocrx_word' id='word_1_572' title='bbox 1946 3753 2231 3824; x_wconf 86' lang='lat' dir='ltr'><strong>ingruente</strong></span> <span class='ocrx_word' id='word_1_573' title='bbox 2269 3749 2385 3816; x_wconf 87' lang='lat' dir='ltr'><strong>ejus</strong></span> <span class='ocrx_word' id='word_1_574' title='bbox 2412 3746 2790 3815; x_wconf 89' lang='lat' dir='ltr'><strong>complicibus,</strong></span> <span class='ocrx_word' id='word_1_575' title='bbox 2832 3739 3044 3797; x_wconf 85' lang='lat' dir='ltr'><strong>medela</strong></span> <span class='ocrx_word' id='word_1_576' title='bbox 3092 3752 3199 3793; x_wconf 89' lang='lat' dir='ltr'><strong>non</strong></span> <span class='ocrx_word' id='word_1_577' title='bbox 3241 3733 3513 3804; x_wconf 87' lang='lat' dir='ltr'><strong>supererit</strong></span> 
     </span>
    </p>
   </div>
   <div class='ocr_carea' id='block_1_83' title="bbox 1947 3823 3512 3911">
    <p class='ocr_par' dir='ltr' id='par_1_83' title="bbox 1947 3823 3512 3911">
     <span class='ocr_line' id='line_1_83' title="bbox 1947 3823 3512 3911; baseline -0.013 -14"><span class='ocrx_word' id='word_1_578' title='bbox 1947 3823 2143 3897; x_wconf 69' lang='lat' dir='ltr'><strong>animae</strong></span> <span class='ocrx_word' id='word_1_579' title='bbox 2168 3841 2432 3911; x_wconf 89' lang='lat' dir='ltr'><strong>ipsorum.</strong></span> <span class='ocrx_word' id='word_1_580' title='bbox 2460 3835 2573 3893; x_wconf 87' lang='lat' dir='ltr'><strong>Non</strong></span> <span class='ocrx_word' id='word_1_581' title='bbox 2599 3845 2778 3893; x_wconf 88' lang='lat' dir='ltr'><strong>autem</strong></span> <span class='ocrx_word' id='word_1_582' title='bbox 2808 3833 2943 3888; x_wconf 89' lang='lat' dir='ltr'><strong>dixit</strong></span> <span class='ocrx_word' id='word_1_583' title='bbox 2967 3850 2981 3886; x_wconf 93' lang='lat'><strong>:</strong></span> <span class='ocrx_word' id='word_1_584' title='bbox 3007 3828 3273 3892; x_wconf 85' lang='lat' dir='ltr'><strong>Cessante</strong></span> <span class='ocrx_word' id='word_1_585' title='bbox 3296 3823 3512 3879; x_wconf 81' lang='lat' dir='ltr'><strong>ﬂamma</strong></span> 
     </span>
    </p>
   </div>
   <div class='ocr_carea' id='block_1_84' title="bbox 1946 3915 3514 3997">
    <p class='ocr_par' dir='ltr' id='par_1_84' title="bbox 1946 3915 3514 3997">
     <span class='ocr_line' id='line_1_84' title="bbox 1946 3915 3514 3997; baseline -0.015 -4"><span class='ocrx_word' id='word_1_586' title='bbox 1946 3936 2091 3993; x_wconf 87' lang='lat' dir='ltr'><strong>haud</strong></span> <span class='ocrx_word' id='word_1_587' title='bbox 2114 3935 2233 3991; x_wconf 79' lang='lat' dir='ltr'><strong>fore</strong></span> <span class='ocrx_word' id='word_1_588' title='bbox 2260 3931 2571 3997; x_wconf 87' lang='lat' dir='ltr'><strong>medelam;</strong></span> <span class='ocrx_word' id='word_1_589' title='bbox 2617 3926 2848 3997; x_wconf 85' lang='lat' dir='ltr'><strong>sedipsi</strong></span> <span class='ocrx_word' id='word_1_590' title='bbox 2878 3920 3204 3981; x_wconf 68' lang='lat' dir='ltr'><strong>exaestuanti</strong></span> <span class='ocrx_word' id='word_1_591' title='bbox 3249 3933 3357 3975; x_wconf 91' lang='lat' dir='ltr'><strong>non</strong></span> <span class='ocrx_word' id='word_1_592' title='bbox 3395 3915 3514 3977; x_wconf 78' lang='lat' dir='ltr'><strong>fore</strong></span> 
     </span>
    </p>
   </div>
   <div class='ocr_carea' id='block_1_85' title="bbox 1948 4007 3512 4091">
    <p class='ocr_par' dir='ltr' id='par_1_85' title="bbox 1948 4007 3512 4091">
     <span class='ocr_line' id='line_1_85' title="bbox 1948 4007 3512 4091; baseline -0.016 -8"><span class='ocrx_word' id='word_1_593' title='bbox 1948 4026 2251 4091; x_wconf 64' lang='lat' dir='ltr'><strong>medelam,</strong></span> <span class='ocrx_word' id='word_1_594' title='bbox 2290 4021 2512 4079; x_wconf 89' lang='lat' dir='ltr'><strong>habenti</strong></span> <span class='ocrx_word' id='word_1_595' title='bbox 2560 4018 2921 4090; x_wconf 88' lang='lat' dir='ltr'><strong>cupiditatum</strong></span> <span class='ocrx_word' id='word_1_596' title='bbox 2973 4010 3281 4076; x_wconf 86' lang='lat' dir='ltr'><strong>incentiva,</strong></span> <span class='ocrx_word' id='word_1_597' title='bbox 3346 4007 3512 4077; x_wconf 86' lang='lat' dir='ltr'><strong>ligna,</strong></span> 
     </span>
    </p>
   </div>
   <div class='ocr_carea' id='block_1_86' title="bbox 1948 4094 3515 4189">
    <p class='ocr_par' dir='ltr' id='par_1_86' title="bbox 1948 4094 3515 4189">
     <span class='ocr_line' id='line_1_86' title="bbox 1948 4094 3515 4189; baseline -0.011 -13"><span class='ocrx_word' id='word_1_598' title='bbox 1948 4121 2133 4176; x_wconf 80' lang='lat' dir='ltr'><strong>fenum</strong></span> <span class='ocrx_word' id='word_1_599' title='bbox 2156 4158 2174 4185; x_wconf 93' lang='lat'><strong>,</strong></span> <span class='ocrx_word' id='word_1_600' title='bbox 2209 4117 2487 4189; x_wconf 85' lang='lat' dir='ltr'><strong>stipulam.</strong></span> <span class='ocrx_word' id='word_1_601' title='bbox 2527 4113 2664 4170; x_wconf 85' lang='lat' dir='ltr'><strong>Nam</strong></span> <span class='ocrx_word' id='word_1_602' title='bbox 2693 4119 2749 4168; x_wconf 87' lang='lat' dir='ltr'><strong>et</strong></span> <span class='ocrx_word' id='word_1_603' title='bbox 2771 4108 3033 4181; x_wconf 87' lang='lat' dir='ltr'><strong>ambustis</strong></span> <span class='ocrx_word' id='word_1_604' title='bbox 3078 4094 3515 4178; x_wconf 49' lang='lat' dir='ltr'><strong>posfcauterem</strong></span> 
     </span>
    </p>
   </div>
   <div class='ocr_carea' id='block_1_87' title="bbox 1949 4208 2548 4269">
    <p class='ocr_par' dir='ltr' id='par_1_87' title="bbox 1949 4208 2548 4269">
     <span class='ocr_line' id='line_1_87' title="bbox 1949 4208 2548 4269; baseline -0.013 -1"><span class='ocrx_word' id='word_1_605' title='bbox 1949 4213 2096 4269; x_wconf 87' lang='lat' dir='ltr'><strong>solet</strong></span> <span class='ocrx_word' id='word_1_606' title='bbox 2118 4211 2326 4267; x_wconf 88' lang='lat' dir='ltr'><strong>sanitas</strong></span> <span class='ocrx_word' id='word_1_607' title='bbox 2349 4208 2548 4265; x_wconf 89' lang='lat' dir='ltr'><strong>redire.</strong></span> 
     </span>
    </p>
   </div>
   <div class='ocr_carea' id='block_1_88' title="bbox 2021 4366 3518 4459">
    <p class='ocr_par' dir='ltr' id='par_1_88' title="bbox 2021 4366 3518 4459">
     <span class='ocr_line' id='line_1_88' title="bbox 2021 4366 3518 4459; baseline -0.017 -3"><span class='ocrx_word' id='word_1_608' title='bbox 2021 4400 2066 4434; x_wconf 80' lang='grc'><strong>⁸³</strong></span> <span class='ocrx_word' id='word_1_609' title='bbox 2088 4394 2359 4459; x_wconf 81' lang='lat' dir='ltr'><strong>Laudatis.</strong></span> <span class='ocrx_word' id='word_1_610' title='bbox 2397 4408 2429 4447; x_wconf 86' lang='lat' dir='ltr'><strong>a</strong></span> <span class='ocrx_word' id='word_1_611' title='bbox 2486 4390 2717 4447; x_wconf 90' lang='lat' dir='ltr'><strong>Domino</strong></span> <span class='ocrx_word' id='word_1_612' title='bbox 2762 4385 2928 4455; x_wconf 85' lang='lat' dir='ltr'><strong>justis</strong></span> <span class='ocrx_word' id='word_1_613' title='bbox 2970 4384 3024 4439; x_wconf 93' lang='lat' dir='ltr'><strong>in</strong></span> <span class='ocrx_word' id='word_1_614' title='bbox 3071 4378 3259 4453; x_wconf 77' lang='lat' dir='ltr'><strong>iudicii</strong></span> <span class='ocrx_word' id='word_1_615' title='bbox 3292 4366 3518 4446; x_wconf 64' lang='lat' dir='ltr'><strong>die,.‘qui</strong></span> 
     </span>
    </p>
   </div>
   <div class='ocr_carea' id='block_1_89' title="bbox 1951 4469 3519 4550">
    <p class='ocr_par' dir='ltr' id='par_1_89' title="bbox 1951 4469 3519 4550">
     <span class='ocr_line' id='line_1_89' title="bbox 1951 4469 3519 4550; baseline -0.018 0"><span class='ocrx_word' id='word_1_616' title='bbox 1951 4503 2077 4550; x_wconf 89' lang='lat' dir='ltr'><strong>sunt</strong></span> <span class='ocrx_word' id='word_1_617' title='bbox 2113 4493 2185 4548; x_wconf 92' lang='lat' dir='ltr'><strong>in.</strong></span> <span class='ocrx_word' id='word_1_618' title='bbox 2216 4488 2431 4544; x_wconf 91' lang='lat' dir='ltr'><strong>illorum</strong></span> <span class='ocrx_word' id='word_1_619' title='bbox 2462 4483 2701 4539; x_wconf 82' lang='lat' dir='ltr'><strong>factione</strong></span> <span class='ocrx_word' id='word_1_620' title='bbox 2745 4480 2927 4550; x_wconf 88' lang='lat' dir='ltr'><strong>populi</strong></span> <span class='ocrx_word' id='word_1_621' title='bbox 2973 4474 3318 4535; x_wconf 64' lang='lat' dir='ltr'><strong>laetabuntur.</strong></span> <span class='ocrx_word' id='word_1_622' title='bbox 3349 4469 3519 4536; x_wconf 60' lang='lat' dir='ltr'><strong>Quoto</strong></span> 
     </span>
    </p>
   </div>
   <div class='ocr_carea' id='block_1_90' title="bbox 1952 4562 3521 4657">
    <p class='ocr_par' dir='ltr' id='par_1_90' title="bbox 1952 4562 3521 4657">
     <span class='ocr_line' id='line_1_90' title="bbox 1952 4562 3521 4657; baseline -0.017 -16"><span class='ocrx_word' id='word_1_623' title='bbox 1952 4592 2089 4657; x_wconf 86' lang='lat' dir='ltr'><strong>quot</strong></span> <span class='ocrx_word' id='word_1_624' title='bbox 2125 4591 2305 4638; x_wconf 90' lang='lat' dir='ltr'><strong>autem</strong></span> <span class='ocrx_word' id='word_1_625' title='bbox 2338 4584 2466 4633; x_wconf 89' lang='lat' dir='ltr'><strong>sunt</strong></span> <span class='ocrx_word' id='word_1_626' title='bbox 2504 4575 2626 4631; x_wconf 87' lang='lat' dir='ltr'><strong>sub.</strong></span> <span class='ocrx_word' id='word_1_627' title='bbox 2649 4569 3047 4643; x_wconf 85' lang='lat' dir='ltr'><strong>principatibus</strong></span> <span class='ocrx_word' id='word_1_628' title='bbox 3071 4576 3127 4623; x_wconf 91' lang='lat' dir='ltr'><strong>et</strong></span> <span class='ocrx_word' id='word_1_629' title='bbox 3158 4562 3521 4657; x_wconf 80' lang='lat' dir='ltr'><strong>potestatibus</strong></span> 
     </span>
    </p>
   </div>
   <div class='ocr_carea' id='block_1_91' title="bbox 269 4651 1839 4742">
    <p class='ocr_par' dir='ltr' id='par_1_91' title="bbox 269 4658 1839 4742">
     <span class='ocr_line' id='line_1_91' title="bbox 269 4658 1839 4742; baseline 0.007 -29"><span class='ocrx_word' id='word_1_630' title='bbox 269 4658 370 4723; x_wconf 80' lang='grc' dir='ltr'>τὰς</span> <span class='ocrx_word' id='word_1_631' title='bbox 415 4658 683 4726; x_wconf 81' lang='grc' dir='ltr'>ἐξουσίας,</span> <span class='ocrx_word' id='word_1_632' title='bbox 705 4660 799 4714; x_wconf 77' lang='grc' dir='ltr'><strong>καὶ</strong></span> <span class='ocrx_word' id='word_1_633' title='bbox 841 4661 969 4726; x_wconf 83' lang='grc' dir='ltr'>τοὺς</span> <span class='ocrx_word' id='word_1_634' title='bbox 1003 4664 1452 4738; x_wconf 87' lang='grc' dir='ltr'>κοσμοκράτορας</span> <span class='ocrx_word' id='word_1_635' title='bbox 1492 4669 1587 4722; x_wconf 90' lang='grc' dir='ltr'><strong>τοῦ</strong></span> <span class='ocrx_word' id='word_1_636' title='bbox 1640 4670 1839 4742; x_wconf 84' lang='grc' dir='ltr'>κόσμου</span> 
     </span>
    </p>
   </div>
   <div class='ocr_carea' id='block_1_92' title="bbox 1950 4651 3522 4742">
    <p class='ocr_par' dir='ltr' id='par_1_92' title="bbox 1950 4651 3522 4737">
     <span class='ocr_line' id='line_1_92' title="bbox 1950 4651 3522 4737; baseline -0.015 -8"><span class='ocrx_word' id='word_1_637' title='bbox 1950 4651 2015 4729; x_wconf 73' lang='lat' dir='ltr'><strong>ac</strong></span> <span class='ocrx_word' id='word_1_638' title='bbox 2048 4670 2352 4729; x_wconf 85' lang='lat' dir='ltr'><strong>rectoribus</strong></span> <span class='ocrx_word' id='word_1_639' title='bbox 2377 4665 2549 4737; x_wconf 58' lang='lat' dir='ltr'><strong>hujus,</strong></span> <span class='ocrx_word' id='word_1_640' title='bbox 2572 4663 2861 4731; x_wconf 29' lang='lat' dir='ltr'><strong>mundi,,hi</strong></span> <span class='ocrx_word' id='word_1_641' title='bbox 2892 4658 3114 4717; x_wconf 91' lang='lat' dir='ltr'><strong>omnino</strong></span> <span class='ocrx_word' id='word_1_642' title='bbox 3141 4666 3270 4711; x_wconf 89' lang='lat' dir='ltr'><strong>tunc</strong></span> <span class='ocrx_word' id='word_1_643' title='bbox 3292 4651 3522 4724; x_wconf 88' lang='lat' dir='ltr'><strong>ingemi-</strong></span> 
     </span>
    </p>
   </div>
   <div class='ocr_carea' id='block_1_93' title="bbox 270 4746 1389 4824">
    <p class='ocr_par' dir='ltr' id='par_1_93' title="bbox 270 4746 1389 4824">
     <span class='ocr_line' id='line_1_93' title="bbox 270 4746 1389 4824; baseline 0.007 -19"><span class='ocrx_word' id='word_1_644' title='bbox 270 4752 485 4817; x_wconf 81' lang='grc' dir='ltr'>τούτου,</span> <span class='ocrx_word' id='word_1_645' title='bbox 515 4746 659 4807; x_wconf 77' lang='grc' dir='ltr'>οὗτοι</span> <span class='ocrx_word' id='word_1_646' title='bbox 694 4753 911 4824; x_wconf 84' lang='grc' dir='ltr'>πάντως</span> <span class='ocrx_word' id='word_1_647' title='bbox 937 4754 1059 4808; x_wconf 87' lang='grc' dir='ltr'>τότε</span> <span class='ocrx_word' id='word_1_648' title='bbox 1092 4756 1389 4815; x_wconf 87' lang='grc' dir='ltr'>στένουσιν.</span> 
     </span>
    </p>
   </div>
   <div class='ocr_carea' id='block_1_94' title="bbox 346 4844 1849 4922">
    <p class='ocr_par' dir='ltr' id='par_1_94' title="bbox 346 4844 1849 4922">
     <span class='ocr_line' id='line_1_94' title="bbox 346 4844 1849 4922; baseline 0.007 -24"><span class='ocrx_word' id='word_1_649' title='bbox 346 4844 565 4917; x_wconf 77' lang='grc' dir='ltr'>Πατέρα</span> <span class='ocrx_word' id='word_1_650' title='bbox 602 4844 837 4899; x_wconf 88' lang='grc' dir='ltr'>ἐνταῦθα</span> <span class='ocrx_word' id='word_1_651' title='bbox 873 4846 963 4900; x_wconf 82' lang='grc' dir='ltr'><strong>τὸν</strong></span> <span class='ocrx_word' id='word_1_652' title='bbox 996 4848 1127 4901; x_wconf 91' lang='grc' dir='ltr'>Θεόν</span> <span class='ocrx_word' id='word_1_653' title='bbox 1173 4867 1370 4922; x_wconf 79' lang='grc' dir='ltr'>φησιν’</span> <span class='ocrx_word' id='word_1_654' title='bbox 1417 4855 1447 4906; x_wconf 91' lang='lat'><strong>6</strong></span> <span class='ocrx_word' id='word_1_655' title='bbox 1489 4853 1547 4907; x_wconf 86' lang='grc' dir='ltr'>δὲ</span> <span class='ocrx_word' id='word_1_656' title='bbox 1584 4854 1716 4919; x_wconf 84' lang='grc' dir='ltr'>Θεὸς</span> <span class='ocrx_word' id='word_1_657' title='bbox 1754 4856 1849 4911; x_wconf 56' lang='grc' dir='ltr'>καὶ</span> 
     </span>
    </p>
   </div>
   <div class='ocr_carea' id='block_1_95' title="bbox 273 4936 1851 5015">
    <p class='ocr_par' dir='ltr' id='par_1_95' title="bbox 273 4936 1851 5015">
     <span class='ocr_line' id='line_1_95' title="bbox 273 4936 1851 5015; baseline 0.007 -26"><span class='ocrx_word' id='word_1_658' title='bbox 273 4937 467 5007; x_wconf 81' lang='grc' dir='ltr'>Πατὴρ</span> <span class='ocrx_word' id='word_1_659' title='bbox 492 4936 588 4990; x_wconf 88' lang='grc' dir='ltr'><strong>τοῦ</strong></span> <span class='ocrx_word' id='word_1_660' title='bbox 619 4936 826 5009; x_wconf 84' lang='grc' dir='ltr'>Κυρίου</span> <span class='ocrx_word' id='word_1_661' title='bbox 859 4938 1017 5009; x_wconf 86' lang='grc' dir='ltr'>ήμῶν</span> <span class='ocrx_word' id='word_1_662' title='bbox 1059 4941 1231 5012; x_wconf 84' lang='grc' dir='ltr'>Ἰησοῦ</span> <span class='ocrx_word' id='word_1_663' title='bbox 1261 4943 1519 5015; x_wconf 88' lang='grc' dir='ltr'>Χριστοῦ,</span> <span class='ocrx_word' id='word_1_664' title='bbox 1560 4947 1686 5009; x_wconf 76' lang='grc' dir='ltr'>τοὺς</span> <span class='ocrx_word' id='word_1_665' title='bbox 1710 4945 1851 5000; x_wconf 88' lang='grc' dir='ltr'><strong>κατά</strong></span> 
     </span>
    </p>
   </div>
   <div class='ocr_carea' id='block_1_96' title="bbox 274 5030 1852 5109">
    <p class='ocr_par' dir='ltr' id='par_1_96' title="bbox 274 5030 1852 5109">
     <span class='ocr_line' id='line_1_96' title="bbox 274 5030 1852 5109; baseline 0.006 -27"><span class='ocrx_word' id='word_1_666' title='bbox 274 5030 511 5100; x_wconf 82' lang='grc' dir='ltr'>Χριστὸν</span> <span class='ocrx_word' id='word_1_667' title='bbox 559 5030 1085 5101; x_wconf 79' lang='grc' dir='ltr'>ὲπονομαζομένους,</span> <span class='ocrx_word' id='word_1_668' title='bbox 1133 5034 1191 5087; x_wconf 81' lang='grc' dir='ltr'><strong>ἐν</strong></span> <span class='ocrx_word' id='word_1_669' title='bbox 1238 5034 1383 5107; x_wconf 77' lang='grc' dir='ltr'>ἔργῳ</span> <span class='ocrx_word' id='word_1_670' title='bbox 1429 5037 1525 5097; x_wconf 78' lang='grc' dir='ltr'><strong>καὶ</strong></span> <span class='ocrx_word' id='word_1_671' title='bbox 1569 5037 1711 5109; x_wconf 87' lang='grc' dir='ltr'>λόγῳ</span> <span class='ocrx_word' id='word_1_672' title='bbox 1755 5039 1852 5092; x_wconf 73' lang='grc' dir='ltr'><strong>καὶ</strong></span> 
     </span>
    </p>
   </div>
   <div class='ocr_carea' id='block_1_97' title="bbox 276 5120 1852 5200">
    <p class='ocr_par' dir='ltr' id='par_1_97' title="bbox 276 5120 1852 5200">
     <span class='ocr_line' id='line_1_97' title="bbox 276 5120 1852 5200; baseline 0.004 -26"><span class='ocrx_word' id='word_1_673' title='bbox 276 5121 443 5192; x_wconf 86' lang='grc' dir='ltr'>σοφίᾳ</span> <span class='ocrx_word' id='word_1_674' title='bbox 466 5120 766 5192; x_wconf 82' lang='grc' dir='ltr'>ἑπομένους</span> <span class='ocrx_word' id='word_1_675' title='bbox 792 5138 852 5174; x_wconf 88' lang='grc' dir='ltr'><strong>τε</strong></span> <span class='ocrx_word' id='word_1_676' title='bbox 884 5123 977 5176; x_wconf 78' lang='grc' dir='ltr'>καὶ</span> <span class='ocrx_word' id='word_1_677' title='bbox 1007 5126 1376 5196; x_wconf 83' lang='grc' dir='ltr'>μιμουμένους</span> <span class='ocrx_word' id='word_1_678' title='bbox 1418 5126 1600 5191; x_wconf 78' lang='grc' dir='ltr'>αὑτὸν,</span> <span class='ocrx_word' id='word_1_679' title='bbox 1635 5126 1852 5200; x_wconf 83' lang='grc' dir='ltr'>θεωρῶν</span> 
     </span>
    </p>
   </div>
   <div class='ocr_carea' id='block_1_98' title="bbox 274 5210 1852 5289">
    <p class='ocr_par' dir='ltr' id='par_1_98' title="bbox 274 5210 1852 5289">
     <span class='ocr_line' id='line_1_98' title="bbox 274 5210 1852 5289; baseline 0.004 -24"><span class='ocrx_word' id='word_1_680' title='bbox 274 5213 507 5277; x_wconf 78' lang='grc' dir='ltr'>αὐτοὺς,</span> <span class='ocrx_word' id='word_1_681' title='bbox 560 5210 909 5284; x_wconf 83' lang='grc' dir='ltr'>εὐφραίνεται</span> <span class='ocrx_word' id='word_1_682' title='bbox 964 5214 1052 5266; x_wconf 87' lang='grc' dir='ltr'>ἐπ’</span> <span class='ocrx_word' id='word_1_683' title='bbox 1083 5216 1302 5280; x_wconf 78' lang='grc' dir='ltr'>αὐτοῖς·</span> <span class='ocrx_word' id='word_1_684' title='bbox 1347 5218 1549 5289; x_wconf 77' lang='grc' dir='ltr'>ποιμὴν</span> <span class='ocrx_word' id='word_1_685' title='bbox 1602 5216 1660 5271; x_wconf 73' lang='grc' dir='ltr'><strong>δέ</strong></span> <span class='ocrx_word' id='word_1_686' title='bbox 1704 5218 1852 5272; x_wconf 83' lang='grc' dir='ltr'>ἐστιν</span> 
     </span>
    </p>
   </div>
   <div class='ocr_carea' id='block_1_99' title="bbox 276 5304 1852 5381">
    <p class='ocr_par' dir='ltr' id='par_1_99' title="bbox 276 5304 1852 5381">
     <span class='ocr_line' id='line_1_99' title="bbox 276 5304 1852 5381; baseline 0.003 -22"><span class='ocrx_word' id='word_1_687' title='bbox 276 5304 483 5374; x_wconf 80' lang='grc' dir='ltr'>ἀγαθὸς</span> <span class='ocrx_word' id='word_1_688' title='bbox 525 5304 680 5369; x_wconf 88' lang='grc' dir='ltr'>νοῦς,</span> <span class='ocrx_word' id='word_1_689' title='bbox 715 5305 943 5369; x_wconf 84' lang='grc' dir='ltr'>ἀπαθεῖς</span> <span class='ocrx_word' id='word_1_690' title='bbox 984 5306 1276 5379; x_wconf 80' lang='grc' dir='ltr'>λογισμοὺς</span> <span class='ocrx_word' id='word_1_691' title='bbox 1311 5308 1674 5381; x_wconf 76' lang='grc' dir='ltr'>κεκτημένοςο</span> <span class='ocrx_word' id='word_1_692' title='bbox 1713 5311 1763 5363; x_wconf 82' lang='grc' dir='ltr'><strong>εί</strong></span> <span class='ocrx_word' id='word_1_693' title='bbox 1795 5310 1852 5363; x_wconf 84' lang='grc' dir='ltr'><strong>δέ</strong></span> 
     </span>
    </p>
   </div>
   <div class='ocr_carea' id='block_1_100' title="bbox 275 5396 1855 5473">
    <p class='ocr_par' dir='ltr' id='par_1_100' title="bbox 275 5396 1855 5473">
     <span class='ocr_line' id='line_1_100' title="bbox 275 5396 1855 5473; baseline 0.004 -22"><span class='ocrx_word' id='word_1_694' title='bbox 275 5396 468 5462; x_wconf 79' lang='grc' dir='ltr'>τοῦτο,</span> <span class='ocrx_word' id='word_1_695' title='bbox 523 5396 720 5451; x_wconf 77' lang='grc' dir='ltr'>οὐκοῦν</span> <span class='ocrx_word' id='word_1_696' title='bbox 767 5396 953 5468; x_wconf 76' lang='grc' dir='ltr'>ἔριφός</span> <span class='ocrx_word' id='word_1_697' title='bbox 986 5400 1103 5452; x_wconf 86' lang='grc' dir='ltr'>ἐστι</span> <span class='ocrx_word' id='word_1_698' title='bbox 1140 5399 1399 5473; x_wconf 88' lang='grc' dir='ltr'>λογισμὸς</span> <span class='ocrx_word' id='word_1_699' title='bbox 1433 5401 1721 5473; x_wconf 77' lang='grc' dir='ltr'>ἐμπαθήςο</span> <span class='ocrx_word' id='word_1_700' title='bbox 1759 5404 1855 5458; x_wconf 80' lang='grc' dir='ltr'><strong>καὶ</strong></span> 
     </span>
    </p>
   </div>
   <div class='ocr_carea' id='block_1_101' title="bbox 277 5489 1855 5569">
    <p class='ocr_par' dir='ltr' id='par_1_101' title="bbox 277 5489 1855 5569">
     <span class='ocr_line' id='line_1_101' title="bbox 277 5489 1855 5569; baseline 0.003 -24"><span class='ocrx_word' id='word_1_701' title='bbox 277 5489 557 5569; x_wconf 77' lang='grc' dir='ltr'>πρόϐατόν</span> <span class='ocrx_word' id='word_1_702' title='bbox 595 5489 712 5543; x_wconf 84' lang='grc' dir='ltr'>ἐστι</span> <span class='ocrx_word' id='word_1_703' title='bbox 743 5489 998 5561; x_wconf 82' lang='grc' dir='ltr'>λογισμὸς</span> <span class='ocrx_word' id='word_1_704' title='bbox 1038 5491 1289 5564; x_wconf 82' lang='grc' dir='ltr'>ἀπαθής·</span> <span class='ocrx_word' id='word_1_705' title='bbox 1327 5492 1409 5547; x_wconf 83' lang='grc' dir='ltr'><strong>διὸ</strong></span> <span class='ocrx_word' id='word_1_706' title='bbox 1449 5494 1699 5559; x_wconf 78' lang='grc' dir='ltr'>καὶτοὺς</span> <span class='ocrx_word' id='word_1_707' title='bbox 1742 5495 1855 5567; x_wconf 85' lang='grc' dir='ltr'>ἐρί-</span> 
     </span>
    </p>
   </div>
   <div class='ocr_carea' id='block_1_102' title="bbox 2085 4776 2123 4821">
    <p class='ocr_par' dir='ltr' id='par_1_102' title="bbox 2085 4776 2123 4821">
     <span class='ocr_line' id='line_1_102' title="bbox 2085 4776 2123 4821; baseline 0.026 -1"><span class='ocrx_word' id='word_1_708' title='bbox 2085 4776 2123 4821; x_wconf 80' lang='grc' dir='ltr'>ι.</span> 
     </span>
    </p>
   </div>
   <div class='ocr_carea' id='block_1_103' title="bbox 1953 4782 3525 4914">
    <p class='ocr_par' dir='ltr' id='par_1_103' title="bbox 1953 4782 3525 4914">
     <span class='ocr_line' id='line_1_103' title="bbox 2049 4782 2123 4821; baseline 0 0"><span class='ocrx_word' id='word_1_709' title='bbox 2049 4782 2123 4821; x_wconf 84' lang='lat' dir='ltr'><strong>nt.</strong></span> 
     </span>
     <span class='ocr_line' id='line_1_104' title="bbox 1953 4782 3525 4914; baseline -0.018 1"><span class='ocrx_word' id='word_1_710' title='bbox 1953 4782 2074 4892; x_wconf 47' lang='lat'><strong>802&#39;</strong></span> <span class='ocrx_word' id='word_1_711' title='bbox 2101 4858 2319 4914; x_wconf 77' lang='lat' dir='ltr'><strong>Patrem</strong></span> <span class='ocrx_word' id='word_1_712' title='bbox 2358 4853 2448 4909; x_wconf 89' lang='lat' dir='ltr'><strong>hic</strong></span> <span class='ocrx_word' id='word_1_713' title='bbox 2479 4850 2615 4907; x_wconf 89' lang='lat' dir='ltr'><strong>dicit</strong></span> <span class='ocrx_word' id='word_1_714' title='bbox 2641 4848 2834 4904; x_wconf 84' lang='lat' dir='ltr'><strong>Deum.</strong></span> <span class='ocrx_word' id='word_1_715' title='bbox 2875 4845 3020 4901; x_wconf 89' lang='lat' dir='ltr'><strong>Deus</strong></span> <span class='ocrx_word' id='word_1_716' title='bbox 3061 4847 3240 4897; x_wconf 90' lang='lat' dir='ltr'><strong>autem</strong></span> <span class='ocrx_word' id='word_1_717' title='bbox 3275 4846 3332 4893; x_wconf 89' lang='lat' dir='ltr'><strong>et</strong></span> <span class='ocrx_word' id='word_1_718' title='bbox 3360 4834 3525 4891; x_wconf 88' lang='lat' dir='ltr'><strong>Pater</strong></span> 
     </span>
    </p>
   </div>
   <div class='ocr_carea' id='block_1_104' title="bbox 1958 4928 3530 5011">
    <p class='ocr_par' dir='ltr' id='par_1_104' title="bbox 1958 4928 3530 5011">
     <span class='ocr_line' id='line_1_105' title="bbox 1958 4928 3530 5011; baseline -0.019 -5"><span class='ocrx_word' id='word_1_719' title='bbox 1958 4949 2169 5005; x_wconf 89' lang='lat' dir='ltr'><strong>Domini</strong></span> <span class='ocrx_word' id='word_1_720' title='bbox 2209 4945 2385 5003; x_wconf 89' lang='lat' dir='ltr'><strong>nostri</strong></span> <span class='ocrx_word' id='word_1_721' title='bbox 2410 4942 2537 4999; x_wconf 81' lang='lat' dir='ltr'><strong>Jesu</strong></span> <span class='ocrx_word' id='word_1_722' title='bbox 2570 4937 2801 5005; x_wconf 88' lang='lat' dir='ltr'><strong>Christi,</strong></span> <span class='ocrx_word' id='word_1_723' title='bbox 2826 4935 2947 4991; x_wconf 91' lang='lat' dir='ltr'><strong>illos</strong></span> <span class='ocrx_word' id='word_1_724' title='bbox 2971 4932 3065 5011; x_wconf 74' lang='grc' dir='ltr'><strong>(ιρὶ</strong></span> <span class='ocrx_word' id='word_1_725' title='bbox 3093 4947 3123 4986; x_wconf 91' lang='lat' dir='ltr'><strong>a</strong></span> <span class='ocrx_word' id='word_1_726' title='bbox 3152 4928 3373 4987; x_wconf 84' lang='lat' dir='ltr'><strong>Christo</strong></span> <span class='ocrx_word' id='word_1_727' title='bbox 3400 4932 3530 4979; x_wconf 91' lang='lat' dir='ltr'><strong>sunt</strong></span> 
     </span>
    </p>
   </div>
   <div class='ocr_carea' id='block_1_105' title="bbox 1958 5016 3524 5105">
    <p class='ocr_par' dir='ltr' id='par_1_105' title="bbox 1958 5016 3524 5105">
     <span class='ocr_line' id='line_1_106' title="bbox 1958 5016 3524 5105; baseline -0.018 -8"><span class='ocrx_word' id='word_1_728' title='bbox 1958 5038 2314 5105; x_wconf 89' lang='lat' dir='ltr'><strong>denominati,</strong></span> <span class='ocrx_word' id='word_1_729' title='bbox 2347 5045 2404 5092; x_wconf 91' lang='lat' dir='ltr'><strong>et</strong></span> <span class='ocrx_word' id='word_1_730' title='bbox 2432 5034 2601 5089; x_wconf 80' lang='lat' dir='ltr'><strong>verbo</strong></span> <span class='ocrx_word' id='word_1_731' title='bbox 2639 5042 2802 5099; x_wconf 89' lang='lat' dir='ltr'><strong>atque</strong></span> <span class='ocrx_word' id='word_1_732' title='bbox 2849 5041 3015 5098; x_wconf 86' lang='lat' dir='ltr'><strong>opere</strong></span> <span class='ocrx_word' id='word_1_733' title='bbox 3056 5039 3120 5080; x_wconf 89' lang='lat' dir='ltr'><strong>ac</strong></span> <span class='ocrx_word' id='word_1_734' title='bbox 3163 5018 3426 5091; x_wconf 90' lang='lat' dir='ltr'><strong>sapientia</strong></span> <span class='ocrx_word' id='word_1_735' title='bbox 3459 5016 3524 5070; x_wconf 86' lang='lat' dir='ltr'><strong>il-</strong></span> 
     </span>
    </p>
   </div>
   <div class='ocr_carea' id='block_1_106' title="bbox 1959 5109 3530 5198">
    <p class='ocr_par' dir='ltr' id='par_1_106' title="bbox 1959 5109 3530 5198">
     <span class='ocr_line' id='line_1_107' title="bbox 1959 5109 3530 5198; baseline -0.016 -14"><span class='ocrx_word' id='word_1_736' title='bbox 1959 5131 2069 5186; x_wconf 92' lang='lat' dir='ltr'><strong>lum</strong></span> <span class='ocrx_word' id='word_1_737' title='bbox 2113 5129 2517 5198; x_wconf 86' lang='lat' dir='ltr'><strong>subsequuntur</strong></span> <span class='ocrx_word' id='word_1_738' title='bbox 2555 5132 2609 5180; x_wconf 92' lang='lat' dir='ltr'><strong>et</strong></span> <span class='ocrx_word' id='word_1_739' title='bbox 2640 5122 2943 5185; x_wconf 89' lang='lat' dir='ltr'><strong>imitantur,</strong></span> <span class='ocrx_word' id='word_1_740' title='bbox 2970 5116 3269 5186; x_wconf 89' lang='lat' dir='ltr'><strong>aspiciens,</strong></span> <span class='ocrx_word' id='word_1_741' title='bbox 3315 5109 3530 5198; x_wconf 71' lang='lat' dir='ltr'><strong>laetatur</strong></span> 
     </span>
    </p>
   </div>
   <div class='ocr_carea' id='block_1_107' title="bbox 1960 5197 3533 5293">
    <p class='ocr_par' dir='ltr' id='par_1_107' title="bbox 1960 5197 3533 5293">
     <span class='ocr_line' id='line_1_108' title="bbox 1960 5197 3533 5293; baseline -0.018 -15"><span class='ocrx_word' id='word_1_742' title='bbox 1960 5223 2015 5278; x_wconf 92' lang='lat' dir='ltr'><strong>in</strong></span> <span class='ocrx_word' id='word_1_743' title='bbox 2052 5221 2203 5293; x_wconf 89' lang='lat' dir='ltr'><strong>ipsis.</strong></span> <span class='ocrx_word' id='word_1_744' title='bbox 2226 5197 2583 5275; x_wconf 73' lang='lat' dir='ltr'><strong>Pastorvero</strong></span> <span class='ocrx_word' id='word_1_745' title='bbox 2621 5214 2819 5278; x_wconf 83' lang='lat' dir='ltr'><strong>bonus,</strong></span> <span class='ocrx_word' id='word_1_746' title='bbox 2849 5220 2932 5269; x_wconf 83' lang='lat' dir='ltr'><strong>est</strong></span> <span class='ocrx_word' id='word_1_747' title='bbox 2962 5222 3134 5273; x_wconf 91' lang='lat' dir='ltr'><strong>mens,</strong></span> <span class='ocrx_word' id='word_1_748' title='bbox 3167 5197 3533 5293; x_wconf 76' lang='lat' dir='ltr'><strong>imperturba—</strong></span> 
     </span>
    </p>
   </div>
   <div class='ocr_carea' id='block_1_108' title="bbox 1964 5288 3533 5384">
    <p class='ocr_par' dir='ltr' id='par_1_108' title="bbox 1964 5288 3533 5384">
     <span class='ocr_line' id='line_1_109' title="bbox 1964 5288 3533 5384; baseline -0.017 -14"><span class='ocrx_word' id='word_1_749' title='bbox 1964 5323 2049 5370; x_wconf 90' lang='lat' dir='ltr'><strong>tas</strong></span> <span class='ocrx_word' id='word_1_750' title='bbox 2074 5288 2448 5384; x_wconf 72' lang='lat' dir='ltr'><strong>cogitationes</strong></span> <span class='ocrx_word' id='word_1_751' title='bbox 2485 5309 2719 5365; x_wconf 86' lang='lat' dir='ltr'><strong>habens.</strong></span> <span class='ocrx_word' id='word_1_752' title='bbox 2750 5304 2906 5373; x_wconf 89' lang='lat' dir='ltr'><strong>Quod</strong></span> <span class='ocrx_word' id='word_1_753' title='bbox 2936 5304 2983 5355; x_wconf 87' lang='lat' dir='ltr'><strong>si</strong></span> <span class='ocrx_word' id='word_1_754' title='bbox 3014 5300 3089 5355; x_wconf 90' lang='lat' dir='ltr'><strong>ita</strong></span> <span class='ocrx_word' id='word_1_755' title='bbox 3120 5305 3228 5363; x_wconf 91' lang='lat' dir='ltr'><strong>est,</strong></span> <span class='ocrx_word' id='word_1_756' title='bbox 3264 5304 3395 5384; x_wconf 84' lang='lat' dir='ltr'><strong>ergo</strong></span> <span class='ocrx_word' id='word_1_757' title='bbox 3419 5288 3533 5384; x_wconf 51' lang='lat' dir='ltr'><strong>tae-</strong></span> 
     </span>
    </p>
   </div>
   <div class='ocr_carea' id='block_1_109' title="bbox 1963 5380 3532 5473">
    <p class='ocr_par' dir='ltr' id='par_1_109' title="bbox 1963 5380 3532 5473">
     <span class='ocr_line' id='line_1_110' title="bbox 1963 5380 3532 5473; baseline -0.02 -10"><span class='ocrx_word' id='word_1_758' title='bbox 1963 5407 2064 5463; x_wconf 85' lang='lat' dir='ltr'><strong>dus</strong></span> <span class='ocrx_word' id='word_1_759' title='bbox 2090 5380 2182 5461; x_wconf 74' lang='lat' dir='ltr'><strong>est</strong></span> <span class='ocrx_word' id='word_1_760' title='bbox 2203 5404 2464 5473; x_wconf 86' lang='lat' dir='ltr'><strong>cogitatio</strong></span> <span class='ocrx_word' id='word_1_761' title='bbox 2489 5401 2724 5465; x_wconf 84' lang='lat' dir='ltr'><strong>vitiosa;</strong></span> <span class='ocrx_word' id='word_1_762' title='bbox 2750 5397 2868 5454; x_wconf 83' lang='lat' dir='ltr'><strong>ovis</strong></span> <span class='ocrx_word' id='word_1_763' title='bbox 2908 5402 3114 5458; x_wconf 89' lang='lat' dir='ltr'><strong>autem,</strong></span> <span class='ocrx_word' id='word_1_764' title='bbox 3152 5380 3532 5473; x_wconf 26' lang='lat' dir='ltr'><strong>cogitatio-in-</strong></span> 
     </span>
    </p>
   </div>
   <div class='ocr_carea' id='block_1_110' title="bbox 1964 5469 3533 5569">
    <p class='ocr_par' dir='ltr' id='par_1_110' title="bbox 1964 5469 3533 5569">
     <span class='ocr_line' id='line_1_111' title="bbox 1964 5469 3533 5569; baseline -0.031 0"><span class='ocrx_word' id='word_1_765' title='bbox 1964 5512 2160 5569; x_wconf 63' lang='lat' dir='ltr'><strong>senua.</strong></span> <span class='ocrx_word' id='word_1_766' title='bbox 2184 5469 2478 5567; x_wconf 68' lang='lat' dir='ltr'><strong>Propterea</strong></span> <span class='ocrx_word' id='word_1_767' title='bbox 2520 5492 2780 5549; x_wconf 88' lang='lat' dir='ltr'><strong>Dominus</strong></span> <span class='ocrx_word' id='word_1_768' title='bbox 2826 5486 3009 5543; x_wconf 60' lang='lat' dir='ltr'><strong>haedos</strong></span> <span class='ocrx_word' id='word_1_769' title='bbox 3053 5480 3286 5538; x_wconf 90' lang='lat' dir='ltr'><strong>collocat</strong></span> <span class='ocrx_word' id='word_1_770' title='bbox 3313 5474 3366 5529; x_wconf 91' lang='lat' dir='ltr'><strong>in</strong></span> <span class='ocrx_word' id='word_1_771' title='bbox 3398 5469 3533 5525; x_wconf 90' lang='lat' dir='ltr'><strong>sini-</strong></span> 
     </span>
    </p>
   </div>
   <div class='ocr_carea' id='block_1_111' title="bbox 352 5680 1839 5772">
    <p class='ocr_par' dir='ltr' id='par_1_111' title="bbox 352 5698 1839 5772">
     <span class='ocr_line' id='line_1_112' title="bbox 352 5698 1839 5772; baseline -0.001 -18"><span class='ocrx_word' id='word_1_772' title='bbox 352 5700 397 5732; x_wconf 74' lang='lat'><strong><em>“</em></strong></span> <span class='ocrx_word' id='word_1_773' title='bbox 423 5715 476 5757; x_wconf 78' lang='grc' dir='ltr'>ν.</span> <span class='ocrx_word' id='word_1_774' title='bbox 506 5698 595 5755; x_wconf 77' lang='lat' dir='ltr'><strong>l9.</strong></span> <span class='ocrx_word' id='word_1_775' title='bbox 671 5700 715 5733; x_wconf 79' lang='grc'><strong>⁸⁷</strong></span> <span class='ocrx_word' id='word_1_776' title='bbox 749 5715 798 5756; x_wconf 88' lang='grc' dir='ltr'>ν.</span> <span class='ocrx_word' id='word_1_777' title='bbox 848 5700 939 5758; x_wconf 74' lang='lat'><strong>22.</strong></span> <span class='ocrx_word' id='word_1_778' title='bbox 1014 5701 1059 5736; x_wconf 79' lang='grc'><strong>⁸⁸</strong></span> <span class='ocrx_word' id='word_1_779' title='bbox 1083 5700 1212 5759; x_wconf 87' lang='lat' dir='ltr'><strong>Luc.</strong></span> <span class='ocrx_word' id='word_1_780' title='bbox 1244 5716 1379 5772; x_wconf 85' lang='lat' dir='ltr'><strong>xxtl,</strong></span> <span class='ocrx_word' id='word_1_781' title='bbox 1405 5702 1493 5759; x_wconf 81' lang='lat'><strong>&#39;50.</strong></span> <span class='ocrx_word' id='word_1_782' title='bbox 1569 5702 1613 5735; x_wconf 67' lang='lat'><strong>&#39;9</strong></span> <span class='ocrx_word' id='word_1_783' title='bbox 1639 5701 1797 5760; x_wconf 88' lang='lat' dir='ltr'><strong>Prov.</strong></span> <span class='ocrx_word' id='word_1_784' title='bbox 1836 5715 1839 5753; x_wconf 75' lang='grc' dir='ltr'><strong><em>τ</em></strong></span> 
     </span>
    </p>
   </div>
   <div class='ocr_carea' id='block_1_112' title="bbox 1950 5680 3255 5772">
    <p class='ocr_par' dir='ltr' id='par_1_112' title="bbox 1953 5680 3255 5765">
     <span class='ocr_line' id='line_1_113' title="bbox 1953 5680 3255 5765; baseline -0.013 -11"><span class='ocrx_word' id='word_1_785' title='bbox 1953 5713 1990 5765; x_wconf 85' lang='grc' dir='ltr'><strong>ι,</strong></span> <span class='ocrx_word' id='word_1_786' title='bbox 2019 5694 2073 5752; x_wconf 82' lang='grc'><strong>9.</strong></span> <span class='ocrx_word' id='word_1_787' title='bbox 2151 5695 2196 5730; x_wconf 82' lang='lat'><strong><em>°°</em></strong></span> <span class='ocrx_word' id='word_1_788' title='bbox 2222 5711 2270 5750; x_wconf 82' lang='grc' dir='ltr'>ν.</span> <span class='ocrx_word' id='word_1_789' title='bbox 2296 5680 2388 5749; x_wconf 69' lang='lat'><strong>21.</strong></span> <span class='ocrx_word' id='word_1_790' title='bbox 2468 5691 2589 5746; x_wconf 69' lang='grc' dir='ltr'><strong>θεν.</strong></span> <span class='ocrx_word' id='word_1_791' title='bbox 2636 5691 2687 5745; x_wconf 80' lang='lat' dir='ltr'><strong>l.</strong></span> <span class='ocrx_word' id='word_1_792' title='bbox 2764 5686 2963 5743; x_wconf 71' lang='lat' dir='ltr'><strong>&quot;v.2.</strong></span> <span class='ocrx_word' id='word_1_793' title='bbox 3037 5683 3164 5739; x_wconf 83' lang='lat' dir='ltr'><strong>“v.</strong></span> <span class='ocrx_word' id='word_1_794' title='bbox 3201 5682 3255 5737; x_wconf 79' lang='grc'><strong>5.</strong></span> 
     </span>
    </p>
   </div>
  </div>
