3888 6218
344 215 447 268 247

1228 209 1789 266 SUPPLEMENTUM
1824 208 1914 263 AD
1960 206 2282 265 ORIGENIS
2320 207 2732 263 EXEGETICA.

3476 207 3585 261 9.53

344 340 457 384 stra
498 338 673 399 parte,
718 345 851 386 oves
880 331 932 385 in
972 328 1162 385 dextra
1188 346 1203 384 :
1229 330 1413 386 haedos
1457 329 1645 385 dicens
1670 343 1787 396 eos,
1816 328 1906 398 qui
1936 376 1944 389 η

2044 344 2143 391 ιους
2175 328 2201 378 6
2226 325 2427 398 Κύριος
2458 327 2668 398 ἵστησιν
2699 325 2759 390 ἐξ
2788 323 3090 397 ἀριστερῶν
3112 362 3127 389 ,
3160 321 3309 375 τάιδὲ
3339 321 3590 392 πρόϐατα

344 420 548 475 habent
595 422 955 491 cogitationes
1013 420 1259 474 vitiosas.
1307 417 1400 474 Sic
1448 418 1616 472 etiam
1648 419 1913 474 habentes

344 513 578 576 zizania,
618 514 884 569 vocabulo
912 512 1247 568 zizaniorum
1274 509 1602 580 appellavit;
1628 520 1682 566 et
1709 510 1914 566 haben-

346 617 427 661 tes
461 607 723 669 triticum,
753 607 889 661 dixit
914 606 1189 669 triticum;
1230 617 1425 671 nempe
1482 618 1511 657 a
1557 603 1790 672 pessima
1829 601 1916 655 vel

344 699 548 766 optima
581 698 844 767 qualitate
871 712 965 752 eos
998 696 1373 753 denominans.
1407 692 1539 747 Tale
1570 702 1655 748 est
1681 703 1735 748 et
1763 692 1917 747 Pauli

346 790 548 844 dictum
579 805 592 841 :
617 788 860 843 Charitas
882 804 984 844 non
1012 789 1229 857 inﬂatur
1246 786 1312 853 “,
1346 785 1399 841 id
1425 793 1533 850 est,
1561 786 1652 855 qui
1679 783 1920 839 cbarita-

348 887 458 933 tem
498 878 682 933 habet.

420 1063 465 1095 ⁶⁵
491 1062 739 1119 Christus
786 1061 1002 1130 quidem
1052 1061 1222 1131 'ertgit
1285 1060 1603 1116 rationalem
1667 1072 1918 1117 naturam

351 1154 624 1211 mandatis
658 1156 808 1221 suis;
840 1154 1103 1211 scelestus
1139 1168 1266 1210 vero
1296 1154 1670 1209 Antichristus
1700 1154 1765 1209 ad
1798 1170 1919 1224 per-

350 1251 548 1305 niciem
575 1249 813 1304 concitat
833 1247 1128 1301 humanum
1160 1260 1353 1315 genus.

422 1344 469 1374 “
501 1341 709 1411 Ubique
747 1342 975 1396 verbum
1010 1340 1259 1409 judicare
1307 1337 1507 1393 dicitur
1561 1352 1657 1406 pro
1713 1339 1919 1391 docere.

350 1433 484 1490 Nam
517 1443 572 1489 et
606 1434 700 1504 qui
731 1434 875 1510 inter
906 1433 1040 1487 duos
1074 1430 1155 1485 vel
1183 1430 1370 1501 plures
1397 1430 1465 1485 de
1496 1429 1683 1498 aliquo
1706 1428 1923 1497 negotio

347 1527 576 1598 judicat,
605 1528 673 1582 iis
712 1526 1020 1595 aequitatem
1066 1524 1250 1591 docet,
1292 1534 1347 1579 et
1382 1525 1450 1579 ab
1486 1523 1774 1593 iniquitate
1802 1523 1925 1577 abs-

353 1634 549 1681 terret.
603 1624 869 1679 Similiter
910 1631 967 1678 et
1010 1622 1064 1677 in
1111 1621 1409 1677 virtutibus
1457 1628 1514 1675 et
1562 1620 1615 1673 in
1645 1618 1839 1688 quavis
1869 1632 1927 1671 re

2016 418 2081 470 ἐκ
2120 416 2345 480 δεξιῶν·
2393 418 2613 487 ἐρίφους
2653 418 2822 485 λέγων
2867 418 2993 479 τοὺς
3035 415 3403 486 κεκτημένους
3447 414 3593 483 λογι-

2017 512 2189 581 σμοὺς
2234 511 2499 580 ἐμπαθεῖς
2518 527 2533 542 ·
2561 510 2703 564 οὑτω
2726 510 2819 565 καὶ
2848 512 2974 574 τοὺς
3009 510 3227 581 ἔχοντας
3260 509 3327 562 τὸ.
3355 508 3590 574 ζιζάνια,

2019 604 2230 670 ζιζάνια
2266 605 2669 678 προσηγόρευσε
2696 622 2709 633 δ
2753 605 2847 658 καὶ
2885 604 3011 668 τοὺς
3043 605 3132 657 τὸν
3164 605 3306 658 σῖτον
3348 604 3591 674 ἔχοντας,

2022 698 2184 761 σῖτον,
2212 696 2322 758 ἀπὸ
2346 697 2441 767 τῆς
2464 697 2741 768 χειρίστης
2767 696 2859 750 καὶ
2887 695 3113 768 ἀρίστης
3138 696 3299 763 ἒξεως
3324 695 3597 767 ὀνομάσας

2022 788 2216 852 αὑτούς
2236 806 2248 819 ·
2285 788 2525 841 τοιοῦτόν
2563 790 2678 841 ἐστι
2723 788 2816 840 καὶ
2852 787 2909 841 τὸ
2942 788 3092 859 παρά
3125 787 3202 858 τῷ
3222 787 3420 859 Παύλῳ
3439 787 3598 856 λεγό-

2025 899 2183 951 μενον
2206 900 2218 911 ν
2252 883 2313 936 Ἠ
2338 882 2538 952 (ἀγάπη
2555 884 2625 937 οὐ
2649 884 3087 952 περπερεύεται,
3108 884 3227 953 ἀντὶ
3255 882 3371 950 τοῦ,
3402 885 3430 937 6
3458 882 3600 954 ἔχων

2020 974 2119 1047 τὴν
2150 974 2389 1046 ἀγάπην.

2104 1066 2161 1118 '0
2192 1067 2288 1136 μὲν
2318 1065 2555 1138 Χριστὸς
2598 1065 2845 1135 ἀνίστησι
2882 1069 2981 1136 τὴν
3023 1063 3184 1135 φύσιν
3232 1066 3331 1136 τὴν
3377 1066 3606 1138 λογικὴν

2022 1156 2110 1211 διὰ
2130 1158 2238 1211 τῶν
2265 1157 2494 1211 ἐντολῶν
2514 1156 2678 1210 αὑτοῦ
2704 1175 2716 1186 ·
2751 1159 2779 1211 6
2798 1157 2854 1211 δὲ
2874 1156 3184 1227 παράνομος
3217 1157 3603 1228 Ἀντίχριστος,

2027 1250 2162 1321 πρὸς
2195 1249 2470 1304 ἀπώλειαν
2504 1246 2740 1321 έρεθίζει
2773 1249 2832 1301 τὸ
2859 1250 3013 1319 γένος
3038 1250 3147 1303 τῶν
3177 1250 3499 1322 ἀνθρώπων.

2108 1341 2192 1393 Ἐν
2225 1339 2383 1393 παντὶ
2408 1340 2469 1393 τὸ
2486 1341 2734 1409 κρίνειν,
2764 1340 3073 1397 διδάσκειν
3102 1341 3317 1411 λέγεται
3342 1361 3353 1372 ·
3384 1343 3475 1395 καὶ
3496 1342 3610 1414 γάρ

2025 1432 2053 1484 ὁ
2082 1429 2282 1499 μεταξὺ
2315 1431 2407 1483 δύο
2451 1431 2485 1499 ἢ
2529 1432 2623 1484 καὶ
2657 1430 2936 1497 πλειόνων,
2970 1433 3098 1505 περὶ
3139 1434 3257 1497 ἐνὸς
3288 1433 3609 1506 πράγματος

2029 1522 2247 1594 κρίνων,
2283 1522 2520 1576 διδάσκει
2555 1524 2614 1576 τὸ
2648 1524 2874 1587 δίκαιον,
2911 1527 3003 1578 καὶ
3032 1524 3328 1597 ἀπέχεσθαι
3357 1527 3566 1590 ἀδικίας
3590 1543 3605 1557 ⁸

2030 1616 2289 1680 ὡσαύτως
2317 1617 2411 1671 καὶ
2436 1618 2529 1671 ἐπὶ
2557 1619 2786 1691 ἀρετῶν,
2816 1619 2910 1674 xal.
2938 1618 3030 1673 ἐπὶ
3050 1622 3155 1671 πᾶν
3176 1617 3351 1672 ὁτιοῦν
3380 1618 3610 1688 ἀγαθὸν,

352 1717 521 1784 bona,
550 1716 799 1786 judicare
853 1728 950 1783 pro
999 1715 1182 1767 docere
1230 1711 1447 1766 dicitur.
1511 1710 1697 1764 Virum
1750 1717 1929 1762 autem

2044 1708 2093 1762 τὸ
2120 1709 2344 1776 κρίνειν
2358 1684 2666 1764 διδάσκειν
2690 1710 3141 1783 λέλεκται-ἀνδρα
3160 1711 3214 1763 δὲ
3237 1684 3469 1764 ἐνταῦθα
3490 1711 3614 1780 κρί-

358 1808 451 1863 hic
476 1807 811 1878 iudicantem
842 1813 1051 1875 gentes,
1081 1804 1302 1859 Petrum
1356 1802 1507 1868 dicit,
1539 1801 1628 1870 qui
1670 1799 1933 1853 mundum’

357 1899 676 1953 universum
704 1897 888 1952 docuit
917 1896 1119 1951 Christi
1150 1896 1309 1950 Iidem
1338 1909 1405 1949 ac
1437 1893 1769 1963 religionem.
1793 1890 1922 1944 Pau-

356 1994 471 2047 lum
522 1993 651 2047 item
704 2000 760 2046 et
803 1989 1040 2059 reliquos
1096 2004 1192 2058 per
1228 1995 1474 2058 tempora
1525 1988 1832 2058 magistros.
1863 1985 1932 2038 At

355 2086 532 2139 virum
567 2098 793 2153 pravum
829 2082 958 2137 dicit
986 2081 1288 2143 Theudam,
1321 2091 1376 2134 et
1412 2077 1626 2145 ludam,
1655 2089 1708 2133 et
1735 2077 1932 2133 Samo-

354 2183 654 2241 satensem,
703 2183 759 2229 et
793 2187 982 2227 eorum
1043 2171 1330 2226 sententiae
1356 2169 1625 2224 homines.
1660 2167 1736 2222 De
1762 2183 1933 2237 pravo

352 2268 571 2337 quidem
610 2266 828 2320 homine
857 2263 931 2317 ait
956 2263 1123 2318 David
1143 2262 1262 2295 ""3
1296 2280 1310 2317 :
1338 2260 1507 2331 Super
1522 2277 1638 2313 eum
1663 2260 1929 2323 ridebunt,

353 2370 403 2414 et
437 2359 611 2413 dicent
637 2374 656 2412 :
690 2357 826 2412 Ecce
864 2359 1018 2410 homo
1049 2356 1139 2425 qui
1166 2372 1268 2409 non
1314 2354 1489 2423 posuit
1517 2352 1680 2406 Deum
1712 2351 1926 2420 adjuto—

353 2468 461 2507 rem
493 2467 668 2506 suum.

431 2542 546 2597 Viri
581 2541 903 2613 sanguinum
951 2541 1226 2594 daemones
1262 2546 1406 2603 sunt,
1451 2536 1544 2606 qui
1589 2535 1832 2590 homines
1879 2535 1933 2589 in

362 2634 587 2690 Christo
608 2634 855 2688 viventes
878 2631 1158 2701 sanguinis
1176 2628 1441 2683 effusione
1461 2627 1735 2682 occidunt.
1762 2628 1805 2659 ⁶⁹
1831 2626 1935 2681 Re-

357 2727 429 2782 cti
460 2735 639 2781 autem
676 2724 969 2794 exquirent
997 2722 1235 2777 animam
1267 2722 1404 2791 ejus.
1438 2719 1501 2774 Hi
1527 2730 1655 2775 sunt
1691 2721 1781 2791 qui
1817 2722 1935 2774 illo-

361 2836 479 2875 rum
509 2830 630 2874 acta
656 2828 709 2874 et
729 2819 987 2888 cogitata,
1015 2824 1197 2871 mente
1221 2824 1276 2869 et
1302 2828 1469 2884 opere
1492 2814 1692 2868 imitari
1721 2814 1931 2868 volunt.

435 3003 648 3056 Revera
696 2999 923 3054 insanus
978 2997 1316 3054 iracundiam
1346 3011 1497 3050 suam
1526 2997 1811 3051 continere
1836 3011 1933 3051 ne-
1958 3037 2002 3096 Ο

2033 1818 2143 1857 νειν
2169 1800 2296 1873 ἔθνη
2318 1842 2333 1867 ,
2373 1802 2464 1856 τὸν
2496 1804 2700 1876 Πέτρον
2732 1806 2884 1877 φησὶ,
2917 1803 3011 1858 τὸν
3048 1804 3146 1876 τὴν
3180 1804 3501 1875 οἰκουμένην
3531 1802 3614 1856 6t—

2031 1893 2264 1960 δάξαντα
2295 1892 2392 1965 τὴν
2431 1895 2511 1959 εἰς
2548 1895 2782 1965 Χριστὸν
2809 1896 2989 1949 πίστιν
3016 1896 3110 1950 καὶ
3150 1895 3430 1949 εὐσέϐειαν
3463 1894 3572 1965 (25)
3594 1911 3610 1925 ·

2032 1983 2126 2034 καὶ
2147 1981 2377 2043 Παῦλον,
2406 1983 2645 2047 καὶτοὺς
2672 1984 2889 2048 λοιποὺς
2914 1987 3206 2056 μετέπειτα
3228 1984 3610 2049 διδασκάλους·

2041 2074 2211 2146 ἄνδρα
2242 2074 2297 2128 δὲ
2328 2074 2529 2144 φαῦλον
2548 2117 2562 2141 ,
2592 2076 2719 2141 τοὺς
2738 2077 2878 2131 κατά
2907 2077 3111 2132 Θευδᾶν
3132 2079 3225 2131 καὶ
3260 2076 3482 2141 Ἰούδαν,
3513 2077 3616 2130 καὶ⁵

2034 2168 2359 2238 Σαμοσατέα
2386 2168 2498 2240 (26)
2518 2209 2532 2232 ,
2569 2170 2663 2223 καὶ
2693 2172 2820 2233 τοὺς
2856 2169 3057 2224 τούτων
3084 2171 3409 2242 ὁμόφρονας
3432 2168 3524 2221 ἐπὶ
3552 2168 3616 2222 δὲ

2033 2261 2124 2314 τὸν
2153 2259 2350 2330 φαῦλόν
2371 2260 2484 2330 (27)
2516 2263 2720 2333 φησινό
2752 2262 2911 2316 Δαυῖδ
2932 2279 2944 2291 ⁸
2974 2261 3087 2316 Καὶ
3108 2262 3400 2316 ἐπάὑτόν
3432 2259 3616 2332 γελά-

2034 2368 2264 2419 σονται,
2281 2353 2379 2406 καὶ
2400 2353 2671 2421 ἐροῦσιν·
2704 2352 2862 2408 Ἰδοὺ
2883 2354 3211 2424 ἄνθρωπος,
3226 2354 3293 2422 ὃς
3311 2357 3420 2409 οὐκ
3441 2355 3615 2410 ἔθετο

2034 2443 2140 2497 τὸν
2166 2444 2313 2497 Θεὸν
2334 2444 2570 2512 βοηθύν
2600 2445 2806 2500 αὐτοῦ.

2110 2536 2332 2607 ’Ἄνδρες
2379 2536 2623 2607 αἱμάτων
2671 2537 2721 2590 οί
2777 2537 3028 2608 δαίμονές
3073 2539 3235 2603 εἰσιν,
3285 2540 3335 2591 οἱ
3376 2541 3503 2604 τοὺς
3549 2542 3616 2594 ἐν

2034 2628 2255 2702 Χριστῷ
2296 2629 2505 2695 ζῶντας
2543 2631 2767 2703 ἐκχύσει
2798 2630 3030 2703 αἵματος
3074 2632 3520 2696 ἀποκτείναντες·
3559 2634 3615 2688 οἱ

2034 2719 2090 2772 δὲ
2139 2718 2315 2784 εὑθεῖς
2363 2718 2724 2792 ἐκζητήσουσι
2769 2720 2947 2791 ψυχὴν
3001 2720 3202 2774 αὐτοῦ’
3256 2713 3399 2777 οῦτοι
3451 2722 3502 2775 οἱ
3541 2726 3615 2777 τά

2035 2811 2211 2866 αὐτῶν
2261 2812 2510 2883 πρακτέα
2551 2814 2645 2866 καὶ
2684 2814 2982 2885 νενοημένα
3020 2815 3242 2886 ποιῆσαι
3287 2818 3380 2870 καὶ
3422 2818 3616 2889 νοῆσαι

2038 2902 2371 2974 βουλόμενοι.

2112 2997 2320 3060 Ὄντως
2344 2997 2372 3049 6
2397 2998 2586 3069 ἄφρων
2619 2998 2927 3071 ἀκράτητον
2954 2998 3065 3071 ἔχει
3093 3000 3184 3054 τὸν
3214 3000 3381 3072 Θυμὺν
3408 2999 3572 3055 αὑτοῦ
3598 3019 3611 3029 ·

361 3098 498 3167 quit.
536 3095 634 3150 Hic
664 3091 930 3164 (sapiens)
961 3099 1140 3145 autem
1185 3090 1463 3158 dispensat
1507 3082 1606 3157 per
1648 3100 1853 3159 partes,
1877 3088 1931 3142 id

2044 3082 2187 3153 αὑτος
2213 3090 2269 3142 δέ
2295 3091 2612 3161 ταμιεύεται
2640 3091 2783 3145 κατὰ
2816 3093 3008 3164 μέρος,
3056 3094 3222 3161 ἤγουν
3251 3093 3345 3145 ἐπὶ
3382 3095 3495 3157 τοῖς
3535 3092 3618 3147 δι-

361 3199 467 3253 est,
506 3189 557 3242 iu
601 3187 762 3242 rebus
805 3186 969 3252 justis
1003 3184 1282 3238 irascitur.
1310 3182 1435 3236 "Et
1471 3184 1537 3235 ad
1575 3181 1933 3250 simpliciores

360 3280 581 3353 quidem
620 3275 912 3331 dicendum
960 3282 1045 3329 est
1083 3274 1207 3328 hoc.
1263 3272 1347 3327 Ad
1393 3271 1665 3326 doetiores
1699 3280 1878 3324 autem
1913 3287 1929 3323 :

361 3372 452 3442 qui
502 3384 627 3425 cum
669 3365 1085 3438 longanimitate
1138 3365 1408 3421 consumit
1452 3363 1791 3417 iracundiam
1837 3376 1933 3431 per

363 3473 564 3536 partes.

433 3555 477 3586 “
507 3550 937 3608 Observantibus
969 3548 1147 3616 legem
1189 3558 1478 3604 enarrator
1519 3550 1627 3602 erit
1674 3548 1934 3603 Dominus

363 3647 421 3701 in
463 3658 631 3715 regno
662 3662 675 3696 :
703 3642 1198 3713 transgressoribus
1228 3656 1335 3696 non
1382 3640 1489 3694 erit
1526 3649 1811 3695 enarrator
1836 3641 1932 3697 sed

400 3738 599 3791 unitor.

400 3755 599 3791 υηιιοΓ.

360 3755 393 3809 p
434 3827 711 3882 Neminem
753 3832 946 3894 suapte
980 3833 1169 3877 natura
1199 3824 1393 3877 durum
1425 3837 1548 3878 esse
1591 3822 1935 3878 demonstrat

361 3920 565 3974 dictum
591 3916 722 3972 illud
758 3916 928 3970 :Nam
959 3915 1063 3970 etsi
1112 3915 1464 3980 intellexerit,
1490 3918 1595 3968 utin
1630 3916 1932 3970 obediet".

360 4010 463 4078 Qui
491 4009 857 4077 enimsuapte
891 4016 1086 4060 natura
1117 4006 1288 4059 durus
1322 4014 1428 4070 est,
1460 4005 1590 4059 nihil
1619 4016 1824 4060 rectum
1854 4008 1936 4062 in-

358 4097 585 4170 telliget.
616 4099 663 4130 ⁷³
694 4097 810 4152 Hoc
836 4107 1015 4151 autem
1043 4096 1129 4150 aio
1158 4105 1381 4165 propter
1412 4095 1752 4151 Pharaonem
1777 4098 1935 4151 indu-

356 4206 538 4251 ratqu
578 4203 767 4249 contra
798 4191 1076 4257 lsraelem,
1119 4201 1176 4247 et
1226 4206 1334 4246 non
1364 4190 1550 4245 verbis
1575 4192 1670 4247 sed
1699 4194 1936 4262 castiga—

359 4290 601 4346 tionibus
631 4285 928 4341 eruditum.

2036 3185 2210 3247 καίοις
2258 3183 2609 3255 ὀργιζόμενος
2650 3185 2960 3257 πράγμασι.
3004 3186 3114 3239 Καὶ
3157 3185 3293 3255 πρὸς
3344 3186 3441 3255 μὲν
3486 3186 3617 3248 τοὺς

2035 3278 2431 3349 ἁπλουστέρους
2476 3277 2692 3331 λεκτέον
2746 3278 2941 3331 τοῦτο’
2992 3279 3129 3351 πρὸς
3172 3278 3229 3331 δὲ
3274 3280 3399 3342 τοὺς
3448 3295 3618 3331 σπου-

2034 3370 2252 3434 δαίους,
2302 3372 2331 3423 6
2369 3369 2455 3422 διὰ
2500 3369 2599 3441 τῆς
2642 3368 3021 3441 μακροθυμίας
3064 3369 3475 3424 καταναλίσκων
3518 3368 3619 3422 τὸν

2036 3458 2203 3530 Θυμὸν
2232 3462 2373 3514 κατά
2409 3461 2593 3533 μέρος.

2107 3552 2232 3616 Τοῖς
2267 3553 2363 3623 μὲν
2403 3552 2669 3622 φυλάξασι
2713 3551 2802 3605 τὸν
2834 3553 2995 3625 νόμον
3030 3551 3261 3624 ὑπάρξει
3288 3552 3560 3625 ἐξηγητὴς
3585 3553 3621 3607 ὁ

2035 3644 2240 3716 Κύριος
2269 3648 2326 3699 ἐν
2355 3648 2421 3717 τῇ
2454 3645 2701 3717 βασιλείᾳ
2724 3662 2737 3675 ·
2770 3647 2880 3708 τοῖς
2923 3645 2978 3697 δὲ
3005 3646 3472 3717 παρανομήσασιν,
3525 3643 3618 3711 ἐξ-

2034 3738 2247 3809 ηγητὴς
2276 3738 2374 3808 μὲν
2400 3739 2498 3808 οὐχ
2532 3738 2784 3808 ὑπάρξει,
2820 3736 3084 3807 κολαστὴς
3109 3737 3163 3789 δὲ
3194 3736 3442 3807 ὑπάρξει.

2110 3830 2230 3882 Ὅτι
2276 3828 2448 3892 οὐδεὶς
2493 3828 2636 3881 κατὰ
2671 3827 2830 3896 φύσιν
2866 3827 3137 3899 σκληρὸς,
3190 3827 3481 3899 παρίστησι
3528 3826 3615 3891 τὸ,

2050 3919 2171 3971 Ἐάν
2197 3918 2304 3990 γὰρ
2349 3920 2443 3971 καὶ
2494 3922 2658 3989 νοήσῃ
2704 3920 2800 3988 οὑχ
2847 3918 3237 3972 ὑπακούσεται·
3275 3919 3303 3969 6
3330 3919 3435 3989 γὰρ
3472 3918 3621 3972 κατά

2039 4009 2197 4079 φύσιν
2222 4010 2479 4080 σκληρὸς,
2506 4010 2605 4063 οὑκ
2633 4009 2698 4063 ἂν
2717 4010 2874 4081 ὀρθόν
2902 4028 2951 4063 τι
2975 4012 3159 4081 νοήσοι
3186 4010 3314 4063 ποτέ
3337 4028 3347 4038 ·
3376 4009 3534 4063 τοῦτο
3555 4011 3617 4063 δὲ

2037 4101 2177 4169 λέγω
2211 4102 2297 4154 διὰ
2327 4101 2419 4153 τὸν
2453 4101 2652 4170 Φαραὼ
2695 4102 3097 4173 σκληρυνθέντα
3125 4103 3217 4156 ἐπὶ
3243 4104 3334 4157 τὸν
3376 4103 3617 4176 Ἰσραὴλ,

2037 4194 2129 4245 καὶ
2160 4193 2220 4243 οὐ
2246 4191 2423 4259 λόγοις
2455 4191 2590 4244 ἀλλά
2621 4192 2836 4263 μάστιξι
2867 4192 3240 4247 παιδευθέντα.

426 4382 477 4414 τι
509 4380 566 4435 Si
601 4378 749 4434 luxui
812 4376 1117 4447 indulgere,
1171 4389 1402 4445 peccare
1455 4375 1622 4440 facit;
1684 4375 1934 4445 quisquis

2113 4375 2176 4427 Εί
2208 4375 2268 4427 τὸ
2300 4374 2723 4445 κατασπαταλᾷν
2748 4416 2761 4440 ,
2790 4374 3124 4446 ἁμαρτάνειν
3154 4377 3329 4440 ποιεῖ,
3372 4376 3477 4439 πᾶς
3500 4376 3558 4429 δὲ
3583 4379 3619 4431 6

354 4492 488 4531 vero
524 4474 652 4529 facit
699 4482 1002 4543 peccatum,
1047 4485 1235 4549 servus
1283 4479 1367 4524 est
1411 4471 1653 4539 peccati;
1686 4470 1931 4538 profecto

356 4569 536 4623 omnis
560 4566 878 4620 luxuriosus
907 4578 1101 4618 servus
1133 4571 1216 4616 est
1245 4563 1477 4631 peccati.
1511 4562 1770 4618 Extrema
1801 4579 1930 4618 vero

355 4661 445 4715 die
477 4660 620 4712 haud
664 4658 856 4711 leviter
881 4656 963 4711 sui
999 4670 1161 4709 causa
1190 4654 1416 4710 dolebit.

426 4751 860 4806 Contumeliosos
892 4746 1144 4801 humiliat
1195 4746 1474 4814 Dominus,
1505 4746 1797 4802 humilibus
1829 4764 1927 4801 au-

355 4853 466 4897 tem
500 4840 733 4910 gloriam
785 4839 996 4893 tribuit.
1031 4867 1103 4879 —
1130 4838 1175 4869 ⁷⁵
1205 4837 1607 4891 Contumeliam
1655 4839 1743 4893 hic
1797 4838 1930 4893 dicit

353 4948 455 5003 pro
503 4929 766 4999 nequitia,
825 4928 952 4997 quia
995 4942 1186 4995 reapse
1242 4927 1631 4981 contumeliam
1672 4937 1728 4983 et
1756 4929 1928 4984 ruina:

355 5024 762 5095 depressionem
795 5019 1035 5090 nequitia
1087 5020 1402 5075 auctoribus
1445 5019 1556 5075 suis
1603 5019 1840 5076 conferet
1872 5022 1925 5076 in

427 5170 473 5201 ⁸⁵
500 5169 517 5222 l
549 5169 673 5223 Cor.
704 5182 822 5225 xm.
852 5165 906 5218 4.

356 5242 403 5274 ⁷³
439 5258 489 5295 ν.
530 5240 616 5295 l9.
687 5236 734 5267 ⁷³⁵
770 5253 819 5290 v.
854 5235 945 5290 21.
1022 5235 1066 5265 ⁷⁵
1103 5249 1154 5287 v.
1184 5235 1275 5288 25.

426 5380 543 5451 (25)
572 5377 956 5451 Animadverte
974 5380 1244 5451 quomodo
1264 5378 1524 5448 Origenes
1542 5380 1688 5433 dicat
1710 5380 1928 5436 Petrum

355 5451 480 5506 ﬁdei
516 5450 579 5505 ac
614 5450 896 5516 religionis
925 5450 1205 5503 exstitisse
1234 5454 1434 5503 mundo
1469 5453 1814 5519 magistrum.

424 5522 536 5591 (26)
566 5522 684 5586 Quo
717 5531 883 5591 pacto
908 5519 1341 5574 Samosatensem
1375 5523 1443 5589 (si
1472 5521 1693 5573 Pandunt
1725 5523 1925 5576 intelli-

353 5588 451 5662 git)
504 5588 749 5646 nominat
795 5588 1083 5658 Origenes,
1131 5593 1220 5658 qui
1279 5591 1557 5660 aliquanto
1608 5594 1791 5647 senior
1836 5597 1927 5648 illo

356 5664 480 5725 fuit,
518 5677 827 5732 quanquam
882 5664 1018 5715 intra
1069 5662 1207 5718 idem
1248 5662 1467 5717 tertium
1503 5663 1702 5719 Christi
1755 5683 1926 5719 ειυςιι-

992 5164 1110 5237 θεν.
1144 5164 1249 5237 LA
1276 5166 1320 5198 °°
1340 5182 1390 5219 v.
1423 5166 1476 5220 9.
1551 5167 1674 5206 δ”-⁸⁸
1705 5166 1848 5223 Psal.
1888 5184 1960 5237 ιι,
1978 5167 2029 5223 8.
2111 5171 2155 5202 θ’
2187 5188 2237 5225 v.
2281 5170 2365 5224 10.
2439 5169 2485 5201 '°
2514 5184 2565 5222 v.
2594 5169 2679 5223 11.

2039 4470 2204 4523 ποιῶν
2233 4470 2329 4540 τὴν
2372 4468 2643 4540 ἁμαρτίαν
2685 4469 2868 4534 δοῦλός
2909 4472 3023 4524 ἐστι
3049 4472 3149 4541 τῆς
3180 4472 3470 4543 ἁμαρτίας,
3504 4472 3617 4535 πᾶς

2037 4564 2144 4633 ἄρα
2191 4566 2219 4616 6
2268 4562 2554 4617 σπαταλῶν
2594 4562 2778 4625 δοῦλός
2830 4564 2946 4617 ἐστι
2986 4565 3087 4634 τῆς
3116 4565 3423 4635 ἁμαρτίας“
3466 4566 3524 4617 ἐν
3554 4564 3613 4617 δὲ

2032 4661 2097 4729 τῇ
2132 4658 2332 4729 ἐσχάτῃ
2360 4656 2539 4727 ἡμέρᾳ
2570 4657 2670 4708 οὑκ
2695 4655 2862 4724 ὀλίγαξ
2884 4656 2968 4725 ἐφ’
2999 4656 3176 4727 ἐαυτῷ
3201 4656 3609 4725 ὀδυνηθήσεται.

2115 4748 2407 4821 Ὺϐριστὰς
2446 4750 2691 4800 ταπεινοί
2733 4747 2936 4817 Κύριος
2960 4788 2974 4811 ,
3012 4748 3285 4811 ταπεινοῖς
3326 4747 3382 4799 δὲ
3425 4747 3611 4800 δίδωσι

2030 4841 2481 4913 δόξαν.--”Υ6ριν
2520 4842 2618 4912 τὴν
2659 4840 2855 4893 κακίαν
2886 4839 3046 4910 φησίν
3070 4859 3081 4871 ·
3125 4840 3280 4912 ῦὸριν
3308 4840 3362 4892 δὲ
3396 4841 3487 4893 καὶ
3518 4858 3612 4893 τα-

2033 4936 2289 4989 πείνωσιν
2322 4934 2595 4997 ἀπωλείας
2634 4933 2885 5005 προξενεῖ
2922 4935 2955 5004 ἡ
3004 4934 3169 4986 κακία
3202 4936 3315 4996 τοῖς
3342 4933 3611 5005 πράττου-

2034 5044 2117 5080 σιν
2161 5026 2357 5098 αὐτὴν,
2394 5026 2451 5079 ἐν
2480 5028 2546 5097 τῇ
2588 5025 2770 5096 ἡμέρᾳ
2814 5024 2912 5095 τῆς
2954 5024 3217 5095 κρίσεως·
3268 5027 3391 5088 τοὺς
3424 5024 3479 5077 δὲ
3510 5043 3609 5078 τα-

2753 5168 2795 5199 “
2830 5184 2877 5223 v.
2914 5167 3000 5220 18.
3074 5169 3116 5199 ⁷³
3153 5167 3312 5221 Prov.
3339 5183 3488 5232 xxix,
3522 5168 3605 5222 i9.

2039 5381 2187 5436 lum?
2222 5382 2367 5435 Sane
2396 5379 2449 5431 in
2480 5376 2668 5430 codice
2702 5388 2896 5429 nomen
2926 5373 3177 5439 Origenis
3227 5373 3353 5426 huic
3396 5386 3610 5441 quoque

2038 5456 2342 5514 fragmento
2388 5446 2727 5516 appingitur;
2782 5446 2873 5499 sed
2913 5444 3051 5516 nihil
3097 5454 3241 5516 vetat
3295 5444 3605 5516 quominus,

2040 5525 2123 5575 vel
2180 5513 2528 5574 atiiauuet'isis
2562 5513 2830 5569 inendum
2880 5515 2968 5578 sit,
3004 5524 3061 5566 ut
3098 5514 3149 5566 in
3202 5516 3411 5570 catenis
3451 5513 3607 5568 lacile

2037 5612 2134 5647 usu
2173 5593 2338 5651 venit,
2374 5591 2455 5641 vel
2491 5587 2745 5654 quaelibet
2782 5583 3150 5654 interpolatio.

2110 5664 2223 5733 (9.7)
2259 5660 2384 5715 cod.
2418 5656 2649 5712 Παῦλον.
