3888 6218
178 332 286 387 249

1352 330 1441 386 EX
1450 326 1720 385 POSll‘lO
1750 326 1815 382 IN
1850 324 2268 383 PROYERBIA.

3329 328 3439 385 εει)

176 450 542 520 πεινόφρονας
573 450 606 521 ἡ
642 447 799 516 δόξα,
828 448 895 519 ἢν
929 447 1175 515 ἐδόξαζον
1208 449 1298 502 τὸν
1328 450 1459 504 Θεὸν
1487 450 1545 503 ἐν
1578 449 1757 521 ὕμνοις

1872 450 1956 504 die
1986 447 2195 520 iudicii.
2233 446 2304 500 At
2331 443 2568 500 humiles
2596 444 2711 516 ipsa
2747 443 2943 516 gloria,
2972 459 3076 515 qua
3123 444 3292 500 Deum
3319 446 3440 515 glo-

177 544 277 596 aut
300 542 533 613 τηρήσει
549 540 660 595 τῶν
683 541 911 595 ἐντολῶν
934 542 1119 607 αὑτοῦ,
1144 541 1351 607 δοξάσει
1382 542 1578 607 αὐτούς
1600 560 1613 573 ·
1641 542 1757 607 δόξα

1872 540 2157 597 riﬁcarunt
2210 538 2462 610 hymnis,
2518 546 2573 595 et
2633 539 3015 593 mandatorum
3067 540 3440 606 observantia,

179 637 292 708 γὰρ
324 635 463 687 Θεοῦ
495 635 556 687 τὸ
581 637 753 687 ποιεῖν
786 634 885 698 τὰς
913 635 1132 698 ἐντολὰς
1159 635 1351 689 αὑτοῦ·
1399 633 1579 698 καθὼς
1607 635 1757 698 αὑτός

1872 633 2113 689 extollet.
2150 630 2333 688 Gloria
2372 630 2517 685 enim
2558 630 2651 684 Dei
2704 638 2788 685 est
2824 631 3109 700 praeceptis
3143 629 3260 698 ejus
3315 630 3441 687 obe-

181 728 391 799 φησινὸ
409 728 613 799 Κύριος
639 727 753 780 ἀλλ’
776 727 834 798 ἢ,
862 726 1007 793 Τοὺς
1030 725 1473 797 δοξάζοντάςμε
1495 725 1760 791 δοξάσω·

180 825 214 893 ἡ
244 824 301 876 δὲ
330 822 499 876 κακία
532 821 690 891 ὕϐριν
723 820 948 890 λογικῆς
980 819 1155 890 ψυχῆς
1183 818 1452 891 προξενεῖ.

248 1002 511 1072 Κλέπτην
533 1001 633 1055 οὐκ
655 998 812 1055 ἄλλον
840 998 985 1065 τινὰ,
1017 1000 1065 1055 εί
1096 998 1169 1069 μὴ
1197 998 1288 1052 τὸν
1313 996 1557 1051 διάϐολον
1582 996 1758 1066 λέγει·

174 1098 205 1149 ό
249 1095 310 1148 δὲ
359 1093 715 1165 μεριζόμενος
738 1131 753 1156 ,
786 1092 955 1162 ἤγουν
998 1090 1162 1162 μέρος
1211 1089 1308 1161 μὲν
1353 1088 1463 1144 τῶν
1498 1088 1593 1142 τοῦ
1627 1088 1762 1142 Θεοῦ

174 1187 623 1259 προσταγμάτων
654 1185 859 1256 τηρῶν,
895 1185 1059 1257 μέρος
1087 1183 1143 1237 δὲ
1169 1182 1264 1238 τοῦ
1300 1183 1537 1255 πονηροῦ
1572 1184 1759 1249 ποιῶν,

173 1276 334 1343 οὗτος
372 1282 522 1349 μισεῖ
550 1278 648 1349 τὴν
677 1276 868 1331 ἐαυτοῦ
897 1277 1074 1347 ψυχήν
1097 1292 1110 1305 ·
1153 1275 1349 1346 μικρὸν
1375 1274 1485 1347 γάρ
1517 1276 1641 1329 ὅσον
1670 1276 1763 1329 καὶ

172 1370 383 1424 τέλειον
422 1371 582 1424 αὑτὸν
625 1369 830 1439 κλέψας
873 1371 901 1422 6
942 1366 1185 1429 διάϐολος
1209 1407 1223 1432 ,
1257 1365 1407 1421 θύσει
1436 1366 1632 1438 ἐαυτῷ.
1699 1366 1762 1419 '0

172 1462 448 1529 κλέπτης
474 1462 604 1533 γὰρ,
637 1462 823 1527 φησιν,
853 1461 963 1513 οὐκ
982 1460 1235 1529 ἔρχεται,
1261 1462 1310 1513 εὶ
1333 1458 1419 1528 μὴ
1440 1460 1539 1515 ἵνα
1564 1458 1761 1529 κλέψῃ

172 1555 273 1608 καὶ
296 1556 483 1623 θύσῃ,
514 1553 611 1607 καί
642 1553 943 1619 ἀπολέσῃ.
966 1584 1034 1593 —
1056 1552 1259 1622 Ὅρκον
1292 1548 1410 1605 εἶπε
1438 1552 1527 1605 τὸν
1557 1549 1719 1621 νόμον
1744 1567 1757 1578 ·

1866 727 1999 782 dire.
2034 723 2501 793 Quemadmodum
2559 722 2675 792 ipse
2726 721 2858 776 dicit
2913 720 3224 776 Dominus:
3257 720 3442 778 Hono-

1867 828 2043 872 rantes
2069 832 2149 871 me
2175 816 2445 871 honorabo
2470 816 2540 869 ⁷⁸.
2584 814 2837 886 Nequitia
2874 828 3007 870 vero
3053 814 3441 869 contumeliam

1865 911 2123 969 rationali
2159 911 2356 967 anima:
2388 909 2573 966 infert.

1932 1004 2130 1060 Furem
2164 1002 2308 1058 haud
2361 1003 2531 1059 alium
2592 1002 2725 1059 dicit
2771 1017 2935 1073 quam
2982 1003 3281 1060 diabolum.
3337 1001 3442 1070 Qui

1862 1109 1998 1152 vero
2044 1097 2096 1151 in
2141 1104 2324 1167 partes
2378 1094 2671 1165 scinditur,
2727 1094 2783 1149 id
2839 1103 2925 1151 est
2977 1095 3174 1165 partim
3223 1094 3439 1165 quidem

1864 1188 2122 1244 mandata
2176 1187 2270 1244 Dei
2319 1187 2659 1258 exsequitur,
2684 1188 2885 1257 partim
2918 1200 3049 1242 vero
3081 1187 3325 1257 maligni,
3355 1188 3445 1242 hic

1862 1282 2098 1335 animam
2156 1280 2436 1350 propriam
2489 1280 2627 1335 odit.
2676 1279 2862 1333 "Sed
2920 1279 3067 1334 hunc
3126 1279 3440 1349 prOpedicm

1863 1374 2033 1421 totum
2060 1365 2333 1423 sutl'urans
2365 1367 2634 1432 diabolus,
2659 1367 2762 1422 sibi
2796 1367 3119 1423 immolabit.
3148 1366 3439 1431 Furem’m,

1862 1458 2039 1529 inquit
2066 1459 2318 1515 Christus
2340 1459 2410 1522 ⁷⁸,
2439 1476 2543 1513 non
2566 1459 2697 1513 venit
2733 1459 2839 1513 nisi
2865 1470 2919 1513 ut
2938 1459 3143 1529 [aretur
3158 1470 3204 1513 et
3227 1468 3441 1524 mactet,

1859 1562 1906 1607 et
1941 1550 2645 1621 perdat.-——Jusjurandum
2695 1552 2831 1607 dixit
2879 1552 3074 1623 legem.
3116 1552 3268 1608 Sicut
3294 1552 3441 1606 enim

172 1645 369 1716 ὥσπερ
414 1644 521 1715 γάρ
563 1645 591 1697 6
626 1644 788 1715 ὅρκος
830 1643 1011 1715 τίθησι
1036 1642 1128 1696 τὸν
1158 1642 1291 1696 Θεὸν
1322 1643 1381 1697 ἐν
1407 1642 1550 1713 ψυχῇ
1571 1681 1585 1705 ,
1619 1640 1757 1694 οὕτω

1872 1644 2233 1713 iusiurandum
2271 1645 2435 1699 Deum
2478 1644 2532 1699 in
2580 1646 2760 1699 anima
2803 1644 2975 1714 ponit,
3027 1645 3106 1700 sic
3151 1643 3317 1699 etiam
3354 1642 3441 1698 lex

169 1738 266 1790 καὶ
308 1738 339 1789 6
376 1737 540 1807 νόμος
565 1737 775 1805 εἰσάγει
798 1736 929 1789 Θεὸν
968 1736 1047 1800 είς
1073 1734 1285 1806 ψυχήν·
1331 1735 1424 1788 καὶ
1468 1735 1528 1787 ὃν
1558 1734 1757 1807 τρόπον

1872 1738 2030 1793 Deum
2082 1739 2136 1793 in
2186 1739 2426 1793 animam
2460 1738 2687 1793 inducit.
2714 1738 2779 1793 Et
2818 1738 3286 1809 quemadmodum
3319 1754 3443 1808 per-

169 1828 340 1883 πάλιν
374 1829 588 1898 ἀναιρεῖ
615 1829 648 1898 ἡ
681 1826 936 1898 ἐπιορκία
962 1826 1094 1880 Θεὸν
1117 1828 1183 1879 ἐκ
1208 1825 1403 1897 ψυχῆς,
1433 1824 1573 1878 οὕτω
1598 1826 1690 1879 καὶ
1719 1826 1752 1896 ἡ

1872 1830 2063 1895 iurium
2113 1829 2283 1885 Deum
2328 1845 2395 1885 ex
2441 1830 2621 1884 anima
2669 1831 2835 1894 delet,
2894 1831 2965 1885 ita
3024 1831 3158 1901 legis
3217 1830 3441 1886 violatio

168 1919 491 1993 παρανομία
513 1918 763 1973 ἐκϐάλλει
787 1918 920 1971 Θεὸν
943 1918 1037 1972 ἀπ’
1062 1916 1258 1988 αὐτῆς.
1308 1916 1431 1970 Ἐὰν
1453 1912 1565 1980 οὖν,
1602 1916 1754 1987 φησὶ,

169 2014 339 2084 νόμου
364 2012 613 2075 τεθέντος
640 2012 971 2074 ἀκούσαντες
996 2012 1070 2082 μὴ
1096 2010 1523 2083 ἐξαγορεύσωσιν
1552 2008 1757 2063 ἑαυτῶν

167 2107 270 2170 τὰς
298 2105 574 2177 ἁμαρτίας
598 2144 613 2169 ,
662 2103 989 2176 φοϐηθέντες
1020 2105 1114 2156 καὶ
1151 2102 1527 2173 αἰσχυνθέντες
1553 2100 1760 2172 ἀνθρώ-

167 2216 331 2263 πους,
360 2197 911 2269 ὑποσκελισθήσονται
946 2196 1083 2269 πρὸς
1115 2196 1389 2251 ἀπώλειαν
1412 2214 1425 2225 ·
1455 2195 1597 2248 οὕτω
1628 2194 1760 2266 φησὶ

168 2294 267 2347 καὶ
293 2295 324 2346 6
346 2292 509 2345 Δαυῖδ
528 2308 541 2321 ο
559 2288 749 2345 Ἐἷπα·
770 2292 823 2343 Ἐ
828 2290 1169 2363 (Sarapwa
1186 2290 1310 2343 κατ’
1326 2289 1472 2359 ἐμοῦ
1492 2287 1606 2356 τὴν
1623 2289 1761 2342 dro-

167 2385 319 2456 μίαν
334 2402 453 2454 μου
471 2382 552 2449 τῷ
565 2384 779 2451 Κυρίῳ,
803 2382 899 2435 καί
932 2382 1012 2436 σὺ
1041 2381 1282 2451 ἀφῆκας
1323 2381 1439 2449 τὴν
1477 2379 1761 2435 ἀσέϐειαν

169 2476 285 2545 τῆς
301 2476 549 2544 καρδίας
566 2496 682 2545 μου
707 2494 719 2507 ·
751 2477 845 2530 καί
871 2494 884 2506 ·
912 2476 1061 2547 Λέγε
1086 2476 1168 2531 σὺ
1197 2475 1427 2545 πρῶτος
1450 2475 1555 2540 τὰς
1575 2475 1760 2543 ἀμαρ-

168 2572 307 2638 τὶας
350 2587 498 2636 σου,
546 2573 645 2626 ira
694 2569 1043 2639 δικαιωθῇς·
1083 2570 1177 2624 καὶ
1226 2568 1387 2623 πάλιν
1435 2570 1464 2621 6
1510 2567 1759 2639 Σολομῶν

170 2685 340 2739 φησιν
356 2684 368 2698 ’

171 2752 645 2829 ἀγαπηθήσεται.

1864 1922 2036 1977 Deum
2068 1936 2135 1976 ex
2171 1921 2262 1975 illa
2311 1920 2501 1991 abigit.
2558 1919 2613 1975 Si
2665 1936 2795 1992 ergo
2827 1930 3007 1977 stante
3041 1920 3177 1989 lege,
3215 1930 3439 1989 peccata

1864 2028 1960 2068 sua
1984 2014 2235 2068 conﬁteri
2266 2013 2560 2081 noluerint,
2595 2022 2740 2067 metu
2782 2030 2847 2068 ac
2892 2014 3100 2083 pudore
3129 2014 3439 2078 hominum,

1864 2106 2164 2161 exitialiter
2213 2107 2617 2162 subvertentur.
2654 2108 2744 2161 Sic
2808 2107 2885 2160 ait
2938 2116 2992 2161 et
3028 2104 3384 2160 Davidzbixi
3417 2122 3437 2161 :

1865 2198 2167 2268 Conﬁtebor
2193 2200 2446 2253 adversus
2474 2216 2555 2253 me
2578 2198 2899 2268 injustitiam
2926 2214 3095 2252 meum
3118 2197 3362 2264 Domino,
3389 2204 3438 2250 et

1866 2302 1924 2346 tu
1962 2293 2209 2346 remisisti
2259 2294 2581 2361 impietatem
2638 2292 2814 2346 cordis
2878 2291 2981 2344 mei
3003 2292 3069 2344 ⁷³.
3110 2289 3212 2344 Et:
3246 2288 3340 2343 Dic
3380 2298 3439 2341 tu

1864 2385 2011 2454 prior
2043 2394 2257 2454 peccata
2299 2393 2413 2449 tua,
2456 2395 2514 2439 ut
2554 2384 2862 2455 justiﬁceris
2882 2384 2949 2436 ⁸ο.
3001 2382 3135 2437 Item
3180 2381 3437 2436 Salomon

1866 2475 1942 2529 ait
1965 2493 1978 2529 :
2003 2474 2106 2541 Qui
2135 2478 2300 2540 operit
2322 2478 2651 2546 iniquitatem
2676 2491 2849 2543 suam,
2876 2492 2980 2529 non
3002 2474 3435 2544 prosperabitur;

1866 2569 1954 2637 qui
1983 2577 2158 2622 autem
2184 2575 2401 2622 enarrat
2427 2576 2478 2622 et
2510 2568 2797 2636 vituperat,
2828 2567 2915 2621 hic
2941 2565 3270 2634 diligetur“.

442 2667 504 2720 Ὀ
566 2667 987 2722 ἐπικαλύπτων
1036 2666 1318 2722 ἀσέϐειαν
1382 2664 1568 2719 αὐτοῦ
1591 2707 1607 2733 ,
1675 2666 1787 2718 οὐκ
1838 2663 2277 2733 εὐοδωθήσεται
2300 2681 2315 2697 ·
2373 2668 2406 2718 ὁ
2464 2663 2533 2718 δὲ
2585 2664 2984 2733 ἐξηγούμενος
3032 2662 3130 2717 καὶ
3171 2662 3438 2731 ἐλέγχω

246 2850 403 2902 Ὅσοι
429 2848 800 2921 κατορθοῦμεν
825 2848 925 2913 τὰς
955 2848 1195 2913 ἐντολὰς,
1230 2848 1605 2921 θεραπεύομεν
1630 2848 1756 2913 τοὺς

1930 2845 1976 2877 δ’
2002 2843 2322 2913 Quicunque
2359 2843 2615 2898 mandata
2652 2843 2747 2898 Dei
2795 2844 3171 2910 observamus,
3215 2843 3436 2916 angelos

170 2941 470 3011 ἀγγέλους·
516 2942 669 2995 αὐτοὶ
695 2941 805 3012 γάρ
849 2943 987 2995 εἰσιν
1023 2943 1073 2995 oi
1116 2942 1407 3013 ἡγούμενοι
1436 2941 1595 3013 ἡμῶν
1626 2940 1759 3013 (28),

169 3033 270 3085 ἀπ’
295 3031 473 3103 ἀρχῆς
503 3031 730 3084 λαϐόντε
747 3049 776 3095 ς
801 3033 967 3103 ἡμᾶς,
999 3033 1087 3086 ὅτε
1119 3032 1424 3104 διεμέριζεν
1447 3034 1475 3087 6
1503 3031 1763 3102 ’Υψιστος

1859 2936 2226 2993 demeremur.
2276 2934 2382 3006 Ipsi
2430 2934 2594 2991 duces
2640 2936 2815 2991 nostri
2878 2946 3027 3004 sunt,
3083 2945 3333 3007 suscepta
3367 2939 3435 2993 ab

1857 3028 2012 3085 initio
2042 3027 2206 3083 tutela
2242 3038 2449 3093 nostra,
2487 3042 2613 3084 cum
2647 3028 2928 3085 dividebat
2960 3028 3277 3085 Altissimus
3306 3045 3437 3100 gen-

170 3124 302 3196 tem
328 3165 343 3188 ,
368 3126 469 3177 καὶ
499 3124 870 3195 ἔστησεν¹ὂρια
898 3123 1064 3178 ἐθνῶν
1089 3126 1230 3178 κατὰ
1253 3124 1483 3196 ἀριθμὸν
1511 3124 1757 3193 ἀγγέλων

1872 3136 1963 3186 es,
1992 3120 2369 3189 statuebatque
2397 3119 2537 3176 lines
2565 3119 2885 3190 populorum
2918 3122 3215 3177 secundum
3243 3136 3435 3177 nume-

169 3215 375 3270 αὐτοῦ·
415 3218 471 3269 ἐν
515 3216 571 3270 δὲ
611 3216 688 3288 τῷ
731 3216 1052 3289 θεραπεύειν
1084 3218 1231 3288 ἡμᾶς
1269 3219 1395 3280 τοὺς
1426 3215 1757 3287 ἡγουμένους

1872 3227 1981 3266 tum
2010 3211 2321 3282 angelorum
2373 3210 2489 3267 Dei.
2526 3212 2640 3281 Age
2695 3227 2829 3268 vero
2880 3213 3215 3269 demerendo
3270 3214 3437 3270 duces

170 3305 333 3375 ἡμῶν
381 3305 673 3374 ἀγγέλους,
705 3308 762 3359 ἐν
790 3306 870 3376 τῷ
902 3306 1166 3378 θελήματι
1196 3305 1290 3359 τοῦ
1329 3306 1535 3377 Κυρίου
1556 3346 1569 3369 ,
1605 3308 1663 3359 ἐν
1688 3308 1757 3377 τῇ

1872 3310 2074 3359 nostros
2102 3303 2349 3373 angelos,
2376 3303 2703 3372 Dominique
2746 3304 3024 3384 voluntate
3068 3304 3433 3375 adimplenda,

170 3398 353 3467 κρίσει
397 3397 604 3452 δίκαιον
658 3396 887 3468 ὑπάρξει
933 3400 1064 3469 ἡμῖν
1118 3398 1269 3470 παρὰ
1320 3396 1415 3451 τοῦ
1449 3398 1656 3470 Κυρίου
1702 3399 1757 3451 ἐν

1880 3405 2058 3450 ustum
2074 3411 2104 3449 a
2128 3395 2358 3450 Domino
2372 3395 2651 3465 praemium
2666 3397 2753 3450 illa
2771 3397 2860 3452 die
2878 3412 3295 3468 consequemur,
3328 3415 3433 3468 qua

170 3490 362 3561 ἐκείνῃ
393 3492 468 3567 ,τῇ
502 3488 719 3560 ἡμέρα,
750 3491 838 3543 ὅτε
876 3494 1051 3562 κρινεῖ
1080 3490 1181 3561 τὴν
1222 3491 1545 3562 οἰκουμένην
1588 3493 1647 3545 ἐν
1684 3490 1762 3544 δι-

1858 3490 2117 3542 mundum
2194 3488 2459 3557 iudicabit
2520 3506 2642 3543 cum
2694 3490 2950 3564 ju‘stitia:
2994 3492 3434 3563 quandoquidem

173 3598 439 3654 καιοσυνῃ
513 3580 567 3633 εῐ
606 3598 671 3649 γε
703 3584 879 3634 πᾶσαν
913 3582 1010 3654 τὴν
1045 3581 1224 3651 κρίσιν
1269 3582 1297 3634 6
1338 3582 1531 3653 Πατὴρ
1563 3581 1757 3635 δέδωκε

1872 3594 2019 3635 amne
2043 3578 2310 3647 judicium
2334 3577 2493 3635 Pater
2520 3579 2662 3636 Filio
2694 3581 2937 3636 tradidit.

173 3670 250 3742 τῷ
282 3671 419 3741 Υἱῷ.

1614 3762 1767 3819 CAP.
1807 3759 2001 3818 XXXI.

258 3856 504 3929 Ἀνδρεία
548 3856 694 3911 ἐστὶν
733 3856 845 3925 ἕξις
876 3858 1069 3931 ἀρίστη
1102 3858 1327 3929 λογικῆς
1368 3856 1578 3928 ψυχῆς,
1631 3855 1752 3910 καθ’

174 3950 239 4021 ῆν
267 3950 373 4003 τῶν
403 3948 795 4021 ἀντικειμένων
823 3951 958 4021 αὕτη
988 3951 1327 4024 κεκράτηκεν
1359 3948 1590 4021 ἐχθρῶν.

242 4044 583 4115 Νικήσαντες
608 4044 705 4115 τὴν
730 4044 1115 4115 ἀντικειμένην
1143 4043 1391 4114 δύναμιν,
1424 4042 1754 4112 σκυλεύομεν

175 4135 363 4205 αὐτὴν,
402 4136 529 4199 τοὺς
561 4136 689 4207 περὶ
720 4136 891 4206 αὐτῆς
922 4136 1114 4204 λόγους
1145 4135 1504 4206 μανθάνοντες
1528 4150 1541 4163 ο
1575 4134 1661 4186 ἵνα
1687 4132 1756 4185 τὰ

175 4227 297 4278 κατ’
327 4227 497 4280 αὐτὴν
527 4227 705 4297 φαῦλα
731 4226 865 4298 δῆλα
890 4229 1211 4299 ποιήσαντες
1232 4269 1246 4293 ,
1280 4226 1630 4295 ἀπαγίδευτοι
1659 4226 1756 4298 μέ-

177 4337 333 4383 νωσι,
367 4324 441 4390 μὴ
469 4324 626 4389 μόνον
650 4322 697 4373 οἱ
721 4320 1098 4391 ἀπλούστεροι,
1130 4319 1263 4372 ἀλλὰ
1289 4318 1379 4371 καὶ
1403 4320 1450 4371 οἱ
1480 4318 1757 4387 συλλαγω-

176 4412 437 4480 γῆθεντες
470 4412 662 4483 ῥαδίως
698 4411 1034 4480 ἐκφεύγωσιν
1062 4412 1155 4464 ἀπ’
1180 4411 1369 4481 αὐτῆς.

245 4501 533 4573 ιῖηρύεται
557 4502 617 4555 τὸ
640 4502 784 4573 ἔριον
805 4504 905 4555 καὶ
924 4501 1066 4555 λίνον
1092 4501 1257 4571 ψυχὴ,
1284 4503 1409 4565 τοὺς
1432 4502 1558 4571 περὶ
1583 4503 1758 4573 ἐμψύ-

177 4609 288 4662 χων
334 4593 431 4643 καὶ
478 4590 701 4661 ἀψύχων
745 4591 934 4658 λόγους
972 4590 1355 4660 γυμνάζουσα·
1406 4590 1598 4661 ῆτοὺς
1630 4592 1757 4664 περὶ

177 4684 489 4756 πρακτικῆς
536 4686 628 4737 καὶ
672 4686 905 4755 φυσικῆς
948 4684 1276 4751 ἐξετάζουσα
1324 4684 1553 4752 λόγουςο
1594 4684 1753 4756 ῆτὴν

177 4781 307 4849 περὶ
327 4778 594 4847 σωμάτων
615 4779 709 4834 καὶ
728 4778 1033 4848 ἀσωμάτων
1057 4777 1287 4847 θεωρίαν
1302 4777 1387 4831 διὰ
1408 4777 1505 4848 τῆς
1525 4794 1755 4848 πρακτι-

180 4868 284 4937 κῆς
310 4868 543 4920 ἕλκουσα
577 4869 711 4939 πρὸς
742 4867 909 4939 αὐτὴν
935 4867 1122 4933 ἕξεως.

243 4960 314 5011 'H
351 4960 448 5012 καὶ
480 4960 577 5030 τὴν
618 4961 684 5011 ἐκ
714 4959 907 5022 νυκτὸς
936 4958 1301 5030 ἀνισταμένην
1323 4959 1521 5029 ψυχὴν,
1551 4976 1755 5031 γρηγο-

181 5051 378 5121 ρσῦσαν
425 5052 669 5122 εὑρίσκει
720 5053 749 5104 6
798 5051 894 5121 τῆς
938 5049 1281 5121 δικαιοσύνης
1314 5049 1463 5121 ἥλιος
1496 5051 1753 5120 νυμφίος·

178 5144 395 5206 παντως
427 5142 485 5195 δέ
526 5144 619 5195 καὶ
662 5142 1107 5214 προσευχομένην
1134 5142 1227 5194 τοῦ
1269 5142 1343 5211 μὴ
1386 5143 1645 5212 ἐμπεσεῖν
1679 5143 1758 5205 είς

178 5235 501 5306 πειρασμὸν,
520 5234 778 5303 λέγουσαν
801 5235 882 5298 τὸ,
914 5233 1264 5304 Ἡγρύπνησα
1281 5234 1375 5287 καὶ
1393 5235 1656 5306 ἐγενόμην
1682 5236 1756 5299 ὡς

180 5326 457 5397 στρουθίον
487 5328 715 5396 μονάζον
745 5327 837 5378 ἐπὶ
877 5323 1122 5395 δώματος
1146 5341 1158 5351 ’
1192 5324 1388 5395 βρῶμα
1414 5325 1469 5377 δέ
1503 5328 1618 5378 ἐστι
1650 5326 1754 5395 ψυ-

177 5420 297 5489 χῆς,
322 5421 356 5489 ἡ
387 5418 584 5490 μελέτη
609 5418 717 5472 τῶν
743 5419 901 5472 θείων
927 5418 1100 5487 λόγων
1125 5435 1137 5447 ·
1170 5417 1306 5489 ἔργα
1329 5418 1385 5471 δὲ
1403 5460 1418 5487 ,
1444 5421 1498 5472 αἱ
1526 5421 1714 5492 ἀρεταί
1739 5436 1752 5451 ·

814 5584 859 5615 ⁷⁷
891 5598 942 5639 ν.
973 5584 1063 5639 24.

247 5582 334 5635 "l
365 5582 493 5652 Reg.
527 5600 587 5648 tt,
627 5582 717 5637 δι).
814 5584 859 5615 ⁷⁷
891 5598 942 5639 ν.
973 5584 1063 5639 24.
1159 5589 1204 5620 ⁷⁸
1277 5588 1435 5643 Joan.
1469 5602 1522 5649 κ,
1549 5584 1639 5638 10.

1714 5586 1758 5616 τυ
1786 5582 1929 5638 Psal.
1973 5597 2126 5645 χχχι,
2156 5581 2209 5636 5.

1931 3854 2286 3911 “Fortitudo
2311 3866 2393 3912 est
2431 3856 2632 3925 optima
2668 3856 2907 3927 qualitas
2956 3857 3155 3914 animae
3196 3858 3435 3915 rationa-

1861 3947 1946 4013 lis,
1982 3963 2084 4018 qua
2112 3950 2462 4004 adversantes
2491 3950 2595 4004 sibi
2625 3950 2874 4006 inimicos
2902 3951 3083 4007 anima
3120 3961 3362 4021 superat.

1932 4042 1977 4074 ³⁸
2003 4042 2267 4112 Superata
2314 4042 2629 4096 adversaria
2669 4044 2931 4111 potentia,
2977 4046 3264 4100 manubias
3308 4046 3437 4101 inde

1863 4134 2124 4204 capimus,
2153 4133 2516 4187 litteraturam
2554 4132 2674 4201 ejus
2711 4135 2972 4191 discendo
3002 4154 3016 4191 :
3050 4146 3110 4190 ut
3142 4137 3275 4192 vitia
3317 4137 3435 4207 ejus

1862 4226 2040 4296 palam
2080 4225 2368 4292 facientes,
2406 4242 2513 4281 non
2551 4228 2714 4282 modo
2737 4239 2967 4283 caveant
2996 4244 3024 4283 a
3062 4228 3272 4298 laqueis
3302 4231 3435 4283 sim-

1862 4319 2141 4389 pliciores,
2175 4320 2272 4375 sed
2298 4320 2459 4375 etiam
2486 4330 2751 4391 quotquot
2787 4320 2985 4375 irretiti
3016 4320 3240 4375 fuerant
3273 4322 3435 4376 tacile

1860 4408 2119 4478 effugiant

1929 4505 1975 4535 ⁸⁵
1997 4502 2200 4557 Lanam
2238 4503 2522 4575 linumque
2561 4513 2654 4558 net
2678 4506 2882 4571 anima,
2910 4520 3034 4559 cum
3068 4505 3432 4559 animatarum

1859 4602 1915 4649 et
1960 4596 2387 4650 inauimatarum
2439 4597 2715 4651 doctrinas
2777 4596 3103 4655 meditatur;
3173 4596 3261 4652 vel
3310 4612 3432 4651 cum

1862 4688 2119 4757 practica:
2154 4696 2209 4742 et
2246 4688 2481 4759 physicae
2512 4697 2791 4743 scrutatur
2835 4690 3119 4743 methodos
3149 4708 3161 4742 :
3188 4690 3270 4744 vel
3302 4704 3427 4744 cum

1864 4778 2605 4847 incorporearumtheoriam
2634 4781 2878 4848 practica
2912 4781 2979 4834 ad
3013 4796 3073 4835 se
3102 4781 3270 4835 trahit
3297 4796 3427 4835 con-

1863 4870 2172 4926 suetudine.

1936 4963 1983 4995 "
2012 4962 2185 5019 Noctu
2224 4974 2606 5034 exsurgentem
2661 4967 2921 5034 animam,
2954 4967 3174 5037 vigilem
3230 4968 3434 5023 invenit

1866 5068 2097 5122 sponsus
2122 5053 2349 5120 justitiae
2389 5056 2494 5120 sol,
2527 5072 2626 5111 nec
2658 5072 2762 5111 non
2794 5058 2955 5113 enixe
2994 5067 3243 5113 orantem
3285 5067 3439 5113 utne

1862 5148 1914 5200 in
1969 5148 2317 5203 tentalionem
2360 5150 2606 5213 incidat,
2651 5151 3031 5219 dicentemque
3067 5150 3338 5221 :Vigilavi
3376 5160 3434 5206 et

1863 5237 2006 5292 facta
2055 5254 2174 5292 sum
2223 5240 2372 5293 velut
2405 5256 2592 5313 passer
2621 5241 2895 5297 solitarius
2910 5242 2976 5296 ⁸⁷.
3018 5242 3113 5297 Est
3142 5252 3320 5296 autem
3350 5243 3433 5297 ci~

1863 5330 1963 5384 bus
1996 5331 2211 5397 animae,
2246 5333 2525 5387 meditatio
2554 5333 2861 5388 divinorum
2892 5333 3229 5403 eloquiorum
3259 5351 3272 5389 :
3304 5348 3433 5402 ope-

1864 5436 1944 5487 ra,
1979 5430 2105 5475 sunt
2140 5424 2407 5490 virtutes;
2434 5424 2665 5497 ancillae,
2697 5439 2915 5495 sensus.
2973 5422 3100 5489 Haec
3143 5440 3271 5501 ergo
3301 5440 3432 5479 con-

2312 5582 2355 5614 ⁸⁰
2378 5580 2480 5639 lsa.
2506 5598 2657 5652 xcm,
2684 5584 2775 5639 26.
2848 5584 2891 5615 ⁸¹
2926 5582 3088 5640 Prov.
3122 5597 3314 5649 xxvnt,
3345 5582 3430 5638 15.

175 5654 220 5684 ⁸²
248 5669 300 5705 v.
332 5655 422 5707 26.
449 5651 460 5652 ί
499 5655 546 5686 ⁸³
578 5670 627 5707 ν.
662 5657 726 5708 lt)
824 5654 867 5685 ⁸⁸
904 5671 954 5708 v.
989 5657 1073 5709 11.
1152 5658 1199 5691 ⁸⁸
1226 5659 1389 5713 v.15.
1470 5656 1516 5688 ⁸⁸
1540 5673 1590 5708 v.
1630 5656 1715 5709 15.

1872 5651 2004 5709 Psal.
2040 5669 2113 5717 Ci,
2148 5654 2199 5707 8.

248 5798 363 5867 ('28)
397 5797 636 5855 Observa
666 5800 915 5871 Origcnis
952 5803 1319 5859 testimonium
1350 5806 1413 5859 de
1448 5803 1764 5860 custodibus
1790 5803 2064 5858 hominum
2098 5801 2321 5869 angelis.
