3888 6218
468 283 573 369 ε’ξι

1363 306 1929 365 SUPPLEMENTUM
1966 305 2057 362 AD
2092 304 2417 365 ORIGENIS
2450 304 2865 365 EXEGETICA.

3622 311 3728 367 252

471 430 577 485 fert
626 427 904 484 domicilio
954 442 1053 484 suo
1083 429 1353 498 corporali
1384 428 1757 485 mstimabilior
1794 427 2050 498 pretiosis

2169 425 2533 496 θεραπαινίδες
2569 424 2665 489 δὲ,
2711 424 2769 479 αί
2813 422 3130 497 αίσθήσειςο
3179 427 3330 481 ταῦτ’
3360 422 3451 483 ὤν
3502 429 3729 501 παρέχει

468 522 742 593 lapidibus
778 522 986 577 anima.

538 703 867 760 “Animam
906 704 1009 759 viri
1066 703 1207 775 frugi
1266 704 1399 761 dicit
1462 703 1785 771 Ecclesium,
1840 704 2047 776 lignum

467 797 713 852 scientiae
735 805 790 853 et
808 796 1018 867 lignum
1046 797 1173 852 vitae
1190 797 1516 865 habentem;
1543 799 1787 855 scientiae
1810 808 1869 853 ut
1893 799 2049 868 legis,

466 889 594 944 vitae
630 896 688 944 ut
719 889 889 946 verbi.
932 888 1054 961 Ipsa
1077 890 1220 945 enim
1249 898 1334 945 est
1368 889 1612 947 Ecclesia
1644 907 1763 962 qua:
1787 893 1855 948 de
1883 891 2052 948 latere

466 981 671 1036 Christi
714 983 1008 1051 processit,
1047 982 1274 1053 ejusque
1304 997 1504 1052 sponsa
1548 984 1772 1039 iuventa
1814 995 1925 1046 est,
1955 998 2052 1052 pu-

466 1074 589 1130 dica
621 1082 677 1130 et
707 1074 863 1131 fortis
913 1074 1134 1143 mulier,
1164 1077 1326 1132 ﬁdem
1367 1077 1495 1132 huic
1545 1091 1792 1144 servans,
1820 1091 2053 1147 eumque

465 1186 722 1240 sponsum
742 1171 808 1226 de
839 1169 994 1227 ccelis
1022 1171 1216 1228 iterum
1245 1180 1595 1242 exspectans.

537 1357 584 1388 "
617 1356 815 1423 Fusus,
847 1368 931 1411 est
970 1371 1111 1428 pura
1149 1370 1328 1421 mens,
1356 1355 1613 1412 virtutem
1645 1356 1832 1411 virtuti
1865 1370 2050 1428 aggao-

464 1463 703 1515 meraus,
727 1460 783 1505 et
796 1450 991 1521 dogma
1015 1450 1248 1518 dogmati
1274 1462 1288 1500 :
1316 1449 1399 1502 vel
1416 1462 1597 1502 sermo
1622 1457 1849 1502 externe
1876 1447 2056 1518 prola-

387 1582 394 1592 .
465 1549 577 1607 tus,
615 1542 706 1611 qui
742 1558 809 1597 ex
834 1550 1014 1596 mente
1042 1540 1262 1595 deducit
1289 1538 1590 1609 spiritalem
1624 1540 1911 1595 theoriam.

416 1642 428 1660 ⁰
537 1632 585 1664 ⁹⁰
613 1632 765 1689 Mens
798 1648 905 1687 non
935 1631 1203 1701 proﬁciet,
1241 1644 1419 1701 neque
1469 1631 1737 1686 theoriam
1796 1631 2052 1703 incorpo-

467 1738 689 1779 reorum
743 1734 1104 1795 assequetur,
1151 1724 1254 1779 nisi
1290 1724 1557 1778 interiora
1580 1739 1675 1778 sua
1711 1734 1860 1780 recte
1897 1741 2054 1781 com-

464 1821 736 1887 posuerit.
817 1817 953 1874 Nam
1014 1818 1215 1889 proprii
1270 1827 1447 1872 status
1499 1816 1860 1885 perturbatio,
1914 1818 2053 1873 solet

465 1919 705 1967 mentem
761 1924 828 1967 eo
880 1925 1163 1975 revocare,
1195 1910 1342 1965 unde
1385 1909 1730 1965 discesserat.
1763 1909 1871 1964 Sed
1905 1919 2054 1964 trau-

470 2002 801 2072 quillitatem
863 2002 1223 2073 cupiditatum
1284 2002 1503 2070 adepta,
1566 2001 1940 2057 demorabitur
1997 2002 2051 2056 in

464 2094 977 2164 contemplatione,
1024 2102 1082 2149 et
1134 2093 1559 2149 domesticarum
1621 2110 1803 2149 rerum
1866 2110 2051 2149 curam

465 2194 696 2255 seponet
726 2205 739 2239 :
767 2193 892 2240 sunt
918 2185 1065 2240 enim
1099 2199 1294 2241 omnes
1324 2186 1503 2241 vestiti
1548 2186 1849 2241 fauﬁliares
1884 2186 2002 2256 ejus
2034 2205 2049 2243 :

459 2275 635 2341 furor,
670 2275 892 2332 lenitate
920 2285 976 2332 et
1010 2276 1366 2345 humilitate;
1392 2277 1689 2349 cupiditas.
1746 2288 2052 2350 temperan-

468 2368 543 2422 tia
576 2374 743 2437 atque
772 2368 1134 2425 continentia.

532 2458 578 2491 ⁹¹
611 2457 830 2516 Otiosas
860 2476 1037 2527 escas,
1068 2470 1123 2516 et
1154 2476 1276 2531 quae
1320 2461 1506 2533 pigros
1548 2462 1613 2516 ad
1661 2477 1886 2533 regnum
1920 2479 2033 2521 con-

467 2554 808 2622 sequendum
876 2555 1110 2609 reddunt
1192 2554 1440 2611 homines
1522 2555 1883 2626 simpliciores
1959 2566 2053 2613 aut

460 2646 789 2715 ineptiores,
826 2644 1005 2702 ﬁdelis
1038 2661 1102 2704 ac
1128 2645 1387 2716 religiosa
1416 2646 1600 2701 anima
1632 2663 1740 2704 non
1773 2649 2049 2716 comedit;

459 2752 517 2796 et
553 2755 621 2796 ne
654 2749 837 2812 gustat
871 2739 1119 2806 quidem,
1166 2739 1213 2793 si
1261 2738 1408 2794 forte
1455 2738 1673 2795 illorum
1708 2740 1976 2811 cupiditas
2001 2742 2050 2798 ei

472 2832 710 2888 accidat.
744 2831 915 2887 Porro
938 2831 1258 2901 iniquitates
1287 2830 1423 2887 dicit
1454 2846 1613 2888 escas
1643 2832 1873 2890 otiosas.

538 2926 584 2959 ⁹¹
616 2924 865 2981 Fallaces
881 2925 1083 2995 gratia:
1109 2933 1235 2980 sunt
1255 2932 1310 2979 et
1335 2938 1473 2978 vana
1502 2924 1870 2995 pulchritudo.
1905 2926 2051 2981 Stul-

462 3016 675 3071 tissima
724 3028 953 3085 quaeque
1006 3015 1189 3069 anima
1223 3028 1329 3068 non
1363 3013 1522 3069 modo
1546 3015 1755 3081 cogitat
1781 3024 1838 3072 et
1861 3016 2052 3089 imagi-

2150 518 2184 590 ἡ
2229 516 2533 590 τιμιωτέρα
2578 517 2744 574 λίθων
2787 518 3090 573 πολυτελῶν
3130 519 3276 593 ψυχὴ
3312 521 3391 592 τῷ
3435 524 3729 597 σωματικῷ

2150 608 2322 680 αὐτῆς
2353 611 2509 681 οἴκῳ.

2230 700 2343 772 Τὴν
2375 700 2471 754 τοῦ
2504 700 2795 755 σπουδαίου
2832 701 3009 777 ψυχήν
3041 719 3203 776 φησιν
3237 703 3466 775 ἔχουσαν
3508 706 3733 778 Ἐκκλη-

2153 793 2273 847 σίαν
2315 792 2471 859 ξύλον
2500 792 2759 863 γνώσεως
2801 796 2899 852 καὶ
2945 794 3102 863 ξύλον
3134 797 3309 868 ζωῆςο
3349 798 3601 868 γνώσεως
3633 800 3730 872 μὲν

2150 885 2227 948 ὡς
2270 886 2436 957 νόμου
2458 926 2472 951 ,
2504 884 2650 957 ζωῆς
2688 886 2744 940 δὲ
2771 888 2847 950 ὼς
2878 886 3069 956 λόγου·
3108 888 3246 961 αὕτη
3281 890 3387 961 γάρ
3422 892 3567 945 ἐστιν
3598 894 3631 963 ἡ
3666 893 3729 945 ὲκ

2152 979 2394 1051 πλευρᾶς
2438 979 2685 1052 Χριστοῦ
2732 978 3103 1053 προελθοῦσα,
3157 980 3250 1035 καὶ
3300 982 3484 1055 νύμφη
3539 983 3725 1038 τούτου

2151 1072 2458 1144 εὑρεθεῖσα,
2490 1075 2524 1144 ὴ
2552 1071 2782 1145 σώφρων
2808 1072 2902 1126 καὶ
2924 1072 3145 1145 ἀνδρεία
3176 1074 3334 1146 γυνὴ,
3364 1079 3397 1148 ἡ
3427 1077 3523 1148 τὴν
3546 1078 3727 1133 πίστιν

2151 1162 2342 1218 τούτου
2382 1164 2672 1235 τηρήσασα
2693 1202 2708 1229 ,
2740 1164 2837 1218 καὶ
2871 1162 3062 1218 τοῦτον
3094 1166 3327 1239 νυμφίον
3362 1169 3455 1222 ἀπ’
3487 1170 3729 1243 ούρανῶν

2152 1256 2315 1311 πάλιν
2344 1254 2719 1328 προσδοκῶσα.

2221 1349 2528 1423 ’Δτρακτός
2568 1351 2684 1403 ἐστι
2724 1349 2849 1415 νοῦς
2878 1350 3140 1423 καθαρὸς,
3174 1352 3499 1423 συμπλέκων
3532 1355 3731 1427 ἀρετὴν

2154 1438 2240 1491 ἐπ’
2261 1438 2430 1509 ἀρετῇ
2449 1478 2463 1501 ,
2498 1438 2592 1491 καὶ
2620 1438 2849 1509 δόγματι
2877 1438 3054 1510 δόγμα
3072 1456 3085 1470 ·
3130 1439 3167 1511 ἢ
3194 1440 3350 1509 λόγος
3379 1446 3729 1516 προφορικὸς,

2154 1530 2326 1585 ἕλκων
2358 1531 2467 1584 ἀπὸ
2488 1530 2582 1583 τοῦ
2614 1530 2705 1584 νοῦ
2739 1532 3113 1603 πνευματικὴν
3144 1531 3399 1604 Θεωρίαν.

2226 1624 2343 1677 Οὐκ
2386 1622 2454 1677 ἂν
2497 1622 2747 1694 προέλθοι
2785 1623 2944 1689 νοῦς,
2995 1625 3119 1679 οὐδὲ
3168 1606 3227 1679 ἓν
3273 1625 3475 1698 θεωρίᾳ
3526 1628 3736 1695 γένοιτο

2156 1715 2267 1769 τῶν
2294 1714 2602 1787 ἀσωμάτων
2624 1755 2639 1779 ,
2676 1714 2763 1790 μὴ.
2782 1715 2850 1769 τὰ
2884 1715 3030 1769 ένδον
3067 1716 3497 1788 διορθωσάμενος
3517 1735 3530 1747 ·
3564 1720 3603 1789 ἡ
3631 1718 3735 1789 γὰρ

2153 1809 2368 1881 ταραχὴ
2410 1809 2519 1862 τῶν
2558 1809 2774 1862 οίκείων
2811 1809 3160 1880 ἐπιστρέφειν
3204 1810 3365 1864 αὑτὸν
3409 1810 3567 1863 εῐωθε
3601 1812 3736 1881 πῶς

2154 1899 2221 1953 τὰ
2265 1901 2357 1969 ἀφ’
2405 1893 2480 1954 ὧν
2528 1898 2887 1971 ἐξελήλυθεν·
2936 1901 3205 1955 ἀπάθειαν
3268 1900 3325 1955 δὲ
3373 1903 3735 1974 κτησάμενος,

2153 1991 2389 2062 χρονίσει
2417 2008 2476 2045 τε
2511 1993 2568 2044 ὲν
2597 1994 2663 2062 τῇ
2700 1989 2937 2063 θεωρία,
2984 1991 3079 2044 καὶ
3124 1992 3185 2045 οὐ
3220 1991 3493 2063 φροντίσει
3526 1995 3633 2045 τῶν
3679 1996 3736 2048 ὲν

2152 2085 2287 2155 οίκῳ
2311 2100 2325 2115 ·
2368 2083 2671 2137 ὲνδέδυνται
2708 2084 2816 2156 γὰρ
2845 2083 3043 2147 πάντες
3086 2085 3136 2137 oi
3168 2086 3299 2157 παρ’
3326 2085 3497 2155 αὐτῆς
3522 2102 3553 2121 ·-
3574 2088 3605 2140 ό
3640 2086 3737 2157 μὲν

2154 2176 2324 2248 θυμὸς
2347 2217 2361 2240 ,
2386 2177 2668 2249 πραότητα
2697 2178 2791 2231 καὶ¹
2821 2177 3321 2250 ταπεινοφροσύνην
3344 2194 3360 2211 ο
3395 2180 3432 2251 ἡ
3459 2179 3515 2233 δὲ
3549 2179 3735 2234 ἐπιθυ-

2157 2269 2274 2341 μία,
2313 2270 2667 2341 σωφροσύνην
2697 2270 2793 2323 καὶ
2823 2268 3166 2341 ἐγκράτειαν.

2220 2459 2351 2512 Σῖτα
2381 2457 2625 2530 όκνηρὰ,
2676 2457 2744 2513 τὰ
2787 2457 3172 2513 ὁκνοποιοῦντα
3218 2460 3405 2530 τυχεῖν
3444 2461 3545 2533 τῆς
3584 2460 3734 2531 βασι-

2150 2553 2303 2617 λείας
2330 2554 2459 2617 τοῦς
2480 2553 2884 2624 ἁπλουστέρους
2909 2555 3005 2609 καὶ
3028 2554 3443 2625 ἀφελεστέρους,
3472 2557 3505 2626 ἡ
3537 2556 3735 2625 εὐγνώ-

2155 2662 2271 2715 μων
2306 2644 2398 2698 καὶ
2431 2642 2684 2715 θεοφιλὴς
2722 2646 2868 2717 ψυχὴ
2902 2644 3002 2699 οὐκ
3039 2645 3208 2699 ἐσθίει
3232 2685 3248 2710 ,
3294 2646 3418 2700 οὔτε
3467 2648 3579 2719 μὴν
3618 2649 3735 2702 τού-

2150 2754 2258 2791 των
2284 2737 2539 2807 γεύεται,
2571 2738 2620 2790 εί
2657 2737 2795 2807 τάχα
2826 2735 2977 2809 τύχοι
3010 2738 3188 2792 αὐτῶν
3220 2740 3593 2812 ἐπιθυμῆσαι*
3643 2741 3736 2805 τὰς

2152 2826 2351 2890 κακίας
2381 2828 2491 2898 γάρ
2525 2845 2659 2899 φησι
2691 2831 2813 2881 σῖτα
2845 2828 3073 2900 όκνηρά.

2215 2920 2446 2984 Ψευδεῖς
2474 2921 2775 2993 άρέσκειαι,
2811 2919 2903 2977 καὶ
2924 2922 3168 2993 ’μάταιον
3212 2923 3425 2990 κάλλος.
3471 2925 3538 2979 'H
3569 2927 3735 2997 ἀφροη

2152 3014 2384 3084 νεστάτη
2428 3013 2574 3087 ψυχὴ
2617 3016 2677 3068 ού
2728 3016 2885 3086 μόνον
2931 3019 3103 3072 ἐννοεῖ
3150 3020 3246 3073 καὶ
3297 3018 3631 3089 φαντάζεται
3680 3019 3737 3072 τὺ

461 3117 650 3173 natur,
682 3107 825 3177 quod
853 3108 959 3162 sibi
989 3116 1076 3162 est
1101 3106 1334 3169 libitum,
1367 3104 1462 3159 sed
1485 3105 1651 3160 etiam
1675 3106 1731 3161 in
1757 3122 1896 3178 opus
1918 3123 2052 3163 con-

2169 3106 2292 3177 ιὺτῇ
2345 3105 2605 3175 ἀρεστὸν,
2644 3105 2781 3159 ἀλλὰ
2828 3107 2923 3161 καὶ
2973 3107 3121 3179 ἔργῳ
3170 3109 3411 3180 ἐγχειρεῖ
3450 3108 3736 3182 πληρῶσαι

461 3199 610 3254 ferre
643 3198 963 3270 aggreditur
1007 3198 1334 3253 meditatum
1364 3210 1543 3251 suum.
1573 3195 1730 3264 Quod
1758 3198 1803 3254 si
1832 3198 2045 3255 initium

2169 3199 2251 3271 τὴν
2294 3200 2555 3273 θεωρίαν·
2600 3202 2647 3254 εί
2668 3200 2725 3254 δὲ
2772 3201 2915 3275 ἁρχὴ
2960 3203 3153 3272 σοφίας
3186 3204 3349 3273 φόϐος
3382 3205 3595 3277 Κυρίου
3622 3248 3636 3272 ,
3665 3206 3739 3259 δι-

461 3289 749 3363 sapieutiae
793 3297 880 3345 est
926 3289 1090 3345 timor
1120 3288 1363 3351 Domini,
1392 3288 1591 3343 merito
1616 3289 1797 3344 anima
1828 3291 2054 3360 sapien—

464 3385 596 3439 tiam
642 3382 857 3452 adepta,
909 3381 1161 3437 timorem
1206 3382 1424 3438 Domini
1469 3381 1836 3449 commendat,
1870 3384 2051 3454 quiet

466 3476 592 3532 talis
622 3473 868 3532 scientiae
899 3472 1226 3530 conciliator
1253 3472 1380 3529 fuit.

2154 3290 2325 3354 καίως
2362 3292 2395 3362 ἡ
2445 3290 2687 3361 τυχοῦσα
2728 3291 2919 3360 σοφίας
2951 3292 3099 3363 ψυχὴ
3140 3295 3281 3346 αίνεῖ
3317 3293 3408 3346 τὸν
3446 3294 3617 3362 φόϐον
3647 3294 3737 3348 τοῦ

2156 3384 2385 3455 Κυρίου,
2418 3383 2476 3449 ὃς
2508 3384 2730 3455 γέγονεν
2759 3386 2895 3456 αὐτῇ
2922 3384 3022 3456 τῆς
3043 3385 3297 3457 τοιαύτης
3323 3384 3582 3456 γνώσεως
3612 3387 3738 3459 πρό-

2160 3476 2329 3541 ξενος.

1738 3628 2294 3687 ADDITAMENTUM
2322 3632 2455 3705 (29).

542 3744 666 3788 "J‘
686 3745 898 3801 Norunt
937 3744 1106 3811 enim,
1163 3758 1287 3801 eum
1311 3744 1645 3815 agendarum
1667 3760 1849 3801 rerum
1871 3747 2061 3802 scien-

467 3836 601 3893 tiam
665 3838 968 3909 possidere,
1012 3846 1069 3893 et
1118 3837 1173 3892 in
1221 3836 1447 3907 propria
1515 3847 1789 3908 potestate
1845 3837 2052 3893 habere

464 3930 715 3985 alunnos
747 3944 900 3985 suos.
948 3929 1118 3984 Aiunt
1150 3930 1376 3999 itaque,
1425 3936 1693 3999 tanquam
1744 3944 1812 3984 eo
1865 3940 2051 3998 capto,

465 4022 616 4077 hisce
638 4022 1002 4076 dominamur.
1037 4021 1257 4091 Alioqui
1298 4035 1430 4076 vero
1466 4021 1743 4091 possessio
1770 4021 1902 4090 justi
1945 4022 2046 4077 viri

465 4122 553 4167 est
581 4112 871 4183 sapientia,
905 4112 1219 4182 prudentia,
1250 4110 1615 4181 intelligentia
1656 4123 1821 4182 atque
1848 4112 2048 4168 virtus.

468 4201 752 4275 Occupant
785 4212 968 4260 autem
1015 4201 1287 4272 ejusmodi
1340 4201 1736 4273 possessionem
1788 4202 2042 4272 improbi,

2226 3747 2402 3799 Ἰσασι
2429 3744 2538 3819 γάρ
2577 3746 2661 3800 ὅτι
2687 3747 2786 3820 τὴν
2815 3746 2912 3819 μὲν
2942 3748 3070 3820 περὶ
3093 3747 3162 3803 τὰ
3187 3749 3437 3821 πρακτέα
3473 3750 3736 3822 κέκτηται

2155 3838 2378 3908 γνῶσιν,
2420 3837 2622 3910 ἀρετῆς
2669 3838 2765 3910 μὲν
2810 3839 3041 3911 αἰρεσιν,
3075 3840 3253 3912 φυγὴν
3294 3839 3351 3895 δὲ
3384 3841 3605 3906 κακίας,
3648 3842 3738 3896 καὶ

2156 3932 2240 3985 ὅτι
2267 3932 2459 4002 κτῆσιν
2482 3931 2596 4003 ἔχει
2620 3932 2745 3995 τοὺς
2775 3931 3192 4003 διδασκομένους
3221 3931 3313 3986 ὑπ’
3339 3933 3502 3987 αὐτοῦ
3528 3951 3543 3963 ·
3580 3934 3740 4003 φασὶν

2157 4018 2251 4077 οὖν
2273 4022 2350 4087 ὼς
2368 4022 2529 4076 αὑτὸν
2551 4022 2781 4087 ἑλόντες,
2811 4023 2903 4076 καὶ
2925 4023 3137 4088 τούτοις
3160 4023 3490 4096 χειρούμεθα
3512 4042 3529 4055 ο
3566 4024 3737 4088 ἄλλως

2156 4115 2215 4169 δὲ
2254 4115 2450 4185 κτῆσις
2481 4114 2576 4168 τοῦ
2608 4114 2817 4168 δικαίου
2842 4154 2858 4179 ,
2890 4115 3052 4184 σοφία
3077 4116 3171 4171 καὶ
3198 4115 3486 4188 φρόνησις,
3526 4115 3739 4179 σύνεσίς

2150 4224 2210 4261 τε
2238 4208 2334 4262 καὶ
2364 4208 2531 4280 ἀρετή
2550 4224 2565 4238 ο
2611 4208 3118 4279 καταλαμϐάνονται
3159 4208 3217 4262 δὲ
3255 4208 3352 4281 τὴν
3384 4209 3581 4280 κτῆσιν
3614 4207 3739 4261 ταύ-

469 4297 519 4352 si
548 4298 768 4367 quando
812 4294 966 4363 justo
1000 4295 1233 4350 suadent
1270 4302 1334 4349 ut
1382 4294 1587 4365 aliquid
1610 4309 1642 4349 a
1673 4295 1786 4351 Deo
1816 4295 2043 4351 vetitum

2169 4316 2250 4371 την
2283 4300 2333 4352 oi
2362 4298 2599 4363 ἀσεϐεῖς,
2635 4298 2911 4363 πείθοντες
2941 4298 3032 4353 τὸν
3058 4299 3263 4353 δίκαιον
3294 4299 3517 4370 ποιῆσαί
3547 4317 3601 4352 τι
3631 4298 3737 4351 τῶν

467 4396 790 4459 perpetret:
826 4400 1023 4457 nempe
1072 4396 1133 4442 ut
1179 4402 1335 4443 mens
1385 4397 1612 4457 peccato
1675 4397 1975 4455 excaecata,
2017 4402 2051 4441 a

2169 4368 2618 4456 ὶπηγορευμένων
2647 4384 2797 4456 Θεῷ·
2831 4386 2919 4440 ἵνα
2951 4386 3252 4457 τυφλωθεὶς
3286 4368 3525 4459 ἀπὸντῆς
3555 4389 3735 4459 άμαρ-

465 4488 658 4536 sancta
691 4478 1003 4548 huiusmodi
1034 4483 1385 4550 possessione
1413 4481 1657 4537 excidat.

534 4572 584 4606 "
618 4572 732 4644 (50)
759 4572 1158 4645 Sapientijusto
1181 4574 1417 4629 dilﬁcilia
1432 4586 1649 4643 quoque
1670 4570 1886 4642 negetia
1914 4570 2051 4626 ﬁunt

466 4665 671 4720 facilia.
702 4667 775 4721 At
802 4666 854 4721 ei
902 4665 997 4735 qui
1038 4664 1203 4719 aliter
1249 4680 1309 4720 se
1344 4665 1526 4727 habet,
1564 4662 1748 4718 facilia
1786 4662 1955 4717 etiam
1997 4670 2051 4718 et

469 4756 726 4813 solatium
748 4757 1023 4818 quoddam
1056 4756 1339 4824 habentia,
1380 4756 1620 4814 diﬁicilia
1642 4755 1904 4813 evadunt.

540 4934 589 4967 "
613 4934 993 4994 Theoreticam
1044 4937 1353 4994 doctrinam
1391 4937 1615 5006 habent,
1650 4936 1746 4995 sed
1779 4934 2053 4994 excelsum

472 5025 629 5082 nihil.

542 5274 669 5331 “v.
699 5276 787 5332 16.
892 5276 937 5310 ³⁸
981 5293 1032 5332 v.
1080 5279 1165 5334 19.
1280 5282 1327 5313 ⁸⁸
1352 5299 1401 5337 v.
1430 5283 1521 5339 21.

541 5434 659 5510 (29)
683 5436 818 5495 Cod.
847 5436 1031 5496 Ottob.
1072 5440 1193 5507 117,
1226 5455 1280 5513 p.
1314 5440 1403 5499 16.

1649 5279 1694 5313 οι
1718 5294 1769 5335 γ,
1800 5276 1932 5349 ξιξ
1985 5278 2031 5309 η
2064 5292 2115 5333 ν,
2147 5274 2233 5330 30.
2327 5273 2456 5312 93-“
2493 5287 2608 5343 cap.
2661 5289 2702 5339 ι,
2745 5274 2833 5329 15.
2906 5277 2949 5308 ⁸⁸
2976 5290 3096 5344 cap.
3132 5291 3186 5343 ι,
3234 5276 3307 5343 8;

2155 4476 2276 4539 τίας
2302 4478 2331 4529 ὁ
2356 4475 2481 4540 νοῦς
2503 4476 2710 4548 ἐκπέσῃ
2738 4476 2847 4531 τῶν
2877 4478 3049 4547 ἁγίων
3080 4478 3283 4535 τούτων
3318 4480 3637 4550 κτημάτων.

2222 4566 2296 4619 Τὸ
2324 4568 2421 4638 μὲν
2468 4566 2673 4639 συνετῷ
2700 4568 2924 4640 δικαίῳ,
2954 4569 3048 4625 καὶ
3082 4570 3151 4622 τά
3188 4570 3425 4642 δυσχερῆ
3451 4568 3565 4623 τῶν
3595 4586 3735 4641 πρα-

2156 4659 2382 4728 γμάτων
2414 4657 2610 4712 εὔκολα
2648 4659 2894 4729 γίνεται·
2936 4660 3015 4732 τῷ
3053 4660 3109 4715 δὲ
3153 4661 3354 4733 ἑτέρως
3394 4660 3608 4731 ἔχοντι,
3643 4662 3734 4714 καὶ

2153 4748 2223 4802 τὰ
2252 4749 2449 4805 εῦκολα
2494 4753 2597 4809 καὶ,
2624 4751 2890 4822 ἀνάψυξίν
2921 4771 3042 4807 τινα
3067 4752 3277 4824 ἔχοντα,
3310 4753 3547 4824 δυσχερῆ
3583 4751 3733 4806 καθίς

2161 4859 2374 4896 σταται.

2218 4935 2394 5005 Λόγον
2429 4936 2534 5008 γὰρ
2565 4954 2750 5009 έχουσι
2775 4938 3142 5013 θεωρημάτων
3170 4941 3529 5014 ἐπιστήμονα,
3568 4940 3729 5013 μηδὲν

2156 5028 2373 5101 ἔχοντες
2405 5030 2627 5103 ὑψηλόν.

3404 5274 3452 5308 ’⁸
3479 5287 3530 5329 v.
3558 5272 3654 5330 21.

2235 5434 2350 5507 (50)
2384 5435 2514 5493 Cod.
2548 5434 2684 5507 Reg.
2706 5433 2803 5504 77,
2830 5449 2886 5506 p.
2912 5434 3037 5492 510.
