3888 6218
229 363 336 421 255

1334 364 1629 422 SCHOLIA
1668 364 1731 420 IN
1766 363 2061 422 CANTICA
2099 362 2374 419 CANTIG.

3382 362 3488 418 934

233 508 3485 542 ᾜ--Ψ--ῇ--ῤ--Α-Ι

231 682 1081 801 ΩΡΙΓΕΝΟΥΣ
1138 686 1379 799 ΕΙΣ
1434 688 1633 799 ΤΑ
1669 682 2296 873 ΑξΜΑΤΑ
2356 624 2656 795 ΤΩΝ
2718 676 3481 794 ΑΣΜΑΤΩΝ.

1531 939 2206 1060 OBIGENIS

635 1177 1142 1272 SCHOLIA
1218 1180 1341 1269 IN
1417 1180 1919 1272 CANTICA
1995 1158 2918 1271 CANTICORUM‘”.

223 1394 330 1467 (Ex
364 1393 567 1467 Catena
604 1393 864 1467 Vaticana
906 1394 989 1467 eui
1032 1394 1221 1467 titulus
1251 1414 1263 1447 :
1289 1370 1629 1463 Προκοετίου
1660 1399 1778 1466 Χριι

1895 1396 2023 1451 ινοῦ
2048 1388 2352 1467 σοφιστοῦ
2358 1391 2469 1467 -εἰς
2491 1386 2580 1467 τὰ
2602 1388 2881 1467 ᾊσμακτα
2908 1385 3038 1467 ¹τῶν
3078 1382 3363 1467 ᾀσμάτων
3385 1383 3481 1449 ἐξ.

295 1464 597 1535 ητητικῶν
622 1464 1157 1537 ἐκλογῶννέπιτομὴ
1184 1466 1301 1519 ἀπὸ
1331 1453 1537 1535 φωνῆς
1555 1453 1881 1537 Γρητῖορίου
1912 1453 2168 1530 Νύσσης
2196 1462 2293 1514 καὶ
2323 1453 3121 1537 Κυιρᾉλλουι”ᾼλεει-ζανδριε[αςἶ
3144 1453 3479 1537 Ὠριγένους

291 1526 361 1590 τέ
392 1526 489 1589 Scal
520 1526 789 1601 Φίλωνος
812 1536 916 1588 τοῦ
942 1526 1305 1602 Καρὲτάθίου,
1331 1526 1769 1606 Ἆποζῑὶνᾰρὶουξ
1800 1537 2092 1591 Εὑσεϐίου
2118 1526 2519 1606 Καισαρείας)
2556 1528 2653 1581 καὶ
2670 1528 2901 1606 Δἐτέρων
2931 1526 3259 1606 ῥιᾳφόρων,

3290 1523 3481 1594 ἤγουν

292 1606 572 1677 Διδύμου,
592 1606 699 1661 τοῦ
724 1594 897 1677 ἀίγίου
927 1594 1252 1674 Ἰσῖδώρου,
1293 1594 1671 1676 Θεοδωρήτου
1710 1594 1778 1663 κὰ

1895 1608 2154 1677 εοφίλου.
2185 1632 2253 1643 --
2286 1594 2417 1666 MAI,
2445 1594 2617 1654 Class.
2648 1594 2828 1664 Auct.,
2863 1607 2903 1651 t.
2931 1594 3050 1668 IX.)

755 1789 1150 1843 ΚΕΦΑΛΔΙΟΝ
1188 1787 1269 1844 Λ’.

253 1883 576 1953 Φιλησὰτω
603 1899 681 1953 με
703 1882 821 1937 ἀπὸ
852 1881 1199 1951 φιλημάτων
1219 1884 1514 1952 στόματος
1552 1884 1758 1937 αὐτου.

289 1978 382 2049 Μὴ
421 1975 509 2029 διὰ
532 1974 827 2047 προφητῶν
844 1992 910 2045 με
930 1974 1337 2045 μνηστευσάτω,
1368 1976 1551 2046 φησὶν.
1582 1976 1651 2033 δι’
1674 1977 1799 2030 ἐαυ-

214 2069 314 2122 τοῦ
345 2070 403 2121 δὲ
451 2068 788 2139 ὁμιλησάτω,
823 2068 940 2120 κατ’
979 2066 1230 2136 αἴσθησιν
1268 2067 1667 2137 πνευματικήν·
1728 2067 1794 2120 δι’

1828 1794 1875 1852 Α

2409 1769 2637 1827 CAPUT
2677 1768 2968 1827 PRIMUM.

2101 1869 2272 1925 Vnus.
2304 1874 2358 1921 ‘1.
2395 1862 2679 1919 Osculetur
2705 1880 2784 1916 me
2814 1862 3007 1917 osculis
3045 1862 3153 1916 oris
3180 1862 3285 1918 sui.

1970 1966 2048 2022 Ne
2074 1979 2161 2019 me
2199 1976 2299 2031 per
2326 1957 2621 2031 prophetas
2648 1957 2702 2010 in
2744 1970 2971 2010 uxorem
3005 1954 3107 2009 sibi
3141 1962 3351 2024 poscat,
3394 1954 3478 2009 in-

1898 2060 2038 2131 quit,
2086 2058 2179 2111 sed
2233 2055 2350 2123 ipse
2394 2050 2525 2105 mibi
2576 2050 2851 2118 loquatur,
2908 2051 3205 2104 secundum
3258 2064 3478 2104 sensum

213 2157 282 2234 ἧς
304 2161 334 2213 ὁ
363 2138 614 2231 Ἰωάννης
645 2160 806 2230 φησί·
875 2158 984 2213 Kal
1021 2161 1081 2212 al
1125 2158 1318 2228 χεῖρες
1360 2157 1529 2228 ἡμῶν
1566 2160 1778 2228 ἑψηλὼ

1896 2150 2278 2221 allegoricum.
2316 2145 2372 2199 In
2411 2145 2516 2198 hoc
2550 2157 2711 2197 sensu
2765 2142 2902 2197 dixit
2932 2141 3215 2196 Joannes:
3255 2138 3322 2193 Et
3361 2157 3478 2193 ma-

212 2231 427 2323 φησαν
458 2253 591 2321 περὶ
616 2252 724 2306 τοῦ
756 2254 951 2322 Λόγου
975 2252 1087 2322 τῆς
1115 2249 1296 2321 ζωῆςο
1331 2252 1507 2306 ταῦτα
1538 2253 1596 2306 δέ
1630 2270 1778 2325 φησιη

1896 2260 1993 2296 nus
2041 2250 2231 2295 nostra!
2279 2244 2734 2291 contrectaverunt
2779 2237 2843 2288 de
2900 2233 3064 2288 Verbo
3105 2233 3223 2287 vita:
3266 2233 3306 2285 ⁸.
3353 2231 3478 2286 Haec

212 2343 403 2409 ὡςτῶν
429 2343 1002 2415 προφητῶνεξπὸντων
1029 2343 1309 2397 ἀκούσασα
1332 2360 1346 2373 ·
1382 2324 1778 2412 Ἔπεθύμησει

1895 2344 2071 2387 autem
2097 2332 2237 2386 dixit
2269 2344 2490 2398 sponsa,
2515 2338 2571 2382 ut
2589 2336 2714 2398 potc
2738 2341 2857 2396 qua:
2873 2325 3166 2396 prophetas
3192 2324 3475 2392 loquentes

211 2437 250 2490 ὁ
286 2434 581 2500 ,ϐασιλεὺς
614 2434 721 2488 τοῦ
766 2432 1034 2500 κάλλους
1068 2446 1185 2488 σου
1206 2449 1221 2465 ’
1259 2436 1354 2487 καὶ
1380 2434 1613 2505 ἀλλαχοῦ
1634 2452 1647 2464 ·
1683 2436 1792 2488 Ὃν

212 2528 439 2594 τρόπον
502 2526 982 2596 εὐφρανθήσεται
1044 2526 1301 2597 νυμφίος
1354 2525 1452 2579 ἐπὶ
1524 2526 1787 2595 νύμφην,

211 2617 402 2683 οὕτως
442 2616 921 2686 εὐφρανθήσεται
943 2617 1161 2684 Κύριος
1188 2616 1285 2669 ἐπὶ
1334 2616 1457 2670 σοί.
1488 2613 1706 2680 Ὁσάκις
1731 2617 1789 2670 δέ

212 2725 267 2764 τι
297 2706 585 2779 ζητοῦντες
616 2688 760 2759 Θεῗον
788 2707 966 2777 δόγμα
998 2706 1510 2777 καταλαμϐάνομεν,
1550 2722 1790 2759 καταπε-

210 2799 473 2871 φιλῆσθαι
506 2799 615 2852 ἀπὸ
641 2798 734 2852 τοῦ
767 2798 1031 2868 στόματος
1059 2797 1151 2850 τοῦ
1177 2798 1409 2868 νυμφίου
1437 2798 1746 2868 νομίσωμεν
1769 2815 1783 2829 ⁸

208 2896 270 2947 ἐν
312 2893 423 2959 ὅσῳ
468 2891 525 2944 δὲ
556 2889 889 2963 ἀποροῦμεν,
933 2888 1295 2959 ὑπολάϐωμεν
1325 2889 1572 2959 ἐχόμενοι
1605 2887 1787 2958 λέγειν

206 2986 294 3054 τὸ,
315 2983 631 3053 Φαησάτω
644 3000 721 3053 με
743 2981 862 3037 ἀπὸ
888 2980 1237 3052 φιλημάτων
1260 2982 1555 3051 στόματος
1576 2981 1782 3036 αὑτοῦ.

1893 2427 2173 2480 audiverat
2204 2443 2218 2479 :
2244 2422 2551 2487 Concupivit
2571 2437 2663 2475 rea:
2690 2420 2930 2473 decorem
2969 2428 3117 2472 tuum
3141 2420 3184 2483 ',
3218 2425 3268 2470 et
3302 2416 3428 2470 alibi
3457 2435 3471 2471 :

1894 2517 2347 2582 Quemadmodum
2364 2512 2629 2567 laetabitur
2654 2527 2877 2580 sponsus
2906 2526 3021 2563 cum
3040 2525 3231 2578 sponsa
3262 2524 3381 2569 sua,
3399 2509 3474 2560 sic

1889 2605 2159 2658 lwtabitur
2208 2603 2467 2656 Dominus
2504 2608 2671 2653 tecum
2715 2600 2757 2653 ⁸.
2813 2598 2868 2653 Si
2923 2601 3163 2669 quando,
3218 2598 3462 2653 divinum

1890 2691 2104 2758 aliquod
2135 2690 2325 2760 dogma
2358 2698 2696 2753 scrutantes,
2731 2697 2911 2743 mente
2946 2688 3075 2742 illud
3110 2687 3475 2757 comprehen-

1890 2782 2156 2846 derimus,
2188 2781 2457 2852 Sponsum
2490 2795 2588 2836 nos
2625 2780 2825 2835 osculis
2853 2780 2968 2835 oris
3005 2780 3087 2834 sui
3118 2778 3349 2834 osculari
3392 2794 3474 2834 re-

1887 2878 2168 2940 putemus;
2225 2887 2351 2926 cum
2406 2885 2557 2937 vero,
2616 2871 2813 2924 mentis
2864 2871 3087 2940 inopes,
3136 2871 3471 2933 hzesitamus,

1889 2971 2015 3017 tunc
2041 2964 2205 3018 dubio
2241 2964 2571 3028 laborantes,
2606 2964 2765 3018 nobis
2795 2963 3083 3018 dicendum
3111 2978 3232 3019 esse
3272 2963 3473 3018 intelli-

1888 3069 2116 3125 gamus:
2147 3056 2428 3110 Osculetur
2461 3072 2541 3110 me
2569 3056 2764 3110 osculis
2793 3058 2902 3109 oris
2935 3057 3039 3109 sui.

282 3143 415 3215 ὀτι
456 3141 663 3211 ἁγαθοὶ
719 3144 773 3197 οἱ
819 3141 1044 3215 μᾳστοζ
1092 3137 1415 3215 o‘ov_1')_:zép
1448 3134 1635 3204 οἶνον,
1685 3139 1778 3193 καὶ

1959 3144 2097 3211 Quia
2122 3147 2340 3200 meliora
2370 3156 2491 3199 sunt
2516 3150 2678 3200 ubera
2708 3158 2801 3199 tua
2833 3147 2974 3209 vino,
2997 3154 3044 3198 et
3078 3145 3209 3199 odor
3233 3160 3471 3215 unguen-

204 3214 371 3284 ὀσμὴ
400 3207 605 3283 μύρων
631 3225 750 3267 σου
772 3207 924 3280 ὐὲτὲρ
951 3210 1147 3265 πάντα
1173 3210 1244 3263 τὰ
1276 3207 1571 3277 ἀρώματα.

282 3326 488 3394 Ἥγουν
513 3327 567 3379 αἱ
600 3325 792 3399 ἀρεταί
827 3342 919 3377 σου
956 3323 1095 3396 ὑπὲρ
1130 3322 1229 3388 τὰς
1266 3325 1395 3395 παρ’
1426 3325 1557 3395 ἡμῖν
1585 3323 1785 3395 ἀρετὰς

204 3420 349 3474 κατὰ
374 3420 453 3483 τὸ,
495 3418 833 3488 Ἐκὰλυψεν
856 3417 1150 3485 οὐρανοὺς
1162 3418 1198 3485 ἡ
1222 3415 1402 3485 ἀρετὴ
1425 3416 1611 3471 αὐτοῦ
1639 3434 1652 3446 ο
1672 3416 1786 3468 ἐστι

204 3512 319 3584 γὰρ
345 3511 640 3580 αὐτοσοφὶα
662 3513 755 3564 καὶ
778 3511 1111 3581 δικαιοσύνη·
1138 3513 1300 3582 ἡμεῖς
1329 3510 1384 3564 δὲ
1400 3510 1541 3565 κατὰ
1571 3510 1785 3581 μέθεξιν

206 3602 363 3671 σοφοί
388 3619 447 3654 τε
468 3602 561 3655 καὶ
589 3602 806 3666 δίκαιοι,
835 3601 974 3655 κατὰ
994 3602 1313 3673 προαίρεσίν
1340 3619 1399 3655 τε
1419 3602 1511 3656 καὶ
1532 3602 1781 3674 δύναμιν,

205 3697 266 3748 ὲν
287 3697 352 3766 τῇ
388 3695 590 3748 τούτων
619 3694 816 3766 εὐωδία
840 3694 1113 3765 γινόμενοι

205 3874 413 3942 Μῦρον
440 3871 770 3927 ἐκκενωθὲν
802 3870 987 3939 ὄνομά
1014 3886 1149 3942 σου.
1180 3871 1283 3925 Διὰ
1314 3871 1489 3925 τοῦτο
1513 3868 1783 3937 νεάνιδες

754 3941 1080 4011 ἠπίστησάν
1111 3959 1203 3995 σε.

277 4036 431 4107 Τάχα
445 4033 788 4107 προφητεύου
808 4033 885 4105 (2)
902 4032 995 4086 τοῦ
1024 4034 1290 4104 ὀνόματος
1302 4032 1397 4086 τοῦ
1420 4030 1657 4103 Χριστοῦ
1681 4030 1780 4102 τὴν

199 4131 295 4183 τὸν
337 4129 539 4199 κόσμον
582 4125 950 4199 πληρώσασαν
990 4124 1239 4195 δύναμιν,
1276 4124 1417 4177 κατὰ
1464 4123 1564 4194 τὴν
1612 4122 1778 4176 αὑτοῦ

199 4220 534 4290 παρουσίαν
564 4218 704 4271 ὥστε
724 4216 975 4285 γενέσθαι
1004 4215 1145 4269 κατὰ
1166 4216 1257 4269 τὸν
1288 4215 1497 4268 Παῦλον
1538 4209 1627 4279 οἷς
1662 4213 1781 4281 μὲν

200 4310 363 4380 ὅσμὴ
406 4311 475 4363 ἐκ
520 4309 780 4365 θανάτου
825 4311 913 4374 εἰς
954 4307 1232 4370 θάνατον,
1287 4302 1378 4372 οἷς
1406 4306 1475 4357 δὲ
1507 4304 1655 4373 ζωῆς
1690 4307 1779 4371 εὶς

198 4398 540 4472 ζωὴν,εῖπεν
573 4402 640 4455 ἂν
665 4404 699 4472 ἡ
729 4401 933 4472 νύμφη,
960 4401 1061 4454 Διὰ
1085 4400 1270 4453 τσῦτο
1289 4399 1513 4464 πάντες
1543 4396 1774 4468 ἠγάπη-

1888 3224 2061 3269 torum
2084 3227 2291 3269 tuorum
2320 3232 2475 3285 super
2499 3218 2676 3270 omnia
2713 3227 2978 3270 aromata.
3052 3260 3055 3261 ν

1957 3328 2121 3396 Quasi
2153 3330 2392 3384 diceret:
2424 3348 2444 3380 ι
2471 3329 2711 3383 Virtutes
2752 3337 2856 3382 tua:
2905 3342 3067 3395 supra
3098 3328 3323 3382 virtutes
3369 3343 3469 3382 no-

1886 3428 2045 3483 stras,
2077 3438 2096 3472 ι
2127 3419 2279 3489 juxta
2310 3418 2438 3473 illud
2469 3437 2484 3474 :
2518 3419 2739 3488 Operuit
2783 3418 2933 3472 cmlos
2966 3420 3129 3472 virtus
3156 3419 3270 3488 ejus
3295 3419 3338 3472 ⁸.
3375 3419 3470 3473 Est

1885 3508 2029 3562 enim
2060 3509 2364 3564 essentialis
2408 3509 2678 3579 sapientia
2717 3519 2771 3564 et
2799 3510 3033 3578 iustitia,
3071 3525 3171 3565 nos
3200 3525 3330 3565 vero
3373 3527 3470 3581 per

1883 3598 2355 3668 participationem
2394 3600 2666 3669 sapientes
2707 3614 2898 3655 sumus
2942 3610 2997 3655 et
3038 3600 3211 3669 justi,
3254 3601 3466 3657 illarum

1883 3692 2142 3745 virtutum
2191 3691 2503 3762 fragrantia),
2545 3693 3092 3748 communicationem
3141 3694 3468 3764 accipientes

1885 3783 1936 3837 in
1964 3794 2219 3852 quantum
2248 3784 2491 3839 valemus
2519 3794 2572 3837 et
2602 3784 2867 3839 volumus.

1997 3874 2162 3931 Vens.
2201 3876 2255 3929 2.
2294 3875 2479 3930 Oleum
2517 3876 2740 3944 effusum
2788 3891 2976 3929 nomen
3016 3886 3161 3928 tuum
3191 3891 3209 3930 :
3240 3876 3359 3930 ideo

2265 3948 2674 4001 adolescentulo:
2697 3947 2997 4000 dilexerunt
3026 3957 3095 3999 te.

1950 4038 2114 4095 Forte
2161 4039 2549 4108 prophetizana
2598 4039 2831 4093 nominis
2863 4036 2989 4093 Jesu
3036 4037 3238 4093 Christi
3287 4038 3463 4093 virtu-

1884 4138 2020 4195 tem,
2065 4144 2186 4199 quae
2228 4130 2417 4184 orbem
2467 4138 2734 4182 terrarum
2783 4128 3023 4197 implevit
3061 4138 3181 4197 post
3209 4128 3328 4196 ejus
3371 4129 3466 4181 ad-

1879 4230 2137 4286 ventum,
2188 4221 2262 4275 ita
2311 4228 2371 4274 ut
2404 4220 2580 4284 fieret,
2606 4220 2764 4287 juxta
2802 4220 2864 4274 S.
2894 4219 3153 4287 Paulum,
3189 4219 3313 4273 aliis
3346 4221 3465 4290 qui-

1878 4313 1995 4366 dem
2027 4312 2158 4365 odar
2186 4313 2374 4365 mortis
2429 4310 2486 4363 in
2525 4321 2775 4374 mortem,
2808 4311 2929 4364 aliis
2957 4322 3135 4364 autem
3172 4315 3305 4363 odor
3339 4315 3462 4364 vita:

1879 4405 1934 4457 in
1972 4405 2196 4471 vitam”,
2225 4404 2405 4459 dicere
2436 4404 2700 4473 potuisset
2749 4418 2945 4472 sponsa
2973 4422 2987 4459 :
3020 4403 3151 4457 Idea
3179 4419 3350 4458 ouans
3378 4405 3462 4456 di-

194 4496 324 4553 σάν
356 4510 458 4550 σε·
488 4496 603 4550 ἀλλ’
631 4496 693 4548 οὐ
726 4494 882 4565 μόνον
916 4495 971 4548 αἱ
994 4493 1231 4556 νεάνιδες
1271 4492 1538 4563 ὁσημέραι
1587 4493 1773 4546 ἀνανε-

1895 4506 2114 4550 exerunt
2140 4507 2226 4560 te;
2258 4512 2469 4561 omnes,
2499 4497 2740 4565 inquam,
2775 4513 2878 4552 non
2909 4499 3081 4552 solum
3112 4510 3293 4553 autem
3331 4501 3463 4554 ado-

196 4590 445 4660 οὐμεναι,
469 4588 568 4643 καὶ
596 4588 683 4659 μὴ
709 4587 959 4657 ἔχουσαι
984 4586 1202 4655 ῥυτίδα
1228 4585 1267 4653 ἢ
1297 4585 1550 4639 σπῖλον
1574 4585 1770 4649 ἐξεκε-

1879 4586 2190 4641 lescentula:
2209 4588 2447 4655 quotidie
2464 4596 2754 4649 renovatae,
2773 4604 2935 4655 neque
2953 4604 3136 4656 rugam
3164 4605 3326 4656 neque
3346 4606 3460 4643 ma-

194 4679 358 4746 νώθη
388 4678 467 4742 δὲ,
488 4679 565 4742 ὡς
590 4678 786 4750 μηκέτι
823 4678 1128 4732 σιωπᾶσθαι
1156 4676 1679 4748 κατακεκλεισμένον
1713 4679 1771 4730 ἐν

1895 4679 2043 4731 ἰιιίιπι
2056 4680 2344 4733 habentes“.
2357 4678 2400 4730 Ε
2402 4679 2596 4747 [fusum
2611 4689 2787 4732 autem
2801 4690 2877 4733 est
2894 4679 3108 4751 (nomen
3127 4684 3321 4749 tuum),
3336 4680 3458 4748 quia

195 4771 552 4841 ἀπορρήτοις.

195 4862 501 4933 Εὶσήγιιτέ
533 4880 611 4933 με
634 4866 668 4917 ὁ
702 4863 1002 4929 βασιλεὺς
1035 4865 1123 4929 εἰς
1165 4862 1233 4917 τὸ
1270 4862 1532 4933 ταμιεῖον
1562 4863 1769 4918 αὑτοῦ.

273 4958 480 5023 Ἥγουν
501 4955 759 5009 ἀδύνατον
778 4957 857 5027 ('5)
879 4956 979 5026 τὴν
1003 4954 1319 5026 ἀξιέραστον
1346 4954 1493 5024 λέγει
1531 4954 1707 5026 ψυχὴν
1736 4956 1769 5026 ἢ

208 5049 538 5118 Ἐκκλησίαν
557 5049 662 5119 ἧτδ
684 5049 1008 5121 ἡγεμονικὸν
1028 5048 1121 5102 τοῦ
1136 5048 1390 5121 Χριστοῦ·
1406 5050 1486 5112 εἰς
1505 5049 1533 5102 ὃ
1562 5049 1773 5113 Παῦλος

194 5141 460 5195 εἰσελθὼν
481 5141 585 5212 ἔφη
602 5157 618 5171 ‘
658 5142 848 5210 Ἡμεῖς
873 5141 941 5194 δὲ
956 5141 1110 5195 νοῦν
1130 5142 1389 5209 Χριστοῦ
1408 5142 1646 5211 ἔχομεν,
1669 5144 1771 5195 ἵνα

193 5232 414 5302 ἴδωμεν
458 5232 529 5285 τὰ
554 5232 669 5286 ὑπὸ
707 5231 855 5285 Θεοῦ
905 5232 1266 5301 χαρισθέντα
1319 5231 1496 5300 ’ἡμῖν’
1542 5230 1663 5283 τίνα
1713 5232 1769 5283 δὲ

728 5376 749 5406 ³
782 5373 927 5432 Psal.
961 5390 1106 5437 XLIV,
1142 5372 1230 5427 12.

262 5494 342 5563 (Ι)
384 5492 508 5547 Haac
555 5492 792 5555 scholia,
818 5491 997 5561 qualia
1041 5490 1123 5563 ab;
1149 5488 1515 5563 illttstrissimo
1548 5488 1774 5563 Mariuex-

190 5560 394 5633 scripta
437 5573 582 5626 sunt,
632 5564 732 5632 ipsi
787 5560 882 5615 nos
930 5561 1272 5633 protulimus,
1300 5561 1510 5633 mendis
1556 5560 1773 5633 scilicet

192 5628 512 5689 non-semel
576 5628 963 5687 insanabilibus
1011 5632 1314 5700 deturpata.
1368 5628 1558 5683 Latine
1608 5631 1769 5684 etiam

192 5710 420 5758 reddere
465 5705 641 5757 conati
675 5719 884 5764 sumus,
926 5703 1173 5770 quamvis
1218 5715 1356 5767 saepe
1396 5700 1593 5770 sa-pius
1630 5700 1765 5770 divi-

194 5778 372 5831 nando
411 5774 748 5845 pmiusquam
805 5768 1203 5841 interpretando
1243 5786 1375 5840 opus
1422 5769 1580 5824 fuerit
1621 5788 1632 5823 :
1686 5768 1760 5823 la-

268 5376 284 5406 ¹
321 5374 480 5430 Joan.
509 5390 548 5442 ι,
581 5374 632 5429 1.
728 5376 749 5406 ³
782 5373 927 5432 Psal.
961 5390 1106 5437 XLIV,
1142 5372 1230 5427 12.
1336 5373 1357 5404 ³
1386 5372 1491 5429 lsa.
1542 5389 1677 5439 un,
1708 5373 1761 5428 5.

1857 5370 2086 5428 Ἧιιιιιιο.
2143 5387 2227 5437 ιιι,
2284 5371 2338 5425 5.
2428 5370 2450 5403 ⁸
2489 5370 2531 5425 ll
2557 5370 2685 5427 Cor.
2720 5387 2780 5437 ll,
2813 5370 2899 5425 16.
2945 5352 2959 5365 ’

1876 4787 1979 4826 non
2010 4771 2121 4841 jam
2149 4772 2201 4825 in
2226 4771 2588 4827 ineﬁ'abilibus
2626 4773 2842 4827 arcanis
2871 4771 3145 4826 conditum
3176 4772 3456 4827 reticetur.

2020 4861 2185 4919 Vens.
2212 4862 2268 4917 5.
2293 4863 2601 4917 Introduxit
2632 4880 2712 4917 me
2735 4879 2826 4916 rex
2858 4863 2912 4915 in
2936 4862 3156 4916 cellaria
3185 4878 3306 4917 sua.

1950 4954 2215 5025 Loquitur
2293 4956 2360 5011 de
2432 4956 2882 5026 impenetralibus
2961 4957 3179 5011 arcanis
3264 4956 3460 5011 animm

1876 5061 2065 5102 amore
2123 5048 2320 5117 dignm,
2378 5058 2472 5103 aut
2528 5049 2806 5113 Ecclesia,
2843 5058 2943 5103 aut
2974 5050 3123 5118 regni
3188 5048 3396 5105 Christi
3441 5066 3455 5103 :

1879 5141 1930 5193 in
1950 5141 2091 5208 quod
2151 5140 2466 5210 mysterium
2510 5139 2706 5195 Paulus
2769 5150 3062 5211 penetrans
3114 5140 3292 5195 dixit:
3344 5140 3460 5195 Nos

1876 5243 2051 5285 autem
2107 5248 2313 5284 sensum
2352 5231 2550 5286 Christi
2605 5232 2894 5298 habemus,
2949 5242 3008 5286 ut
3062 5235 3289 5287 sciamus
3344 5248 3459 5301 qua

3012 5372 3031 5401 ⁸
3048 5370 3241 5441 Ephcs.
3277 5387 3333 5434 v,
3367 5369 3457 5431 ‘27.

1883 5490 2035 5544 ciuus
2069 5489 2438 5551 temerarium,
2466 5490 2849 5557 ignoscendum
2883 5497 3080 5551 tamen,
3108 5488 3291 5551 modo,
3316 5488 3456 5556 quod

1880 5575 2184 5631 Speramus,
2213 5561 2473 5613 sciveriut
2506 5563 2786 5631 ignoscere
2818 5559 3067 5631 lectores.
3110 5558 3268 5631 Enn.

1948 5629 2027 5700 (Ξ)
2068 5629 2230 5699 Lego.
2268 5644 2387 5683 meo
2406 5630 2659 5698 periculo,
2693 5629 3124 5699 7:90:p1“:€'30')31.
3155 5628 3309 5683 Ευιι.

1944 5701 2020 5771 (5)
2053 5700 2209 5758 Forte
2236 5701 2337 5771 leg.
2378 5700 2590 5757 ἄδυτον.
2625 5701 2779 5753 litin.
