3888 6214
432 297 536 354 255

1319 286 1879 349 SUPPLEHENTUM
1925 285 2013 342 AD
2049 282 2375 344 ORlGENIS
2412 280 2831 338 EXEGETICA.

3574 279 3678 335 256

428 432 462 469 a
510 414 615 468 Deo
641 414 837 468 donata
878 422 998 469 sunt
1032 413 1178 471 nobis
1204 414 1247 467 ⁷.
1300 412 1433 480 Quae
1460 422 1640 467 autem
1674 420 1802 466 sunt
1835 411 1948 465 haec
1978 408 1992 461 ἲ

2103 403 2307 468 ταῦτας
2336 405 2403 459 ’Δ
2432 402 2739 472 ὀφθαλμὸς
2768 403 2878 455 οὐκ
2899 399 3024 455 οιδε
3049 400 3148 455 καὶ
3173 396 3284 466 ούς
3300 400 3410 454 οὐκ
3430 401 3677 467 ἢκουσε,

429 501 563 571 nam
608 505 793 560 oculus
832 522 937 560 non
976 506 1107 560 vidit
1144 522 1237 559 nec
1270 506 1419 559 auris
1455 504 1683 568 audivit,
1734 519 1897 574 neque
1947 504 1992 557 in

2103 496 2203 550 καὶ
2234 495 2329 548 ἐπὶ
2360 494 2611 563 καρδίαν
2628 492 2940 563 ἀνθρώπου
2968 494 3079 546 οὐκ
3098 491 3279 559 ἀνέϐη
3300 508 3315 523 ·
3348 491 3533 546 ταῦτα
3566 491 3680 561 γὰρ

428 617 521 655 cor
561 600 790 653 hominis
849 600 1239 663 ascenderunt;
1288 598 1419 653 talia
1479 599 1618 657 enim
1684 596 2001 666 prwparavit

427 691 568 745 Deus
601 690 668 744 iis
687 690 778 758 qui
799 690 1029 759 diligunt
1067 689 1219 743 illum
1242 688 1283 739 ⁸.
1317 687 1373 742 In
1404 686 1625 751 cellario
1649 687 1792 741 enim
1817 685 1998 755 sponsi

426 798 606 835 omnes
640 780 875 835 thesauri
917 781 1188 850 sapientiee
1219 796 1281 833 ac
1334 779 1569 833 scientia:
1607 787 1727 831 sunt
1781 777 1998 830 abscon-

423 878 522 931 diti
543 878 585 930 ³.
628 875 747 945 Ipsa
784 875 928 929 enim
957 888 1177 943 sponsa,
1210 882 1269 927 ut
1300 872 1612 943 praecedens
1640 869 1776 925 alias
1803 870 1998 938 juven-

421 968 591 1033 culas,
622 967 928 1021 introducta
964 974 1068 1029 est,
1097 974 1152 1018 et
1178 964 1374 1027 astitit,
1414 972 1467 1016 ut
1505 963 1706 1031 regina,
1736 978 1769 1016 α
1796 960 1997 1015 dextris

421 1056 580 1125 regis,
625 1055 680 1108 in
726 1055 911 1109 vestitu
966 1054 1247 1115 deaurato.
1285 1053 1440 1123 juxta
1487 1052 1656 1106 David
1683 1051 1749 1117 “,
1796 1050 1888 1121 qui
1931 1052 1997 1104 de

418 1145 835 1203 adolescentulis
863 1146 1038 1200 dixit:
1081 1142 1317 1217 Virgines
1354 1146 1686 1201 adducentur
1726 1146 1835 1215 regi
1876 1151 1996 1212 post

416 1255 532 1293 eam
557 1240 621 1304 “,
646 1250 701 1297 et
726 1255 787 1294 ea
815 1256 934 1311 qum
963 1250 1281 1310 sequuntur.

421 1328 662 1387 Vens.3.
702 1332 999 1402 Diligamus
1048 1332 1206 1386 ubera
1254 1340 1343 1383 tua
1389 1346 1539 1400 super
1599 1329 1993 1394 vinum;recti-

983 1403 1110 1455 tudo
1143 1401 1327 1455 dilexit
1352 1412 1421 1455 te.

493 1482 658 1549 Quasi
701 1484 946 1539 diceret:
984 1480 1098 1536 Etsi
1145 1495 1287 1535 nunc
1332 1496 1423 1551 per
1477 1480 1847 1536 inﬁrmitatem
1895 1496 1992 1536 no-

416 1584 606 1639 stram,
638 1588 799 1642 super
828 1586 1089 1625 mammas
1131 1580 1269 1636 tuas,
1296 1586 1331 1625 o
1363 1570 1601 1641 Sponse,
1634 1571 1817 1625 vinum
1836 1585 1987 1624 ame-

414 1680 569 1730 mus;
605 1666 821 1735 quando
850 1665 1121 1733 emendati
1153 1665 1375 1730 erimus,
1404 1678 1567 1734 super
1595 1664 1774 1717 vinum
1817 1678 1989 1717 mam-

2104 589 2437 657 ἡτοίμασεν
2468 591 2501 641 ὁ
2530 586 2674 652 Θεὸς
2696 585 2819 652 τοῖς
2848 585 3163 655 ἀγαπῶσιν
3197 585 3383 639 αὐτόν
3403 601 3417 615 ·
3459 585 3518 637 ἐν
3566 586 3679 657 γὰρ

2098 680 2177 751 τῷ
2208 682 2440 752 ταμιείῳ
2480 678 2573 734 τοῦ
2614 678 2845 751 νυμφίου
2888 678 3109 744 πάντες
3133 679 3188 732 ol
3230 678 3517 746 θησαυροὶ
3562 678 3679 746 τῆς

2098 772 2320 841 σοφίας
2365 772 2463 826 καὶ
2512 769 2623 840 τῆς
2662 770 2937 841 γνώσεως
2974 769 3340 839 ἀπόκρυφοι·
3380 768 3517 839 αὕτη
3572 768 3676 839 μὲν

2096 862 2205 935 γὰρ
2271 863 2348 928 ὡς
2400 862 2749 935 πῳλαόοὗσα
2812 862 2914 926 τὰς
2966 861 3213 925 νεάνιδας
3268 860 3517 933 εἰσήχθη,
3575 859 3673 913 καὶ

2095 954 2366 1025 παρέστη
2396 956 2477 1021 ὡς
2493 955 2841 1019 ,βασίλισσα
2876 954 2945 1006 ἐκ
2970 950 3185 1017 δεξιῶν
3211 952 3319 1007 τοῦ
3334 950 3666 1017 βασιλέως,

2092 1045 2467 1117 ἐνίματισμῷ
2484 1046 2811 1116 διαχρύσῳ,
2835 1045 2976 1100 κατὰ
2994 1045 3086 1099 τὸν
3106 1045 3266 1099 Δαυῖδ
3284 1062 3297 1075 ·
3331 1045 3458 1116 περὶ
3484 1044 3540 1097 δέ
3558 1043 3669 1097 τῶν

2093 1138 2371 1206 νεανίδων,
2418 1139 2941 1211 ἀπενεχθήσονται
2980 1137 3061 1205 τῷ
3095 1137 3348 1206 ,Βασιλεῖ
3388 1137 3668 1207 παρθένοι

2094 1230 2289 1281 ὀπίσω
2322 1228 2533 1297 αὐτῆς,
2566 1230 2752 1284 καὶτὰ
2783 1229 2929 1301 ἑξῆς.

2105 1319 2528 1392 Ἆγαπήσωμεν
2551 1322 2821 1392 μαστούς
2849 1337 2967 1392 σου
2994 1319 3146 1389 ὑπὲρ
3176 1316 3345 1375 οἶνον
3365 1336 3381 1352 ·
3415 1320 3668 1388 εὐθύτης

2682 1390 2961 1461 ἠγάπησέ
2987 1406 3079 1445 σε.

2165 1484 2370 1551 Ἤγουν
2408 1486 2458 1539 εί
2485 1485 2578 1538 καὶ
2615 1484 2708 1538 νῦν
2751 1484 2818 1538 δι’
2851 1483 3136 1539 ἀσθένειαν
3180 1484 3317 1555 ὑπερ
3369 1499 3495 1545 τους
3540 1500 3665 1548 σους

2095 1576 2333 1644 μαστοὺς
2349 1577 2670 1645 ἀγαπῶμεν,
2701 1571 2745 1630 ὦ
2771 1576 2990 1648 νυμφίε,
3013 1576 3104 1631 τὸν
3127 1571 3427 1641 οἵνον,ὄταν
3449 1574 3669 1646 βελτιω-

2092 1667 2293 1739 θῶμεν,
2322 1668 2463 1740 ὑπὲρ
2483 1668 2672 1722 τοῦτον
2693 1668 2889 1732 αὐτοὺς
2912 1669 3151 1739 ἀγαπᾷν.
3169 1696 3239 1709 -
3267 1664 3423 1730 σίνος
3450 1667 3548 1737 μὲν
3569 1663 3661 1721 οὖν

414 1771 530 1811 mas
581 1766 699 1811 tuas
754 1757 1174 1811 amabimus.——
1208 1756 1403 1810 Vinum
1456 1770 1617 1825 porro
1668 1754 1986 1821 ltetilicans,

2092 1760 2399 1831 εὐφραίνων
2427 1760 2695 1824 νεάνιδας,
2721 1759 2792 1813 τὰ
2833 1759 3061 1832 νομικά·
3091 1763 3125 1832 ὴ
3153 1760 3211 1814 δὲ
3248 1759 3540 1830 τελειότης,
3566 1758 3661 1811 τδῦ

411 1848 545 1922 legis
607 1861 872 1920 praecepta
952 1859 1117 1917 sunt;
1196 1851 1454 1918 perfectio
1509 1858 1727 1916 autem,
1792 1848 1989 1921 Sponsi

411 1956 697 2007 mammae;
747 1940 938 1996 deinde
964 1951 1022 1995 ut
1054 1941 1349 2010 explicaret
1404 1956 1499 1996 cur
1525 1956 1630 1996 non
1682 1942 1856 1996 forma
1912 1941 1989 1996 di-

408 2030 632 2102 ligatur,
676 2033 773 2097 ait,
822 2032 1099 2088 Rectitudo
1145 2036 1333 2087 dilexit
1385 2042 1454 2089 te.
1502 2032 1612 2089 Nos
1659 2044 1837 2089 autem
1871 2034 1987 2090 vias

408 2126 649 2180 nondum
680 2136 892 2181 nostras
919 2136 1093 2182 rectas
1118 2126 1365 2181 fecimus.

406 2216 572 2272 Vens.
613 2217 668 2271 4.
703 2216 893 2288 Nigra
929 2234 1045 2288 sum
1092 2230 1139 2272 et
1172 2218 1402 2288 formosa
1425 2258 1441 2282 ,
1496 2218 1622 2284 lilia:
1660 2216 1979 2284 Jerusalem,

464 2289 600 2341 sicut
635 2286 975 2342 tabernacula
998 2286 1193 2355 Cedar',
1235 2290 1369 2342 sicut
1399 2290 1557 2357 pelles
1586 2288 1912 2343 Salomonis.

476 2379 602 2435 Haec
635 2390 817 2434 autem
849 2380 982 2435 dicit
1010 2380 1247 2436 Ecclesia
1279 2382 1519 2451 gentium
1564 2380 1849 2437 animabus
1890 2379 1982 2436 Je-

401 2472 674 2541 rusalem,
728 2474 841 2528 sive
903 2473 1004 2543 ipsi
1064 2472 1403 2540 Jerusalem,
1448 2475 1783 2543 nigredinem
1840 2474 1979 2530 illius

402 2564 738 2633 agnoscenti,
765 2579 831 2619 eo
860 2566 1003 2634 quod
1032 2580 1099 2619 ex
1130 2566 1377 2635 patribus
1405 2554 1503 2619 nec
1534 2565 1835 2622 illustribus
1878 2583 1978 2623 nec

401 2652 721 2709 illuminatis
754 2666 874 2708 orta
907 2654 997 2719 sit,
1031 2666 1425 2726 proptereaque
1455 2657 1609 2727 nigro
1630 2657 1826 2723 colori,
1861 2659 1975 2713 sive

401 2746 641 2802 tenebris
668 2757 1033 2816 comparatur.
1060 2746 1291 2802 Pulchra
1330 2759 1508 2803 autem
1540 2749 1684 2804 facta
1728 2764 1823 2819 per
1853 2764 1973 2805 ver-

397 2835 528 2889 bum
583 2836 726 2906 quod
784 2838 1020 2904 recepit,
1060 2838 1391 2893 assimilatur
1433 2839 1681 2895 tentoriis
1727 2838 1974 2895 Salomo-

396 2923 505 2992 nis,
524 2923 749 2995 alusque
766 2926 1142 2995 splendoribus
1165 2942 1302 2996 quos
1328 2929 1567 2997 possedit
1591 2928 1643 2986 in
1665 2928 1834 2999 gloria
1851 2945 1967 2984 sua.

399 3017 565 3074 Vsus.
594 3018 646 3073 5.
673 3017 849 3074 Nolite
871 3036 951 3074 me
973 3021 1332 3094 considerare,
1361 3023 1498 3094 quod
1529 3022 1680 3092 fusca
1703 3024 1824 3090 sim,
1842 3024 1970 3094 quia

946 3092 1177 3159 despexit
1204 3108 1284 3147 me
1307 3093 1407 3148 sol.

467 3178 692 3237 Scilicet
750 3181 875 3252 quia
908 3182 1250 3237 obscuratam
1302 3191 1526 3254 peccato
1570 3184 1825 3241 Christus
1872 3186 1969 3243 de-

393 3272 574 3343 spexit
599 3274 669 3329 ob
699 3272 1134 3328 incredulitatem
1156 3290 1169 3341 ;
1195 3289 1353 3345 quem
1388 3276 1606 3346 quidem
1628 3275 1853 3347 iustitiae
1881 3292 1970 3334 so-

393 3364 500 3420 lem
537 3366 805 3435 appellant
837 3366 1155 3435 Scriptum.

391 3458 558 3515 Vsus.
598 3461 651 3515 5.
685 3460 814 3513 Filii
842 3460 1025 3532 matris
1056 3476 1185 3514 utea:
1227 3472 1585 3532 pugnaverunt
1628 3462 1683 3515 in
1722 3478 1800 3516 me
1823 3502 1837 3526 ,
1873 3479 1968 3529 po-

463 3541 784 3653 sueruéit'me
822 3531 1088 3586 custodem
1110 3535 1166 3585 in
1191 3531 1388 3595 vineis;
1435 3533 1637 3588 vineam
1669 3548 1837 3587 meum
1862 3549 1966 3587 non

463 3611 608 3653 custo
651 3617 736 3653 ιυι.

463 3611 736 3657 ευσιοαιυι.

469 3693 690 3754 Scilicet
722 3694 971 3765 discipuli
1013 3695 1216 3750 Christi
1262 3696 1543 3765 cupientes
1580 3695 1822 3753 docendo
1867 3713 1965 3767 pu-

392 3782 609 3840 riﬁcare
652 3799 739 3841 me
776 3800 806 3839 a
840 3786 1109 3856 perversis
1141 3787 1388 3842 consiliis
1428 3803 1547 3856 quae
1592 3794 1780 3844 contra
1812 3789 1963 3844 illum

391 3878 693 3945 iniveram,
746 3881 1293 3949 suggestionibusque
1358 3883 1663 3937 daemonum
1721 3885 1773 3937 in
1847 3884 1964 3938 hac

388 3984 614 4040 cperam
664 3968 1081 4036 conferentium,
1116 3971 1202 4026 bis
1237 3971 1546 4041 pugnabant
1578 3972 1630 4025 in
1666 3986 1771 4037 me,
1818 3971 1964 4041 ejus-

388 4060 508 4114 dem
546 4077 611 4114 ac
662 4077 756 4130 ego
793 4064 980 4115 matris
1012 4062 1145 4129 ﬁlii,
1190 4063 1457 4118 libertatis
1499 4064 1660 4118 dico:
1693 4063 1961 4134 siquidem

387 4153 495 4221 illi,
536 4169 637 4225 per
681 4156 1001 4213 electionem
1049 4157 1309 4227 separati,
1354 4159 1619 4228 assumpti
1661 4172 1818 4225 sunt,
1861 4174 1962 4227 ego

384 4256 566 4301 autem
605 4257 985 4304 testamentum
1017 4250 1314 4306 secundum
1346 4251 1621 4306 caelestem
1659 4249 1960 4307 Jerusalem

385 4340 594 4409 accepi,
623 4348 678 4395 et
708 4356 805 4410 per
840 4343 1255 4411 promissionem
1300 4352 1615 4413 regenerata
1648 4358 1792 4399 sum.
1838 4342 1958 4399 Non

380 4446 513 4487 vero
577 4433 725 4487 illam
786 4436 937 4504 prius
1001 4437 1221 4506 quidem
1294 4436 1566 4491 custodem
1626 4448 1954 4503 posuerunt,
1990 4466 2032 4520 ο

379 4534 566 4594 postea
602 4536 780 4581 autem
826 4528 1305 4598 impugnaverunt:
1336 4530 1605 4598 sed.prius
1634 4529 1955 4600 impugnan-

384 4624 496 4681 tes,
550 4617 798 4674 idoneam
854 4620 1000 4674 illam
1061 4618 1389 4675 feceruntut
1442 4621 1499 4675 in
1542 4620 1716 4675 vineis
1770 4631 1956 4676 custos

378 4718 764 4776 poneretur....
808 4712 1022 4784 Moyses
1052 4723 1229 4769 autem
1266 4716 1354 4771 ille
1391 4726 1445 4771 et
1488 4716 1785 4785 prophetae,
1819 4730 1955 4785 quo-

379 4812 497 4851 rum
552 4804 925 4872 unusquisque
971 4820 1100 4874 ager
1140 4816 1262 4862 erat
1313 4807 1501 4871 plenus
1547 4808 1634 4863 cui
1681 4807 1955 4863 benedixit

377 4886 938 4953 Dominus.............

382 5132 543 5187 Vens.
655 5134 715 5190 Si
749 5137 962 5207 ignoras
993 5147 1063 5203 te,
1084 5157 1113 5194 ο
1130 5141 1483 5205 pulcherrima
1516 5143 1651 5196 inter
1674 5141 1945 5202 mulieres,

440 5204 785 5283 egredere,_ci
814 5207 899 5260 abi
923 5219 1038 5283 post
1076 5204 1286 5280 vestigia
1312 5230 1523 5281 gregum
1543 5255 1559 5281 ,
1592 5224 1637 5267 et
1655 5229 1809 5283 pasce
1839 5215 1947 5267 ha:-

442 5279 535 5326 dos
558 5284 673 5327 tuos
688 5277 848 5346 juxta
880 5277 1219 5334 tabernacula
1237 5277 1529 5353 paitofum.

442 5427 825 5502 Pervulgatum
854 5432 983 5488 illud
1011 5438 1153 5505 apud
1179 5435 1399 5492 Graecos
1424 5440 1731 5511 dicterium,
1773 5442 1946 5500 Nosce

376 5528 603 5594 teipsum
629 5567 645 5594 ,
677 5542 708 5580 a
746 5529 991 5598 sapiente
1038 5532 1327 5590 Salomone
1374 5548 1810 5608 praeoccupatum
1840 5550 1941 5595 est.

442 5686 461 5711 '
497 5688 514 5739 Ι
550 5683 675 5740 Cor.
710 5703 771 5754 ll,
812 5689 897 5757 12,
941 5691 1026 5747 16.
1105 5693 1125 5724 ⁸
1165 5694 1183 5748 l
1224 5694 1347 5752 Cor.
1392 5711 1454 5764 ll,
1486 5700 1539 5754 9.

2093 1852 2329 1923 νυμφίου
2356 1852 2589 1923 μαστοί·
2634 1846 2754 1905 εἶτα
2801 1853 2883 1916 είς
2936 1851 3231 1920 ἀπολογίαν
3278 1850 3373 1905 τοῦ
3423 1850 3499 1922 μὴ
3546 1850 3661 1921 εἴδη

2092 1945 2332 2014 ἀγαπᾷν,
2367 1943 2569 2014 φησίν·
2603 1945 2879 2013 Εὺθύτης
2913 1943 3193 2013 ἠγάπησέ
3242 1959 3347 1998 σε·
3400 1944 3559 2014 ἡμεῖς
3603 1940 3664 1994 δέ

2089 2033 2244 2089 οὔπω
2270 2034 2369 2099 τὰς
2397 2034 2607 2089 ἑαυτῶν
2630 2035 2851 2106 πορείας
2877 2034 3091 2100 εὐθείας
3120 2034 3517 2108 ἐποιησάμεθα.

2085 2212 2355 2300 Malm"
2398 2216 2512 2299 ειμι
2541 2214 2641 2300 καὶ
2674 2214 2853 2300 aelii.
2887 2213 3202 2300 θτίταξξρεῑς
3244 2216 3658 2300 ἰαογσαβήψ

2157 2284 2237 2349 ὡς
2269 2284 2630 2353 σκηνώματα
2669 2284 2890 2354 Κηδὰρ,
2917 2286 2997 2351 ὠς
3026 2285 3251 2357 δέρῤεις
3281 2285 3585 2357 Σαλομὼν.

2153 2372 2317 2442 Λέγει
2348 2372 2403 2426 δὲ
2431 2374 2463 2445 ὴ
2492 2372 2551 2438 ἐξ
2579 2374 2747 2428 ἐθνῶν
2775 2374 3071 2447 Ἐκκλησία
3094 2375 3266 2429 ταῦτα
3311 2376 3446 2447 πρὸς
3478 2377 3575 2441 τὰς
3598 2378 3659 2446 ἐξ

2095 2468 2448 2539 Ἰερουσαλὴμ
2474 2466 2673 2538 ψυχὰς,
2698 2471 2819 2541 ἦτοι
2836 2469 2936 2541 τὴν
2966 2470 3271 2543 Ἱερονσαλὴ
3280 2489 3339 2542 μ,
3362 2470 3657 2542 ὁμολογοῦ-

2084 2576 2182 2613 σαν
2204 2559 2264 2615 τὸ
2296 2559 2485 2631 μέλαν,
2519 2559 2608 2613 διὰ
2638 2560 2699 2613 τὸ
2731 2560 2805 2633 μὴ
2844 2563 2909 2614 ἐκ
2932 2561 3196 2634 λαμπρῶν
3244 2564 3377 2635 μηδὲ
3411 2581 3654 2633 πεφωτι-

2082 2650 2293 2721 σμένων
2315 2650 2567 2724 πατέρων
2589 2669 2603 2684 ·
2641 2652 2722 2707 διὸ
2756 2653 2850 2707 καὶ
2876 2654 3168 2726 σκοτασμῷ
3192 2655 3649 2727 παραϐάλλεσθαι·

2080 2743 2218 2815 καλὴ
2245 2743 2301 2797 δὲ
2334 2744 2421 2798 διὰ
2452 2745 2544 2799 τὸν
2574 2745 2731 2813 λόγον
2766 2745 2825 2799 ὃν
2857 2746 3216 2818 παρεδέξατο·
3268 2748 3361 2801 καὶ
3405 2747 3654 2822 δέρῤεσιν

2078 2835 2313 2890 ἐοικέναι
2334 2835 2427 2889 τοῦ
2464 2835 2721 2908 Σαλομὼν
2755 2837 2821 2900 ἃς
2854 2832 3019 2908 εἶχεν,
3074 2836 3193 2907 μεθ’
3220 2829 3295 2893 ὧν
3318 2838 3491 2892 ἄλλων
3529 2837 3653 2892 ἐκέ-

2078 2944 2244 2998 κτητο
2272 2929 2330 2980 ἐν
2356 2931 2420 2999 τῇ
2454 2927 2581 3001 δόξῃ
2606 2928 2793 2982 αὐτοῦ.

2075 3019 2173 3089 Μὴ
2214 3019 2493 3090 βλέψητέ
2518 3037 2596 3090 με
2628 3020 2730 3105 ’ὁὲτήι
2906 3024 3020 3105 ειμι
3043 3021 3530 3105 μςμελανωμένη,
3560 3022 3650 3076 ὅτι

2495 3089 2835 3160 παρέϐλεψέ
2861 3109 2939 3163 με
2957 3089 3008 3146 id
3036 3089 3229 3161 ἥλιος.

2144 3182 2215 3235 Ἢ
2271 3183 2353 3237 ὅτι
2416 3183 2794 3237 σκοτισθεῖσάν
2849 3200 2918 3255 με
2973 3184 3039 3253 τῇ
3089 3182 3356 3255 ἁμαρτίᾳ,
3416 3183 3649 3255 Χριστὸς

2068 3272 2291 3344 παρεῖδε
2324 3272 2412 3327 διὰ
2436 3273 2532 3345 τὴν
2554 3275 2810 3329 ἀπιστίαν
2826 3291 2839 3305 ·
2878 3275 2936 3329 ὃν
2959 3275 3108 3347 ἣλιον
3130 3274 3472 3347 δικαιοσύνης
3520 3276 3649 3331 ἁνα-

2067 3365 2384 3436 γορεύουσιν
2408 3367 2463 3419 αἱ
2488 3366 2722 3438 Γραφαί.

2076 3457 2193 3510 Υίοὶ
2214 3460 2439 3528 μητρός
2466 3476 2586 3527 μου
2620 3458 2996 3528 ἐμαχέσαντο
3042 3458 3111 3511 ἐν
3139 3458 3305 3527 ἐμοί·
3336 3458 3541 3528 ἐθεντό
3568 3476 3647 3527 με

2136 3526 2529 3599 φυλάκισσαν
2578 3526 2659 3581 ἐν
2693 3526 3045 3599 ἀμπελῶσιν
3135 3526 3460 3598 ἀμπελῶνα
3498 3526 3646 3598 ἐμὸν

2136 3600 2249 3651 οὐκ
2279 3597 2575 3667 ἐφύλαξα.

2138 3689 2347 3757 Ἤγουν
2374 3689 2425 3742 oi
2453 3689 2797 3754 διδάσκοντες
2836 3690 3081 3762 μαθηταὶ
3126 3689 3221 3744 τοῦ
3266 3689 3523 3762 Χριστοῦ,
3554 3708 3644 3743 κα-

2064 3778 2230 3849 θᾶραι
2257 3778 2448 3853 μετῶν
2471 3780 2609 3851 πρὸς
2634 3780 2825 3834 τούτου
2850 3780 3167 3853 βουλόμενοι
3209 3782 3460 3853 πονηρῶν
3503 3781 3643 3849 λογι-

2067 3869 2240 3941 σμῶν,
2309 3871 2405 3925 καὶ
2470 3871 2580 3925 τῶν
2638 3873 3043 3943 συνεργούντων
3109 3872 3283 3927 ταῦτα
3350 3872 3641 3943 δαιμόνων,

2061 3963 2436 4034 ἐμαχέσαντο
2468 3964 2679 4029 τούτοις
2706 3968 2762 4019 ἐν
2781 3966 2925 4037 ἐμοὶ,
2958 3964 3068 4033 τῆς
3088 3963 3276 4033 αὐτῆς
3300 3983 3403 4035 μοι
3416 3965 3642 4034 μητρὸς

2064 4055 2233 4121 ὄντες
2256 4056 2397 4123 υἱοὶ,
2430 4058 2528 4128 τῆς
2557 4056 2869 4126 ἐλευθερίας
2902 4058 3078 4128 φημί·
3101 4059 3149 4111 οί
3176 4059 3272 4129 μὲν
3310 4059 3390 4121 είς
3416 4058 3475 4110 τὸ
3519 4059 3638 4110 κατ’

2062 4141 2291 4215 ἐκλογὴν
2327 4143 2547 4214 χάριτος
2599 4146 2803 4217 λεῖμμα
2848 4146 3377 4218 άναλαμόανόμενοι·
3428 4145 3540 4214 ἐγὼ
3579 4147 3638 4200 δέ

2060 4232 2156 4304 τὴν
2180 4233 2319 4287 κατὰ
2362 4234 2460 4306 τὴν
2506 4237 2615 4291 ἄνω
2678 4238 3014 4309 Ιερουσαλὴμ
3060 4239 3323 4311 διαθήκην
3371 4239 3642 4303 λαϐοῦσα,

2061 4324 2153 4380 καὶ
2190 4324 2248 4391 ἐξ
2298 4325 2629 4395 ἐπαγγελίας
2673 4327 3118 4398 ἀναγεννωμένη.
3147 4329 3221 4381 Οὐ
3274 4327 3535 4401 πρότερον
3576 4328 3635 4381 δέ

2059 4412 2260 4483 ταύτην
2275 4417 2480 4468 ἐϐεντο
2500 4415 2915 4483 φυλὰκισσαν,
2946 4411 3064 4469 εἶτα
3085 4415 3441 4488 ἐμαχέσαντο·
3468 4435 3636 4488 μαχε-

2063 4505 2283 4572 σάμενοι
2304 4506 2360 4559 δὲ
2388 4506 2607 4578 πρῶτον
2644 4508 2958 4578 ἐπιτηδείαν
2993 4509 3255 4579 ἐποίησαν
3276 4510 3370 4562 τοῦ
3408 4510 3637 4581 τεθῆναι

2061 4599 2120 4650 ἐν
2172 4596 2489 4668 ἀμπελῶσιν
2541 4600 2621 4662 εἰς
2679 4599 2993 4671 φυλακήν...
3054 4601 3286 4673 Μωῡσῆς
3341 4602 3399 4656 δὲ
3454 4597 3637 4667 οὗτος,

2058 4688 2154 4742 καὶ
2182 4690 2232 4742 ol
2262 4690 2571 4761 προφῆται,
2621 4682 2695 4743 ὧν
2734 4690 2963 4755 ἕκαστος
2994 4692 3161 4764 ἀγρὸς
3197 4689 3265 4765 ἦν
3302 4694 3535 4765 πλήρης,
3570 4696 3633 4750 ὃν

2058 4780 2321 4851 εὐλόγησε
2346 4782 2619 4853 Κύριος..
2648 4783 2741 4836 καὶ
2768 4781 3026 4854 ἁμπελὼν
3048 4786 3103 4837 ἐν
3119 4781 3199 4849 οἷς
3213 4802 3296 4849 τις
3318 4786 3635 4857 γενόμενος,

2057 4872 2152 4924 καὶ⁵
2212 4872 2310 4944 τὴν
2367 4873 2638 4945 προτέραν
2696 4874 2807 4939 ἐξιν
2852 4874 3043 4928 ἑαυτοῦ
3099 4876 3171 4947 μὴ
3208 4877 3390 4948 τηρῶν
3440 4878 3516 4941 ὡς
3563 4879 3631 4930 ἐκ

2056 4963 2303 5034 Σοδόμων
2336 4964 2685 5036 ὑπάρχουσαν
2714 4966 3036 5037 ἀμπελῶνα,
3063 4967 3140 5038 τῷ
3173 4968 3378 5040 παράντ
3385 4986 3401 5020 ι
3433 4968 3629 5040 κέχρη-

2052 5071 2140 5108 ται
2170 5054 2331 5125 λόγῳ,

2065 5147 2199 5223 Ἐάν
2248 5144 2337 5223 μὴ
2391 5146 2547 5223 γνῷς
2609 5149 2877 5223 σεαυτὴν
2926 5151 2966 5223 ῄ
3016 5150 3178 5220 καλὴ,
3214 5151 3285 5205 ἐν
3325 5152 3621 5223 γυναιξὶν.

2120 5217 2329 5290 ἔξελθε
2360 5217 2441 5271 σὺ
2474 5217 2547 5290 ,ὲν
2565 5219 2857 5290 ,πτέρναις
2887 5217 3004 5274 τῶν
3024 5217 3313 5290 ποιμνίων
3333 5217 3475 5290 σου,
3520 5223 3620 5277 καί

2121 5288 2395 5362 ποίμαινε
2426 5288 2529 5355 τὰς
2550 5289 2795 5359 ἐρίφους
2824 5306 2939 5344 σου
2981 5291 3079 5344 ἐπὶ
3109 5288 3472 5362 σκηνώμασιῖ
3503 5292 3624 5346 τῶν

2121 5358 2435 5426 ποιμένων.

2121 5453 2195 5505 Τὸ
2236 5452 2675 5526 πολυθρύλλητον
2728 5455 2784 5509 δὲ
2830 5456 2959 5528 παρ’
3005 5457 3261 5529 Ἕλλησιν
3307 5456 3621 5526 ἐπίφθεγμα

2052 5545 2408 5617 προείληπται
2473 5548 2776 5621 παραδοθὲν
2826 5548 2907 5618 τῷ
2978 5550 3124 5621 σοφῷ
3182 5549 3508 5621 Σολομῶντι,
3558 5549 3621 5604 τδ

1636 5702 1655 5731 ³
1691 5701 1895 5759 Coloss.
1926 5720 1986 5770 ιι,
2010 5704 2060 5758 5.
2143 5708 2184 5738 ¹⁰
2223 5706 2361 5761 Psal.
2393 5724 2537 5774 xuv,
2570 5708 2654 5763 l0.
2738 5708 2776 5741 “
2810 5708 2937 5764 ibid.
2972 5710 3031 5765 l.’
