3888 6214
213 286 323 339 είς-ι

1335 282 1629 339 SCHOLIA
1666 280 1735 337 IN
1772 280 2075 338 CANTICA
2110 281 2383 338 CANTIC.

3372 285 3479 339 238

215 401 412 458 Γνῶθι
444 403 677 457 σαυτόν
697 418 713 434 °
745 402 869 457 καθ’
893 402 959 474 ἢν
980 403 1285 457 ἀπειλεῖται
1310 403 1455 473 νῦνῆ
1482 402 1629 473 ψυχὴ
1652 402 1790 473 παρὰ

1908 400 2008 457 Hic
2034 401 2179 457 enim
2210 417 2355 456 nunc
2390 400 2632 455 minatur
2665 416 2861 458 ammte
2905 411 3117 457 amator
3150 410 3205 457 et
3228 417 3480 472 sponsus,

214 495 311 549 τοῦ
340 493 570 566 ἐράστου
602 495 696 547 καὶ
721 494 977 564 νυμφίου,
1020 494 1067 546 ει
1100 493 1173 565 μὴ
1210 493 1273 546 τὸ
1307 492 1461 546 δοθὲν
1499 492 1636 563 αὐτῇ
1680 494 1800 545 κατ’

216 585 405 638 εἰκόνα
423 584 561 637 θεοῦ
591 585 815 654 φυλάξει
838 585 1053 648 κάλλος,
1077 584 1175 656 τὴν
1197 583 1408 637 ἔνδοθεν
1434 582 1684 653 ἐκϐολὴν,
1709 582 1802 635 καὶ

215 678 278 731 τὸ
309 681 369 732 ἐν
406 679 655 749 ἐσχάτοις
684 679 962 750 τετάχθαι,
994 682 1120 743 τοὺς
1143 681 1364 744 σκαιοὺς
1404 680 1626 751 ἐρίφους
1682 696 1802 732 ποι-

220 772 508 841 μαίνουσα.
547 773 837 843 Ποιμανεῖς
858 773 915 825 δέ
945 773 1142 836 αὐτοὺς
1176 773 1272 825 ἐπὶ
1303 771 1426 839 τοῖς
1450 772 1568 825 τῶν
1603 771 1803 841 ποιμέ-

215 880 339 915 νων
371 864 786 932 σκηνώμασιν,
818 865 947 917 ποτέ
982 865 1079 936 μὲν
1107 864 1286 925 τοῦδε,
1318 865 1447 919 ποτὲ
1488 864 1544 917 δὲ
1590 864 1799 917 ἐκείνου

214 948 303 1007 οἷα
330 953 397 1024 δή
428 970 513 1016 τις
543 954 758 1024 ἀλῆτις·
788 956 951 1026 μέχρι
992 954 1339 1008 παιδευθεῖσα
1363 957 1429 1026 τῇ
1458 955 1623 1027 πείρᾳ
1663 955 1800 1026 πρὸς

211 1048 311 1120 τὴν
356 1049 588 1119 σεαυτῆς
629 1050 1013 1121 ἐπιστρέψειας
1059 1050 1257 1118 γνῶσιν
1282 1066 1295 1079 ·
1336 1049 1568 1121 ἁρμόσει
1602 1049 1658 1103 δὲ
1706 1050 1800 1104 καὶ

213 1143 351 1213 πρὸς
378 1142 476 1213 τὴν
512 1143 838 1213 Ἐκκλησίαν
856 1145 885 1195 ὁ
902 1143 1085 1212 λόγος·
1113 1142 1371 1213 γινώσκει
1395 1142 1450 1195 δέ
1478 1159 1563 1205 τις
1586 1142 1797 1205 ἐαυτὸν,

194 1234 388 1317 ⁸εἰδὼς,
421 1237 469 1287 εἰ
515 1234 783 1307 ἀγαθὴνῆ
814 1235 1023 1305 φαύλην
1065 1234 1175 1306 ἔχει
1206 1234 1472 1287 διάθεσιν·
1521 1234 1616 1287 καὶ
1663 1232 1797 1286 πολὺ

210 1328 312 1396 τῆς
357 1326 479 1381 ὀδοῦ
508 1327 608 1397 τῆς
655 1328 751 1379 ἐπὶ
800 1328 900 1399 τὴν
942 1328 1143 1399 ἀρετὴν
1176 1326 1562 1380 ἀπολείπεται·
1602 1325 1635 1395 ἢ
1688 1328 1800 1388 τοῖς

210 1420 525 1492 ἔμπροσθεν
563 1421 956 1483 ἐπεκτείνεται,
993 1422 1099 1473 τῶν
1122 1420 1344 1473 ὄπισθεν
1387 1418 1799 1489 ἐπιλανθανόμε-

209 1525 334 1573 νοςο
377 1510 426 1562 εί
457 1509 514 1561 δὲ
556 1510 651 1563 καὶ
686 1510 853 1580 μήπω
878 1508 1067 1561 ἔλαϐεν
1104 1509 1137 1580 ἢ
1177 1508 1535 1572 τετελείωται,
1570 1508 1603 1579 ἢ
1634 1524 1799 1577 προσ-

212 1603 425 1673 εγγίξει
464 1606 576 1667 τοῖς
610 1603 779 1674 ὁρίοις
822 1600 917 1654 τοῦ
984 1601 1250 1665 θάλλους’
1307 1600 1467 1672 ἔργον
1500 1599 1555 1653 δέ
1607 1600 1700 1652 καὶ
1736 1599 1797 1651 τὸ

212 1697 529 1764 ἀφιστάνειν
558 1694 762 1766 ἑκάστῃ
793 1693 988 1765 πράξει
1020 1694 1168 1757 ὃπως
1206 1693 1527 1762 γεγένηνται
1554 1690 1796 1761 λογισμῷ

308 1783 473 1837 παντὶ
521 1783 615 1836 καὶ
664 1750 852 1852 λόγῳδ
890 1750 1164 1850 γυναῖκας
1200 1750 1258 1834 δὲ
1284 1750 1404 1845 τὰς.
1433 1781 1505 1853 μὴ
1551 1750 1797 1849 καθαρὰς
1830 1750 1871 1805 Β

215 1875 348 1946 μηδέ
376 1876 702 1946 ἀδιαφόρους
727 1873 904 1946 ψυχὰς
929 1874 1076 1942 λέγει
1101 1891 1114 1904 ·
1149 1873 1426 1944 ἀμελοῦσα
1462 1874 1515 1926 δὲ
1539 1874 1635 1944 τῆς
1663 1873 1798 1936 ἰδίας

210 1967 485 2037 γνώσεως,
510 1968 704 2036 γένοιτ’
725 1966 789 2020 ἂν
814 1963 1252 2035 κλυδωνιζομένη
1276 1966 1369 2017 καὶ
1386 1962 1794 2035 περιφερομένη

210 2060 391 2114 παντὶ
435 2059 633 2129 ἀνέμῳ
676 2057 788 2125 τῆς
833 2056 1232 2121 διδασκαλίας
1275 2057 1332 2107 ἐν
1364 2058 1430 2125 τῇ
1466 2055 1660 2127 κυϐείᾳ
1689 2054 1797 2106 τῶν

211 2150 516 2220 ἀνθρώπιον
535 2167 547 2180 ·
570 2152 663 2203 καὶ
682 2146 958 2218 πανταχοῦ
991 2146 1191 2218 μᾶλλον
1205 2144 1512 2214 ποιμαίνειν
1535 2146 1633 2207 τὰς
1662 2144 1795 2207 ἰδίας

212 2244 413 2306 σκαιάς
429 2244 649 2314 ἐρίφους
673 2242 706 2312 ἦ
741 2241 889 2311 παρά
906 2239 982 2310 τῷ
1003 2238 1149 2309 καλῷ
1173 2238 1447 2308 ποιμαίνει
1468 2236 1631 2306 λόγῳ·
1654 2235 1793 2307 αῦτη

209 2337 268 2389 δέ
285 2336 561 2407 προσηνὴς
584 2335 613 2387 ὁ
643 2334 819 2402 λόγος,
845 2335 893 2385 εί
922 2332 1015 2385 καὶ
1047 2331 1315 2403 μηδέποτε
1347 2329 1464 2382 λεία
1489 2328 1674 2382 λοιπὸν
1695 2328 1793 2399 ἤδη

220 2426 293 2479 ἑν
315 2424 593 2493 γυναιξίν
617 2424 734 2476 ἐστι
763 2421 944 2489 καλὴ,
966 2418 1559 2491 συγκαταριθμουμένη
1592 2420 1657 2488 τῇ
1694 2417 1792 2470 τοῦ

208 2515 346 2568 Θεοῦ
376 2514 693 2585 Ἐκκλησία,
732 2513 825 2567 καὶ
849 2512 955 2565 τῶν
986 2513 1043 2565 ἐν
1068 2512 1203 2581 αὐτῇ
1249 2509 1461 2582 μικρῶν
1491 2505 1624 2563 οὖσα
1664 2507 1794 2560 καλ-

206 2607 357 2660 λίωψ
386 2607 442 2659 αί
470 2605 577 2676 γὰρ
604 2604 744 2658 οῦτω
773 2602 1064 2673 λεγόμεναι
1109 2602 1210 2671 τῆς
1253 2599 1578 2671 Ἐκκλησίας
1605 2600 1792 2667 γυναῖ-

207 2715 325 2760 κες,
344 2696 453 2751 τῶν
466 2696 693 2749 ἐθνικῶν
709 2694 897 2765 ψυχῶν
916 2693 1259 2765 ἀσυγκρίτως
1282 2690 1534 2762 ἀμείνους
1566 2706 1793 2761 πορευο-

210 2790 388 2859 μένων
420 2788 594 2840 ὀπίσω
609 2784 969 2860 τῶνὲραστῶν
994 2784 1100 2836 τῶν
1132 2781 1523 2852 ἀντικειμένων
1557 2780 1794 2849 δυνάμε-

208 2902 308 2947 ων,
332 2880 610 2951 γυναικῶν
626 2879 955 2949 λεγομένων,
975 2876 1087 2930 ἀλλ’
1109 2876 1170 2928 ού
1195 2874 1478 2946 παρθένων
1495 2890 1510 2904 ·
1538 2872 1656 2936 πῶς
1686 2871 1792 2943 γὰρ

205 2978 308 3029 οὐκ
331 2975 593 3046 ἀμείνων,
625 2975 658 3044 ή
687 2972 822 3044 πρὸς
850 2971 940 3023 τὸν
964 2970 1189 3041 κτίστην
1220 2967 1313 3021 τὸν
1339 2966 1543 3037 σαυτῆς
1576 2966 1794 3020 ἀναϐλέ-

1908 495 2011 551 nlsi
2038 494 2219 549 datam
2248 494 2352 550 sibi
2386 495 2681 549 secundum
2714 494 2810 549 Dei
2842 495 3136 566 imaginem
3161 506 3341 550 scrvet
3363 496 3483 566 pul-

1906 587 2274 642 chritudinem
2300 628 2315 654 ,
2358 587 2530 656 ipsam
2562 586 2711 641 foras
2744 587 2902 657 ejici,
2943 597 3105 657 atque
3132 589 3185 643 in
3221 590 3482 644 extremis

1904 680 2108 735 versari
2140 680 2395 748 periculis
2419 722 2434 747 ,
2480 680 2734 736 sinistros
2780 680 2961 735 bardos
3011 691 3348 750 pascentem.
3386 680 3482 735 Pa-

1903 772 2013 828 scis
2046 780 2225 826 autem
2256 786 2352 829 eos
2385 773 2549 843 juxta
2595 774 2933 826 tabernacula
2986 784 3259 843 pastorum
3286 814 3301 840 ,
3338 789 3481 829 nunc

1904 868 2121 936 quidem
2151 866 2332 935 hujus,
2369 883 2511 923 nunc
2540 882 2670 922 vero
2706 868 2893 933 istius,
2927 866 3074 921 velut
3101 868 3349 937 quaedam
3379 882 3479 921 va-

1901 962 2151 1034 gabunda
2181 978 2196 1028 ;
2234 962 2407 1017 donec
2448 961 2727 1017 edocearis
2757 961 3093 1031 experientia
3123 961 3314 1015 tuimet
3347 974 3480 1014 con-

1902 1054 2170 1108 versionis
2214 1054 2484 1110 notitiam.
2523 1051 2784 1123 Spectant
2828 1068 3045 1124 quoque
3080 1052 3147 1107 ad
3182 1051 3479 1107 Ecclesium

1904 1147 2017 1201 haec
2046 1149 2231 1201 verba.
2280 1145 2466 1201 Nescit
2506 1147 2650 1201 enim
2682 1146 2881 1216 aliquis
2904 1144 3257 1213 semetipsum
3285 1184 3300 1209 ,
3356 1159 3477 1198 cum

1902 1237 2096 1293 viderit
2130 1279 2144 1302 ,
2193 1239 2460 1292 bonamne
2492 1254 2559 1291 an
2593 1254 2786 1293 vanam
2817 1238 3015 1292 habeat
3047 1237 3264 1292 vivendi
3312 1236 3481 1290 ratio-

1902 1344 2059 1395 nem;
2096 1329 2400 1383 multumne
2429 1343 2459 1381 a
2490 1329 2575 1382 via
2608 1327 2824 1383 virtutis
2874 1327 3144 1393 declinet;
3198 1334 3289 1381 aut
3320 1327 3481 1381 nimis

1900 1421 2270 1477 anterioribus
2300 1421 2647 1488 extendatur,
2699 1420 3065 1490 posteriorum
3118 1419 3353 1485 oblitus;
3387 1427 3482 1473 aut.

1900 1513 2138 1567 nondum
2192 1516 2436 1584 ceperit,
2473 1514 2557 1568 vel
2602 1514 2672 1568 sit
2705 1512 3027 1582 perfectus,
3072 1512 3155 1567 vel
3205 1513 3481 1580 proximus

1899 1604 1991 1659 ﬁat
2021 1605 2286 1661 limitibus
2320 1606 2759 1676 pulchritudinis.
2802 1604 2949 1676 Opus
2977 1617 3159 1659 autem
3194 1619 3391 1659 cavere
3419 1604 3475 1657 in

1898 1696 2043 1750 omni
2077 1706 2199 1752 actu
2242 1706 2299 1750 ut
2327 1698 2421 1751 fiat
2446 1697 2592 1751 omni
2631 1698 2843 1752 ratione
2869 1706 2923 1752 et
2951 1696 3189 1751 veritati.
3224 1695 3481 1751 Femina:

1900 1790 2120 1858 quidem
2153 1789 2285 1843 dicit
2329 1805 2435 1844 non
2471 1804 2639 1858 puras
2665 1832 2679 1858 ,
2719 1805 2891 1860 neque
2928 1788 3301 1845 iridiﬂerentes
3355 1787 3478 1843 ani-

1899 1897 2037 1936 mas.
2088 1881 2365 1937 Incuriosa
2416 1882 2651 1952 propriae
2695 1884 3069 1953 cognitionis,
3111 1884 3273 1939 ﬁeret
3318 1883 3477 1954 quasi

1898 1972 2167 2027 ﬂuctuans
2214 1982 2271 2026 et
2304 1972 2714 2041 circumagitata
2771 1974 2914 2026 omni
2956 1985 3103 2028 vento
3142 1975 3401 2027 doctrina:
3432 1972 3477 2005 ¹¹

1898 2065 1953 2120 in
1990 2066 2108 2120 alca
2144 2064 2443 2121 hominum.
2474 2065 2540 2119 Et
2569 2066 2768 2135 ubique
2784 2066 2957 2136 magis
2984 2081 3206 2135 pascere
3230 2067 3479 2136 proprias

1897 2158 2151 2212 sinistras
2201 2158 2437 2229 capellas
2483 2174 2647 2226 quam
2696 2160 2837 2213 bono
2871 2174 3093 2229 pascere
3124 2159 3309 2213 verbo.
3362 2158 3479 2228 Ipse

1896 2250 2111 2319 quidem
2164 2252 2362 2304 bonum
2402 2251 2649 2315 verbum,
2685 2250 2787 2305 etsi
2835 2266 3108 2318 nunquam
3160 2251 3387 2304 candida
3422 2252 3477 2306 in

1896 2352 2171 2411 posterum
2198 2340 2307 2409 jam
2341 2344 2477 2397 inter
2505 2342 2747 2397 mulieres
2776 2344 3132 2411 pulcherrima
3157 2352 3262 2410 est,
3296 2358 3474 2397 alinu-

1896 2447 2100 2490 merata
2151 2436 2241 2490 Dei
2292 2435 2548 2492 Ecclesia:
2575 2481 2590 2504 ,
2616 2438 2760 2493 etiis
2792 2451 2910 2505 qua:
2943 2437 2992 2489 in
3029 2451 3090 2491 ea
3141 2452 3319 2505 parva:
3349 2445 3477 2490 sunt

1896 2526 2195 2594 pulchrior.
2234 2525 2365 2580 Nam
2402 2529 2656 2583 Ecclesia:
2701 2544 2823 2597 qua:
2870 2528 2949 2583 sic
2987 2526 3239 2581 mulieres
3285 2527 3475 2581 dicun-

1897 2629 2005 2684 tur,
2055 2619 2289 2674 ethnicis
2338 2621 2621 2675 animabus
2674 2619 2971 2689 incongrue
3018 2618 3272 2673 meliores
3319 2627 3473 2683 sunt,

1896 2711 2299 2765 ambulantibus
2354 2721 2473 2781 post
2519 2715 2869 2767 adversarum
2905 2719 3228 2780 potestatum
3262 2717 3476 2763 amato-

1895 2817 2018 2868 res;
2049 2802 2303 2855 mulieres
2338 2803 2713 2865 nominantur,
2763 2800 2858 2854 sed
2896 2815 3001 2854 non
3035 2798 3299 2869 virgines.
3329 2794 3477 2861 Quo-

1896 2896 2054 2948 modo
2085 2895 2231 2947 enim
2264 2911 2369 2949 non
2409 2896 2597 2948 melior
2630 2908 2750 2962 qua:
2782 2908 2841 2947 se
2876 2892 2942 2945 ad
2973 2891 3288 2946 Creatorem
3316 2904 3475 2941 suum

1893 2986 2055 3054 erigit
2083 2985 2105 3039 ?
2137 2986 2281 3040 Idem
2310 2993 2469 3039 sonat
2500 2986 2758 3053 egredere,
2796 2999 2859 3037 ac
2893 2982 3149 3036 traditum
3175 2980 3345 3034 fuisse
3376 2979 3476 3033 Sa-

203 3068 357 3136 ψασα
380 3084 394 3130 ;
420 3068 603 3136 ὅμοιον
623 3064 679 3117 δὲ
702 3063 763 3116 τὸ
794 3059 1170 3131 Ἕξελθεντῷ
1188 3057 1559 3131 παραδοθῆναι
1581 3056 1658 3128 τῷ
1683 3057 1788 3109 Σα-

1902 3087 2033 3132 lana:
2061 3118 2075 3143 ,
2125 3079 2179 3132 in
2236 3078 2418 3133 carnis
2450 3078 2707 3148 abyssum
2738 3092 2801 3131 ex
2836 3074 3080 3130 Ecclesia
3132 3073 3473 3128 extermina-

204 3161 365 3229 τανᾷ,
400 3161 479 3221 εἰς
512 3156 729 3227 ὄλεθρον
777 3155 875 3225 τῆς
910 3152 1111 3225 σαρκὸς
1140 3150 1503 3224 ἀφορισθέντα
1526 3149 1620 3220 τῆς
1668 3148 1789 3201 Ἐκ-

203 3255 441 3326 κλησίας
465 3271 478 3283 ·
538 3252 673 3324 μετά
707 3250 766 3304 τὸ
804 3250 1053 3321 καθάπερ
1084 3247 1233 3316 ἔλεγε
1261 3246 1398 3318 πρὸς
1428 3246 1525 3308 τὰς
1548 3244 1791 3307 νεάνιδας

204 3348 531 3419 εἰσαχθῆναι
561 3344 712 3417 παρά
733 3343 825 3397 τοῦ
862 3341 1120 3414 βασιλέως
1145 3342 1223 3403 εἰς
1247 3339 1307 3392 τὸ
1332 3340 1574 3409 ταμιεῖον
1602 3335 1788 3389 αὑτοῦ.

304 3441 367 3494 T1
398 3437 791 3508 ὼραιώθησαν
818 3435 1095 3503 σιαγὸνες
1125 3447 1242 3484 σου
1277 3430 1356 3496 ὡς
1377 3429 1700 3497 τρυγόνοςς

292 3531 451 3585 Ἆλλά
478 3530 574 3583 καὶ
605 3528 738 3598 μέλη
755 3524 989 3599 Χριστοῦ
1016 3522 1339 3595 Ἐκκλησίαν
1358 3520 1572 3591 νύμφης
1597 3521 1625 3571 ὁ
1647 3518 1794 3572 Παῦ-

203 3624 295 3687 λός
332 3639 527 3693 φησιν’
564 3616 631 3692 ἦς
680 3619 841 3672 οἱονεὶ
874 3616 1183 3689 πρόσωπον,
1240 3613 1287 3666 οἱ
1321 3610 1399 3682 τῷ
1452 3611 1639 3665 κάλλει
1683 3610 1790 3663 τῶν

206 3715 411 3769 λοιπῶν
442 3713 812 3783 διαφέροντες,
862 3707 1085 3780 αίσχρδν
1132 3707 1282 3759 οὐδὲν
1316 3703 1650 3767 ἐννοοῦντεςσ
1693 3701 1791 3773 τὴν

206 3810 264 3863 δὲ
297 3809 397 3878 τῆς
440 3801 791 3874 σωφροσύνης
843 3800 981 3869 αὐτῇ
1018 3795 1494 3869 καρποφοροῦντες
1530 3794 1683 3858 αἰδῶ,
1740 3794 1789 3845 οἱ

210 3901 475 3972 πρότερον
507 3896 635 3958 ἴσως
655 3894 754 3946 οὐκ
787 3892 938 3955 ὄντες
982 3891 1156 3953 καλοὶ,
1200 3888 1453 3941 τοσοῦτον
1497 3886 1790 3958 μετέϐαλον

206 3992 282 4055 ώς
312 3987 562 4061 εἰρῆσθαι
591 3989 657 4057 τῇ
708 3984 922 4056 νύμφῃ·
978 3983 1039 4036 Τί
1088 3980 1480 4051 ὠραιώθησαν
1512 3980 1790 4050 σταγόνες

208 4104 345 4149 σου,
374 4084 460 4155 μὴ
489 4083 732 4152 ἔχοντες
764 4079 991 4134 σπῖλον
1040 4080 1078 4147 ἢ
1117 4077 1374 4146 putida;
1404 4076 1544 4147 τάχα
1601 4076 1656 4128 δὲ
1696 4076 1789 4128 καὶ

206 4176 286 4247 τῷ
308 4178 399 4230 τὸν
428 4176 522 4229 ἕνα
557 4172 713 4244 μόνον
736 4169 1025 4239 γινώσκειν
1060 4168 1209 4221 (θεόν’
1245 4167 1338 4222 καὶ
1370 4169 1401 4237 ἠ
1432 4164 1649 4238 τρυγὼν
1678 4165 1788 4236 γὰρ

206 4270 288 4323 ἐνὶ
317 4268 465 4338 μόνῳ
493 4264 832 4337 συνέρχεται.

218 4358 585 4431 Ὀμοιὼματα
631 4355 887 4431 χρυσίου
943 4351 1286 4431 πριήσωμέν
1332 4368 1430 4405 σοι
1483 4348 1631 4419 μετὰ
1660 4364 1788 4402 στι-

633 4423 869 4497 γμάτων
901 4423 1007 4477 τοῦ
1045 4423 1350 4491 ἀργυρίου.

277 4521 455 4578 Τοῦτο
472 4521 551 4585 δέ,
569 4519 645 4573 Οὐ
674 4518 840 4580 πολὺς
864 4512 933 4588 ἦν
964 4514 1083 4568 οὐδὲ
1098 4513 1435 4584 κεχυμένοςὸ
1453 4512 1591 4583 ἀργυ
1601 4527 1786 4582 ρος·-

204 4618 365 4686 δλίγα
423 4616 481 4669 δέ
525 4615 583 4667 ἐν
621 4613 915 4685 ἀπορρήτῳ
959 4607 1108 4679 παρά
1148 4607 1258 4659 τῶν
1292 4603 1585 4676 προφητῶν
1634 4604 1787 4672 λεγό-

208 4730 347 4783 μενα
380 4709 456 4778 (4»
483 4708 575 4760 καὶ
601 4704 710 4758 τῶν
754 4702 921 4755 πάλαι
957 4698 1151 4768 σοφῶν·
1172 4728 1239 4737 --
1266 4697 1701 4767 ἐπιδημήσαντος
1728 4694 1786 4747 δὲ

202 4808 272 4859 τὰ
307 4806 366 4857 ἐν
397 4804 509 4863 τοῖς
535 4798 758 4859 ἀϐάτοις
795 4794 889 4848 τοῦ
915 4788 1414 4860 ναοῦ,τεθεώρηται
1434 4788 1513 4859 τῷ
1538 4788 1786 4857 βλέποντι

203 4900 266 4957 τὺ
299 4894 701 4963 καταπέτασμα
721 4891 781 4944 τὸ
816 4887 1065 4958 ἀληθινὸν
1090 4883 1405 4954 σχιζόμενον
1430 4881 1635 4934 ἀνωθεν
1680 4882 1785 4944 ἕως

204 4994 359 5048 κάτω
407 4988 503 5041 ἐπὶ
554 4986 632 5056 τῷ
658 4980 1001 5055 θεωρηθῆναι
1037 4976 1105 5029 τά
1138 4975 1309 5038 ένδον,
1350 4973 1487 5026 ἐπὰν
1523 4973 1552 5026 ὁ
1578 4974 1783 5026 ἀναπε-

203 5090 312 5145 σὼν
348 5083 630 5157 κοιμηθεὶς
659 5081 731 5144 ὡς
770 5078 906 5130 λέων
932 5074 1026 5128 καὶ
1054 5073 1131 5135 ὡς
1167 5069 1404 5140 σκύμνος
1426 5067 1645 5141 ἐγερθῇ.

718 5171 826 5227 Καὶ
870 5166 1023 5239 μετὰ
1063 5165 1271 5219 ταῦτα.

269 5276 411 5329 Τότε
434 5271 544 5342 γὰρ
568 5268 619 5321 οἱ
652 5265 714 5320 σύ
725 5278 963 5335 μμορφοι
995 5258 1277 5329 γενόμενοι
1302 5256 1400 5324 τῆς
1433 5253 1781 5313 ἀναστάσεως

200 5368 393 5428 αὑτοῦ,
420 5360 831 5435 παραλήψονται
868 5352 1022 5407 αὐτοὶ
1048 5349 1122 5421 (5)
1148 5346 1612 5417 ἀνθομοιωμάτων
1644 5361 1781 5415 χρυ-

201 5464 314 5517 σόν*
342 5455 810 5529 πληθυνθήσονται
835 5447 944 5519 γὰρ
970 5444 1049 5515 τῷ
1069 5441 1314 5515 ἀργυρίῳ
1334 5438 1519 5510 καὶτῷ
1548 5437 1775 5508 χρυσίῳ.

272 5602 317 5633 ⁸⁸
350 5599 545 5667 Ephes.
579 5610 654 5655 tv,
688 5590 770 5646 I4.
850 5586 895 5619 ¹³
930 5585 1129 5654 Ephes.
1170 5598 1221 5641 ν.
1248 5582 1339 5635 50.
1408 5579 1449 5611 ⁸⁸
1478 5578 1608 5633 ibid.
1646 5578 1734 5631 27.

206 5765 228 5818 f
276 5694 354 5761 (4)
384 5692 525 5747 Είιὶι.
556 5688 684 5753 Mai,
707 5684 957 5753 λέγομαι,
1005 5678 1151 5751 quod
1202 5676 1405 5733 nullum
1443 5689 1658 5732 sensum
1692 5672 1773 5729 af—

225 5778 330 5818 ert.

225 5778 330 5820 υτι.

1817 4447 1867 4506 D

1898 3179 2406 3241 tum;quapropter
2450 3170 2561 3239 jam
2609 3169 2747 3223 dixit
2797 3166 3229 3223 adolescentulas
3274 3181 3303 3219 a
3344 3179 3473 3235 rege

1892 3265 1948 3319 in
1985 3264 2200 3319 cellaria
2247 3280 2343 3319 sua
2387 3264 2553 3318 fuisse
2580 3262 2941 3316 introductus.

1965 3428 2130 3482 Vens.
2164 3427 2215 3481 9.
2252 3425 2485 3481 Pulchra
2516 3434 2636 3479 sunt
2668 3441 2813 3494 gente
2843 3434 2949 3477 tum
2978 3424 3109 3476 sicut
3153 3421 3402 3475 turturis.

1964 3522 2069 3578 Sed
2121 3522 2285 3575 etiam
2356 3520 2593 3572 membra
2648 3517 2848 3572 Christi
2907 3515 3202 3569 Ecclesium
3261 3526 3475 3582 sponsae

1891 3614 2091 3670 Paulus
2134 3613 2344 3677 dicit”,
2380 3611 2533 3680 cujus
2562 3610 2716 3679 quasi
2775 3610 2942 3677 ﬁgura
2976 3617 3124 3672 sunt,
3158 3608 3328 3659 forma
3365 3620 3473 3658 cae-

1895 3709 2025 3764 teris
2076 3714 2419 3777 praastantes,
2459 3710 2517 3756 et
2553 3712 2711 3771 turpe
2765 3702 2900 3754 nihil
2958 3701 3282 3768 cogitantes.
3336 3697 3475 3752 Huic

1891 3815 2020 3855 vero
2074 3799 2351 3869 sapientiae
2402 3796 2658 3866 pudorem
2712 3794 3130 3855 fructificantes,
3174 3790 3267 3862 qui
3323 3792 3475 3859 prius

1891 3898 2031 3952 forte
2083 3910 2188 3950 non
2243 3901 2399 3948 erant
2456 3889 2688 3961 pulchri,
2740 3896 2949 3943 tantum
2996 3886 3186 3939 mutati
3235 3894 3379 3945 sunt,
3417 3892 3475 3937 ut

1891 4004 2101 4060 sponsa:
2148 3988 2392 4042 dicerent
2428 4001 2441 4036 :
2479 3984 2614 4050 Quid
2668 3982 2892 4051 pulchre
2938 3979 3132 4033 rubent
3167 3992 3311 4047 gena?
3341 3986 3470 4039 tum,

1891 4086 2025 4138 sicut
2054 4080 2300 4145 turturis,
2346 4093 2511 4147 neque
2546 4090 2732 4145 rugam
2768 4087 2930 4139 neque
2961 4070 3233 4124 maculam
3269 4068 3469 4120 haben-

1892 4180 1965 4226 tes
1991 4171 2077 4224 u*?
2106 4169 2311 4223 Forsan
2372 4178 2552 4220 autem
2609 4173 2665 4217 et
2715 4161 2885 4218 Deum
2921 4172 3250 4227 cognoscere
3284 4169 3470 4209 verum

1891 4262 2100 4325 innuit;
2135 4270 2314 4313 turtur
2344 4260 2489 4313 enim
2532 4251 2910 4310 tantummodo
2939 4251 3031 4303 uni
3065 4247 3433 4318 c0ujungitnr.

1894 4353 2059 4408 Vens.
2098 4351 2185 4405 IO.
2220 4348 2539 4404 Murenulas
2574 4362 2762 4401 aureas
2786 4344 3040 4413 faciemus
3075 4340 3170 4394 tibi
3213 4340 3471 4394 vermicu-

2455 4418 2593 4471 latas
2634 4425 2870 4485 argento.

1964 4513 2077 4568 lloc
2116 4517 2220 4574 est,
2261 4509 2376 4563 Non
2411 4508 2639 4563 multum
2672 4515 2807 4571 erat,
2844 4519 3023 4573 neque
3070 4502 3349 4574 profusum
3380 4517 3466 4555 ar-

1890 4615 2109 4677 gentum
2144 4620 2156 4655 :
2193 4632 2262 4642 —
2294 4616 2483 4671 parum
2534 4601 2587 4654 in
2642 4597 2904 4669 mysterio
2939 4598 3082 4652 dicta
3120 4605 3249 4649 sunt
3278 4610 3306 4648 a
3338 4611 3467 4665 pro-

1892 4698 2073 4769 phetis
2098 4711 2162 4751 ac
2195 4693 2434 4763 antiquis
2462 4693 2799 4762 sapientibus
2826 4706 2838 4742 :
2867 4719 2936 4730 —
2982 4689 3267 4759 evulgante
3290 4699 3467 4742 autem

1894 4793 2054 4863 adyta
2107 4787 2328 4859 templo,
2385 4787 2560 4839 visum
2612 4792 2697 4838 est
2744 4782 3011 4852 Spectanti
3056 4782 3233 4836 velum
3277 4795 3467 4835 verum

1892 4885 2120 4940 scissum
2166 4897 2194 4935 a
2234 4894 2447 4935 summo
2476 4891 2648 4946 usque
2696 4878 2972 4939 deorsum,
3010 4883 3068 4927 ut
3094 4872 3471 4927 revelarentur

1893 4976 2177 5037 interiora,
2213 4987 2337 5027 cum
2391 4971 2664 5026 recubans
2700 4966 2997 5040 [Chrisuts]
3039 4967 3297 5023 dormivit
3327 4968 3469 5021 sicut

1889 5068 1997 5133 leo,
2035 5074 2090 5122 et
2119 5066 2262 5121 sicut
2281 5062 2496 5119 catulus
2523 5062 2693 5116 leonis
2719 5060 2983 5115 surrexit.

2459 5152 2527 5207 Et
2556 5151 2713 5222 paulo
2748 5160 2863 5218 post
2883 5166 2903 5205 :

1961 5251 2114 5307 Tunc
2161 5250 2305 5306 enim
2350 5245 2667 5303 consimiles
2723 5244 2849 5298 facti
2888 5242 3303 5298 resurrectionis
3350 5241 3467 5308 ejus

1889 5363 1987 5419 pro
2040 5346 2491 5416 mquivalentibus
2540 5341 2809 5411 accipient
2859 5353 3089 5403 aurum,
3145 5336 3464 5393 ditabuntur

1885 5441 2031 5497 enim
2071 5456 2206 5495 auro
2233 5448 2286 5496 et
2312 5448 2555 5509 argento.

1953 5671 2030 5742 (ὅ)
2062 5670 2200 5725 Edit.
2248 5668 2378 5737 Mai,
2426 5665 2642 5731 αὐτούς.
2678 5665 2893 5738 ίιοοιιε,
2925 5672 2980 5721 ut
3029 5662 3259 5727 videtur,
3308 5658 3462 5715 valde

1888 5753 2195 5813 corruptus.
