3888 6214
443 276 553 331 259

1299 274 1864 334 SUPPLEMENTUM
1896 273 1985 327 AD
2024 266 2351 328 ORIGENIS
2381 265 2794 322 EXEGETICA.

3595 266 3702 317 260

445 396 613 452 Ἴης.
652 397 736 451 ll.
793 395 929 450 Dum
957 406 1090 450 essu
1138 412 1230 449 rea:
1276 398 1330 448 in
1373 398 1616 450 accubitu
1652 412 1771 459 suo,
1820 396 2018 449 nardus

2124 390 2278 454 Ἕως
2309 382 2382 443 οὗ
2415 390 2448 441 ὀ
2472 385 2776 459 βασιλεὺς
2883 384 3199 459 ἀνακλίσει
3220 381 3443 459 -αὐτοῦ,
3488 383 3587 452 ra}
3598 385 3703 452 δίς

938 484 1051 520 mea
1087 468 1229 520 dedit
1262 468 1498 521 odorem.

517 579 715 650 Sponsi
750 580 895 636 enim
923 580 1056 634 dicit
1082 582 1329 645 odorem,
1362 581 1562 634 nardus
1592 596 1731 645 mea,
1758 595 1864 649 qua
1896 595 2019 635 eum

446 671 600 735 unxi,
634 672 798 725 dedit.
852 670 1099 741 Namque
1131 687 1259 726 cum
1300 671 1417 741 ipsa
1468 673 1689 741 propria
1726 673 1895 727 nardo
1929 687 2022 741 pe-

446 765 542 820 des
575 765 821 819 unxisset
864 763 1019 827 Jesu,
1055 772 1112 817 et
1166 763 1217 816 in
1271 772 1435 831 caput
1472 764 1725 826 fudisset,
1756 764 1901 819 hanc
1952 780 2053 819 er

442 855 615 911 odore
646 856 827 923 sponsi
885 854 1145 909 refectam
1192 853 1395 924 prioris
1424 855 1541 908 vice
1569 856 1781 924 accepit
1807 855 1871 907 ¹⁸.
1903 853 2017 920 Qua

440 948 609 1018 igitur
635 948 813 1017 capite
845 947 1112 1014 delibuto,
1140 946 1433 1011 exclamat,
1464 945 1685 1002 Nardus
1718 964 1833 1002 mea
1877 948 2017 1001 dedit

441 1040 576 1093 mihi
609 1039 792 1108 sponsi
842 1040 1073 1093 odorem.
1108 1037 1346 1107 Ideoque
1380 1036 1527 1092 velut
1566 1053 1597 1093 e
1630 1052 1859 1107 corpore
1890 1036 2017 1091 Jesu

441 1131 664 1185 domum
695 1140 864 1185 totam
896 1128 1141 1199 implevit
1170 1128 1450 1198 discipulae
1490 1140 1848 1200 unguentum.

440 1393 605 1451 Vsus.
644 1394 726 1446 l2.
763 1390 1075 1448 Fasciculus
1129 1398 1361 1466 myrrha:
1394 1396 1618 1449 dilectus
1666 1412 1811 1450 meus
1864 1398 2013 1464 mihi,

755 1466 891 1517 inter
926 1466 1086 1518 ubera
1119 1484 1233 1520 mea
1262 1468 1695 1520 commorabitur.

506 1574 803 1644 Postquam
834 1576 942 1630 dixi
976 1578 1157 1644 sponsi
1194 1582 1421 1633 nardum
1448 1596 1607 1634 suum
1639 1581 1768 1635 mihi
1794 1582 2014 1636 odorem

437 1668 671 1731 dedisse,
711 1684 853 1724 nunc
884 1670 1114 1741 subjicio
1143 1671 1309 1725 lilium
1362 1672 1551 1728 fratris
1602 1676 1705 1729 mei
1734 1676 2012 1744 myrrham

2570 456 2796 509 ἔδωκεν
2824 456 3026 524 ὀσμὴν
3060 455 3269 508 αὐτοῦ.

2204 574 2313 645 Τὴν
2331 574 2440 643 γὰρ
2450 572 2544 626 τοῦ
2557 572 2791 642 νυμφίου
2818 572 2981 643 φησὶν
3011 572 3186 643 ὀσμὴν
3208 573 3247 641 ἡ
3268 571 3381 641 ἐμὴ
3404 570 3622 639 νάρδος
3644 573 3703 625 ἐν

2123 659 2157 737 ᾖ
2191 665 2353 718 αὑτὸν
2387 664 2603 736 ἡλειψα,
2634 664 2864 715 δέδωκε’
2901 666 2967 734 τῇ
2998 664 3106 736 γὰρ
3138 662 3338 733 ἑαυτῆς
3375 663 3552 735 νάρδῳ
3572 663 3703 728 τοὺς

2123 757 2287 820 πόδας
2317 756 2584 823 ἀλείψασα
2622 755 2717 808 τοῦ
2764 755 2959 828 Ἰησοῦ,
2989 757 3080 809 καὶ
3119 758 3240 819 ταῖς
3280 755 3454 827 θριξὶν
3479 757 3701 826 ἀπομά-

2122 846 2281 913 ξασα,
2332 847 2851 919 μεταπεποιημένην
2882 850 2947 901 ὲκ
2993 849 3093 918 τῆς
3116 849 3290 919 ὀσμῆς
3317 848 3411 902 τοῦ
3464 850 3701 920 νυμφίου

2120 938 2324 1009 ταύτην
2370 939 2663 994 ἀνέλαϐεν·
2712 934 2780 1011 ἦς
2832 939 3193 1011 αἰσθανομένη
3242 941 3406 1011 φησὶν
3449 941 3540 993 ἐπὶ
3596 943 3700 1013 τὴν

2122 1030 2363 1102 κεφαλὴν
2414 1030 2675 1101 ἐλθούσης
2719 1030 2782 1082 Ἡ
2818 1028 3184 1100 ὲμὴζνὰρόος
3210 1029 3397 1084 ἔδωκέ
3440 1047 3530 1101 μοι
3582 1030 3703 1099 τὴν

2121 1122 2215 1176 τοῦ
2267 1122 2500 1193 νυμφίου
2537 1121 2771 1191 omnia“
2806 1121 2991 1193 διόπερ
3048 1121 3123 1185 ὡς
3170 1122 3276 1175 ἀπὸ
3313 1122 3422 1175 τῶν
3473 1124 3701 1194 χρωτῶν

2134 1211 2307 1285 Ἰησοῦ
2338 1214 2435 1284 τὴν
2465 1213 2641 1266 οἰκίαν
2672 1212 2798 1283 ὅλην
2843 1213 3125 1285 ἐπλήρωσε
3165 1214 3263 1284 τῆς
3305 1214 3608 1286 μαθητρίας
3637 1215 3701 1268 τὸ

2123 1304 2195 1375 μῦ
2203 1323 2312 1376 ρον.

2132 1396 2501 1470 Ἀποδεσμος
2552 1396 2662 1470 τῆς
2710 1397 2978 1470 στακτῇς
3006 1396 3515 1470 ἀδελφιδοῦς-μου
3543 1400 3696 1470 ἐμοὶ,

2219 1469 2336 1521 ἀνὰ
2350 1469 2545 1537 μέσον
2576 1465 2693 1520 τῶν
2717 1465 2965 1536 μαστῶν
2987 1486 3106 1537 μου
3138 1465 3564 1535 αὐλισθὴονεται

2188 1580 2431 1635 Είποῦσα
2460 1583 2558 1651 τὴν
2588 1582 2781 1653 νάρδον
2828 1583 2923 1636 τοῦ
2978 1583 3211 1652 νυμφίου
3263 1584 3548 1637 δεδωκέναι
3601 1603 3693 1655 μοι

2119 1673 2217 1744 τὴν
2248 1674 2443 1745 ὀσμὴν,
2475 1673 2569 1726 νῦν
2608 1692 2751 1745 φημι
2777 1676 2870 1727 τὸν
2900 1675 3210 1744 ἀδελφιδοῦν
3236 1692 3337 1744 μου
3361 1675 3541 1727 πνέειν
3563 1692 3694 1729 στα-

437 1776 545 1815 non
576 1759 822 1824 effusam,
859 1776 1036 1830 neque
1087 1762 1237 1816 foras
1277 1763 1589 1817 exhalatam
1645 1766 1876 1834 spirare,
1918 1766 2011 1821 sed

2123 1765 2249 1835 κτῆς
2272 1766 2333 1818 οὐ
2360 1765 2734 1836 διαχεομένης,
2765 1766 2871 1817 οὐδ’
2900 1765 3002 1829 ἔξω
3030 1764 3293 1835 πνεοῦσης
3311 1782 3326 1796 ⁶
3356 1764 3466 1818 ἀλλ’
3497 1766 3693 1818 ἀποδε-

437 1862 746 1906 concretam
782 1862 831 1907 et
863 1853 1027 1907 densa
1065 1854 1335 1909 suavitate
1379 1856 1731 1927 fragrantem.
1765 1859 2013 1915 Fratrem

437 1957 568 1996 vero
602 1943 836 2013 primum
889 1944 1098 2000 habens
1130 1946 1390 2016 populum
1423 1949 1713 2018 gentilium
1748 1951 2014 2018 Ecclesia,

436 2044 561 2082 cnm
588 2048 652 2085 ex
680 2032 772 2086 illo
806 2037 1103 2088 secundum
1131 2050 1352 2089 carnem
1390 2048 1543 2092 ortus
1570 2049 1719 2094 esset
1742 2041 2013 2111 Christus,

438 2120 605 2174 lilium
637 2134 791 2177 vocat
816 2123 1000 2179 fratris
1030 2135 1085 2179 et
1111 2127 1315 2195 sponsi.
1348 2128 1540 2195 Aquila
1574 2138 1751 2183 autem
1781 2146 2017 2186 avuncu-

436 2215 547 2268 lum
579 2216 764 2280 dante,
797 2220 1084 2273 dicendum
1111 2232 1319 2291 patrem
1354 2237 1475 2277 esse
1508 2222 1794 2292 gentilium
1831 2225 2015 2278 Eccle-

437 2308 530 2362 sia:
563 2310 843 2380 antiquunm
899 2314 1191 2382 populum;
1252 2329 1375 2369 eum
1434 2315 1657 2384 quidem
1720 2330 1787 2370 ex
1823 2331 2013 2371 eorum

435 2402 552 2473 lege
582 2412 635 2456 et
670 2405 953 2473 prophetis
1010 2406 1063 2459 in
1101 2406 1212 2462 Deo
1243 2408 1543 2477 generatio,
1602 2417 1767 2478 atque
1794 2424 1825 2464 e
1860 2410 2016 2464 nobis

434 2494 502 2546 ad
532 2495 785 2563 pietatem
813 2496 1057 2551 inductio
1082 2507 1377 2552 constaret.
1406 2499 1497 2553 lllo
1533 2500 1697 2569 igitur
1726 2500 1797 2554 ita
1824 2498 2016 2558 eﬁ'ecto

435 2600 644 2653 sponsae
694 2599 871 2656 patre,
921 2588 1173 2643 Salvator
1206 2591 1459 2646 similiter
1496 2592 1583 2658 iis,
1620 2591 1714 2661 qui
1755 2593 1857 2646 sub
1893 2591 2014 2660 lege

433 2682 610 2736 erant,
646 2673 815 2729 l‘rater
846 2675 1019 2732 laetus
1049 2687 1150 2732 est.

434 2851 599 2906 Vens.
635 2852 715 2906 ιι.
762 2852 897 2905 Ecca
934 2864 989 2907 lu
1022 2854 1242 2922 pulchra
1279 2872 1352 2916 es,
1384 2860 1556 2909 amica
1606 2877 1743 2923 mea,
1800 2878 1917 2917 ecce
1956 2874 2013 2917 tu

710 2924 927 2989 pulchra
953 2942 1005 2979 es
1035 2940 1053 2976 :
1085 2926 1224 2978 oculi
1249 2928 1327 2979 tui
1354 2928 1739 2984 columbarum.

506 3048 602 3101 Hic
632 3048 783 3116 prius
818 3048 1035 3105 videtur
1065 3064 1260 3119 sponsa
1295 3051 1640 3105 manifestius
1667 3052 1851 3119 sponsi
1887 3053 2010 3122 pul-

2039 3111 2080 3168 C

2116 1857 2171 1909 δε
2180 1857 2347 1927 μένης
2372 1857 2464 1909 καὶ
2507 1857 2838 1926 πυκνότερον
2866 1857 2965 1926 τὴν
2988 1856 3212 1907 εὐωδίαν
3234 1854 3505 1927 διδοῦσης·
3536 1857 3692 1909 ἀδελ-

2117 1952 2216 2022 φὸν
2240 1950 2295 2003 δὲ
2318 1950 2409 2003 τὸν
2444 1950 2655 2021 πρῶτον
2681 1950 2943 2020 ἐσχηκυῖα
2970 1948 3097 2000 λαὸν
3124 1951 3156 2018 ἡ
3186 1947 3244 2013 ἐξ
3267 1946 3433 2000 ἐθνῶν
3466 1948 3695 2019 Ἐκκλη-

2118 2046 2227 2107 σία,
2260 2044 2488 2115 ἐπείπερ
2514 2044 2576 2107 ἐξ
2606 2042 2767 2095 αὐτοῦ
2805 2042 2865 2093 τὸ
2889 2041 3029 2094 κατά
3073 2040 3248 2110 σάρκα
3272 2037 3338 2111 ἦν
3361 2044 3389 2095 ὁ
3434 2040 3694 2111 Χριστὸς,

2116 2136 2228 2187 υἱὸν
2254 2135 2520 2204 κέκληκεν
2550 2132 2779 2201 ἀδελφοῦ
2814 2133 2908 2186 καὶ
2950 2133 3211 2203 νυμφίου·
3250 2133 3342 2185 τοῦ
3390 2134 3445 2186 δὲ
3490 2132 3694 2187 Ἀκύλα

2117 2229 2469 2292 ἐκδεδωκότος
2494 2228 2886 2300 πατράδελφον,
2915 2228 3132 2280 λεκτέον
3172 2228 3386 2298 πατέρα
3420 2221 3556 2281 εἶναι
3588 2228 3696 2297 τῆς

2114 2324 2171 2389 ἐξ
2200 2322 2366 2375 ἐθνῶν
2391 2322 2716 2392 Ἐκκλησίας
2734 2321 2822 2372 τὸν
2855 2322 3021 2374 πάλαι
3044 2322 3185 2374 λαόν·
3213 2322 3333 2373 ἐπεὶ
3359 2323 3422 2373 ἐκ
3446 2320 3538 2374 τοῦ
3562 2324 3696 2393 παρ’

2114 2412 2341 2475 ἐκείνοις
2366 2412 2532 2482 νόμου
2565 2412 2792 2465 καὶτῶν
2827 2414 3119 2483 προφητῶν
3154 2415 3185 2483 ἡ
3222 2415 3279 2465 ὲν
3318 2412 3437 2481 Θεῷ
3480 2413 3698 2480 γένεσις

2114 2504 2207 2557 καὶ
2232 2507 2264 2575 ἡ
2299 2502 2359 2569 ἐξ
2384 2504 2539 2575 ἡμῶν
2560 2506 2639 2565 εἰς
2663 2504 2944 2557 εὐσέϐειαν
2969 2504 3176 2575 ὑπῆρξε
3209 2506 3505 2576 προαγωγή
3531 2522 3544 2534 ·
3576 2504 3701 2558 τού-

2112 2610 2206 2647 του
2237 2594 2415 2646 τοίνυν
2456 2593 2628 2656 οὕτως
2659 2593 3047 2663 ἀποδεδομένου
3086 2596 3184 2663 τῆς
3214 2594 3429 2665 νύμφης
3462 2594 3694 2665 πατρὸς,

2113 2683 2337 2751 ἀδελφὸς
2369 2685 2397 2736 ὁ
2430 2684 2619 2756 Σωτὴρ
2664 2684 2862 2754 ὁμοίως
2925 2685 3153 2749 ἐκείνοις
3195 2686 3300 2738 ὑπὸ
3331 2686 3492 2756 νόμον
3538 2686 3699 2761 γενό-

2114 2792 2297 2845 μενος.

2126 2868 2270 2922 Ἰδοὺ
2323 2852 2382 2921 εί
2430 2868 2611 2933 καλὴ,
2668 2869 2705 2934 ἠ
2751 2867 3020 2933 πλησίον
3053 2885 3193 2935 μου.
3232 2866 3359 2921 ἰδοὺ
3404 2868 3462 2922 εἷ
3496 2869 3697 2939 καλή’

2494 2940 2788 3007 ὀφθαλμοί
2817 2952 2933 2991 σου
2960 2940 3319 3005 περιστεραί.

2183 3052 2295 3105 Νῦν
2327 3052 2467 3105 ἔοικε
2518 3052 2779 3123 πρότερον
2820 3052 3181 3123 ὲνεωρακέναι
3229 3050 3562 3124 τρανὼτερον
3611 3053 3701 3123 τῷ

432 3142 796 3196 chritudinem
856 3142 1141 3211 inspicere,
1170 3144 1395 3212 suisque
1434 3146 1803 3199 columbarum
1839 3146 2011 3200 oculis

2123 3144 2208 3197 τοῦ
2232 3147 2463 3214 νυμφίου
2493 3143 2678 3196 κάλλει
2718 3144 2752 3213 ἡ
2795 3142 3012 3213 νύμφη·
3047 3144 3139 3194 καὶ
3173 3142 3262 3194 διὰ
3296 3143 3405 3195 τῶν
3437 3160 3698 3214 περιστε-

432 3234 551 3303 ejus
587 3235 639 3288 in
683 3235 908 3291 rationis
957 3239 1149 3292 decore
1180 3237 1601 3308 praecellentiam
1663 3239 2009 3294 animadver-

435 3336 567 3380 tere.
617 3325 737 3380 Mox
786 3336 966 3383 autem
1019 3345 1361 3385 communem
1416 3332 1587 3401 ipsius
1643 3332 1897 3386 lectulum
1957 3343 2010 3386 et

432 3417 617 3485 sponsi
647 3432 843 3485 corpus
879 3421 1152 3488 prmdicat,
1184 3424 1235 3475 in
1263 3438 1372 3492 quo
1402 3424 1581 3478 anima
1638 3426 1815 3478 adhuc
1856 3426 2011 3479 babi-

434 3518 557 3565 tans
582 3512 815 3565 rationis
836 3517 1118 3570 consortio
1142 3517 1416 3585 dignatur.
1448 3517 1588 3572 Dicit
1618 3518 1785 3589 igitur
1812 3518 2009 3573 Paulus

432 3614 659 3669 corpora
709 3612 893 3656 nostra
943 3605 1184 3658 membra
1215 3604 1417 3660 Christi
1447 3622 1568 3661 esse
1589 3609 1654 3662 ιθ.
1689 3605 1789 3662 Per
1822 3618 2009 3663 nostra

432 3691 579 3745 enim
640 3706 871 3761 corpora
930 3708 1146 3764 sponsa:
1210 3710 1410 3765 corpus
1468 3698 1763 3763 signiﬁcat,
1795 3708 1851 3753 et
1913 3714 2011 3768 per

431 3780 635 3834 Christi
674 3784 935 3847 membra,
966 3785 1148 3852 sponsi
1184 3799 1400 3853 corpus.
1456 3786 1849 3841 Obumbratum
1882 3803 2011 3843 vero

432 3888 690 3943 sponsum
744 3876 876 3930 dicit
932 3887 1153 3943 propter
1191 3877 1551 3948 frequentiam
1586 3881 1815 3935 rationis
1846 3892 1901 3935 et
1925 3897 2011 3937 se-

431 3965 670 4032 quentia:
732 3967 1269 4036 contemplationuln.
1335 3970 1489 4036 Quod
1583 3972 1627 4027 si
1699 3974 2010 4027 communis

432 4072 628 4126 sponsa
662 4066 889 4127 utraque
938 4059 1150 4127 ﬂoreat,
1198 4062 1333 4117 nihil
1383 4063 1582 4117 mirum
1610 4073 1665 4117 et
1698 4065 1750 4118 in
1782 4079 2011 4134 corpore

431 4163 647 4203 omnem
678 4151 923 4220 corporis
955 4153 1159 4206 cultum
1188 4153 1545 4208 excellentem
1578 4155 1830 4210 inveniri.

1050 4311 1279 4368 CAPUT
1318 4312 1380 4369 ll.

516 4402 686 4456 Vsus.
727 4401 777 4455 1.
812 4401 926 4472 Ego
956 4402 1055 4471 ﬂos
1086 4404 1257 4472 campi
1292 4414 1340 4457 et
1372 4404 1547 4459 lilium
1576 4407 1918 4460 convallium.

2036 4471 2080 4523 υ

504 4535 717 4591 Florem
758 4536 892 4589 dicit
943 4537 1161 4606 campi,
1211 4536 1302 4605 qui
1362 4536 1571 4591 fructus
1632 4537 1743 4591 fiet.
1796 4538 1850 4591 In
1904 4540 2006 4593 hoc

433 4628 596 4697 igitur
626 4628 868 4682 terrestri
918 4627 1059 4693 loco,
1095 4628 1185 4697 qui
1219 4643 1444 4697 campus
1475 4629 1695 4690 dicitur,
1750 4628 1847 4684 llus
1904 4632 2007 4684 erit

434 4721 620 4789 sponsi
670 4721 896 4773 verbum
950 4719 1001 4772 in
1056 4719 1317 4773 futurum.
1354 4720 1488 4774 Cum
1544 4720 1688 4773 enim
1751 4736 2006 4775 consum-

435 4810 602 4863 matio
647 4808 876 4875 venerit,
912 4819 1152 4863 vertetur
1188 4808 1285 4864 ﬂos
1317 4810 1369 4863 in
1402 4809 1668 4875 fructum;
1724 4819 1780 4864 et
1820 4826 1886 4865 ne
1926 4812 2007 4866 ni-

436 4903 602 4955 mium
650 4915 679 4953 a
715 4901 846 4954 flore
904 4901 1177 4965 recedant,
1218 4916 1341 4955 eum
1382 4902 1515 4956 dicit
1567 4916 1731 4971 super
1780 4911 2003 4957 terram.

434 4994 775 5062 Quapropter
811 4993 987 5046 factus
1040 5002 1122 5047 est
1174 5007 1407 5061 sponsus
1462 4995 1617 5061 quasi
1672 4995 1771 5063 flos
1814 4996 2005 5060 campi.

434 5084 676 5152 Seipsum
717 5086 858 5138 enim
893 5072 1201 5145 catinanivit,
1236 5086 1369 5138 servi
1398 5086 1625 5153 formam
1660 5087 1920 5155 accipiens
1940 5088 2005 5154 ιτ,

435 5187 494 5229 nt
532 5176 787 5245 deinceps
831 5176 949 5245 ejus
992 5176 1219 5245 gloriam
1255 5177 1498 5229 contueri
1533 5178 1828 5246 possimus.
1886 5177 2003 5233 Non

436 5277 521 5321 est
573 5266 671 5322 llos
706 5268 1087 5336 insignioribns
1113 5267 1200 5321 vel
1257 5266 1591 5335 planioribus
1623 5269 1855 5336 eampis,
1912 5272 2007 5325 sed

433 5359 819 5417 humilioribus
877 5367 934 5415 et
1004 5360 1344 5419 eurvioribus
1428 5362 1621 5415 lilium.
1692 5361 1787 5416 His
1843 5361 2007 5417 dictis

436 5467 668 5524 sponsus
728 5452 958 5508 amicam
1010 5468 1131 5507 eum
1171 5454 1386 5509 caeteris
1442 5453 1696 5520 filiabus,
1740 5468 1836 5510 seu
1890 5457 2007 5509 ani-

437 5542 627 5599 mabus
681 5544 909 5611 confert,
968 5561 1087 5614 quae
1138 5562 1252 5618 pra:
1301 5546 1389 5602 illa
1448 5556 1575 5603 sunt
1623 5546 1772 5603 velut
1816 5549 2005 5618 spinaa.

506 5737 547 5768 "
577 5736 731 5795 Joan.
766 5755 861 5807 xu,
900 5740 952 5794 5.
1034 5739 1120 5793 “l
1152 5740 1276 5797 Cor.
1305 5756 1377 5806 νι,
1420 5739 1502 5797 l5.

1583 5737 1624 5769 ¹⁷
1652 5735 1880 5808 Philipp.
1912 5752 1971 5805 ιι,
2006 5736 2047 5791 7.

2115 3238 2225 3310 ρῶν
2254 3238 2422 3306 αὐτῆς
2452 3235 2743 3305 ὀφθαλμῶν
2769 3234 3051 3287 αἰσθέσθαι
3072 3234 3172 3304 τῆς
3194 3235 3251 3286 ὲν
3284 3235 3360 3304 τῷ
3387 3233 3569 3287 κάλλει
3593 3235 3698 3288 τοῦ

2112 3329 2270 3397 λόγου
2297 3329 2391 3381 καὶ
2419 3326 2694 3397 ὑπεροχῆς
2718 3342 2732 3356 ο
2765 3325 2905 3394 τάχα
2936 3324 2992 3377 δὲ
3024 3325 3117 3377 καὶ
3144 3324 3329 3406 κλίνην
3357 3326 3540 3398 κοινὴν
3563 3327 3702 3378 ἐαυ-

2110 3420 2210 3489 τῆς
2240 3420 2330 3472 καὶ
2380 3417 2471 3470 τοῦ
2522 3415 2755 3486 νυμφίου
2784 3415 2842 3466 τὸ
2872 3414 3031 3484 σῶμα
3079 3414 3393 3474 αἰνίττεται,
3422 3416 3478 3467 ὲν
3523 3406 3569 3481 ᾧ
3612 3415 3697 3469 ἐτι

2111 3511 2245 3568 οὖσα
2267 3517 2298 3585 ἡ
2321 3512 2465 3583 ψυχὴ
2500 3510 2742 3577 ἀξιοῦται
2762 3510 2859 3581 τῆς
2884 3509 2973 3562 τοῦ
3004 3509 3159 3576 λόγου
3192 3509 3472 3572 κοινωνίας
3492 3527 3504 3538 ·
3541 3508 3697 3578 λέγει

2111 3604 2201 3661 οὖν
2230 3606 2465 3668 Παῦλος,
2486 3604 2568 3656 Τὰ
2595 3602 2821 3673 σώματα
2846 3601 3000 3672 ἡμῶν
3019 3602 3151 3671 μέλη
3166 3600 3399 3671 Χριστοῦ
3430 3604 3544 3653 ἐστι
3562 3619 3577 3631 ι
3605 3603 3699 3657 διὰ

2111 3699 2218 3770 γὰρ
2254 3697 2346 3750 τοῦ
2372 3696 2529 3767 ἡμῶν
2564 3696 2660 3765 τῆς
2684 3694 2901 3763 νύμφης
2928 3688 3062 3745 εἶναι
3088 3693 3233 3760 λέγει
3256 3693 3315 3745 τὸ
3350 3692 3505 3763 σῶμα
3531 3710 3543 3721 '
3604 3692 3699 3746 διὰ

2109 3792 2164 3843 δὲ
2191 3790 2283 3843 τοῦ
2326 3789 2460 3859 μέλη
2488 3788 2747 3858 Χριστοῦ,
2772 3786 2862 3838 τοῦ
2906 3786 3138 3855 νυμφίου
3162 3802 3177 3814 ·
3216 3784 3436 3837 σύσκιον
3462 3784 3518 3836 δέ
3551 3800 3695 3853 φησι

2109 3884 2199 3935 τὸν
2229 3884 2460 3954 νυμφίον
2496 3882 2583 3935 διὰ
2609 3881 2706 3951 τὴν
2729 3880 3044 3950 πυκνότητα
3081 3880 3187 3933 τῶν
3214 3880 3271 3931 ὲν
3302 3879 3379 3949 τῷ
3423 3880 3564 3950 λόγῳ
3596 3882 3697 3933 καὶ

2109 3979 2175 4046 τῇ
2200 3976 2359 4046 σοφίᾳ
2384 3973 2751 4045 θεωρημάτων
2768 3990 2781 4003 ’
2810 3972 2905 4024 ἐὰν
2926 3972 2982 4024 δὲ
3063 3971 3264 4042 ήκοινὴ
3286 3972 3469 4042 νύμφη
3487 3973 3695 4040 ἀμφοῖν

2110 4066 2360 4137 εὐθαλὴς,
2389 4066 2540 4119 οὐδὲν
2570 4065 2882 4134 θαυμαστὸν
2925 4064 3020 4115 καὶ
3070 4064 3161 4116 ἐπὶ
3203 4063 3264 4115 τὸ
3320 4064 3478 4133 σῶμα
3509 4065 3695 4117 πᾶσαν

2108 4160 2208 4229 τὴν
2229 4159 2316 4213 διά
2342 4157 2435 4211 τοῦ
2469 4157 2719 4227 σώματος
2755 4156 2951 4227 πρᾶξιν
2980 4157 3190 4227 ἀγαθὴν
3220 4155 3531 4227 δηλοῦσθαι.

2636 4306 3030 4359 ΚΕΦΑΛΑῙΟΝ
3081 4306 3156 4360 B'.

2162 4402 2300 4471 Ἐγὼ
2328 4400 2509 4466 ἄνθος
2534 4399 2641 4452 τοῦ
2669 4398 2899 4463 πεδίου,
2940 4399 3150 4467 κρίνον
3178 4397 3297 4452 τῶν
3331 4398 3649 4455 κοιλάδων.

2186 4536 2378 4598 Ἄνθος
2405 4534 2553 4602 λέγει
2581 4534 2643 4586 τὸ
2663 4533 2841 4586 ὁδεῦον
2873 4534 2965 4586 ἐπὶ
2988 4533 3048 4585 τὸ
3072 4533 3325 4600 γενέσθαι
3349 4533 3557 4604 καρπός
3574 4551 3589 4564 ⁶
3625 4536 3691 4590 ὲν

2112 4626 2203 4683 οὖν
2232 4629 2309 4699 τῷ
2339 4627 2604 4699 περιγείῳ
2625 4628 2775 4697 τόπῳ
2805 4627 2969 4695 πεδίῳ
3012 4625 3249 4696 ῥηθέντι,
3281 4625 3439 4689 ἄνθος
3472 4626 3621 4678 ἐστὶν
3657 4629 3691 4681 ὁ

2110 4722 2342 4792 νυμφίος
2365 4720 2523 4789 λόγος
2544 4721 2619 4783 ὼς
2641 4719 2776 4790 πρὸς
2803 4717 2871 4774 τὰ
2900 4717 3159 4789 μέλλοντα
3179 4734 3193 4746 ·
3243 4717 3369 4771 ὅταν
3415 4716 3522 4787 γὰρ
3554 4717 3688 4791 ἔλθῃ

2111 4816 2173 4867 τὸ
2195 4815 2419 4877 τέλειον,
2454 4812 2748 4884 μεταϐαλεί
2777 4811 2839 4863 τὸ
2868 4810 3027 4873 ἄνθος
3046 4811 3126 4871 είς
3158 4808 3220 4860 τὸ
3252 4809 3503 4875 γενέσθαι
3547 4826 3688 4881 καρ-

2112 4906 2245 4969 πόςο
2284 4906 2378 4958 καὶ
2406 4904 2528 4957 ἐπεὶ
2559 4904 2633 4974 μὴ
2675 4902 2835 4955 πλέον
2877 4900 3114 4972 χωροῦσι
3140 4899 3235 4953 τοῦ
3271 4899 3485 4963 ἄνθους,
3535 4898 3686 4968 λέγει

2114 4998 2206 5053 ἐπὶ
2237 4999 2339 5069 γῆς
2360 5015 2374 5028 ⁸
2418 4998 2507 5051 διά
2529 4997 2685 5051 τοῦτο
2705 4997 2927 5065 γέγονεν
2952 4998 2980 5048 ὁ
3007 4995 3239 5064 νυμφίος
3264 4994 3340 5057 ὡς
3372 4995 3555 5060 ἄνθος
3576 4996 3685 5049 τοῦ

2110 5092 2317 5145 πεδίου
2340 5109 2353 5121 ·
2409 5091 2626 5144 ἑαυτὸν
2667 5089 2776 5161 γὰρ
2824 5089 3117 5150 ἐκένωσε,
3162 5086 3405 5155 μορφὴν
3459 5086 3684 5141 δούλου

2108 5183 2328 5246 λαϐὼν,
2379 5182 2515 5253 πρὸς
2545 5182 2606 5233 τὸ
2639 5179 2930 5250 δυνηθῆναι
2980 5178 3078 5249 τὴν
3126 5177 3281 5241 δόξαν
3326 5176 3489 5229 αὑτοῦ
3546 5176 3684 5247 μετὰ

2114 5274 2287 5327 ταῦτα
2318 5276 2464 5345 ἡμᾶς
2494 5272 2817 5325 θεάσασθαι·
2858 5272 3065 5341 μήποτε
3104 5270 3160 5323 δὲ
3206 5274 3318 5334 τοῖς
3354 5272 3451 5341 μὲν
3478 5272 3687 5339 εὐγενε-

2118 5364 2327 5436 στέροις
2378 5365 2473 5417 καὶ
2519 5363 2742 5434 ὁμαλέσι
2786 5361 2989 5425 πεδίοις
3035 5360 3471 5431 ὀνομαζομένοις,
3524 5360 3685 5424 ἄνθος

2115 5457 2254 5522 ἐστὶ,
2310 5459 2423 5520 τοῖς
2476 5456 2533 5509 δὲ
2577 5454 2779 5508 τούτων
2827 5452 3158 5523 κατωτέροις
3200 5452 3295 5504 καὶ
3343 5451 3684 5521 κοιλωτέροις

2115 5551 2329 5622 κρίνον⁹
2388 5550 2560 5605 ταῦτα
2619 5549 2797 5620 φήσας
2853 5548 2881 5600 ὁ
2927 5544 3159 5617 νυμφίος
3208 5543 3542 5615 παραϐάλλει
3584 5542 3685 5610 τὴν
