3888 6214
162 297 273 356 261

1270 283 1564 349 SCHOLIA
1602 287 1669 345 IN
1709 282 2006 344 CANTICA
2047 282 2320 342 CANTlC.

3340 282 3448 339 262

164 419 399 492 πλησίον
431 418 595 473 αὑτοῦ
642 417 829 481 ἄλλαις
874 415 1175 489 θυγατράσι
1218 418 1340 479 ταῖς
1390 415 1604 478 λοιπαῖς
1652 412 1753 483 ψυ-

1880 409 2016 466 l‘ales
2044 424 2173 464 vero
2202 424 2308 465 non
2342 408 2531 465 amica:
2567 408 2752 479 sponsi
2787 407 3015 474 animm,
3057 406 3233 463 amica
3268 419 3448 465 autem

165 517 311 585 χαίς.
351 512 556 575 αἵτινές
595 512 734 564 εἰσιν
777 510 1011 565 ἄκανθαι
1043 510 1218 580 ταύτῃ
1245 510 1754 581 παραϐαλλόμεναι.

165 606 437 662 Τοιαῦται
464 605 520 659 δὲ
546 606 601 658 αἱ
639 604 714 676 μὴ
746 603 977 675 πλησίον
1008 603 1103 656 τοῦ
1139 603 1374 675 νυμφίου
1395 602 1597 673 ψυχαί·
1634 603 1669 673 ἡ
1701 602 1760 656 δὲ

167 700 401 771 πλησίον
426 698 611 770 κρίνον
638 698 697 750 ὲν
722 696 872 767 μέσῳ
896 696 1199 766 διαλάμπον
1226 694 1412 749 αὐτοῦ.

178 792 275 857 Ὡς
292 790 501 859 μῆλον
520 789 588 841 ἐν
602 788 725 854 τοῖς
748 788 955 859 ξύλοις
979 787 1084 859 τοῦ
1110 786 1359 859 δρυμοῦ,
1386 786 1573 859 οὕτως
1587 785 1762 859 ἁδελ-

238 855 458 930 ςρὶδοῦς
474 876 591 930 μου
615 860 731 914 ἀνὰ
748 857 1083 930 μέσον-τῷν
1097 856 1262 930 υἱῶν·
1285 856 1403 911 ὑπὸ
1420 855 1547 930 ,τὴν
1579 857 1763 930 σκιὰν

236 926 431 985 αὐτοῦ
474 926 827 999 ἐπεθύμησα
864 928 961 982 καὶ
1015 928 1286 991 ἐκάθισα,
1337 926 1436 981 καὶ
1466 930 1499 981 ό
1532 927 1761 996 καρπὸς

236 1001 429 1058 αὑτοῦ
458 1001 528 1055 ἐν
547 999 629 1066 τῷ
649 1000 903 1070 λάρυγγί
910 1017 1053 1069 μου.

240 1098 497 1168 Ἔπρεπε
528 1097 597 1165 τῇ
631 1092 821 1165 νύμφῃ
862 1091 956 1145 τοῦ
1007 1090 1237 1155 κάλλους
1267 1089 1365 1165 ὅλῃ
1404 1088 1499 1143 τοῦ
1523 1087 1760 1159 νυμφίου

168 1188 540 1259 γεγενημένῃ,
572 1186 702 1255 περὶ
752 1184 922 1256 αὐτῆς
957 1183 1056 1255 μὲν
1093 1183 1272 1253 λέγειν
1299 1183 1472 1246 οὐδὲν,
1498 1182 1634 1254 πρὸς
1680 1177 1763 1244 οἷς

169 1284 226 1336 δὲ
251 1286 281 1337 ὁ
307 1281 543 1351 νυμφίος
557 1279 660 1351 ἔφη
688 1277 818 1350 ’περὶ⁵
840 1276 1057 1337 ἑαυτοῦ,
1088 1276 1244 1348 μήλῳ
1274 1274 1642 1347 παραϐάλλειν
1664 1273 1763 1327 αὐ-

170 1375 282 1429 τόν·
314 1374 443 1437 τοὺς
478 1373 605 1443 παρ’
639 1369 818 1424 αὐτῶν
847 1368 903 1422 δὲ
937 1368 1105 1431 υἱοὺς,
1141 1366 1318 1434 ξύλοις
1336 1364 1563 1437 δρυμοῦ·
1591 1366 1761 1435 ὑπερ-

170 1462 302 1533 ϐολῇ
338 1461 399 1515 δὲ
428 1460 524 1514 τοῦ
558 1459 748 1524 πόθου,
783 1458 843 1512 τὸ
887 1458 982 1511 καὶ
1024 1459 1182 1521 σκιᾶς
1214 1456 1505 1528 ἐπιθυμεῖν
1542 1456 1640 1525 τῆς
1666 1456 1763 1508 αὑ-

172 1554 288 1619 τοῦ,
325 1555 421 1608 καὶ
453 1551 819 1624 παραπέμψαι
845 1551 924 1622 τῷ
955 1550 1108 1621 βάθει
1144 1549 1238 1621 τὴν
1260 1549 1448 1603 τούτου
1478 1548 1758 1618 ποιότητα·

172 1648 318 1701 ἔοικε
344 1648 404 1701 δὲ
423 1646 598 1701 ταῦτα
617 1646 794 1715 λέγειν
818 1644 954 1716 πρὸς
969 1644 1068 1707 τὰς
1091 1642 1355 1708 νεάνιδας,
1387 1643 1462 1707 ὡς
1484 1642 1621 1714 πρὸς
1638 1643 1763 1705 τοὺς

173 1738 430 1809 ἑταίρους
459 1738 488 1789 ὁ
516 1737 747 1808 νυμφίος
779 1736 849 1790 τὰ
872 1736 1082 1804 πρῶτα·
1119 1735 1269 1798 υἱοὺς
1301 1734 1378 1797 δὲ,
1409 1734 1443 1804 ἢ
1478 1734 1604 1796 τοὺς
1619 1734 1764 1786 ἑταί-
1794 1767 1838 1825 Β

177 1848 304 1903 ρους
335 1830 483 1900 λέγει
504 1831 596 1894 οὓς
619 1829 885 1901 παραθέει
908 1828 1000 1882 τοῦ
1034 1828 1268 1899 νυμφίου
1294 1827 1468 1892 ξύλοις
1492 1828 1762 1898 ἀκάρποις

174 1922 533 1993 παρείκασεν,
570 1922 605 1992 ἢ
628 1923 755 1984 τοὺς
771 1920 1080 1992 ἀλλοτρίους
1108 1918 1295 1974 αὐτοῦ.
1327 1918 1472 1971 Ὑπὸ
1492 1919 1672 1973 σκιὰν
1696 1918 1764 1971 δὲ

174 2015 364 2069 αὐτοῦ
382 2014 699 2085 ὲπεθύμησέ
732 2032 792 2067 τε
818 2015 910 2067 καὶ
938 2012 1246 2067 κεκάθικεν·
1278 2011 1425 2081 λέγει
1450 2012 1507 2064 δὲ
1540 2012 1633 2064 καὶ
1670 2012 1764 2064 ἰε-

179 2107 376 2177 ρεμίας
414 2108 468 2159 ὲν
495 2106 743 2176 Θρήνοις·
780 2103 1024 2173 Πνεῦμα
1067 2102 1179 2171 πρὸ
1220 2100 1545 2169 προσώπου
1597 2098 1765 2169 ἡμῶν

174 2199 438 2267 Χριστὸς
485 2199 719 2266 Κύριος,
752 2196 1109 2264 συνελήφθη
1157 2195 1227 2248 ἐν
1254 2193 1385 2260 ταῖς
1419 2191 1764 2262 διαφθοραῖς

174 2291 368 2363 ἡμῶν·
393 2285 454 2345 οὗ
477 2291 720 2360 εἴπωμεν
768 2289 864 2342 Ἐν
894 2286 970 2355 τῇ
996 2284 1143 2353 σκιᾷ
1172 2284 1363 2340 αὐτοῦ
1385 2284 1681 2357 ζησώμεθα
1706 2285 1762 2336 ὲν

174 2386 293 2448 τοῖς
310 2383 509 2437 ἔθνεσι·
530 2380 766 2451 πῶςγὰρ
787 2381 885 2434 οὐκ
912 2379 1102 2451 ἔμελλε
1116 2378 1262 2448 ζωῆς
1280 2380 1409 2450 ἡμῖν
1423 2378 1617 2447 αἰτίαή
1639 2374 1765 2428 σκιά

176 2475 344 2529 αὐτοῦ
371 2474 641 2544 γενέσθαι,
666 2470 977 2542 γενομένοις
1009 2469 1313 2540 ἐλευθέροις
1353 2468 1452 2538 τῆς
1472 2464 1566 2520 τοῦ
1600 2465 1763 2535 νόμου

179 2567 377 2630 σκιᾶς;
405 2564 591 2618 Σκιὰν
632 2564 743 2636 γὰρ
782 2560 927 2633 εἶχεν
963 2565 994 2615 ό
1028 2562 1212 2631 νόμος
1256 2558 1376 2613 τῶν
1414 2557 1767 2629 μελλόντων

177 2657 441 2728 ἀγαθῶ-ν,
481 2656 677 2729 μηκέτι
709 2652 857 2710 οὖσιν
886 2654 1003 2710 ὑπὸ
1029 2655 1237 2723 νόμον,
1273 2653 1408 2706 ἀλλ’
1430 2650 1549 2706 ὑπὸ
1569 2648 1763 2718 χάριν,

179 2754 226 2804 εί
253 2750 352 2803 καὶ
374 2749 469 2802 νῦν
500 2752 665 2819 ἐσμεν
692 2747 796 2800 ὑπὸ
814 2745 980 2800 ’σκιάν
1006 2744 1186 2815 πολλῷ
1220 2743 1601 2814 διαφέρουσαν·
1631 2742 1769 2813 μετὰ

177 2845 270 2897 τὸν
298 2844 547 2915 παρόντα
565 2841 670 2911 γάρ
693 2840 826 2911 βίον,
863 2840 963 2892 οὐκ
1011 2838 1091 2892 έτι
1119 2839 1193 2891 δι’
1216 2838 1517 2905 ἐσόπτρου
1547 2834 1647 2888 καὶ
1678 2838 1768 2889 al--

177 2938 423 3007 νίγματι
450 2976 465 2999 ,
514 2933 650 2987 ἀλλὰ
707 2932 1031 3000 πρόσωπον
1085 2929 1236 2997 πρὸς
1303 2927 1627 2995 πρόσωπον
1670 2925 1768 2995 τὴν

180 3029 442 3098 ἀλήθειαν
460 3026 842 3098 θεωρήσωμεν·
866 3023 1007 3088 λέξει
1035 3022 1090 3076 δὲ
1116 3021 1261 3092 καὶὴ
1288 3019 1493 3091 νύμφη,
1517 3019 1672 3083 ’Ἑως
1696 3013 1767 3072 οὗ

180 3122 488 3192 διαυγάσῃ
513 3120 720 3189 ἡμέρα,
750 3119 849 3172 καὶ
883 3117 1207 3185 κινηθῶσιν
1232 3118 1288 3168 αἱ
1311 3115 1495 3167 σκιαί·
1529 3111 1772 3182 ἔστιγὰρ
1800 3130 1843 3189 C

180 3218 211 3270 ὁ
242 3216 357 3286 βίος
389 3214 544 3285 ἡμῶν
564 3214 639 3276 ὼς
664 3211 811 3276 σκιὰ,
844 3210 939 3263 καὶ
981 3211 1038 3263 ὲν
1064 3210 1191 3279 σκιᾷ
1212 3207 1444 3261 θανάτου
1473 3206 1501 3256 ὁ
1518 3204 1576 3270 ἐξ
1601 3204 1769 3258 ἐθνῶν

182 3306 499 3372 ἐκαθέζετο,
523 3306 676 3358 καὶοὶ
703 3301 1055 3364 ἀπιστοῦντες
1082 3299 1161 3352 ἔτι
1193 3296 1530 3361 καθέζονται.

434 3395 795 3469 Εἱσαγάγετέ
820 3397 997 3465 μεεὶς
1022 3389 1189 3447 οἷκον
1202 3389 1308 3445 τοῦ
1334 3389 1526 3443 οἴνου.

258 3560 444 3614 Ταῦτα
482 3559 616 3630 πρὸς
647 3559 773 3620 τοὺς
826 3555 1012 3625 φίλους
1057 3552 1150 3605 τοῦ
1190 3550 1424 3621 νυμφίου
1468 3548 1601 3620 φησὶ
1645 3548 1774 3610 τοὺς

190 3654 379 3723 ἄγξους
402 3651 665 3721 ἀγγέλους
693 3648 726 3720 ἢ
771 3646 1099 3710 ἀποστόλους
1129 3662 1189 3698 τε
1219 3643 1315 3698 καὶ
1342 3643 1645 3715 προφήτας·
1674 3656 1772 3711 μο-

132 3782 135 3783 ν
190 3746 405 3817 νονουχὶ
441 3744 695 3813 λέγουσα,
749 3738 1129 3811 Συγκερὰσατέ
1172 3754 1239 3808 με
1284 3735 1361 3807 τῷ
1411 3733 1622 3804 σώματι
1677 3730 1771 3785 τοῦ

192 3836 449 3909 Χριστοῦ.

192 3924 523 3996 Στηρίσατέ
542 3941 619 3996 με
638 3924 707 3977 ἐν
722 3922 953 3996 μύροις,
973 3914 1329 3996 σιςοιὸξάσατέ
1346 3931 1420 3996 με
1447 3913 1517 3967 ἐν
1530 3912 1772 3982 μήλοις,

546 3984 635 4048 δτι
673 3984 998 4062 τέτρῶμένη
1025 3988 1262 4059 ἀγάπης
1299 3984 1428 4054 ἐγώ.

278 4092 335 4145 Ὁ
369 4089 664 4160 Σύμμαχος
715 4088 885 4150 οὕτως
928 4085 1242 4139 ἐκδέδωκεν·
1310 4076 1777 4132 Ἐπανακλίνατέ

189 4202 266 4254 με
310 4180 577 4248 οἰνάνθη,
627 4178 901 4232 τούτέστιν
928 4175 1147 4229 εὐώδεσι
1180 4170 1438 4243 δένδροις,
1476 4173 1587 4233 τοῖς
1614 4169 1778 4223 καλὸν

196 4274 411 4347 καρπὸν
437 4272 704 4336 ποιοῦσιν,
734 4270 1019 4325 ἀνθοῦντα·
1050 4267 1158 4321 τῶν
1204 4263 1423 4336 φαύλων
1469 4261 1778 4333 λεγομένων

194 4368 427 4439 δένδρων
447 4362 767 4436 ἀκάρπωνῆ
803 4361 1169 4432 κακοκάρπων
1205 4360 1392 4413 ὄντων·
1430 4353 1551 4407 τινὰ
1586 4355 1643 4408 δὲ
1671 4354 1778 4408 τῶν

196 4464 544 4534 ἀντιγράφων
582 4463 714 4533 ἔχει·
742 4459 1072 4528 Στηρίσατέ
1090 4473 1165 4526 με
1200 4456 1269 4509 ἐν
1298 4457 1564 4527 ἀμύροις·
1598 4450 1625 4503 ὃ
1650 4465 1777 4547 νοτι-
1811 4492 1854 4547 D

1710 4541 1726 4556 ς

195 4558 337 4620 τέσν,
367 4556 403 4627 ἦ
433 4556 655 4619 πιστοὺς
700 4554 819 4625 μὲν,
846 4551 908 4604 οὐ
958 4550 1063 4621 μὴν
1104 4548 1179 4611 ὡς
1229 4544 1590 4619 χρηματίζειν
1642 4542 1774 4614 μέλη

194 4653 295 4723 τῆς
322 4651 395 4721 μή
425 4649 653 4720 ἐχούσης
680 4647 865 4701 σπῖλον
908 4644 939 4716 ἢ
984 4642 1192 4714 ῥυτίδα,
1233 4640 1266 4712 ἢ
1322 4640 1633 4710 ἀλλοτρίους
1679 4634 1779 4701 τῆς

199 4745 440 4807 πίστεως
467 4740 756 4813 χρηστούς·
786 4738 846 4792 τὸ
867 4738 944 4800 δὲ,
964 4731 1324 4791 στοιϐάσαιέ
1347 4749 1424 4802 με
1447 4732 1516 4784 ἐν
1536 4728 1774 4799 μήλοις,

199 4834 512 4907 σαφηνξζων
556 4835 585 4886 ὁ
640 4832 953 4903 Σύμμαχος,
1012 4824 1441 4896 περικυλίσατέ
1466 4838 1542 4893 με
1585 4819 1774 4889 μῆλα,

198 4924 341 4981 εἷπε·
383 4925 629 4996 βούλεται
653 4924 762 4996 γὰρ
794 4924 827 4994 ή
860 4922 1045 4993 νύμφη
1074 4923 1133 4974 ὲν
1157 4917 1372 4980 πολλοῖς
1399 4910 1779 4986 περικυλιομέ-

198 5036 311 5083 νοις
336 5018 497 5072 αὐτὸν
529 5016 719 5088 μήλοις
750 5012 1140 5068 ἀναπαύεσθαι·
1180 5011 1335 5064 ἅτινα
1376 5004 1526 5077 οἶμαι
1570 4999 1779 5075 καρπός

198 5109 319 5161 ἐστι
338 5106 433 5159 τοῦ
460 5105 629 5177 μήλου
655 5106 713 5157 ὲν
733 5106 844 5158 τοῖς
868 5102 1045 5169 ξύλοις
1069 5098 1162 5153 τοῦ
1186 5095 1391 5169 δρυμοῦ
1412 5093 1663 5165 νυμφίου,
1692 5091 1780 5143 ἵνα

196 5200 300 5270 τῆς
328 5198 509 5253 αὐτῶν
544 5195 822 5269 μταλάδῃ
851 5194 1150 5264 ποιότητος·
1186 5188 1473 5257 Τέτρωμαι
1506 5184 1615 5255 γὰρ
1643 5183 1778 5252 φίλ-

198 5312 336 5363 τρῳ,
376 5292 535 5362 φησὶ,
566 5287 710 5343 κατὰ
736 5288 828 5341 τὸν
870 5284 1182 5355 Σύμμαχον·
1218 5279 1333 5335 ἀπὸ
1355 5276 1462 5331 τοῦ
1490 5270 1779 5329 ἐκλεκτοῦ

194 5387 446 5452 βέλους,
479 5382 624 5438 κατὰ
642 5381 734 5434 τὸν
783 5378 1027 5433 Ἡσαΐαν.

1861 502 2031 559 lilium
2056 501 2173 572 ejus
2202 502 2257 558 in
2287 501 2465 560 medio
2496 501 2820 573 perfulgens.

1862 778 2027 833 Vens.
2060 778 2113 831 3.
2153 775 2303 831 Sicut
2342 775 2513 828 malus
2557 776 2695 828 inter
2723 774 2863 843 ligna
2896 774 3170 837 siavnrusn,
3210 774 3287 827 sic
3315 773 3451 827 dile-

1934 860 2046 902 ctus
2075 865 2218 901 meus
2245 847 2383 899 inter
2405 846 2563 912 ﬁlios.
2603 844 2713 899 Sub
2746 845 2931 895 umbra
2964 844 3107 895 illius
3127 860 3280 914 quem
3311 845 3452 899 desi-

1932 922 2237 973 derareram
2265 918 2402 980 sedi,
2432 926 2479 970 et
2514 919 2720 987 [ructus
2750 916 2863 982 ejus
2895 915 3065 967 dulcis
3087 915 3288 985 gutturi
3312 931 3446 969 meo.

1906 1076 2168 1133 ‘Decebat
2234 1089 2488 1145 sponsam
2547 1071 2733 1143 sponsi
2783 1071 3170 1142 pulchritudini
3223 1072 3451 1128 omnino

1864 1169 2148 1235 intentam,
2182 1167 2403 1239 proprio
2436 1166 2634 1221 decore
2678 1165 2899 1230 omisso,
2944 1174 3067 1233 post
3092 1177 3156 1218 ea
3186 1178 3307 1234 qua:
3337 1165 3452 1234 ipse

1864 1261 1931 1314 de
1959 1274 2020 1314 se
2050 1274 2280 1329 sponsus
2310 1256 2646 1328 praedicavit,
2673 1270 2796 1310 cum
2834 1254 2977 1309 malo
3010 1269 3134 1309 eum
3164 1252 3449 1321 conferre;

1863 1352 2132 1422 ﬁliosque,
2167 1352 2259 1422 qui
2300 1352 2663 1406 circumstant
2710 1364 2856 1412 eum,
2897 1363 3020 1403 cum
3057 1348 3219 1417 lignis
3267 1348 3447 1415 silvae;

1863 1457 1918 1501 et
1945 1445 2340 1500 desideriorum
2373 1457 2627 1507 excessu,
2657 1442 2903 1496 umbram
2936 1442 3080 1495 illius
3114 1441 3450 1507 desiderare,

1863 1537 2204 1605 virtutesque
2236 1535 2454 1604 penitus
2482 1533 2738 1587 scrutari.
2769 1532 2896 1587 Haec
2928 1542 3107 1587 autem
3140 1531 3356 1586 videtur
3385 1532 3451 1585 ad

1866 1626 2301 1682 adolescentulas
2325 1624 2528 1694 eloqui,
2559 1624 2698 1679 sicut
2730 1624 2796 1678 ad
2827 1622 3035 1676 amicos
3069 1622 3252 1692 priora
3277 1636 3452 1692 spon-

1867 1736 1981 1773 sus.
2011 1718 2179 1773 Filios
2226 1727 2408 1771 autem
2436 1725 2616 1783 vucat,
2654 1716 2772 1770 sive
2814 1716 3019 1770 amicos
3065 1715 3252 1784 sponsi
3289 1714 3451 1769 fami-

1864 1812 2049 1878 liares,
2069 1826 2206 1881 quos
2240 1811 2291 1864 in
2331 1810 2578 1864 fecundis
2606 1808 2896 1862 arboribus
2922 1807 3305 1877 aequiparavit,
3335 1806 3452 1861 sive

1864 1905 1932 1959 ab
1960 1919 2026 1959 eu
2059 1905 2284 1957 alienos.
2318 1901 2426 1957 Sub
2461 1902 2647 1955 umbra
2669 1902 2815 1955 illius
2850 1900 3183 1956 desideravit
3211 1911 3266 1955 et
3287 1901 3449 1955 sedit.

1864 1999 2005 2053 Dicit
2040 2008 2094 2053 et
2120 1996 2387 2051 Jeremias
2448 1996 2500 2050 in
2548 1994 2782 2049 Threnis
2815 2008 2830 2047 :
2858 1994 3095 2063 Spiritus
3143 1995 3251 2048 oris
3286 1994 3453 2048 nostri

1864 2092 2104 2147 Christus
2140 2090 2394 2144 Dominus
2447 2098 2633 2156 captus
2688 2097 2767 2140 est
2825 2086 2879 2139 in
2911 2087 3136 2153 peccatis
3172 2087 3366 2140 nostris
3388 2084 3451 2139 ".

1867 2183 1941 2237 De
1964 2198 2069 2251 quo
2099 2182 2255 2234 nobis
2300 2180 2588 2234 dicendum
2627 2188 2730 2241 est,
2773 2177 2883 2231 Sub
2915 2177 3101 2230 umbra
3125 2177 3267 2231 illius
3302 2178 3452 2231 vive-

1866 2290 1990 2328 mus
2031 2275 2081 2327 in
2127 2272 2396 2342 gentibus.
2426 2270 2709 2337 Quomodo
2737 2270 2877 2325 enim
2911 2285 3018 2323 non
3057 2268 3293 2323 debebat
3327 2269 3449 2323 vitae

1870 2364 2026 2419 nobis
2052 2378 2216 2419 causa
2245 2362 2430 2416 umbra
2459 2360 2574 2428 ejus
2600 2361 2742 2426 ﬁeri,
2786 2360 2919 2429 legis
2964 2359 3154 2415 umbra
3184 2358 3455 2414 liberatis?

1871 2455 2124 2511 Umbram
2154 2456 2298 2509 enim
2334 2454 2568 2509 habebat
2612 2454 2698 2507 lex
2749 2454 3057 2524 futurarum
3103 2454 3360 2507 bonorum
3387 2452 3453 2514 ¹⁹,

1868 2551 1933 2605 iis
1959 2550 2049 2619 qui
2080 2564 2191 2603 non
2242 2547 2353 2616 jam
2392 2548 2487 2601 sub
2536 2546 2646 2616 lege
2714 2555 2899 2610 erant,
2932 2545 3023 2599 sed
3070 2546 3165 2598 sub
3194 2546 3453 2614 gratia",

1867 2643 1968 2699 etsi
1998 2658 2141 2696 nunc
2166 2657 2380 2710 quoque
2419 2654 2608 2694 sumus
2641 2638 2741 2693 sub
2788 2636 2981 2691 umbra
3032 2636 3259 2690 multum
3298 2637 3454 2691 dissi-

1868 2734 2004 2789 mili.
2041 2734 2286 2802 Namque
2336 2742 2463 2802 post
2516 2739 2840 2799 praesentem
2869 2729 3061 2793 vitam,
3100 2743 3205 2782 non
3246 2730 3301 2782 in
3332 2745 3455 2795 spe—

1869 2826 1987 2879 culo
2038 2835 2087 2879 et
2141 2826 2441 2894 wnigmate,
2480 2824 2573 2876 sed
2625 2822 2759 2890 facie
2792 2821 2861 2873 ad
2895 2819 3138 2887 faciem“
3170 2819 3455 2874 veritatem

1870 2917 2378 2986 contemplabimus.
2410 2916 2563 2970 Dicet
2593 2917 2757 2969 etiam
2791 2928 3015 2982 sponsa,
3049 2912 3227 2966 Donec
3260 2912 3456 2979 aspiret

1871 3011 1984 3064 dies
2014 3020 2060 3063 et
2094 3010 2416 3063 inclinentur
2444 3007 2643 3060 umbra:
2668 3008 2733 3060 “.
2760 3006 2885 3061 Vita
2913 3006 3058 3060 enim
3095 3012 3277 3058 nostra
3301 3003 3455 3072 quasi

1875 3100 2067 3155 umbra
2118 3109 2223 3166 est,
2257 3110 2311 3154 et
2344 3099 2395 3152 in
2428 3099 2621 3152 umbra
2682 3097 2872 3152 mortis
2925 3096 3175 3150 ethnicus
3206 3094 3450 3155 sedebat.

1874 3205 1929 3248 et
1961 3191 2224 3247 increduli
2248 3191 2430 3246 adhuc
2449 3190 2663 3244 sedent.

1878 3370 2040 3426 Vens.
2082 3371 2140 3425 4.
2182 3368 2368 3423 Ducite
2410 3384 2490 3421 me
2525 3365 2806 3504 irixcglgam
2853 3363 3107 3418 vinariam
3138 3360 3457 3435 (secundum

1948 3532 2073 3587 Haec
2107 3530 2174 3585 ad
2200 3531 2406 3584 amicos
2433 3528 2614 3598 sponsi
2647 3527 2797 3592 dicit,
2842 3534 3059 3579 sanctos
3102 3521 3341 3592 angelos,
3373 3520 3459 3575 vel

1877 3622 2170 3694 apostolos,
2196 3621 2280 3676 vel
2314 3620 2624 3691 prophetas,
2656 3619 2810 3688 quasi
2846 3618 3092 3673 diceret:
3128 3614 3456 3687 Conjungite

1876 3732 1965 3772 me
1994 3730 2118 3773 cum
2153 3728 2383 3785 corpore
2412 3712 2640 3768 Christi.

1877 3896 2043 3955 Vens.
2079 3897 2134 3952 5.
2164 3894 2374 3949 Fulci’te
2395 3908 2477 3946 me
2511 3889 2754 3961 ﬂoribus,
2777 3891 2968 3957 stipata
3000 3905 3082 3943 me
3112 3888 3291 3952 malis,
3329 3888 3458 3959 quia

2412 3977 2590 4016 amore
2616 3964 2861 4030 langueo.

1952 4063 2077 4119 Haec
2129 4057 2440 4131 Symmachi
2491 4055 2883 4124 interpretatio
2933 4051 3215 4109 :Sternite
3265 4068 3345 4107 me
3403 4054 3458 4105 in

1879 4157 2224 4229 palmitibus‘,
2263 4152 2315 4208 id
2342 4159 2428 4206 est
2455 4150 2508 4203 in
2548 4147 2839 4204 odorileris
2868 4146 3176 4214 arboribus,
3212 4160 3331 4213 quae
3366 4145 3459 4198 bo~

1882 4264 2009 4304 num
2039 4248 2222 4302 ierunt
2249 4244 2523 4305 fructum;
2549 4240 2703 4293 mala:
2727 4249 2906 4293 autem
2934 4238 3155 4292 arbores
3185 4245 3313 4291 sunt
3340 4249 3461 4303 quas

1881 4340 2088 4395 nullum
2142 4339 2223 4393 vel
2278 4334 2481 4390 malum
2541 4329 2774 4385 fructum
2831 4331 3034 4384 ferunt.
3084 4327 3295 4381 Habent
3328 4340 3459 4379 vero

1884 4432 2130 4504 quaedam
2157 4445 2188 4486 e
2219 4427 2606 4497 manttscriptis
2638 4444 2652 4480 :
2685 4422 2896 4476 Fulcite
2943 4437 3023 4474 me
3053 4418 3251 4472 nullius
3280 4418 3456 4469 odoris

1882 4524 2177 4580 arboribus.
2212 4522 2364 4589 Quod
2399 4516 2864 4589 interpretandum
2917 4512 3031 4566 sive
3066 4511 3135 4565 de
3184 4508 3456 4572 ﬁdelibus,

1882 4632 1989 4672 non
2030 4624 2209 4668 tamen
2245 4613 2382 4667 adeo
2431 4622 2489 4666 ut
2519 4617 2784 4665 vocentur
2816 4604 2962 4659 illius
2993 4617 3110 4672 qua:
3142 4616 3239 4655 nec
3270 4613 3456 4652 macu-

1882 4708 1987 4762 lam
2037 4721 2135 4761 nec
2174 4719 2363 4775 rugam
2413 4702 2591 4762 habet.
2626 4699 2910 4762 membra;
2944 4692 3155 4763 sivegde
3213 4689 3455 4758 optimis,

1879 4799 1986 4855 etsi
2024 4797 2147 4852 ﬁdei
2188 4794 2409 4850 nesciis.
2456 4792 2590 4847 lllud
2645 4797 2847 4853 autem,
2902 4785 3094 4852 stipata
3144 4796 3225 4833 me
3278 4778 3456 4843 matis,

1885 4886 2246 4960 Symmachus
2295 4882 2618 4946 dilucidans,
2670 4880 2801 4933 mihi
2854 4875 3023 4931 malos
3082 4872 3334 4933 inducite,
3378 4870 3460 4923 in-

1888 4988 2239 5051 terpretatur.
2276 4974 2404 5031 Vult
2446 4975 2590 5030 enim
2654 4985 2853 5042 sponsa
2910 4969 3055 5024 inter
3114 4962 3305 5027 malos,
3341 4976 3461 5030 quac

1888 5071 2204 5141 frequentes
2260 5067 2601 5124 circumdant
2647 5078 2793 5125 eum,
2840 5059 3200 5129 requiescere.
3239 5053 3459 5117 Verum,

1888 5174 1949 5219 nt
1988 5161 2236 5229 quaedam
2268 5166 2541 5222 asserunt,
2565 5157 2773 5210 fructus
2801 5161 2887 5208 est
2928 5149 3055 5204 mali
3089 5148 3142 5202 in
3174 5144 3332 5215 lignis
3359 5143 3462 5197 vite

1889 5258 2096 5327 sponsi,
2137 5262 2196 5307 ut
2231 5265 2419 5307 eorum
2478 5263 2726 5316 saporem
2782 5243 3092 5314 experiatur
3170 5237 3463 5294 Vulnerata

1890 5367 2007 5406 sum
2037 5346 2263 5419 philtra,
2293 5343 2447 5406 dicit,
2472 5339 2767 5395 secundum
2801 5332 3223 5407 Symmachum;
3257 5340 3334 5394 et,
3369 5342 3460 5379 sa-

1880 5445 2010 5509 qitta
2033 5439 2217 5505 electa,
2240 5433 2536 5494 secundum
2575 5430 2767 5488 Isaiam
2791 5428 2861 5484 ⁸³.

277 5752 323 5785 ³⁸
346 5750 552 5806 Thren.
584 5760 660 5812 iv,
723 5742 815 5799 20.
893 5740 936 5776 ¹⁹
964 5738 1126 5799 Hebr.
1151 5752 1209 5802 τ,
1241 5736 1296 5794 1.
1372 5734 1417 5768 ²⁰
1445 5732 1603 5789 Rom.
1630 5744 1708 5798 γι,
1734 5728 1768 5786 ι

1894 5720 2121 5779 “lCor.
2160 5732 2283 5786 xm,
2330 5714 2414 5771 i2.
2491 5714 2535 5747 “
2564 5711 2719 5769 Cant.
2755 5724 2817 5775 ιι,
2846 5706 2933 5762 Π.
3008 5700 3174 5755 "lsa.
3220 5711 3366 5764 χιιι,
3404 5690 3461 5749 3.
