3888 6214
437 275 551 359 eos

1294 302 1856 360 SUPPLEMENTUM
1890 303 1984 358 AD
2019 302 2341 360 ORIGENIS
2370 301 2785 359 EXEGETICA.

3585 305 3692 360 264

446 421 610 480 Vsus.
639 423 693 480 8.
731 423 845 480 Vox
871 425 1046 478 dilecti
1079 441 1176 477 me:
1205 467 1217 487 ,
1259 442 1375 478 ecce
1402 428 1499 479 iste
1551 428 1686 480 venit
1733 426 1926 481 saliens
1964 428 2019 481 in

2138 427 2294 495 Φωνὴ
2323 427 2430 481 τοῦ
2457 426 2781 494 ἀδελφιδοῦ
2813 441 2953 494 μου,
2986 423 3115 478 ιδοὺ
3141 420 3318 495 οὗτος
3337 424 3466 492 ἣκει
3492 424 3696 492 πηδῶν

812 497 1098 558 montibus,
1125 496 1426 549 transiliens
1460 495 1639 550 colles.

517 585 631 642 Hoc
677 585 920 640 nonnulli
966 585 1234 655 prioribus
1287 587 1596 642 attribuunt
1646 604 1663 652 ;

452 692 586 733 vero
617 687 798 732 textus
843 678 1066 748 proprio
1095 677 1328 733 collocat
1358 679 1498 734 loco.
1534 679 1746 734 Etenim
1796 681 2023 737 manife~

444 779 588 826 stum
635 779 722 825 est
759 783 1016 838 sponsam
1049 784 1170 823 cum
1213 769 1341 825 ﬁliis
1371 769 1672 826 Jerusalem
1705 773 2020 842 colloquen-

446 869 552 917 tem
576 901 591 926 ,
623 861 804 917 subito
833 861 1017 930 sponsi
1055 876 1244 916 vocem
1293 862 1569 932 percipere
1591 904 1605 928 ,
1642 879 1764 918 cum
1800 866 2023 934 quibus-

445 953 569 1008 dam
617 994 634 1021 ,
666 963 724 1007 ut
759 952 1056 1007 verisimile
1081 991 1098 1018 ,
1143 951 1559 1009 confabulautis.
1589 954 1762 1021 Quam
1795 956 2024 1026 percipit

445 1047 502 1101 in
561 1044 834 1101 montibus
883 1044 1225 1115 collibusque
1278 1059 1497 1116 sponsas
1545 1045 1706 1103 domo
1759 1049 2022 1118 proximis

445 1147 830 1204 resonantcm,
886 1153 993 1193 non
1045 1135 1206 1192 aliter
1256 1152 1320 1192 ac
1365 1152 1653 1194 cervorum
1712 1139 2017 1197 binnulum.

447 1230 650 1286 Deinde
683 1244 879 1300 sponsa
929 1228 1216 1294 sollicitus,
1254 1230 1416 1286 domo
1453 1230 1514 1286 ﬁt
1560 1232 1840 1301 proximus
1865 1273 1882 1300 ,
1911 1233 2024 1288 lur-

449 1320 704 1388 timquea
744 1333 894 1393 tergo
939 1323 1282 1394 aggreditur;
1313 1337 1437 1377 mox
1463 1323 1529 1377 ad
1567 1323 1831 1380 fenestras
1854 1341 2022 1394 usque

447 1412 680 1480 prosilit,
712 1415 978 1468 amatorie
1033 1413 1179 1468 velut
1224 1414 1492 1483 inspicere
1537 1414 1761 1484 volens;
1798 1416 2020 1486 propior

447 1508 605 1563 domo
629 1509 717 1563 ubi
751 1517 837 1564 est
869 1524 1090 1580 sponsa,
1113 1509 1309 1564 multos
1335 1509 1605 1566 cancellos
1629 1511 1834 1566 circum
1857 1526 2020 1582 spon-

446 1615 563 1655 sam
609 1601 835 1673 ejusque
887 1603 1064 1658 socias
1113 1601 1420 1668 obductos,
1467 1603 1733 1658 valentior
1780 1619 2016 1675 sponsus

447 1697 790 1766 perrumpit,
843 1711 1135 1768 perqne'ea
1165 1697 1503 1766 speculatur.
1543 1713 1905 1768 sponsamque
1934 1699 2019 1753 iu-

1719 586 2022 646 Hebraicus

2227 494 2325 551 ἐπὶ
2355 499 2428 552 τὰ
2456 498 2582 566 ὄρη,
2613 497 3006 565 διαλλόμενος
3025 496 3122 548 ἐπὶ
3147 494 3288 560 τοὺς
3300 496 3590 560 βουνούς.

2193 589 2364 644 Τοῦτό
2409 606 2554 654 τινες
2595 592 2709 652 τοῖς
2736 585 3119 658 -προλαϐοῦσιν
3175 586 3480 650 ἀπέδωκαν,
3535 585 3597 639 τὺ
3643 586 3700 640 δέ

2141 681 2429 754 Ἐὁραῖκδν
2457 680 2515 748 ἐξ
2543 679 2676 743 ίδίας
2697 679 2879 733 τάττει
2905 677 3230 749 περικοπῆς·
3258 679 3352 730 καὶ
3370 677 3529 748 δῆλόν
3551 681 3700 732 ἐστιν

2120 775 2197 837 ὡς
2230 775 2264 846 ἡ
2292 771 2478 844 νύμφη
2515 770 2870 842 διαλεγομένη
2904 771 3024 833 ταῖς
3056 768 3386 840 θυγατράσιν
3441 769 3700 840 Ἰερουσα-

2119 863 2249 936 λὴμ,
2282 862 2546 932 αἰφνίδιον
2590 859 2904 914 αἰσθάνεται
2936 859 3036 929 τῆς
3083 859 3175 912 τοῦ
3209 859 3443 930 νυμφίου
3491 861 3697 931 φωνῆς,

2119 955 2499 1026 διαλεγομένου
2548 955 2690 1007 τισὶν
2745 953 2820 1016 ὡς
2871 953 3036 1016 είκός·
3076 947 3144 1025 ἧς
3185 951 3578 1024 αἰσθανομένης
3606 954 3700 1007 ἐπὶ

2118 1050 2226 1104 τῶν
2257 1047 2399 1120 ὀρῶν
2429 1047 2524 1101 καὶ
2554 1046 2666 1101 τῶν
2700 1044 2906 1116 βουνῶν
2943 1044 3051 1098 τῶν
3077 1046 3491 1116 παρακειμένων
3521 1046 3598 1116 τῷ
3619 1045 3703 1100 τό·

2121 1160 2208 1213 πῳ
2232 1141 2332 1212 τῆς
2351 1139 2570 1212 νύμφης
2586 1138 2949 1209 διαλέγεσθαι,
2976 1138 3051 1201 ὡς
3075 1139 3238 1211 μηδὲν
3261 1138 3482 1210 ἀπᾴδειν
3499 1139 3696 1213 νεϐρῷ·

2118 1232 2237 1288 εἶτα
2274 1234 2474 1304 σπουδῇ
2507 1235 2573 1304 τῇ
2626 1231 2754 1304 περὶ
2801 1228 2900 1301 τὴν
2934 1227 3173 1300 νύμφην,
3214 1230 3430 1298 ἐγένετο
3473 1229 3700 1300 πλησίον

2118 1327 2212 1380 τοῦ
2238 1325 2390 1380 οἴκου
2409 1327 2504 1380 καὶ
2525 1325 2837 1398 παρέφηνεν
2862 1324 3086 1380 ὄπισθεν
3105 1321 3292 1378 αὐτοῦ·
3313 1316 3432 1376 εἶτα
3454 1323 3699 1394 πηδήσας

2123 1420 2284 1492 μέχρι
2315 1419 2424 1474 τῶν
2444 1419 2537 1474 τοῦ
2557 1419 2707 1474 οἴκου
2725 1419 2914 1489 φθάνει
2939 1419 3188 1492 θυρίδων,
3222 1414 3498 1487 ἐρωτικῶς
3511 1415 3698 1486 ὥσπερ

2121 1512 2323 1568 ἐθέλων
2359 1515 2442 1576 είς
2467 1514 2638 1586 αὐτὴν
2693 1511 3032 1586 παρακῦψαι·
3085 1513 3251 1582 ἐγγὺς
3291 1511 3347 1565 δὲ
3377 1510 3479 1581 τῆς
3523 1509 3699 1571 οἰκίας

2119 1606 2246 1660 ἔνθα
2269 1609 2302 1678 ἠ
2333 1606 2539 1679 νύμφη,
2554 1606 2745 1661 δίκτυα
2768 1605 2940 1660 πολλὰ
2967 1605 3229 1675 ἐπενέδρα
3247 1605 3343 1676 τῆς
3364 1603 3580 1674 νύμφης
3605 1603 3699 1654 καὶ

2117 1698 2226 1752 τῶν
2252 1701 2379 1770 περὶ
2410 1699 2579 1770 αὐτὴν
2604 1699 3026 1762 ἐκπεπέτασται,
3061 1699 3206 1769 ἆπερ
3227 1697 3480 1768 διακόψας
3499 1698 3527 1750 ὁ
3563 1713 3698 1767 νυμ-

447 1787 585 1841 vitat
625 1789 850 1858 propius
881 1790 1162 1844 accedere.
1199 1788 1415 1856 Audet,
1444 1805 1611 1859 opere
1637 1790 2014 1856 conﬁrmatur,

2138 1788 2239 1857 ρίος
2284 1789 2360 1854 ὡς
2401 1791 2760 1862 ἰσχυρότερος,
2817 1789 3035 1861 διέκυψε
3073 1789 3139 1843 δι’
3195 1787 3390 1844 αὐτῶν·
3420 1787 3513 1842 καὶ
3546 1788 3699 1842 καλεί

447 1876 717 1933 cancellos
758 1887 1108 1934 contemnere
1132 1920 1148 1945 ,
1212 1875 1325 1947 jam
1368 1879 1605 1935 divulsos
1628 1920 1646 1946 ,
1676 1880 2019 1952 iugatamque

449 1986 546 2040 per
579 1984 673 2027 eos
702 1972 962 2042 temporis
987 1971 1416 2040 inclementiam,
1444 1989 1603 2045 quam
1640 1975 1869 2030 hiemem
1924 1990 2019 2029 vo-

447 2074 561 2127 cat,
617 2062 838 2118 inutiles
884 2063 1428 2134 vehementioresque
1473 2064 1673 2120 imbres
1719 2064 2005 2120 ferentem.

447 2156 794 2212 Convertitur
825 2156 890 2211 ad
922 2156 1204 2228 prtesentis
1235 2158 1496 2227 temporis
1531 2159 1836 2226 commoda,
1861 2157 2020 2215 ﬂores

453 2248 663 2302 scilicet
695 2263 891 2304 vernos
943 2263 1008 2304 ac
1053 2249 1178 2304 vitis
1229 2249 1561 2318 putationem
1597 2249 1934 2320 praedicans;
1965 2259 2021 2304 et

457 2341 724 2396 columbas
768 2357 954 2397 vocem
980 2384 996 2410 ,
1047 2350 1101 2397 et
1145 2341 1352 2414 olynthi
1383 2343 1515 2397 licus
1538 2381 1554 2408 ,
1587 2351 1642 2397 et
1687 2342 2019 2396 luxuriantes

452 2433 712 2488 describit
740 2432 907 2498 vites;
936 2442 992 2488 et
1020 2432 1167 2487 intus
1194 2432 1526 2502 requiescet;
1557 2431 1805 2501 cupiebat
1828 2431 1971 2486 illam
2001 2471 2017 2498 ,

446 2539 566 2593 quae
603 2537 723 2580 erat
770 2524 912 2579 intus
937 2564 952 2589 ,
979 2524 1128 2577 vultu
1159 2533 1364 2580 retecto
1396 2538 1581 2580 coram
1625 2538 1826 2598 sponso
1853 2523 2019 2594 prod-

449 2615 548 2683 ire,
583 2616 844 2686 suaviqne
871 2615 1016 2672 vocis
1047 2629 1295 2670 recreare
1320 2629 1474 2670 sono.

445 2914 611 2988 Vnus.
670 2916 736 2971 10
805 2933 917 2984 seq.
968 2916 1047 2972 En
1092 2917 1312 2973 dilectus
1359 2934 1503 2988 meus
1543 2918 1774 2988 loquitur
1807 2920 1938 2973 mihi
2001 2935 2019 2973 :

517 2986 702 3056 Surge,
737 3004 978 3056 propera,
1001 2989 1170 3042 antica
1199 3004 1333 3050 mea,
1360 2986 1764 3052 columba'mea,
1795 3001 1843 3043 et
1878 2992 2018 3055 veni;

509 3058 629 3126 jam
657 3059 793 3111 enim
840 3058 1002 3111 hiems
1035 3060 1270 3124 transiit,
1305 3059 1471 3111 imber
1502 3059 1630 3110 abiit
1669 3067 1717 3110 et
1769 3063 2016 3126 recessit,

515 3127 673 3200 ﬂores
719 3137 1074 3200 apparuerunt
1114 3130 1168 3181 in
1199 3139 1340 3182 terra
1373 3139 1573 3200 nostra,
1619 3136 1818 3200 tempus
1855 3141 2014 3198 puta-

521 3197 680 3251 tionis
707 3197 911 3250 advenit
941 3211 960 3250 :
987 3213 1085 3251 vos:
1113 3199 1336 3251 turturis
1357 3199 1538 3250 audita
1565 3210 1640 3250 est
1664 3199 1719 3250 in
1755 3197 1895 3254 terra
1923 3218 2016 3254 no-

517 3275 652 3321 stra.
680 3265 843 3319 Ficus
876 3269 1096 3332 protulit
1127 3284 1338 3336 grossos
1373 3285 1497 3322 suos
1527 3283 1547 3322 :
1579 3269 1744 3322 vinea:
1771 3271 2018 3338 ﬂorentes

513 3339 770 3391 dederunt
807 3340 1020 3390 odorem
1057 3354 1232 3393 suum.

519 3489 690 3561 Surge
717 3533 731 3555 ,
783 3491 997 3560 inquit,
1032 3505 1062 3544 a
1091 3493 1444 3547 sensibilibus
1485 3493 1550 3548 ad
1585 3493 1885 3563 spiritualia
1911 3536 1927 3561 ,
1961 3504 2020 3550 ut

445 3581 721 3651 conjuncti
777 3584 968 3638 simus.
1022 3583 1199 3638 Imber
1249 3587 1396 3639 abiit.
1440 3585 1540 3641 llic
1596 3589 1770 3642 imber
1810 3597 2021 3658 tempus

447 3675 625 3729 innuit
652 3685 776 3728 ante
806 3673 1235 3730 lncarnationem
1261 3715 1276 3739 ,
1319 3692 1442 3731 cum
1495 3677 1633 3734 Deus
1663 3679 1894 3736 nubibus
1924 3682 2021 3736 eli-

444 3768 557 3822 cuit
602 3768 755 3836 quasi
813 3767 1055 3837 pluviam
1117 3767 1309 3836 lcgalia
1359 3778 1415 3824 et
1461 3772 1778 3840 prophetica
1832 3775 2017 3827 verba.

445 3859 692 3916 Recessit
724 3860 882 3915 simul
941 3877 1005 3915 ac
1044 3861 1128 3916 lex
1165 3871 1214 3917 et
1252 3863 1517 3931 propheta!
1546 3880 1710 3931 usque
1739 3864 1809 3916 ad
1849 3864 2020 3919 Joan—

448 3969 566 4006 nem
597 3951 690 4018 “;
734 3967 829 4008 ver
871 3964 1053 4008 autem
1106 3963 1160 4008 et
1202 3964 1360 4010 testas
1412 3964 1533 4025 post
1590 3955 2019 4010 Incarnationem

444 4043 761 4111 subierunt;
791 4059 890 4098 nec
915 4044 1027 4114 jam
1073 4060 1208 4115 opus
1256 4055 1375 4100 erat
1425 4046 1703 4102 imbribus.
1733 4046 1834 4101 Per
1865 4046 2020 4102 Chri-

447 4142 590 4189 stum
627 4143 770 4188 terra
819 4144 989 4189 strata
1027 4144 1110 4190 est
1160 4135 1418 4205 ﬂoribus;
1466 4138 1619 4209 cujus
1671 4149 1726 4195 et
1776 4140 2023 4194 incarna-

447 4227 612 4291 tione,
642 4226 798 4291 licus,
832 4242 951 4296 qua!
985 4229 1166 4296 priore
1209 4238 1449 4299 tempore
1475 4240 1746 4294 creverat,
1779 4246 1884 4284 non
1918 4242 2024 4284 ste-

445 4320 562 4376 rilis
609 4320 916 4387 exciditur;
963 4338 1101 4376 nunc
1152 4324 1287 4377 enim
1319 4323 1558 4393 olyntltos
1587 4323 1824 4392 protulit,
1856 4333 1903 4377 et
1938 4322 2023 4376 lu-

444 4411 662 4467 xuriant
707 4413 838 4468 vites
865 4429 884 4466 :
919 4414 1040 4469 ideo
1068 4415 1120 4468 in
1151 4412 1355 4470 Christi
1402 4415 1718 4484 palmitibus
1741 4456 1756 4483 ,
1801 4416 1974 4485 inquit
2003 4456 2017 4480 ,

445 4505 609 4560 bonus
649 4506 780 4560 odor
813 4507 919 4560 Deo
942 4522 1123 4560 sumus
1154 4506 1220 4560 ".

449 4596 611 4653 Vsus.
655 4597 756 4659 15,
794 4597 882 4654 Η.
916 4597 1104 4668 Surge,
1132 4614 1299 4668 amica
1331 4613 1478 4654 mea.
1513 4598 1743 4666 speciosa
1773 4612 1886 4648 mea
1912 4634 1928 4658 ,
1969 4604 2017 4648 et

514 4671 644 4729 veni.
675 4668 914 4721 columba
941 4667 1074 4731 mea,
1117 4669 1172 4721 in
1209 4667 1552 4735 foraminibus
1596 4678 1789 4734 petrae,
1827 4669 1881 4718 in
1925 4682 2018 4716 ca-

511 4754 666 4792 verna
689 4739 952 4791 maceriaz.
990 4738 1216 4792 Ostende
1257 4737 1382 4789 mihi
1426 4737 1613 4804 faciem
1659 4747 1800 4788 tuam
1825 4775 1839 4794 ,
1868 4742 2018 4787 sonet

514 4824 612 4860 vox
649 4818 740 4859 tua
776 4808 832 4859 in
871 4808 1086 4860 auribus
1119 4808 1289 4871 meis;
1331 4822 1431 4859 vox
1468 4806 1605 4860 enim
1629 4817 1720 4860 tua
1749 4805 1941 4868 dulcis,
1968 4812 2018 4858 et

515 4881 678 4944 [acies
701 4884 796 4929 tua
827 4880 1035 4930 decora.

521 5032 643 5086 Vult
693 5031 926 5088 animam
981 5033 1260 5089 sensibilia
1303 5032 1634 5103 transgredi.
1685 5031 2012 5088 Sensibilem

443 5123 588 5180 enim
620 5125 878 5179 mundum
910 5126 1061 5194 quasi
1088 5126 1286 5180 moenia
1319 5135 1373 5179 et
1405 5126 1802 5181 munimentum
1833 5124 2011 5194 Oppidi

442 5225 622 5270 vocat.
652 5214 875 5285 Oportet
907 5217 1069 5287 igitur
1097 5216 1355 5280 animam,
1389 5215 1615 5270 rationis
1649 5215 1963 5284 participem
1993 5255 2010 5281 ,

442 5310 498 5362 in
548 5308 895 5377 foraminibus
943 5317 1147 5376 petrw,
1197 5323 1303 5362 non
1345 5309 1518 5363 solum
1571 5316 1732 5361 extra
1780 5304 2014 5360 civitatis

446 5403 667 5466 mtenia,
706 5401 797 5456 sed
829 5411 883 5456 et
918 5409 1071 5454 extra
1102 5400 1294 5453 vallum
1329 5399 1563 5464 versari,
1601 5410 1655 5452 ut
1683 5398 1764 5452 ori
1798 5397 2010 5452 detecto

449 5493 672 5562 propior
717 5491 879 5555 facta,
918 5490 1145 5560 gloriam
1178 5488 1391 5542 Domini
1427 5488 1760 5558 Speculetur,
1798 5498 2013 5558 parcat-

517 5731 563 5764 ⁸⁸
589 5727 721 5783 Luc.
759 5743 868 5793 xvt,
903 5725 988 5781 16.
1039 5725 1114 5797 _“
1143 5722 1342 5794 ILCor.
1381 5739 1439 5787 ιι,
1478 5720 1560 5776 15.

2117 1880 2217 1953 τὴν
2234 1879 2450 1953 νύμφην
2469 1881 2695 1952 πλησίον
2721 1880 2915 1934 ἐλθεῖν·
2953 1878 3386 1952 παραθαρρύνων
3412 1877 3557 1949 ἔργῳ
3591 1879 3699 1931 τῶν

2116 1974 2349 2028 δικτύων
2371 1975 2748 2046 καταφρονεῖν,
2759 1972 2834 2038 ὡς
2848 1972 2948 2044 ἤδη
2963 1969 3311 2044 σχισθέντων,
3329 1969 3526 2024 καὶτοῦ
3544 1969 3700 2040 χαλε-

2120 2065 2223 2120 ποῦ
2247 2065 2496 2120 διἀύτῶν
2509 2065 2955 2137 παραδραμόντος
2969 2062 3179 2135 καιροῦ,
3198 2061 3256 2116 ὃν
3267 2062 3506 2133 χειμῶνα
3526 2061 3697 2124 καλεῖ,

2119 2159 2368 2231 ἀνωφελῆ
2384 2160 2616 2233 φέροντα
2627 2159 2720 2212 καὶ
2733 2158 2956 2230 σφοδρὸν
2969 2157 3138 2212 ὑετόν·
3159 2155 3590 2228 προτρέπεταιδέ
3606 2156 3701 2209 καὶ

2118 2249 2208 2303 διὰ
2229 2250 2335 2304 τῶν
2375 2249 2555 2304 καλῶν
2588 2249 2682 2303 τοῦ
2719 2248 2982 2320 παρόντος
3010 2246 3225 2320 καιροῦ,
3264 2245 3397 2317 ἄνθη
3425 2245 3598 2314 λέγων
3623 2244 3699 2308 ὡς

2120 2343 2178 2396 ἐν
2194 2343 2314 2416 ἔαρι
2337 2343 2431 2398 καλ⁵
2456 2342 2749 2414 θεραπείαν
2781 2341 3060 2413 ἀμπέλων·
3098 2338 3356 2412 τρυγόνος
3382 2356 3439 2392 τε
3492 2336 3700 2408 φωνὴν,

2121 2438 2216 2491 καὶ
2246 2435 2416 2505 συκῆς
2442 2432 2715 2496 ὀλύνθους,
2754 2433 2846 2487 καὶ
2878 2429 3247 2502 κυπριζούσας
3273 2429 3547 2500 ἀμπέλους
3579 2429 3699 2482 δια-

2120 2530 2338 2602 γράφει·
2369 2527 2572 2582 καὶτὸν
2598 2525 2726 2580 ἔνθα
2757 2523 3221 2578 συναναπαύσεται
3245 2523 3426 2576 τόπον·
3457 2521 3586 2576 ἔνθα
3605 2539 3701 2591 γε·

2119 2619 2348 2692 νομένην
2387 2617 2635 2672 ἐϐούλετο
2685 2615 2854 2686 αὐτὴν
2890 2613 2995 2684 ὅλῳ
3047 2611 3322 2684 προσώπῳ
3363 2610 3442 2682 τῷ
3481 2612 3704 2682 νυμφίῳ

2121 2713 2373 2782 φανῆναι,
2436 2709 2531 2764 καὶ
2580 2709 2679 2778 τῆς
2730 2706 2914 2777 ήδείας
2972 2706 3107 2776 αὐτῇ
3160 2703 3416 2775 παρέχειν
3469 2701 3704 2756 ἀκοῦσαι

2124 2805 2327 2875 φωνῆς.

2133 2893 2542 2960 Ἀποκρίνεται
2565 2888 2925 2957 ἀδελφιδοῦς
2938 2906 3056 2958 μου
3082 2886 3192 2960 καὶΔ
3213 2885 3375 2956 λέγει
3383 2903 3504 2955 μοι·
3537 2888 3705 2960 Ἀνάιτ

2191 2957 2327 3025 στα,
2350 2962 2561 3028 essent
2586 2957 3002 3027 :tvlnolo-rpov,
3038 2957 3195 3028 καλή
3221 2975 3358 3027 μου,
3386 2957 3708 3028 περιστερά

2187 3051 2324 3104 μου·
2355 3033 2444 3085 ὅτι
2475 3027 2602 3085 ἰδοὺ
2668 3028 2884 3104 χειμὼν
2903 3027 3286 3104 ίῑαρῇξθεςνηό
3311 3027 3482 3104 bestii;
3507 3027 3710 3104 ἀπῆέ-

2045 3118 2087 3176 C
2187 3094 2296 3159 θεν
2310 3103 2406 3177 καὶ
2435 3094 2725 3177 ἐπορεύθῂ
2745 3099 2953 3177 ἑαυτῷ·
2975 3094 3209 3177 τὰᾶνθη
3227 3096 3390 3177 ὠφρη
3420 3098 3488 3150 έν
3507 3094 3703 3177 τῇλᾳῇ.

2193 3176 2394 3242 καιρὸς
2423 3168 2742 3242 τῆςίτομῇς
2772 3169 3009 3242 ἔφθακε·
3058 3168 3225 3242 φωνὴ
3273 3168 3710 3242 τῇς-τρυγόνος

2189 3237 2578 3311 rixari-done,»
2622 3237 2696 3311 τῇ
2733 3237 2817 3308 γῇ
2853 3237 3124 3311 agor-ﬁ
3173 3237 3340 3311 συκῇ
3377 3238 3710 3311 ἐξήνεγκεν

2191 3306 2488 3378 detur-00v};
2507 3306 2713 3379 αὺτῆξ·
2740 3306 2810 3363 αἱ
2841 3306 3093 3379 ἄμπελοι
3116 3306 3526 3377 κυπρίζουσιν,
3554 3309 3708 3362 ἔδω-

2193 3401 2308 3437 καν
2333 3386 2554 3453 ὀσμήν,
2580 3400 2632 3436 κ.
2651 3399 2702 3434 τ.
2727 3382 2774 3435 ἐ.

2203 3474 2482 3538 Ἀνάστα,
2501 3474 2685 3544 φησὶν,
2701 3473 2807 3526 ἀπὸ
2832 3471 2940 3525 τῶν
2965 3469 3237 3539 αἰσθητῶν
3265 3469 3401 3540 πρὸς
3429 3468 3496 3521 τὰ
3512 3470 3705 3538 νοητὰ,

2121 3569 2212 3623 ἵνα
2255 3569 2511 3638 συνῆμεν·
2557 3565 2619 3618 Ὃ
2652 3565 2823 3630 ὑετὸς
2853 3563 3146 3630 ἀπῆλθεν·
3185 3560 3411 3632 εἴπομεν
3447 3559 3512 3613 ἂν
3546 3561 3709 3614 ὑετὸν

2120 3660 2420 3730 γεγονέναι,
2454 3658 2544 3712 τὸν
2575 3657 2680 3729 πρὸ
2711 3657 2808 3728 τῆς
2847 3654 3168 3726 Ἐπιδημίας
3199 3653 3410 3724 καιρὸν,
3449 3650 3538 3705 τοῦ
3562 3652 3706 3704 Θεοῦ

2121 3751 2499 3822 ἐντειλαμένου
2523 3753 2644 3813 ταῖς
2665 3749 2913 3818 νεφέλαις
2933 3746 3046 3800 ῦειν
3078 3744 3166 3800 τὸν
3198 3745 3417 3816 νομικὸν
3443 3744 3535 3796 καὶ
3561 3760 3706 3814 προ-

2122 3844 2348 3914 φητικὸν
2376 3843 2552 3911 λόγον·
2577 3829 2888 3894 πεπαῦσθαι
2911 3839 2967 3891 δέ
2998 3835 3429 3905 τοῦτον,.ἐπειδὴ
3457 3837 3489 3887 ὀ
3515 3835 3707 3901 νόμος

2122 3936 2221 3989 καὶ
2257 3939 2310 3988 οἱ
2341 3933 2636 4003 προφῆται
2689 3931 2798 3998 ἕως
2857 3928 3148 3984 Ἰωάννου·
3198 3925 3297 3998 ἔαρ
3327 3925 3504 3979 δὲκαὶ
3544 3923 3708 3994 θέρος

2125 4028 2260 4100 μετὰ
2288 4027 2385 4100 τὴν
2421 4025 2606 4097 Ἐπιδη
2618 4025 2762 4096 μίαν·
2801 4024 2882 4076 ὅτι
2911 4022 3103 4093 μηκέτι
3135 4019 3304 4072 ύετῶν
3329 4017 3485 4090 χρεία
3513 4017 3602 4070 ὅτε
3639 4017 3707 4069 τὰ

2119 4123 2207 4176 διὰ
2231 4121 2462 4193 Χριστὸν
2493 4118 2627 4190 ἄνθη
2646 4115 2803 4186 ῶφθη
2840 4117 2896 4168 ἐν
2921 4117 2986 4184 τῇ
3014 4116 3104 4184 γῇ·
3143 4111 3238 4164 καὶ
3259 4109 3366 4163 ἀπὸ
3386 4109 3482 4179 τῆς
3514 4107 3706 4176 ἐπιδη-

2125 4215 2252 4287 μίας
2281 4213 2467 4280 αύτοῦ,
2506 4215 2540 4284 ἡ
2588 4210 2728 4280 συκῆ
2758 4210 2859 4262 ούκ
2899 4208 3224 4260 ἐκκόπτεται
3258 4203 3505 4274 ἄκαρπος
3537 4201 3596 4253 ἐν
3627 4198 3707 4270 τῷ

2122 4308 2369 4379 προτέρῳ
2407 4303 2671 4375 γενομένη
2701 4300 2898 4372 καιρῷ·
2936 4299 3074 4352 νυνί
3114 4297 3223 4368 γὰρ
3254 4296 3550 4359 ὀλύνθους
3605 4293 3706 4356 es-

2120 4400 2357 4468 ήνεγκε,
2397 4391 2907 4462 καίκυπρίζουσιν
2962 4393 3020 4443 αἱ
3045 4389 3316 4459 ἄμπελοι·
3367 4385 3447 4440 διό
3506 4401 3702 4454 φησιν,

2054 4493 2096 4548 D
2127 4491 2184 4545 ἓν
2233 4491 2342 4544 τῶν
2371 4488 2673 4560 ξκλημάτων
2703 4485 2959 4557 Χριστοῦ,
2987 4482 3222 4544 εὐωδία,
3247 4478 3436 4549 ἐσμὲν
3458 4476 3536 4542 τῷ
3554 4475 3701 4540 Θεῷ.

2139 4584 2410 4645 Ἀνάστα,
2439 4580 2599 4644 ἐλθὲ,
2635 4579 2956 4652 ήπληλσίογ
2998 4594 3138 4646 μου,
3167 4573 3322 4652 καλή
3349 4590 3488 4652 μου,
3534 4584 3701 4652 περη-

2195 4653 2378 4722 στερά
2392 4641 2529 4722 μου·
2564 4641 2670 4704 καί
2689 4641 2833 4722 ἐλθὲ
2845 4649 2946 4710 σὺ,
2976 4641 3528 4722 περιστεράμουηὲν
3558 4641 3703 4692 σκέ-

2197 4737 2279 4793 πῃ
2299 4713 2424 4791 ’τῆξι
2456 4721 2674 4794 πέτρας
2693 4791 2713 4794 __
2729 4720 2984 4788 ἐχόμενα
3037 4717 3164 4794 τοῦ·
3183 4713 3698 4794 προτειχίσματιξσ

2194 4786 2412 4858 δέῖξόώί
2416 4811 2518 4862 μοι
2541 4786 2656 4862 τὴν
2683 4786 2984 4862 ὀψινσο-υ,
3004 4791 3101 4841 καὶ
3125 4786 3462 4862 draconem?
3485 4786 3697 4862 μετῆν

2187 4848 2396 4934 ψωλήν
2416 4848 2567 4925 ’σου,
2591 4848 2678 4914 ὅτι
2701 4848 2741 4928 ἦ
2767 4859 2932 4930 φωνή
2964 4848 3080 4912 σου
3108 4854 3295 4924 ἡδεῖα,
3343 4853 3440 4908 καὶ
3477 4853 3513 4918 ἠ
3550 4848 3694 4916 ὄψις

2193 4953 2308 4988 σου
2338 4935 2542 5003 ὡραία.

2193 5025 2449 5080 Βούλεται
2473 5025 2572 5094 τὴν
2598 5020 2774 5092 ψυχὴν
2809 5017 3107 5090 ὑπερϐῆναι
3143 5014 3212 5068 τὰ
3233 5011 3482 5081 αἰσθητά·
3511 5008 3586 5070 ὡς
3604 5007 3700 5059 ἐπὶ

2120 5119 2327 5182 πόλεως
2368 5118 2425 5170 δέ
2479 5119 2656 5186 τεῖχος
2713 5113 2808 5167 καὶ
2851 5110 3231 5182 προτείχισμα,
3291 5106 3384 5159 τὸν
3441 5099 3699 5170 αἰσθητὸν

2119 5212 2321 5282 κόσμον
2348 5209 2519 5263 καλεῖ·
2541 5208 2622 5261 δεῖ
2647 5203 2739 5260 οὖν
2765 5205 2863 5276 τὴν
2889 5202 2966 5273 τῷ
2981 5201 3122 5271 λόγῳ
3140 5197 3498 5252 κοινωνοῦσαν
3519 5192 3699 5262 ψυχὴν

2118 5303 2189 5356 ἐν
2215 5301 2411 5368 σκέπῃ
2439 5299 2548 5367 τῆς
2580 5299 2821 5367 πέτρας,
2848 5297 2906 5348 ού
2943 5295 3101 5367 μόνον
3130 5291 3234 5357 ἔξω
3251 5289 3344 5344 τοῦ
3370 5288 3578 5359 τείχους
3595 5285 3700 5353 τῆς

2120 5393 2349 5457 πόλεως,
2379 5391 2514 5446 ἀλλὰ
2541 5393 2635 5445 καὶ
2672 5390 2767 5444 τοῦ
2808 5387 3258 5462 προτειχίσματος
3302 5380 3569 5451 γενέσθαι·
3621 5375 3700 5436 ὡς

2121 5484 2347 5539 πλησίον
2389 5484 2685 5556 γενομένην
2725 5479 3221 5551 ἀνακεκαλυμμένῳ
3271 5472 3542 5547 προσώπῳ
3593 5464 3702 5539 τὴν
