3888 6214
180 303 296 358 265

1295 287 1585 346 senem
1624 284 1691 341 1N
1735 280 2035 357 CANTICA
2076 278 2347 338 CANTIC.

3343 270 3447 325 266

180 420 340 483 δόξαν
371 421 466 475 τοῦ
492 421 696 492 Κυρίου
726 415 1200 489 κατοπτρίζεσθαι·
1234 411 1562 483 πειθομένην
1588 408 1663 481 τῷ
1685 409 1771 463 λέ-

1882 422 1980 477 que
2006 405 2203 461 dicenti
2247 421 2260 457 :
2294 398 2517 455 Ostende
2540 397 2666 450 mihi
2708 394 2893 465 faciem
2938 402 3103 448 tuam.
3130 390 3291 462 Cupit
3321 406 3451 447 vero

179 528 356 579 γοντι,
392 511 599 575 Δεῐξόν
639 528 741 579 μοι
786 508 901 576 τὴν
934 507 1077 576 ὄψιν
1099 516 1236 560 σου·
1274 503 1531 573 ἐπιθυμεῖ
1566 502 1621 554 δὲ
1677 500 1770 554 καὶ

178 603 575 675 δάλεγομενης
597 601 849 666 ἀκοῦσαι,
882 600 981 672 τὴν
1026 599 1209 670 φωνὴν
1230 598 1305 662 ώς
1344 598 1524 668 ἡδεῖαν
1554 596 1766 665 θαυμά-

183 698 312 762 ζων
342 698 704 770 προτείχισμα
739 696 796 749 δέ
833 698 1000 761 ἐστιν,
1028 697 1166 765 ὅπερ
1205 691 1433 754 Ἡσαΐας
1465 689 1768 761 περίτειχον

185 791 466 861 ὀνομάζει,
490 790 680 859 λέγων·
698 787 871 855 θήσει
890 787 1105 856 τεῖχος,
1122 785 1157 856 ἥ
1176 802 1242 837 πε
1252 783 1497 855 ρίτειχος·
1527 778 1770 851 βούλεται

184 885 368 938 τοίνυν
412 882 522 936 τῶν
572 880 896 952 σωματικῶν
929 877 1267 943 ἐξελθοῦσαν,
1302 876 1364 928 οὐ
1423 872 1580 945 μόνον
1608 873 1666 924 ὲν
1694 870 1772 941 τῷ

184 976 357 1046 τείχει
401 974 671 1043 γενέσθαι,
707 974 842 1043 ὅπερ
874 966 1012 1024 εἶναι
1037 969 1126 1023 τὸν
1162 967 1290 1040 περὶ
1315 964 1408 1020 τοῦ
1423 964 1645 1035 ’κόσμου
1679 962 1771 1015 λό-

184 1085 282 1135 γον
304 1066 533 1137 νομίζω,
557 1064 690 1119 ἀλλὰ
714 1066 806 1118 καὶ
826 1063 1061 1134 ἐχόμενα
1082 1059 1175 1114 τοῦ
1202 1058 1672 1131 προτειχίσματος·
1714 1053 1771 1117 ὃς

185 1159 345 1227 λόγος
390 1159 488 1230 μέν
527 1160 643 1212 ἐστι
666 1158 974 1219 τελευταῖος
1004 1153 1113 1208 τῶν
1152 1150 1500 1224 σωματικῶν,
1526 1149 1669 1221 ἀρχὴ
1712 1146 1772 1200 δὲ

185 1252 293 1304 τῶν
312 1252 649 1323 ἀσωμάτων.

184 1343 452 1397 Πιὰσατε
504 1342 649 1411 ἡμῖν
693 1343 1007 1406 ἀλώπεκας
1065 1338 1317 1411 μικροὺς
1378 1333 1773 1411 ἀφατζζοντας

220 1405 604 1481 ἀμπελιῦνᾶς,
632 1414 727 1466 καὶ
760 1415 817 1465 al
837 1405 1089 1480 ἄμπελοι
1129 1406 1297 1478 ἡμῶν
1328 1405 1733 1474 κυπρίζουονιν.

259 1506 450 1559 Ταῦτα
476 1508 587 1569 τοῖς
620 1505 792 1574 φίλοις
820 1506 848 1557 ὁ
882 1501 1275 1572 νυμφίος,”ἡτοι
1309 1498 1577 1569 ἀγγέλοις.
1621 1496 1771 1567 ἢάνο

186 1597 378 1670 δράσιν
419 1598 613 1666 ἁγίοις,
652 1598 764 1649 ὅσοι
793 1594 892 1664 τῆς
930 1594 1252 1665 Ἐκκλησίας
1273 1590 1597 1645 διδάσκαλοι·
1634 1587 1771 1659 ὑπὲρ

190 1690 467 1761 σωτηρίας
505 1689 561 1742 δὲ
588 1688 692 1742 τῶν
742 1686 1076 1759 ἀμπελώνων
1116 1687 1148 1756 ἡ
1186 1684 1486 1756 προτροπή·
1518 1682 1605 1735 ἵνα
1662 1679 1770 1732 τῶν

187 1749 515 1854 πανούργων
561 1749 1082 1851 συλλαμδανομένων
1110 1749 1409 1847 δυνάμεων,
1433 1749 1489 1828 αἳ
1523 1771 1763 1842 διαφθεί-
1795 1760 1836 1815 Β
1867 1754 2149 1854 ξθδξθξίιηξδ
2172 1794 2188 1818 ν
2258 1766 2377 1854 (illa?
2423 1749 2631 1854 ίξξηίιξδ

192 1895 381 1949 ρουσαι
414 1877 511 1947 τὴν
539 1876 711 1948 ἀρχὴν
728 1876 829 1946 τῆς
848 1873 1127 1943 ἐκφύσεως
1146 1870 1237 1924 τοῦ
1264 1868 1497 1941 καρποῦ,
1531 1865 1770 1936 δυνηθῶ-

189 1983 275 2020 σιν
296 1969 349 2019 αί
376 1966 607 2036 ἄμπελοι
631 1963 900 2039 προκόψαι
926 1963 1034 2017 ἀπὸ
1053 1960 1146 2015 τοῦ
1168 1958 1453 2030 κυπρίζειν
1492 1956 1651 2029 μέχρι
1670 1954 1771 2026 τῆς

187 2059 282 2113 τοῦ
315 2057 531 2131 καρποῦ
574 2055 919 2119 τελειώσεως,
963 2053 1068 2107 ὑπὸ
1108 2052 1202 2106 τοῦ
1253 2050 1386 2105 Θεοῦ
1425 2046 1775 2120 γεωργούμε-

189 2170 299 2204 ναι·
328 2151 416 2204 διὰ
438 2151 497 2203 δὲ
524 2151 585 2203 τὸ
608 2147 950 2215 αὐτεξούσιον
986 2144 1275 2214 δυνάμεναι
1304 2142 1523 2210 ἐνέγκαι
1565 2136 1773 2210 καρπόν

188 2261 249 2297 τε
422 2244 515 2315 μή·
553 2242 586 2313 ἢ
617 2243 759 2312 τάχα
792 2239 886 2293 καὶ
910 2238 1204 2309 ἄνθρωποι,
1230 2234 1507 2299 ἀλώπεκές
1537 2249 1680 2295 τινες
1708 2231 1774 2285 δι’

190 2335 501 2407 ἐτεροδόξου
525 2334 851 2405 δριμύτητος
884 2329 1262 2403 ἐμποδίζοντες
1299 2331 1411 2391 τοῖς
1445 2325 1771 2399 ἀρξαμένοις

189 2426 409 2500 τρέχειν
426 2424 621 2488 καλῶς·
648 2423 740 2487 οὒς
761 2422 839 2475 ἔτι
867 2421 1093 2493 μικροὺς
1113 2420 1271 2484 ὄντας
1309 2417 1551 2489 βούλεται
1581 2415 1775 2485 συλλη-

194 2518 399 2588 φθῆναι
417 2517 542 2588 πρὶν
566 2514 819 2569 ἐπιπλέον
834 2513 1087 2576 ἀσεϐείας
1109 2510 1444 2583 προκόψωσι·
1480 2509 1651 2579 μέγας
1665 2506 1772 2580 γάρ

194 2608 423 2680 ἀλώπηξ
453 2608 761 2677 γενόμενος,
786 2606 1014 2668 ἐκείνοις
1041 2604 1138 2675 μὲν
1167 2603 1459 2664 ἀνάλωτος,
1484 2600 1588 2653 ὑπὸ
1615 2599 1773 2670 μόνου

193 2701 252 2753 δὲ
284 2701 378 2753 τοῦ
399 2699 630 2771 νυμφίου
666 2697 972 2770 θηρεύεται·
1005 2696 1293 2767 ἀρχόμενοι
1322 2693 1430 2763 γὰρ
1456 2692 1693 2762 ἐνεργεῖν
1710 2691 1778 2744 τὰ

192 2792 436 2864 χείρονα,
484 2793 718 2855 καὶτοῖς
751 2790 923 2859 φίλοις
962 2789 1241 2843 εὐάλωτοι·
1294 2784 1440 2854 λέγει
1486 2784 1532 2837 δ’
1581 2783 1646 2838 ἂν
1685 2784 1778 2836 καὶ

196 2886 432 2959 μικροὺς
468 2885 593 2948 τούς
617 2882 963 2955 ἀμπελῶνας·
1010 2881 1070 2934 οὐ
1099 2879 1320 2934 δύναται
1364 2876 1472 2947 γὰρ
1502 2874 1644 2931 κατὰ
1669 2873 1777 2928 τῶν

197 2978 452 3049 μεγάλων
476 2976 720 3048 ἀλώπηξ.

1877 499 2039 554 etiam
2064 498 2366 566 loquentem
2389 506 2507 545 eam
2534 488 2739 553 audire,
2756 486 3079 542 suavitatem
3099 486 3247 541 vocis
3270 487 3441 538 mira-

1878 603 1983 647 tus.
2037 588 2249 643 Vallum
2282 595 2460 640 autem
2495 584 2633 638 idem
2674 590 2796 643 est,
2839 580 2981 649 quod
3012 577 3180 634 lsaias
3206 577 3449 631 exterius

1875 679 2264 733 munimentum
2288 671 2762 737 vocat",dicens:
2790 668 3083 725 Constituet
3112 684 3319 721 murum
3349 682 3448 723 seu

1877 767 2366 843 propugnaculum.
2422 764 2543 819 Vult
2600 762 2766 833 igitur
2811 775 2933 817 eam
2988 774 3018 815 e
3066 758 3446 829 corporalibus

1873 862 2202 925 exsolutam,
2231 875 2334 915 non
2372 869 2583 914 tantum
2615 870 2737 910 esse
2780 853 2921 909 intra
2961 854 3160 911 moenia
3188 895 3204 922 ,
3230 855 3282 910 id
3325 863 3448 921 est,

1874 965 1932 1010 ut
1960 954 2174 1025 Opinor,
2203 952 2256 1006 in
2290 950 2489 1005 mundo
2517 988 2531 1014 ,
2561 950 2654 1004 sed
2682 946 2847 1001 etiam
2890 948 2943 1000 in
2974 946 3108 1001 locis
3141 962 3447 1017 propugna-

1876 1046 1999 1101 culo
2041 1043 2352 1113 contiguis,
2400 1041 2542 1113 quod
2579 1042 2793 1111 quidem
2844 1040 3208 1109 corporalium
3264 1038 3450 1104 linem,

1880 1136 2296 1205 incorporalium
2327 1150 2454 1190 vero
2486 1134 2699 1189 initium
2724 1132 3012 1204 signiﬁcat.

1911 1317 2075 1373 Vens.
2132 1316 2218 1371 15.
2276 1314 2459 1383 Capite
2513 1313 2661 1367 nobis
2711 1311 2885 1377 vulpes
2939 1312 3190 1383 parvulas
3231 1350 3246 1374 ,
3297 1324 3414 1383 quae

1964 1388 2319 1441 demoliuntur
2354 1378 2537 1439 'vineas
2558 1398 2576 1447 ;
2611 1398 2731 1436 nam
2768 1384 2916 1437 vinea
2939 1390 3117 1435 nostra
3150 1378 3353 1450 ﬂoruit.

1948 1478 2073 1534 Haec
2121 1478 2314 1532 amicis
2364 1490 2594 1546 sponsus
2621 1514 2635 1539 ,
2665 1475 2779 1529 sive
2804 1472 3013 1542 angelis
3037 1511 3054 1538 ,
3085 1473 3201 1527 sive
3242 1473 3450 1529 sanctis

1876 1570 2233 1640 viris,quippe
2253 1566 2510 1622 Ecclesia:
2540 1564 2865 1620 doctoribus.
2886 1562 2967 1617 Ad
2991 1562 3271 1615 vinearum
3299 1561 3453 1616 salu-

1854 1673 1982 1723 ,tem
2014 1660 2322 1717 cohortatio
2351 1669 2464 1725 est;
2499 1671 2694 1727 nempe
2735 1666 2793 1711 ut
2819 1656 3058 1712 subdolis
3092 1656 3317 1710 remotis
3348 1670 3449 1725 po-

2686 1748 3099 1818 germinationis
3154 1747 3449 1817 primordia

1877 1842 2140 1906 inliciunt,
2173 1840 2382 1912 possint
2414 1840 2555 1894 vites
2582 1851 2611 1892 a
2642 1837 2777 1895 ﬂore
2826 1854 2999 1909 usque
3042 1843 3109 1893 ad
3151 1838 3444 1909 perfectam

1876 1935 2238 1992 maturitatem
2270 1934 2538 2003 prolicere
2563 1975 2579 2001 ,
2609 1932 2720 1989 Deo
2762 1933 3015 1998 colente;
3052 1932 3227 1988 libero
3266 1944 3450 1989 autem

1876 2033 2104 2088 arbitrio
2138 2032 2370 2087 fructum
2400 2031 2542 2086 l'erre
2568 2072 2583 2097 ,
2622 2030 2701 2085 vel
2739 2045 2845 2084 non
2871 2028 3017 2085 ferre
3048 2037 3295 2099 possunt.
3339 2025 3450 2081 Aut

1877 2125 2107 2181 fortasse
2137 2124 2558 2190 liomincs,sicut
2585 2122 2768 2192 vulpes
2785 2122 2852 2176 ob
2877 2122 3262 2176 beteroduxam
3289 2135 3443 2176 acer-

1877 2219 2098 2275 bitatem
2130 2218 2267 2273 bene
2322 2215 2584 2288 prolicere
2631 2216 3018 2284 incipientibus
3064 2214 3450 2283 impedimento

1877 2318 2022 2365 sunt.
2090 2306 2235 2374 Quos
2285 2306 2541 2376 quidem.
2595 2306 2772 2360 adhuc
2833 2319 3066 2374 parvos,
3128 2303 3239 2358 vult
3284 2304 3446 2371 capi,

1880 2401 2193 2469 priusquam
2244 2398 2295 2452 in
2330 2396 2586 2466 majorem
2624 2395 3041 2465 progrediantur
3083 2393 3442 2462 impietatem.

1876 2491 2102 2560 Quando
2142 2491 2285 2547 enim
2338 2491 2517 2545 adulta
2574 2496 2658 2543 est
2704 2489 2912 2558 vulpes,
2984 2487 3100 2541 istis
3156 2485 3353 2540 invicta
3415 2500 3447 2538 a

1877 2599 2076 2657 sponso
2095 2584 2210 2641 solo
2240 2584 2360 2654 capi
2387 2592 2581 2653 potest.
2616 2581 2941 2650 lncipientes
2965 2580 3111 2634 enim
3163 2576 3442 2633 deteriora

1877 2688 2093 2749 patrare
2130 2676 2382 2732 facillime
2408 2684 2629 2745 captant
2674 2672 2858 2728 amici.
2889 2670 3094 2725 Parvas
3125 2679 3308 2724 autem
3357 2668 3444 2722 vi-

1876 2785 2008 2827 neas
2045 2779 2235 2835 vocat;
2290 2767 2421 2823 nihil
2472 2770 2614 2823 enim
2662 2769 2924 2822 adversus
2970 2777 3193 2833 magnas
3258 2762 3447 2831 vulpes

1876 2858 2055 2917 valetf

206 3033 558 3137 ιΑδιελςριδός
759 3068 907 3138 ἐμοὶ,
957 3062 1117 3138 κάγὼ
1148 3061 1335 3138 αὐτῷ·
1450 3060 1774 3138 ποιμαίνων

1882 3038 2191 3138 “32.39.-
2212 3036 2953 3138 iﬁﬂi‘ff‘"335“:3'3'.‘
2975 3044 3174 3138 ,ι’,ξις
3190 3033 3449 3138 εέίθῖλῖξξ

264 3140 339 3193 ἐν
359 3140 485 3205 τοῖς
502 3140 743 3207 κρίνοις,
770 3140 880 3200 ἕως

269 3209 601 3277 κινηθῶσιν
623 3213 680 3263 al
705 3207 869 3261 σκιαί
876 3246 889 3258 .

270 3305 345 3356 Ἣ
376 3301 563 3372 νύμφη
590 3301 725 3371 πρὸς
758 3301 880 3362 τοὺς
917 3298 1167 3369 ἑταίρους
1195 3296 1287 3349 τοῦ
1333 3294 1563 3365 νυμφίου
1611 3295 1773 3365 φησὶν

195 3399 272 3461 ὡς
304 3394 558 3465 οὐδεμίαν
594 3392 786 3463 ἔχουσα
813 3390 947 3463 πρὸς
978 3392 1103 3455 τοὺς
1153 3388 1441 3451 ἀλώπεκας
1467 3387 1771 3458 μετουσίαν·

197 3486 561 3557 ἐκοινώνησαν
594 3484 703 3555 γὰρ
733 3486 887 3555 ἡμῖν,
925 3483 1118 3554 φησὶν,
1154 3482 1383 3551 αἵματος
1417 3480 1510 3533 καὶ
1551 3476 1773 3549 σαρκὸς,

199 3582 297 3632 καὶ
320 3579 481 3649 ἡμεῖς
502 3576 646 3647 αὐτῷ
670 3576 770 3645 τῆς
802 3574 1130 3645 ἀφθαρσίας.
1166 3574 1235 3625 Ἢ
1255 3572 1337 3625 ὅτι
1367 3572 1394 3623 ὁ
1423 3569 1554 3633 Θεὸς
1578 3572 1635 3623 ἐν
1668 3567 1773 3637 ψυ·

202 3673 272 3740 κῇ
302 3670 531 3737 γίνεται,
559 3669 651 3721 καὶ
687 3669 721 3738 ἡ
746 3666 891 3737 ψυχὴ
923 3668 1002 3728 είς
1038 3664 1170 3718 θεὸν
1221 3660 1603 3735 μετοικίζεται·
1633 3659 1776 3712 οὕτω

204 3761 299 3813 καὶ
327 3761 354 3812 ὁ
380 3758 610 3821 Παῦλος·
646 3758 715 3811 Τὸ
763 3756 933 3826 σῶμα
975 3758 1046 3809 οὐ
1074 3753 1149 3823 τῇ
1204 3754 1469 3821 πορνείᾳ,
1500 3749 1660 3805 ἀλλὰ
1696 3748 1777 3813 τῷ

203 3850 418 3916 Κυρίῳ,
446 3849 543 3903 καὶ
561 3850 820 3916 ὁΚύριος
844 3846 922 3910 τῷ
943 3845 1185 3914 σώματι·
1215 3843 1375 3913 σῶμα
1389 3842 1498 3913 γὰρ
1528 3843 1560 3912 ή
1588 3841 1773 3911 νύμφη

216 3942 513 4012 Ἐκκλησία
546 3939 799 4011 Χριστοῦ,
833 3939 892 3991 τὸ
926 3937 1189 4008 μηδαμῶς
1218 3939 1285 4007 τῇ
1322 3936 1566 4006 πορνείᾳ,
1598 3933 1683 3985 ἀεὶ
1720 3931 1777 3985 δὲ

203 4036 283 4106 τῷ
316 4032 523 4105 Κυρίῳ·
554 4033 651 4085 καὶ
694 4030 853 4093 αὐτὸς
877 4029 934 4082 δὲ
982 4030 1011 4081 ὁ
1041 4028 1251 4098 Σωτήρ·
1288 4025 1542 4081 Μείνατε
1561 4020 1778 4090 ὲνὲμοί

205 4124 365 4193 κάγὼ
391 4125 460 4177 ἐν
491 4122 650 4193 ὑμῖν·
680 4124 736 4175 ἐν
762 4120 817 4173 δὲ
850 4126 958 4184 τοῖς
990 4119 1115 4190 ἑξῆς
1149 4117 1411 4173 ἀνάπαλιν
1445 4115 1771 4186 γέγραπται·

218 4216 366 4285 Ἐγὼ
394 4215 473 4281 τῷ
499 4213 793 4282 ἀδελφιδῷ
810 4231 951 4282 μου,
968 4212 1066 4265 καὶ
1093 4214 1125 4265 ὁ
1151 4209 1467 4279 ἀδελφιδός
1480 4226 1597 4277 μου
1624 4206 1773 4276 ἐμοί.

208 4310 280 4361 Ἦ
309 4309 446 4377 τάχα
476 4306 564 4359 διὰ
608 4305 669 4358 τὸ
699 4305 796 4374 τὴν
824 4303 997 4375 ἀρχὴν
1036 4303 1134 4372 τῆς
1187 4300 1502 4371 εὐεργεσίας
1546 4299 1654 4353 ἀπὸ
1681 4296 1775 4351 τοῦ

206 4398 438 4469 νυμφίου
459 4395 730 4465 γενέσθαι·
757 4392 830 4463 μὴ
846 4391 1239 4463 ἐμφανίσαντος
1272 4389 1381 4459 γάρ
1405 4387 1592 4441 ἐαυτὸν
1613 4388 1775 4457 αὐτῇ,

916 3131 988 3190 οὗ
1010 3104 1346 3201 δίαπνεύὲῃ
1383 3133 1421 3199 ἡ
1451 3104 1657 3199 ἡμέρα,
1684 3129 1774 3183 καί

1951 3114 2191 3201 pascitur
2225 3104 2360 3163 inter
2384 3109 2522 3173 lilia,
2564 3109 2723 3161 donec
2747 3108 2938 3161 asoiret
2974 3106 3086 3160 dies
3112 3114 3162 3159 et
3190 3104 3449 3160 inclinen-

1952 3193 2041 3236 tur
2066 3182 2283 3235 umbrae.

1948 3276 2158 3344 Sponsa
2207 3272 2274 3327 ad
2321 3269 2501 3342 sponsi
2549 3267 2763 3325 sodales
2808 3268 2940 3323 dicit
2987 3268 3121 3323 nihil
3173 3268 3277 3323 sibi
3322 3281 3446 3323 cum

1876 3368 2125 3437 vulpibus
2155 3377 2462 3420 commune.
2496 3360 2565 3417 Iis
2598 3361 2741 3415 enim
2784 3376 2906 3415 cum
2935 3361 3091 3416 nobis
3135 3360 3278 3416 inest
3323 3374 3449 3415 san-

1878 3458 2056 3528 guinis
2088 3465 2141 3511 et
2166 3456 2371 3519 carnis,
2405 3453 2563 3509 nobis
2588 3466 2720 3507 vero
2754 3464 2875 3506 cum
2903 3450 2993 3505 illo
3025 3450 3449 3506 immortalitatis

1878 3548 2231 3604 consortium.
2260 3548 2367 3601 Aut
2389 3545 2513 3615 quia
2563 3543 2704 3597 Deus
2727 3550 2810 3598 est
2832 3532 2885 3597 in
2920 3543 3095 3598 anima
3119 3583 3135 3608 ,
3184 3552 3241 3597 et
3266 3544 3449 3598 anima

1878 3640 2073 3709 migrat
2102 3639 2154 3693 in
2191 3638 2381 3693 Deum.
2416 3636 2509 3691 Sic
2541 3645 2595 3691 et
2625 3635 2824 3689 Paulus
2853 3652 2866 3687 :
2904 3633 3101 3703 Corpus
3135 3651 3238 3688 non
3269 3634 3444 3703 forni—

1879 3731 2072 3785 cationi
2099 3773 2113 3797 ,
2142 3730 2232 3785 sed
2260 3728 2481 3783 Domino
2508 3767 2524 3793 ,
2555 3736 2605 3783 et
2630 3728 2886 3782 Dominus
2909 3729 3113 3796 corpori
3140 3729 3205 3781 ’⁷.
3241 3726 3450 3797 Corpus

1878 3825 2021 3877 enim
2064 3837 2261 3893 sponsa
2288 3822 2534 3877 Ecclesia
2567 3819 2793 3887 Christi,
2820 3821 3040 3875 minime
3078 3820 3451 3887 lornicationi.

1879 3927 2093 3982 semper
2134 3920 2314 3967 autem
2355 3911 2607 3966 Domino.
2640 3908 2706 3963 Et
2745 3908 2860 3976 ipse
2903 3906 3149 3962 Salvator
3188 3925 3202 3963 :
3238 3906 3449 3961 Moneta

1880 4004 1937 4058 in
1966 4019 2068 4067 me,
2101 4013 2149 4056 et
2176 4018 2268 4072 ego
2292 4003 2347 4055 in
2373 4002 2513 4056 vobis
2538 4000 2605 4055 ’⁸.
2629 3984 2685 4053 In
2720 3999 3066 4067 sequentibus
3090 4008 3281 4053 contra
3313 3999 3459 4053 scri-

1880 4098 2066 4152 bitur:
2101 4096 2213 4166 Ego
2255 4095 2444 4148 dilecto
2490 4110 2602 4148 meo
2646 4103 2693 4147 et
2746 4093 2967 4145 dilectus
3010 4108 3157 4146 meus
3199 4092 3328 4145 mihi
3358 4092 3404 4122 ¹⁹
3429 4102 3461 4159 ;‘

1881 4192 2021 4259 quod
2064 4188 2123 4243 lit
2172 4188 2326 4242 initio
2361 4186 2544 4255 sponsi
2590 4185 2966 4240 beneﬁcentia.
3012 4183 3259 4239 Nondum
3305 4184 3452 4240 enim

1880 4299 2063 4339 coram
2099 4297 2296 4352 sponsa
2348 4281 2688 4336 manifestato
2740 4295 2942 4348 sponso
2967 4320 2983 4344 ,
3020 4294 3125 4334 non
3176 4280 3288 4348 ipsa
3327 4292 3457 4333 cum

1881 4391 1947 4433 eo
1991 4386 2365 4432 conversatur.
2411 4374 2659 4428 Divinam
2716 4373 2862 4428 enim
2899 4371 3044 4426 illius
3088 4369 3450 4438 contemplata
3502 4412 3507 4419 .

205 4462 315 4541 οὐδ’
332 4462 481 4555 ,αὐτῆ
521 4484 599 4555 τῷ
624 4462 839 4554 νυμφίῴ
882 4462 1149 4534 ἀνέκειτο·
1181 4478 1241 4531 τὸ
1267 4477 1372 4549 γάρ
1402 4475 1580 4530 ἔνθεον
1610 4474 1774 4529 αὐτοῦ

1884 4468 2338 4539 pulchritudinem
2364 4507 2379 4533 ,
2412 4468 2477 4521 ad
2510 4466 2749 4521 salutare
2799 4463 3058 4534 philtrum
3091 4462 3459 4529 convertitur”

209 4578 403 4641 καλλος
434 4575 760 4645 θεασαμένη,
809 4572 901 4623 ἐπὶ
948 4571 1208 4641 σωτήριον
1259 4568 1483 4635 ἀφίκετο
1538 4566 1776 4636 φίλτρον,

214 4670 345 4743 μεθὸ
364 4667 681 4723 ἀνατεθεῖσα
718 4665 926 4718 ἐκείνου
958 4662 1035 4733 τῷ
1063 4661 1267 4724 κάλλει,
1300 4659 1466 4727 λέγει,
1489 4656 1651 4727 κάγὼ
1675 4660 1780 4711 αὐ-

209 4763 308 4828 τῷ·
359 4757 477 4814 εἶτα
509 4760 606 4830 τὴν
643 4758 792 4825 τάξιν
820 4754 1079 4810 ἀντέλαϐε
1113 4754 1242 4826 πρὶν
1269 4752 1365 4824 μὲν
1400 4750 1571 4805 ἐλθεῖν
1595 4751 1655 4803 τὸ
1689 4751 1780 4804 τέ-

210 4853 637 4929 λειοι-λέγουσα,
657 4849 770 4920 ἐγὼ
783 4848 860 4914 τῷ
879 4845 1179 4917 ἀδελφιδῷ
1186 4863 1324 4916 μου·
1347 4846 1473 4899 ὅταν
1492 4843 1546 4897 δὲ
1563 4843 1781 4906 τελείως

210 4944 592 5014 ἀποκαλυφθῇ.
625 4942 784 5013 μηδὲν
806 4939 1076 5011 καταλίπῃ
1108 4937 1503 5010 κεκρυμμένον,
1533 4934 1780 4987 αἰσθανο-

212 5038 346 5107 μένη
361 5034 519 5088 τοῦτο
538 5034 703 5101 λέγει·
722 5031 818 5086 καὶ
844 5030 1168 5100 ἀδελφιδός
1181 5046 1299 5099 μου
1314 5028 1463 5098 ἐμοί·
1483 5028 1693 5099 εἴρηται
1723 5024 1780 5078 δέ

206 5144 308 5181 που
329 5128 450 5188 ταῖς
466 5122 1004 5196 προφητείαις,αὐτὸς
1025 5120 1224 5191 Κύριος
1258 5121 1512 5189 ποιμανεῖ
1534 5119 1681 5189 ἡμᾶς
1707 5118 1784 5181 εἰς

202 5218 333 5279 τούς
353 5216 573 5280 αίῶνας,
590 5215 702 5269 ἀλλ’
723 5216 819 5286 οὐχ
840 5216 913 5278 ὡς
931 5214 1024 5269 νῦν
1041 5215 1097 5266 ἐν
1120 5212 1321 5284 κρίνοις
1348 5212 1492 5282 ἡμᾶς
1510 5210 1783 5280 ποιμαίνει

203 5312 315 5371 τοῖς
347 5309 406 5360 ἐν
432 5308 581 5378 μέσῳ
607 5305 871 5360 ἀκανθῶν·
897 5302 1184 5374 τοιγαροῦν
1207 5299 1392 5355 εἰπών·
1436 5298 1581 5370 Ἐγὼ
1606 5299 1785 5363 ἄνθος

208 5402 313 5455 τοῦ
333 5400 542 5455 πεδίου
561 5442 577 5465 ,
610 5400 814 5467 κρίνον
832 5396 949 5451 τῶν
967 5394 1279 5455 κοιλάδων,
1310 5394 1522 5461 ἐπάγει·
1559 5392 1637 5457 ὡς
1658 5390 1785 5457 κρί-

207 5512 318 5549 νον
343 5495 412 5547 ἐν
434 5494 602 5563 μέσῳ
622 5490 1115 5555 ἀκανθῶν-,οὕτως
1152 5489 1190 5556 ἡ
1223 5487 1489 5554 πλησίον
1515 5501 1631 5552 μου
1668 5481 1785 5536 ἀνὰ

204 5587 397 5656 μέσον
425 5574 555 5637 ’τῶν
581 5582 933 5653 θυγατέρων·
974 5582 1068 5635 καὶ
1095 5580 1252 5652 τήρει
1288 5579 1364 5641 ὡς
1395 5576 1488 5630 ἐπὶ
1519 5575 1617 5645 τῆς
1642 5574 1782 5645 νύμ-

1885 4560 2007 4615 dein
2041 4558 2156 4629 ejus
2185 4559 2323 4614 elata
2364 4557 2783 4627 pulchritudine,
2821 4555 2971 4619 dicit,
3002 4563 3050 4608 et
3078 4570 3169 4623 ego
3192 4554 3291 4607 illi.
3318 4552 3451 4609 Dein

1883 4654 2127 4710 ordinem
2174 4653 2393 4707 invertit
2439 4659 2729 4718 antequam
2773 4646 2960 4702 veniat
3007 4644 3450 4711 consummatio,

1885 4745 2092 4809 dicens,
2118 4758 2210 4813 ego
2254 4742 2447 4796 dilecto
2498 4756 2656 4805 meo;
2683 4754 2804 4794 cum
2831 4746 3011 4792 autem
3043 4735 3278 4806 perfecte
3303 4738 3454 4791 dete-

1884 4839 2049 4903 gitur,
2084 4834 2323 4903 nihilque
2356 4833 2732 4889 absconditum
2767 4830 3017 4886 relictum
3048 4867 3064 4894 ,
3102 4828 3233 4883 illud
3282 4830 3445 4882 anim-

1886 4930 2173 4984 advertens
2201 4926 2332 4981 dicit
2368 4942 2382 4979 :
2413 4935 2463 4978 et
2491 4924 2711 4977 dilectus
2733 4938 2876 4976 meus
2901 4921 3049 4975 mihi.
3070 4919 3302 4988 {Dicitur
3328 4920 3453 4990 qui-

1885 5021 2007 5076 dem
2044 5021 2096 5073 in
2142 5016 2534 5088 prophetiis",
2585 5016 2732 5084 quod
2781 5017 2896 5084 ipse
2952 5014 3211 5069 Dominus
3266 5022 3451 5083 pascet

1887 5126 1986 5166 nos
2021 5111 2074 5164 in
2117 5108 2334 5172 saecula,
2365 5106 2459 5161 sed
2490 5120 2592 5159 non
2635 5109 2875 5175 ut;nunc
2927 5105 3068 5159 inter
3118 5103 3227 5157 lilia
3280 5102 3449 5171 pascit

1889 5218 1987 5257 nos
2010 5242 2024 5266 ,
2058 5200 2112 5254 in
2143 5200 2318 5254 medio
2347 5199 2645 5268 spinarum.
2679 5196 2812 5250 Cum
2850 5196 2993 5249 enim
3019 5194 3184 5255 dicit,
3214 5192 3326 5262 Ego
3353 5193 3459 5263 [los

1888 5292 2078 5361 campi,
2115 5290 2287 5344 lilium
2329 5287 2677 5353 convallium,
2714 5287 2863 5342 addit
2893 5307 2904 5341 :
2940 5286 3072 5341 sicut
3120 5286 3288 5339 lilium
3319 5288 3461 5339 inter

1885 5384 2082 5452 spinas,
2108 5382 2184 5435 sic
2223 5383 2392 5435 amica
2419 5396 2534 5434 mea
2557 5380 2693 5433 inter
2723 5378 2882 5447 ﬁlias.
2912 5380 3293 5433 Animadverte
3311 5378 3457 5447 quod

1889 5492 1993 5531 non
2029 5476 2097 5530 de
2145 5490 2339 5543 sponsa
2394 5476 2572 5540 dixit;
2624 5472 2748 5527 ideo
2795 5472 3017 5541 subjicit
3047 5487 3150 5527 non
3202 5471 3253 5525 in
3285 5469 3455 5540 spinis

1888 5570 2202 5633 collocatos,
2231 5581 2365 5636 quos
2388 5567 2643 5637 pascitur.

211 5699 316 5752 φης
342 5683 443 5736 οὐκ
467 5678 666 5743 ἔλεξεν·
690 5678 769 5731 διὸ
797 5679 886 5731 καὶ
905 5675 1298 5749 παραγέγονεν,
1331 5675 1411 5737 είς
1432 5671 1493 5725 τὸ
1530 5670 1787 5733 ἀκάνθαις
1828 5666 1902 5741 μὴ
1934 5664 2250 5738 ἐμπαγῆναι
2277 5662 2346 5717 τά
2378 5664 2789 5735 ποιμαινόμενα.

302 5782 344 5812 ³⁸
373 5778 478 5836 15a.
510 5793 662 5847 xxvt,
694 5778 744 5830 l.

533 5874 806 5933 PATnOL.
837 5872 958 5934 Gtt.
984 5872 1185 5937 XV“.

846 5777 890 5807 "
929 5775 1099 5831 lCor.
1132 5791 1209 5843 vt,
1249 5775 1332 5831 l3.
1408 5773 1453 5851 33
1479 5770 1631 5830 Juan.
1663 5786 1756 5838 xv,

1921 5766 1963 5800 ²⁹
1993 5765 2150 5821 Cant.
2187 5779 2257 5832 vr,
2288 5764 2342 5817 2.
2422 5763 2466 5795 ³ο
2498 5760 2620 5818 Ose.
2652 5779 2741 5817 xw
2801 5760 2887 5814 l0.

2150 5851 2177 5886 ⁹
3146 5850 3185 5911 9
