3888 6214
450 312 553 373 267

1331 304 1890 367 SUPPLEMENTUM
1922 313 2011 367 AD
2044 309 2366 368 ORIGENIS
2399 309 2809 369 EXEGETICA.

3588 319 3696 373 268

456 434 614 488 Vens.
653 434 738 488 17.
768 433 944 487 Donec
980 434 1172 503 aspiret
1205 433 1313 487 dies
1359 444 1405 487 et
1450 433 1765 488 inclinentur
1795 434 2014 489 umbrw.

2133 434 2269 498 Ἐως
2306 429 2377 489 οὗ
2411 433 2743 503 διαπνεύση
2786 437 2824 501 ἡ
2864 432 3054 504 ἡμέρα
3090 434 3191 488 καὶ
3221 437 3598 505 παρέλθωσιν
3638 440 3701 493 αι

519 620 856 689 Quapropter
887 617 1153 688 gloriatur
1197 619 1425 690 mystice
1475 618 1657 673 dicere
1709 619 1761 672 in
1806 617 2014 674 Jacob:

453 715 630 773 factus
662 726 810 765 eram
844 710 949 765 diei
978 720 1111 765 aestu
1145 711 1478 769 combustus.
1513 708 1648 764 Nam
1681 710 1731 764 in
1766 712 2017 781 praesenti

452 806 574 859 vita:
605 812 736 857 testu
768 801 1068 869 collocatis,
1104 800 1257 855 nobis
1284 816 1419 871 opus
1449 810 1532 857 est
1559 811 1813 872 pascente
1834 844 1849 868 ,
1887 818 2019 872 pro-

450 903 570 962 pter
610 891 938 946 meridianos
972 892 1266 946 daemones.
1320 890 1459 946 Dicit
1494 893 1637 946 enim
1664 892 1729 947 ad
1760 892 1965 961 justum
2001 909 2014 945 :

452 985 579 1040 Non
608 985 809 1040 timebis
845 1001 875 1038 a
902 985 1135 1038 dwmone
1168 984 1479 1038 meridiano.
1506 984 1671 1051 Quasi
1705 1001 1832 1039 vero
1868 984 2017 1039 dice-

450 1088 554 1145 ret,
586 1079 664 1133 sol
694 1094 795 1133 non
844 1088 955 1131 uret
991 1088 1059 1131 te.
1105 1078 1239 1131 Cum
1280 1077 1500 1145 quidem
1544 1077 1887 1132 inﬁrmitates
1920 1093 2016 1132 no-

450 1183 593 1229 stras
631 1172 810 1227 ferens
856 1183 912 1227 et
965 1181 1184 1242 propter
1218 1188 1315 1228 nos
1364 1173 1572 1241 patiens
1605 1170 1777 1225 factus
1806 1171 1877 1224 sit
1920 1184 2019 1239 pro

452 1266 609 1321 nobis
637 1275 774 1321 testu
801 1268 1146 1331 combustus,
1174 1274 1233 1320 ut
1266 1280 1367 1321 nos
1404 1266 1470 1318 ab
1502 1264 1569 1318 iis
1592 1263 1867 1327 liberaret,
1906 1263 2015 1315 sic-

449 1366 567 1409 uta
599 1355 730 1424 legis
761 1355 993 1423 piaculo,
1028 1354 1208 1411 lactus
1246 1371 1344 1425 pro
1384 1355 1539 1411 nobis
1589 1353 1877 1424 piaculum.
1917 1352 2018 1407 Pa-

450 1448 620 1509 scitur
655 1463 785 1504 vero
813 1459 868 1504 et
910 1450 1052 1505 inter
1082 1449 1226 1513 lilia,
1253 1459 1300 1503 et
1340 1450 1503 1503 donec
1545 1447 1864 1501 inclinentur
1898 1461 2014 1498 um-

450 1544 556 1596 brae
588 1541 713 1596 vita:
748 1564 759 1597 :
800 1542 1091 1597 secundum
1128 1541 1258 1597 illud
1280 1582 1295 1607 ,
1354 1542 1490 1596 sicut
1522 1540 1707 1594 umbra
1746 1544 2017 1592 transeunt

447 1630 558 1682 dies
588 1626 771 1683 noslri.
796 1628 1000 1685 Forsan
1030 1640 1084 1685 et
1122 1639 1248 1685 ante
1276 1630 1391 1702 ejus
1440 1628 1889 1695 incarnationem,
1920 1641 2017 1697 per

447 1722 618 1791 legem
655 1734 710 1776 et
756 1724 1078 1793 prophetas,
1110 1724 1247 1778 inter
1292 1724 1404 1778 lilia
1455 1724 1784 1793 pascebatur
1832 1724 2009 1778 adhuc

2794 507 2980 558 σκιαί.

2189 617 2278 672 Διὸ
2301 621 2395 672 καὶ
2424 620 2578 689 αὐχεῖ
2601 619 2875 690 μυστικῶς
2899 619 3076 689 λέγειν
3098 623 3155 675 ἐν
3180 622 3371 676 Ἰακὼϐ
3388 624 3449 677 τό
3471 642 3487 659 ·
3516 624 3700 694 ἐγενό-

2122 728 2227 782 μην
2256 712 2352 782 τῆς
2376 712 2585 783 ἡμέρας
2610 714 2999 784 συγκαιόμενος
3024 714 3101 784 τῷ
3130 714 3387 783 καύματι·
3419 718 3477 769 ἐν
3507 716 3584 786 τῷ
3601 697 3712 771 τοῦ,

2119 805 2381 875 παρόντος
2397 804 2505 876 γὰρ
2537 798 2652 875 βίου
2677 805 2916 876 καύματι
2933 806 3162 877 δεόμεθα
3186 807 3279 860 τοῦ
3297 808 3698 879 ποιμαίνοντος,

2116 892 2203 945 διὰ
2228 894 2295 946 τὰ
2332 894 2680 965 μεσημϐρινὰ
2711 895 2978 965 δαιμόνια·
3022 897 3167 965 λέγει
3197 898 3303 969 γᾶρ
3328 898 3462 969 πρὸς
3487 900 3575 952 τὸν
3608 902 3702 953 ei»

2118 986 2302 1056 πειθῆ·
2318 989 2389 1040 οὐ
2401 987 2801 1055 φοϐηθήσεται
2818 989 2935 1043 ἀπὸ
2952 988 3260 1059 δαιμονίου
3268 992 3695 1060 μεσημϐρινοῦ·

2118 1079 2296 1131 ὁποῖον
2323 1079 2416 1132 καὶ
2444 1079 2523 1142 τὸ,
2555 1082 2609 1131 ’0
2641 1080 2813 1148 ἣλιος
2831 1084 2902 1135 οὐ
2934 1084 3269 1152 συγκαύσει
3302 1100 3394 1135 σε·
3423 1084 3648 1154 ἐπείπερ
3669 1086 3701 1140 ὁ

2118 1170 2215 1234 τὰς
2236 1170 2514 1234 ἀσθενείας
2544 1174 2574 1242 ἡ
2586 1172 2701 1242 μῶν
2738 1173 2917 1244 φέρων
2944 1175 3037 1228 καὶ
3067 1176 3194 1246 περὶ
3222 1175 3377 1245 ἡμῶν
3416 1175 3698 1246 ὀδυνηθεὶς

2118 1261 2328 1329 ἐγένετο
2348 1262 2486 1333 ὑπὲρ
2507 1263 2664 1332 ἡμῶν
2688 1264 3076 1334 συγκαιόμενος
3100 1265 3178 1335 τῷ
3202 1266 3460 1337 καύματι·
3496 1269 3581 1319 ἵνα
3612 1268 3700 1333 ἐξ-

2117 1353 2362 1424 αγοράσῃ
2394 1355 2538 1423 ἡμᾶς
2590 1354 2683 1406 ἀπ’
2714 1346 2915 1409 αύτῶν·
2948 1357 3023 1420 ὥς
3072 1356 3165 1409 καὶ
3193 1358 3299 1410 ἀπὸ
3328 1360 3425 1428 τῆς
3452 1360 3699 1429 κατάρας

2117 1442 2209 1496 τοῦ
2256 1444 2441 1514 νόμου,
2471 1445 2757 1514 γενόμενος
2786 1447 2922 1517 ὑπὲρ
2948 1446 2979 1518 ἡ
2991 1446 3106 1517 μῶν
3158 1449 3389 1519 κατάρα·
3420 1450 3697 1521 ποιμαίνει

2116 1535 2173 1587 δὲ
2201 1537 2293 1588 καὶ
2325 1538 2381 1588 ἐν
2431 1536 2656 1605 κρίνοις,
2704 1536 2801 1592 καὶ
2824 1536 2998 1606 μέχρι
3028 1538 3405 1608 παρέλθωσιν
3437 1544 3494 1595 αἱ
3528 1541 3695 1594 σκιαὶ

2118 1625 2212 1679 τοῦ
2245 1626 2381 1697 βίου·
2418 1626 2557 1680 κατὰ
2589 1627 2671 1690 τὸ,
2723 1628 2803 1694 ὠς
2850 1630 3013 1683 σκιαὶ
3062 1628 3271 1698 ἡμέραι
3321 1631 3489 1700 ἡμῶν
3513 1633 3698 1701 παρά-

2119 1731 2352 1787 γουσιν·
2381 1718 2509 1781 ἴσως
2535 1716 2592 1770 δὲ
2641 1717 2736 1771 καὶΙ
2774 1717 2880 1789 πρὸ
2906 1718 3006 1788 τῆς
3046 1719 3337 1791 ἐπιδημίας
3370 1720 3555 1787 αὐτοῦ,
3606 1720 3696 1774 διὰ

448 1814 699 1868 saeviente
730 1823 883 1869 :estu.
931 1814 1063 1871 Post
1090 1829 1219 1870 vero
1276 1814 1727 1877 incarnationem,
1760 1815 2000 1883 pascitur

2133 1808 2276 1878 νόμου
2313 1808 2407 1860 καὶ
2444 1807 2759 1879 προφητῶν,
2796 1810 2853 1861 ἐν
2895 1809 3103 1879 κρίνοις
3134 1810 3427 1881 ἐποίμανεν
3453 1812 3531 1865 ἐτι
3566 1830 3697 1866 καυ-

446 1904 663 1970 quidem
690 1946 705 1971 ,
752 1906 847 1959 sed
876 1920 982 1961 non
1024 1906 1167 1961 inter
1195 1905 1329 1981 lilia.
1362 1904 1604 1975 Namque
1632 1906 1774 1961 sicut
1804 1904 2011 1959 diluce-

446 2002 633 2048 scente
668 1994 756 2048 die
786 1995 981 2049 dicitur
1018 2036 1034 2062 ,
1064 1994 1270 2063 dilecti,
1305 1996 1615 2066 cognoscite
1643 1994 1789 2065 quod
1815 2009 2011 2065 supre-

445 2099 530 2139 ma
560 2086 690 2141 hora
718 2096 820 2141 est.

444 2198 717 2254 Revertere
734 2218 755 2266 ;
784 2200 970 2255 similis
998 2211 1105 2255 esto
1131 2243 1146 2268 ,
1174 2203 1362 2257 dilecte
1391 2204 1485 2269 mi,
1513 2220 1739 2273 capreae,
1774 2205 2011 2260 hinnuleo

700 2288 798 2341 que
835 2288 1103 2325 cervorum
1126 2290 1280 2344 super
1316 2284 1512 2327 montes
1537 2272 1747 2330 Bether.

514 2452 704 2509 Priora
737 2453 805 2507 ad
834 2452 1265 2509 adolescentulas
1300 2453 1431 2508 dicit
1459 2467 1653 2522 sponsa
1681 2494 1696 2519 ,
1734 2452 1850 2509 haec
1879 2468 2010 2511 vero

445 2558 589 2599 nunc
611 2546 676 2598 ad
704 2558 981 2613 sponsum.
1025 2543 1094 2599 Ut
1144 2544 1403 2614 praesenti
1439 2545 1669 2615 tempori
1716 2560 2009 2616 congruam

444 2647 662 2708 caperet
694 2637 1106 2693 similitudinem
1150 2653 1272 2691 cum
1336 2652 1531 2707 caprea
1557 2678 1571 2701 ,
1624 2647 1844 2707 propter
1876 2653 1999 2706 per-

443 2728 838 2797 spicacitatem,
859 2737 913 2781 et
938 2742 1059 2782 cum
1090 2724 1318 2781 hinnulo
1346 2735 1886 2797 cervorutn,propter
1913 2726 2011 2781 de-

444 2819 604 2874 letam
640 2818 974 2887 serpentium
1023 2817 1358 2886 progeniem.
1410 2815 1535 2871 Haec
1560 2832 1690 2871 vero
1720 2816 1925 2871 faciens
1956 2817 2009 2871 in

444 2911 722 2965 montibus
763 2908 1085 2964 convallium
1112 2948 1127 2974 ,
1177 2919 1469 2975 revertere,
1510 2910 1705 2979 inquit,
1744 2909 1948 2964 scilicet
1981 2925 2009 2962 a

444 3002 615 3069 forma
647 3001 762 3057 Dei.
802 3002 870 3056 Et
897 3003 1064 3056 sumit
1094 3001 1186 3056 illa
1233 3011 1450 3071 propter
1482 3016 1725 3056 amorem
1764 3016 1889 3070 erga
1926 3015 2011 3056 me

442 3109 566 3150 cum
622 3095 933 3151 hominibus
985 3105 1410 3161 commoratus;
1470 3109 1702 3164 quorum
1764 3094 2010 3165 plerique

442 3198 663 3259 propter
687 3188 1091 3258 improbitatem
1118 3188 1169 3241 in
1202 3186 1535 3241 convallibus
1563 3187 1769 3239 vivunt.
1801 3186 2011 3241 Montes

443 3287 627 3331 autem
658 3276 982 3332 convallium
1012 3317 1026 3342 ,
1054 3286 1181 3333 sunt
1213 3276 1343 3346 justi
1371 3277 1463 3345 qui
1502 3276 1718 3345 iniquos
1742 3276 2006 3330 dominati

442 3378 587 3423 sunt.
621 3367 735 3424 Hoc
761 3369 1006 3434 verbum,
1035 3378 1307 3435 revertere,
1335 3369 1781 3438 contemplativos
1803 3385 2011 3439 capreae

2122 1916 2291 1962 σωνος
2333 1898 2503 1962 ὄντος·
2551 1898 2687 1967 μετὰ
2716 1901 2772 1953 δέ
2803 1900 2901 1972 τὴν
2929 1901 3240 1972 ἐπιδημίαν,
3275 1905 3550 1975 ποιμαίνει
3575 1905 3693 1975 μὲν,

2119 1992 2230 2045 ἀλλ’
2257 1992 2355 2044 οὐκ
2382 1994 2438 2046 ἐν
2460 1992 2682 2063 κρίνοις·
2714 1992 2789 2055 ὡς
2811 1993 2919 2064 γάρ
2950 1993 3049 2063 τῆς
3066 1995 3279 2066 ἡμέρας
3299 1996 3696 2068 διαπνευσάσης

2119 2084 2331 2156 εἴρηται
2351 2083 2735 2155 τὸ,άγαπητοὶ,
2753 2086 3050 2153 γινώσκετε
3070 2086 3151 2138 ὃτι
3174 2087 3371 2158 ἐσχάτη
3394 2087 3509 2158 ὥρα
3525 2088 3693 2142 ἐστίν.

2128 2203 2552 2269 Ἀπόστρεψον,
2611 2201 2921 2271 όμοιὼθητι
2964 2200 3065 2264 σὺ,
3110 2200 3393 2269 ἀδελφιδέ
3430 2220 3571 2271 μου,
3612 2201 3698 2269 τῷ

2512 2271 2698 2339 νεϐρῷ
2730 2270 2970 2339 ἐλάφων
2991 2271 3091 2324 ἐπὶ
3114 2272 3187 2325 τὰ
3209 2272 3314 2340 ὄρη
3345 2270 3461 2325 τῶν
3488 2278 3699 2327 κοιλω-

2266 2359 2403 2395 των.

2185 2453 2266 2506 Τὰ
2298 2454 2535 2524 πρότερα
2550 2453 2685 2525 πρὸς
2717 2454 2812 2517 τὰς
2842 2454 3085 2518 νεανίδας
3115 2450 3264 2507 εἶπεν
3305 2456 3337 2525 ἡ
3371 2453 3577 2524 νύμφη,
3624 2454 3699 2506 τά

2112 2545 2168 2598 δὲ
2199 2544 2294 2597 νῦν
2330 2544 2466 2614 πρὸς
2516 2544 2606 2597 τὸν
2658 2546 2906 2614 νυμφίον·
2951 2545 3091 2597 ὥστε
3138 2544 3214 2615 τῷ
3248 2545 3471 2616 παρόντι
3516 2544 3697 2616 καιρῷ

2112 2636 2488 2707 ἁρμόττουσαν
2518 2635 2802 2689 ἀναλαϐεῖν
2835 2636 3125 2707 ὁμοιότητα
3154 2637 3288 2707 πρὸς
3325 2636 3423 2706 μὲν
3454 2636 3544 2689 τὸν
3572 2636 3698 2706 δόρ-

2114 2746 2280 2793 κωνα,
2321 2728 2408 2782 διὰ
2436 2728 2496 2781 τὸ
2527 2727 2851 2799 διορατικόν·
2889 2729 3025 2798 πρὸς
3047 2728 3102 2780 δὲ
3136 2728 3323 2800 νεϐρὸν
3358 2728 3592 2796 ἐλάφων,
3623 2728 3698 2780 δι’

2112 2820 2433 2890 άφανισμῶν
2457 2819 2549 2872 τοῦ
2574 2820 2683 2872 τῶν
2710 2819 2883 2889 ὄφεων
2912 2821 3123 2889 γένους·
3153 2820 3325 2872 ταῦτα
3350 2819 3405 2872 δὲ
3435 2818 3602 2872 ποιῶν
3634 2820 3698 2873 ἐν

2111 2913 2223 2974 τοῖς
2271 2910 2421 2980 ὄρεσι
2454 2909 2561 2962 τῶν
2610 2909 2982 2979 κοιλωμάτων,
3020 2910 3407 2977 ἁπόστρεψον
3437 2908 3695 2976 λέγουσα,

2112 3002 2176 3053 ἐκ
2205 3000 2298 3054 τοῦ
2328 3003 2385 3054 ἐν
2414 3003 2594 3071 μορφῇ
2631 3001 2895 3072 ὑπάρχειν
2941 3001 3097 3054 Θεοῦ·
3131 3001 3224 3054 καὶ
3253 3000 3488 3054 ἀνάλαϐε
3519 3000 3698 3053 ταῦτα

2110 3092 2199 3145 διὰ
2231 3092 2328 3163 τὴν
2364 3093 2584 3163 ἀγάπην
2637 3092 2735 3164 τὴν
2779 3093 2917 3163 πρὸς
2949 3094 3048 3165 ἐμὲ
3078 3097 3191 3157 τοῖς
3232 3092 3535 3165 ἀνθρώποις
3570 3095 3697 3145 ἐπι-

2109 3182 2173 3255 δη
2185 3184 2318 3254 μῶν·
2352 3178 2426 3237 ὧν
2454 3186 2503 3235 οἱ
2542 3184 2760 3247 πλείους
2790 3183 2877 3237 διὰ
2908 3186 3006 3254 τὴν
3061 3184 3257 3237 κακίαν
3286 3186 3342 3236 ἐν
3388 3182 3696 3253 κοιλώμασι

2111 3273 2498 3346 διατρίϐουσιν·
2556 3275 2656 3348 ὅρη
2703 3274 2759 3328 δὲ
2818 3277 3192 3347 κοιλωμάτων,
3252 3276 3301 3327 οἱ
3358 3276 3464 3329 τῶν
3505 3276 3697 3330 κακῶν

2114 3367 2536 3437 ὑπερανέχονται
2559 3366 2771 3419 δίκαιοι·
2793 3367 3142 3439 ἀποστρέψας
3164 3368 3219 3420 δὲ
3241 3372 3268 3421 ὁ
3294 3369 3449 3435 λόγος
3479 3367 3696 3439 ὁμοιοῦ-

442 3458 740 3524 assimilat,
774 3458 1103 3527 hinnuloque
1130 3472 1418 3513 cervorum
1464 3459 1732 3527 practicos
1765 3475 1865 3514 nec
1901 3476 2005 3514 non

2133 3476 2221 3522 rat,
2257 3461 2313 3511 ὲν
2350 3459 2447 3528 μὲν
2478 3461 2588 3522 τοῖς
2621 3460 2995 3530 ἀνακειμένοις
3013 3463 3077 3531 τῇ
3106 3460 3325 3531 θεωρίᾳ,
3346 3460 3596 3531 δόρκωνι·
3634 3462 3695 3514 ἐν

441 3548 793 3603 adversarum
824 3548 1185 3617 potentiarum
1228 3563 1532 3604 eversores.
1590 3549 1723 3605 Illud
1768 3566 2005 3620 quoque,

440 3636 527 3691 vel
577 3637 840 3703 binnulo,
902 3638 1043 3693 male
1093 3639 1458 3693 discernentia
1501 3648 1607 3695 est.
1665 3639 2007 3696 Theodotion

440 3729 639 3799 quippe
673 3732 839 3797 dicit,
884 3747 1046 3802 super
1095 3743 1298 3786 montes
1347 3734 1609 3799 odorum,
1659 3734 2009 3790 nihilominus

439 3832 656 3879 sanctos
683 3823 1021 3895 signiﬁcans.

1038 3936 1263 3996 CAPUT
1314 3936 1401 3995 III.

438 4034 741 4088 VensJ-d.
768 4032 834 4086 In
876 4030 1063 4087 lectulo
1111 4048 1225 4086 meo
1272 4048 1364 4098 per
1388 4041 1560 4085 noctes
1595 4031 1812 4101 qutesivi
1836 4047 2007 4101 quem

509 4104 684 4174 diligit
716 4104 895 4156 anima
926 4118 1083 4167 mea;
1135 4103 1349 4174 quwsivi
1391 4103 1541 4174 illum
1564 4112 1632 4174 Διιι
1672 4118 1775 4155 non
1796 4102 2005 4169 inveni;

507 4170 683 4228 vocavi
720 4174 870 4226 illum
886 4182 1055 4227 etnon
1083 4170 1345 4236 respondit
1379 4173 1530 4224 mihi.
1552 4170 1780 4239 Surgam
1815 4183 1862 4226 et
1905 4176 2008 4226 cir-

507 4245 657 4297 cuibo
691 4244 952 4297 civitatem
973 4259 990 4307 ;
1013 4259 1105 4312 per
1132 4244 1265 4296 vicos
1292 4252 1340 4295 et
1371 4242 1570 4311 plateas
1597 4258 1828 4310 quteram
1854 4260 2005 4312 quem

505 4315 678 4383 diligit
702 4315 880 4368 anima
901 4329 1052 4377 mea;
1074 4313 1289 4381 quaesivi
1312 4314 1533 4383 illum_et
1558 4327 1661 4364 non
1692 4314 1864 4366 inveni
1880 4329 1899 4377 ;
1928 4333 2007 4369 vo-

505 4381 620 4440 cavi
642 4385 791 4438 illum
811 4394 857 4437 et
880 4400 981 4437 non
993 4386 1256 4451 respondit
1280 4383 1427 4436 mihi.
1447 4381 1762 4453 invenerunt
1780 4400 1859 4436 me
1875 4385 2004 4453 vigi-

506 4457 580 4509 les
621 4458 709 4525 qui
749 4455 1049 4507 custodiunt
1078 4450 1378 4525 ciuitatem.
1435 4450 1577 4504 Num
1637 4470 1786 4521 quem
1833 4450 2005 4524 diligit

508 4522 687 4580 anima
716 4541 832 4578 mea
860 4526 1059 4577 vidistis
1085 4526 1109 4578 ?
1132 4522 1417 4577 Paululum
1460 4536 1577 4575 cum
1613 4522 2004 4589 pertransissém

506 4613 615 4663 eos,
633 4596 803 4650 inveni
818 4610 967 4664 quem
984 4595 1153 4665 diligit
1178 4598 1353 4648 anima
1384 4594 1539 4665 mea{;
1562 4594 1702 4665 tenui
1737 4610 1873 4659 eum,
1916 4611 2006 4649 nec

506 4661 766 4723 dimittam
808 4661 971 4719 donec
1016 4661 1347 4719 inlroducam
1378 4661 1537 4717 illan?
1564 4661 1620 4714 in
1653 4665 1863 4717 domum
1894 4682 2007 4720 ma-

506 4740 601 4794 tris
631 4751 781 4802 mete,
812 4746 859 4788 et
889 4734 945 4787 in
990 4736 1291 4789 cubiculum
1321 4734 1585 4806 genitricis
1609 4750 1754 4788 mete.

506 5048 779 5105 Mentione
808 5048 875 5103 de
928 5047 1261 5117 nuptialibus
1291 5047 1570 5119 mysteriis
1599 5046 1811 5109 'habita.
1859 5060 2002 5100 nunc

434 5158 691 5213 sponsum
714 5143 884 5211 ipsum
905 5158 1000 5213 per
1016 5154 1226 5197 noctem
1245 5142 1300 5195 in
1324 5140 1511 5196 lectulo
1536 5152 1719 5207 vocat;
1742 5140 2003 5195 nefando-

433 5250 555 5291 rum
567 5236 678 5289 vult
691 5236 1007 5306 participem
1022 5235 1255 5301 eﬂicere,
1270 5234 1752 5307 perfectioremque
1768 5234 1998 5302 quietem

434 5327 737 5399 impertire.
781 5327 895 5383 Hoc
922 5330 1065 5383 enim
1105 5328 1337 5384 lectulus
1364 5328 1668 5398 signiﬁcat;
1701 5343 1791 5395 per
1826 5337 2001 5379 noctes

435 5434 639 5491 autem,
670 5423 877 5481 scilicet
911 5425 965 5480 in
1008 5425 1209 5496 quietis
1245 5434 1510 5494 tempore,
1562 5422 1751 5492 procul
1786 5421 1853 5475 ab
1882 5421 2003 5475 illo-

434 5532 555 5570 rum
589 5515 753 5580 facie,
787 5515 879 5583 qui
909 5516 1034 5571 talia
1072 5514 1425 5585 contemplari
1476 5523 1768 5585 nequeunt.
1796 5512 1996 5569 Verum

435 5623 661 5663 necesse
721 5616 806 5662 est
854 5623 1035 5663 amore
1085 5609 1327 5663 sauciam
1368 5622 1488 5663 esse
1534 5607 1770 5661 animam
1824 5607 1879 5659 in
1918 5604 1998 5658 le-

432 5701 576 5755 ctulo
608 5700 903 5770 quaerentis
953 5701 1116 5757 divini
1152 5700 1305 5756 verbi
1357 5699 1799 5770 profundissima,
1837 5705 1995 5767 atque

431 5802 747 5862 exspectare
782 5793 1101 5852 desiderata:
1133 5792 1523 5864 apparitionem
1577 5791 1994 5884 desid.crantem,

2030 4816 2082 4874 D

2113 3553 2224 3613 τοῖς
2255 3550 2721 3621 πρακτικωτέροις
2752 3552 2809 3604 δὲ
2846 3552 2940 3605 καὶ
2971 3552 3372 3623 καθαιρετικοίς
3398 3550 3506 3604 τῶν
3536 3551 3693 3604 ἀντι-

2113 3643 2377 3711 κειμένων
2406 3640 2709 3712 δυνάμεων,
2753 3643 2966 3712 ἐλάφων
2998 3642 3191 3714 νεϐρῷ·
3224 3643 3284 3694 τὸ
3308 3642 3385 3705 δὲ,
3420 3642 3453 3712 ἢ
3489 3642 3693 3714 νεϐρῷ,

2112 3730 2613 3803 παραδιαζευτικόν·
2647 3734 2675 3785 ὁ
2715 3733 2771 3785 δέ
2811 3734 3101 3787 Θεοδοτίων
3136 3730 3307 3798 εἶπεν,
3338 3733 3439 3786 ἐπὶ
3482 3734 3554 3787 τὰ
3580 3734 3692 3803 ὄρη

2110 3823 2505 3893 θυμιαμάτων·
2530 3826 2680 3878 οὐδὲν
2704 3822 2863 3897 ἦττον
2886 3827 3013 3889 τοὺς
3038 3826 3224 3894 ἁγίους
3254 3824 3448 3896 δηλῶν.

2654 3937 3049 3991 ΚΕΦΑΛΑΙΟΝ
3070 3936 3144 3991 ῐν.

2121 4029 2245 4082 Ἐπὶ
2272 4030 2385 4098 τὴν
2409 4032 2618 4097 κοίτην
2642 4047 2759 4097 μου
2788 4029 2857 4082 ἐν
2898 4028 3078 4093 νυξὶν
3131 4028 3386 4098 ἐζήτησα
3412 4031 3493 4084 ὃν
3526 4031 3690 4099 ἠγά-

2178 4115 2378 4170 πησεν
2408 4103 2445 4169 ἡ
2502 4099 2671 4169 ψυχή
2695 4116 2835 4170 μου·
2868 4099 3128 4167 ἐζήτησα
3173 4102 3379 4165 αὑτὸν,
3426 4102 3522 4154 καὶ
3569 4104 3689 4170 οὐχ

2176 4168 2355 4239 εὗρον
2376 4167 2579 4225 αὐτόν·
2596 4167 2863 4223 ἐκάλεσα
2885 4170 3071 4223 αὑτὸν
3099 4171 3194 4223 καὶ
3219 4174 3329 4239 οὐχ
3369 4167 3692 4235 ὑπήκουσέ

2174 4259 2310 4310 μου·
2336 4240 2753 4307 ἀναστήσομαι
2767 4240 2842 4306 δὴ
2862 4241 2959 4292 καὶ
2987 4240 3278 4293 κυκλώσω
3300 4242 3369 4293 ἐν
3387 4241 3460 4310 τῇ
3485 4242 3686 4306 πόλει,

2176 4313 2246 4365 ἐν
2277 4312 2402 4377 ταῖς
2430 4310 2692 4379 ἀγοραῖς,
2723 4310 2820 4363 καί
2850 4311 2919 4362 ἐν
2950 4311 3078 4376 ταῖς
3100 4312 3425 4377 πλατείαις·
3456 4311 3554 4364 καὶ
3587 4310 3688 4379 ζη-

2176 4382 2340 4448 τήσω
2378 4381 2449 4433 ὃν
2472 4380 2787 4450 ἠγάπησεν
2820 4380 2859 4447 ἡ
2911 4380 3080 4448 ψυχή
3107 4398 3245 4450 μου·
3286 4381 3543 4448 ἐζήτησα
3579 4384 3688 4435 αὑ·

2177 4453 2304 4516 τὸν,
2338 4452 2431 4504 καὶ
2468 4449 2578 4520 οὐχ
2620 4450 2799 4518 εὖρον
2826 4453 3029 4503 αὐτόν·
3058 4449 3321 4503 ἐκάλεσα
3346 4452 3550 4517 αὐτὸν,
3582 4452 3687 4505 καὶ

2179 4524 2289 4591 οὐχ
2334 4520 2646 4591 ὑπήκουσέ
2685 4538 2823 4591 μου·
2857 4521 3117 4588 εὕροσάν
3138 4590 3141 4591 ν
3151 4538 3227 4589 με
3257 4524 3310 4574 οἱ
3336 4522 3684 4590 τηροῦντες,

2178 4595 2229 4682 αἱ
2250 4590 2616 4682 κυκλοῦντνεβς
2641 4593 2709 4645 ἐν
2746 4590 2820 4679 τῇ
2859 4592 3051 4682 πόλει;
3077 4590 3162 4682 μέν
3199 4590 3615 4682 bim-dique):
3644 4594 3686 4682 η

2178 4662 2346 4731 ψυχή
2383 4679 2501 4731 μου
2538 4662 2725 4731 were;
2761 4663 2841 4727 ὡς
2874 4661 3089 4731 μικρὸν
3115 4661 3212 4713 ὅτε
3240 4661 3547 4731 παρῆλθον
3578 4663 3664 4714 ἀπ

2178 4728 2396 4796 αὐτῶν,
2422 4732 2530 4797 ἕως
2552 4728 2621 4786 οὗ
2639 4729 2818 4799 εὗρον
2847 4728 2919 4785 ὃν
2945 4730 3260 4801 ἠγάπησεν
3285 4728 3330 4799 ἦ
3348 4728 3515 4800 ψυχή
3538 4749 3680 4801 μους

2176 4802 2477 4869 ἐκράτησα
2502 4797 2829 4867 αὐτὸνίκαὶ
2870 4797 2979 4870 οὐκ
2995 4797 3208 4870 ἀφῆκα
3235 4797 3581 4867 αὐτόν·”ἓίιὶς
3605 4797 3683 4857 οὗ

2177 4868 2499 4941 εἰσήγαγον
2526 4872 2712 4926 αὑτὸν
2734 4875 2820 4938 εὶς
2857 4868 3022 4925 οἷκον
3049 4868 3275 4940 μητρός
3299 4890 3416 4941 μου
3444 4873 3539 4924 καὶ
3594 4875 3685 4938 εἰς

2180 4941 2245 4994 τὸ
2273 4942 2532 5013 ταμιεῖον
2564 4942 2671 5010 τῆς
2704 4943 3133 5009 συλλαϐούσης
3160 4958 3256 5010 με.

2178 5056 2312 5126 Περὶ
2338 5056 2443 5109 τῶν
2496 5056 2599 5126 πρὸ
2636 5056 2728 5109 τοῦ
2762 5056 2941 5127 γάμου
2985 5055 3297 5126 μυστηρίων
3336 5053 3521 5119 εἰπὼν,
3584 5053 3682 5106 νῦν

2108 5149 2269 5202 αὑτὸν
2294 5147 2384 5199 διὰ
2411 5146 2604 5208 νυκτὸς
2642 5145 2741 5198 ἐπὶ
2786 5144 2900 5212 τὴν
2930 5145 3137 5211 κοίτην
3166 5143 3336 5195 καλεῖ·
3372 5144 3680 5213 ἁπορῤητο-

2108 5242 2276 5312 τέρων
2330 5239 2527 5292 ἐθέλων
2584 5241 2878 5300 κοινωνεῖν,
2930 5238 3024 5291 καὶ
3066 5237 3163 5307 τῆς
3215 5235 3546 5306 τελειοτέρας
3576 5252 3680 5304 με-

2106 5333 2322 5401 τασχεῖν
2374 5328 2747 5391 ἀναπαύσεως·
2786 5328 2942 5380 τοῦτο
2973 5328 3080 5399 γάρ
3122 5331 3154 5397 ὴ
3213 5326 3384 5397 κοίτη·
3431 5326 3490 5379 τὸ
3516 5326 3570 5379 δὲ
3606 5326 3682 5378 ἐν

2107 5423 2301 5487 νυκτὶ,
2343 5424 2399 5474 ἐν
2423 5420 2647 5492 ἡσυχίας
2692 5420 2886 5491 καιρῷ,
2916 5421 3007 5473 καὶ
3038 5421 3225 5491 πόρρω
3250 5421 3346 5490 τῆς
3373 5419 3543 5488 ὅψεως
3568 5418 3680 5470 τῶν

2111 5515 2185 5585 μὴ
2211 5515 2278 5567 τὰ
2300 5514 2519 5567 τοιαῦτα
2554 5513 2779 5583 θεωρεῖν
2812 5512 3144 5583 δυναμένων·
3176 5512 3256 5564 δεῖ
3279 5513 3333 5565 δὲ
3365 5512 3551 5582 ἀγάπῃ
3574 5509 3677 5580 τὴν

2106 5609 2280 5681 ψυχὴν
2312 5608 2718 5681 πρπετρῶσθαι
2747 5606 2840 5660 τοῦ
2890 5609 2980 5659 ἐπὶ
3024 5606 3120 5677 τὴν
3165 5607 3348 5677 κοίτην
3391 5602 3677 5674 ζητοῦντος

2101 5700 2171 5752 τὰ
2197 5698 2290 5752 τοῦ
2324 5700 2467 5752 θείου
2501 5698 2658 5765 λόγου
2691 5698 2979 5768 βαθύτερα·
3018 5696 3332 5768 περιμένειν
3364 5696 3418 5749 δέ
3448 5693 3542 5765 τὴν
3574 5693 3675 5762 τῆς

2105 5790 2371 5862 ποθούσης
2426 5790 2718 5847 ἀνάστασιν
2763 5793 2791 5845 ὁ
2833 5788 3177 5859 ποθούμενος·
3218 5790 3292 5853 ὡς
3323 5788 3384 5843 ἂν
3406 5785 3674 5846 ἐπεκτείνας
