3888 6214
205 282 314 339 269

1254 280 1593 358 «senem
1633 280 1699 335 IN
1739 280 2036 337 CANTICA
2072 282 2343 340 CANTIC.
2424 332 2430 343 .

3356 290 3461 345 270

204 402 299 455 τὸν
344 401 525 473 ἔρωτα
557 401 698 457 κατὰ
728 404 917 474 καιρὸν
939 403 1127 458 ἑαυτὸν
1150 405 1463 475 ὲμφανίσειε
1492 408 1556 475 τῇ
1588 403 1791 474 καμού-

1901 415 1951 461 ιιι
1982 415 2207 462 extenso
2244 422 2429 461 amore
2463 420 2519 461 se
2546 421 2849 476 opportune
2882 409 3187 466 manifestet
3233 412 3457 467 multum

206 513 276 568 σῃ
295 496 524 550 πλεῖστα
558 498 707 569 παρά
732 498 829 569 τὴν
850 498 1073 569 ζήτησιν
1092 498 1188 569 τὴν
1216 498 1399 552 αὐτοῦ·
1431 498 1659 551 εἰποῦσα
1680 496 1786 569 γὰρ

202 589 398 643 autat
431 590 545 658 τὴν
571 592 779 658 κοίτην
795 610 915 661 μου
953 591 1022 644 ἐν
1056 592 1236 656 νυξὶν
1260 590 1519 659 ἐζήτησα
1550 591 1623 645 ὃν
1645 590 1789 660 ἠγά-

204 699 409 750 πησεν
450 686 489 753 ἡ
532 685 703 754 ψυχή
724 703 867 754 μου,
916 686 1009 739 καὶ
1032 686 1112 739 ὅτι
1163 685 1421 752 ἐζήτησα
1463 685 1648 739 αὑτὸν
1689 684 1786 738 καὶ

201 777 315 844 οὐχ
341 772 544 845 εὗρον,
575 777 789 845 ἐπάγει·
817 778 1231 847 ἁναστήσομαι
1255 778 1330 846 δὴ
1355 780 1451 833 καὶ
1475 777 1782 833 κυκλώσω·

202 870 399 922 οὐκοῦν
432 870 739 941 ὑπτιασμὸν
793 870 884 923 καὶ
928 870 1023 941 τὴν
1080 872 1387 941 κατάμυσιν
1441 869 1785 941 ἀποθέμενοι,

200 942 578 1031 διαναστιῖιμεν
633 958 938 1030 πειθόμενοι
988 958 1065 1029 τῷ
1106 959 1336 1028 λέγοντι,
1374 958 1789 1028 Ἕγειραιδὴό

203 1051 530 1106 καθεύδων·
560 1052 680 1115 ὅλος
707 1051 761 1104 δὲ
785 1054 812 1104 ὁ
846 1051 1067 1123 κόσμος,
1096 1052 1128 1121 ὴ
1160 1050 1311 1115 πόλις
1334 1051 1393 1103 ὃν
1422 1048 1788 1121 ἐκπεριελθὼν

202 1144 282 1197 δεῖ
306 1148 378 1215 τῇ
428 1144 557 1216 περὶ
609 1142 772 1196 αὑτοῦ
808 1144 1010 1215 θεωρίᾳ
1033 1143 1318 1214 γινόμενον
1351 1144 1408 1195 ὲν
1437 1146 1555 1207 ταῖς
1600 1144 1789 1211 σοφαῖς

202 1234 596 1297 διδασκαλίαις·
627 1227 916 1305 αὗταιγὰρ
942 1236 998 1287 αἱ
1032 1234 1249 1304 ἀγοραί·
1282 1234 1403 1287 ὅθεν
1430 1251 1483 1286 τι
1522 1235 1789 1305 χρήσιμόν

205 1328 321 1380 ἔστι
352 1327 557 1389 λαϐεῖν,
584 1327 719 1380 ἀλλὰ
746 1329 838 1380 καὶ
868 1328 926 1379 ἐν
954 1330 1074 1391 ταῖς
1098 1326 1398 1390 πλατείαις·
1426 1326 1585 1396 σοφία
1611 1327 1719 1399 γὰρ
1735 1330 1789 1380 ὲν

204 1420 407 1486 ἐξόδοις
465 1421 732 1490 ὑμνεῖται,
769 1423 826 1475 ὲν
860 1422 916 1474 δὲ
964 1420 1245 1485 πλατείαις
1288 1421 1599 1493 παρρησίαν
1643 1420 1787 1489 άγει·

206 1513 611 1584 κεκελεύσμεθα
654 1515 713 1568 δὲ
745 1515 841 1567 καὶ⁵
878 1516 1039 1585 ἡμεῖς
1064 1515 1158 1567 ἐπὶ
1204 1514 1265 1566 τὸ
1296 1513 1493 1577 πλάτος
1528 1514 1627 1584 τῆς
1658 1531 1791 1583 καρ-

203 1606 322 1670 δίας
343 1607 501 1679 ἡμῶν
521 1608 748 1679 γράψαι·
784 1607 1007 1679 μείζονα
1029 1606 1086 1660 δὲ
1102 1604 1341 1676 ζητοῦσα
1373 1604 1405 1675 ἢ
1435 1606 1555 1658 κατ’
1585 1593 1789 1674 ἀγορὰς

205 1699 299 1751 καὶ
322 1698 583 1762 πλατείας
620 1698 693 1770 μὴ
718 1697 1009 1769 εὑρηκέναι
1044 1690 1194 1766 φησί·
1229 1695 1367 1766 πλὴν
1386 1696 1665 1749 όδεύειὲπὶ
1692 1694 1788 1766 τὴν

1894 496 1949 549 in
2005 512 2069 550 eo
2119 498 2407 567 quaerendo
2459 498 2744 554 laboranti.
2802 499 2933 553 Cum
2989 501 3134 555 enim
3196 503 3352 568 dixit,
3406 506 3461 559 in

1894 589 2081 644 lectulo
2123 609 2234 645 meo
2283 608 2376 660 per
2407 603 2576 646 nocte:
2609 594 2824 662 quwsivi
2874 610 3025 663 quem
3076 596 3247 666 diligit
3280 598 3461 651 anima

1892 696 2044 761 mea;
2069 683 2284 751 qua’sivi
2312 682 2459 735 illum
2500 692 2548 736 et
2596 700 2697 738 non
2736 688 2925 748 inveni,
2965 684 3175 752 subjicit
3209 704 3462 757 :surgam

1893 782 1942 825 et
1971 774 2223 827 circnibo.
2262 772 2690 829 Reclinationcm
2726 776 2888 845 igitur
2908 787 2964 831 et
2992 788 3243 846 gravatos
3274 778 3461 834 oculos

1894 870 2209 937 objicieutes
2256 885 2667 938 consurgamus,
2724 871 2999 940 simusque
3059 872 3339 927 audientes
3381 872 3463 926 di-

1895 963 2035 1015 ceuti
2074 982 2086 1016 :
2120 962 2288 1032 Surge
2318 964 2406 1031 qui
2433 963 2631 1017 dormis
2663 962 2730 1017 ³¹.
2764 963 3060 1019 Uuiversus
3097 974 3275 1018 autem
3304 979 3461 1018 mun-

1894 1051 2215 1109 duscivitas
2248 1061 2330 1105 est
2372 1066 2535 1121 quam
2595 1052 2751 1107 nobis
2819 1052 3265 1109 circumeundam
3317 1053 3463 1109 illius

1894 1144 2353 1212 contemplatione
2380 1144 2432 1197 in
2479 1143 2814 1212 sapientibus
2847 1143 3131 1210 doctrinis,
3183 1146 3463 1215 quaeipste

1894 1246 2019 1292 sunt
2049 1236 2174 1290 vici.
2210 1236 2347 1289 Hinc
2368 1234 2522 1290 nobis
2552 1234 2752 1303 aliquid
2777 1235 3029 1290 utilitatis
3056 1236 3460 1306 percipiendum

1892 1338 1998 1391 est,
2022 1342 2120 1382 nec
2166 1343 2270 1383 non
2308 1336 2361 1381 et
2394 1329 2459 1381 in
2490 1326 2701 1395 plateis.
2738 1324 3013 1397 Sapientia
3060 1328 3203 1382 enim
3256 1329 3310 1382 iu
3363 1330 3464 1384 viis

1895 1420 2225 1483 celebratur,
2272 1420 2324 1473 in
2354 1419 2546 1488 plateis
2584 1434 2713 1473 vero
2764 1418 2984 1474 liberius
3014 1419 3140 1488 agit.
3180 1417 3322 1475 Jussi
3367 1436 3463 1476 su-

1894 1529 2014 1567 mus
2032 1524 2085 1567 et
2106 1512 2205 1581 ipsi
2230 1526 2393 1581 super
2427 1512 2607 1566 cordis
2631 1513 2801 1566 nostri
2832 1512 3174 1566 latitudinem
3200 1512 3461 1569 scribere.

1893 1603 2151 1672 Maiorem
2175 1619 2301 1658 vero
2330 1619 2581 1674 quaerens
2608 1619 2702 1674 per
2722 1604 2870 1659 vicos
2892 1612 2945 1658 et
2963 1603 3170 1673 plateas
3195 1620 3298 1659 non
3323 1604 3466 1658 inve-

1893 1696 2039 1753 nisse
2052 1697 2185 1752 dicit
2207 1714 2221 1763 ;
2241 1698 2411 1769 pergit
2433 1708 2613 1751 tamen
2640 1698 2704 1750 ει]
2722 1696 3091 1765 quaerendum,
3120 1705 3173 1751 et
3192 1697 3464 1751 invenitur

205 1788 455 1861 εὕρεσιν,
478 1790 840 1861 εύρισκομένη
869 1789 973 1842 ὑπὸ
1005 1788 1114 1842 τῶν
1147 1787 1455 1859 τηρούντων
1509 1788 1607 1859 τὴν
1637 1788 1790 1841 πόλιν

1901 1792 1961 1847 ab
1996 1790 2105 1846 illis
2132 1791 2224 1860 qui
2263 1791 2574 1846 custodiunt
2604 1790 2790 1843 urbem
2830 1799 2887 1842 et
2913 1790 3255 1845 circumeunt
3292 1790 3459 1844 illam.

206 1882 301 1933 καί
322 1881 667 1934 κυκλούντων
692 1882 880 1953 αὑτήν·
911 1877 1020 1935 εἷεν
1056 1879 1124 1935 ἂν
1150 1881 1219 1934 τὰ
1255 1879 1602 1952 λειτουργικὰ
1631 1880 1792 1933 πνεύ-

207 1991 373 2044 ματα·
394 1968 536 2027 οὗτοί
562 1976 700 2027 εἰσιν
732 1973 825 2037 οὓς
856 1972 1199 2038 ἐξαπέστειλε
1228 1971 1428 2043 Κύριος
1450 1971 1791 2043 περιοδεῦσαι

204 2066 305 2136 τὴν
327 2066 456 2135 γῆν·
487 2059 561 2119 ὧν
581 2065 645 2138 δὴ
682 2066 808 2137 περὶ
842 2066 934 2119 τοῦ
962 2065 1297 2135 ποθουμένου
1318 2064 1664 2118 πυνθάνεται·
1691 2066 1792 2118 οὐκ

204 2159 625 2231 ἀναγέγραπται
676 2160 733 2212 δὲ
779 2159 982 2213 τούτων
1010 2159 1319 2229 ἀπόκρισις·
1352 2157 1711 2228 διδασκόμεθα
1734 2158 1790 2211 δὲ

203 2254 253 2305 εἰ
286 2252 573 2324 μέλλοιμεν
601 2254 780 2324 εὑρεῖν
808 2253 898 2305 τὸν
932 2252 1282 2322 ποθούμενον,
1315 2250 1491 2318 ὀλίγον
1523 2268 1573 2303 τι
1597 2250 1792 2321 παρελ-

204 2344 339 2407 θεῖν,
364 2344 460 2397 καὶ
492 2344 773 2415 κρείττους
813 2343 1067 2412 γενέσθαι
1096 2344 1203 2396 τῶν
1250 2342 1503 2396 τοιούτων
1524 2343 1785 2411 ἀγγέλων·

203 2436 336 2505 περὶ
362 2429 437 2489 ὧν
456 2436 631 2490 ἔοικεν
647 2439 704 2489 ἐν
721 2435 1004 2507 Ἐπιστολῇ
1030 2435 1207 2503 λέγειν
1238 2438 1265 2488 ὁ
1295 2435 1499 2503 Πέτρος
1528 2434 1791 2488 διδάσκων

202 2528 305 2599 τὴν
325 2529 601 2600 ὑπεροχὴν
627 2527 735 2580 τῶν
760 2531 871 2591 τοῖς
914 2526 1139 2589 τελείοις
1178 2526 1575 2597 ἀποκειμένων·
1619 2528 1705 2592 εὶς
1754 2526 1793 2579 d

202 2624 608 2694 ἐπιθυμοῦσιν
663 2624 904 2693 ἄγγελοι
953 2624 1320 2691 παρακύψαι·
1397 2623 1676 2692 ἀγαπητὸν
1736 2620 1792 2672 δὲ

205 2716 381 2786 βραχύ
412 2734 465 2769 τι
494 2716 621 2779 τοὺς
662 2714 935 2778 τοιούτους
966 2716 1345 2788 παρενεγκεῖν,
1392 2714 1458 2766 ἵν’
1496 2713 1693 2785 εὑρεθῇ
1733 2713 1792 2765 τὸ

203 2807 563 2877 ποθούμενον,
587 2807 681 2859 πιιαῖ¹
728 2804 949 2875 εὑρεθὲν
978 2803 1247 2874 κρατηθῇ,
1285 2802 1378 2856 καὶ
1403 2800 1672 2871 κρατηθὲν
1720 2798 1793 2869 μὴ

202 2899 394 2970 νοηθῇ·
446 2898 706 2967 ἀνόνητος
752 2896 862 2967 γὰρ
894 2897 929 2965 ἡ
976 2896 1264 2965 κράτησις,
1316 2896 1363 2946 εἰ
1418 2892 1574 2964 μὴτὸ
1607 2890 1792 2961 νοηθὲν

204 2991 439 3061 συνεχὴς
496 2988 693 3060 μελέτη
750 2987 1062 3057 κρατήσειε*
1097 2986 1177 3038 διό
1207 3001 1390 3055 φησιν·
1430 2985 1541 3037 οὐκ
1592 2981 1794 3051 ἀφῆκα

202 3082 415 3145 αὐτὸν,
456 3081 567 3146 ἕως
599 3079 668 3133 οὗ
690 3080 1014 3149 εἰσήγαγον
1051 3075 1239 3130 αὐτὸν
1274 3077 1360 3139 εἰς
1380 3070 1548 3127 οἷκον
1569 3073 1793 3141 μητρός

196 3191 342 3243 μου·
378 3173 467 3226 ἶνα
487 3173 580 3225 καὶ
614 3171 751 3242 μετά
773 3172 871 3243 τὴν
903 3166 1150 3222 ἐντεῦθεν
1176 3165 1616 3231 ἑξοδον,εἰσέλθοι
1644 3164 1792 3236 αὐτῷ
1816 3188 1817 3191 η

203 3267 288 3328 εἰς
310 3264 406 3316 τὸν
429 3259 577 3316 οἶκον
608 3264 707 3333 τῆς
732 3264 843 3316 άνω
897 3259 1270 3332 Ἰερουσαλὴμ,
1320 3258 1448 3311 ἔνθα
1495 3257 1688 3327 εἰσάγῃ
1724 3255 1792 3309 τὰ

202 3357 489 3427 κοινότερα
519 3356 626 3407 τῶν
653 3355 745 3408 τοῦ
770 3354 923 3423 λόγου
952 3352 1341 3424 θεωρημάτων·
1385 3350 1452 3403 τά
1472 3350 1527 3402 δὲ
1549 3351 1793 3421 ἀπορρη-

202 3448 326 3502 τότε
337 3465 407 3518 ρα
430 3449 510 3509 εἰς
531 3445 599 3499 τά
622 3448 842 3517 ταμιεῖα
875 3445 975 3514 τῆς
1021 3442 1392 3512 συλλαϐούσης
1416 3442 1513 3511 τὴν
1550 3440 1786 3510 νύμφην·

203 3543 238 3610 ἡ
268 3540 411 3610 αὑτὴ
443 3539 499 3591 δὲ
526 3540 708 3609 μήτηρ
740 3538 833 3590 καὶ
863 3535 1199 3589 συλλαϐοῦσα
1231 3533 1505 3603 δηλοῦται,
1533 3531 1623 3585 διὰ
1645 3532 1711 3584 τὸ
1736 3533 1791 3583 έν

205 3635 273 3703 τῇ
300 3631 562 3702 συλλήψει
593 3630 688 3701 τὴν
718 3632 890 3701 ἀρχὴν
929 3629 1027 3698 τῆς
1068 3627 1377 3689 συστάσεως
1418 3622 1571 3678 εἶναι·
1611 3625 1791 3696 μήτηρ

207 3725 265 3777 δὲ
310 3723 577 3794 λεγομένη
613 3720 751 3793 μετά
800 3721 898 3792 τὴν
947 3720 1247 3792 μόρφωσιν,
1281 3718 1373 3771 καὶ
1398 3716 1496 3788 τὴν
1526 3714 1620 3769 τοῦ
1664 3715 1790 3767 συλ-

207 3815 509 3886 ληφθέντος
544 3814 843 3868 τελείωσιν.
1038 3810 1042 3815 ’
1128 3836 1129 3839 η
1390 3798 1395 3801 ⁷

215 3908 313 3973 Τίς
334 3907 486 3973 αὕτη
536 3906 576 3974 ἡ
620 3905 1039 3974 ἀναϐαίνουσα
1070 3903 1137 3956 ὲκ
1162 3900 1271 3970 τῆς
1292 3901 1527 3974 ἐρήμου
1550 3901 1791 3974 ὠςᾼστε-

280 3971 433 4047 ζὶέχη
462 3971 698 4030 καεὶνοῦ
729 3973 1120 4047 τεθυμιαιιένη
1142 3989 1158 4035 ;
1181 3973 1417 4047 σμύρνα
1434 3971 1532 4025 καὶ
1548 3972 1791 4035 λίϐανος

282 4042 404 4102 ἀεὶὸ
423 4042 668 4100 πάντων
693 4042 1017 4113 κονιορτῶν
1026 4043 1334 4112 nupsit-oi};

282 4141 438 4211 Καλὴ
477 4140 595 4193 λίαν
618 4141 652 4209 ἡ
688 4137 1047 4191 ἀναϐαίνουσα
1066 4137 1163 4207 βίῳ
1194 4135 1288 4189 καὶ
1321 4135 1464 4205 λόγῳ
1489 4132 1654 4203 ψυχὴ,
1692 4150 1791 4202 φυ-

212 4231 384 4301 γοῦσα
423 4230 492 4283 τά
526 4229 676 4301 παρά
708 4232 819 4291 τοῖς
853 4228 1061 4290 πολλοῖς
1117 4228 1505 4297 ἁμαρτήματα,
1554 4224 1695 4293 ἆπερ
1733 4224 1792 4288 ἐξ

213 4322 423 4392 ἐρήμου
455 4321 673 4387 λέγεται
728 4317 1056 4372 ἀναϐαίνειν·
1086 4316 1147 4368 τὸ
1178 4316 1234 4369 δὲ
1280 4316 1371 4368 τὸν
1415 4314 1619 4367 δίκαιον
1652 4312 1790 4366 εἶναι

212 4409 474 4479 Χριστοῦ
502 4407 758 4462 εὐωδίαν
784 4407 853 4459 ἐν
870 4404 1049 4458 παντὶ
1078 4405 1238 4466 τόπῳ
1264 4402 1385 4466 τοῖς
1416 4399 1788 4470 σωζομένοις,

212 4498 609 4569 τεθυμιαμένη
676 4499 878 4549 νοεῖται
940 4493 1373 4562 παραπλησίως
1435 4491 1784 4560 στελέχεσι,
1820 4487 1864 4541 D

214 4584 451 4647 καπνὸν
475 4590 628 4659 ἡδὺν
660 4591 1140 4657 ἁναπέμπουσιν,
1181 4584 1532 4656 εὐφραίνοντα
1566 4585 1665 4648 τὰς
1691 4586 1798 4639 τῶν

216 4678 630 4752 μακαριζόντων
665 4677 956 4740 ἀναπνοὰς.
1068 4706 1071 4707 ν

757 4766 1154 4821 ΚΕΦΑΛΑΙΟΝ
1174 4768 1243 4819 Δ¹.

210 4862 493 4928 ⁴Ὀδόντες
512 4876 627 4915 σου
649 4862 728 4927 ὠς
746 4859 961 4931 ἀγέλαι
980 4858 1100 4911 τῶν
1116 4859 1496 4931 κελκαρμένῳν
1516 4860 1578 4911 αἵ
1593 4858 1799 4925 ἀνέϐη-

286 4948 411 4987 σαν
434 4926 551 4987 ἀπὸ
582 4932 688 4985 τοῦ
704 4926 995 4997 ίλοῖυτροῦ·
1025 4931 1083 4981 al
1117 4926 1307 4983 πᾶσαι
1345 4928 1794 4997 διδυμεύουσαι,

288 5003 389 5057 καὶ
405 5002 744 5058 ἀτεκνοῦσα
764 5004 873 5055 οὐκ
907 5000 1079 5053 ἐστιν
1102 4998 1169 5050 ἐν
1187 4999 1413 5065 αὐταῖς.

286 5082 680 5167 Διδυμεύουσαι
705 5093 760 5146 δὲ
796 5092 989 5155 ἄλλως,
1029 5089 1116 5144 διὰ
1142 5089 1202 5142 τὸ
1241 5090 1413 5143 διττὸν
1439 5090 1535 5161 τῆς
1565 5091 1796 5161 νοήσεως

212 5194 315 5263 τῆς
340 5190 574 5261 τερητῆς
604 5188 683 5257 (6)
710 5188 804 5240 καὶ
836 5183 1229 5254 πνευματικῆς.

226 5287 323 5350 Ὠς
344 5282 640 5352 σπαρτίον
659 5279 727 5334 τὸ
757 5281 1039 5365 κόκκινσν
1060 5278 1232 5365 χείλη
1260 5290 1395 5342 σου,
1427 5277 1525 5333 καὶ
1550 5278 1589 5346 ἠ
1612 5276 1795 5331 λαλιά

830 5365 945 5402 σου
968 5363 1171 5416 ωραια.

292 5445 491 5514 Ἥγουν
520 5445 661 5497 ἔστω
688 5443 947 5513 διάπυρος
976 5443 1008 5511 ἡ
1035 5440 1127 5493 τοῦ
1162 5439 1318 5509 λόγου
1348 5440 1668 5511 παρασκευὴ
1715 5440 1790 5504 ὡς

215 5539 475 5613 κερδῆσαι
504 5539 596 5593 τὸν
638 5536 913 5608 ἀκροατὴν
947 5532 1240 5603 δυναμένη,
1297 5531 1330 5601 ἢ
1365 5533 1456 5585 καὶ
1481 5532 1541 5585 τὸ
1574 5531 1792 5603 ἔναιμον

288 5652 329 5684 ³¹
353 5652 550 5724 Ephes.
582 5669 636 5718 v,
660 5654 747 5708 H.
824 5653 867 5687 ³³
894 5651 916 5706 Ι
940 5651 1086 5706 Petr.
1111 5668 1151 5715 ι,
1185 5648 1272 5704 12.
1346 5649 1389 5681 ³³
1423 5648 1463 5706 ll
1491 5648 1617 5708 Cor.
1642 5668 1704 5721 tt,
1736 5651 1823 5708 15.

290 5749 363 5819 (6)
400 5747 677 5819 Τερητῆς.
708 5748 870 5806 Forte
894 5747 1157 5819 τηρητῆς.
1184 5745 1340 5800 Εοιτ.

1892 1884 1957 1941 Hi
1974 1896 2098 1940 sunt
2116 1886 2339 1955 spiritus
2359 1883 2730 1937 ministrantes
2748 1898 2883 1953 quos
2908 1883 3172 1951 przemisit
3204 1882 3462 1938 Dominus

1891 1977 2338 2032 circumeundum
2369 1988 2590 2029 terram.
2630 1973 2738 2030 llos
2770 1976 2935 2045 igitur
2966 1976 3032 2028 de
3062 1974 3258 2029 dilecto
3293 1977 3464 2029 inter-

1890 2072 1959 2145 ad
1983 2079 2152 2141 rogat.
2177 2068 2293 2124 Non
2320 2076 2495 2123 autent
2512 2068 2723 2121 illorum
2746 2066 2979 2121 refertur
2998 2082 3333 2134 responsum.
3356 2065 3463 2121 Do-

1892 2177 2078 2217 cemur
2100 2169 2303 2225 autem,
2348 2158 2392 2213 si
2440 2158 2689 2227 cupimus
2747 2156 2994 2211 invenire
3030 2156 3302 2221 dilectum,
3357 2155 3461 2209 ali-

1892 2236 2210 2325 quantulum
2240 2252 2441 2322 egredi,
2462 2262 2517 2308 et
2548 2250 2797 2306 meliores
2826 2250 2939 2304 fieri
2977 2250 3095 2304 istis
3123 2288 3140 2315 ,
3172 2249 3237 2303 de
3269 2249 3463 2318 quibus

1892 2348 2104 2402 videtur
2165 2346 2219 2399 in
2254 2343 2495 2412 Epistola
2541 2343 2807 2397 disserere
2856 2340 3069 2405 Petrus,
3096 2355 3217 2395 cum
3274 2352 3461 2394 eorum

1899 2454 2020 2510 qua
2051 2454 2149 2493 nos
2181 2438 2234 2491 in
2283 2434 2746 2493 consummatione
2796 2443 3014 2487 manent
3044 2431 3461 2501 prazcellentiam

1890 2533 2118 2599 docens,
2146 2529 2243 2594 ait,
2266 2530 2322 2581 in
2354 2543 2506 2597 quem
2536 2527 2836 2580 desiderant
2880 2523 3051 2594 angeli
3081 2523 3374 2593 prospicere
3392 2522 3459 2580 ³³.

1895 2622 2033 2677 ιειοε
2060 2630 2239 2676 autem
2268 2619 2536 2673 ntodicum
2574 2628 2897 2687 praevertere
2923 2616 3216 2685 optandum
3263 2626 3367 2683 est,
3405 2625 3465 2669 ut

1888 2697 2206 2769 inveniatur
2238 2711 2489 2775 dilectus,
2542 2720 2596 2762 et
2637 2710 2886 2763 inventus
2941 2719 3244 2778 superetur,
3293 2718 3348 2763 et
3376 2723 3466 2764 su-

1894 2815 2113 2877 peratus
2146 2818 2251 2858 non
2281 2804 2570 2871 cogitetur.
2593 2801 2799 2871 Quippe
2823 2803 3031 2855 incassa
3056 2810 3139 2856 est
3172 2802 3462 2869 possessio,

1895 2901 1996 2954 nisi
2039 2899 2335 2969 cogitatum
2393 2897 2612 2952 assidua
2678 2895 2989 2951 sollicitatio
3044 2903 3279 2964 superet.
3340 2892 3465 2950 Ideo

1894 2996 2028 3050 dicit
2064 3012 2079 3046 :
2114 3011 2218 3047 non
2258 2994 2521 3047 dimittam
2559 3007 2696 3055 eum,
2721 2990 2883 3043 donec
2917 2989 3248 3043 introducam
3275 3005 3391 3043 eum
3413 2989 3465 3041 in

1895 3089 2110 3141 domum
2144 3087 2327 3140 matris
2362 3101 2523 3149 meae;
2575 3093 2635 3137 ut
2670 3094 2723 3138 et
2769 3094 3051 3151 postquam
3086 3082 3207 3136 hinc
3261 3082 3470 3137 disces‘

1898 3181 2049 3244 serit,
2088 3195 2209 3234 cum
2244 3193 2309 3232 eo
2345 3170 2677 3247 ingrediatur
2725 3176 2778 3231 in
2809 3175 3027 3229 domum
3070 3187 3315 3242 superna:
3343 3172 3471 3227 Hie-

1899 3273 2201 3342 rosolymae,
2240 3270 2329 3324 ubi
2364 3267 2713 3339 profundiora
2751 3274 3022 3320 scrutetur
3066 3265 3118 3317 itt
3163 3263 3310 3318 verbi
3341 3277 3470 3318 con-

1898 3364 2279 3434 templatione;
2329 3361 2648 3415 nefandiora
2700 3373 2830 3412 vero
2872 3358 2924 3411 iu
2979 3355 3121 3410 illius
3158 3354 3469 3410 cubiculum

1896 3471 2015 3525 qua:
2044 3469 2296 3524 sponsam
2328 3452 2535 3521 genuit.
2568 3450 2688 3519 Ipsa
2729 3462 2855 3502 vero
2906 3457 3081 3501 mater
3111 3447 3260 3515 quasi
3289 3444 3469 3499 conci-

1896 3548 2051 3617 piens
2079 3545 2407 3607 ostenditur,
2437 3552 2719 3613 propterea
2754 3540 2895 3609 quod
2928 3540 2981 3592 in
3012 3537 3364 3607 conceptione
3393 3536 3470 3591 si-

1896 3646 2011 3692 tum
2062 3649 2144 3690 est
2175 3635 2610 3691 coordiuationis
2658 3634 2894 3687 initium.
2928 3630 3100 3684 Mater
3131 3629 3326 3685 dicitur
3344 3636 3469 3698 post

1886 3718 2277 3786 formationem
2304 3727 2629 3796 et'concepti
2661 3725 3073 3795 perfectionem.

1886 3914 2060 3971 'Veas.
2090 3912 2142 3968 6.
2190 3912 2341 3978 Quae
2370 3923 2445 3967 est
2474 3912 2581 3965 ista
2620 3924 2737 3979 qua:
2784 3903 3018 3979 ascendit
3060 3920 3153 3979 per
3180 3902 3464 3979 deserturi,

1966 3970 2102 4039 sicut
2135 3970 2349 4052 virgula:
2372 3981 2507 4051 fumi
2535 3997 2599 4034 ea:
2626 3970 2946 4052 aromatiltuf
2968 3970 3195 4044 myrrha:
3222 3983 3269 4026 et
3300 3970 3467 4025 thuris

1966 4065 2014 4108 et
2043 4046 2270 4109 univer'si
2297 4046 2524 4119 pulveris
2559 4047 2893 4119 pigmentarii
2919 4046 2943 4098 ἶ)

1965 4144 2194 4199 Pulchra
2226 4142 2479 4198 nimirum
2524 4139 2819 4210 proficiens
2850 4137 2956 4191 vita
3006 4143 3059 4189 et
3104 4134 3316 4189 ratione
3343 4133 3464 4187 ani-

1896 4254 2005 4304 ma,
2033 4246 2199 4306 atque
2226 4250 2288 4291 ea
2332 4235 2528 4304 quibus
2554 4232 2796 4301 plerique
2818 4236 3003 4284 errant
3030 4227 3296 4290 devitans,
3324 4225 3468 4293 quod

1884 4332 1977 4384 'est
2016 4327 2310 4383 ascendere
2338 4341 2435 4395 per
2463 4326 2775 4388 desertum;
2821 4320 3026 4390 justum
3064 4334 3209 4381 esse,
3254 4318 3358 4371 hoc
3384 4326 3470 4371 est

1898 4422 2059 4473 bonus
2083 4418 2213 4472 odor
2235 4414 2431 4470 Christi
2458 4416 2516 4467 in
2536 4414 2673 4467 omni
2696 4412 2806 4465 loco
2823 4413 2876 4464 in
2894 4410 2956 4463 iis
2980 4410 3067 4479 qui
3089 4409 3220 4463 salvi
3241 4407 3375 4477 ﬁunt
3397 4406 3465 4471 ³³,

1894 4516 2028 4571 sicut
2055 4511 2257 4581 virgula
2288 4510 2419 4578 fumi
2446 4523 2510 4561 ea:
2531 4504 2855 4560 aromatibut
2874 4504 3121 4570 myrrha,
3149 4498 3465 4555 delectantia

1886 4600 2177 4662 beatorum
2209 4602 2451 4657 spiritus.

2498 4752 2726 4811 CAPUT
2774 4752 2864 4807 ιν.

1894 4858 2060 4911 Vens.
2111 4854 2166 4908 2.
2218 4852 2410 4905 Dentes
2457 4850 2532 4902 tui
2584 4848 2716 4901 sicut
2775 4860 2951 4913 greges
3004 4850 3469 4913 tonsarum‘,._qu¢

1967 4909 2314 4980 ascenderunt
2361 4922 2423 4973 de
2472 4921 2708 4981 lavacro,
2744 4909 2923 4969 omnes
2973 4910 3204 4982 gemellis
3254 4909 3464 4978 fetibus,

1965 5007 2011 5049 et
2037 4994 2227 5049 sterilis
2255 5010 2358 5045 non
2382 5003 2454 5045 est
2481 4991 2534 5041 in
2561 4992 2654 5040 eis.

1966 5088 2095 5155 Quae
2122 5085 2376 5157 gemellos
2412 5082 2578 5137 edunt
2621 5081 2783 5146 fetus,
2812 5076 3025 5133 scilicet
3049 5082 3266 5146 propter
3295 5072 3469 5141 dupli-

1894 5198 2009 5237 cent
2044 5179 2240 5234 mentis
2262 5177 2395 5239 vim,
2429 5174 2479 5228 id
2512 5183 2594 5229 est
2635 5171 3019 5241 speculativatn
3043 5165 3466 5235 etspiritualem.

1895 5273 2061 5328 Vsus.
2093 5271 2148 5326 ὅ.
2176 5267 2321 5322 Sicut
2353 5268 2477 5321 vitta
2506 5263 2928 5386 coccine‘q,llabia
2960 5271 3052 5314 tua
3087 5276 3104 5313 :
3130 5269 3176 5313 et
3204 5258 3469 5328 eloquium

2520 5344 2667 5386 tuum
2742 5350 2771 5386 u
2795 5349 2869 5386 ce.

2520 5344 2667 5388 tuum
2702 5344 2869 5386 dulce.

1968 5437 2111 5506 Ergo
2142 5434 2213 5490 sit
2250 5430 2616 5487 inﬂammatus
2649 5425 2919 5482 sermonis
2941 5429 3251 5492 apparatus,
3293 5428 3349 5471 ut
3375 5432 3469 5469 au-

1904 5530 2114 5588 dientes
2131 5536 2349 5599 captarc
2368 5523 2555 5595 possit,
2579 5530 2633 5577 et
2651 5519 2983 5576 salutiferam
3002 5515 3469 5570 vivificantemque
