3888 6214
388 337 395 343 ’
466 340 560 393 ετι

1361 298 1921 393 δυΡΡιεΜΕΝτυιί
1940 325 2031 382 AD
2066 322 2388 381 ORIGENIS
2419 298 2830 379 Exeat-mea.

3605 316 3710 381 272

427 524 431 533 ,
470 475 763 519 ποι-θοιυω
786 474 817 514 e
857 459 1017 514 labiis
1045 455 1370 511 emuentium
1398 453 1645 509 ostendat
1674 450 1948 514 virtutem,
1983 455 2037 501 et

2138 443 2230 496 καὶ
2266 442 2492 507 ζωτικὸν
2530 441 2678 511 δηλοί
2715 439 2823 493 τῶν
2851 438 2937 492 διά
2974 439 3066 491 τοῦ
3101 438 3308 509 χείλους
3342 438 3587 505 ἐξιόντων
3622 443 3713 512 ρησ

473 546 628 627 quasi
659 566 959 608 mersorum
995 551 1046 605 in
1080 564 1205 604 vero
1248 546 1447 603 Christi
1490 543 1768 614 sanguinis
1811 550 1961 612 potu.

474 732 637 787 Vitas.
668 728 723 785 ὅ.
756 726 900 783 Sicut
940 725 1175 795 fragmen
1213 724 1343 775 mali
1381 722 1577 795 punici,
1609 721 1686 773 ita
1725 733 1866 789 gente
1907 727 2035 783 tua,

844 814 904 853 eo
937 793 1077 866 quod
1112 795 1424 848 intrinsecus
1458 793 1603 844 latet.

540 890 799 961 Adjunsit
836 887 1133 959 prudentiae
1164 884 1303 937 laudi
1342 882 1553 937 laudem
1580 890 1636 936 et
1668 880 1902 942 silentii;
1937 893 2034 933 no-

470 985 547 1038 vit
574 983 717 1038 enim
746 993 942 1049 sponsa
974 975 1154 1032 decori
1202 975 1401 1043 eloquii
1457 972 1767 1041 laudatique
1828 968 2031 1025 silentii

471 1088 734 1146 tempora.
772 1074 838 1128 Et
863 1073 1001 1127 sicut
1034 1070 1209 1124 fidelis
1253 1068 1444 1137 spiritu
1495 1064 1776 1120 abscondit
1808 1062 2029 1127 res,rita

468 1184 663 1234 sponsa
686 1167 736 1220 in
758 1165 1023 1236 profundo
1049 1161 1330 1218 abscondit
1352 1158 1851 1228 contemplationes,
1875 1154 2028 1225 quasi

472 1274 633 1315 cocca
666 1257 789 1311 mali
834 1256 1033 1324 punici,
1066 1254 1272 1324 singula
1317 1254 1537 1321 proprio
1569 1251 1757 1305 ordine
1794 1251 2027 1303 adunata

468 1346 523 1399 in
561 1345 685 1399 vitae
722 1344 951 1397 ratione.
1006 1342 1129 1395 Ideo
1186 1341 1407 1409 subjicit
1458 1336 1715 1393 :'Praater
1760 1338 2028 1392 silentium

468 1448 653 1502 tuum;
681 1436 973 1490 ostendens
1011 1432 1227 1489 silentio
1256 1431 1572 1487 abscondita
1604 1428 1857 1500 dogmata
1889 1429 2030 1484 sicut

469 1542 631 1582 cocca
664 1525 787 1580 mali
822 1524 1005 1595 punici
1036 1524 1134 1579 sub
1169 1523 1285 1593 ejus
1311 1524 1567 1594 tegmine.

469 1703 633 1758 Vsus.
652 1704 706 1757 4.
730 1702 876 1759 Sicut
905 1704 1065 1757 turris
1110 1702 1275 1755 David
1295 1700 1482 1754 collum
1515 1710 1682 1764 tuum,
1717 1716 1834 1770 qua:
1859 1700 2029 1768 aedifi-

2145 535 2347 605 μάτων,
2380 534 2557 587 οίωνεὶ
2599 531 2947 603 βαπτομένων
2986 532 3043 585 ἐν
3080 534 3146 602 τῇ
3176 530 3398 610 ἀληθινῇ
3438 531 3591 585 πόσει
3615 531 3711 585 τοῦ

2142 627 2369 697 αἳματος
2394 625 2487 679 τοῦ
2510 625 2767 696 Χριστοῦ.

2220 717 2314 783 Ὡς
2336 716 2600 785 λέπυρον
2622 716 2731 784 τῆς
2770 716 2921 802 pqae
2950 714 3154 802 μῆλόν
3178 730 3293 769 σου
3321 714 3492 782 ἐκτὸς
3528 715 3640 785 τῆς
3718 699 3724 725 ‘

2662 786 3015 852 σιωπήσεώς
3034 800 3172 841 σου.

2209 876 2537 949 Προστίθησι
2577 876 2655 946 τῷ
2690 877 2788 948 τῆς
2831 876 3180 947 σωφροσύνης
3222 875 3445 948 ἐπαίνῳ,
3477 877 3567 931 τὸν
3599 878 3710 933 ἀπὸ

2136 972 2237 1043 τῆς
2271 970 2499 1040 σιωπῆς·
2520 968 2888 1039 ἐπισταμένης
2914 967 3014 1036 τῆς
3040 966 3256 1037 νύμφης
3280 970 3502 1039 καιροὺς
3520 969 3709 1033 λαλιᾶς

2136 1061 2343 1134 ὡραίας
2367 1060 2461 1113 καὶ
2482 1058 2876 1129 ἐπαινουμένης
2904 1057 3077 1127 σιγῆς·
3104 1058 3198 1110 καὶ
3221 1056 3346 1111 ἐπεὶ
3358 1059 3544 1123 πιστὸς
3570 1062 3707 1133 πνοῇ

2135 1155 2365 1227 κρύπτει
2391 1154 2690 1224 πράγματα
2725 1152 2820 1206 καὶ
2847 1152 2879 1222 ἡ
2903 1150 3088 1222 νύμφη
3117 1152 3175 1205 ἐν
3201 1150 3278 1222 τῷ
3305 1151 3457 1221 βάθει
3476 1153 3709 1223 κρύπτει

2134 1248 2203 1302 τὰ
2237 1246 2563 1317 θεωρήματα
2594 1245 2718 1308 τοὺς
2749 1245 2910 1298 οἱονεὶ
2938 1244 3171 1307 κόκκους
3197 1244 3296 1315 τῆς
3322 1245 3449 1316 ῥόας
3478 1244 3707 1310 ἕκαστος

2135 1342 2192 1392 ἐν
2212 1339 2289 1411 τῷ
2318 1340 2431 1410 ίδίῳ
2455 1340 2691 1409 τάγματι
2720 1338 3295 1410 σεσωματοποιημένον
3326 1341 3383 1392 ἐν
3398 1338 3475 1410 τῷ
3500 1342 3707 1410 ἡγεμο-

2135 1432 2289 1504 νικῷ·
2314 1433 2393 1487 διὸ
2409 1433 2703 1503 ἐπήγαγεν·
2739 1432 2944 1499 Ἐκτὸς
2960 1429 3068 1499 τῆς
3083 1431 3433 1499 σιωπήσεώς
3452 1450 3587 1487 σου·
3613 1433 3706 1503 δηέ

2130 1524 2241 1575 λῶν
2264 1522 2334 1576 τά
2364 1521 2694 1593 σιωπώμενα
2724 1521 2969 1592 δόγματα
3007 1520 3082 1586 ὡς
3109 1523 3341 1586 κόκκους
3366 1522 3495 1592 ῥόας
3518 1522 3622 1577 ὑπὸ
3641 1523 3707 1577 τὸ

2133 1613 2367 1686 λέπυρον
2394 1614 2584 1684 αὐτῆς.
2842 1670 2843 1673 η

2144 1705 2239 1769 Ὠς
2260 1704 2484 1772 πύργος
2500 1702 2686 1772 Δαυῒδ
2713 1702 3014 1772 τράχηλος
3034 1717 3172 1766 σου,
3195 1707 3227 1757 ὀ
3255 1703 3704 1772 ᾠκοδομημένος

536 1784 655 1828 cata
694 1783 770 1827 est
804 1789 919 1854 cunt
951 1772 1355 1868 propugnaculis
1387 1784 1406 1823 :
1437 1772 1578 1825 mille
1612 1771 1775 1841 clypei
1806 1772 2025 1839 pendent

2195 1771 2777 1868 ἑνδΘαλπέώςὶἓχίλιοέ
2815 1774 3011 1868 θιέρεοὶ
3034 1774 3350 1853 κρέμανται
3376 1771 3466 1827 ἐπ’
3494 1771 3701 1838 αὐτὸν,

530 1861 595 1898 ea:
627 1859 710 1907 ea,
738 1844 904 1897 omnis
930 1851 1201 1894 armatura
1227 1841 1463 1911 fortium.

535 1935 724 2004 Aquila
764 1932 1035 2002 Thalpiotlt
1067 1932 1457 2002 propugnacula
1494 1932 1879 2003 interpretatus
1910 1943 2023 1997 est;

468 2022 823 2094 Symmachus
841 2036 968 2075 vero
994 2021 1300 2083 cacumina;
1343 2019 1427 2074 cui
1464 2018 1755 2073 auxiliatur
1784 2019 1924 2088 quod
1960 2015 2028 2075 ad

465 2114 907 2185 propugnantium
940 2114 1108 2168 turris
1134 2112 1399 2167 aediﬁcata
1429 2120 1513 2166 est
1551 2112 1841 2181 sapientia,
1873 2126 1903 2166 a
1924 2108 2029 2181 qua

466 2206 605 2261 sicut
649 2205 821 2277 tzlypei
856 2205 1091 2274 pendent
1123 2205 1327 2259 credita
1360 2204 1631 2273 dogmata,
1667 2218 1786 2272 quae
1809 2200 2026 2273 quidem

465 2296 817 2367 singulariter
852 2302 1011 2351 vocat
1034 2293 1320 2365 Apostolus
1355 2293 1478 2349 fidei
1522 2293 1788 2365 clypeum.
1835 2294 2027 2346 Arma-

464 2399 585 2445 tura
637 2397 822 2444 autem
873 2388 1112 2457 fortium,
1166 2394 1287 2441 sunt
1351 2385 1564 2440 fortiter
1627 2375 2029 2440 comm0ventes

462 2494 762 2537 sermones.
780 2478 888 2535 Pro
913 2476 1349 2549 propugnaculis,
1362 2486 1617 2547 prazcepta
1640 2468 2029 2546 interpretatur

464 2574 654 2644 quinta
698 2572 1013 2635 translatio,
1062 2571 1309 2640 spiritum
1364 2569 1535 2639 magis
1576 2583 1737 2639 quam
1792 2569 2025 2624 litteram

463 2676 685 2731 secuta;
709 2667 797 2719 ubi
831 2664 971 2719 enim
996 2663 1191 2717 desunt
1219 2672 1610 2732 praeceptorum
1657 2651 2025 2727 fundamenta,

463 2776 645 2816 veram
672 2759 947 2814 aedificare
976 2757 1259 2813 scientiam
1292 2756 1626 2826 impossibile
1664 2764 1767 2813 est.

464 2938 627 2994 Vsus.
660 2937 693 2992 5
714 2953 831 3006 seq.
858 2937 976 2991 Duo
1005 2938 1164 2991 ubera
1212 2946 1321 2997 tua.
1357 2938 1494 2991 sicut
1541 2938 1645 2992 duo
1701 2940 1906 2993 hinnuli
1931 2955 2024 2992 ca-

532 3024 671 3078 prea:
699 3007 924 3080 gemelli,
946 3010 1034 3076 qui
1076 3017 1363 3080 pascuntur
1392 3010 1445 3061 in
1468 3008 1615 3075 liliis,
1637 3009 1802 3064 donec
1830 3010 2024 3080 aspiret

528 3080 640 3132 dies
672 3087 721 3131 et
758 3079 1076 3132 inclinentur
1106 3078 1325 3131 umbrae.

2201 1842 2393 1898 πᾶσαι
2422 1843 2670 1907 ,ϐολίδες
2700 1841 2818 1896 τῶν
2849 1841 3141 1899 δυνατῶνζ

2130 1924 2137 1927 ⁷
2213 1932 2443 1996 Ἀκύλας
2474 1932 2536 1985 τὸ
2578 1932 2852 1986 Θαλπιὼθ
2900 1932 3185 2000 ἐπάλξεις
3230 1931 3540 1986 ἐκδέδωκεν·
3576 1932 3604 1985 ὁ
3646 1930 3703 1984 δὲ

2128 2006 2440 2094 Σύμμαχος,
2486 2022 2632 2091 ὕψη·
2664 2014 2708 2090 ᾧ
2736 2021 3014 2076 ἀκολουθεῖ
3040 2023 3130 2075 τὸν
3154 2022 3292 2093 ὑπὲρ
3332 2021 3430 2087 τὰς
3454 2020 3705 2085 ἐπάλξεις

2127 2098 2335 2186 πύργον
2366 2109 2500 2167 εἶναι
2531 2112 2628 2184 τὴν
2663 2113 2872 2183 σοφίαν,
2902 2108 2968 2184 ἧς
2998 2114 3198 2184 ὁμοίως
3234 2114 3493 2183 ἢρτηνται
3520 2110 3704 2183 θυρεοὶ

2132 2206 2230 2277 μὲν
2252 2204 2322 2257 τὰ
2347 2202 2756 2274 πεπιστευμένα
2782 2203 3048 2275 δόγματα,
3080 2204 3222 2275 άπερ
3255 2200 3404 2257 εἶπεν
3437 2203 3631 2267 ἑνικῶς
3675 2203 3706 2255 ὁ

2128 2296 2445 2359 Ἀπόστολος
2462 2294 2650 2367 θυρεὸν
2671 2295 2922 2359 πίστεως·
2945 2295 3195 2361 ,βολίδες
3209 2295 3265 2349 δὲ
3276 2293 3395 2348 τῶν
3407 2294 3702 2359 δυνατῶν,

2126 2376 2174 2440 οἱ
2224 2385 2464 2450 δυνατῶς
2516 2386 2909 2456 ἀνατρέποντες
2955 2386 3102 2453 λόγοι
3148 2386 3257 2439 τῶν
3293 2386 3548 2440 ἐναντίων
3605 2387 3705 2456 τῆς

2127 2478 2380 2549 ἀληθείας
2395 2477 2493 2549 τὴν
2530 2478 2876 2549 πιθανότητα·
2913 2478 3033 2532 ἀντὶ
3062 2479 3118 2531 δὲ
3147 2478 3239 2532 τοῦ
3272 2479 3573 2544 ἐπάλξεις,
3602 2478 3702 2532 ἐνέ

2126 2569 2307 2636 τολὰς
2360 2568 2653 2622 ἐκδέδωκεν
2700 2570 2731 2640 ἡ
2770 2570 2992 2641 πέμπτη
3030 2569 3257 2634 ἐκδοσις,
3298 2570 3388 2623 τὸν
3416 2571 3539 2625 νοῦν
3569 2570 3703 2641 μᾶλά

2125 2662 2214 2714 λον
2239 2662 2271 2732 ἢ
2304 2661 2401 2734 τὴν
2420 2660 2564 2725 λέξιν
2591 2660 2614 2715 ἐ
2624 2660 2981 2733 ρμηνεύουσα·
3004 2662 3077 2733 μὴ
3096 2662 3573 2732 προαποκειμένων
3588 2654 3702 2735 γὰρ

2126 2753 2371 2819 ἐντολῶν,
2435 2754 2850 2827 οἰκοδομηθῆναι
2905 2754 3003 2825 τὴν
3060 2754 3263 2825 ἀψευδῆ
3319 2753 3518 2823 γνῶσιν
3573 2754 3706 2809 ἀδύ-

2128 2862 2283 2899 νατον
2290 2885 2304 2898 .

2126 2936 2239 2989 Δύο
2283 2937 2503 3005 μαστοι
2524 2953 2661 3001 σου,
2691 2938 2771 3004 ὡς
2794 2938 2902 2992 δύο
2925 2938 3121 3006 νεϐροὶ
3146 2936 3377 3006 δίδυμρι
3408 2937 3705 3006 δορκάδος

2196 3009 2250 3079 οι
2274 3003 2587 3079 νεμόμενοι
2608 3008 2677 3061 ἐν
2699 3003 2821 3079 τοῖς
2850 3003 3093 3077 κρίνοις,
3115 3008 3226 3074 ἕως
3270 3003 3340 3064 οὗ
3363 3003 3702 3079 διαπνεύσῄ

2192 3078 2232 3145 ἠ
2252 3076 2439 3146 ἡμέρα
2466 3079 2565 3131 καὶ
2591 3076 2914 3146 κινηθῶσιν
2939 3081 2999 3131 αἱ
3023 3078 3207 3133 σκιαί.

533 3168 820 3224 Rationem
850 3169 1150 3238 aequiparat
1176 3184 1389 3239 sponsae
1430 3170 1709 3241 uberibus,
1753 3171 2026 3241 perspica-

2198 3167 2270 3220 Τὸ
2298 3168 2646 3240 ήγεγομικὸν,
2667 3168 2741 3233 ὡς
2772 3169 2862 3222 ἐπὶ
2884 3169 3100 3241 νύμφης
3136 3174 3349 3240 μαστοί·
3385 3172 3522 3243 ὅπερ
3550 3170 3703 3225 ἐστὶν

460 3261 677 3317 cissima
713 3269 835 3328 est;
868 3262 987 3317 ideo
1008 3262 1272 3318 assimilat
1308 3262 1518 3318 duobus
1546 3262 1784 3317 binnulis
1818 3277 2024 3330 capreae

459 3352 722 3423 gemellis,
748 3353 839 3423 qui
873 3362 1165 3422 pascuntur
1211 3354 1267 3409 in
1317 3352 1522 3411 ﬂoridis
1553 3365 1607 3411 et
1639 3370 1805 3412 suave
1836 3357 2026 3417 olenti-

459 3443 563 3499 bus
590 3444 742 3511 locis,
778 3445 1081 3516 spiritualia
1126 3454 1179 3501 et
1222 3447 1498 3502 sensibilis
1544 3448 1865 3516 designans;
1896 3448 2020 3513 hin-

461 3535 618 3591 nulos
648 3549 796 3602 vero,
847 3537 987 3605 quod
1044 3552 1188 3593 nunc
1237 3537 1435 3607 partim
1485 3534 1853 3609 cOgnovimus.
1888 3538 2021 3594 Cum

460 3636 641 3681 autem
718 3627 981 3695 perfectio
1032 3628 1259 3695 venerit,
1322 3628 1610 3698 pueritiam
1669 3628 2019 3699 abjiciemus;

460 3732 583 3773 cum
629 3718 913 3788 pmsentis
950 3719 1074 3775 vita:
1124 3728 1290 3793 aestus
1332 3720 1619 3795 subsidat,
1657 3730 1713 3776 et
1756 3722 2020 3793 refrigerii

459 3820 671 3879 tempus
727 3809 976 3876 adfuerit,
1031 3810 1221 3867 solutis
1275 3812 1535 3867 tenebris.
1564 3811 1825 3869 Tenebrae
1872 3814 2017 3869 enim

459 3909 587 3955 sunt
611 3915 847 3971 praesens
880 3902 988 3956 vita
1016 3919 1033 3969 ;
1082 3911 1210 3957 tunc
1245 3901 1479 3958 enimut
1507 3903 1759 3974 perfecti,
1780 3904 2017 3961 sednon

468 4000 530 4043 ut
561 3989 769 4044 hinnuli
807 4004 1110 4059 pascemur.

456 4078 620 4157 Vens.
656 4080 709 4135 9.
760 4080 1061 4157 Vulnerain
1099 4098 1189 4136 cor
1213 4098 1418 4157 _rneum,
1472 4100 1623 4157 soror
1644 4102 1758 4141 mea
1802 4104 2013 4157 sponsa,

523 4149 809 4223 vulnerasti
852 4168 945 4223 cor
977 4168 1167 4223 meum,
1205 4153 1262 4205 in
1310 4169 1414 4207 uno
1468 4155 1740 4210 oculorum
1782 4149 2012 4223 tuorum,

522 4229 573 4273 et
603 4220 659 4273 in
688 4236 791 4275 uno
817 4222 962 4276 crine
991 4222 1111 4275 colli
1140 4224 1238 4277 tui.

520 4309 786 4363 Insertum
850 4311 1049 4365 dicitur
1098 4312 1451 4383 quodcunque
1501 4314 1554 4368 in
1612 4330 1822 4384 sponsa:
1876 4288 2015 4375 collo

450 4404 710 4459 inseritur
739 4415 795 4459 et
829 4404 1046 4461 crescit.
1083 4404 1141 4460 Si
1191 4415 1404 4472 autem,
1440 4417 1499 4462 ut
1545 4407 1652 4462 duo
1691 4409 1892 4464 hinnuli
1922 4426 2015 4466 ca-

2114 3257 2594 3329 ,όξυδερκέστατοψ
2629 3260 2707 3325 διὸ
2738 3261 3037 3333 παρείκασε
3059 3259 3150 3312 δύο
3191 3260 3399 3331 νεϐροῖς
3439 3259 3701 3332 δορκάδος

2124 3349 2441 3420 νεμομένοις
2482 3351 2540 3403 ἐν
2563 3350 2784 3421 ὡραίοις
2815 3351 2998 3415 τόποις
3027 3351 3119 3404 καὶ
3136 3350 3376 3404 εὐώδεσι·
3415 3352 3700 3423 σημαίνων

2118 3438 2193 3493 τά
2216 3457 2276 3493 τε
2302 3439 2466 3510 νοητά
2504 3442 2597 3494 καὶ
2624 3441 2877 3512 αἰσθητά·
2906 3441 3130 3511 νεϐροὺς
3156 3441 3233 3506 δὲ,
3262 3442 3446 3513 ἐπειδὴ
3475 3441 3571 3495 νῦν
3632 3444 3699 3496 ἐκ

2127 3532 2325 3603 μέρους
2355 3531 2714 3603 γινώσκομεν·
2740 3533 2865 3587 ὃταν
2894 3532 2951 3586 δὲ
2981 3531 3040 3585 τὸ
3067 3533 3268 3586 τέλειον
3310 3532 3459 3605 ἔλθῃ,
3490 3550 3699 3606 καταρ-

2122 3622 2325 3693 γοῦμεν
2349 3623 2447 3694 τὴν
2492 3624 2811 3695 νηπιότητα·
2845 3624 2971 3696 ὅταν
2995 3626 3023 3677 ὁ
3061 3623 3399 3701 καύσωνὴτοῦ
3426 3624 3697 3695 παρόντος

2111 3712 2238 3783 ,βίου
2267 3714 2559 3787 παύσηται,
2599 3714 2693 3783 καὶ
2736 3715 2926 3786 καιρὸς
2966 3714 3063 3786 τῆς
3113 3715 3428 3791 ἀναψύξεως
3467 3718 3694 3789 ἐπιστῇ,

2120 3806 2382 3879 λυομένης
2430 3807 2523 3860 καὶ
2564 3807 2661 3877 τῆς
2686 3798 2871 3869 σκιᾶς·
2920 3807 3046 3860 σκιά
3086 3809 3199 3878 γάρ
3249 3810 3392 3861 ἐστιν
3436 3808 3464 3860 ὁ
3497 3807 3696 3880 παρὼν

2120 3896 2252 3967 βίος·
2272 3898 2392 3951 τότε
2419 3898 2526 3969 γὰρ
2552 3898 2626 3963 ὡς
2658 3897 2873 3963 τέλειοι,
2911 3897 3025 3951 ἀλλ’
3065 3900 3163 3969 οὐχ
3198 3899 3273 3962 ὡς
3304 3882 3486 3969 νεϐροὶ
3516 3890 3694 3972 νεμηὲ

2117 3988 2413 4059 θησόμεθα.

2130 4082 2553 4151 Ἐκαρδίωσαςᾉ
2584 4079 2757 4151 ἡμᾶς,
2811 4080 3041 4150 ἀδελφή
3088 4099 3207 4151 μου
3252 4080 3482 4149 νύμφη·
3513 4080 3693 4151 ἐκαρ-

2110 4176 2116 4181 ε
2188 4148 2407 4216 δίωσας
2434 4148 2589 4220 ἡμᾶς
2612 4148 2708 4204 ἑνὶ
2728 4151 2844 4205 ἀπὸ
2874 4148 3191 4221 ὀφθαλμῶν
3218 4148 3355 4215 σού,
3386 4151 3456 4204 ἐν
3469 4150 3691 4220 ιιιᾷέν·

2185 4222 2397 4289 θέματι,
2409 4222 2710 4290 τραχήλου
2726 4236 2862 4275 σου.

2186 4274 2263 4371 To.
2290 4274 2757 4387 ἐνθεμαηείρηται
2792 4315 2941 4387 παρὰ
2966 4274 3029 4369 τὸη
3058 4314 3355 4369 ἐντίθεσθαι
3395 4316 3490 4368 καὶ
3523 4279 3683 4387 ἐνορέ

2118 4409 2319 4477 μᾶσθαι
2338 4408 2415 4479 τῷ
2441 4407 2693 4480 τραχήλῳ
2717 4408 2815 4478 τῆς
2843 4406 3078 4478 νύμφης·
3107 4407 3153 4459 εἰ
3192 4406 3247 4459 δὲ
3283 4406 3357 4469 ὡς
3382 4406 3474 4458 δύο
3500 4405 3687 4476 νεϐροὶ

446 4509 591 4563 preaa
630 4504 788 4550 erant
824 4509 1033 4564 sponsae
1067 4496 1253 4562 ubera,
1279 4513 1434 4565 quam
1459 4496 1677 4567 pulchra
1703 4509 1823 4553 sunt
1858 4500 2015 4573 intel-

2128 4501 2369 4574 5ορκὰδος
2394 4500 2611 4571 ἔμειναν
2640 4501 2690 4552 oi.
2728 4500 2918 4571 μαστοὶ
2937 4500 3034 4571 τῆς
3065 4498 3301 4569 νύμφης,
3334 4497 3393 4551 τὸ
3423 4499 3479 4551 τί
3505 4483 3688 4571 sm;

446 4586 636 4657 ligitur
667 4602 773 4641 non
802 4586 1192 4642 admirabiliter
1225 4587 1523 4658 dictumidc
1551 4589 2015 4667 intellectu,vsicu.t

448 4678 582 4742 dixi,
616 4680 708 4733 sed
748 4678 1010 4747 duplicem
1052 4680 1283 4749 prodigii
1323 4681 1431 4734 vim
1483 4691 1536 4735 et
1592 4683 2012 4751 pulchritudinis

447 4780 794 4837 augmentum
821 4772 1075 4825 ostendit.
1091 4770 1354 4827 Similiter
1381 4771 1666 4827 vulnerasti
1704 4790 1796 4828 cor
1819 4790 2009 4841 meum,

446 4860 533 4914 bis
561 4860 839 4915 usitatum.
871 4861 1201 4916 Vestimenta
1259 4871 1436 4920 autem
1478 4863 1709 4933 sponsae,
1746 4868 1895 4919 "sunt
1918 4866 2009 4936 qui

447 4950 739 5006 induerunt
780 4952 1044 5007 Christum
1072 4952 1276 5022 Jesum,
1301 4956 1499 5010 viscera
1542 4956 1931 5025 misericordiae,
1960 4967 2010 5011 et

448 5046 835 5115 benignitatem,
866 5057 913 5099 et
939 5048 1284 5103 humilitatem
1312 5049 1387 5113 ³⁴;
1414 5050 1554 5104 labia
1586 5060 1711 5105 sunt
1741 5043 2008 5121 discipuli,

447 5138 663 5207 favique
711 5140 884 5193 mellis
923 5155 1202 5196 sermones
1248 5140 1404 5207 boni;
1444 5141 1593 5199 favos
1642 5144 1785 5199 enim
1813 5153 1867 5200 et
1904 5141 2011 5198 mel

447 5230 797 5285 confecerunt
840 5233 1115 5301 pr0phetae
1137 5244 1192 5287 et
1219 5233 1471 5300 apostoli.

448 5322 614 5377 Vens.
677 5322 762 5397 12.
826 5322 1024 5377 Hortus
1075 5322 1352 5397 conclusus
1407 5340 1561 5379 soror
1620 5316 1733 5381 mea
1792 5344 2003 5397 sponsa,

724 5394 903 5445 hortus
955 5395 1251 5460 conclusus,
1304 5394 1424 5464 fons
1466 5397 1722 5467 signatus.

517 5483 607 5538 Bis
666 5484 848 5538 hortus
902 5485 1174 5540 conclusus
1223 5486 1443 5552 dicitur,
1503 5488 1642 5557 quod
1689 5502 2005 5559 progressus

446 5577 645 5645 primo,
706 5577 825 5631 dein
862 5578 1244 5646 perfectionem
1284 5578 1479 5641 innuit,
1522 5594 1642 5633 cum
1691 5594 1842 5636 mens
1887 5580 2003 5649 ejus

520 5753 566 5787 “
597 5753 757 5814 Rom.
787 5770 906 5823 sm,
964 5755 1063 5823 M;
1126 5754 1331 5813 Coloss.
1362 5770 1418 5811 ut
1444 5796 1459 5824 ,
1497 5754 1584 5811 l2.

2108 4592 2447 4661 λιώθησαν;
2474 4592 2573 4644 οὐκ
2594 4591 2659 4645 ἂν
2679 4589 2875 4662 ἐρρέθη
2896 4588 3282 4659 θαυμαστικῶς
3313 4588 3439 4660 περί
3468 4587 3587 4655 τοῦ,
3604 4588 3684 4652 ὡς

2110 4683 2266 4754 ἔφην,
2296 4666 2655 4753 διανοητικοῦ,
2691 4680 2826 4734 ἀλλά
2854 4680 2947 4745 καὶ
2962 4679 3021 4732 τὸ
3036 4680 3255 4733 διπλοῦν
3270 4679 3362 4750 τοῦ
3380 4664 3678 4750 θαύματος,

2107 4776 2204 4846 τὴν
2235 4774 2460 4844 αῠξησιν
2497 4773 2590 4826 τοῦ
2624 4772 2851 4835 κάλλους
2882 4770 3177 4838 ὑπέδειξεν·
3213 4774 3391 4825 όποίον
3415 4770 3476 4824 τὸ
3505 4766 3694 4847 ἐκαρὲ,

2106 4866 2328 4932 δίωσας
2346 4865 2678 4935 ἐκνδευτέρου
2708 4864 2892 4935 ῥηθέν·
2929 4864 3117 4934 ἱμάτια
3145 4862 3329 4932 δὲτῆς
3362 4862 3598 4933 νύμφης,
3629 4864 3680 4933 oi

2106 4957 2436 5028 ἐνδεδυμένοι
2452 4956 2707 5025 Χριστὸν
2745 4955 3004 5025 Ἰησοῦν,
3022 4954 3346 5023 σπλάγχνα
3367 4952 3692 5031 οἰκτιρμῶν

2107 5049 2203 5102 καὶ
2235 5050 2611 5117 χρηστότητα
2642 5047 2740 5101 καὶ
2766 5047 3343 5116 ταπεινοφροσύνην·
3368 5043 3517 5114 χείλη
3536 5044 3593 5096 δὲ
3628 5045 3680 5096 οἱ

2096 5124 2430 5194 διδάσκαλοι·
2460 5140 2553 5194 καὶ
2570 5142 2737 5211 κηρία
2755 5139 2967 5210 μέλιτος
2986 5137 3133 5206 λόγοι
3160 5136 3332 5191 καλοί·
3358 5130 3691 5212 είργάσαντοξ

2102 5234 2160 5288 δὲ
2191 5235 2378 5306 κηρίον
2406 5236 2499 5287 καὶ
2529 5234 2647 5306 μέλι
2672 5234 2944 5306 προφῆται
2978 5234 3072 5287 καὶ
3104 5233 3412 5288 ἀπόστολοι.
3652 5241 3664 5249 ’

2092 5326 2314 5395 ’Κῆπος
2354 5327 2793 5395 κεκλεισμένος,
2824 5325 3055 5395 ἀδελφή
3082 5343 3198 5395 μου
3235 5321 3681 5395 νύμφηἬὴἏτος

2318 5397 2759 5465 κεκλεισμένος,
2794 5395 2957 5465 πηγὴ
2996 5395 3461 5465 ἐσφραγισμένη.

2096 5474 2099 5475 ν
2177 5478 2456 5561 Δεύτερον,
2482 5488 2541 5543 τὸ
2562 5487 2754 5558 κῆπος
2788 5488 3211 5559 κεκλεισμένος
3238 5487 3458 5559 ἐρρέθη,
3488 5478 3549 5537 τὸ
3574 5482 3679 5556 μὲν

2111 5581 2203 5635 ἐπὶ
2222 5583 2656 5666 προκόπτοντος,
2702 5582 2763 5636 τὸ
2803 5582 2860 5636 δὲ
2892 5582 2985 5637 ἐπὶ
3015 5582 3239 5637 τελείου.
3269 5583 3357 5636 ὅτε
3384 5580 3445 5635 τὸ
3472 5580 3677 5650 ἡγεμο-
