3888 6214
196 296 313 377 ξπ

1108 364 1111 365 κ
1216 356 1229 365 μ
1275 305 1591 385 δῼιιβιιιᾼ
1629 307 1703 371 IN.
1730 306 2028 372 omnes
2065 307 2337 389 cauus.
2419 351 2424 355 .
2466 354 2467 357 χ
2512 354 2515 355 κ
2552 357 2561 369 .

3330 297 3439 354 2Ἰὸ

202 416 357 470 νικδν
408 416 573 487 αὐτοῦ
623 417 939 491 καθοραθὲν,
982 423 1047 494 τῇ
1080 424 1179 495 τῆς
1207 424 1482 495 θεολογίας
1525 425 1777 498 σφραγίδι

1891 433 2162 497 perspecta
2203 422 2479 494 theologia:
2512 420 2665 493 signo
2691 418 2905 493 signata
2928 424 3036 485 est.
3085 415 3238 491 Nunc
3276 417 3439 473 etiam

199 507 530 562 τετύπωται·
553 509 587 581 ἢ
609 511 703 563 κα)⁸
725 510 819 564 νῦν
868 513 965 584 μὲν
999 517 1034 586 ή
1065 517 1250 588 νύμφη
1290 515 1482 586 κῆπός
1508 519 1656 571 ἐστιν
1678 534 1773 571 κε-

198 599 563 669 κλεισμένος
593 602 773 673 μόνον,
804 604 863 656 ἐν
901 604 958 658 δὲ
979 605 1057 678 τῷ
1087 606 1329 677 μέλλοντι
1369 608 1526 661 αίῶνι
1555 609 1641 663 διὰ
1676 608 1773 681 τὴν

196 691 657 781 τελειότηταικαὶ
698 695 758 748 τὺ
803 696 1037 767 βέϐαιον,
1062 699 1158 753 καὶ
1205 701 1355 772 πηγή
1394 702 1540 755 ἐστιν
1569 703 1775 773 ἐσφρα-

196 782 456 855 γισμένη.
490 785 678 839 Παντὶ
710 784 820 856 γὰρ
846 786 927 853 τῷ
960 790 1161 859 ἔχοντι
1188 790 1506 858 δοθήσεται
1544 793 1640 847 καὶ
1669 807 1773 847 πε-

191 876 683 944 ρισσευθήσεται·
726 879 822 935 νῦν
876 881 974 952 μὲν
1006 878 1116 961 οὖν
1155 868 1400 957 ήΓραφὴ
1437 886 1609 957 κῆπον
1640 881 1777 941 εἶναι

197 967 407 1031 ἁπλῶς·
436 969 669 1042 ἀλλαχοῦ
691 971 747 1025 δὲ
776 973 851 1038 ὡς
875 976 1001 1046 περ)⁵
1021 976 1227 1049 ἐτέρου,
1252 978 1346 1033 καὶ
1374 979 1434 1032 τὸ
1454 980 1777 1047 λαχανείας

197 1062 582 1134 προστίθησιν.

210 1154 608 1235 Ἔξεῖέρᾷητι,
636 1157 852 1235 Βοῤῥᾶ,
882 1161 977 1213 καὶ
995 1160 1195 1235 ἔρχου,
1213 1164 1382 1235 Νότε,
1407 1162 1779 1235 διᾴπνευσον

302 1229 509 1295 κῆπόν
529 1246 670 1297 μου,
696 1229 793 1283 καὶ
816 1230 1212 1299 ρευσάτωσαν
1234 1233 1509 1303 ἀρώματα
1530 1252 1668 1304 μου.

198 1332 201 1333 ⁷
273 1317 491 1371 Ἔοικεν
514 1320 771 1390 ἐπιτιμᾷν
796 1323 829 1392 ή
855 1321 1039 1394 νύμφη
1060 1322 1139 1394 τῷ
1159 1323 1389 1396 Βοῤῥέᾳ,
1404 1325 1503 1394 τὴν
1533 1324 1777 1391 ἐξουσίαν

195 1408 438 1463 λαϐοῦσα
469 1410 619 1481 παρά
645 1410 740 1465 τοῦ
771 1414 1191 1485 ἐπιτιμήσαντος
1213 1414 1291 1487 τῷ
1315 1415 1499 1487 ἀνέμῳ
1523 1415 1771 1487 νυμφίου·

197 1501 279 1555 διὸ
300 1502 456 1574 παρά
484 1507 597 1567 τοῖς
626 1506 803 1575 τρισὶν
847 1507 1259 1576 εὐαγγελισταῖς
1287 1510 1669 1581 ἐπιτιμηθῆναι
1699 1508 1779 1579 τῷ

196 1592 391 1663 ἀνέμῳ
420 1593 652 1666 εἴρηται·
687 1598 743 1649 οἱ
773 1590 842 1650 δὲ
874 1597 1080 1667 ἄνεμοι
1102 1598 1310 1665 ἁπλῶς
1360 1601 1778 1655 ὑπακούουσιν

195 1684 380 1750 αὐτῷ·
411 1686 643 1757 Χριστὸς
673 1684 767 1740 οὖν
784 1689 1185 1761 ἐξωθουμένους
1204 1690 1298 1743 τοῦ
1326 1690 1591 1756 διαϐόλου,
1618 1694 1777 1745 εἰσοι-

1877 532 2070 587 sponsa
2103 514 2471 571 tantummodo
2508 513 2687 566 hortus
2717 509 2992 565 conclusus
3013 514 3114 572 est,
3146 515 3201 560 at
3241 503 3298 559 in
3329 519 3442 558 aevo

1877 611 2056 665 futuro
2109 617 2329 679 propter
2376 605 2762 677 perfectionem
2812 610 2866 656 et
2921 599 3264 663 ﬁrmitatem,
3321 592 3442 649 fons

1875 702 2037 758 etiam
2092 702 2336 770 signatus
2386 708 2490 754 est.
2544 696 2701 750 Omni
2741 694 2879 748 enim
2902 692 3111 746 habenti
3139 689 3353 744 dabitur
3393 694 3442 740 et

1875 790 2406 859 superabundabit".
2449 788 2600 843 Nunc
2633 787 2797 859 igitur
2824 784 3101 853 Scriptura
3135 780 3325 836 hortus
3354 793 3443 834 so-

1876 884 2149 940 lummodo
2172 894 2284 951 est;
2310 883 2437 939 alibi
2459 895 2611 946 vero,
2642 879 2796 950 quasi
2832 878 2896 934 de
2924 875 3053 942 alio,
3090 873 3237 929 addit
3257 873 3438 926 hortus

1877 975 2075 1029 olerum
2114 976 2180 1032 ⁸⁸.

1876 1138 2039 1198 Vsus.
2073 1142 2161 1196 16.
2188 1140 2376 1211 Surge,
2402 1138 2615 1211 Aquilo,
2639 1147 2687 1191 et
2728 1137 2860 1202 veni,
2887 1133 3291 1211 Auste_r_,__perﬂa
3318 1131 3441 1187 hor-

2105 1222 2214 1266 tum
2238 1205 2432 1277 méum,
2461 1205 2529 1263 'et
2558 1209 2730 1278 ﬂuant
2767 1217 3009 1261 aromata
3042 1205 3208 1260 illius.

1946 1304 2172 1361 Videtur
2195 1302 2486 1373 ohjurgare
2508 1314 2705 1371 sponsa
2731 1299 3071 1369 Aquilonem,
3110 1296 3437 1352 auctoritate

1875 1406 2091 1469 accepta
2145 1412 2179 1451 a
2236 1410 2436 1466 sponso
2470 1404 2689 1450 ventum
2749 1392 3095 1448 criminante.
3126 1387 3252 1444 ldeo
3303 1386 3441 1456 apud

1878 1500 1986 1546 tres
2027 1488 2390 1558 evangelistas
2416 1486 2766 1558 obiurgatum
2834 1484 3004 1539 fuisse
3054 1490 3277 1536 ventum
3308 1475 3444 1532 dici-

1878 1591 1964 1636 tur
1992 1598 2007 1635 :
2033 1590 2085 1635 et
2117 1581 2255 1635 venti
2280 1580 2527 1635 obediunt
2586 1580 2637 1634 ei
2674 1579 2742 1632 ³⁷.
2776 1576 3024 1632 Christus
3048 1574 3209 1643 igitur
3234 1570 3442 1625 animas

1875 1689 2062 1728 eorum
2128 1672 2396 1727 inhabitat
2429 1673 2520 1743 qui
2579 1673 2854 1726 daemones
2904 1666 3259 1737 depulerunt;
3303 1661 3442 1731 quod

196 1778 411 1838 κξξεται
441 1752 562 1843 ταῖς
584 1780 801 1851 ψυχαῖς·
832 1783 959 1855 περ)⁸
978 1752 1038 1836 οὗ
1064 1783 1145 1849 τὸ,
1166 1752 1210 1838 ⁷ὁ
1237 1767 1377 1852 Θεό-ς
1400 1786 1517 1841 ἀπὸ
1552 1752 1777 1855 ὸαιμὰν

1891 1779 2006 1821 vero
2030 1765 2097 1819 ad
2124 1765 2276 1831 illud,
2309 1764 2450 1819 Deus
2473 1782 2505 1819 a
2536 1764 2789 1819 Thaemon
2825 1760 3014 1826 veniet,
3054 1758 3117 1811 ab
3152 1756 3345 1810 Austro
3396 1752 3441 1786 ³⁸

198 1864 356 1933 ἣξει,
389 1869 664 1922 τουτέστιν
686 1870 756 1924 ἐκ
788 1873 998 1927 Νότου.

730 1964 1125 2018 ΚΕΦΑΛᾹΙΟΝ
1169 1967 1244 2019 E'.

198 2048 477 2135 Ἅνοιξόν
502 2068 644 2135 μοι,Δ
659 2051 888 2135 ἀδελφή
905 2071 1043 2135 μκου,
1066 2055 1336 2135 πλησίον
1345 2074 1483 2125 μου,
1508 2070 1773 2135 περιστε-

190 2162 195 2165 .
260 2123 345 2195 ρά
367 2137 513 2195 μου,
542 2123 742 2195 τελεία
764 2140 909 2195 μου,
930 2124 1020 2177 ὅτι
1046 2127 1085 2194 ή
1103 2123 1472 2195 κεφαλήμου
1498 2123 1773 2193 ἐπλήσθη

269 2188 517 2257 δρόσου,
554 2192 651 2245 καὶ
665 2195 719 2246 οἱ
733 2188 1211 2271 βόστρυχοίμοὶ)
1234 2188 1515 2271 ψεὸιὶἱδων
1532 2188 1772 2269 rvitch

280 2281 623 2351 Ἀναγκαίως
646 2285 680 2355 ή
704 2284 796 2337 τοῦ
826 2286 927 2354 μοι
942 2286 1224 2358 προσθήκη
1254 2288 1347 2341 τοῦ
1370 2287 1632 2353 ἄνοιξον·
1660 2287 1775 2341 ἐστι

189 2372 307 2446 ,γὰρ
342 2376 436 2427 καὶ
478 2376 878 2447 ἀντικειμέναις
912 2379 1205 2450 δυνάμεσιν
1251 2379 1479 2444 ἀνοῖξαι·
1514 2381 1590 2443 ὡς
1649 2380 1777 2451 περὶ

196 2467 436 2539 ὀχληρᾶς
453 2468 510 2521 δὲ
529 2470 627 2540 τῆς
655 2470 846 2541 δρόσου
882 2470 1059 2541 λέγειν
1090 2472 1255 2536 δοκεῖ,
1289 2472 1484 2534 ὼς⁹καὶ
1519 2472 1645 2542 περὶ
1668 2471 1775 2525 τῶν

192 2561 299 2630 τῆς
324 2562 517 2626 νυκτὸς
540 2562 806 2633 ψεκάδων·
842 2564 1160 2618 ἀνάπαυλαν
1192 2564 1300 2635 γὰρ
1323 2554 1497 2617 ἔοικεν
1526 2563 1632 2618 ἀπὸ
1650 2564 1774 2617 τού-

197 2668 307 2705 των
322 2653 622 2722 ἐπιζητεῖν.
660 2654 950 2708 Ἀκόλουθα
989 2654 1163 2709 ταῦτα
1190 2658 1300 2719 τοῖς
1332 2654 1585 2727 πρώτοις·
1641 2654 1778 2727 μετὰ

196 2743 309 2814 γὰρ
339 2744 440 2815 τὴν
470 2744 763 2799 ἀνάστασιν
789 2745 1003 2817 εἰσῆλθε
1021 2747 1128 2801 τῶν
1145 2746 1323 2818 θυρῶν
1358 2747 1773 2818 κεκλεισμένων·

196 2838 294 2890 καὶ
334 2838 493 2891 καλεί
526 2839 617 2893 τὸν
653 2838 873 2910 Θωμᾶν,
905 2840 1000 2894 καὶ
1020 2858 1023 2861 ·
1044 2840 1109 2893 δι’
1140 2840 1303 2894 αὐτοῦ
1337 2842 1515 2893 πᾶσαν
1552 2840 1777 2894 ἄπιστον

196 2928 403 3000 ψυχὴν,
427 2930 633 2994 ἀνοῖξαι
652 2931 750 3003 τὴν
781 2932 914 2986 ίδίαν
947 2931 1173 3005 καρδίαν
1201 2935 1294 2987 καὶ
1308 2933 1404 3006 τήν
1431 2936 1527 3006 τῆς
1553 2934 1779 2988 ἀναστά-

200 3036 342 3084 σεως
388 3022 635 3091 χωρῆσαι
683 3022 1074 3096 πληροφορίαν·
1107 3024 1262 3078 καλεῖ
1286 3024 1341 3078 δὲ
1370 3024 1530 3079 αὑτὸν
1567 3026 1777 3079 τελείαν

196 3111 448 3215 εἰπόντα,
482 3114 515 3166 ό
544 3114 755 3181 Κύριός
776 3132 894 3182 μου
928 3114 1026 3167 καὶ
1058 3116 1089 3168 ὀ
1118 3115 1263 3180 Θεός
1279 3133 1418 3184 μου·
1445 3117 1478 3186 ή
1505 3115 1692 3186 δρόσος
1719 3116 1775 3169 δὲ
1804 3142 1850 3215 C
1880 3116 2021 3191 'cere.
2059 3130 2073 3165 :

197 3203 355 3365 ἓἒοῖ
397 3204 496 3275 τὴν
543 3205 681 3259 κατά
730 3205 821 3259 τὸν
863 3205 1056 3277 δρθρον
1093 3207 1405 3275 ἀνάστασιν,
1436 3209 1525 3261 ὅτε
1570 3210 1778 3263 κάτεισι

303 3312 415 3358 σος.
788 3341 790 3343 .
1088 3336 1093 3339 _

303 3312 415 3358 σος.

215 3388 555 3458 Ἀδελφιδός
586 3408 706 3460 μου
733 3391 1021 3460 παρῆλθε·
1052 3354 1224 3461 ψυχή
1256 3411 1374 3463 μου
1423 3393 1678 3464 ἐξῆλθεν
1713 3396 1781 3449 ἐν

788 3463 947 3532 λόγῳ
995 3463 1203 3517 αὐτοῦ.

188 3602 203 3634 ,_
287 3548 482 3603 Ἢνίκα
524 3550 819 3623 ἐφθασενή
867 3552 1050 3624 νύμφη
1105 3552 1166 3606 τὸ
1214 3553 1477 3626 κλεῖθρον,
1517 3553 1656 3608 ὥστε
1682 3557 1781 3627 τὴν

206 3640 385 3711 ψυχὴν
435 3643 771 3698 ἀναπετάσαι
817 3644 894 3716 τῷ
935 3646 1097 3717 λόγῳ,
1145 3646 1265 3699 τότε
1302 3647 1587 3718 μόνην.τὴν
1625 3652 1780 3720 χεῖρα

209 3734 303 3786 καί
328 3752 481 3797 τινας
509 3736 701 3790 ἑαυτοῦ
730 3737 907 3802 δείξας
928 3738 1153 3807 πράξεις
1174 3738 1559 3809 παρελήλυθεν,
1588 3740 1662 3804 ὡς
1681 3759 1782 3812 μη-

209 3823 358 3877 δέπω
382 3825 445 3877 τὸ
475 3826 635 3880 πλέον
665 3829 745 3891 είς
772 3828 898 3881 θέαν
917 3830 1199 3903 χωρούσης
1240 3831 1339 3901 τῆς
1384 3832 1617 3903 νύμφης·
1666 3834 1780 3903 ἆμα

209 3915 266 3969 δὲ
294 3918 386 3969 ml.
426 3920 699 3990 οἰκονομεῖ
746 3920 906 3974 πλέον
939 3922 1109 3993 αὐτῆς
1156 3925 1419 3976 ἐπιτεῖναι
1454 3923 1543 3977 τὸν
1582 3923 1776 3995 ἔρωτα·

212 4007 491 4079 ἐξέρχεται
522 4012 616 4065 καὶ
652 4013 880 4084 ἐκδημεῖ
908 4013 1002 4067 τοῦ
1038 4014 1286 4083 σῶματος
1314 4015 1347 4086 ὴ
1388 4014 1532 4087 ψυχὴ
1577 4015 1663 4068 διὰ
1691 4016 1780 4067 τὸν

208 4098 303 4151 τοῦ
363 4102 595 4171 νυμφίου
652 4102 807 4173 λόγον
870 4105 1065 4176 ἔχουσα
1122 4107 1179 4159 ἐν
1244 4104 1455 4178 οὐρανῷ
1513 4106 1574 4159 τὸ
1630 4105 1772 4159 πολίο

210 4207 407 4261 τευμα.

223 4281 511 4351 Ἐζήτησα
554 4282 759 4345 αὐτὸν,
803 4284 899 4337 καὶ
926 4285 1038 4353 οὐχ
1072 4281 1269 4354 εὗρον·
1299 4286 1562 4341 ἐκάλεσα
1600 4288 1782 4342 αὐτὸν

623 4354 719 4408 καὶ
744 4356 853 4422 οὐχ
877 4354 1191 4420 ὑπήκουσέ
1227 4374 1367 4425 μου.

276 4443 523 4514 Συνεχῶς
567 4445 600 4514 ἠ
642 4443 787 4515 ψυχὴ
808 4444 898 4498 τὸν
934 4446 1162 4516 νυμφίον
1190 4446 1346 4514 λόγον
1368 4446 1628 4517 ἐπιζητεῖ·
1684 4447 1776 4500 καὶ

209 4533 447 4606 εὑροῦσα
512 4535 673 4589 πάλιν
722 4537 930 4607 ἑτέροις
991 4535 1268 4608 ἀποροῦσα
1316 4536 1501 4608 ζητεῖ·
1554 4538 1779 4591 κάκεῖνα

211 4622 535 4695 θεωρήσασα
584 4625 740 4678 ποθεῖ
782 4626 881 4696 τήν
935 4626 1134 4697 ἐτέρων
1171 4625 1526 4697 ἀποκάλυψιν·
1560 4627 1661 4681 καὶ·
1692 4644 1780 4679 τυ-

210 4714 381 4784 χοῦσα
412 4716 634 4783 τούτων,
689 4719 774 4771 ἐπ’
824 4718 1002 4783 ἄλλοις
1041 4718 1254 4790 εὔχεται
1279 4719 1369 4772 τὸν
1396 4719 1626 4791 νυμφίον
1666 4720 1782 4774 ἐπι-

210 4808 273 4879 δη
283 4812 424 4879 μεῖν.

221 4900 561 4971 Ἃδελςριόός
582 4921 701 4973 μου
727 4905 947 4971 λευκὸς
967 4906 1064 4959 καὶ
1092 4904 1337 4973 πυρῤὸς,
1363 4905 1782 4973 ἐκλελοχισμέ-

708 4991 814 5040 νος
837 4974 955 5029 ἀπὸ
973 4974 1296 5045 μυριάδων.

283 5067 353 5123 Ἤ
385 5066 608 5133 λευκὸς
629 5068 815 5140 ἐπειδὴ
840 5070 868 5123 ὁ
895 5068 1026 5132 Θεὸς
1065 5069 1333 5141 ἀληθινὸς,
1359 5068 1582 5137 πιιρρὸς
1609 5068 1665 5122 δὲ
1695 5066 1783 5121 διὰ

205 5158 306 5229 τὴν
349 5158 645 5232 σάρκωσιν.

207 5251 457 5320 Κεφαλὴ
474 5250 674 5323 αὐτοῦ-
702 5252 957 5320 χρυσίον
997 5252 1202 5323 erased?
1228 5254 1563 5323 βόστρυχοι
1596 5252 1785 5307 αὐτοῦ

567 5320 794 5386 ἐλάται,
814 5320 1079 5393 μέλανες(
1114 5324 1194 5391 ὡς
1223 5323 1426 5393 κόραξ.

278 5411 342 5462 Οἱ
380 5408 664 5483 βόστρυχοι
711 5412 801 5466 διὰ
858 5414 955 5485 τὴν
1000 5416 1309 5486 πυκνότητα
1347 5414 1785 5487 παραϐάλλονται

208 5501 328 5603 ταῖς
349 5499 458 5553 τῶν
483 5503 737 5571 φοινίκων
769 5502 1004 5568 ἐλάταις,
1029 5504 1094 5566 ἃς
1120 5520 1280 5572 φασιν
1314 5504 1432 5557 ἀντὶ
1473 5502 1783 5575 σπέρματος

208 5592 347 5643 εἶναι
398 5595 521 5656 ταῖς
569 5592 807 5666 θηλείαις
867 5595 1113 5665 φοίνιξιν,
1167 5596 1305 5650 ὥστε
1348 5595 1555 5667 καρπὸν
1600 5594 1782 5664 φέρειν

1879 1856 2305 1929 intelligendum.
2798 1924 2800 1929 ’

2486 1945 2713 2002 CAPUT
2753 1944 2817 1999 V.

1876 2042 2040 2098 Vens.
2074 2041 2130 2098 9.
2185 2040 2345 2109 Aperi
2404 2038 2553 2100 mihi.
2577 2052 2740 2109 soror
2788 2051 2925 2098 mea,
2978 2034 3149 2109 amica
3170 2048 3309 2092 mea,
3355 2046 3444 2082 co-

1946 2112 2125 2167 lumba
2169 2105 2308 2174 mea,
2335 2108 2674 2162 immaculata
2710 2121 2858 2169 mea;
2910 2105 3034 2174 quia
3069 2111 3224 2174 caput
3269 2114 3439 2154 meum

1945 2183 2152 2251 plenum
2189 2190 2263 2235 est
2286 2173 2423 2244 rore,
2449 2188 2497 2233 et
2515 2178 2752 2236 cincinni
2769 2175 2869 2229 mei
2896 2173 3057 2244 guttis
3083 2173 3332 2226 noctium.

1946 2272 2265 2329 Necessario
2311 2279 2434 2341 post
2474 2269 2619 2337 aperi
2662 2267 2793 2321 mihi
2847 2266 3099 2329 additur;
3137 2260 3437 2317 cavendum

1876 2369 2020 2424 enim
2068 2363 2500 2422 tie-adversariis,
2523 2363 2885 2433 potestatibus
2940 2358 3249 2429 aperiatur;
3285 2353 3441 2426 quasi

1878 2462 1943 2518 de
1975 2460 2206 2516 molesto
2237 2471 2385 2521 rore,
2414 2454 2500 2510 vel
2522 2454 2586 2509 de
2610 2463 2879 2508 nocturno
2914 2451 3140 2506 humore
3190 2447 3321 2503 illud
3353 2446 3439 2501 di-

1876 2554 2050 2619 citur;
2100 2549 2345 2620 requiem
2377 2547 2522 2601 enim
2560 2560 2623 2600 ex
2685 2546 2751 2600 iis
2782 2544 2994 2598 videtur
3023 2554 3285 2612 quaerere.
3314 2536 3445 2605 Quae

1877 2644 2093 2716 quidem
2131 2640 2433 2712 ‘priorihus
2484 2644 2613 2692 sunt
2658 2648 2920 2705 congrua.
2964 2632 3253 2702 Postquam
3296 2629 3445 2685 enim

1878 2737 2120 2793 surrexit
2168 2733 2450 2804 ingressus
2493 2738 2576 2785 est
2607 2728 2837 2784 occlusis
2872 2726 3092 2796 januis;
3149 2733 3205 2780 et
3250 2722 3447 2777 invitat

1878 2831 2163 2896 Thomam,
2192 2837 2247 2883 et
2292 2841 2390 2897 per
2408 2839 2530 2879 eum
2555 2838 2769 2878 omnem
2822 2818 3155 2875 incredulam
3184 2806 3442 2877 animam,

1876 2924 2154 2995 praprium
2208 2936 2304 2977 cor
2353 2921 2590 2988 aperire,
2640 2918 2965 2988 plenamque
3028 2909 3446 2968 resurrectionis

1883 3020 2040 3075 Iidem
2069 3019 2353 3087 accipere;
2386 3014 2580 3069 invitat
2612 3014 2738 3067 eum
2782 3008 3033 3066 omnibus
3067 3006 3335 3061 absolutis
3365 3003 3447 3059 di-

2132 3110 2387 3165 Dominus
2432 3124 2575 3163 meus
2625 3116 2672 3159 et
2734 3102 2871 3157 Deus
2911 3116 3077 3154 meus.
3104 3099 3214 3153 Ros
3266 3106 3445 3151 autem

1882 3188 2121 3259 ostendit
2191 3202 2511 3256 matutinum
2550 3197 3049 3259 resurrectionem;
3118 3204 3276 3245 mane
3298 3188 3453 3243 enim.

1884 3312 1973 3351 ros
1995 3294 2211 3350 decidit.

1882 3389 2047 3444 Vsus.
2076 3387 2130 3442 6.
2163 3386 2228 3439 At
2253 3386 2339 3439 ille
2361 3384 2711 3439 declinaverat
2736 3391 2892 3451 atque
2923 3378 3223 3433 transierat.
3258 3375 3446 3429 Anima

2175 3473 2288 3510 mea
2319 3456 2600 3524 liquefacta
2638 3462 2713 3507 est
2741 3463 2798 3506 ut
2827 3452 3031 3505 locutus
3051 3458 3147 3503 est.

1951 3551 2088 3605 Cum
2117 3550 2182 3605 ad
2240 3548 2515 3619 pessulum
2571 3560 2764 3616 sponsa
2796 3554 3071 3613 properat,
3114 3539 3179 3594 ad
3209 3538 3440 3593 animam

1880 3640 2048 3697 verbo
2091 3638 2555 3707 patefaciendam,‘
2593 3646 2720 3691 tunc
2748 3651 2908 3689 unam
2946 3646 3164 3687 manum
3198 3640 3253 3685 et
3278 3641 3446 3698 quos-

1882 3727 2207 3810 damipsius
2248 3726 2540 3782 ostendens
2573 3732 2752 3790 actus,
2789 3722 3071 3793 praeteriit,
3112 3720 3264 3791 quasi
3304 3732 3443 3773 non-

1881 3816 2006 3875 dum
2093 3819 2409 3889 plerumque
2469 3816 2536 3872 ad
2618 3814 3127 3883 contemplationem
3196 3811 3448 3867 veniente

1882 3925 2116 3981 sponsa;
2165 3911 2309 3981 quod
2357 3909 2521 3965 simul
2562 3908 2621 3963 ﬁt
2674 3916 2735 3961 ut
2776 3906 2927 3962 illius
2979 3904 3150 3975 magis
3189 3910 3449 3975 augeatur

1885 4017 2059 4058 amor.
2091 4002 2377 4073 Egreditur
2417 4000 2729 4069 receditque
2787 4012 2817 4052 a
2855 4010 3085 4065 corpore
3119 3994 3297 4049 anima
3324 4007 3447 4062 proe

1883 4102 2003 4165 pter
2030 4095 2212 4165 sponsi
2245 4094 2491 4159 verbum,
2523 4092 2728 4148 habens
2756 4092 2809 4145 in
2844 4088 2981 4145 cmlo
3042 4087 3339 4141 civitatem.

1887 4273 2048 4330 Vens.
2074 4274 2123 4331 9.
2158 4272 2390 4339 Quaesivi
2412 4273 2563 4327 illum
2598 4283 2644 4326 et
2677 4288 2779 4326 non
2807 4271 2999 4335 inveni,
3031 4283 3205 4324 vocavi
3242 4282 3362 4322 eum
3397 4276 3446 4322 et

2374 4361 2479 4399 non
2512 4343 2777 4412 respondit
2802 4340 2950 4394 mihi.

1952 4436 2219 4507 Perpetuo
2244 4436 2426 4489 anima
2481 4434 2662 4503 sponsi
2694 4434 2918 4488 verbum
2960 4430 3186 4501 quaerit;
3213 4438 3269 4485 et
3321 4441 3445 4483 cum

1880 4531 2169 4597 invenerit,
2228 4544 2415 4585 rursus
2475 4530 2544 4583 ab
2599 4528 2720 4583 aliis
2760 4525 3005 4595 indigens
3045 4525 3283 4593 petit;et
3319 4535 3442 4576 cum

1883 4624 1970 4680 illa
2003 4622 2473 4693 contemplaverit,
2504 4630 2825 4678 caeterorum
2850 4618 2998 4688 cupit
3027 4617 3440 4681 revelationem;

1881 4718 2181 4786 horumque
2206 4727 2447 4785 compos,
2480 4714 2547 4769 ad
2600 4712 2701 4768 alia
2726 4720 2982 4783 precatur
3035 4723 3293 4780 sponsum
3353 4708 3441 4764 de-

1881 4808 2158 4865 sccndere.

1884 4901 2046 4956 Vens.
2108 4897 2197 4957 10.
2232 4890 2464 4953 Dilectus
2506 4913 2651 4952 meus
2704 4896 2963 4950 candidus
3006 4906 3055 4948 et
3102 4892 3445 4957 rubicundus,

2388 4968 2583 5024 electus
2606 4984 2670 5022 ea;
2689 4967 2939 5020 millibus.

1952 5063 2137 5129 Albus,
2170 5062 2299 5133 quia
2330 5060 2499 5147 Deus
2532 5074 2712 5123 verus,
2764 5056 3089 5111 rubicundus
3121 5065 3343 5127 propter
3368 5054 3449 5109 in-

1882 5153 2276 5209 carnationem.

1890 5244 2050 5301 Vsus.
2076 5246 2162 5299 Η.
2192 5244 2362 5311 Caput
2406 5244 2519 5312 ejus
2552 5259 2741 5297 aurum
2791 5244 3043 5310 optimum
3075 5257 3093 5295 :
3138 5256 3301 5295 coma:
3335 5255 3450 5309 ejus

2028 5316 2162 5369 sicut
2188 5315 2341 5369 elata:
2362 5314 2678 5383 palmarum,
2712 5314 2873 5384 nigra:
2923 5313 3074 5383 quasi
3098 5328 3305 5366 corvus.

1952 5408 2130 5463 Coma:
2184 5413 2411 5476 propter
2431 5406 2751 5461 densitatem
2797 5422 2918 5461 cum
2949 5404 3248 5476 palmarum
3274 5402 3465 5459 elatos.

1883 5505 2293 5568 comparantur,
2361 5511 2497 5566 quas
2543 5496 2731 5550 dicunt
2773 5496 3001 5550 seminis
3047 5495 3167 5550 loco
3199 5510 3318 5551 esse
3364 5492 3445 5547 fe-

1889 5589 2084 5645 mineis
2142 5588 2355 5657 palmis,
2414 5597 2472 5641 ut
2552 5586 2883 5642 esculentum
2943 5585 3175 5641 fructum
3231 5586 3446 5651 l'crant;

285 5776 329 5807 ³³
354 5777 544 5835 Matth.
576 5794 700 5851 xm,
729 5781 815 5836 ιε.
891 5782 933 5814 ³⁸
956 5781 1020 5837 lll
1054 5780 1182 5852 Reg.
1216 5796 1325 5847 χιιι,
1356 5780 1408 5838 2.
1499 5780 1541 5812 ³⁷
1568 5776 1755 5836 Matth.

1891 5814 1906 5841 ,
1934 5774 1999 5829 27
2025 5791 2038 5842 ;
2072 5771 2234 5831 Marc.
2259 5786 2334 5838 tv,
2363 5770 2433 5826 40
2452 5788 2475 5839 ;,
2504 5769 2629 5827 Luc.
2668 5784 2785 5836 vm,
2808 5768 2897 5825 25.
2974 5770 3017 5803 ³⁸
3045 5768 3245 5825 Hahae.
3275 5783 3350 5830 ιιι,
3388 5767 3438 5819 5.
