3888 6218
411 333 517 391 9.75

1298 297 1859 389 SUPPLDME‘NTUM
1895 328 1985 384 AD
2026 327 2348 384 ORIGENIS
2390 324 2797 382 EXEGETICA.

3556 323 3667 379 2-76

412 460 635 523 propter
699 464 828 506 vero
862 448 1289 519 profunditatem
1343 434 1646 504 steruorum
1701 451 1854 519 quasi
1898 434 2036 508 ca-i‘

2130 446 2363 519 Ξῴδιμον·
2390 446 2478 499 διὰ
2509 446 2565 498 δέ
2588 446 2684 516 τὴν
2709 442 2984 514 βαθύτητα
3010 441 3117 494 τῶν
3145 441 3329 514 ὥσπερ
3358 439 3671 511 ἐκφυέντων

416 544 668 613 pillorum
715 557 1045 607 sermonum,
1098 542 1264 611 nigrae
1316 542 1659 596 laudabiliter
1698 543 1982 595 nominan-

2091 539 2209 591 ἀντὶ
2235 538 2435 609 τριχῶν
2464 537 2759 607 λογισμῶν,
2789 534 3011 607 μέλανες
3046 534 3343 597 ἐπαινετῶς
3372 533 3670 604 ὀνομάζον-

420 645 531 700 tur,
559 644 719 704 prout
773 635 836 688 ad
872 635 1052 703 sponsi
1103 634 1561 703 pulchritudinem
1613 643 1883 704 spectant.
1921 630 1988 685 Ut

2130 647 2200 692 αι,
2227 630 2302 701 τῷ
2336 629 2426 683 τοῦ
2452 630 2681 700 νυμφίου
2711 627 3137 699 συμϐαλλόμενοι
3164 626 3365 680 κάλλει·
3405 626 3467 678 τὸ
3491 626 3563 685 δὲ,
3587 628 3672 693 ὡς

420 745 602 783 corvus
637 742 786 794 vero,
821 744 923 781 non
960 737 1166 781 tantum
1195 728 1386 796 opinor
1435 736 1657 796 propter
1713 727 1984 789 colorem;

422 822 617 889 quippe
655 819 953 890 symbolice
998 820 1243 889 designat
1290 817 1733 888 profundissimas
1779 818 1993 887 plenas-

422 927 527 979 que
551 911 797 982 caligiuis
832 920 884 965 et
913 912 1155 967 humoris
1189 912 1241 964 in
1262 910 1502 965 nubibus
1540 924 1738 963 auras:
1764 909 1830 963 de
1869 908 1985 976 qui.

422 1002 524 1057 bus
554 1000 654 1057 Job
706 1003 881 1056 dixit:
934 1001 1063 1066 Quis
1106 1010 1370 1068 prwparat
1413 1016 1566 1054 corvo
1618 1016 1791 1053 escam
1820 1014 1990 1063 suam,

423 1093 633 1163 quando
656 1092 787 1162 pulli
821 1094 933 1163 ejus
956 1092 1185 1145 clamant
1207 1093 1274 1145 ad
1302 1091 1465 1145 Deum
1491 1092 1534 1122 ³⁹
1556 1092 1577 1145 ?
1607 1091 1825 1145 Paravit
1848 1092 1991 1145 enim

425 1186 865 1254 profundissimis
903 1195 1132 1239 tuentem
1187 1186 1406 1237 multam
1468 1199 1647 1238 escam
1675 1184 1833 1246 Deus,
1861 1199 1996 1253 quo-

428 1292 545 1331 rum
602 1277 868 1347 discipuli,
938 1277 1081 1332 velut
1120 1277 1247 1346 pulli
1317 1277 1570 1345 precibus
1627 1284 1899 1341 vacantes,
1928 1281 1995 1328 att

428 1373 714 1427 Dominmn
764 1373 1169 1435 clamaverunt,
1239 1372 1526 1426 errabundi
1599 1379 1653 1424 et
1701 1379 2000 1439 quaerentes

431 1464 686 1519 alimenta
717 1466 768 1518 iu
803 1464 869 1517 iis
899 1464 1096 1533 quibus
1141 1464 1399 1535 indigent.
1498 1510 1503 1511 κ

431 1555 597 1611 ‘Ilms.
631 1555 719 1609 15.
743 1554 901 1609 Cena:
945 1554 1090 1637 illius
1115 1558 1249 1636 sicut
1301 1555 1492 1637 areola:
1548 1564 1842 1608 aromatum
1873 1570 1997 1607 con-

921 1639 1035 1679 sita:
1066 1644 1096 1678 a
1135 1638 1517 1695 pigmentams.

502 1718 608 1773 Per
648 1733 813 1787 genas
839 1716 1041 1771 Christi
1100 1717 1431 1787 intelligendi
1481 1726 1607 1771 sunt
1641 1717 1733 1784 qui
1767 1715 1998 1769 ministri

2092 721 2296 791 κόραξ,
2330 723 2426 792 οὑχ
2455 721 2637 784 ἁπλῶς
2668 717 2820 791 οἶμαι
2843 719 2931 773 διὰ
2961 718 3021 771 τὸ
3048 719 3260 792 χρῶμα’
3316 718 3581 790 σύμϐολον
3614 719 3675 775 δὲ

2093 817 2200 870 τῶν
2234 816 2547 886 βαθυτάτων
2578 812 2715 870 εἷναι
2750 817 2843 869 καὶ
2898 814 3338 887 πεπληρωμένων
3392 813 3672 867 σκοτεινοῦ

2096 908 2286 972 ὓδατος
2317 910 2375 963 ἐν
2402 909 2650 978 νεφέλαις
2673 909 2870 978 ἀέρων·
2904 908 3031 979 περὶ
3057 900 3130 960 ὧν
3157 901 3309 959 εἶπεν
3337 908 3366 959 ὁ
3401 905 3538 959 Ἱώϐ·
3575 906 3675 970 Τίς

2095 1001 2164 1054 δὲ
2188 1003 2479 1071 ἡτοίμασε
2496 1004 2704 1071 κόρακι
2718 999 2947 1069 βοράν;
2971 1000 3218 1054 νεοσσοὶ
3238 998 3306 1051 δὲ
3319 996 3505 1051 αὑτοῦ
3524 998 3676 1065 πρὸς

2097 1097 2314 1171 Κύριον
2349 1095 2744 1163 κεκράζονται’
2780 1094 3039 1165 ἡτοίμασε
3072 1092 3178 1164 γὰρ
3222 1094 3331 1155 τοῖς
3360 1090 3679 1161 βαθυτέροις

2099 1190 2187 1242 τὸν
2210 1189 2351 1253 νοῦν,
2389 1189 2587 1261 πολλὴν
2623 1190 2868 1261 τροφὴνὸ
2903 1187 3054 1251 Θεὸς,
3081 1180 3153 1239 ὧν
3187 1187 3234 1239 οἱ
3261 1183 3496 1256 μαθηταὶ
3521 1199 3679 1236 νεοσ-

2103 1286 2184 1336 σοὶ
2239 1285 2420 1354 εὐχαῖς
2473 1282 2840 1353 σχολάζοντες,
2889 1280 3023 1352 πρὸς
3078 1279 3278 1349 Κύριον
3320 1277 3677 1346 κεκράγασιν·

2103 1372 2442 1443 πλανώμενοι
2492 1372 2585 1424 καὶ
2642 1370 2928 1442 ζητοῦντες
2972 1370 3039 1423 τὰ
3078 1371 3134 1422 ἐν
3165 1369 3345 1433 αὐτοῖς
3372 1369 3682 1437 ἐπαπορουο

2107 1467 2283 1537 μένοις
2318 1467 2408 1519 ὑπ’
2435 1464 2612 1518 αὐτῶν
2643 1464 2784 1517 σιτά.

2102 1558 2382 1627 Σιαγόνες
2406 1556 2590 1611 αὐτοῦ
2614 1556 2695 1621 ὠς
2718 1553 3050 1677 522533;?
3072 1552 3395 1623 ἀρώματος,
3418 1552 3686 1622 φύουσιν

2724 1642 3043 1695 μυρεψικα.

2177 1721 2436 1789 Σιαγόνας
2470 1718 2703 1789 Χριστοῦ
2736 1718 2858 1780 τοὺς
2890 1714 3337 1785 διακονουμένους
3362 1713 3503 1784 λόγῳ
3545 1710 3686 1767 Θεοῦ

436 1811 564 1865 facti
596 1822 721 1865 sunt
755 1812 922 1865 verbo
951 1810 1047 1863 Dei
1103 1821 1156 1863 et
1182 1809 1420 1881 spiritali
1462 1824 1604 1864 esca.
1640 1809 1866 1878 Propter
1891 1809 2008 1876 qui-

2130 1814 2204 1866 ιαὶ
2247 1816 2417 1885 τροφῇ
2455 1813 2793 1882 πνευματικῇ
2827 1808 3063 1878 νοητέον·
3100 1806 3186 1859 διὰ
3227 1806 3325 1877 μὲν
3352 1805 3449 1877 τὴν
3484 1805 3693 1877 πληρό-

437 1906 559 1960 dem
623 1904 1015 1973 plenitudinem
1072 1904 1197 1959 boni
1250 1904 1435 1960 odoris
1493 1905 1757 1959 bonorum
1786 1915 2006 1970 operum

434 1997 855 2068 verborumque,
907 1996 1103 2052 arcolis
1171 2007 1472 2051 aromatum
1523 1996 1805 2052 assimilati
1851 2004 2006 2058 sunt;

437 2099 661 2157 propter
692 2104 819 2143 vero
843 2091 1113 2145 consitum
1148 2090 1199 2142 in
1231 2089 1310 2141 eis
1363 2086 1709 2156 multiplicem
1773 2087 1825 2138 in
1862 2084 2008 2137 omni

441 2180 851 2234 coordinatione
879 2181 1164 2251 scripturae
1193 2193 1499 2232 sermonem
1549 2192 1763 2244 semper
1804 2175 2012 2229 fructus

441 2283 608 2325 suave
631 2269 842 2325 olentes
876 2273 1288 2325 fructificantes.

441 2358 607 2414 Vens.
662 2361 747 2417 14.
767 2361 950 2415 Venter
974 2362 1089 2431 ejus
1120 2362 1269 2432 pyxis
1301 2362 1544 2422 eburnea,
1577 2359 1852 2412 distinctor
1892 2374 2011 2426 sap-

1132 2434 1319 2500 phiris.

514 2524 720 2581 Venter
752 2526 901 2581 verbi
930 2527 1307 2596 mysteriorum
1363 2540 1593 2593 capaces
1620 2523 1813 2586 innuit,
1852 2523 1904 2577 id
1934 2530 2016 2576 est

444 2625 664 2684 paratos
730 2620 795 2670 ad
858 2616 1005 2670 intus
1056 2617 1497 2685 suscipiendum;
1546 2614 1701 2683 pyxis
1740 2628 1889 2673 vero,
1947 2611 2015 2665 ad

444 2705 768 2759 servandum
809 2706 1065 2773 idoneos;
1092 2705 1433 2773 splendorem
1486 2704 2017 2776 pelluciditatemque

446 2797 585 2851 ebur
638 2796 932 2866 significat.
992 2795 1137 2850 Talis
1162 2805 1368 2864 venter,
1422 2798 1536 2853 hzec
1567 2798 1725 2868 pyxis
1752 2797 2016 2858 eburnea,

447 2886 689 2955 sapphiri
739 2887 917 2954 lapide
995 2886 1386 2956 distinguitur,
1438 2889 1531 2956 qui
1590 2898 1676 2941 est
1745 2885 2014 2939 Christus.

448 2979 767 3047 Quicunque
812 2980 977 3049 igitur
1029 2989 1216 3035 venter
1268 2979 1422 3034 verbi
1468 2989 1575 3047 est,
1600 2981 1686 3043 hic
1718 2979 1922 3046 absque
1946 2975 2017 3029 ti-

454 3085 611 3125 more
647 3069 927 3123 Dominum
954 3069 1005 3123 in
1037 3078 1225 3123 ventre
1253 3070 1500 3137 suscipit,
1537 3069 1787 3138 paritque
1826 3064 2018 3120 salutis

2110 1922 2245 1975 τητα
2293 1905 2390 1972 τῆς
2423 1903 2650 1965 εὐωδίας
2681 1901 2788 1954 τῶν
2831 1898 3008 1953 καλῶν
3041 1897 3216 1969 ἔργων
3240 1896 3333 1949 καὶ
3365 1896 3555 1963 λόγων,
3589 1898 3690 1949 ἐοι-

2112 1996 2272 2059 κότας
2290 1995 2503 2067 φιάλαις
2527 1993 2620 2046 τοῦ
2649 1992 2956 2064 ἀρώματος·
2981 1989 3069 2043 διὰ
3089 1989 3145 2040 δὲ
3171 1987 3232 2041 τὸ
3253 1990 3617 2061 ἐρῤιζωμένον
3632 1992 3693 2042 ἐν

2113 2090 2301 2152 αὑταῖς
2345 2088 2584 2142 ποικίλον
2609 2090 2665 2140 ἐν
2690 2086 2838 2158 πάσῃ
2868 2083 3111 2137 συνθέσει
3161 2084 3378 2152 γραφῆς
3401 2081 3555 2150 λόγον
3605 2081 3695 2135 ἀεὶ

2114 2181 2594 2253 καρποφοροῦντας
2622 2198 2691 2250 μυ
2699 2178 2939 2250 ρεψικόν.
3472 2166 3475 2171 ’

2115 2367 2323 2420 Κοιλία
2338 2365 2522 2419 αὐτοῦ
2548 2363 2768 2428 πυξίον
2790 2362 3201 2487 ἐλῗφὰντινον,
3226 2361 3323 2415 ἐπὶ
3344 2360 3515 2415 λίθου
3546 2372 3699 2413 σαπ-

2781 2452 2852 2487 cos
2881 2452 3006 2487 00v.

2779 2452 3006 2503 508tp0v.

2184 2530 2376 2582 Κοιλία
2420 2528 2536 2581 ἐστί
2577 2526 2669 2581 τοῦ
2700 2526 2881 2594 λόγου,
2913 2528 2960 2579 οἰ
3012 2524 3307 2598 χωρητικοὶ
3339 2523 3447 2576 τῶν
3489 2539 3700 2593 μυστη-

2121 2622 2270 2693 ρίων,
2313 2621 2585 2673 τουτέστιν
2611 2622 2658 2672 οἱ
2703 2619 2869 2672 κοῖλοι
2904 2618 3039 2690 πρὸς
3090 2616 3369 2687 ὑποδοχήν·
3398 2615 3585 2681 πυξίον
3618 2614 3699 2677 δὲ,

2116 2718 2166 2767 οἱ
2207 2714 2343 2785 πρὸς
2369 2714 2686 2785 διατήρησιν
2726 2711 3042 2783 ἐπιτήδειον
3078 2713 3220 2765 κατὰ
3258 2712 3315 2764 δὲ
3359 2709 3419 2762 τὸ
3447 2709 3702 2779 λαμπρὸν

2119 2810 2213 2862 καὶ
2242 2808 2411 2877 σαφὲς
2466 2806 2806 2876 ἐλεφάντινον
2862 2801 3002 2859 εἶναι
3035 2805 3269 2872 λέγεται·
3308 2805 3340 2875 ἡ
3374 2803 3429 2856 δέ
3475 2802 3700 2873 τοιαύτη

2119 2902 2316 2966 κοιλία,
2351 2902 2411 2954 τὸ
2442 2899 2629 2964 πύξιον
2675 2900 2736 2952 τὸ
2788 2898 3150 2967 ἐλεφάντινον,
3200 2896 3522 2967 ἐπιϐέϐληκε
3568 2896 3704 2966 λίθῳ

2122 2991 2428 3062 σαπφείρῳ,
2462 2992 2520 3054 ὃς
2549 2993 2663 3043 ἐστι
2697 2990 2950 3061 Χριστόςο
2987 2990 3101 3042 ὅσοι
3131 2986 3221 3043 οὖν
3249 2991 3352 3042 εἰσι
3383 2988 3558 3041 κοιλία
3606 2987 3703 3040 τοῦ

2050 3132 2058 3138 .
2122 3081 2299 3150 λόγου,
2330 3076 2473 3135 οὗτοι
2505 3081 2612 3135 ἀπὸ
2640 3079 2732 3133 τοῦ
2760 3081 2924 3149 φόϐου
2950 3080 3151 3150 Κύριον
3177 3081 3234 3131 ἐν
3266 3079 3459 3149 γαστρὶ
3494 3077 3708 3148 λαμϐά-

450 3162 724 3231 spiritum.
787 3161 1129 3231 Quapropter
1162 3171 1216 3216 et
1268 3172 1457 3216 venter
1486 3161 1719 3215 victimae
1754 3144 1829 3213 in-
1868 3156 2019 3212 Levi-

2130 3192 2295 3239 νουσι,
2326 3174 2421 3227 καὶ
2445 3173 2689 3227 τίκτουσι
2719 3172 2931 3243 πνεῦμα
2968 3173 3257 3243 σωτηρίας-
3288 3171 3376 3225 διὰ
3402 3171 3561 3225 τοῦτο
3611 3172 3707 3225 καὶ

453 3252 561 3307 ῑὶῡο
583 3252 819 3307 abluitur
844 3253 911 3317 ⁸ο,
942 3262 998 3305 ut
1034 3253 1168 3306 nihil
1202 3255 1457 3309 stercoris
1486 3253 1703 3309 habeat.

1060 3433 1283 3489 CAPUT
1318 3437 1404 3491 Vl.

391 3510 400 3520 ’
457 3517 621 3577 Vnus.
658 3522 724 3592 5.
751 3520 977 3578 Pulchra
1034 3541 1106 3589 es,
1161 3530 1330 3580 amica
1366 3544 1501 3592 mea,
1539 3531 1716 3584 suavis
1749 3540 1796 3584 et
1839 3532 2028 3584 decora

526 3593 662 3715 sicut
694 3590 1013 3659 Jerusalem,
1041 3596 1287 3651 terribilis
1339 3606 1395 3651 ut
1430 3590 1723 3655 castrorum
1762 3604 1900 3657 acies
1942 3618 2031 3655 or-

527 3682 543 3715 t
566 3673 730 3715 mata.

527 3673 730 3715 amata.

528 3755 647 3821 Quo
673 3755 841 3825 magis
888 3771 1084 3826 sponso
1117 3758 1175 3812 fit
1222 3760 1464 3829 propior,
1496 3761 1818 3819 clarioribus
1860 3766 2031 3835 tequi-

459 3855 706 3916 paratur.
741 3846 872 3899 Cum
902 3848 1047 3900 enim
1080 3847 1227 3902 illam
1258 3848 1567 3917 pulchram,
1606 3852 1903 3908 formosam
1944 3864 2030 3908 at-

460 3953 566 4007 que
613 3938 844 3992 amicam
892 3939 1291 4007 prtedicaverit,
1346 3941 1494 3997 addit
1532 3944 1667 3997 sicut
1694 3943 2031 4010 Jerusalem;

464 4030 756 4085 terribilem
802 4046 1016 4105 quoque
1062 4031 1355 4100 perfectam
1405 4036 1482 4088 ait
1535 4036 1871 4103 Ecclesiam;
1921 4040 2035 4093 sive

463 4122 793 4177 adversariis
847 4123 1229 4190 potestatibus.
1264 4137 1383 4191 quae
1417 4123 1597 4179 vultus
1630 4125 1746 4193 ejus
1794 4126 2036 4195 pulchri-

467 4213 704 4267 tudinem
736 4212 981 4267 contueri
1014 4223 1320 4282 nequeunt;
1372 4215 1489 4269 sive
1523 4215 1877 4273 inferioribus
1899 4218 2035 4287 ipsa,

465 4322 587 4375 quae
637 4308 889 4361 videntur
934 4294 1156 4362 omnino
1214 4308 1495 4362 instructae
1552 4319 1716 4380 atque
1754 4312 2034 4367 ordinatae.

466 4398 827 4471 Symmachus
856 4415 985 4455 vero
1020 4400 1129 4454 edit
1161 4416 1175 4453 :
1208 4416 1311 4454 non
1337 4401 1600 4455 ordinata:
1647 4403 1824 4467 acies;
1853 4414 2041 4474 stupor

2126 3270 2159 3338 ἡ
2180 3266 2356 3321 κοιλία
2372 3266 2469 3337 τῆς
2495 3264 2679 3329 θυσίας
2699 3267 2756 3319 ἐν
2786 3264 2864 3336 τῷ
2890 3264 3158 3336 Λευιτικῷ
3195 3265 3470 3331 πλύνεται,
3496 3265 3571 3328 ὡς
3602 3282 3708 3335 μη-

2126 3358 2212 3413 δὲν
2246 3357 2389 3428 ἔχειν
2419 3356 2717 3427 κοπρῶδες.

2654 3446 3049 3499 ΚΕΦΑΛΑΙΟΝ
3090 3449 3177 3513 cr.

2129 3537 2295 3607 Καλὴ
2338 3534 2408 3602 εἴ,
2437 3540 2475 3607 ἡ
2513 3539 2778 3605 πλησίον
2793 3556 2932 3607 μου,
2980 3538 3059 3601 ὡς
3099 3535 3362 3599 εὐδοκία,
3388 3535 3572 3603 ὡραία
3627 3537 3709 3601 ὡς

2317 3610 2733 3677 Ἰερουσαλὴμ,
2789 3606 3007 3677 θάμϐος
3041 3608 3120 3673 ὡς
3164 3606 3528 3676 τεταγμέναι.

2204 3764 2364 3817 Ὅσον
2414 3763 2642 3834 πλησίον
2692 3762 2899 3831 γίνεται
2946 3760 3041 3815 τοῦ
3096 3760 3352 3831 νυμφίου,
3406 3758 3711 3831 κρείττοσιν

2132 3857 2504 3921 ἁπεικάζεται“
2546 3856 2623 3926 τῷ
2650 3856 2760 3927 γὰρ
2787 3854 2945 3923 καλὴ
2974 3855 3068 3908 καὶ
3096 3853 3278 3927 ὡραία
3305 3854 3399 3905 καὶ
3420 3852 3710 3918 πλησίον,

2134 3949 2439 4021 προσέθηκε
2460 3949 2520 4001 τὸ
2560 3949 2641 4015 ὡς
2678 3946 3081 4016 Ἰερουσαλήμ·
3130 3946 3225 4000 καὶ
3264 3943 3713 4013 καταπληκτικὴν

2134 4043 2189 4095 δὲ
2224 4044 2322 4114 τὴν
2359 4042 2783 4114 τετελειωμένην
2818 4042 2980 4111 φησὶν
3023 4039 3363 4110 Ἐκκλησίαν·
3400 4038 3473 4107 πῆ
3507 4036 3625 4107 μέν,
3655 4039 3719 4089 ἐν

2134 4138 2255 4198 ταῖς
2276 4134 2674 4205 ἀντικειμέναις
2702 4133 3015 4204 δυνάμεσιν,
3043 4133 3103 4184 ού
3130 4131 3451 4201 δυναμέναις
3476 4128 3719 4183 ἐνατενί-

2137 4228 2249 4297 ζειν
2272 4226 2349 4298 τῷ
2378 4227 2560 4281 κάλλει
2591 4226 2684 4279 τοῦ
2714 4227 3005 4296 προσώπου
3049 4225 3235 4295 αὐτῆς
3269 4224 3343 4294 πῆ
3380 4223 3436 4276 δέ
3476 4223 3570 4281 καὶ
3594 4224 3721 4284 ταῖς

2138 4318 2550 4388 ὑποδεεστέραις
2582 4316 2772 4386 αὐτῆς,
2805 4316 3067 4378 ἐοικυίαις
3098 4318 3215 4377 ταῖς
3254 4312 3612 4383 τεταγμέναις
3658 4314 3721 4364 ἐν

2137 4411 2217 4483 τῷ
2247 4414 2410 4465 παντὶ
2442 4409 2857 4464 καταστάσεσινσ
2881 4412 2909 4461 ὁ
2938 4409 2993 4462 δὲ
3021 4407 3332 4478 Σύμμαχος·
3354 4409 3424 4459 οὐ
3442 4404 3722 4474 τεταγμέ-

464 4493 610 4546 enim
641 4501 790 4554 sunt.
824 4493 979 4563 quasi
1005 4492 1149 4547 acies
1184 4493 1446 4547 instructa
1473 4493 1720 4548 hostibus
1768 4504 2029 4551 terrorem

2140 4520 2238 4557 ναι
2254 4501 2628 4570 παρατάξεις·
2647 4499 2868 4571 ,θάμϐος
2898 4500 3007 4571 γάρ
3035 4501 3170 4552 εἰσιν
3194 4499 3268 4562 ὡς
3292 4498 3478 4568 τάγμα
3512 4513 3722 4567 παρεμ-

466 4585 816 4639 incutientes.

469 4698 636 4755 Vsus.
670 4701 724 4754 4.
756 4699 937 4753 Averte
966 4698 1144 4753 oculos
1173 4708 1289 4752 tuos
1325 4715 1356 4751 a
1381 4714 1485 4761 me,
1506 4699 1633 4767 quia
1662 4698 1763 4769 ipsi
1792 4716 1871 4754 me
1916 4721 2039 4759 αυο.

1060 4770 1169 4822 lare
1195 4769 1449 4837 fecerunt.

533 4859 781 4915 Ecclesia
838 4860 1005 4915 decus
1049 4869 1103 4914 et
1148 4860 1612 4933 pulchritudinem
1659 4865 1863 4922 Christi
1912 4883 2041 4922 con-

470 4953 664 5020 spicit;
693 4962 867 5021 potest
898 4953 1192 5020 perfectius
1215 4954 1332 5023 ejus
1361 4958 1703 5014 divinitatem
1748 4961 2038 5029 inSpicere,

470 5055 628 5113 prout
655 5047 836 5100 omnia
868 5061 963 5116 per
986 5047 1161 5116 ipsum
1192 5048 1334 5104 facta
1361 5062 1507 5106 sunt.
1556 5052 1793 5109 Maxime
1829 5055 2041 5108 Iaztatur

471 5136 749 5192 oculorum
782 5149 1050 5207 potestate
1080 5140 1259 5195 anima
1292 5144 1405 5197 sive
1431 5145 1708 5209 Ecclesiae,
1743 5146 1858 5201 sive
1893 5147 2040 5200 verbi

472 5243 706 5297 sponsae.
765 5230 881 5285 Alis
905 5232 1073 5301 ipsam
1125 5236 1346 5291 avolare
1397 5238 1750 5293 rationalibus
1785 5239 1849 5291 ad
1886 5253 2045 5291 auras

467 5322 637 5389 jubet,
703 5333 762 5378 ut
815 5327 881 5377 ad
949 5325 1228 5398 fastigium
1259 5329 1443 5383 veniat
1495 5330 1866 5397 perfectionis,
1903 5340 2043 5385 utet

473 5417 587 5485 ipsa
620 5432 743 5472 eum
782 5418 967 5474 videat
1021 5422 1344 5488 avolantem,
1375 5436 1473 5476 nec
1498 5423 1610 5491 jam
1659 5423 1709 5476 in
1747 5438 1916 5493 Ipsam
1942 5422 2039 5479 de-

473 5510 840 5578 scendentem,
902 5514 1177 5583 possitque
1232 5512 1433 5581 dicere,
1499 5514 1596 5568 etsi
1631 5515 2044 5586 cognoverimus

474 5605 771 5660 secundum
824 5622 1045 5662 carnem
1098 5607 1396 5673 Christum,
1455 5607 1546 5661 sed
1576 5626 1581 5629 τ
1617 5624 1758 5665 nunc
1794 5625 1898 5666 non
1935 5611 2042 5677 iam

546 5772 590 5804 ³⁸
616 5771 714 5829 Job
748 5785 975 5838 xxsvm,
1021 5770 1108 5827 41.
1185 5771 1229 5802 ⁵ο
1269 5768 1438 5826 chit.
1488 5785 1523 5836 ι,
1552 5768 1604 5834 9,
1642 5769 1725 5824 l3.

2140 4593 2309 4647 ϐολῶν
2338 4594 2463 4655 τοὺς
2492 4591 2773 4662 πολεμίους
2793 4590 3185 4661 ἐκπλήττοντα.

2152 4707 2553 4774 Ἀπόστρεψον
2605 4705 2748 4770 τοὺς
2800 4704 3145 4773 ὀφθαλμούς
3189 4719 3305 4774 σου
3356 4701 3721 4754 ἀπεναντίον

2406 4771 2547 4845 μου,
2593 4775 2683 4827 ὅτι
2711 4771 2880 4828 αὐτοὶ
2911 4771 3334 4841 ἀνέπτέρωσάν
3348 4789 3444 4840 με.

2222 4870 2286 4922 Ἦ
2310 4868 2603 4939 Ἐκκλησία
2620 4871 2686 4938 τῇ
2706 4867 2998 4937 ὡραιότητι
3025 4868 3118 4919 καὶ
3132 4867 3210 4937 τῷ
3229 4865 3412 4920 κάλλει
3442 4865 3604 4936 ἐνορᾷ
3624 4864 3719 4917 τοῦ

2140 4962 2397 5035 Χριστοῦ’
2444 4961 2715 5032 δυναμένη
2762 4963 2827 5031 τῇ
2874 4960 3077 5013 πλείονι
3133 4962 3382 5029 προκοπῇ
3436 4961 3723 5011 κατανοεῖν

2142 5055 2306 5110 αὐτοῦ
2334 5056 2433 5127 τὴν
2480 5055 2727 5121 θεότητα·
2778 5051 2913 5106 καθὸ
2966 5052 3143 5104 πάντα
3187 5052 3253 5104 δι’
3289 5050 3450 5104 αὐτοῦ
3480 5051 3717 5118 ἐγένετο·

2144 5147 2567 5220 εὐφραινόμενος
2596 5146 2651 5198 δὲ
2686 5146 2777 5198 ἐπὶ
2804 5148 2868 5215 τῇ
2898 5145 3124 5214 δυνάμει
3150 5142 3257 5195 τῶν
3280 5141 3592 5212 ὀφθαλμῶν,
3618 5140 3721 5210 τῆς

2145 5241 2254 5293 εἴτε
2278 5238 2604 5310 Ἐκκλησίας
2632 5239 2740 5290 είτε
2757 5238 2972 5309 νύμφης
2992 5237 3086 5290 τοῦ
3113 5236 3269 5304 λόγου
3286 5236 3479 5305 ψυχῆς
3501 5235 3725 5303 πτεροῖς

2148 5334 2315 5403 αὐτὴν
2341 5334 2577 5400 λογικοῖς
2604 5331 3017 5402 ἀποστραφῆναι
3042 5328 3250 5382 κελεύει
3276 5328 3411 5399 πρὸς
3431 5326 3491 5379 τὸ
3528 5326 3727 5396 μετέω-

2158 5441 2264 5495 ρον·
2309 5423 2384 5485 ὡς
2420 5423 2484 5476 ἂν
2530 5422 2614 5473 ἐπ’
2649 5422 2813 5493 ἄκρον
2838 5419 2978 5473 έλθοι
3006 5420 3104 5490 τῆς
3136 5418 3483 5487 τελειότητος,
3532 5417 3609 5478 ὡς
3657 5414 3722 5468 ἂν

2153 5517 2377 5587 κάκείνη
2420 5515 2589 5587 βλέπῃ
2610 5514 2794 5568 τοῦτον
2828 5514 3222 5585 ἐπτερωμένον,
3247 5512 3339 5565 καὶ
3365 5510 3561 5582 μηκέτι
3594 5525 3723 5578 συγ-

2156 5611 2546 5669 καταϐαίνοντα
2571 5610 2637 5664 δι’
2660 5609 2849 5680 αὐτὴν,
2881 5610 2973 5663 καὶ
3015 5609 3236 5680 δύνηται
3274 5606 3472 5666 λέγειν,
3524 5606 3573 5657 εί
3632 5603 3727 5658 καὶ
