3888 6218
237 323 345 375 επ

1342 315 1633 371 SCIIOLIA
1672 316 1737 370 IN
1776 314 2068 371 CANTICA
2108 311 2377 366 CAN'I'IC.

3370 314 3473 373 278

235 441 561 508 ἐγνώκαμεν
610 435 752 490 κατὰ
794 436 970 505 σάρκα
1029 432 1283 505 Χριστὸν,
1322 432 1456 485 ἀλλὰ
1501 430 1594 484 νῦν
1635 432 1811 483 οὐκέτι

1922 431 2316 498 cognoscimus.
2367 426 2480 481 Tuo
2514 428 2675 498 igitur
2722 444 3008 502 progressu
3047 442 3218 487 tecum
3274 447 3475 488 convo-

235 530 597 605 γινώσκομεν·
626 530 693 597 τῇ
722 528 787 596 σῇ
808 525 984 578 τοίνυν
1019 523 1282 593 συνανέϐη
1308 525 1577 593 προκοπῇ,
1625 521 1809 591 φησὶν,

236 620 567 691 χωρησάσης
612 637 704 672 σου
736 619 959 690 ὲνορᾷν,
987 618 1080 670 καὶ
1117 616 1311 686 μηκέτι
1359 614 1669 686 περαιτέρω
1714 613 1813 683 τῆς

236 706 549 782 οἰκονομίας
574 712 775 782 ζητεῖν.
1060 736 1061 739 η

241 799 511 869 Τρίχωμά
542 816 658 854 σου
710 800 791 864 ὡς
829 797 1063 869 ἀγέλαι
1082 796 1202 869 τῶν
1239 795 1439 868 αἰγῶν,
1489 797 1551 869 αἳ
1604 795 1813 869 ᾀνέϐη-

216 892 225 899 ·
275 865 439 923 ’άάτί
457 870 575 923 ἀπὸ
601 869 708 922 τοῦ
738 865 1003 922 Γαλααδ-
1036 867 1280 934 ὀδόντες
1310 865 1456 931 σου,
1500 867 1580 932 ὡς
1604 865 1815 935 ἀγέλαι

309 940 431 992 τῶν
457 940 837 1007 κεκαρμένωίν
860 939 921 991 αἳ
942 936 1248 1004 ἀνέϐησαν
1274 935 1510 991 ἀπὸτοῦ
1533 937 1808 1003 λουτροῦ·

308 1014 367 1063 αὶ
419 1009 610 1063 πᾶσαι
669 1008 1114 1077 διδυμεύουσαι,
1165 1007 1263 1061 καὶ
1313 1007 1653 1062 ἀτεκνοῦσα
1705 1007 1813 1059 οὐκ

308 1081 480 1133 ἐστιν
507 1080 577 1132 ἐν
603 1079 830 1143 αὐταῖς.

310 1173 542 1243 Εἴρηται
577 1172 826 1242 δεύτερον
855 1170 1026 1224 ταῦτα
1052 1173 1118 1242 τῇ
1145 1172 1349 1242 νύμφῃ,
1379 1171 1637 1242 πρότερον
1665 1163 1813 1239 οἶμαι

232 1263 460 1333 τοιαύτῃ
495 1262 721 1333 φανείσῃ
766 1262 905 1315 κατὰ
952 1263 1012 1316 τὸ
1052 1262 1417 1333 ἐνδεχόμενον,
1450 1261 1608 1331 ἡνίκα
1636 1260 1713 1313 ἔτι
1757 1262 1815 1312 ὲν

233 1350 317 1423 τῷ
342 1352 442 1421 βίῳ
462 1352 635 1420 τούτῳ
666 1352 978 1420 ἐτύγχανεν·
1024 1350 1273 1420 δεύτερον
1309 1349 1469 1401 ὁπότε
1504 1343 1667 1418 ἦλθεν
1724 1346 1815 1398 ἐπὶ

210 1462 213 1463 ⁷
234 1443 337 1514 τὴν
368 1442 697 1512 τελειότητα·
717 1442 796 1495 διὸ
826 1442 919 1493 καὶ
939 1440 1032 1494 νῦν
1055 1443 1214 1512 μόνον
1236 1441 1585 1514 παρῃνίξατο·
1618 1439 1815 1492 Ὀδόν-

232 1552 337 1600 τες
366 1548 483 1589 σου
516 1535 595 1599 ὡς
618 1532 827 1602 ἀγέλαι
868 1532 987 1587 τῶν
1019 1530 1413 1601 κεκαρμένων·
1456 1529 1596 1583 κατὰ
1642 1530 1699 1582 δὲ
1726 1528 1816 1582 τὸν

249 1625 485 1679 Ἀκύλαν
512 1627 604 1677 καὶ¹
628 1624 940 1696 Σύμμαχον,
973 1624 1214 1689 ὀδόντες
1241 1639 1355 1676 σου
1377 1622 1455 1687 ὡς
1472 1621 1679 1690 ἀγέλαι
1700 1619 1817 1673 τῶν

236 1718 567 1786 προϐάτων,
612 1718 667 1788 ἢ,
696 1716 815 1769 τῶν
851 1715 1149 1786 ὰμνάδων·
1188 1715 1283 1769 καὶ
1310 1715 1545 1785 ἔπρεπεν
1569 1715 1815 1787 εἰρῆσθαι

1915 520 2067 584 lavit,
2102 521 2202 586 ait,
2261 535 2381 574 cum
2440 521 2535 575 tibi
2587 522 2875 591 contigerit
2933 539 3181 590 cernere,
3235 524 3472 593 necjam

1914 624 2033 684 post
2064 614 2490 668 incarnationem
2519 628 2779 683 quarere.

1891 791 2079 847 -VEBS.
2110 791 2175 864 4,
2224 791 2276 844 5.
2313 789 2637 864 Capilli_tui
2674 794 2807 846 sicut
2838 808 2984 864 _grea:
3020 810 3317 861 caprarum,
3355 812 3472 864 qua:

1985 862 2335 934 ascenderunt
2390 878 2455 915 ea:
2511 860 2756 916 Galaad:
2812 860 2987 934 dentes
3046 864 3123 916 tui
3174 865 3306 917 sicut
3348 860 3473 934 grex

1984 933 2207 1006 ovium,_
2238 948 2356 1006 qua:
2404 938 2747 1006 ascenderunt
2794 932 2858 985 de
2904 935 3133 1006 lauacro,
3166 932 3475 1006 omnesige-

1985 1002 2158 1054 mellis
2179 1002 2391 1069 fetibus,
2423 1011 2470 1055 et
2496 1002 2686 1056 sterilis
2719 1018 2822 1056 non
2856 1011 2933 1055 est
2967 1005 3021 1058 in
3043 1004 3138 1059 eis.

1987 1152 2112 1208 Haec
2147 1155 2326 1209 denuo
2360 1171 2570 1226 sponsae
2628 1157 2904 1223 dicuntur,
2955 1160 3212 1229 primum,
3244 1171 3305 1216 ut
3353 1164 3472 1233 opi-

1894 1259 2035 1309 fnor,
2069 1260 2189 1298 cum
2222 1244 2345 1299 talis
2379 1257 2636 1314 quantum
2675 1247 2825 1302 licuit
2870 1251 3200 1318 apparuerit;
3257 1253 3474 1320 quando

1915 1335 2089 1387 adhuc
2125 1334 2287 1389 fuerit
2317 1336 2368 1389 in
2420 1336 2519 1390 hac
2552 1339 2681 1401 vita,
2713 1354 2903 1394 rursus
2959 1355 3079 1394 cum
3111 1343 3177 1395 ad
3216 1358 3472 1398 consum-

1917 1426 2205 1481 mationem
2258 1429 2505 1494 venerit;
2551 1429 2776 1495 ideoque
2846 1448 2988 1487 nunc
3016 1433 3186 1488 solum
3229 1435 3475 1503 ambigue

1916 1517 2156 1587 loquitur
2193 1532 2209 1572 :
2260 1519 2452 1574 Dentes
2508 1522 2586 1575 tui
2638 1522 2773 1578 sicut
2809 1541 2937 1595 grea:
2960 1526 3131 1580 ouium
3166 1537 3473 1593 tonsarum;

1918 1609 2213 1663 secundum
2246 1624 2377 1664 vero
2427 1609 2675 1681 Aquilam
2702 1624 2757 1670 et
2817 1614 3199 1686 Symmachum
3247 1637 3261 1671 :
3297 1620 3475 1674 dentes

1917 1702 1995 1751 tui
2046 1699 2182 1754 sicut
2234 1717 2359 1770 grex
2389 1719 2658 1769 pecorum,
2701 1705 2783 1761 vel
2838 1723 3138 1777 agnorum:
3168 1712 3309 1779 quod
3354 1710 3476 1780 qui-

232 1772 412 1863 τάῦτα
437 1810 529 1861 ἐπὶ
551 1772 651 1878 τῆς
680 1772 1028 1880 τελειότητος·
1049 1808 1123 1870 ὼς
1145 1801 1284 1861 εἶναι
1310 1807 1371 1859 τὸ
1384 1772 1508 1860 ’ἀπὸ
1536 1772 1642 1861 τοῦ
1669 1772 1811 1862 :lov-

1921 1792 2037 1846 dem
2090 1792 2317 1848 decebat
2363 1795 2429 1850 de
2472 1794 2804 1865 perfectione
2836 1772 2964 1857 diei.
2996 1799 3075 1854 De
3131 1772 3338 1857 lauacro
3368 1772 3475 1857 bon

234 1900 381 1969 τροῦ
426 1901 525 1953 οῦκ
573 1900 652 1952 ἑτι
702 1899 988 1970 προτέρου,
1038 1897 1175 1952 ἀλλὰ
1214 1898 1309 1951 τοῦ
1355 1898 1626 1970 δευτέρου·
1662 1897 1817 1952 διδυ-

230 1996 531 2064 μεὺουσαι
549 1990 605 2045 δὲ
631 1994 791 2062 τάχα,
822 1993 898 2055 ὼς
915 1991 1244 2064 τρεφόμεναι
1272 1995 1337 2062 τῇ
1361 1992 1469 2045 τῶν
1499 1992 1704 2063 νοητῶν
1724 1990 1816 2044 καὶ

236 2084 513 2155 αἰσθητῶν
528 2084 749 2155 θεωρίᾳ·
778 2085 870 2136 καὶ
897 2084 972 2147 ὼς
1009 2084 1274 2155 μηδεμίαν
1320 2083 1509 2151 ἄγονον
1531 2078 1666 2135 εἶναι
1715 2081 1817 2150 τῆς

236 2176 370 2246 περὶ
396 2175 703 2229 οὑτινοσοῦν
728 2174 887 2242 λόγου
923 2174 1151 2245 τροφῆς.

206 2290 215 2295 -
248 2266 573 2331 Ἑξήκοντά
604 2268 724 2319 εὶσι
748 2266 1113 2333 ,ϐασίλισσαι
1151 2266 1249 2319 καὶ
1282 2263 1649 2333 ὀγδοήκοντα
1667 2268 1816 2317 παλ-

313 2337 513 2401 λακαὶ,
545 2335 645 2387 καί
680 2335 949 2405 νεάνιδες
972 2330 1058 2389 ὧν
1082 2338 1192 2390 οὐκ
1227 2330 1396 2390 ἐστιν
1424 2335 1684 2404 ἀριθμός·
1708 2334 1814 2405 μία

214 2464 217 2465 ν
310 2405 378 2459 δέ
401 2407 529 2458 ἐστι
558 2404 878 2473 περιστερά
887 2423 1026 2474 μου.

306 2501 377 2551 Al
410 2498 679 2564 νεάνιδες
717 2498 965 2566 ἀριθμὸν
1024 2499 1136 2551 οὐκ
1190 2496 1461 2565 ἔχουσαι·
1519 2499 1580 2550 ού
1626 2496 1703 2567 τῷ
1739 2497 1812 2569 μὴ

237 2591 566 2644 ὑποπίπτειν
599 2589 835 2661 ἀριθμῷ,
883 2589 1016 2643 ἀλλὰ
1042 2588 1119 2660 τῷ
1144 2588 1299 2654 ἀξίας
1333 2589 1500 2652 αὐτὰς
1528 2585 1665 2643 εἶναι
1696 2590 1815 2660 ἀρι-

237 2681 537 2752 θμηθῆναι·
574 2682 667 2733 καὶ
716 2685 856 2751 τάχα
903 2682 1000 2751 τῆς
1030 2682 1197 2752 αὐτῆς
1226 2682 1465 2744 διανοίας
1516 2680 1718 2751 ἔχεται,
1744 2682 1810 2751 τῇ

235 2771 479 2825 ἐνταῦθα
525 2771 755 2841 διαφορᾷ
800 2770 907 2822 τῶν
949 2770 1200 2823 νεανίδων
1244 2770 1349 2823 τῶν
1378 2769 1811 2839 κοινωνουμένων

237 2864 346 2916 ὑπὸ
384 2862 639 2933 Χριστοῦ,
667 2863 762 2915 καὶ
788 2863 855 2916 τά
882 2862 1032 2933 παρὰ
1057 2861 1379 2916 Ἀποστόλου
1401 2861 1664 2931 λεγόμενα
1684 2860 1812 2932 περὶ

235 2955 586 3017 ἀναστάσεως
618 2952 846 3022 νεκρῶν,
881 2953 1022 3023 λόγῳ
1040 2953 1294 3022 τάγματα
1312 2953 1590 3022 φάσκοντι·
1627 2950 1812 3022 ἐπειδὴ

235 3043 346 3113 γάρ
371 3042 444 3094 δι’
463 3041 775 3110 ἀνθρώπου
797 3040 1071 3107 θάνατος,
1107 3041 1204 3093 καί
1233 3041 1304 3094 δι’
1320 3042 1630 3109 ἀνθρώπου
1665 3039 1810 3094 ἀνά-

1911 1881 2023 1952 jam
2052 1884 2254 1952 priore,
2298 1884 2392 1940 sed
2444 1888 2713 1956 secundo;
2756 1904 2932 1943 omnes
2981 1890 3213 1960 gemellis
3257 1892 3474 1963 fetibus,

1892 1977 2132 2042 .merito,
2174 1976 2325 2033 velut
2368 1978 2692 2047 spiritalium
2753 1991 2809 2036 et
2854 1983 3186 2039 sensibilium
3234 1996 3476 2041 contem-

1917 2067 2153 2136 platione
2192 2071 2442 2136 nutritae;
2483 2072 2628 2127 nulla
2676 2089 2895 2142 prorsus
2929 2076 3129 2131 sterilis
3169 2077 3269 2132 hoc
3323 2077 3473 2134 verbi

1914 2157 2136 2213 ferculo.

1916 2248 2158 2329 Ἤιδει-7,
2177 2251 2230 2306 8.
2258 2252 2542 2329 Sexaginta
2564 2266 2683 2329 suat
2709 2258 2930 2326 reginw,
2966 2268 3018 2312 et
3049 2261 3308 2329 octoginta
3350 2278 3474 2315 con-

1985 2322 2205 2383 cubinae,
2232 2333 2281 2375 et
2303 2322 2806 2380 adolescentularum
2836 2344 2937 2380 non
2953 2336 3028 2383 est
3058 2322 3320 2384 numerus.
3357 2329 3474 2384 Una

1983 2401 2055 2442 est
2082 2392 2317 2445 columba
2344 2410 2477 2447 mea.

1984 2480 2503 2539 Adolescentularum
2553 2503 2657 2541 non
2709 2498 2781 2541 est
2829 2506 3117 2556 numerus;
3173 2493 3475 2560 non.quod

1913 2589 2141 2629 numero
2188 2575 2473 2633 inferiores
2514 2579 2648 2645 sint,
2684 2581 2781 2635 sed
2827 2582 2965 2651 quod
2994 2583 3169 2653 dignae
3215 2583 3324 2638 sint
3357 2600 3475 2653 quae

1915 2677 2292 2726 numerentur.
2321 2670 2497 2739 Atque
2525 2672 2713 2727 eodem
2744 2688 2902 2728 sensu
2935 2674 3182 2742 habetur,
3202 2691 3265 2731 ac
3286 2677 3475 2732 discri-

1915 2774 2036 2813 men
2073 2759 2201 2813 illud
2227 2761 2369 2815 inter
2397 2762 2831 2819 adolescentulas
2863 2779 2893 2819 a
2928 2765 3148 2823 Christo
3170 2783 3472 2837 possessas,

1914 2852 2055 2919 quod
2078 2852 2367 2921 Apostolus
2396 2855 2462 2910 de
2493 2866 2827 2912 mortuorum
2865 2861 3266 2917 resurrectione
3308 2860 3473 2929 dicit,

1916 2942 2159 2998 diversos
2212 2945 2431 3001 ordines
2486 2949 2769 3020 assignans
2808 2960 3136 3021 :postquam
3180 2954 3324 3008 enim
3382 2973 3476 3024 per

1912 3034 2172 3089 hominem
2206 3044 2406 3103 ‘mors,
2457 3040 2529 3094 ita
2591 3051 2640 3094 et
2691 3059 2782 3111 per
2830 3043 3089 3098 hominem
3148 3055 3475 3100 mortuorum

235 3107 459 3199 στασις
508 3107 753 3201 νεκρῶν·
807 3133 1007 3202 ὥσπερ
1042 3135 1232 3204 γὰρέν
1256 3134 1335 3199 τῷ
1378 3107 1546 3202 Ἀδὰμ
1592 3132 1810 3198 πάντες

1921 3127 2251 3179 resurrectio.
2299 3125 2751 3191 Quemadmodum
2782 3132 2915 3184 enim
2954 3132 3009 3185 in
3053 3114 3255 3185 Adamo
3301 3149 3485 3190 omnes.

235 3226 757 3293 ἀποθνήσκουσιν,
791 3228 941 3279 οὕτω
987 3228 1082 3280 καὶ
1112 3227 1181 3281 ἐν
1222 3225 1301 3292 τῷ
1330 3227 1558 3295 Χριστῷ
1590 3225 1809 3293 πάντες

236 3316 793 3385 ζωοποιηθήσονται·
844 3319 1102 3384 ἕκαστος
1143 3318 1213 3370 ἐν
1262 3317 1340 3384 τῷ
1389 3319 1512 3385 ἰδίῳ
1543 3318 1803 3387 τάγματι·

235 3407 267 3459 ὁ
297 3406 407 3477 γάρ
452 3408 682 3462 ἑκάστου
734 3408 843 3472 βίος
889 3411 982 3462 καὶ
1013 3409 1167 3478 λόγος
1202 3410 1294 3462 καὶ
1336 3408 1571 3472 διάθεσις
1596 3412 1808 3481 ποιήσει

239 3498 603 3571 προκριθῆναι
638 3500 869 3553 ἑκάστου
892 3503 1011 3553 κατ’
1035 3500 1213 3567 ἀξίαν.

310 3587 403 3658 Μὴ
433 3587 701 3658 θαύμαζε,
732 3589 780 3640 εί
804 3590 832 3640 ὁ
856 3587 1086 3658 νυμφίος
1116 3583 1184 3657 ἦν
1208 3586 1343 3658 ἔχων
1371 3585 1539 3657 καλὴν
1568 3585 1805 3657 νύμφην,
1888 3616 1892 3621 -

236 3681 337 3734 καὶ
364 3680 504 3750 τάχα
536 3681 793 3751 δευτέραν
817 3680 911 3733 καὶ
940 3679 1127 3751 τρίτην
1141 3679 1233 3732 καὶ
1265 3678 1530 3742 πλείονας·
1565 3677 1658 3732 ἐὰν
1694 3679 1809 3748 νοή-

241 3788 341 3842 σῃς
372 3772 536 3826 αὑτοῦ
567 3774 661 3826 καὶ
693 3773 793 3838 τὰς
827 3773 1060 3844 νύμφας,
1096 3773 1157 3825 οὐ
1191 3770 1471 3842 φοϐηθήσῃ
1496 3770 1673 3838 λέγειν
1702 3770 1809 3823 ἀπὸ

237 3865 335 3918 τοῦ
380 3866 674 3936 ’ᾼσματος
741 3864 1064 3931 Ἐξήκοντά
1119 3866 1236 3917 είσι
1284 3864 1650 3928 βασίλισσαι
1708 3861 1807 3915 καί

239 3956 609 4026 ὀγδοήκοντα
631 3958 956 4022 παλλακαὶ,
985 3959 1084 4011 καὶ
1105 3955 1374 4022 νεάνιδες
1392 3950 1480 4010 ὧν·
1500 3956 1609 4009 οὐκ
1639 3954 1807 4008 ἐστιν

237 4050 506 4118 ἀριθμός·
532 4051 640 4119 μία
670 4048 737 4102 δέ
766 4050 897 4102 ἐστι
921 4046 1240 4117 περιστερά
1253 4064 1391 4117 μου·
1417 4046 1570 4115 λόγος
1600 4046 1744 4098 ἐστὶν
1779 4048 1807 4099 ό

238 4143 490 4212 νυμφίος·
528 4142 743 4209 λογικὸν
771 4142 905 4206 ζῶον
930 4144 963 4212 ἡ
994 4141 1199 4211 νύμφη·
1240 4140 1333 4194 ἐὰν
1364 4141 1531 4211 νοήσῃ
1548 4137 1693 4209 ψυχὴ
1714 4138 1806 4192 καί⁵

236 4232 425 4306 λάϐῃὸ
446 4234 675 4304 νυμφίος
716 4233 813 4305 τὴν
858 4233 1091 4304 νύμφην·
1124 4233 1237 4285 ἀλλ’
1267 4231 1387 4284 ἐπεί
1418 4233 1563 4284 ἐστιν
1594 4233 1622 4284 ό
1654 4231 1807 4299 λόγος

235 4318 411 4389 οὗτος,
440 4328 501 4379 οὐ
538 4328 636 4396 μιᾷ
661 4326 805 4397 ψυχῇ
841 4324 1128 4389 κοινωνῶν,
1169 4324 1304 4377 ἀλλὰ
1338 4324 1545 4378 πλείοσι
1576 4324 1670 4377 καὶ
1694 4325 1807 4377 δια-

236 4417 442 4487 φόροις,
476 4420 608 4488 τιμῇ
651 4434 756 4470 τινι
803 4417 1048 4487 βασιλικῇ
1090 4417 1182 4469 καὶ
1205 4416 1575 4487 διαφαινούσῃ,
1605 4415 1807 4484 λεγέτω

233 4507 416 4560 τελεία
440 4508 754 4579 περιστερά·
788 4511 905 4571 ταῖς
927 4508 982 4560 δὲ
1010 4506 1312 4577 βασιλικαῖς
1354 4506 1473 4575 μὲν,
1501 4504 1811 4557 ὑποδεεστέ-

239 4615 360 4671 ραις
404 4600 481 4662 δὲ,
518 4598 606 4651 διὰ
634 4598 790 4651 τοῦτο
840 4600 1098 4671 ἑξήκοντα
1137 4597 1464 4666 βασίλισσαι·
1508 4598 1725 4669 ἑτέραις
1751 4596 1808 4649 δὲ

230 4690 433 4761 ψυχαῖς
467 4694 710 4744 κοινωνεῖ
731 4690 1268 4760 παιδαγωγουμέναις
1292 4690 1441 4760 φόϐῳ
1464 4688 1621 4742 Θεοῦ·
1653 4682 1810 4741 αὗταί

232 4786 373 4836 εἰσιν
398 4785 454 4835 αἱ
482 4783 825 4847 παλλακίδες·
861 4784 963 4837 είσί
992 4800 1134 4846 τινες
1164 4782 1259 4835 καὶ
1290 4781 1444 4836 ἄλλαι
1473 4781 1642 4851 ψυχαὶ
1677 4782 1808 4833 ὑπο-

228 4874 529 4945 δεέστεραι,
575 4875 833 4928 ἐλάττονα
884 4876 1044 4944 φόϐον
1100 4874 1331 4944 ἔχουσαι·
1382 4868 1539 4929 αὗταί
1582 4876 1716 4928 εἰσιν
1749 4875 1807 4926 αἱ

228 4968 471 5030 νεάνιδες
495 4962 569 5021 ὧν
601 4970 701 5021 οὐκ
734 4968 880 5022 ἔστιν
905 4968 1154 5040 ἀριθμός·
1185 4971 1213 5021 ό
1246 4967 1475 5038 νυμφίος
1500 4968 1678 5020 τοίνυν
1710 4968 1805 5020 καὶ

230 5060 416 5113 ἐνθάδε
454 5059 621 5123 καλάς
655 5060 750 5113 καὶ
782 5060 1083 5130 δυναμένας
1120 5058 1269 5129 αὐτῷ
1300 5053 1438 5112 εἶναι
1486 5060 1579 5111 καὶ
1617 5076 1806 5111 κοινω-

229 5153 373 5214 νοὺς,
428 5151 649 5221 ἐξῆλθεν
689 5151 798 5205 ἀπὸ
830 5151 922 5204 τοῦ
954 5150 1160 5204 παστοῦ
1186 5150 1281 5203 τοῦ
1310 5151 1652 5221 ἐπουρανίου,
1692 5169 1803 5205 κοι-

228 5248 389 5297 νωνεί
433 5244 682 5311 ἀγγέλοις
724 5245 817 5297 καὶ
858 5243 1236 5315 ἀρχαγγέλοις,
1277 5244 1335 5296 αἵ
1381 5252 1525 5307 τινες
1574 5247 1711 5297 εἰσιν
1745 5246 1799 5297 αἱ

226 5337 434 5406 νύμφαι
454 5335 543 5388 τοῦ
573 5336 753 5404 λόγου,
780 5338 874 5390 καὶ
897 5338 1072 5411 θρόνοι
1102 5340 1195 5391 καὶ
1234 5339 1573 5410 κυριότητες.

223 5433 265 5483 Ε
272 5434 325 5492 lc
350 5429 550 5501 κῆπον
572 5432 796 5499 καρύας
825 5433 1082 5498 κατέϐην
1100 5432 1245 5486 ἰδεῖν
1273 5433 1340 5485 ἐν
1362 5432 1681 5501 γεννήματι
1701 5431 1805 5485 τοῦ

297 5500 636 5568 χειμάρρου·
678 5501 824 5554 ἰδεῖν
857 5505 908 5555 εί
937 5502 1206 5570 ἤνθησεν
1231 5504 1269 5569 ἡ
1296 5500 1582 5571 ἄμπελος,
1608 5504 1659 5554 εὶ
1688 5500 1796 5569 ἧν-

295 5576 492 5640 θησαν
521 5574 580 5624 al
621 5572 774 5638 ῥόαι·
823 5572 949 5626 ἐκεῖ
983 5572 1151 5627 δώσω
1196 5572 1335 5637 τοὺς
1364 5574 1630 5642 μαστούς
1680 5590 1797 5640 μου

299 5756 339 5786 ⁴¹
386 5751 404 5807 Ι
439 5751 564 5809 Cur.
595 5771 683 5821 xv,
708 5755 798 5823 2|,
830 5755 921 5809 22.

1918 3217 2235 3279 moriuntur,
2273 3219 2347 3271 sic
2390 3228 2440 3273 et
2488 3221 2544 3273 in
2591 3220 2799 3275 Christo
2847 3238 3022 3277 omnes
3075 3224 3478 3293 vivificabuntur

1890 3310 2274 3378 unusquisque
2320 3312 2375 3363 in
2415 3328 2508 3366 suo
2544 3314 2724 3367 ordine
2755 3313 2799 3343 “
2841 3332 2855 3368 :
2885 3316 2992 3370 vita
3039 3317 3183 3370 enim
3217 3318 3475 3372 uniuscu-

1910 3400 2126 3470 jusque,
2160 3413 2215 3458 et
2252 3418 2453 3472 sermo,
2496 3414 2550 3460 et
2579 3406 2770 3477 agendi
2799 3407 2937 3463 ratio
2962 3407 3153 3464 elIiciet
3179 3412 3477 3481 utquisque

1916 3505 2016 3559 pro
2047 3492 2256 3549 meritis
2274 3493 2574 3565 judieetur.

1986 3584 2065 3641 Ne
2122 3586 2335 3641 mireris
2373 3602 2654 3657 sponsum,
2707 3590 2810 3644 sibi
2862 3590 2988 3653 dum
3042 3591 3279 3648 formosa
3334 3604 3478 3649 esset

1915 3692 2131 3747 sponsa,
2155 3678 2331 3733 adhuc
2366 3678 2614 3744 alteram,
2642 3690 2697 3735 et
2718 3682 2933 3736 tertiam
2966 3691 3019 3738 et
3046 3683 3223 3753 plures
3243 3684 3442 3740 habere
3460 3729 3475 3753 ,

1914 3770 2057 3841 quod
2090 3771 2137 3826 si
2198 3782 2377 3826 mente
2426 3783 2641 3841 reputes
2681 3772 2798 3841 ejus
2844 3789 3092 3844 Sponsas,
3130 3777 3352 3833 minime
3398 3779 3479 3833 di-

1915 3877 2040 3917 cere
2088 3863 2304 3919 timebis
2353 3879 2383 3919 a
2410 3862 2634 3920 Cantico
2659 3883 2672 3919 :
2699 3863 2988 3935 Sexaginta
3015 3877 3135 3921 sunt
3182 3869 3397 3939 reginae,
3428 3881 3476 3923 et

1886 3984 1889 3985 ν
1915 3958 2177 4027 octoginta
2200 3957 2522 4021 concubinaz,
2550 3969 2596 4012 et
2624 3959 3134 4014 adolescentulan
3155 3977 3256 4015 non
3277 3971 3352 4015 est
3376 3980 3479 4015 nu-

1912 4064 2104 4103 merus.
2131 4047 2246 4102 Una
2264 4059 2341 4104 est
2362 4050 2605 4105 columba
2623 4068 2756 4105 mea.
2778 4051 2935 4108 Ratio
2950 4065 3031 4108 est
3044 4070 3293 4123 sponsus,
3312 4059 3478 4111 ratio-

1913 4139 2035 4194 nale
2069 4149 2247 4194 autem
2303 4140 2505 4194 animal
2548 4144 2889 4211 sponsa;'si
2945 4145 3144 4214 cogitet
3196 4147 3375 4200 anima
3423 4160 3487 4209 et

1913 4244 2167 4299 sponsam
2207 4246 2437 4299 sponsus
2482 4233 2732 4298 accipiat.
2786 4232 2916 4288 Cum
2968 4235 3185 4303 quidem
3236 4238 3376 4290 ratio
3405 4237 3478 4291 sit

1913 4322 2025 4387 ille,
2068 4337 2174 4377 non
2209 4339 2367 4377 unam
2400 4325 2636 4378 animam
2680 4324 3011 4390 inhabitans,
3072 4327 3184 4381 sed
3213 4328 3395 4396 plures
3423 4338 3478 4383 et

1916 4415 2181 4482 diversas,
2217 4416 2450 4484 quodam
2478 4418 2642 4485 regali
2674 4419 3061 4487 splendidoque
3089 4420 3287 4475 decore
3307 4461 3322 4487 ,
3359 4436 3475 4475 me-

1913 4508 2019 4563 rito
2067 4506 2305 4574 perlecta
2359 4508 2555 4562 dicitur
2585 4508 2859 4563 columba.
2910 4509 3131 4579 Reginae
3185 4511 3485 4568 inferiores.

1912 4608 2059 4662 sunt,
2086 4600 2206 4655 ideo
2237 4601 2522 4671 sexaginta
2556 4602 2653 4659 ait.
2688 4601 2839 4656 Alias
2868 4616 2998 4656 vero
3026 4604 3232 4658 animas
3258 4604 3475 4661 inhabi-

1914 4706 2015 4760 tat,
2052 4697 2144 4751 Dei
2191 4698 2387 4752 timore
2440 4699 2748 4754 moderatas
2780 4715 2796 4751 :
2824 4699 2939 4754 haec
2970 4711 3099 4755 sunt
3133 4702 3472 4756 concubium.

1882 4786 2047 4842 'Sunt
2081 4789 2327 4858 quaedam
2366 4799 2419 4844 et
2452 4790 2569 4844 aliae
2608 4789 2896 4846 inferiores
2934 4793 3162 4858 animm,
3210 4794 3473 4848 minorem

1910 4880 2170 4935 habentes
2193 4881 2439 4936 timorem
2474 4900 2486 4934 :
2515 4884 2624 4937 hazc
2658 4892 2787 4936 sunt
2813 4881 3224 4938 adolescentulm
3240 4900 3473 4953 quarum

1878 4986 2017 5026 'non
2055 4982 2140 5025 est
2162 4987 2443 5028 numerus.
2481 4972 2719 5043 Sponsus
2746 4973 2929 5042 igitur,
2956 4989 3078 5027 cum
3116 4974 3217 5043 ipsi
3254 4976 3364 5028 sint
3388 4974 3475 5030 hic

1913 5063 2152 5132 pulchra:
2205 5074 2502 5129 consortes,
2566 5078 2597 5117 e
2635 5062 2841 5118 caelesti
2898 5064 3131 5117 thalamo
3176 5065 3472 5133 egreditur,

1904 5165 2065 5223 atque
2110 5156 2320 5210 habitat
2361 5158 2413 5210 in
2450 5157 2656 5226 angelis
2684 5167 2739 5212 et
2778 5159 3149 5229 archangelis;
3200 5160 3293 5229 qui
3350 5170 3475 5215 sunt

1902 5246 2050 5300 verbi
2085 5261 2316 5313 sponsae,
2353 5256 2407 5301 et
2444 5248 2642 5313 throni,
2670 5258 2725 5301 et
2750 5248 3165 5304 dominationes.

1916 5431 2078 5485 Vens.
2124 5431 2211 5492 10,
2249 5432 2334 5485 ll.
2375 5432 2627 5487 Descendi
2669 5434 2722 5486 in
2752 5434 2959 5486 hortum
2997 5450 3208 5499 nucum,
3238 5443 3293 5484 ut
3334 5433 3473 5485 vide-

1980 5518 2086 5555 rem
2136 5518 2289 5569 poma
2342 5503 2652 5557 convallium
2695 5515 2741 5557 et
2766 5504 3073 5570 inspicerem
3124 5506 3166 5557 si
3207 5503 3470 5570 ﬂoruisset

1978 5574 2146 5635 vinea,
2194 5581 2239 5624 et
2273 5574 2647 5641 germiuassent
2681 5574 2821 5627 mala
2853 5569 3068 5641 punica.
3090 5569 3472 5644 —(LXX,,1bi
