3888 6214
442 324 546 378 379

1324 301 1883 367 SUPPLEMENTUM
1924 289 2012 354 ΑΙ)
2050 294 2373 355 ORIGENIS
2406 296 2809 354 EXEGETICA.

3562 296 3680 353 εεο

517 440 653 495 dabo
684 437 773 490 tibi
805 435 963 489 ubera
992 449 1128 496 mea,
1168 440 1307 483 terra
1336 440 1410 481 est
1454 429 1585 482 sicut
1631 424 1806 479 anima
1856 434 2006 482 mea;

2173 418 2291 496 σοί·
2323 415 2601 496 γῆμέστιν
2619 411 2698 481 ὡς
2728 417 2765 483 ἡ
2799 415 2966 484 ψυχή
2989 416 3124 484 μου·
3151 414 3319 470 ἔθετό
3328 432 3403 484 με
3452 414 3689 491 ἅρματα

514 510 686 581 posuit
720 522 803 561 me
830 506 1114 576 quadrigas
1141 500 1481 569 Aminadab.)

512 593 1070 672 Quodammodojusti
1103 605 1270 647 nuces
1298 597 1455 651 sunt,
1490 588 1727 643 ferentes
1750 584 2007 645 fructum,

441 710 568 752 cum
600 693 667 748 ad
695 691 864 746 Deum
896 696 1085 742 sancte
1116 684 1390 739 coluntur.
1425 680 1734 737 Claustrum
1770 678 2009 733 circum-

442 788 537 842 dat
571 800 689 852 eas,
738 781 994 838 acerbum
1021 777 1238 847 quidem
1285 784 1447 844 atque
1480 766 1745 836 amarum,
1777 778 1835 825 et
1874 768 2009 822 ado-

442 878 705 935 rientibus
764 872 996 928 dillicile.
1047 873 1230 938 Atque
1282 867 1444 921 etiam
1513 874 1728 919 torrens
1785 862 2011 916 tentatio

443 972 644 1026 dicitur
699 966 998 1023 secundum
1047 961 1201 1028 illud,
1254 967 1510 1014 torrentes
1560 956 1771 1010 transiit
1832 954 2011 1013 anima

442 1072 622 1117 nostra
678 1059 746 1111 “.
791 1056 973 1113 V'oluit
1027 1054 1193 1126 igitur
1225 1066 1422 1121 sponsa
1466 1052 1519 1103 in
1558 1055 1768 1103 hortum
1818 1062 2010 1101 nucum

437 1146 787 1217 descendens,
811 1150 1019 1206 scilicet
1039 1163 1070 1203 e
1091 1145 1342 1217 paradiso
1359 1158 1577 1215 egressa
1609 1142 1673 1196 ad
1698 1144 1838 1197 hanc
1862 1129 2011 1195 Iaho-

440 1260 562 1300 rum
601 1244 789 1307 vitam,
822 1241 1005 1295 videre
1033 1238 1229 1293 mirum
1261 1238 1498 1306 aliquem
1533 1233 1731 1288 hiemis
1750 1232 2007 1297 fructum,

437 1333 653 1389 obscuri
680 1331 917 1385 ﬂuminis
944 1347 958 1396 ;
986 1338 1078 1382 aut
1103 1328 1396 1382 secundum
1424 1323 1814 1396 Symmachum
1838 1362 1854 1386 ,
1911 1322 2005 1375 de-

436 1425 638 1479 scendit
689 1431 749 1477 ut
801 1422 1034 1487 videret,
1086 1434 1152 1473 an
1187 1419 1393 1473 fructus
1438 1415 1621 1470 ederet
1672 1414 1793 1468 vitae
1822 1412 2002 1477 lacus;

436 1525 599 1584 atque
628 1514 791 1568 etiam
826 1512 1010 1566 videre
1034 1510 1079 1563 si
1100 1510 1366 1579 ﬂoruisset
1402 1509 1573 1570 vinea,
1615 1520 1735 1574 qua:
1772 1504 2005 1558 hiemem

435 1604 654 1673 refugit,
684 1616 888 1670 verque
915 1598 1159 1663 festinat,
1185 1599 1409 1652 Pascha:
1442 1605 1656 1664 tempus
1689 1601 1746 1647 et
1770 1594 2004 1663 Azymo-

436 1711 556 1750 rum
601 1693 746 1749 festi.
815 1692 968 1746 Tunc
1005 1690 1149 1744 enim
1185 1696 1333 1744 amat
1378 1687 1663 1742 ﬂorescere
1710 1684 1764 1738 in
1817 1682 2003 1738 Iudaea

2194 486 2528 557 Ἀμιναδάϐ.

2181 578 2338 635 Κατά
2366 594 2422 638 τι,
2466 576 2810 649 παράδειγμα
2848 578 2895 629 οἱ
2938 575 3135 629 δίκαιοι
3171 575 3367 647 καρύαι
3414 576 3540 640 εἰσὶ,
3586 575 3681 645 φέ-

2113 685 2297 740 ροντες
2326 669 2536 740 καρπὸν
2565 669 2652 722 διὰ
2693 669 2790 739 τὴν
2824 669 2959 739 πρὸς
2994 668 3125 721 Θεὸν
3157 667 3448 739 Θεραπείαν
3480 670 3681 740 ἱερατι-

2111 760 2232 833 κὴν,
2281 760 2368 815 διὰ
2396 761 2457 813 τὸ
2486 762 2646 833 ἕρκος
2687 760 2828 831 ἔχειν
2874 761 3000 831 περὶ
3031 761 3189 815 αὐτά·
3228 763 3255 814 6
3283 761 3380 832 μέν
3398 779 3453 814 τι
3486 761 3680 832 πικρὸν

2111 855 2205 907 καὶ
2243 853 2489 924 χολῶδες,
2541 854 2723 925 ἕτερον
2747 854 2806 907 δέ
2834 870 2886 906 τι
2927 853 3157 924 σκληρὸν
3195 852 3303 907 τῶν
3337 853 3675 924 πειρασμῶν·

2111 945 2244 1001 ἀλλά
2272 946 2363 1000 καὶ
2406 946 2737 1019 χειμάρρους
2760 947 2788 998 6
2834 946 3135 1018 πειρασμὸς
3164 946 3389 1016 λέγοιτο·
3427 946 3565 1000 κατὰ
3595 946 3676 1011 τὸ,

2111 1037 2463 1108 χειμάρρους
2490 1027 2736 1107 διῆλθεν
2772 1040 2810 1107 ἠ
2836 1038 3006 1108 ψυχὴ
3267 1038 3536 1110 ἠϐουλήθη
3569 1026 3680 1092 τοί-

2092 1147 2203 1184 νυν
2238 1132 2270 1201 ἡ
2293 1129 2477 1202 νύμφη
2518 1130 2801 1184 καταϐᾶσα
2821 1133 2907 1197 εὶς
2930 1131 3035 1185 τὸν
3068 1129 3263 1198 κῆπον
3288 1129 3396 1198 τῆς
3427 1133 3674 1200 καρύας,

2108 1223 2383 1277 τουτέστιν
2403 1223 2706 1277 ἐκπεσοῦσα
2726 1223 2795 1276 τά
2818 1223 2892 1294 (1)
2911 1223 3234 1290 παραδείσου
3270 1223 3403 1294 πρὸς
3424 1224 3520 1293 τὴν
3557 1224 3679 1276 ἐπί-

2111 1313 2307 1385 μοχθον
2339 1314 2541 1385 ταύτην
2569 1314 2731 1387 ζωὴν,
2762 1315 2887 1369 ἰδεῖν
2912 1314 3209 1385 παράδοξόν
3233 1332 3283 1368 τι
3309 1314 3552 1385 γέννημα
3582 1314 3675 1368 τοῦ

2107 1406 2372 1477 χειμῶνος
2412 1408 2630 1478 ῥέοντος
2655 1408 2863 1479 μαύρου
2894 1406 3157 1478 ποταμοῦ·
3186 1408 3240 1478 ἢ,
3285 1406 3423 1459 κατά
3454 1406 3678 1477 Σύμμα-

2107 1517 2219 1570 χον,
2256 1500 2471 1567 κατέϐη
2485 1501 2697 1570 μαθεῖν
2745 1504 2793 1554 εί
2839 1503 2871 1572 ἠ
2906 1500 3120 1573 φάρυγξ
3176 1500 3268 1553 τοῦ
3303 1499 3415 1571 βίου
3457 1498 3678 1570 ὀπώρας

2105 1592 2238 1663 ἔχει·
2267 1592 2403 1646 ἀλλά
2435 1593 2529 1651 καὶ
2556 1593 2680 1646 ἰδεῖν
2702 1596 2754 1647 εί
2779 1593 3046 1663 ἤνθησεν
3079 1595 3116 1661 ἡ
3147 1591 3431 1661 ἄμπελος,
3455 1591 3678 1659 διαφεύ-

2106 1702 2276 1755 γουσα
2309 1685 2398 1740 τὸν
2433 1684 2693 1756 χειμῶνα·
2718 1687 2810 1739 καὶ
2837 1686 2897 1738 τὸ
2930 1685 3030 1758 ἔαρ
3070 1685 3340 1755 φθάσασα,
3364 1685 3453 1738 τὸν
3487 1683 3680 1756 καιρὸν

433 1784 601 1850 vitis;
662 1792 709 1837 et
756 1783 803 1836 si
851 1783 1229 1852 germinassent
1274 1779 1416 1832 mala
1475 1777 1703 1845 punica,
1767 1789 1995 1845 quarum

2109 1776 2201 1831 τοῦ
2254 1777 2444 1847 Πάσχα
2487 1778 2581 1831 καὶ
2625 1777 2726 1847 τῆς
2757 1777 2864 1832 τῶν
2903 1775 3127 1847 ἀζύμων
3170 1778 3380 1849 ἑορτῆς·
3420 1777 3540 1829 τότε
3570 1777 3682 1848 γὰρ

434 1873 645 1928 fructus
683 1872 908 1933 multus,
937 1880 992 1926 et
1020 1883 1169 1926 certo
1197 1870 1384 1925 ordine
1410 1868 1509 1923 sub
1536 1868 1771 1937 tegmine
1806 1866 2005 1921 coadu—

432 1976 615 2020 natus.
648 1962 751 2017 Cui
785 1963 1001 2032 quidem
1037 1960 1408 2015 assimilantur
1430 1973 1640 2027 sponsze
1670 1959 1858 2013 ubera.
1902 1956 2004 2011 Hic

430 2057 603 2121 enim,
631 2057 728 2122 ait,
764 2055 896 2108 dabo
936 2054 1033 2108 tibi
1061 2053 1218 2107 ubera
1251 2063 1363 2105 mea
1392 2050 1460 2116 ”,
1510 2050 1562 2105 id
1609 2060 1691 2105 est
1748 2057 2001 2103 mentem.

431 2149 501 2200 At
536 2146 770 2211 nescivit,
800 2144 896 2208 ait,
926 2144 1103 2197 anima
1131 2158 1269 2208 mea,
1298 2152 1351 2196 et
1370 2141 1653 2211 promissis
1676 2140 1789 2195 suis
1809 2139 2001 2204 defuit,

432 2249 554 2290 cum
583 2250 610 2289 a
659 2249 717 2289 se
748 2235 861 2305 ipsa
897 2233 1190 2303 quidquam
1218 2231 1401 2287 facere
1433 2230 1707 2301 nequiret.
1760 2228 1868 2284 Sed
1895 2243 2003 2284 non

431 2328 688 2385 derelicta
729 2343 846 2382 sum
894 2326 947 2380 in
998 2326 1136 2381 istis.
1186 2322 1348 2378 Pater
1394 2323 1536 2377 enim
1573 2320 1849 2388 Naasson,
1895 2321 2003 2376 dux

429 2421 612 2493 populi
651 2421 755 2474 mei
789 2419 1114 2484 Aminadab,
1146 2416 1359 2486 mevipsi
1407 2414 1697 2485 quadrigas
1724 2429 1843 2469 esse
1868 2414 1998 2469 etI’e-

432 2515 509 2569 cit
553 2532 566 2568 :
598 2512 849 2567 Naasson
880 2521 1060 2566 autem
1095 2509 1349 2579 serpentis
1371 2506 1562 2561 similis
1588 2507 1999 2575 interpretatur,

432 2608 536 2663 dux
565 2606 745 2677 populi
775 2619 1017 2674 sponsae;
1048 2602 1136 2656 hic
1167 2601 1470 2656 Aminadab
1495 2641 1510 2664 ,
1544 2600 1633 2668 qui
1668 2600 1721 2653 in
1752 2598 2002 2665 Numeris

430 2708 586 2768 pater
642 2697 762 2752 duci
832 2695 1003 2750 tribus
1072 2692 1223 2749 Judze
1277 2691 1521 2747 Naasson
1583 2692 1652 2757 “,
1711 2691 2001 2762 allegOrice

429 2791 707 2846 Christum
781 2788 978 2842 innuit.
1018 2787 1206 2857 Igitur,
1254 2785 1397 2841 sicut
1448 2784 1624 2840 Moses
1676 2786 1730 2839 in
1782 2785 2000 2858 deserto

429 2891 737 2951 serpentem
789 2879 1044 2935 exaltavit
1073 2879 1140 2946 ",
1193 2877 1293 2941 sic,
1342 2877 1535 2946 inquit,
1575 2878 1859 2947 quadrigas
1922 2893 2001 2931 me

428 2973 701 3028 collocavit
741 2973 867 3039 sibi,
895 2981 1129 3026 mentem
1162 2985 1335 3025 meam
1359 2971 1685 3042 gubernans.

434 3279 596 3336 VERS.
625 3276 710 3332 12.
744 3278 1032 3341 Revertere,
1060 3287 1331 3359 revertere,
1362 3279 1638 3333 Sulcmitis
1662 3295 1683 3342 ;
1729 3292 2001 3348 revertere,

831 3362 1088 3407 revertere
1118 3361 1171 3401 ut
1198 3362 1500 3404 intueamur
1526 3362 1594 3404 te.

1012 3467 1240 3524 CAPUT
1294 3466 1406 3521 VII.

431 3554 595 3612 Vsus.
651 3558 702 3610 I.
762 3555 901 3621 Quid
970 3558 1194 3624 videbis,
1236 3560 1294 3612 in
1358 3558 1660 3614 Sulamite?
1706 3556 1841 3612 Ecce
1887 3560 2002 3626 ipsa

497 3627 727 3691 procedit
756 3629 909 3696 quasi
948 3629 1094 3681 chori
1135 3639 1465 3696 castrorum;
1518 3631 1752 3685 ascendit
1789 3634 1928 3685 enim
1975 3646 2003 3684 e

500 3698 715 3751 lavacro
745 3700 879 3750 sicut
910 3698 1148 3767 angelica
1188 3702 1422 3771 agmina.

498 3810 696 3881 Aquila
745 3822 800 3871 et
830 3813 1018 3881 quinta
1070 3813 1357 3869 translatio
1399 3813 1656 3869 Sulabitis
1688 3814 1999 3880 ediderunt,

424 3916 543 3973 quia
593 3912 672 3957 est
696 3904 1004 3972 paciﬁcans.
1040 3904 1200 3975 Atqui
1251 3918 1450 3974 sponsa
1494 3913 1577 3960 est
1616 3905 1763 3961 verbi
1799 3907 1999 3971 anima,

432 3991 633 4046 Christi
679 3992 940 4060 Ecclesia,
992 4004 1283 4064 propterea
1339 3995 1483 4063 quod
1541 4010 1706 4048 unum
1735 3995 1915 4051 eIIecit
1943 4005 2000 4051 et

428 4088 751 4143 munimenti
787 4090 1021 4144 medium
1053 4106 1265 4145 murum
1300 4090 1536 4145 sustulit.
1572 4090 1700 4147 Sive
1731 4093 1803 4148 sit
1838 4091 1999 4147 Sala-

427 4183 593 4250 mitis,
618 4183 730 4238 sive
755 4182 981 4251 spoliata
1004 4185 1302 4239 secundum
1340 4184 1730 4255 Symmachum
1756 4185 1909 4252 dicit,
1948 4186 1997 4241 ei

424 4290 705 4346 sponsus:
742 4276 786 4331 Ο
820 4275 1085 4346 spoliata,
1144 4275 1396 4347 factaque
1445 4279 1546 4333 sub
1597 4278 1802 4334 ditione
1852 4279 1998 4335 illius

425 4370 519 4439 qui
557 4379 608 4423 te
634 4369 906 4439 captivam
939 4369 1111 4433 duxit,
1142 4378 1397 4424 revertere
1428 4370 1481 4445 in
1511 4371 1793 4441 pristinam
1824 4372 2000 4439 digni-

2110 1869 2252 1939 φιλεῖ
2283 1869 2460 1923 ἀνθεῖν
2482 1871 2539 1922 ὲν
2569 1872 2636 1940 τῇ
2687 1868 2910 1941 Ἰουδαίᾳ
2929 1871 2962 1939 ή
3003 1867 3260 1938 ἄμπελος·
3295 1868 3389 1921 καὶ
3419 1870 3471 1921 εί
3500 1866 3686 1936 ἤνθη-

2108 1981 2229 2018 σαν
2266 1966 2323 2019 αὶ
2367 1964 2518 2033 ῥόαι,
2558 1956 2633 2016 ὧν
2678 1965 2706 2017 ό
2737 1962 2947 2034 καρπὸς
2980 1962 3164 2028 πολὺς,
3192 1961 3285 2015 καὶ⁵
3306 1960 3453 2024 τάξει
3485 1977 3685 2033 περιει-

2110 2059 2385 2130 λημμένος
2423 2056 2530 2109 ὑπὸ
2556 2056 2650 2109 τοῦ
2678 2055 2892 2119 λέπους·
2917 2047 2961 2123 ᾧ
2992 2054 3265 2125 ὡμοίωται
3290 2054 3350 2106 τὸ
3392 2054 3558 2124 μῆλον
3582 2053 3683 2123 τῆς

2110 2153 2346 2222 νύμφης·
2367 2150 2489 2203 ἐκεῖ
2508 2150 2585 2214 δὲ,
2605 2152 2756 2220 φησι,
2781 2148 2951 2203 δώσω
2973 2165 3071 2203 σοι
3092 2148 3234 2213 τοὺς
3242 2147 3512 2216 μαστούς
3537 2164 3682 2215 μου,

2108 2244 2352 2297 τουτέστι
2380 2243 2439 2296 τὸ
2458 2241 2801 2313 ἡγεμονικόν·
2828 2241 2965 2295 ἀλλ’
2987 2241 3273 2310 ἠγνόησε,
3299 2238 3479 2308 φησὶν,
3510 2238 3548 2305 ἠ
3565 2240 3686 2305 ψυι

2109 2336 2187 2406 χή
2204 2353 2345 2405 μου,
2379 2335 2471 2388 καὶ
2511 2333 2606 2404 τὴν
2648 2332 2936 2401 ὑπόσχεσιν
2983 2330 3258 2400 ἔψευσται,
3305 2329 3376 2399 μὴ
3411 2327 3680 2397 δυναμένη

2110 2428 2199 2495 ἀφ’
2215 2425 2411 2495 ἑαυτῆς
2444 2441 2494 2476 τι
2525 2426 2714 2477 ποιεῖν·
2746 2423 2859 2476 ἀλλ’
2892 2423 2992 2476 οὐκ
3023 2420 3351 2489 ἀπελείφθην
3375 2421 3430 2473 ὲν
3448 2419 3680 2482 τούτοις·

2106 2520 2136 2571 ό
2188 2516 2296 2588 γὰρ
2322 2514 2503 2587 πατὴρ
2557 2513 2647 2567 τοῦ
2676 2512 2945 2568 Ναασσὼν
2976 2515 3004 2566 6
3038 2514 3217 2585 ἄρχων
3257 2511 3347 2563 τοῦ
3398 2508 3525 2563 λαοῦ
3578 2527 3682 2579 μου

2120 2609 2434 2682 Ἀμιναδάϐ,
2473 2607 2623 2662 ἔθετό
2651 2625 2717 2679 με
2751 2605 2926 2677 ἐαυτῷ
2947 2602 3084 2659 εἶναι
3109 2606 3346 2677 ἅρματα·
3381 2590 3686 2656 Ναασσὼέν

2106 2703 2161 2757 δὲ
2192 2701 2450 2772 όφιὼδης
2472 2700 2850 2773 ἑρμηνεύεται·
2892 2702 2920 2753 6
2944 2700 3124 2771 άρχων
3146 2696 3237 2750 τοῦ
3259 2694 3385 2749 λαοῦ
3418 2694 3517 2764 τῆς
3543 2692 3604 2747 νύ
3613 2711 3685 2769 μς

2107 2814 2232 2867 φης·
2271 2794 2562 2865 Ἀμιναδάϐ
2602 2793 2660 2847 δὲ
2688 2788 2839 2855 οὗτος
2875 2793 2903 2845 6
2945 2793 3001 2845 ὲν
3046 2789 3319 2862 Ἀριθμοίς
3368 2788 3546 2857 πατὴρ
3586 2786 3684 2839 τοῦ

2105 2889 2362 2961 ἄρχοντος
2392 2888 2490 2958 τῆς
2526 2886 2696 2956 φυλῆς
2732 2886 2901 2938 Ἰούδα
2926 2883 3209 2938 Ναασσών·
3247 2883 3305 2946 ὃς
3334 2880 3688 2953 μεταλαμϐάν

2105 2997 2252 3033 νεται
2280 2981 2359 3043 είς
2391 2979 2479 3031 τὸν
2504 2977 2753 3050 Χριστόν·
2788 2975 2873 3029 διὰ
2906 2977 2986 3040 τὸ,
3021 2974 3201 3039 καθὼς
3232 2973 3470 3042 Μωῦσῆς
3500 2971 3687 3041 ὕψωσε

2107 3072 2195 3125 τὸν
2228 3071 2350 3140 ὄφιν
2395 3071 2452 3124 ὲν
2498 3073 2562 3140 τῇ
2611 3071 2822 3141 ἐρήμῳ,
2867 3068 3057 3131 οὕτως,
3111 3066 3293 3137 φησιν,
3335 3062 3566 3134 ἅρματὰ
3606 3080 3689 3133 με

2107 3168 2274 3221 ἔθετο
2308 3163 2485 3235 ἑαυτῷ
2511 3162 2740 3236 ἡνιοχῶν
2774 3180 2874 3233 μου
2905 3164 3029 3226 τοὺς
3060 3160 3369 3233 λογισμούς.
3642 3151 3646 3154 ’

2120 3274 2492 3342 Ἐπίστρεερε,
2527 3273 2849 3341 ἐπίστρεφε
2876 3274 2914 3339 ἡ
2942 3272 3307 3337 Σουλαϐίτις·
3338 3270 3684 3342 ἐπίστρεφε,

2391 3340 2730 3413 ἐπίστρεφε·
2767 3340 2865 3399 καὶ
2889 3344 3153 3411 ὀψόμεθα
3176 3342 3245 3394 ἐν
3274 3340 3394 3393 σοί.
3720 3342 3725 3347 ’

2630 3459 2805 3510 ΚΕΦΑ
2817 3457 3026 3511 ΛΑΙΟΝ
3077 3458 3150 3510 Z'.

2111 3553 2171 3605 Τί
2200 3550 2508 3621 ὄψεσθεέν
2527 3550 2600 3620 τῇ
2625 3550 3031 3621 Σουλαϐίτιδι;
3070 3553 3107 3619 ἡ
3137 3550 3428 3619 ἐρχομένη
3468 3552 3548 3616 ὡς
3575 3568 3684 3621 χο-

2166 3620 2265 3691 ροὶ
2298 3621 2417 3675 τῶν
2439 3633 2633 3691 παρεμ
2670 3620 2882 3674 ϐολῶν·
2922 3621 3103 3688 ἀνέϐη
3135 3622 3241 3691 γὰρ
3264 3621 3331 3674 ἐκ
3371 3621 3477 3674 τοῦ
3499 3620 3682 3681 λουτ-

2166 3694 2303 3762 ροῦ,
2338 3694 2419 3758 ὡς
2444 3692 2519 3745 τὰ
2542 3692 2825 3762 ἀγγελικὰ
2843 3691 3129 3761 τάγματα.

2186 3808 2416 3873 Ἀκύλας
2432 3808 2525 3863 καὶ
2548 3810 2580 3880 ὴ
2625 3807 2849 3879 πέμπτη
2876 3808 3107 3873 ἓκδοσις,
3131 3808 3192 3861 τὸ
3220 3808 3571 3873 Σουλαϐίτις
3596 3806 3687 3871 ἐξ-

2103 3901 2330 3965 έδωκαν,
2351 3902 2748 3970 εἰρηνεύουσα
2764 3899 2894 3970 γάρ·
2923 3899 3037 3953 ἔστι
3066 3900 3121 3952 δὲ
3141 3902 3173 3970 ἡ
3201 3899 3382 3970 νύμφη
3410 3900 3503 3951 τοῦ
3522 3899 3686 3966 λόγου

2100 3993 2266 4065 ψυχὴ,
2298 3995 2331 4064 ἡ
2362 3992 2456 4045 τοῦ
2482 3990 2718 4064 Χριστοῦ
2746 3990 3061 4062 Ἐκκλησία,
3081 3990 3168 4043 διὰ
3193 3990 3282 4043 τὸν
3310 3993 3607 4061 ποιήσαντα
3622 3989 3687 4041 τὸ

2101 4087 2179 4149 ἓν,
2205 4088 2298 4141 καὶ
2326 4087 2386 4140 τὸ
2413 4086 2725 4156 μεσότοιχον
2744 4084 2839 4138 τοῦ
2870 4082 3124 4155 φραγμοῦ
3146 4082 3398 4136 λύσαντα·
3428 4081 3523 4134 ἐὰν
3550 4081 3606 4133 δὲ
3640 4084 3677 4149 ὴ

2101 4180 2476 4247 Σουλαμίτις,
2504 4175 2996 4251 ἥέσκυλευμὲιη,
3030 4176 3169 4229 κατά
3197 4174 3512 4246 Σύμμαχον,
3535 4173 3687 4242 λέγοι

2099 4272 2164 4326 ἂν
2192 4274 2327 4346 πρὸς
2354 4271 2522 4343 αὐτὴν
2552 4272 2581 4324 6
2602 4266 2931 4342 νυμφίος,Ὦ
2961 4268 3325 4339 ἐσκυλευμένη
3354 4267 3446 4320 καὶ
3468 4266 3573 4320 ὑπὸ
3607 4264 3688 4336 τῷ

2099 4364 2557 4437 αίχμαλωτίσαντί
2610 4379 2670 4415 σε
2708 4362 3068 4433 γεγενημένη,
3108 4361 3427 4429 ἐπίστρεφε
3466 4359 3548 4420 είς
3584 4358 3686 4428 τὴν

426 4470 617 4525 tatem,
667 4476 809 4515 nunc
849 4463 1065 4531 quidem
1117 4462 1258 4516 sicut
1307 4463 1359 4516 in
1410 4464 1676 4533 principio
1730 4465 1999 4535 accipiens

2109 4459 2371 4531 προτέραν
2414 4456 2709 4525 εὐγένειαν·
2757 4453 2854 4507 νῦν
2889 4454 2984 4525 μὲν
3015 4453 3089 4516 ὡς
3136 4454 3192 4505 ὲν
3218 4451 3438 4522 ἀπαρχῇ
3473 4449 3690 4520 λαμϐά-

424 4553 735 4622 adoptionis
792 4553 1033 4624 pignus,
1088 4569 1349 4624 spemque
1407 4556 1850 4623 resurrectionis,
1907 4568 2000 4614 aut

424 4644 805 4713 promissionis
835 4654 889 4698 et
932 4645 1357 4715 incorruptionis
1387 4648 1790 4704 vestimentum.
1839 4649 2001 4708 Pres-

424 4735 538 4789 sius
560 4750 680 4788 eam
712 4736 1037 4790 exhortatur
1067 4753 1081 4791 :
1115 4751 1389 4792 revertere.
1416 4737 1568 4795 Nunc
1598 4741 1742 4797 enim
1775 4743 2001 4814 impera-

425 4826 537 4880 tive
565 4826 716 4880 addit
748 4845 761 4880 :
789 4836 845 4879 ut
868 4827 1174 4883 intueamur
1220 4840 1290 4883 te.
1344 4830 1620 4889 Sodalium
1652 4850 1783 4891 vero
1814 4838 1999 4906 sponsi

426 4919 492 4972 ad
544 4932 799 4987 sponsam
860 4917 976 4973 lucc
1028 4933 1147 4973 esse
1195 4922 1360 4975 verba
1394 4924 1669 4982 existimo.
1720 4928 1801 4983 Ad
1865 4942 2001 4996 quos

424 5023 682 5077 sponsus,
744 5008 884 5073 Quid
921 5010 1157 5068 videbitis
1179 5014 1205 5067 ἵ
1237 5017 1472 5085 subjicit.
1521 5019 1796 5074 Assimilat
1829 5020 2002 5075 victo-

424 5116 547 5155 rum
578 5102 864 5156 exercitui.
897 5100 1010 5159 Una
1040 5106 1184 5160 enim
1202 5122 1398 5174 sponsa
1428 5110 1625 5163 multas
1671 5110 1818 5165 acies
1841 5111 2003 5167 habet

424 5191 482 5245 in
517 5193 718 5259 seipsa.
771 5190 905 5246 Nam
939 5208 1153 5263 sponsae
1193 5197 1462 5262 membra,
1520 5197 1803 5267 multiplici
1856 5199 1999 5253 serie

422 5282 749 5347 constantia,
773 5282 922 5336 chori
947 5285 1163 5353 quidem
1186 5295 1330 5354 sunt,
1362 5286 1527 5341 Deum
1555 5287 1997 5343 concelebrantes

421 5372 664 5427 unanimi
699 5382 992 5439 concentu,
1039 5383 1094 5428 et
1142 5376 1296 5432 chori
1352 5386 1655 5433 castrorum
1698 5378 1993 5448 paciﬁcatt-t

423 5464 581 5530 tium,
607 5472 768 5534 prout
800 5464 984 5520 hostes
1008 5466 1367 5535 sustulerint;
1410 5471 1503 5523 sed
1543 5483 1649 5522 non
1675 5470 1786 5539 jam
1820 5470 1991 5537 ﬁgura

422 5556 569 5626 belli,
600 5574 722 5613 cum
752 5573 847 5626 pro
876 5562 1222 5617 versantibus
1254 5563 1306 5616 in
1343 5570 1584 5618 torrente
1604 5561 1838 5627 laborat,
1871 5581 1994 5631 spo-

2102 4572 2265 4609 νουσα
2287 4554 2384 4625 τῆς
2417 4552 2687 4615 υἱοθεσίας
2715 4551 2805 4605 τὸν
2827 4547 3143 4620 ἀρραϐῶνα,
3182 4548 3274 4601 καὶ
3302 4546 3398 4615 τὴν
3430 4546 3528 4615 τῆς
3552 4545 3686 4598 ἀνα-

2105 4648 2344 4712 στάσεως
2401 4645 2610 4698 ὲλπίδα·
2672 4644 2766 4696 ἐὰν
2818 4642 2876 4696 δὲ
2920 4642 3018 4712 τῆς
3064 4638 3391 4708 ἐπαγγελίας
3446 4637 3540 4690 καὶ
3583 4637 3685 4709 τῆς

2102 4740 2410 4811 ἀφθαρσίας
2448 4737 2508 4790 τὸ
2542 4735 2771 4806 ἔνδυμα,
2791 4734 3117 4803 πυκνότερον
3146 4731 3201 4783 δὲ
3227 4731 3305 4792 είς
3345 4727 3680 4800 προτροπὴν,

2101 4833 2163 4886 τὸ
2193 4834 2532 4900 ἐπίστρεφε·
2564 4829 2685 4882 τότε
2706 4826 2815 4897 γάρ
2836 4843 2967 4896 φησι
3000 4825 3200 4896 κυρίως
3229 4822 3374 4875 ἐστὶν
3402 4820 3549 4874 ἰδεῖν
3580 4835 3678 4872 σε·

2100 4923 2208 4977 τῶν
2242 4922 2475 4991 ἑταίρων
2508 4919 2565 4972 δὲ
2600 4917 2695 4971 τοῦ
2716 4915 2951 4988 νυμφίου
2987 4913 3122 4984 πρὸς
3153 4909 3250 4981 τὴν
3280 4910 3497 4979 νύμφην
3540 4903 3685 4959 εἶναι

2097 5014 2188 5067 τὸν
2206 5013 2360 5081 λόγον
2376 5008 2535 5064 δοκῶ·
2557 5008 2691 5080 πρὸς
2705 5006 2798 5069 οὓς
2818 5006 2845 5057 ὁ
2862 5002 3112 5075 νυμφίος,
3139 5001 3198 5054 Τί
3216 4999 3470 5068 ὅψεσθε;
3489 4995 3675 5066 φησίν·

2098 5106 2452 5170 ἀπεικάζεται
2488 5100 2545 5164 δὲ
2579 5097 2935 5168 νενικηκότων
2971 5091 3202 5165 στρατῷ·
3236 5089 3390 5161 ἡμία
3415 5087 3521 5158 γὰρ
3542 5085 3683 5156 νύμ-

2096 5215 2170 5268 φη
2216 5196 2416 5266 πλῆθος
2460 5195 2518 5246 ὲν
2564 5191 2728 5260 ἑαυτῇ
2758 5187 2870 5259 ἔχει
2898 5182 3274 5255 παρεμϐολῶν·
3303 5180 3373 5234 τὰ
3397 5178 3505 5250 γάρ
3541 5178 3680 5249 μέλη

2101 5291 2199 5360 τῆς
2223 5287 2438 5358 νύμφης
2487 5284 2807 5353 συστήματα
2859 5278 3191 5348 τυγχάνοντα
3238 5274 3479 5335 πλείονα,
3524 5270 3681 5341 χοροὶ

2105 5331 2203 5449 pi:
2229 5331 2366 5441 είσῗιῖ
2486 5375 2547 5429 τὸ
2573 5331 2713 5426 θείον
2742 5331 2946 5443 ὑμνεῖν.
2963 5331 3273 5439 ’συμφώνως
3301 5331 3695 5449 Θεολογοῦντεςξ

2100 5432 2265 5544 αὐτῷ·
2429 5432 2490 5522 δὲ
2521 5432 2935 5526 καθελείνποὺς
2991 5432 3279 5531 πολεμίους
3315 5432 3704 5547 παρεμϐολῷν)

2097 5563 2384 5637 εἰρηνικῶν
2413 5561 2645 5631 ἔχοντες·
2676 5558 2790 5613 ἀλλ’
2821 5552 3003 5610 οὐκέτι
3039 5553 3224 5626 σχῆμα
3248 5546 3559 5620 πολεμικὸν,
3577 5544 3678 5617 τὴν

493 5679 537 5709 ⁸³
580 5677 725 5732 Psal.
751 5692 940 5740 cxxnt,
973 5677 1024 5732 5.
1101 5676 1147 5708 ⁸³
1182 5678 1337 5733 Cant.
1382 5693 1477 5744 vn,
1522 5678 1607 5733 Η.
1689 5679 1733 5711 δι
1774 5678 1930 5735 Num.
1968 5698 2006 5743 ι.

2168 5681 2212 5713 ⁵⁵
2253 5678 2410 5731 Num.
2446 5690 2557 5739 xxI,
2586 5673 2640 5729 9.

493 5775 573 5844 (ι)
607 5773 702 5829 Τά.
733 5774 876 5845 Lege
905 5773 1015 5827 τοῦ.
1050 5774 1205 5830 Eutr.
