3888 6214
194 326 290 381 28!

1293 330 1587 389 SCHOLIA
1625 329 1692 384 ΙΝ
1731 330 2033 388 CANTICA
2071 333 2342 391 CANTIC;

3331 341 3438 398 288

193 442 332 516 ὑπὲρ
369 444 479 497 τῶν
521 445 579 498 ὲν
604 445 891 519 χειμάρρῳ
927 448 1207 519 καμοῦσαν
1241 450 1646 506 καὶσκυλεῖσαν
1699 450 1762 504 δι’

1879 452 2139 523 liaturque
2169 455 2237 509 ab
2271 454 2355 508 iis.
2380 452 2451 509 ili
2484 454 2825 524 appellantur
2855 457 3012 512 amici
3050 458 3252 527 sponsi.
3301 458 3441 530 Spo-

194 534 425 611 αὸτούςῐ
450 537 879 607 προσκαλοῦνται
921 543 970 595 oi
1003 541 1145 610 φίλοι
1173 542 1269 596 τοῦ
1300 544 1555 614 νυμφίου·
1581 543 1765 597 scacv-

194 626 457 696 ,ἰωμένη
491 627 600 699 γὰρ
637 631 995 700 ὲρμηνευεται
1040 634 1416 703 Σουλαμίτις·
1445 635 1767 704 ἐπίστρεφε

194 717 463 785 λέγοντες,
510 720 783 790 ὀψόμεθα·
814 723 885 777 ἐν
922 724 1042 777 σοί·
1080 722 1265 796 ἑώρων
1303 725 1410 798 γὰρ
1455 726 1625 797 αὐτῆς
1677 727 1767 797 τὸν

196 810 455 881 σκυλμδν,
509 813 608 866 οὐκ
638 813 904 886 ἄκαρπον,
938 816 1049 869 ἀλλ’
1101 819 1181 880 είς
1238 818 1469 890 χρηστὸν
1518 819 1769 890 τελευτή-

195 919 359 955 σαντα
399 903 594 974 πέρας,
646 906 792 970 ὅπως
832 908 955 971 τοὺς
987 908 1149 980 ἐντῷ
1195 911 1482 982 χειμάρρῳ
1507 927 1769 982 κατακρι-

192 994 878 1068 θένταςξπαραδεδομένους
918 999 996 1070 τῷ
1034 1002 1247 1073 Σατανᾷ
1275 1004 1353 1065 είς
1391 1001 1610 1074 ὄλεθρον
1668 994 1769 1071 τῆς

190 1084 807 1156 σαρκὸς,γπαρελθόντας
858 1089 918 1142 τὸ
959 1090 1053 1143 τοῦ
1084 1091 1384 1162 χειμάρρου
1426 1090 1589 1162 ὕδωρ,
1617 1108 1769 1161 νικη-

190 1176 391 1246 φόρους
411 1172 516 1247 ἦγε
542 1178 658 1247 μεθ’
680 1180 894 1251 ἑαυτῆς,
930 1180 1224 1251 ἐρχομένη
1258 1184 1337 1248 ὡς
1359 1183 1523 1251 χοροὶ
1552 1196 1770 1251 παρεμ-

190 1266 405 1331 ϐολῶν,
439 1268 551 1321 τῶν
595 1272 659 1323 ἐκ
699 1271 933 1342 πολέμου
985 1274 1456 1345 ὲπανερχομένων,
1497 1274 1590 1326 καὶ
1628 1273 1769 1330 κατὰ

188 1356 423 1428 διάφορα
455 1361 773 1431 συστήματα
798 1364 1149 1434 χορευόντων,
1183 1365 1275 1416 καὶ
1300 1363 1595 1427 ἐπινικίους
1614 1363 1767 1434 ᾴδόνέ

187 1461 292 1497 των
316 1447 411 1499 καὶ
433 1446 717 1515 λεγόντων·
752 1452 950 1519 Κύριε,
991 1452 1071 1518 ὡς
1096 1451 1263 1515 ὅπλῳ
1291 1451 1571 1520 εὐδοκίας
1603 1453 1770 1507 ἑστε-

191 1536 480 1607 φάνωσας
502 1540 678 1611 ἡμᾶς.

200 1599 432 1700 Ῥυθμοὶ
659 1647 776 1688 σου
802 1633 995 1759 ὅμοιοέ
1014 1636 1344 1706 ὀρμίσκοις,
1368 1636 1545 1707 ἔργον
1557 1599 1770 1707 χειρῶτε

828 1722 972 1759 τεγν
997 1724 1123 1759 του.

828 1722 1123 1775 τεχνιτου.

261 1792 537 1864 Πολλαχοῦ
577 1795 762 1849 τάττει
815 1799 941 1862 τοὺς
991 1798 1199 1870 μηροὺς
1237 1798 1331 1873 ἐπὶ
1373 1797 1470 1868 τῆς
1503 1798 1769 1873 γενέσεως

189 1885 223 1961 ᾖ
280 1886 502 1957 Γραφίγ
549 1887 697 1958 δηλοί
740 1889 914 1943 τοίνυν
974 1890 1207 1945 ἐνταῦθα
1270 1891 1369 1961 τῆς
1431 1890 1646 1961 νύμφης
1704 1890 1764 1943 τὸ

184 1980 519 2050 τεταγμένον
568 1983 626 2035 ὲν
678 1981 755 2053 τῷ
787 1982 885 2053 τῆς
934 1985 1200 2052 γενέσεως
1242 1984 1425 2055 χωρίῳ
1458 1983 1551 2035 καὶ
1601 1966 1764 2055 εὕρυέ

186 2068 359 2144 θμον,
407 2074 579 2145 ὁμοίῳ
625 2074 1065 2147 περιτραχηλίοις
1126 2075 1651 2146 κατεσκευασμένοις
1695 2076 1763 2146 τῇ

184 2166 353 2237 ἀρετῇ
363 2205 375 2216 .

197 2255 499 2324 Ὀμφαλός
530 2271 646 2309 σου
678 2253 901 2323 κρατὴρ
931 2255 1265 2323 τορνευτὸς,
1295 2253 1380 2325 μὴ
1410 2253 1767 2321 ὑστερούμε-

251 2343 367 2395 νοςν
387 2324 599 2394 κρᾶμαο
626 2326 821 2377 κοιλία
852 2341 987 2390 σου,
1030 2326 1292 2395 θημωνία
1323 2325 1496 2378 σίτου
1542 2339 1762 2392 πεφραο

259 2394 840 2465 τμένηὲνκρίνοις.,
986 2430 1019 2437 ν.
1104 2394 1111 2395 “
1262 2450 1268 2456 _
1592 2442 1595 2445 λ
1716 2442 1721 2445 .

269 2489 392 2540 Ἐπὶ
416 2488 509 2540 τὸν
548 2486 786 2557 ὀμφαλὸν
810 2486 867 2538 δὲ
898 2485 989 2539 τὸν
1015 2485 1271 2558 κρατῆρα
1305 2488 1337 2557 ἡ
1374 2483 1532 2555 σοφία
1562 2499 1766 2551 συγκα-

185 2579 266 2632 λεῖ
292 2564 547 2646 λέγουσα·
572 2578 769 2642 Δεῦτε,
797 2569 959 2632 π’ίετε
990 2572 1158 2633 οἶνον·
1182 2578 1256 2633 ὃν
1284 2575 1574 2646 κεκέρακα
1602 2576 1761 2646 ὑμῖν·

185 2674 277 2727 καὶ
296 2672 449 2742 δηλοῖ
468 2672 527 2724 τὸ
558 2671 923 2743 πνευματικὸν
953 2670 1186 2741 πνεῦμα·
1218 2670 1315 2723 καὶ
1344 2668 1651 2741 προσέθηκε
1675 2668 1768 2721 καὶ

186 2764 493 2835 θημωγίαν
520 2765 716 2828 σίτου,
753 2765 842 2817 ἵνα
862 2763 961 2834 τὴν
1012 2762 1386 2834 πνευματικὴν
1428 2760 1635 2832 τροφὴν
1673 2778 1770 2833 ση-

187 2840 351 2929 μάνῃ·
381 2856 443 2909 τὸ
467 2856 593 2927 ,γὰρ
624 2857 886 2926 θημωνία
930 2857 1055 2911 ἀντὶ
1096 2856 1190 2909 τοῦ
1234 2853 1521 2925 συναγωγὴ
1559 2853 1767 2926 ἀρετῶν

183 2949 423 3020 πλήθους
452 2950 531 3012 εἰς
554 2948 611 3000 ἓν
639 2950 703 3017 τῇ
738 2946 957 3017 ὁμονοίᾳ
990 2947 1412 3018 συντεταγμένη.
1698 2956 1702 2960 ’

248 3043 432 3113 Κρίνα
449 3042 494 3094 δ’
523 3043 590 3095 ἂν
620 3042 703 3111 εἴη
740 3042 835 3094 καὶ
856 3041 924 3095 τὰ
953 3040 1085 3111 ἄνθη
1116 3042 1216 3111 τῆς
1242 3044 1461 3115 χάριτος
1493 3042 1586 3097 τοῦ
1608 3044 1765 3111 Θεοῦ,

180 3133 215 3188 ἃ
241 3133 562 3198 συνελέξατο
592 3135 700 3187 ἀπὸ
742 3134 903 3204 μέσου
936 3132 1042 3186 τῶν
1073 3132 1165 3185 τοῦ
1193 3134 1305 3205 βίου
1326 3136 1598 3192 ἀκανθῶν.

296 3225 353 3278 Ὀ
382 3224 683 3295 τράχηλος
708 3240 823 3279 σου
854 3226 934 3290 ὡς
972 3226 1195 3295 πύργος
1224 3222 1635 3297 ἐλεφάντινος.

246 3319 459 3390 Πυργοι
508 3318 566 3371 δὲ
605 3318 930 3390 ἐκλήθησαν,
970 3322 1018 3373 οἱ
1064 3319 1132 3372 τὰ
1171 3320 1377 3391 ἀρεστὰ
1423 3321 1501 3392 τῷ
1550 3312 1768 3396 νυμφίῳ

180 3411 485 3476 ποιοῦντες,
513 3414 902 3484 σκοπευτήριον
926 3413 1139 3484 ἔχοντες
1169 3413 1266 3485 τὴν
1301 3413 1639 3489 θεωρητικὴν
1667 3417 1769 3488 ψυ-

179 3502 302 3574 χὴν,
331 3503 399 3555 ὲκ
440 3502 715 3574 μετεώρου
761 3504 1128 3559 σκοπεύουσαν
1163 3504 1395 3559 ἅπαντα·
1425 3507 1766 3576 ἐλεφάντινον

177 3593 256 3658 δὲ,
303 3592 393 3645 διὰ
416 3592 477 3644 τὸ
516 3592 765 3664 λαμπρὸν
794 3596 887 3647 καὶ
914 3594 1073 3648 λεῖον·
1108 3595 1259 3648 οὐδὲν
1284 3594 1392 3666 γὰρ
1418 3597 1525 3650 ἀπὸ
1570 3597 1766 3661 κακίας

178 3687 353 3755 τραχὺ
390 3685 449 3736 ὲν
480 3684 557 3755 τῷ
583 3684 685 3754 τῆς
725 3684 945 3757 νύμφης
985 3687 1259 3759 τραχήλῳ-
1297 3687 1478 3740 οὐκέτι
1526 3688 1583 3741 δὲ
1639 3691 1766 3761 περὶ

178 3775 287 3829 τῶν
304 3774 516 3842 νεκρῶν
540 3769 714 3840 εἶπεν,
749 3780 802 3829 ol
821 3778 1131 3846 νεμόμενοι
1152 3777 1222 3830 ἐν
1242 3778 1484 3845 κρίνοις·
1513 3779 1766 3851 ὑπεράνω

179 3860 286 3932 γάρ
322 3861 670 3928 ἐγεγόνεισαν
698 3862 896 3934 κρίνων
920 3863 1028 3917 τῶν
1072 3866 1129 3917 ὲν
1161 3866 1308 3936 μέσῳ
1338 3866 1606 3920 ἀκανθῶνθ
1643 3868 1766 3939 βού-

178 3953 329 4007 λεται
351 3954 409 4008 δὲ
440 3956 587 4025 ἡμᾶς
613 3956 707 4008 καὶ¹
739 3955 1053 4027 φιλομαθεῖς
1086 3959 1241 4021 ὄντας
1278 3958 1484 4013 πολλῶν
1504 3960 1648 4031 ἔχειν
1666 3961 1765 4033 τὴν

176 4046 356 4119 ψυχὴν
400 4032 678 4121 θυγατέρα
732 4048 909 4116 σοφῶν
950 4050 1040 4102 καὶ⁸
1067 4051 1123 4101 ὲν
1154 4051 1480 4120 εἰσαγωγαῖς
1512 4053 1763 4120 γενέσθαι

181 4139 520 4210 μαθημάτων
539 4138 770 4204 πολλῶν,
804 4141 867 4203 ἃς
893 4139 1118 4193 ἐκάλεσε
1140 4139 1332 4204 πύλας·
1359 4142 1627 4207 τοσοῦτον,
1664 4162 1765 4215 φη-

181 4230 286 4294 σὶν,
314 4228 568 4297 γνώσεως
597 4232 710 4293 τοῖς
745 4233 802 4283 ὲν
828 4232 910 4283 σοὶ
930 4232 1272 4295 διδασκάλοις
1304 4234 1549 4305 περίεστι
1580 4236 1761 4308 χάρις,

177 4320 254 4381 ὡς
290 4320 365 4390 μὴ
425 4320 584 4390 μόνον
632 4322 759 4383 τοὺς
806 4322 956 4392 παρὰ
993 4322 1076 4376 σο)⁸
1120 4322 1412 4377 ἀπολαύειν
1442 4325 1618 4380 αὐτῶν
1663 4327 1763 4396 τῆς

179 4413 534 4477 παιδεύσεως,
571 4412 687 4466 ἀλλ’
738 4413 838 4484 ἤδη
886 4414 977 4467 καὶ
1012 4414 1108 4485 τῆς
1136 4413 1332 4481 ἔξωθεν
1361 4418 1453 4469 καὶ
1485 4418 1762 4491 πόρρωθεν

179 4505 279 4575 τῆς
310 4505 492 4558 αὐτῶν
514 4505 805 4559 ἀπολαύειν
826 4505 1109 4575 ὠφελείας.

178 4592 428 4660 Μυκτήρ
455 4609 592 4656 σου,
625 4595 707 4659 ὡς
755 4595 979 4663 πύργος
1024 4595 1129 4648 τοῦ
1152 4595 1409 4649 Λιϐάνου
1444 4599 1760 4651 σκοπεύων

248 4665 579 4734 πρόσωπον
623 4664 962 4734 Δαμασκοῦ*
996 4665 1228 4733 κεφαλή
1272 4682 1387 4719 σου
1419 4667 1523 4720 ἐπὶ
1569 4668 1643 4721 σὲ
1679 4670 1760 4734 ὼς

250 4733 592 4807 Κάρμηλος,
627 4733 724 4807 καί
758 4735 1010 4807 πᾼόκιον
1043 4736 1310 4807 κεφαλῆς
1356 4753 1471 4790 σου
1501 4739 1581 4804 ὡς
1614 4733 1759 4807 crop?

248 4806 448 4872 φύραν
480 4804 777 4869 ,βασιλεὺς
800 4804 1114 4873 δεδεμένος
1138 4806 1207 4858 ἐν
1231 4807 1653 4877 παραδρομαῖς.

264 4896 321 4948 Ὀ
346 4895 406 4949 δὲ
436 4894 683 4966 καθαρὰν
712 4895 849 4965 ἔχων
879 4897 979 4967 τὴν
1007 4897 1284 4968 διαπνοὴν,
1318 4899 1410 4951 καὶ
1438 4898 1527 4953 διὰ
1559 4900 1655 4970 τῆς
1675 4902 1761 4954 αί-

183 4985 429 5056 σθήσεως
462 4985 555 5038 τοῦ
600 4985 743 5038 θείου
777 4985 934 5054 λόγου
962 4987 1256 5058 δυνάμενος
1284 4989 1458 5042 ὀπίσω
1488 4988 1652 5045 αὑτοῦ
1683 4992 1763 5054 εἰς

180 5076 352 5149 ὀσμὴν
395 5076 582 5147 μύρων
621 5076 784 5130 αὐτοῦ
812 5076 1057 5149 δραμεῖν,
1086 5082 1300 5151 μυκτήρ
1345 5084 1489 5134 ἐστιν
1512 5080 1762 5135 αἰσθανό-

186 5185 338 5238 μενος
354 5168 585 5231 εὐωδίας
615 5169 1007 5239 πνευματικῆςε
1035 5172 1313 5224 σκοπεύων
1347 5172 1399 5225 ei
1422 5190 1473 5225 τι
1507 5174 1760 5242 ἐπιφανὲς

185 5262 237 5313 ἐν
265 5260 445 5314 ἔθνεσι
476 5260 657 5332 δόγμα
692 5262 857 5314 δοκεῖ’
889 5264 1176 5332 Δαμασκὸς
1208 5264 1316 5336 γὰρ
1339 5265 1405 5317 τὰ
1456 5264 1581 5337 ἔθνη
1621 5283 1762 5336 παρ-

186 5350 380 5421 ίστησι·
406 5352 499 5404 τοῦ
526 5352 581 5404 δὲ
612 5352 908 5421 ἐπιφανοῦς
923 5353 1016 5405 καὶ
1036 5354 1201 5408 καλοῦ
1230 5354 1288 5408 τὸ
1317 5357 1605 5427 πρόσωπον
1632 5356 1763 5428 σύμ-

183 5444 353 5499 ϐολονο
390 5447 420 5498 ὁ
450 5444 506 5497 δὲ
536 5444 752 5507 λίϐανος
801 5446 1133 5518 ἀναφέρεται
1167 5449 1260 5500 ἐπὶ
1291 5448 1349 5500 τὸ
1378 5448 1759 5520 θυσιαστήριον

183 5539 270 5590 τοῦ
314 5537 475 5590 Θεοῦ’
500 5538 529 5590 ὁ
559 5537 616 5589 δὲ
646 5537 941 5608 Κάρμηλος
971 5539 1290 5607 ἐπίγνωσις
1321 5541 1640 5610 περιτομῆς
1669 5543 1760 5613 έρ-

190 5630 494 5697 μηνεύεται·
524 5627 784 5698 γινώσκει
818 5628 876 5682 δὲ
902 5628 1201 5701 περιτομὴν
1232 5631 1260 5683 ὁ
1289 5630 1425 5701 μετὰ
1449 5632 1756 5703 παρρησίας

258 5796 298 5817 ’θ’
324 5788 463 5847 Psai.
497 5806 547 5853 ν,
582 5788 667 5843 15.
744 5788 786 5819 ⁸⁷
828 5788 990 5845 I'rov.
1019 5804 1096 5857 Ix,
1123 5787 1175 5845 5.

1870 544 2001 615 [icta
2022 546 2165 609 enim
2190 544 2469 607 Sulamitis
2488 546 2894 616 interpretatur.
2917 547 3202 618 Revertere,
3230 550 3439 625 dicunt,

1873 651 1928 693 ut
1969 640 2270 692 intueamur
2308 651 2389 711 te.
2409 639 2680 694 Videbaut
2701 639 2844 693 enim
2876 639 2996 710 ejus
3026 639 3262 697 laborem
3283 682 3299 708 ,
3328 659 3440 701 non

1872 731 2292 797 infructuosum,
2333 732 2425 786 sed
2483 732 2551 786 ad
2607 732 2884 787 meliorem
2916 733 3204 791 terminum
3245 749 3431 803 prope»

1869 828 2114 883 rantem,
2149 828 2209 872 ut
2260 820 2314 873 in
2367 829 2610 876 torrente
2656 819 2965 886 damnatos,
3012 820 3337 892 Satanteque
3384 825 3439 878 in

1869 911 2124 980 abyssum
2167 909 2353 962 carnis
2392 909 2617 964 traditos
2642 949 2658 975 ,
2702 909 2928 978 trajecta
2982 912 3240 966 torrentis
3271 912 3437 973 unda,

1869 1002 2101 1055 victores
2132 1000 2295 1054 ducat
2349 1016 2557 1067 secum,
2592 1001 2869 1069 procedens
2909 1004 3042 1056 sicut
3074 1004 3219 1056 chori
3238 990 3441 1059 castro-

1870 1109 2011 1155 rum,
2041 1107 2070 1149 a
2102 1091 2241 1151 bello
2266 1090 2636 1157 redeuntium,
2666 1098 2718 1146 et
2743 1090 2907 1145 variis
2940 1092 3219 1147 ordinibus
3247 1108 3441 1163 proce-

1870 1183 2139 1249 dentium,
2197 1193 2252 1239 et
2299 1184 2546 1238 victoria:
2601 1182 2913 1238 canentium
2966 1182 3215 1255 hymnos,
3279 1195 3441 1254 atque

1869 1277 2291 1331 exclamantium
2329 1275 2591 1332 :Dominc
2617 1316 2632 1342 ,
2680 1285 2736 1330 ut
2788 1284 2937 1330 scuto
2967 1278 3115 1329 bona:
3161 1276 3441 1331 voluntatis

1870 1376 1975 1423 tua:
1995 1367 2257 1419 coronasti
2292 1382 2382 1419 nos
2421 1366 2487 1417 ⁵⁸.

1870 1632 2150 1688 Juncturte
2183 1631 2440 1700 femorum
2468 1640 2677 1683 tuorum
2699 1670 2714 1693 ,
2737 1630 2870 1683 sicut
2890 1630 3106 1683 monilia
3135 1646 3252 1700 quw
3276 1630 3444 1700 [abri-

2116 1701 2118 1704 ’
2290 1714 2408 1753 cata
2440 1711 2559 1754 sunt
2591 1717 2748 1753 manu
2793 1700 3033 1767 artiﬁcis.
3422 1700 3423 1705 “

1945 1791 2127 1847 Multis
2158 1791 2290 1845 locis
2321 1790 2550 1846 collocat
2587 1792 2793 1845 femora
2815 1806 2914 1860 pro
2944 1778 3267 1861 genitalibus
3294 1791 3445 1847 Scri—

1871 1895 2057 1955 ptura;
2092 1884 2179 1937 hic
2209 1884 2369 1953 igitur
2389 1883 2624 1937 ostendit
2645 1882 2925 1952 pulchrum
2943 1893 3103 1953 atque
3117 1885 3331 1954 egregie
3346 1901 3441 1941 or-

1866 1980 2106 2031 dinatum
2148 1991 2357 2047 Sponsae
2402 1976 2452 2028 iu
2490 1972 2813 2045 genitalibus
2864 1977 3106 2045 corporis
3161 1978 3439 2044 habitum,

1866 2080 1921 2125 et
1943 2068 2170 2123 similem
2208 2068 2498 2122 monilibus
2518 2051 2854 2138 peritissime
2870 2067 3202 2124 fabrelactis.
3420 2056 3425 2072 ί

1872 2248 2039 2302 Vsus.
2077 2248 2132 2302 2.
2164 2245 2455 2300 Umbilicus
2479 2258 2621 2317 tuus,
2642 2259 2815 2301 crater
2842 2248 3135 2308 tornatilis,
3172 2242 3441 2317 nunquam

1945 2319 2180 2387 indigem
2221 2319 2443 2385 poculis.
2486 2315 2673 2372 Venter
2698 2330 2818 2371 tuus
2851 2319 2983 2371 sicut
3008 2335 3221 2373 acervus
3257 2315 3439 2383 tritici,

1937 2388 2166 2443 vallatus
2201 2388 2348 2441 liliis.

1942 2479 2265 2535 Umbilicum
2316 2489 2580 2533 craterem
2628 2490 2788 2533 vocat
2856 2479 3157 2549 Sapientia,
3194 2480 3385 2537 dicens
3419 2498 3438 2535 :

1877 2570 2079 2638 Venite,
2107 2572 2266 2625 bibite
2293 2572 2468 2625 vinum
2497 2570 2637 2640 quod
2662 2572 2847 2625 miscui
2879 2573 3016 2626 vobis
3035 2571 3102 2637 ⁸⁷,
3128 2580 3183 2626 et
3205 2571 3443 2626 ostendit

1868 2664 2164 2734 spiritalem
2206 2664 2491 2733 spiritum;
2537 2672 2592 2716 et
2632 2664 2834 2718 addidit
2876 2680 3115 2718 acervum
3144 2665 3349 2729 tritici;
3383 2673 3443 2719 ut

1870 2756 2167 2825 spiritalem
2217 2769 2397 2809 eseam
2447 2755 2773 2824 designaret.
2829 2755 3055 2809 Acervus
3106 2756 3288 2820 enim,
3342 2770 3441 2825 pro

1868 2849 2120 2915 congerie
2157 2848 2444 2909 virtutum,
2508 2847 2626 2916 pari
2665 2862 2826 2901 sensu
2862 2847 3029 2901 multa
3066 2849 3117 2901 in
3167 2863 3331 2901 unum
3366 2849 3441 2903 si-

1869 2942 2106 3013 gnilicat.

1939 3031 2073 3087 Lilia
2097 3029 2257 3086 ﬂores
2287 3037 2417 3085 sunt
2450 3029 2636 3100 gratia:
2682 3028 2812 3097 Dei,
2856 3044 2991 3097 quos
3028 3029 3299 3100 decerpsit
3338 3045 3444 3085 me-

1829 3176 1834 3196 :
1871 3127 1974 3181 diis
1999 3127 2119 3180 vita:
2147 3126 2340 3196 spinis.

1980 3216 2146 3271 Vsus.
2190 3215 2247 3268 4.
2288 3212 2497 3268 Collum
2529 3223 2675 3265 tuum
2702 3212 2836 3265 sicut
2878 3212 3335 3269 turris'eburnea.

1941 3307 2146 3363 Turres
2173 3306 2346 3360 vocati
2372 3314 2517 3368 sunt,
2542 3304 2632 3371 qui
2660 3317 2720 3357 se
2747 3313 2935 3373 gratos
2962 3320 3159 3374 sponso
3177 3305 3439 3373 praebent,

1869 3400 2026 3467 quasi
2058 3398 2331 3468 speculam
2360 3396 2625 3449 habentes
2650 3396 3125 3465 contemplativam
3177 3398 3436 3465 animam,

1867 3509 1934 3548 ex
1990 3492 2099 3547 alto
2126 3491 2307 3546 omnia
2342 3488 2786 3560 prospicientem.
2819 3488 3085 3543 Eburnea:
3115 3504 3267 3554 vero,
3311 3505 3439 3559 pro-

1869 3595 1988 3654 pter
2019 3583 2364 3654 splendorem
2402 3590 2457 3633 et
2498 3579 2826 3645 laevitatem;
2879 3580 3015 3634 nihil
3042 3582 3184 3635 enim
3215 3596 3281 3635 ex
3331 3581 3439 3634 im-

1868 3679 2139 3749 probitate
2195 3689 2469 3744 aspertun‘
2501 3675 2553 3726 in
2593 3687 2805 3742 sponsa:
2841 3673 3005 3731 collo.
3060 3674 3177 3727 Non
3221 3674 3331 3742 jam
3372 3674 3441 3730 de

1868 3768 2095 3820 mortuis
2153 3765 2330 3827 dixit,
2364 3762 2453 3831 qui
2499 3772 2805 3829 pascuntur.
2836 3765 2891 3817 in
2932 3765 3057 3818 liliis
3079 3781 3097 3829 ;
3132 3766 3440 3833 superiores

1866 3860 2008 3914 enim
2034 3858 2163 3912 facti
2219 3867 2376 3911 erant
2425 3855 2554 3909 liliis
2611 3854 2661 3907 in
2719 3856 2893 3910 medio
2954 3856 3254 3925 spinarum.
3313 3855 3440 3911 Vult

1868 3960 2049 4004 autem
2105 3965 2221 4013 nos,
2280 3949 2575 4003 multarum
2623 3963 2801 4002 rerum
2855 3950 3163 4011 studiosos,
3199 3950 3438 4005 animam

1866 4043 2068 4097 habere
2095 4041 2419 4110 sapientium
2449 4040 2614 4094 ﬁliam
2639 4082 2653 4106 ,
2683 4050 2844 4109 atque
2878 4041 2931 4095 in
2962 4040 3282 4096 rudimentis
3317 4056 3441 4098 ver-

1866 4137 1971 4191 sari
2032 4135 2323 4190 multarunt
2372 4137 2763 4200 scientiarum,
2803 4151 2923 4206 quae
2960 4136 3174 4190 vocavit
3226 4145 3436 4206 portas.

1866 4229 2036 4282 Tanta
2057 4229 2353 4295 euim,'ait,
2377 4230 2620 4283 scientiae
2650 4230 2701 4283 in
2739 4238 2788 4281 te
2822 4229 3097 4297 magistris
3141 4229 3281 4282 inest
3308 4244 3435 4297 gra-

1866 4324 1958 4385 tia,
1994 4333 2050 4375 ut
2087 4338 2191 4376 non
2222 4322 2394 4377 solum
2434 4323 2525 4390 qui
2571 4332 2696 4375 sunt
2742 4322 2882 4390 apud
2924 4330 2974 4375 te
3000 4334 3187 4375 eorum
3237 4321 3439 4374 doctri-

1864 4430 1989 4468 nam
2021 4415 2344 4483 percipiant,
2382 4415 2476 4468 sed
2519 4414 2632 4481 jam
2678 4423 2732 4467 et
2780 4415 3139 4468 extrinsecam
3169 4424 3222 4467 et
3257 4428 3435 4468 remo-

1789 4529 1832 4583 ι)
1864 4516 1970 4560 tam
2003 4508 2069 4561 ab
2098 4507 2164 4560 iis
2198 4507 2485 4559 utilitatem
2522 4507 2803 4576 percipere
2836 4507 3069 4575 possint.

1864 4600 2027 4653 Vsus.
2046 4597 2098 4656 4.
2121 4599 2174 4668 5.
2192 4594 2369 4649 Nasus
2389 4604 2510 4650 tuus
2531 4598 2664 4668 sicut
2684 4598 2845 4649 turris
2873 4596 3079 4653 Libani.
3099 4615 3213 4666 qua:
3230 4599 3435 4668 respicit

1932 4680 2110 4720 contra
2144 4665 2687 4747 Datrtascunt..Caput
2728 4668 2875 4720 tuum
2922 4678 2977 4719 ut
3003 4665 3339 4750 .Carmelus',
3392 4682 3436 4725 et

1929 4754 2094 4862 ῗιῖιιω
2119 4747 2301 4803 capitis
2351 4747 2428 4788 tus
2463 4748 2597 4789 sicut
2642 4753 2878 4807 purpura
2906 4747 3038 4806 regis
3069 4747 3241 4792 vincta
3268 4757 3434 4795 cana-

1952 4825 1965 4862 ι
2007 4823 2086 4859 us.

1930 4900 2130 4957 Puram
2173 4900 2264 4968 qui
2302 4898 2464 4953 habet
2512 4899 2923 4967 respirationem
2950 4940 2964 4964 ,
3002 4912 3057 4957 et
3099 4918 3195 4973 per
3229 4903 3437 4960 intelli-

1865 4994 2098 5066 gentiam
2132 4992 2299 5046 divini
2349 4993 2500 5046 verhi
2541 4993 2631 5061 qui
2664 5005 2841 5063 potest
2882 5006 3001 5065 post
3049 5010 3172 5050 eum
3205 4998 3257 5052 in
3299 4999 3434 5054 odo-

1867 5102 1977 5140 rem
2011 5095 2402 5155 unguentorum
2445 5088 2562 5158 ejus
2610 5102 2830 5144 currere
2856 5130 2872 5154 ,
2908 5104 3073 5143 nasus
3104 5099 3187 5143 est
3214 5090 3437 5157 capiens

1871 5178 2067 5231 bonum
2100 5178 2318 5231 odorem
2347 5180 2705 5249 spiritualem,
2743 5190 2994 5235 scrutans
3033 5183 3076 5235 si
3125 5181 3249 5250 quid
3284 5184 3437 5235 evul-

1865 5279 2044 5338 gatum
2071 5270 2214 5323 inter
2244 5281 2434 5340 gentes
2469 5272 2662 5341 dogma
2717 5271 2915 5325 bonum
2952 5272 3186 5325 videtur.
3240 5272 3434 5325 Dama-

1863 5374 1985 5413 scus
2024 5360 2225 5413 etenim
2285 5373 2471 5431 gentes
2521 5361 2826 5433 signiﬁcat;
2875 5362 2952 5417 rei
3012 5360 3311 5417 manifestae
3370 5377 3434 5417 ac

1862 5450 2102 5517 pulchrae
2136 5452 2315 5507 vultus
2346 5453 2650 5524 symbolum
2684 5465 2788 5507 est.
2822 5453 2971 5507 Thus
3017 5454 3235 5523 quidem
3269 5451 3436 5506 oﬂ‘er-

1858 5550 1945 5595 tur
1967 5557 2129 5611 super
2156 5543 2326 5599 altare
2366 5544 2493 5611 Dei;
2527 5546 2809 5601 Carmelus
2859 5558 3037 5601 autem
3068 5546 3292 5617 cognitio
3324 5546 3430 5598 cir-

1857 5635 2192 5695 cumcisionis
2218 5636 2642 5707 interpretatur;
2673 5638 2953 5709 cognoscit
2985 5647 3163 5693 autem
3198 5638 3429 5692 circum-
