3888 6218
184 359 293 415 935

188 481 192 483 ’
653 487 660 494 “
715 475 1107 530 ΚΕΦΑΛΑΙΟΝ
1161 476 1243 528 Η’.

187 574 470 644 Εὐροῦσα
507 570 622 644 ἔξω
666 570 902 644 φιλήσω
945 584 1044 644 σε·
1068 569 1168 623 καί
1205 585 1272 644 τε
1301 571 1412 644 οῷμκ
1443 565 1766 644 ἐξουδενιίξ

257 632 444 699 ἇουσί
469 632 570 713 μεί
600 632 1045 713 ῖπᾶραλήψομαι
1085 656 1178 694 σε·
1212 632 1434 713 ὲὶοιάξω
1451 653 1546 713 *σε
1569 639 1656 713 εἰς
1684 632 1769 713 οἷ-

257 732 371 770 κον
402 707 627 784 μήτρόζ·
661 707 801 784 μους
848 707 1068 784 ualet;
1098 709 1381 784 eamaior;
1403 707 1513 776 τῆς
1537 710 1769 784 συλλα-

256 777 484 852 ϐούσὴρ
499 777 806 853 με’-ποτιῷ
833 797 906 836 σε
935 782 1050 835 ἀπὸ
1084 777 1252 835 οἴνου
1276 779 1384 834 τοῦ
1403 777 1764 848 μυρεψικοῦ,

256 856 377 912 ἀπὸ
409 852 669 925 νάματος
687 852 847 922 ῥοῶν
871 870 1011 923 μου.

260 1007 602 1084 Εὑρίσκουσα
624 1011 732 1082 γὰρ
761 1008 922 1064 αὑτὸν
953 1009 1050 1080 τῆς
1078 1008 1189 1062 ἄνω
1209 1007 1494 1078 περιωπῆς
1509 1005 1764 1073 ἐκϐάντα,

187 1103 588 1178 περιεπτύξατο
616 1101 798 1156 αὐτόν.

189 1198 440 1264 Ὧρκισα
483 1191 660 1264 ὑμᾶς,
697 1188 1033 1264 ,θυγατέρες
1057 1259 1067 1264 _
1093 1184 1509 1264 Ἰερουσαλὴμ,
1533 1184 1604 1236 ἐν
1633 1183 1769 1264 fuit;

252 1253 547 1334 δυνάμεσᾶ
570 1253 901 1334 murice;
927 1253 1218 1334 ἷσχύσεοι
1246 1257 1322 1334 (9)
1345 1253 1449 1334 τοῦ
1478 1253 1682 1334 ἀγεροῦ,
1701 1255 1770 1334 ξι

249 1323 521 1472 gregi???“
567 1333 662 1386 καὶ
711 1323 1046 1402 ὲξεγεῖρηὲὲ
1093 1329 1208 1397 τὴν
1256 1323 1511 1394 ’ἀγάπην
1547 1325 1658 1389 ἕως
1693 1323 1768 1377 ἂν

286 1425 336 1461 εν
363 1424 380 1456 r
402 1421 517 1474 an;

262 1502 400 1572 Ἤδη
426 1499 677 1570 δεύτερον
700 1497 952 1568 ὥρκισεν·
976 1494 1090 1548 ἀλλ’
1117 1489 1532 1563 ἀμφιϐάλλουσα
1555 1488 1770 1560 προετί-

186 1595 272 1650 Θει
305 1596 366 1648 τὺ
390 1594 519 1649 ἐάν·
549 1593 642 1646 νῦν
663 1593 718 1646 δὲ
745 1589 1000 1654 διδάξασα
1027 1587 1085 1640 τὸ
1107 1581 1246 1650 εἶδος
1261 1585 1359 1656 τῆς
1380 1585 1650 1654 ὲγέρσεως
1669 1582 1769 1652 τῆς

185 1687 524 1760 ὲξεγέρσεως
567 1685 662 1740 καὶ
699 1686 795 1755 τῆς
829 1683 1048 1753 ἀγάπης
1080 1679 1240 1733 οἱονεὶ
1286 1676 1630 1748 παρίστησιν,
1688 1676 1769 1728 ὅτι

183 1782 428 1856 ὁρκοῦσα
467 1781 612 1852 ὑμᾶς
660 1778 799 1832 κατὰ
833 1775 998 1829 τῶνδε
1037 1773 1272 1846 ὦρκισα,
1300 1772 1358 1824 τὸ
1390 1770 1639 1840 ὲγείρητε
1677 1768 1769 1820 καὶ

185 1874 521 1945 ὲξεγείρητε.

186 1967 300 2034 Θές
321 1984 397 2035 με
410 1966 492 2030 ὡς
507 1961 805 2035 σφραγῖδα
819 1960 914 2035 ἐπὶ
933 1959 1048 2035 τὴν
1067 1956 1318 2035 καρδίαν
1337 1969 1472 2017 σου,
1490 1954 1571 2035 ᾡς
1583 1967 1772 2035 ,σφρα-

258 2019 396 2109 πῖίῖςά
420 2019 517 2109 esti
538 2019 649 2109 £51:
668 2019 966 2109 ,Βραχίονά
992 2019 1264 2109 pou-6'51
1289 2019 1646 2109 qu’rqtt‘ttbé
1667 2019 1770 2075 θά-

257 2095 439 2172 ῧατος
472 2108 510 2173 ἠ
538 2095 758 2174 ἀγάέτὴ,
789 2095 1058 2170 ἄκληρος
1083 2099 1162 2164 ὡς
1190 2097 1339 2164 ᾅδης
1372 2095 1566 2162 ζῆλος.

259 2198 636 2272 Προτρέπεται
663 2194 828 2265 αὐτὴν
855 2195 882 2245 6
905 2191 1134 2262 νυμφίος
1167 2191 1274 2243 πᾶν
1304 2189 1480 2258 νόημα
1511 2186 1604 2238 καὶ
1632 2185 1771 2256 πρᾶ-

184 2293 270 2360 ξιν
300 2288 586 2362 μορφῶσαι
612 2285 691 2356 τῷ
725 2281 916 2337 ἑαυτοῦ
946 2278 1271 2352 χαρακτῆρι·
1314 2279 1484 2330 ποιεῖν
1517 2275 1572 2326 δὲ
1601 2272 1772 2326 ταῦτά

185 2402 354 2457 φησιν
385 2383 484 2454 τὴν
506 2381 582 2444 ὡς
619 2378 844 2432 Θάνατον
872 2373 1138 2448 κραταιὰν
1173 2371 1412 2440 ἀγάπην·
1451 2367 1630 2420 πάντα
1661 2363 1769 2434 γὰρ

187 2478 393 2546 στέγει,
443 2475 621 2528 πάντα
647 2469 923 2541 ὑπομένει·
968 2467 1048 2521 διὸ
1091 2466 1182 2520 καὶ
1217 2462 1454 2537 κραταιὰ
1489 2459 1628 2514 κατὰ
1675 2457 1770 2511 θά-

184 2583 350 2624 νατον
374 2564 669 2636 νεκροῦντα
696 2561 792 2633 τὴν
827 2559 1118 2631 ἁμαρτίαν·
1154 2557 1321 2628 ἤγουν
1350 2552 1535 2623 ἐπειδὴ
1554 2551 1770 2604 πάντων

185 2658 495 2732 ἐκράτησεν
531 2657 560 2709 6
591 2655 838 2717 Θάνατος,
872 2652 961 2706 διὰ
993 2651 1052 2705 τὸ
1103 2653 1160 2704 ὲν
1205 2647 1283 2718 τῷ
1343 2643 1515 2714 Ἀδὰμ
1563 2642 1771 2702 πάντας

183 2751 572 2820 ἀποθνήσκειν·
605 2747 698 2799 καὶ
730 2747 758 2798 6
790 2744 941 2812 ᾅδης
984 2742 1204 2815 ὁμοίως·
1241 2737 1488 2806 τοιαύτη,
1517 2734 1700 2805 φησὶν,
1733 2734 1766 2803 ἡ

184 2844 378 2914 ἀγάπη
407 2843 502 2895 κα)⁸
532 2842 560 2892 6
586 2837 762 2910 ζῆλος·
790 2836 847 2889 ὃν
873 2836 952 2889 δεῖ
991 2834 1186 2905 ζηλοῦν
1215 2831 1292 2902 τῷ
1345 2828 1483 2900 Θεῷ,
1539 2824 1770 2896 σκληρὸς

185 2937 334 2990 κατὰ
361 2935 468 2988 τῶν
495 2930 914 3004 ἁμαρτανόντων
945 2929 1226 2998 ὑπάρχων,
1270 2925 1345 2987 ὡς
1379 2926 1408 2976 6
1449 2919 1544 2974 τοῦ
1591 2917 1768 2971 Ἡλίου

186 3027 286 3081 καὶ
323 3024 421 3078 τοῦ
451 3022 651 3086 Φινεές·
686 3021 718 3092 ἢ
752 3019 910 3073 τοῦτο
942 3019 1136 3087 λέγειό
1162 3015 1391 3086 νυμφίος
1420 3011 1556 3082 πρὸς
1582 3007 1768 3077 αὐτὴν,

185 3117 285 3182 θές
315 3133 394 3187 με
409 3116 489 3181 ὡς
506 3111 805 3182 σφραγΙδα
829 3111 963 3181 πρὸς
982 3109 1042 3162 τὸ
1061 3105 1376 3178 σφραγίζειν
1403 3101 1501 3165 τὰς
1533 3100 1654 3154 ὲνθυ
1663 3100 1736 3170 μή
1756 3127 1769 3136 -

1223 351 1227 358 ’
1292 351 1596 410 ΞΕΗΟῙΑΙΑ
1624 350 1690 406 ΙΝ
1730 348 2031 406 CANTICA
2069 348 2344 407 CANTIC.

1798 479 1847 535 A

3337 325 3443 407 sse

2466 465 2856 524 CAPUT'VIII.
3243 444 3247 448 ’
3329 461 3332 466 ‘

1871 564 2036 622 Vens.
2067 565 2118 625 l,
2147 563 2202 616 2.
2237 562 2392 635 (Quis
2424 562 2553 635 mihi
2582 561 2691 628 det)
2724 559 2789 613 Ut
2826 559 3100 635 inueniam
3147 567 3199 635 te
3241 558 3370 635 [pris
3393 570 3442 613 et

1937 637 2208 688 deosculer
2245 628 2298 686 te
2321 672 2337 696 ,
2365 641 2412 686 et
2455 631 2573 700 jam
2605 647 2686 684 me
2719 646 2865 684 nemo
2894 630 3145 700 despiciat
3174 628 3200 680 ll
3241 628 3442 696 Appre-

1938 706 2162 758 hendam
2196 715 2243 757 te
2280 713 2327 756 et
2371 699 2560 754 ducam
2593 701 2648 753 in
2671 701 2883 753 domum
2926 699 3111 752 matris
3138 713 3286 762 mete,
3312 707 3358 750 et
3387 700 3444 752 in

1938 775 2178 829 conclave
2199 773 2464 843 genitricis
2490 785 2619 843 mete
2646 786 2664 823 :
2686 770 2755 823 ibi
2781 786 2860 823 me
2883 770 3084 822 docebis
3116 777 3162 843 et
3188 768 3323 821 dabo
3347 768 3441 821 tibi

1937 845 2181 913 poculum
2199 838 2270 897 ea:
2289 844 2404 896 vino
2436 842 2667 908 condito,
2698 851 2745 894 et
2772 851 3007 894 mustum
3037 838 3293 892 malorum
3319 855 3445 909 gra-

1941 927 2185 969 natorum
2211 929 2463 967 meorum.

1939 1010 2233 1080 Postquam
2262 1009 2407 1062 enim
2445 1006 2592 1060 illum
2628 1006 2849 1064 invenitl
2879 1019 2910 1059 e
2941 1003 3155 1059 sublimi
3199 1011 3445 1058 contem-

1868 1103 2110 1174 platione
2142 1102 2578 1162 descendentem,
2612 1098 2858 1167 amplexa
2885 1107 2968 1152 est
2992 1111 3136 1153 eum.

1869 1195 2035 1251 Vens.
2068 1193 2142 1250 Li
2169 1193 2375 1263 Adjuro
2418 1207 2537 1263 eos,
2567 1189 2698 1263 ﬁlia;
2726 1189 3022 1263 Jerusalem
3053 1231 3067 1253 ,
3115 1207 3176 1263 ne
3221 1191 3445 1246 suscite-

1941 1270 2050 1389 tisr,
2087 1259 2262 1334 neque
2295 1262 2543 1332 evigilare
2592 1261 2804 1329 faciatis
2849 1259 3095 1314 dilectum
3125 1259 3289 1316 donec
3331 1263 3445 1332 ipsa

1940 1354 1994 1392 ue
2019 1346 2078 1390 tt.

1940 1496 2060 1570 Jam
2096 1489 2292 1548 iterum
2341 1488 2648 1559 adjuravit;
2679 1503 2864 1543 verum
2902 1486 3161 1542 dubitans
3212 1486 3448 1542 addebat

1871 1591 1915 1646 'si
1940 1589 2073 1658 forte
2107 1603 2126 1640 :
2159 1599 2306 1641 nunc
2352 1598 2482 1637 vero
2523 1583 2716 1636 edocta
2769 1580 2999 1634 formam
3052 1578 3444 1644 suseitationis,

1870 1679 2234 1750 evigilationis
2261 1685 2316 1730 et
2360 1675 2566 1728 amoris
2601 1671 2759 1738 quasi
2789 1671 3089 1741 subiungit,
3121 1670 3284 1739 quod,
3322 1685 3447 1724 cum

1874 1786 1970 1825 vos
1996 1767 2379 1837 adjuraverim,
2427 1765 2492 1819 de
2525 1764 2608 1818 his
2635 1764 2823 1834 adjura
2849 1806 2862 1831 ,
2906 1762 3156 1829 scilicet,
3186 1761 3450 1816 suscitata

1801 1835 1844 1890 Β
1878 1872 2039 1930 atque
2063 1835 2324 1930 evigilare
2352 1855 2532 1910 facite.

1883 1954 2045 2009 Vens.
2089 1951 2142 2006 6.
2178 1949 2328 2003 Pone
2363 1965 2446 2002 me
2477 1959 2534 2000 ut
2577 1947 2905 2015 signaculum
2953 1961 3108 2011 super
3149 1961 3239 1998 cor
3277 1953 3448 2010 tuum,

1947 2037 2002 2078 ut
2031 2023 2534 2092 signaculumsuper
2557 2018 2856 2092 bi'acltium,‘
2877 2027 3024 2068 tuum
3047 2017 3169 2092 quia
3192 2015 3346 2092 [ortis
3372 2022 3449 2068 est

1944 2105 2003 2148 ut
2026 2085 2162 2147 mors
2193 2089 2424 2157 dilectio,
2446 2085 2584 2141 dura
2608 2089 2737 2140 sicut
2769 2085 3302 2155 inferuuswmulatie.
3347 2109 3350 2111 λ

1947 2189 2147 2243 Invitat
2173 2198 2292 2241 eam
2324 2197 2552 2254 sponsus
2578 2190 2636 2235 ut
2671 2193 2887 2234 omnem
2922 2175 3308 2245 cogitationem
3340 2160 3452 2226 om;

1878 2296 2111 2351 nemque
2157 2291 2338 2334 aetum
2372 2273 2655 2346 signaculo
2686 2286 2785 2326 suo
2813 2271 3021 2339 signet;
3057 2267 3172 2321 hare
3201 2280 3330 2319 vero
3366 2264 3450 2317 fa-

1877 2391 2001 2431 cere
2046 2373 2178 2430 dicit
2223 2373 2638 2432 vehementem,
2673 2367 2814 2420 sicut
2865 2371 3133 2427 mortem,
3185 2372 3448 2412 aunorem.

1877 2465 2069 2522 Omnia
2101 2464 2244 2520 enim
2273 2462 2396 2530 fert,
2421 2459 2605 2514 omnia
2638 2458 2864 2526 patitur.
2895 2455 3128 2523 Ideoque
3155 2454 3449 2507 vehemens

1877 2559 2137 2612 adversus
2173 2564 2399 2608 mortem
2421 2567 2542 2622 quae
2569 2551 2724 2620 culpa
2755 2558 2838 2603 est
2861 2547 3099 2601 lelhalis.
3131 2539 3298 2614 Igitur
3323 2558 3450 2597 cum

1877 2649 2126 2704 omnibus
2163 2646 2443 2717 praevaluit
2471 2659 2638 2707 mors,
2670 2650 2953 2713 propterea
2986 2638 3128 2708 quod
3163 2639 3213 2691 in
3241 2636 3451 2690 Adamo

1877 2755 2064 2795 omnes
2113 2738 2436 2792 moriuntur.
2473 2735 2676 2790 Eodem
2728 2747 2888 2788 sensu
2945 2731 3187 2800 infernus
3218 2742 3452 2796 usurpa-

1881 2842 1986 2886 tur.
2015 2830 2186 2896 Talis,
2218 2830 2415 2897 inquit,
2458 2841 2614 2880 amor
2648 2833 2704 2879 et
2745 2823 2916 2889 zelus,
2950 2837 3058 2891 quo
3104 2829 3322 2890 Oportet
3363 2831 3458 2872 ze-

1877 2923 1991 2976 lare
2020 2935 2146 2991 erga
2180 2921 2372 2984 Deum,
2409 2919 2576 2973 durus
2604 2917 2865 2971 adversus
2894 2919 3210 2984 peceatores
3230 2952 3245 2976 ,
3277 2908 3455 2980 qualis

1878 3011 2046 3068 Heliae
2093 3021 2148 3067 et
2193 3011 2444 3066 Phinees.
2487 3009 2630 3064 Dicit
2677 3008 2844 3062 etiam
2895 3020 3127 3076 sponsus
3177 3002 3242 3057 ad
3293 3017 3453 3067 eam,

1878 3122 2009 3176 pone
2039 3120 2120 3158 me
2150 3113 2204 3156 ut
2234 3101 2572 3171 signaculum
2593 3142 2608 3167 ,
2645 3099 2710 3154 ad
2749 3099 3070 3170 signandum
3101 3095 3457 3164 cogitationes

186 3227 309 3274 σεις
333 3225 427 3262 σου
450 3208 541 3260 καὶ
555 3204 652 3268 τὰς
667 3203 893 3276 πράξεις
910 3219 1022 3264 σου,
1048 3201 1141 3252 καὶ
1157 3199 1260 3261 ἕως
1279 3193 1508 3249 θανάτου
1523 3191 1776 3262 ἁγωνίσαι

1901 3213 2005 3250 .uas
2025 3205 2250 3252 etactus
2279 3202 2423 3259 tuos,
2448 3203 2503 3248 et
2529 3205 2701 3261 usque
2734 3191 2800 3244 ad
2833 3198 3062 3242 mortem
3096 3200 3195 3255 pro
3227 3183 3459 3238 veritate

183 3301 336 3372 ὑπὲρ
388 3300 486 3370 τῆς
525 3295 799 3369 ἀληθείας·
829 3294 923 3347 καὶ
957 3297 1012 3346 ὲν
1065 3291 1144 3360 τῷ
1181 3290 1280 3361 ᾄδῃ
1331 3288 1386 3340 δὲ
1415 3287 1505 3339 τὸν
1539 3284 1771 3356 Χριστὸν

184 3392 475 3462 ἐζήλωσαν
495 3391 544 3442 οί
560 3389 820 3452 Ἰουδαῖοι,
838 3383 1262 3454 ὑποφοείραντες
1276 3381 1400 3443 τοὺς
1419 3375 1770 3448 στρατιώτας.

274 3478 528 3548 Ἀδελφὴ
561 3477 730 3547 ἡμῶν
752 3477 951 3546 μικρὰ,
988 3474 1084 3526 καὶ
1110 3469 1385 3541 μαστοὺς
1422 3470 1532 3520 οὐκ
1556 3466 1700 3536 ἔχει.

266 3577 394 3629 Ὅτι
430 3571 600 3645 μικρὰ
619 3573 652 3642 ἡ
671 3569 765 3624 τοῦ
799 3567 1082 3638 ἀνθρώπου
1108 3565 1274 3636 ψυχὴ,
1311 3561 1404 3616 καὶ
1439 3559 1531 3613 ἐπὶ
1559 3559 1664 3628 γῆς
1695 3557 1776 3611 ἔτι

189 3664 662 3734 ὲπισκευαζομένη
714 3660 809 3714 τοῦ
847 3657 980 3712 Θεοῦ
1029 3653 1346 3723 Ἐκκλησία,
1402 3652 1495 3704 καὶ
1529 3649 1778 3719 νοήματα

194 3760 382 3834 (τοῦτο
399 3757 506 3828 γὰρ
539 3758 588 3809 οἱ
616 3753 831 3826 μαστοὶ)
885 3751 1047 3821 μήπω
1087 3747 1306 3817 ἔχουσα,
1363 3741 1670 3796 ἐπιδίδωσιν
1700 3740 1780 3801 είς

198 3833 432 3928 μέγεθος
453 3851 568 3922 βίου
595 3848 688 3902 καὶ
732 3843 1036 3916 νοημάτων·
1071 3842 1156 3894 ἐπ’
1191 3839 1255 3893 ἂν
1279 3836 1531 3909 τρανὼσῃ
1561 3833 1631 3886 τὰ
1658 3833 1781 3904 νοή-

200 3926 352 4018 ματα
373 3943 467 3997 καὶ
493 3937 806 4013 προφητικὰ
831 3931 1232 4006 Θεωρήματα,ἢ
1265 3931 1361 4000 τὴν
1393 3926 1693 3998 σύμπνοιάν
1720 3942 1779 3977 τε

195 4016 300 4095 καὶ
343 4036 618 4107 ἐνέργειαν
659 4031 882 4104 χωρήσῃ
909 4026 1209 4096 δυνάμεως·
1244 4022 1300 4075 αἳ
1327 4016 1617 4074 καὶταῦτα
1648 4033 1781 4087 φασι

200 4127 348 4202 μετά
377 4143 437 4178 τε
470 4120 762 4196 προφητῶν
795 4119 889 4172 καὶ
907 4115 1127 4170 δικαίων
1154 4112 1494 4183 πνευμάτων.

207 4197 276 4276 ³ο
307 4218 642 4287 καθήμενος
668 4214 737 4287 ἐν
766 4210 1000 4287 κήποις,
1017 4205 1233 4287 ἑταῖροι
1252 4203 1656 4287 προςέχονξςς
1674 4197 1782 4269 τῆς

516 4271 653 4340 σού·
676 4271 1000 4337 dicatistum;
1016 4294 1110 4346 με·
1129 4271 1301 4346 φύγε,
1333 4271 1618 4351 ἀδενζεριδέ
1637 4289 1780 4342 μου,

271 4360 374 4415 καὶ
399 4357 708 4415 ducum-nn
733 4351 806 4415 τῇ
835 4348 1099 4415 δορκάδι,
1131 4348 1168 4415 ἢ
1208 4346 1288 4412 τῷ
1313 4345 1500 4412 νεϐρῳ
1514 4359 1632 4396 των
1646 4341 1784 4396 ἐλά-

273 4366 374 4415 καὶ
399 4366 708 4428 ὁμοιωσητι
733 4371 804 4421 τῃ
835 4366 1099 4418 οορκαοι,
1131 4366 1168 4417 η

273 4448 404 4503 ρων
434 4429 532 4482 ἐπὶ
548 4427 653 4495 ὄρη
674 4421 1011 4493 ἀρωμάτων.

273 4519 432 4578 Εἷδεν
469 4523 502 4591 ἡ
537 4519 722 4588 νύμφη
746 4515 832 4570 τὸν
854 4511 1086 4583 νυμφίον
1110 4589 1114 4591 _
1135 4508 1545 4579 ἀναπαυόμενον
1576 4507 1632 4559 ἐν
1671 4507 1782 4570 τοῖς

197 4618 426 4688 κήποις,
458 4613 551 4666 καὶ
575 4611 700 4673 τοὺς
721 4608 969 4678 ἑταίρους
995 4589 1190 4662 αὐτοὺς
1226 4601 1588 4676 προσέχοντας
1621 4591 1786 4652 αὐτοῦ

195 4713 269 4780 τῇ
305 4709 458 4778 φωνῇ
482 4701 546 4777 ἦς
575 4705 804 4774 ἦκουσεν
839 4698 1004 4768 αὐτή·
1043 4696 1136 4750 καὶ
1162 4694 1407 4766 βούλεται
1433 4691 1592 4746 αὑτὸν
1625 4688 1790 4756 ὀξέως

200 4803 300 4857 καὶ
330 4797 645 4870 διορατικῶς
669 4793 878 4867 ὁρῶντα
903 4791 1010 4844 ἀπὸ
1032 4789 1142 4846 τῶν
1172 4787 1300 4859 τῇδε
1329 4783 1668 4858 πραγμάτων
1698 4784 1792 4834 ὲκ-

201 4895 408 4956 κλῖναι,
425 4891 577 4961 τάχει
606 4889 703 4960 μὲν
727 4887 821 4939 καὶ
842 4881 1148 4954 ὀξυδερκίᾳ,
1175 4878 1523 4950 ὡμοιωμένον
1548 4876 1788 4948 δορκάδι,

200 4983 386 5056 νεϐρῷ
417 4983 474 5036 δὲ
504 4984 616 5044 τοῖς
641 4977 748 5032 τῶν
782 4974 1054 5045 πολεμίων
1088 4972 1163 5035 ὡς
1187 4971 1361 5040 ὄφεων
1394 4971 1487 5022 καὶ
1515 4967 1790 5040 σκορπίων

201 5071 692 5148 καταφρονητικῶς
706 5070 868 5140 ἔχειν,
897 5067 990 5120 καλ⁹
1007 5063 1246 5118 ἀνελθεῖν
1270 5063 1404 5134 πρὸς
1427 5062 1550 5125 τοὺς
1570 5062 1791 5128 ἀνεστη-

202 5171 373 5232 κότας
398 5167 608 5236 ὡςδρη,
649 5164 744 5217 καὶ
775 5161 954 5230 πάσης
987 5156 1248 5218 πνέοντας
1278 5153 1522 5217 εὐωδίας·
1555 5153 1682 5227 περὶ
1714 5144 1788 5204 ὧν

202 5268 286 5325 τὸ,
319 5264 374 5314 οἱ
401 5257 657 5328 θεμέλιοι
685 5253 870 5309 αὐτοῦ
894 5253 962 5305 ἐν
979 5249 1104 5320 τοῖς
1134 5247 1299 5315 ὄρεσι
1321 5244 1443 5310 τοῖς
1463 5245 1671 5312 ἁγίοις·
1700 5243 1788 5296 καὶ

203 5355 382 5408 ταῦτα
412 5349 552 5404 κατὰ
581 5349 705 5410 τοὺς
744 5345 1147 5414 Ἐὅδομήκοντα
1177 5338 1272 5392 καλ⁸
1299 5335 1645 5398 Θεοδοτίωνα,
1697 5335 1791 5386 καὶ

203 5448 306 5518 τὴν
354 5442 608 5512 πέμπτην
646 5438 870 5492 ἔκδοσιν·
893 5439 921 5490 6
969 5434 1149 5506 μέντοι
1216 5429 1466 5494 Ἀκύλας,
1489 5431 1521 5482 ό
1543 5427 1795 5498 καθήμε-

204 5554 315 5601 νος
344 5533 413 5586 ἐν
445 5530 681 5596 κήποις,
713 5526 991 5594 ἐξέδωκεν·
1022 5525 1049 5575 ὁ
1072 5523 1129 5576 δὲ
1173 5521 1490 5592 Σύμμαχος,
1535 5519 1573 5588 ἡ
1598 5535 1792 5576 κατοι-

206 5626 428 5682 κοῦσα·
483 5624 558 5686 ὠς
604 5618 855 5691 λέγεσθαι
891 5615 980 5670 τὰ,
1008 5613 1201 5686 πρῶτα
1251 5613 1385 5686 πρὸς
1422 5613 1522 5681 τὴν
1575 5610 1824 5680 νύμφην.

316 5719 364 5751 ⁸⁸
391 5718 532 5772 Psal.
567 5729 786 5776 Lxsxn,
825 5712 877 5764 1.

277 5814 356 5882 (9)
403 5811 727 5881 Ἰσχύσεσι.
761 5805 924 5864 Forte
957 5803 1155 5875 ίσχύσι.
1200 5801 1363 5856 Eutr.

1876 3289 2242 3358 pugnandum.
2293 3287 2472 3354 Atque
2529 3285 2581 3339 in
2637 3282 2850 3338 inferno
2897 3281 3174 3336 Christum
3207 3277 3460 3332 zelahant

1874 3375 2060 3436 Judaei,
2091 3375 2368 3444 corruptis
2397 3373 2682 3428 militibus.

1935 3466 2101 3522 Vens.
2131 3467 2183 3522 8.
2213 3464 2378 3520 Soror
2414 3475 2592 3520 nostra
2626 3479 2806 3533 parva,
2833 3470 2881 3515 et
2913 3461 3071 3514 ubera
3102 3476 3208 3513 non
3237 3459 3412 3513 habet.

1949 3563 2085 3628 Quia
2135 3576 2301 3630 parva
2343 3560 2582 3614 hominis
2635 3558 2859 3622 anima,
2907 3565 2963 3610 et
3014 3555 3066 3608 in
3113 3564 3255 3609 terra
3283 3552 3460 3606 adhuc

1879 3665 2178 3724 prteparata
2201 3653 2294 3708 Dei
2319 3651 2581 3715 Ecclesia,
2600 3660 2654 3704 et
2675 3649 2907 3717 cogitata
2949 3646 3076 3719 (hoc
3101 3647 3242 3701 enim
3269 3643 3458 3716 ubera)

1879 3762 2000 3817 quae
2031 3747 2264 3801 nondum
2293 3745 2485 3809 habet,
2514 3745 2637 3798 vita;
2670 3743 2903 3798 sicilicet
2934 3751 2988 3794 et
3016 3740 3215 3794 mentis
3246 3737 3458 3806 magni-

1882 3839 2155 3902 tudinem;
2213 3851 2332 3890 cum
2386 3834 2678 3890 manileste
2731 3834 2864 3888 ﬁent
2913 3832 2962 3886 ei
3007 3831 3370 3902 cogitationes
3405 3838 3460 3884 et

1880 3931 2217 4002 propheticae
2263 3929 2758 3998 contemplationes
2782 3969 2798 3993 ,
2842 3935 2936 3981 aut
2961 3941 3082 3978 etim
3113 3921 3456 3978 concordiam

1883 4034 2045 4092 atque
2093 4024 2338 4090 vigorem
2393 4030 2684 4075 consecuta
2732 4019 2870 4085 erit;
2929 4017 3045 4072 haac
3092 4015 3236 4071 enim
3271 4013 3464 4067 dicunt

1884 4127 2004 4185 post
2031 4116 2324 4186 prophetas
2352 4111 2638 4183 iustosque
2662 4111 2912 4181 spiritus.

1884 4207 2049 4263 Vsus.
2071 4209 2157 4275 15,
2178 4207 2263 4261 14.
2288 4207 2418 4273 Qua:
2443 4207 2651 4259 habitas
2673 4207 2721 4257 in
2744 4204 2940 4269 hortis,
2964 4202 3123 4275 amici
3138 4199 3458 4275 auscultant,

1955 4280 2040 4349 fac
2079 4271 2158 4332 me
2181 4271 2365 4332 audire
2395 4292 2564 4349 vocem
2595 4287 2771 4349 tuam;
2802 4275 2942 4342 fuge,
2974 4274 3160 4325 dilecte
3182 4271 3276 4333 mi,
3305 4278 3354 4321 et
3376 4284 3463 4319 as-

1955 4345 2196 4402 similare
2215 4363 2434 4417 capt-etc,
2462 4345 2781 4415 [tumuloque
2807 4360 3070 4398 cervorum
3088 4357 3242 4409 super
3262 4348 3462 4391 montes

1955 4433 2266 4474 aromatum.

1963 4511 2108 4566 Vidit
2134 4525 2331 4581 sponsa
2376 4523 2635 4578 sponsum
2686 4508 2738 4560 in
2789 4505 2960 4560 hortis
2991 4503 3462 4573 requiescentem,

1894 4606 2148 4675 ipsosque
2200 4605 2405 4658 amicos
2452 4601 2568 4669 ejus
2620 4600 2743 4678 voci
2795 4598 3121 4659 audientes,
3151 4609 3315 4664 quam
3347 4593 3464 4662 ipsa

1894 4697 2118 4752 audivit.
2167 4695 2292 4750 Vult
2319 4710 2441 4750 eum
2494 4694 2692 4749 subtile
2725 4702 2780 4748 et
2831 4689 3122 4762 perspicue
3150 4693 3464 4742 cernentem

1892 4790 1959 4845 ab
2005 4788 2166 4857 hujus
2215 4787 2400 4841 mundi
2448 4787 2608 4840 rebus
2657 4783 2974 4846 declinare,
3028 4795 3148 4835 cum
3185 4776 3467 4833 celeritate

1893 4880 2215 4948 aeribusque
2241 4879 2437 4942 oculis,
2484 4876 2658 4946 qualis
2690 4888 2899 4944 capreae
2935 4870 3214 4938 hinnulus,
3249 4884 3314 4923 ac
3349 4882 3467 4923 cer-

1893 4989 2082 5028 vorum
2121 4975 2304 5027 hostes
2328 4973 2475 5026 velut
2503 4979 2788 5038 serpentes
2822 4976 2878 5022 et
2915 4965 3228 5036 scorpiones
3258 4963 3310 5015 in
3345 4976 3469 5016 con-

1896 5075 2096 5135 temptu
2129 5065 2348 5126 habere,
2385 5073 2549 5131 atque
2579 5063 2644 5116 ad
2673 5061 2934 5115 sublimes
2961 5073 3080 5112 sese
3107 5055 3377 5117 attollere,
3407 5063 3466 5106 ut

1898 5165 2108 5211 montes
2134 5197 2149 5219 ,
2179 5166 2235 5210 et
2265 5157 2330 5209 ad
2361 5155 2510 5229 suavi
2557 5155 2722 5209 odore
2773 5151 2982 5222 plenius
3015 5149 3342 5218 fragrantes.
3397 5149 3468 5202 De

1897 5253 2091 5323 quibus
2129 5252 2366 5305 dicitur:
2406 5250 2753 5319 fundamenta
2800 5246 2914 5316 ejus
2958 5245 3011 5297 in
3060 5241 3323 5295 montibus
3346 5255 3465 5291 san-

1897 5345 1992 5398 ctis
2014 5343 2061 5374 ⁸⁰
2094 5361 2107 5397 :
2147 5344 2370 5412 haecque
2415 5341 2712 5396 secundum
2747 5337 3100 5407 Septuaginta
3131 5373 3146 5397 ,
3178 5343 3234 5386 et
3291 5329 3466 5384 Theo-

1903 5435 2197 5502 dotionem,
2244 5435 2602 5502 quintamque
2629 5429 3063 5485 translationem.
3093 5423 3288 5494 Aquila
3321 5435 3466 5482 vero,

1899 5529 1987 5596 qui
2028 5528 2166 5581 sedet
2214 5527 2270 5580 in
2319 5525 2481 5578 hortis
2505 5566 2520 5590 ,
2570 5522 2778 5588 edidit;
2809 5529 2865 5576 et
2912 5516 3268 5590 Symmachus
3302 5531 3316 5568 :
3354 5527 3473 5583 qua

1903 5617 2131 5673 habitas.
2166 5616 2355 5673 Priora
2387 5615 2490 5673 hoc
2538 5629 2702 5672 sensu
2734 5613 2991 5670 dicuntur
3035 5610 3103 5665 ad
3131 5619 3384 5678 sponsam
3415 5604 3470 5658 in
