3888 6218
1390 296 1680 385 Sanum
1722 327 1786 382 IN
1828 324 2263 382 nummum.

1406 620 2238 738 ΩΡΙΓΕΝΟΥΣ

853 847 1023 933 ΕΙΣ
1096 845 1391 929 ΚΑΤΑ
1461 842 1779 932 ΜΑΤΘ

1887 846 2036 929 ON
2117 844 2839 936 ΕΥΑΓΓΕΛΙΟΝ.

1384 1206 1574 1319 EX
1647 1205 2267 1319 ORIGENE

563 1452 686 1542 IN
763 1444 1545 1543 EVANGELIUM
1625 1441 2262 1534 SECUNDUM
2336 1438 3089 1531 MATTHAEUM.

1131 1636 1483 1710 (Bibliotheca
1509 1633 1884 1699 Gallandlana,
1920 1647 1987 1689 ex
2017 1634 2135 1689 cod.
2170 1633 2359 1691 Venet.
2406 1631 2528 1700 nu.)

199 336 308 393 989

851 1950 1010 2004 ΚΕΦ.
1052 1947 1131 2001 A'.

251 2049 401 2120 Στιχ.
431 2052 521 2119 ιη’.
558 2043 668 2100 Τοῦ
698 2041 765 2097 δὲ
808 2040 1000 2108 Ἰησοῦ
1033 2040 1071 2107 τ)
1108 2036 1390 2107 γέννησις
1419 2035 1604 2100 οὕτως
1630 2029 1726 2102 ἦν.

276 2184 293 2200 .
318 2185 332 2200 .
359 2184 374 2199 .
401 2182 418 2196 .
447 2181 461 2195 .
486 2181 501 2197 .
524 2179 539 2194 .
580 2138 717 2211 (1-2)
755 2132 884 2188 ’Ὧδε
920 2133 1016 2204 μὲν
1064 2131 1366 2201 γεννήσεως
1432 2127 1702 2199 μέμνηται
1751 2127 1780 2178 6

203 2233 621 2304 εὑαγγελιστὴς,
656 2230 775 2283 κατ’
810 2226 980 2298 ἀρχὰς
1024 2224 1080 2277 δὲ
1129 2221 1221 2275 τοῦ
1266 2220 1598 2290 Εὑαγγελίου
1621 2261 1637 2286 ,
1672 2217 1780 2286 τῆς

202 2328 518 2400 γενέσεως.
560 2319 824 2376 Ἐνταῦθα
855 2318 951 2389 μὲν
984 2316 1092 2387 γὰρ
1124 2314 1287 2382 λέγει’
1331 2311 1442 2366 Τοῦ
1482 2309 1548 2363 δὲ
1587 2308 1779 2376 Ἰησοῦ

204 2415 466 2488 Χριστοῦ
514 2415 553 2481 ἠ
599 2412 882 2482 γέννησις
912 2408 1101 2472 οὕτως
1144 2401 1255 2472 ἦν,
1296 2403 1412 2455 ἐκεῖ
1442 2400 1518 2467 δὲ,
1565 2400 1781 2463 Βίϐλος

206 2506 498 2578 γενέσεως
533 2501 729 2571 Ἰησοῦ
772 2499 1048 2569 Χριστοῦ.
1086 2497 1181 2560 Τίς
1229 2492 1321 2548 οὖν
1358 2496 1390 2565 ἡ
1424 2491 1652 2562 διαφορὰ
1683 2492 1781 2561 τῆς

202 2599 513 2668 γεννήσεως
544 2595 636 2647 καὶ
669 2596 769 2664 τῆς
812 2590 1104 2660 γενέσεως;
1141 2587 1234 2641 καὶ
1266 2586 1342 2649 ὡς
1382 2584 1663 2655 ἀμφότερα
1689 2582 1782 2635 ἐπὶ

202 2689 444 2762 Χριστοῦ
478 2685 838 2757 λαμϐάνεται;
878 2682 1086 2751 Ὥσπερ
1130 2680 1159 2730 6
1201 2678 1357 2747 λόγος
1388 2668 1541 2739 οὗτος
1588 2676 1616 2729 6
1651 2692 1782 2746 προ-

168 2781 172 2783 ⁴
203 2781 432 2855 φορικὸς
456 2778 597 2833 κατὰ
628 2776 725 2847 τὴν
751 2774 958 2828 οἰκείαν
990 2771 1153 2841 φύσιν
1180 2770 1392 2839 ἀναφὴς
1420 2768 1537 2821 ἐστι
1569 2767 1663 2821 καὶ
1691 2765 1783 2819 ἀό-

203 2889 392 2945 ρατοςο
424 2872 552 2925 ὅταν
579 2870 635 2923 δὲ
669 2872 725 2922 ὲν
756 2867 942 2938 βιϐλίῳ
967 2867 1171 2937 γραφῇ,
1206 2862 1301 2917 καὶ
1329 2861 1489 2915 οἱονεὶ
1516 2876 1780 2945 σωματω-

200 2934 274 3037 θῇ
297 3007 312 3029 ,
339 2934 461 3018 τότε
507 2963 599 3016 δια)¹
650 2934 837 3033 ὁρᾶται
888 2934 982 3011 διαὶ
1010 2934 1361 3027 ⁷ιδνηλὼφκῖἰται·
1403 2953 1574 3016 οὕτως
1615 2934 1715 3003 καί
1753 2951 1781 3002 6

200 3060 450 3130 ἄσαρκος
481 3055 574 3108 τοῦ
609 3052 742 3106 Θεοῦ
769 3052 941 3119 Λόγος
972 3048 1064 3102 καὶ
1086 3046 1393 3117 ἀσώματος,
1426 3043 1551 3097 οὔτε
1577 3041 1783 3114 ὁρώμε-

201 3169 336 3215 νος,
382 3148 505 3202 οὔτε
557 3144 898 3217 γραφόμενος
952 3144 1093 3195 κατὰ
1139 3138 1238 3209 τὴν
1297 3136 1545 3207 θεότητα,
1596 3132 1781 3204 ἐπειδὴ

202 3240 525 3314 ὲσαρκώθη,
559 3238 653 3291 καὶ
685 3237 876 3306 ὁρᾶται
909 3233 1001 3286 κα)⁸
1037 3230 1323 3302 γράφεται.
1355 3228 1454 3281 Διὰ
1494 3226 1671 3289 τοῦτο,
1705 3224 1781 3287 ὡς

1806 1935 1870 2005 Α,

2537 1942 2691 2000 CAP.
2735 1943 2773 1997 Ι.

2122 2032 2190 2091 ν.
2221 2034 2310 2091 18.
2342 2033 2472 2091 Iesu
2499 2046 2673 2090 autem
2706 2035 2949 2088 nativitas
2979 2035 3052 2088 sic
3075 2044 3212 2090 erat.

1952 2125 2029 2181 Tu
2064 2142 2194 2182 vero
2221 2135 2478 2196 pneterea
2515 2125 2641 2181 illud
2673 2142 2874 2195 quaare,
2915 2127 3169 2195 quianam
3199 2126 3299 2180 hoc
3320 2125 3446 2196 qni-

1882 2217 2002 2272 dem
2037 2218 2193 2272 modo
2216 2218 2545 2272 nativitatem
2570 2219 3073 2272 commemoraverit
3090 2217 3447 2286 evangelista,

1883 2310 1950 2367 ab
1983 2310 2139 2364 initio
2162 2320 2337 2365 autem
2366 2310 2664 2377 Evangelii,
2694 2308 3123 2378 generationem?
3163 2308 3259 2361 llic
3303 2306 3447 2360 enim

1882 2400 2048 2455 dicit:
2116 2399 2245 2455 Iesu
2293 2410 2468 2454 autem
2508 2399 2703 2454 Christi
2748 2400 2998 2453 nativitas
3044 2399 3119 2451 sic
3170 2408 3323 2462 erat;
3378 2398 3449 2451 μή

1883 2509 2031 2559 vero,
2063 2492 2220 2547 Liber
2244 2493 2597 2561 generationis
2641 2491 2770 2546 Iesu
2801 2491 2999 2545 Christi
3024 2491 3062 2543 ί.
3086 2491 3340 2557 Quantam
3367 2496 3451 2543 est

1882 2584 2046 2653 igitur
2101 2583 2404 2639 din‘erentia
2456 2582 2761 2638 nativitatis
2813 2593 2867 2638 et
2936 2581 3346 2651 generationis?
3398 2588 3452 2634 et

1882 2676 2152 2745 quomodo
2177 2686 2406 2745 utraque
2441 2675 2505 2729 de
2537 2674 2753 2729 Christo
2788 2672 3158 2741 accipiuntur?
3182 2670 3450 2737 Quemad-

1882 2766 2104 2819 modum
2138 2764 2361 2817 verbum
2400 2764 2500 2818 hoc
2532 2765 2704 2833 ipsum
2751 2760 3114 2832 prolaticinm,
3141 2760 3291 2829 juxta
3323 2773 3448 2829 pro-

1884 2854 2057 2920 priam
2102 2865 2371 2920 naturam,
2433 2869 2537 2909 nec
2587 2855 2734 2923 tangi
2778 2862 2955 2923 potest
3008 2866 3108 2906 nec
3144 2849 3351 2915 videri;
3406 2848 3453 2904 si

1884 2947 2098 3014 quando
2142 2957 2322 3002 autem
2359 2947 2411 3001 in
2463 2946 2602 3001 libro
2658 2944 2918 3013 scriptum
2960 2942 3141 3006 fuerit,
3192 2957 3256 2995 ac
3295 2943 3453 3012 quasi

1884 3038 1953 3092 ad
1982 3052 2180 3106 corpus
2208 3040 2503 3103 redactum,
2532 3048 2657 3093 tunc
2686 3046 2741 3092 et
2768 3036 2984 3092 videtur
3021 3046 3076 3091 et
3102 3043 3448 3091 attrectatur.

1885 3131 2039 3186 Haud
2069 3131 2224 3185 aliter
2267 3131 2361 3186 Dei
2412 3130 2649 3187 Verbum
2700 3144 2866 3186 carne
2906 3139 2961 3184 et
3000 3143 3227 3197 corpore
3269 3142 3365 3197 per
3394 3142 3455 3183 se

1884 3238 2097 3287 carens,
2126 3223 2269 3291 quod
2297 3237 2394 3277 nec
2418 3223 2588 3276 videri
2618 3237 2718 3277 nec
2756 3220 3016 3277 delineari
3049 3228 3223 3287 potest
3249 3234 3444 3275 secun-

204 3292 605 3404 σαρζιωθέντος,
650 3292 743 3382 acad.
776 3326 951 3398 βίϐλος
995 3292 1110 3376 ἐστὶ
1152 3292 1251 3391 τῆς
1298 3318 1461 3375 αὐτοῦ
1493 3318 1776 3387 γενέσεως.

1889 3321 2012 3371 dum
2038 3315 2374 3370 divinitatem
2398 3355 2411 3377 ,
2440 3315 2529 3368 ubi
2574 3329 2703 3369 caro
2738 3314 2938 3368 factum
2983 3321 3087 3375 est,
3117 3322 3171 3365 et
3212 3315 3453 3365 cernitur

217 3426 364 3479 Ἀλλ’
414 3425 513 3476 οὐκ
560 3421 815 3493 ὲξῄτηται
860 3416 1048 3470 ἐνθάδε
1090 3414 1181 3479 τὸ,
1228 3413 1313 3465 διὰ
1343 3413 1395 3465 τί
1427 3406 1545 3464 εἷπε
1579 3408 1777 3479 βίϐλος,

204 3518 306 3573 καὶ
337 3516 436 3570 οὐκ
470 3511 621 3568 εἶπεν
654 3515 842 3585 ὅρασις
873 3510 973 3581 (5),
1001 3508 1035 3579 ἢ
1077 3507 1251 3576 λόγος·
1292 3504 1426 3559 ἀλλὰ
1458 3503 1540 3568 τὸ,
1573 3502 1627 3554 τί
1665 3504 1781 3554 ἐστι

203 3612 484 3681 γέννησις,
513 3608 608 3660 καὶ
644 3606 696 3658 τί
724 3603 969 3673 γένεσις;
1002 3600 1256 3671 Διαφέρει
1285 3598 1499 3667 γένεσις
1526 3594 1619 3648 καὶ
1660 3593 1781 3662 γέν-

204 3719 386 3775 νησις.
416 3701 634 3763 Γένεσις
665 3699 763 3768 μὲν
787 3697 893 3767 γάρ
930 3696 1044 3747 ἐστι
1076 3691 1229 3764 παρὰ
1258 3689 1389 3743 Θεοῦ
1424 3686 1614 3759 πρώτη
1648 3686 1781 3740 πλά-

210 3813 316 3860 σιςο
350 3795 598 3865 γέννησις
626 3792 681 3844 δὲ
713 3792 746 3861 ἡ
772 3792 835 3842 ὲκ
862 3787 1158 3857 καταδίκης
1189 3781 1280 3836 τοῦ
1317 3781 1545 3835 θανάτου
1569 3777 1658 3831 διὰ
1680 3778 1780 3849 τὴν

207 3886 523 3957 παράϐασιν
557 3884 617 3948 ἐξ
656 3879 900 3951 ἀλλήλων
946 3877 1182 3947 διαδοχή.
1219 3875 1329 3927 Καὶ
1358 3873 1459 3935 ἔτι,
1492 3873 1524 3943 ἡ
1563 3871 1661 3942 μὲν
1689 3869 1781 3938 γέ-

207 3997 359 4043 νεσις
390 3978 450 4031 τὺ
494 3976 768 4046 ἄφθαρτον
814 3972 924 4042 ἔχει
952 3970 1026 4039 (4)
1052 3968 1145 4022 καὶ
1186 3964 1591 4036 ἀναμάρτητον·
1641 3963 1674 4032 ἡ
1722 3961 1781 4015 δὲ

208 4074 463 4145 γέννησις
500 4070 563 4122 τὸ
604 4063 844 4137 παθητὸν
877 4062 970 4116 καὶ
1016 4056 1406 4131 ἁμαρτητικόν.
1450 4056 1507 4108 '0
1538 4049 1629 4107 οὖν
1669 4052 1780 4107 Κύ-

212 4143 371 4238 ριος,
404 4160 500 4232 τῆς
558 4158 656 4230 μὲν
710 4154 973 4224 γενέσεως
1011 4150 1069 4203 τὸ
1109 4148 1488 4219 ἀναμάρτητον
1538 4143 1780 4212 φυσικῶς

206 4237 415 4320 λαϐὼν,
449 4253 511 4306 τὸ
535 4248 807 4319 ἄφθαρτον
838 4245 898 4298 οὐ
926 4240 1246 4312 προσέλαϐεο
1279 4238 1378 4307 τῆς
1401 4237 1457 4290 δὲ
1480 4237 1780 4306 γεννήσεως

208 4351 275 4403 τὸ
308 4345 547 4417 παθητὸν
571 4337 827 4412 εἰληφὼς,
858 4336 920 4389 τὸ
958 4330 1331 4405 ἁμαρτητικὸν
1359 4329 1421 4382 οὐ
1457 4326 1776 4399 προσέλαϐε,

209 4442 306 4496 τὸν
353 4439 567 4509 πρῶτον
600 4437 712 4498 τοῖς
756 4433 877 4486 κατ’
912 4430 1079 4500 ἄμφω
1130 4424 1347 4496 μέρεσιν
1393 4420 1563 4490 Ἀδὰμ
1600 4418 1779 4489 φέρων

211 4532 503 4605 ἀμείωτον.
552 4525 762 4581 Οὐκοῦν
800 4521 883 4592 εἴη
913 4520 979 4575 ἂν
1022 4518 1115 4605 ἐπὶ
1146 4511 1376 4586 Χριστοῦ
1418 4513 1627 4580 γένεσις
1659 4509 1777 4581 μὲν,

160 4626 163 4629 ’
209 4601 315 4680 σῦκ
344 4626 406 4677 ὲκ
437 4620 529 4675 τοῦ
560 4619 635 4691 μὴ
658 4617 807 4680 ὄντος
834 4616 912 4677 εἰς
959 4612 1019 4664 τὸ
1060 4604 1198 4663 εἶναι
1229 4606 1479 4679 πρόοδος,
1519 4603 1632 4657 ἀλλ’
1665 4601 1780 4665 ὁδὸς

209 4717 325 4773 ἀπὸ
357 4715 449 4769 τοῦ
484 4716 540 4767 ἐν
588 4711 768 4782 μορφῇ
809 4705 941 4759 Θεοῦ
983 4701 1245 4773 ὑπάρχειν
1282 4700 1361 4761 εἰς
1397 4697 1456 4749 τὸ
1491 4694 1778 4749 ἀναλαϐεῖν

208 4808 315 4880 τὴν
346 4804 439 4859 τοῦ
470 4802 654 4857 Milon
693 4798 931 4870 μορφήν·
977 4795 1010 4866 ἡ
1042 4794 1098 4846 δὲ
1137 4792 1386 4862 γέννησις
1428 4786 1587 4841 αὐτοῦ
1620 4784 1778 4855 διπλῆ

209 4878 428 4974 γέγονε,
476 4896 593 4951 καθ’
625 4895 769 4964 ἡμᾶς
820 4890 914 4943 καὶ
947 4886 1087 4957 ὑπὲρ
1128 4885 1294 4955 ἡμᾶς.
1330 4881 1403 4934 Τὸ
1578 4878 1695 4974 γαρΔ
1718 4879 1782 4974 ex

208 4970 473 5066 γυναικὸς
516 4986 836 5058 γεννηθῆναι
865 4980 983 5034 καθ’
1020 4978 1189 5049 ἡμᾶς·
1233 4976 1293 5029 τὸ
1324 4974 1379 5066 δε
1413 4972 1485 5044 μὴ
1513 4972 1577 5025 ἐκ
1611 4970 1780 5066 θελή-

216 5061 391 5158 ματος
426 5080 656 5153 σαρκὸς,
683 5078 716 5149 ἦ
747 5074 959 5147 ἀνδρὸς,
987 5070 1097 5125 ἀλλ’
1142 5071 1205 5121 ὲκ
1243 5065 1557 5137 Πνεύματος
1602 5061 1778 5158 ἁγίου,

213 5152 358 5250 ῦπὲρ
397 5152 564 5246 ἡμᾶς.
593 5173 771 5241 Ὅπερ
811 5166 905 5221 καὶ
929 5164 1025 5236 τὴν
1070 5159 1364 5232 μέλλουσαν
1412 5152 1782 5228 προανεφώνει

285 5295 304 5329 ¹
336 5292 525 5349 Matth.
550 5289 680 5354 ι,1.’

284 5408 442 5481 (1-2)
460 5406 536 5462 Ex
554 5402 818 5481 c_od_._Cat.
834 5414 977 5481 .mss.
1004 5396 1056 5450 in
1078 5393 1386 5481 Ihlattl‘raetrm
1409 5386 1547 5481 appd
1568 5384 1783 5481 claris-5:

284 5409 427 5530 (ιη
460 5409 536 5462 Ex
554 5409 677 5460 cod.
700 5409 818 5457 Cat.
848 5414 977 5453 mss.
1004 5413 1056 5450 in
1085 5409 1386 5448 maumeum
1409 5409 1547 5457 apuu
1568 5409 1783 5469 mar-ss.

214 5482 405 5536 Mitare
433 5479 563 5537 lum,
587 5473 796 5526 initium
834 5473 903 5521 ita
935 5467 1124 5537 sppple
1162 5482 1177 5517 :
1214 5464 1285 5515 Σὺ
1317 5461 1374 5514 δὲ
1399 5458 1533 5528 πρὸς
1575 5471 1783 5517 τουτοις

214 5530 500 5623 ﬁssae-ri.
528 5530 1072 5623 ardignozsjp‘a'dﬁs,
1103 5548 1206 5614 etc.

285 5602 449 5689 (5)1"
483 5602 738 5689 munit.
767 5602 1059 5689 εᾚ’λόγοςο
1088 5604 1244 5689 mare
1266 5602 1414 5689 γὰρε

214 5665 449 5753 τδξ
471 5665 1414 5753 ϐπισθενγενέσεως-ἐμνημόνευσεν
1441 5665 1469 5720 6
1486 5665 1787 5753 Matpafog,

214 5737 315 5817 δὲ
782 5750 892 5805 Καὶ
917 5737 1109 5803 τῖ’ὲστι
1137 5737 1409 5814 γέννησις,
1441 5738 1536 5793 καὶ
1577 5737 1629 5790 τί
1674 5737 1789 5789 ἐστι

1809 4646 1851 4703 C

1886 3417 1941 3460 et
1970 3407 2288 3461 delineatur.
2322 3405 2618 3474 Propterea
2679 3416 2935 3475 tanquam
2979 3404 3095 3471 ejus
3134 3405 3276 3473 quod
3319 3420 3452 3461 caro

1886 3500 2087 3554 factum
2120 3508 2223 3565 est,
2275 3508 2454 3553 exstat
2498 3498 2661 3552 etiam
2696 3496 2834 3552 liber
2874 3496 3244 3566 generationis
3279 3497 3451 3554 illius.

1887 3590 1992 3647 Sed
2029 3606 2135 3645 non
2159 3592 2443 3659 quaesitum
2476 3600 2560 3645 est
2596 3589 2704 3655 hic,
2736 3605 2834 3644 cur
2863 3588 3063 3643 dixerit
3090 3589 3249 3653 liber,
3272 3598 3454 3644 etnon

1887 3685 2106 3750 dixerit,
2137 3684 2296 3747 visio,
2322 3691 2415 3736 aut
2443 3696 2620 3737 sermo
2655 3699 2669 3736 :
2699 3681 2791 3737 sed
2821 3681 2947 3749 quid
2979 3682 3050 3735 sit
3086 3680 3367 3747 nativitas,
3397 3690 3456 3735 et

1886 3776 2184 3847 generatio.
2212 3773 2397 3829 Dillert
2445 3773 2719 3843 generatio
2752 3782 2805 3827 et
2839 3772 3113 3826 nativitas.
3160 3768 3455 3826 Generatio

1885 3865 2028 3919 enim
2064 3875 2149 3919 est
2197 3880 2226 3917 a
2298 3864 2407 3918 Deo
2447 3862 2618 3932 prima
2673 3861 2966 3927 formatio;
3025 3859 3279 3912 nativitas
3325 3872 3456 3912 vero

1874 3965 1969 4034 .est
1988 3958 2265 4012 successio
2288 3955 2514 4009 aliorum
2540 3954 2606 4007 ab
2630 3953 2778 4023 aliis,
2808 3967 2873 4005 ex
2896 3952 3244 4005 damnatione
3265 3950 3455 4005 mortis

1886 4061 2105 4118 propter
2139 4048 2648 4117 transgressionem.
2682 4044 2758 4100 Ac
2792 4044 3014 4108 iterum,
3057 4041 3332 4113 generatio
3373 4042 3457 4095 in-

1886 4140 2395 4211 corruptibilitatem
2421 4138 2583 4192 habet
2608 4149 2661 4190 et
2689 4134 3198 4206 impeccabilitatem
3233 4151 3247 4188 :
3274 4141 3331 4187 at
3360 4146 3457 4186 na-

1888 4233 2073 4287 tivitas
2126 4233 2431 4300 passionem
2491 4228 2657 4283 habet
2692 4237 2746 4281 et
2788 4226 3243 4298 peccabilitatem.
3288 4223 3457 4296 Igitur

1887 4323 2167 4388 Dominus,
2195 4321 2564 4393 generationis
2596 4317 3103 4388 impeccabilitatem
3130 4315 3456 4371 naturaiiter

1887 4413 2178 4482 accipiens,
2218 4426 2323 4466 non
2361 4412 2484 4463 item
2518 4407 3081 4477 incorruptibilitatem
3116 4407 3334 4475 insuper
3365 4419 3456 4460 ac-

1886 4507 2065 4575 cepit:
2095 4514 2150 4558 et
2173 4503 2482 4573 passionem
2520 4498 2826 4554 nativitatis
2848 4498 3139 4568 accipiens,
3171 4494 3457 4567 peccabili—

1888 4606 2053 4649 tatem
2090 4595 2218 4647 item
2251 4607 2357 4646 non
2392 4589 2624 4659 accepit,
2660 4587 2840 4643 ferens
2868 4590 3097 4659 primum
3143 4588 3311 4641 Adam
3345 4601 3452 4641 non

1886 4687 2233 4741 imminutum
2271 4683 2355 4737 his
2400 4683 2686 4751 utriusque
2721 4680 2795 4735 rei
2837 4681 3105 4751 partibus.
3142 4680 3306 4749 Igitur
3334 4692 3455 4733 esse

1886 4778 2053 4848 possit
2100 4779 2153 4831 in
2210 4775 2424 4830 Christo
2469 4772 2743 4845 generatio
2794 4774 3043 4846 quidem;
3113 4788 3217 4826 non
3269 4771 3453 4840 utique

1888 4870 2149 4923 transitus
2175 4868 2240 4922 de
2266 4882 2370 4921 non
2398 4865 2695 4920 exsistente
2723 4866 2789 4918 ad
2815 4862 3213 4923 exsisteutiam,
3242 4860 3334 4915 sed
3368 4859 3450 4912 via

1888 4959 1955 5012 ab
2006 4957 2276 5013 exstantia
2329 4956 2381 5010 in
2437 4955 2609 5009 forma
2668 4953 2764 5008 Dei
2799 4953 2863 5005 ad
2902 4944 3281 5003 assumendam
3310 4944 3451 4999 servi

1888 5054 2141 5107 formam.
2176 5051 2247 5105 At
2280 5050 2536 5105 nativitas
2578 5048 2720 5103 illius
2758 5046 2958 5115 duplex
3007 5042 3128 5106 fuit,
3160 5039 3451 5103 secundum

1891 5163 1991 5202 nos
2018 5155 2071 5201 et
2094 5160 2254 5215 supra
2284 5159 2400 5200 nos.
2439 5142 2594 5210 Quod
2626 5142 2770 5197 enim
2804 5154 2871 5193 ex
2914 5135 3137 5191 muliere
3180 5144 3338 5187 natus
3364 5132 3453 5198 sit,

1885 5381 2115 5451 γένεσις.
2138 5373 2392 5447 Διαφέρει
2430 5371 2661 5451 γένεσις.
2700 5366 2792 5451 γει
2839 5362 3144 5451 sermoifitt
3157 5432 3168 5451 Σ
3180 5358 3456 5451 enini-“(.13-

1887 5440 2029 5506 ctum
2065 5440 2137 5503 est
2173 5464 2190 5501 :
2225 5440 2342 5515 sed,
2365 5441 2797 5515 quomodo-retro
2846 5440 3455 5515 generationiscorrupe-

1889 5505 2237 5575 rnoratt'onem
2274 5505 2449 5583 fere'rit
2486 5510 2798 5583 Mattltajus,
2848 5505 3092 5583 [nevere
3108 5505 3454 5583 "mattulam.

1422 5598 1620 5720 fg‘qmr‘
1655 5592 1789 5647 ἀλλὰ
1891 5570 2171 5659 meum
2206 5570 2473 5649 nativitas,
2497 5592 2543 5635 et
2571 5579 2698 5650 quid
2719 5570 3213 5649 generatio.Di/fert
3245 5583 3458 5638 genera-

1486 5665 1787 5720 Ματθαῖος.
1892 5662 1988 5720 tio,
2030 5670 2137 5713 etc.
2493 5719 2527 5720 η

1892 5662 1988 5725 tio,
2030 5670 2137 5713 etc.

1962 5719 2038 5801 (ι)
2068 5724 2218 5785 Istud
2248 5722 2360 5795 ἔχει
2385 5736 2448 5779 ex
2484 5719 2598 5775 Mit.
