3888 6218
479 254 584 311 9.9!

1375 257 1941 315 SUPPLEMENTUM
1974 257 2064 312 AD
2114 256 2440 314 ORIGENIS
2478 257 2890 314 EXEGETICA.

3637 261 3736 315 29?

481 374 779 427 secundum
811 384 908 425 nos
932 381 1047 426 est:
1084 379 1142 425 at
1169 374 1311 441 quod
1343 383 1504 427 natus
1535 373 1605 428 sit
1636 388 1739 428 non
1769 388 1833 428 ex
1871 374 2054 429 volun-

2160 378 2449 448 γέννησιν,
2500 380 2566 448 ἣν
2614 379 2740 447 ἡμῖν
2793 376 3010 447 ἔμελλεν
3058 377 3118 428 ὲκ
3160 376 3473 448 Πνεύματος
3519 381 3736 449 lupis:-

484 474 595 519 tate
621 464 799 518 carnis
834 463 917 519 vel
969 464 1069 518 viri
1103 467 1145 529 ’,
1178 467 1270 520 sed
1312 481 1379 520 ex
1426 467 1635 537 Spiritu
1692 478 1913 533 sancto,
1957 470 2058 522 hoc

479 570 641 623 supra
674 569 771 609 nos
796 565 899 609 est.
934 554 1088 621 Quod
1122 566 1175 610 et
1201 555 1438 611 futuram
1473 558 1834 625 proclamavit.
1864 559 2059 612 nativi-

483 656 673 710 tatem,
701 662 861 717 quam
889 647 1042 701 nobis
1077 663 1143 701 ex
1176 646 1384 716 Spiritu
1418 646 1713 716 largiturus
1737 656 1877 703 erat.

1109 735 1264 791 CAP.
1308 735 1418 791 VII.

481 830 548 886 Υ.
573 830 626 883 5.
656 826 738 882 Ne
767 828 898 881 detis
931 838 1175 908 sanctum
1202 829 1420 881 canibus
1441 843 1459 881 :
1480 845 1641 898 neque
1660 830 1827 897 jacile
1847 838 2057 899 marga-

901 910 1030 951 ruas
1054 911 1255 952 υεδιναδ
1280 910 1400 953 ante
1425 915 1630 965 ρονσοδ.

485 1054 549 1110 ν.
584 1054 635 1109 6.
662 1052 919 1120 Petite,et
942 1055 1157 1107 dabitur
1176 1055 1361 1118 vobis;
1390 1057 1626 1125 quwrite,
1662 1065 1713 1109 et
1735 1058 2007 1112 invenietis
2033 1074 2056 1125 ;

870 1128 1098 1195 pulsate,
1123 1136 1169 1177 et
1198 1127 1466 1193 aperietur
1494 1127 1658 1180 vobis.

550 1217 622 1274 Ut
666 1234 771 1272 non
820 1218 1135 1288 ignorarent
1179 1217 1452 1287 discipuli,
1494 1219 1719 1287 quinam
1755 1218 1863 1273 sint
1890 1234 2055 1277 canes
2138 1272 2141 1273 ν

478 1314 563 1368 vel
593 1313 740 1383 porci
774 1312 918 1365 inter
949 1312 1223 1365 auditores
1244 1350 1260 1375 ,
1310 1310 1664 1365 immoranter
1694 1311 1940 1380 quarrite,
1973 1315 2056 1366 di-

476 1409 574 1473 cit,
603 1423 669 1462 ex
701 1407 828 1469 Deo,
854 1416 909 1459 et
943 1403 1442 1458 manifestabuntur
1475 1405 1628 1459 vobis
1659 1405 1865 1460 omnia.
1896 1404 2053 1460 Prin-

390 1502 395 1507 ⁷
477 1501 678 1568 cipium
701 1508 782 1553 est
811 1497 961 1552 enim
992 1497 1234 1560 virtutis,
1259 1511 1417 1551 nosse
1449 1497 1650 1551 bonum
1671 1512 1737 1552 ex
1760 1498 2049 1553 oratione:

477 1589 671 1642 deinde
699 1589 841 1641 scire
872 1585 1144 1655 quomodo
1185 1595 1431 1652 oporteat
1477 1585 1620 1639 viam
1646 1586 1874 1643 ,virtutis
1907 1601 2057 1642 eme-

477 1682 567 1735 tiri
592 1697 608 1734 :
632 1680 829 1743 tertio,
867 1694 962 1748 per
988 1693 1153 1748 opera
1188 1677 1437 1746 pulsare,
1470 1692 1578 1746 quo
1607 1678 1855 1733 mihimet
1884 1680 2050 1750 janua

2162 464 2303 516 σθαι.

2810 734 2967 787 ΚΕΦ.
3012 736 3085 787 Z'.

2161 821 2416 895 (5l_2_ttx.
2460 822 2523 878 ε’.
2557 824 2651 895 Μὴ
2696 823 2843 878 δῶτε
2891 825 2953 878 τὸ
3000 826 3170 894 ἅγιον
3208 826 3333 892 τοῖς
3378 827 3542 891 κυσὶ,
3582 826 3739 895 μηδὲ

2221 891 2454 961 βάλὴτε
2486 891 2647 961 τοὺς
2653 897 3019 965 μαργαρίτας
3047 891 3218 965 ῖὺμῶν
3253 891 3597 965 ἔμπροσθεν(
3620 891 3739 950 τῶν

2228 965 2445 1031 χοίρων

2157 1055 2307 1127 Στιχἶ
2342 1063 2415 1120 ς’.
2459 1058 2709 1121 Αἰτεῖτε,
2763 1060 2857 1112 καὶ
2905 1058 3221 1124 δοθήσεται
3267 1059 3440 1127 ὑμῖν·
3482 1059 3735 1125 (insita,

2215 1125 2314 1178 καὶ
2346 1128 2660 1196 εὑρήσετε·
2690 1132 2951 1197 κρούετε,
2984 1129 3081 1182 καὶ
3109 1125 3490 1199 ἀνοιγήσεται
3521 1131 3682 1199 ὑμῖν.

2232 1215 2345 1270 Ἵνα
2379 1218 2453 1289 μὴ
2485 1220 2753 1286 ἁγνοῶσιν
2780 1222 2828 1273 οἱ
2859 1220 3116 1291 μαθηταὶ,
3147 1221 3287 1284 τίνες
3319 1222 3455 1275 εἰσὶν
3484 1221 3667 1285 κύνες,
3701 1222 3734 1292 ἦ

2158 1310 2327 1379 χοῖροι
2355 1312 2411 1362 ὲν
2437 1314 2550 1374 τοῖς
2578 1312 2895 1383 ἀκροαταῖς,
2928 1313 3201 1383 ἐπιμόνως
3232 1312 3519 1383 ζητήσατε,
3548 1314 3735 1384 φησὶν,

2156 1401 2221 1453 ὲκ
2250 1402 2405 1467 Θεοῦ,
2442 1405 2535 1456 xui
2566 1403 3007 1458 ἀποκαλύπτεται
3034 1406 3160 1474 ὑμῖν
3187 1405 3381 1458 πάντα..
3430 1406 3595 1477 Ἀρχὴ
3640 1407 3737 1476 μὲν

2155 1491 2264 1563 γὰρ
2297 1494 2499 1564 ἀρετῆς
2544 1495 2605 1548 τὸ
2636 1496 2704 1548 δι’
2752 1495 2916 1566 εὐχῆς
2948 1494 3149 1564 γνῶναι
3176 1495 3238 1547 τὸ
3276 1494 3494 1563 ἀγαθόν·
3525 1491 3644 1550 εἶτα
3677 1497 3739 1549 τὸ

2156 1581 2351 1634 εἰδέναι
2386 1583 2502 1647 πῶς
2546 1583 2627 1636 δεῖ
2665 1584 2881 1637 ὁδεῦσαι
2916 1587 3013 1657 τὴν
3060 1587 3281 1656 ἀρετήν⁹
3316 1585 3498 1655 τρίτον
3546 1586 3609 1639 τὸ
3651 1585 3739 1639 διὰ

2155 1672 2261 1727 τῶν
2292 1673 2464 1744 ἔργων
2488 1675 2706 1747 κρούειν
2731 1676 3013 1746 ἀνοιγῆναι
3044 1675 3191 1747 αύτῷ
3222 1677 3319 1746 τὴν
3349 1676 3540 1748 θύραν.
3568 1677 3740 1730 Τοῦτο

478 1772 774 1843 aperiatur.
812 1771 957 1826 Istud
988 1771 1130 1825 enim
1169 1770 1344 1823 innuit
1396 1768 1536 1823 facta
1585 1784 1683 1838 per
1713 1784 1904 1826 manus
1935 1770 2053 1842 pul-

2160 1766 2263 1838 γὰρ
2302 1769 2555 1838 σημαίνει
2608 1770 2641 1839 ἡ
2692 1768 2779 1821 διὰ
2824 1769 2931 1822 τῶν
2972 1768 3167 1840 χειρῶν
3210 1768 3453 1839 κροῦσις.
3487 1769 3739 1840 Τρισσῶς

476 1867 634 1922 satio.
662 1863 948 1920 Trifariam
993 1878 1227 1932 namque
1268 1862 1588 1917 salutarium
1620 1858 1934 1934 dogmatth
1958 1879 2051 1920 ve-

475 1956 612 2010 ritas
668 1955 981 2024 accipitur:
1015 1952 1262 2023 diligenti
1315 1952 1589 2019 oratione,
1637 1962 1693 2007 et
1745 1952 1941 2007 mentis
1996 1954 2047 2008 in

475 2047 768 2117 quaerendo
797 2045 1008 2099 divinas
1031 2060 1118 2099 res
1152 2044 1469 2109 stabilitate,
1488 2055 1543 2099 et
1568 2045 1842 2114 exquisito
1871 2046 2050 2100 studio

475 2141 783 2196 inveniendi
807 2155 870 2194 ex
899 2140 1233 2195 conscientia
1253 2138 1681 2208 profunditatem
1706 2139 2048 2195 certitudinis

474 2232 811 2287 occultarum
842 2232 1249 2302 Scripturarnm
1285 2248 1299 2284 :
1333 2232 1437 2286 hoc
1481 2231 1626 2286 enim
1670 2232 1830 2287 modo
1878 2233 2051 2302 inquit

475 2322 675 2391 aperiri
706 2320 1041 2391 Scripturas.

473 2384 540 2467 γ’.
558 2411 612 2468 9.
640 2411 767 2477 Quis
791 2384 854 2465 εᾶς
878 2412 1019 2465 vobis
1042 2412 1219 2469 homo.
1248 2427 1399 2479 quem
1426 2411 1470 2463 si
1492 2411 1714 2479 postulet
1747 2384 1891 2479 ﬁlius
1921 2432 2047 2469 suus

742 2499 950 2551 panem,
997 2482 1227 2550 nunquid
1270 2481 1497 2545 lapidem
1526 2482 1671 2533 dabit
1696 2484 1785 2534 ei?

473 2573 541 2631 Ἴ.
589 2574 680 2628 10.
722 2573 790 2627 Et
829 2574 875 2627 si
927 2571 1429 2696 piscemdpgisluletl,
1476 2575 1713 2642 nunquid
1754 2588 2042 2643 serpentem

1155 2662 1182 2694 a
1220 2655 1258 2696 ιι
1313 2648 1393 2695 et'

1155 2648 1258 2696 abit
1313 2648 1358 2695 ei
1382 2648 1393 2696 Ξ

543 2736 679 2792 Vide
700 2749 865 2805 porro
890 2748 957 2787 an
991 2733 1064 2786 sit
1087 2732 1328 2803 cognitio
1353 2733 1766 2797 miti-imentnm,
1797 2735 1916 2787 sine
1941 2749 2047 2803 quo

473 2829 651 2885 salvos
679 2842 800 2883 esse
835 2842 940 2880 non
991 2825 1154 2889 licet;
1197 2832 1322 2893 puta
1360 2824 1539 2877 sermo
1575 2824 1804 2894 diligens
1840 2827 1905 2880 de
1949 2828 2047 2880 boc

472 2920 610 2991 ipso,
640 2917 912 2988 quomodo
939 2917 1061 2970 cibo
1097 2917 1355 2969 utendum
1390 2915 1482 2967 sit.
1522 2912 1694 2967 Piscis
1739 2924 1921 2968 autem
1964 2925 2049 2969 est

472 3013 738 3082 quasique
771 3009 1056 3067 obsonium
1087 3023 1186 3077 pro
1229 3008 1346 3060 viro
1392 3006 1631 3071 erudito,
1664 3008 1804 3061 scire
1839 3007 2044 3062 consti-

473 3105 737 3160 tutionem
767 3102 974 3165 mundi,
998 3101 1143 3155 vires
1174 3100 1597 3162 elementorum,
1633 3099 1958 3166 principium
1992 3108 2046 3153 et
2074 3121 2115 3177 ρ

471 3200 634 3252 linem
659 3206 716 3251 et
744 3195 1001 3257 medium,
1040 3203 1094 3248 et
1142 3206 1260 3260 qua:
1310 3192 1567 3260 deinceps
1598 3191 1938 3260 philosophia
1968 3191 2047 3245 lo-

472 3289 678 3357 quitur.
710 3287 821 3342 Nec
852 3302 981 3358 ergo
1011 3300 1109 3356 pro
1141 3299 1277 3353 pane
1310 3283 1542 3351 lapidem
1572 3283 1665 3336 dat
1694 3284 1855 3347 Deus,
1886 3299 2043 3352 quem

472 3382 718 3436 diabolus
749 3381 955 3434 comedi
1011 3395 1041 3433 a
1081 3376 1496 3444 Jesu‘volebat:
1534 3389 1709 3442 neque
1759 3390 1856 3443 pro
1901 3376 2046 3443 pisce

471 3483 803 3543 serpentem,
839 3487 999 3541 quem
1049 3468 1339 3524 comedunt
1379 3465 1689 3535 Ethiopes,
1720 3466 1921 3536 indigni
1954 3466 2044 3536 qui

468 3566 617 3635 pisce
664 3577 977 3619 vescantur.
1011 3562 1294 3629 Quomodo
1344 3575 1478 3615 vero
1532 3560 1825 3628 discipulos
1875 3560 2047 3614 malos

469 3656 802 3726 appellavit?
845 3655 981 3722 Quia
1015 3655 1266 3723 quamvis
1316 3667 1381 3708 ex
1426 3653 1708 3722 ιιι-θροςίιο
1752 3652 2045 3705 voluntatis

470 3748 873 3820 sequebantur;
926 3756 982 3800 at
1037 3749 1212 3801 inerat
1261 3746 1367 3800 illis
1416 3744 1665 3798 humame
1720 3744 2046 3798 conditionis

469 3842 829 3899 mutabilitas.
862 3840 1024 3895 Solus
1065 3850 1245 3893 autem
1277 3835 1640 3892 immutabilis
1677 3844 1796 3890 erat
1823 3845 1876 3890 et
1909 3835 2048 3889 divi-

468 3935 640 3987 nitate
703 3940 759 3985 et
806 3930 1147 3985 humanitate
1190 3927 1288 3983 Dei
1336 3926 1526 3982 Filius.
1558 3925 1691 3980 Data
1737 3941 1867 3980 vero
1907 3927 2045 3982 bona

472 4024 708 4094 appellat
741 4024 1041 4094 spiritualia
1081 4024 1244 4079 dona.
1272 4019 1451 4074 Lucas
1483 4019 1745 4087 Spiritum
1792 4029 2042 4072 sanctum

469 4117 629 4183 dixit,
659 4130 756 4185 pro
783 4131 846 4169 eo
886 4125 943 4167 ιιι
979 4115 1214 4175 diceret,
1244 4112 1409 4165 bona.
1459 4112 1529 4163 At
1569 4109 1773 4163 nullum
1808 4119 1890 4162 est
1932 4110 2043 4162 dis-

467 4210 697 4265 crimen.
726 4206 845 4277 lpse
881 4205 1025 4260 enirn
1059 4204 1296 4270 Spiritus
1342 4212 1585 4265 sanctus,
1611 4211 1695 4255 est
1727 4202 1911 4254 lumen
1947 4200 2047 4253 bo-

465 4316 593 4357 num
623 4318 635 4353 :
667 4306 953 4369 pr0pterea
986 4296 1145 4350 etiam
1182 4294 1542 4362 participibus
1568 4294 1683 4347 suis
1712 4295 1849 4346 bona
1882 4290 2047 4360 largi-

467 4404 575 4449 tur.
620 4395 693 4447 At
719 4391 864 4447 enim
900 4390 954 4443 in
1005 4402 1216 4441 summe
1252 4386 1433 4454 pravis
1483 4393 1715 4453 propter
1766 4398 2038 4452 nunquam

2158 1859 2266 1932 γὰρ
2294 1863 2327 1932 ἡ
2354 1860 2460 1915 τῶν
2495 1861 2779 1931 σωτηρίων
2812 1860 3094 1930 δογμάτων
3125 1860 3349 1931 ἀλήθεια
3377 1860 3735 1931 λαμϐάνεται,

2157 1952 2408 2021 ἐπιμελεῖ
2435 1952 2590 2021 εὐχῇ,
2626 1950 2719 2003 xui
2752 1950 2844 2003 τοῦ
2885 1949 3215 2021 ἡγεμονικοῦ
3250 1951 3305 2001 ὲν
3345 1949 3421 2020 τῷ
3456 1950 3640 2020 ζητεῖν
3674 1950 3739 2003 τὰ

2158 2042 2275 2097 θεῖα
2318 2043 2685 2103 καταστάσει,
2716 2043 2811 2095 καὶ
2851 2042 2979 2113 περὶ
3018 2041 3109 2095 τοῦ
3145 2043 3322 2114 εὑρεῖν
3368 2041 3740 2112 συναισθήτως

2132 2124 2254 2206 τῆς
2286 2135 2392 2188 τῶν
2429 2135 2826 2207 κεκρυμμένων
2857 2133 3089 2206 Γραφῶν
3123 2135 3421 2203 ἀσφαλείας
3450 2135 3511 2187 τὸ
3551 2134 3737 2205 βάθος,

2156 2229 2376 2301 ἀκριϐεῖ
2407 2227 2923 2300 πολυπραγμοσύνῃ·
2954 2227 3094 2280 οὕτω
3120 2227 3229 2299 γὰρ
3256 2228 3562 2296 ἀνοίγεσθαί
3604 2244 3740 2298 φησι

2154 2323 2253 2386 τὰς
2276 2324 2520 2394 Γραφάς.

2155 2418 2303 2486 Στιχ.
2336 2417 2401 2473 θ’.
2438 2418 2533 2483 Τίς
2559 2416 2627 2481 ἐξ
2654 2415 2821 2485 ὑμῶν
2853 2415 3191 2483 ἅνθρωπος,
3224 2414 3296 2486 ὃν
3316 2412 3430 2486 Δἐὰν
3452 2412 3673 2486 αἰτήσῃ
3704 2416 3738 2467 ὀ

2225 2483 2355 2554 tilde
2378 2488 2563 2541 αὐτοῦ
2592 2483 2792 2554 ἄρτον,
2828 2486 2915 2556 μὴ
2956 2487 3129 2540 λίθον
3158 2483 3431 2537 ἐπιδώσει
3469 2483 3665 2549 αὑτῷ;

2155 2581 2301 2651 Στιχ.
2332 2580 2379 2632 ι’.
2417 2580 2529 2633 Καὶ
2553 2580 2662 2633 ἐὰν
2692 2578 2871 2647 ἰχθὺν
2901 2577 3141 2667 αἰτήσῃ,
3174 2577 3260 2647 μὴ
3290 2576 3429 2645 ὅφιν
3456 2575 3737 2629 ἐπιδώσει

2849 2665 3039 2714 αυτῳ;

2228 2743 2366 2814 Ὂρα
2395 2744 2450 2796 δὲ
2484 2744 2532 2795 εἰ
2744 2739 2943 2809 γνῶσις
2980 2739 3188 2812 τροφὴ,
3216 2735 3284 2811 ἧς
3322 2739 3435 2793 ἄνω
3480 2738 3580 2790 οὐκ
3620 2736 3736 2790 ἔστι

2156 2834 2441 2907 σώζεσθαι·
2471 2828 2581 2887 οἷον
2609 2835 2637 2886 ὁ
2668 2835 2796 2903 περὶ
2831 2831 2921 2885 τοῦ
2957 2830 3074 2893 πῶς
3107 2829 3338 2901 βρωτέον
3371 2827 3605 2899 ἀκριϐὴς
3645 2828 3734 2881 λὸ-

2152 2946 2266 2996 γος.
2308 2927 2479 2997 ’ἰχθὺς
2531 2926 2587 2979 δὲ
2620 2925 2714 2979 xui
2762 2920 2872 2978 οἷον
2915 2923 3042 2991 ὄψον
3094 2922 3384 2992 φιλομαθεῖ
3430 2922 3492 2975 τὸ
3535 2920 3734 2974 εἰδέναι

2154 3018 2413 3072 σύστασιν
2456 3017 2685 3086 κόσμου,
2732 3015 3013 3085 ἐνέργειαν
3067 3013 3363 3084 στοιχείων,
3416 3010 3591 3083 ἀρχὴν
3642 3012 3735 3064 xui

2153 3110 2303 3173 τέλος
2353 3110 2447 3163 xui
2495 3108 2787 3178 μεσότητα,
2840 3107 2936 3159 xui
2982 3107 3083 3158 ὅσα
3135 3104 3259 3175 ἑξῆς
3297 3106 3330 3174 ἡ
3377 3103 3537 3173 σοφία
3562 3102 3731 3170 λέγει.

2150 3202 2287 3255 Οὔτε
2319 3202 2441 3255 ἀντὶ
2472 3201 2566 3254 τοῦ
2599 3202 2763 3271 ἄρτου
2795 3197 2939 3251 λίθον
2971 3197 3181 3250 δίδωσιν
3211 3198 3239 3249 ὁ
3271 3196 3419 3260 Θεὸς,
3452 3194 3511 3247 ὃν
3550 3196 3580 3245 ὁ
3618 3194 3736 3247 διά-

2149 3291 2301 3354 ϐολος
2330 3289 2603 3343 ἐσθίεσθαι
2639 3289 2743 3342 ὑπὸ
2778 3287 2872 3340 τοῦ
2917 3286 3089 3357 Ἰησοῦ
3128 3285 3402 3338 ἐϐούλετο·
3444 3282 3571 3336 οὔτε
3612 3285 3735 3336 ἀντὶ

2151 3383 2331 3453 ἰχθύος
2360 3383 2502 3450 ὅφιν,
2530 3382 2587 3433 ὃν
2616 3380 2884 3432 ἐσθίουσιν
2913 3381 2962 3431 οἱ
2992 3377 3198 3444 ἀνάξιοι
3226 3375 3317 3429 τοῦ
3351 3375 3500 3445 ἰχθὺν
3529 3374 3733 3428 ἐσθίειν

2147 3475 2421 3539 Αἰθίοπες.
2455 3474 2579 3537 Πῶς
2604 3473 2660 3524 δὲ
2690 3473 2817 3534 τοῦς
2847 3470 3093 3542 μαθητὰς
3131 3470 3398 3541 πονηροὺς
3433 3468 3730 3532 ἐκάλεσεη

2147 3568 2209 3620 Εἰ
2238 3567 2346 3638 γὰρ
2372 3567 2465 3619 xui
2496 3566 2821 3636 ἠκολούθουν
2838 3566 2901 3618 ὲκ
2925 3564 3317 3635 προαιρέσεως,
3352 3560 3464 3613 ἀλλ’
3494 3555 3640 3629 εἶχον
3671 3559 3733 3613 τὸ

2144 3658 2376 3729 τρεπτὸν
2409 3657 2501 3711 τοῦ
2538 3658 2898 3729 ἀνθρωπίνου.
2927 3657 3101 3709 Μόνον
3140 3655 3197 3708 δὲ
3240 3657 3507 3724 ἄτρεπτος
3533 3648 3601 3722 ἦν
3637 3654 3731 3705 xui

2147 3751 2362 3822 θεότητι
2392 3752 2485 3804 xui
2532 3750 2912 3822 ἀνθρωπότητι
2957 3751 2985 3803 ὁ
3024 3747 3118 3801 τοῦ
3166 3746 3301 3801 Θεοῦ
3336 3746 3482 3810 Υἱός.
3508 3746 3730 3816 Δόματα

2145 3842 2203 3896 δὲ
2253 3843 2432 3910 ἀγαθὰ
2483 3842 2637 3895 καλεῖ
2687 3841 2787 3904 τὰς
2842 3838 3216 3911 πνευματικὰς
3268 3838 3495 3909 δωρεάς.
3556 3839 3616 3890 Ὀ
3671 3836 3743 3903 δὲ,

2145 3936 2360 3997 Λουκᾶς
2390 3933 2614 4004 Πνεῦμα
2652 3933 2804 4001 ἂγιον
2838 3930 3008 3995 εἶπεν,
3041 3931 3162 3984 ἀντὶ
3199 3928 3293 3982 τοῦ
3322 3931 3496 3982 εἰπεῖν
3524 3926 3725 3996 ἀγαθά.

2145 4026 2257 4080 Καὶ
2301 4025 2450 4079 οὐδὲν
2493 4026 2554 4078 τὸ
2596 4024 2869 4095 διάφορον.
2918 4022 2991 4076 Τὸ
3021 4022 3129 4093 γὰρ
3159 4022 3309 4090 ἆγιον
3340 4019 3566 4090 Πνεῦμα
3598 4018 3729 4071 αὐτό

2144 4122 2262 4172 ἐστι
2308 4118 2368 4172 τὸ
2419 4119 2533 4187 φῶς
2574 4118 2796 4187 ἀγαθόν·
2847 4116 2926 4169 διὸ
2972 4116 3066 4169 xui
3110 4117 3220 4176 τοῖς
3270 4112 3515 4183 μετόχοις
3560 4111 3727 4165 αὑτοῦ

2144 4213 2355 4265 δίδωσιν
2397 4211 2596 4280 ἀγαθά.
2626 4212 2748 4273 Τοῖς
2780 4210 2836 4262 δὲ
2872 4211 3007 4277 ἄγαν
3039 4210 3314 4279 πονηροῖς,
3344 4205 3430 4257 διὰ
3470 4204 3531 4256 τὸ
3572 4205 3729 4257 ἀνεναε

2144 4306 2312 4369 δότως
2337 4304 2675 4376 ἁμαρτάνειν
2704 4305 2904 4373 τρόπον
2933 4302 3055 4355 τινὰ
3096 4300 3254 4369 φύσις
3286 4299 3469 4361 αὐτοῖς
3496 4299 3529 4369 ἡ
3560 4299 3728 4351 κακία

2143 4400 2368 4467 γίνεταν
2405 4394 2515 4461 οἶός
2541 4399 2687 4451 ἐστιν
2717 4398 2744 4448 ὀ
2785 4397 3028 4455 Σατανᾶς
3067 4394 3160 4446 xui
3184 4392 3232 4444 οἱ
3260 4390 3531 4460 δαίμονες.
3558 4389 3730 4442 Δύνα-

465 4483 775 4542 intermissa
800 4489 1045 4552 peccata,
1072 4479 1260 4532 vitium
1286 4476 1683 4547 quodammodo
1712 4475 1766 4527 in
1790 4485 2037 4528 naturam

2160 4508 2233 4543 :ut
2263 4490 2371 4561 γάρ
2400 4508 2483 4553 τις
2513 4491 2607 4544 xui
2634 4489 2855 4550 τούτους
2879 4486 3035 4555 φύσει
3065 4484 3268 4546 κακοὺς
3297 4484 3490 4543 εἰπεῖν,
3519 4483 3728 4551 καίπερ

464 4577 649 4633 evadit
679 4590 694 4628 :
721 4574 895 4644 qualis
921 4581 1006 4626 est
1028 4570 1260 4625 Satanas
1286 4578 1340 4622 et
1361 4568 1652 4623 daemones.
1679 4565 1863 4619 Potest
1894 4567 2035 4621 enim

464 4666 589 4735 quis
623 4664 783 4719 etiam
826 4663 923 4716 hos
954 4667 1152 4713 natura
1194 4659 1364 4711 malos
1413 4653 1616 4720 dicere,
1657 4654 1903 4725 quamvis
1931 4670 2034 4708 non

466 4765 657 4809 natura
690 4752 861 4807 malos
893 4760 1132 4814 creatos,
1163 4749 1257 4803 sed
1287 4761 1353 4802 ex
1386 4747 1672 4801 arbitraria
1700 4746 1906 4801 malitia
1938 4747 2033 4799 de-

464 4858 743 4921 pmms'
1087 4912 1240 4968 CAP.
1277 4911 1407 4968 vnt.

464 5009 529 5065 ν.
560 5010 649 5063 Η.
684 5006 843 5062 Multi
877 5008 941 5059 ab
978 5006 1176 5059 oriente
1213 5016 1260 5057 et
1302 5004 1569 5057 occidente
1610 5002 1832 5063 venient,
1872 5011 1921 5056 et
1952 5018 2034 5055 re-

534 5080 774 5132 cumbent
813 5093 929 5130 cum
959 5076 1222 5131 Abraham
1248 5085 1294 5128 et
1325 5073 1483 5127 Isaac
1522 5084 1571 5126 et
1605 5072 1768 5127 Jacob
1796 5076 1849 5124 in
1878 5089 2031 5138 regno

536 5152 804 5204 calorum.

535 5240 592 5295 Si
626 5250 853 5311 angusta
881 5248 927 5292 et
974 5246 1180 5291 arctatu
1222 5246 1296 5290 est
1337 5236 1445 5300 via,
1481 5244 1531 5289 et
1569 5236 1723 5305 pauci
1763 5236 1853 5303 qui
1894 5235 2036 5287 inve-

462 5336 615 5390 niunt
657 5349 771 5386 eam
798 5333 839 5399 ³,
866 5331 960 5401 p'er
980 5344 1141 5398 quam
1176 5328 1360 5397 plures
1398 5328 1799 5396 ingredientur?
1829 5329 1894 5382 de
1924 5327 2031 5381 lata

463 5430 610 5484 enim
641 5436 693 5479 et
738 5425 975 5494 spatiosa
1024 5422 1176 5488 dicit,
1211 5422 1350 5490 quod
1386 5420 1537 5474 multi
1573 5420 1947 5491 ingredientur
1976 5420 2028 5473 in

462 5538 605 5578 eam.
631 5520 874 5574 Dicimus
890 5532 1040 5587 ergo,
1069 5530 1374 5573 sermonem
1402 5513 1614 5569 Domini
1642 5514 1845 5570 dictum
1864 5512 2031 5568 fuisse

422 5666 435 5685 λ
532 5637 729 5692 ’Joan.
761 5638 916 5701 1,15.
994 5636 1014 5666 ⁸
1044 5633 1230 5689 Matth.
1271 5648 1369 5698 vn,
1412 5632 1499 5686 l4.

532 5733 605 5803 (5)
633 5734 707 5788 Ex
747 5734 866 5790 cod.
893 5732 1084 5789 Venet.
1113 5745 1283 5797 xxvu,
1321 5744 1443 5799 pag.
1475 5727 1564 5781 :25.

2147 4581 2221 4652 μὴ
2255 4582 2414 4651 φύσει
2444 4583 2647 4644 κακοὺς
2679 4578 3200 4650 δημιουργηθέντας,
3225 4574 3336 4627 ἀλλ’
3371 4572 3431 4637 ἐξ
3457 4573 3729 4643 αὑτοπρο-

2141 4673 2356 4743 αιρέτου
2386 4673 2586 4736 κακίας
2615 4669 3049 4740 ἀπεσκληκὸτας.

2781 4913 2935 4967 ΚΕΦ.
2980 4913 3059 4963 H’.

2140 5006 2293 5091 Στιχ.ἰ
2348 5012 2435 5059 ια’.
2487 5006 2709 5091 Ποτμοὶ
2944 4999 3438 5091 ᾀνατολῶνὶκαὶρ
3471 4996 3724 5091 δξῖσμᾶἰφέ

2212 5067 2454 5143 ἥξουσι,
2488 5078 2586 5130 καὶ
2614 5074 3119 5145 ἀνακλιθήσονται
3148 5071 3300 5145 μετὰ
3332 5067 3595 5145 ξΑϐρᾳὰμ
3620 5068 3723 5145 καὶ

2226 5140 2422 5201 Ἰσαὰκ
2449 5149 2545 5200 καὶ
2575 5146 2773 5201 Ἰακὼϐ
2793 5147 2861 5198 ἐν
2882 5143 2955 5212 τῇ
2973 5143 3262 5208 βασιλείᾳ
3285 5140 3402 5193 τῶν
3423 5140 3718 5207 οὐρανῶν.

2211 5240 2276 5292 Et
2318 5239 2505 5308 στενὴ
2555 5240 2655 5294 καὶ
2707 5237 3059 5307 τεθλιμμένη
3106 5234 3280 5287 ἐστὶν
3323 5234 3362 5301 ἡ
3412 5231 3585 5296 ὁδὸς,
3621 5230 3718 5282 καὶ

2140 5332 2331 5400 ὀλίγοι
2365 5335 2417 5385 ol
2445 5332 2833 5400 εὑρίσκοντες
2862 5328 3086 5395 αὐτὴν,
3114 5325 3201 5379 διὰ
3248 5326 3408 5386 ποίας
3444 5324 3491 5375 οἱ
3536 5321 3722 5373 πολλοὶ

2138 5422 2572 5489 εἰσελεύσονται;
2621 5424 2748 5494 περὶ
2798 5421 2907 5492 γὰρ
2963 5402 3219 5480 πλατείας
3267 5416 3362 5470 xui
3403 5411 3719 5485 εὐρυχώρου

2136 5515 2305 5583 λέγει,
2333 5517 2413 5571 ὅτι
2445 5515 2628 5571 πολλοὶ
2653 5514 3044 5569 εἰσελεύσονται
3069 5511 3136 5564 δι’
3160 5510 3350 5578 αὐτῆς.
3374 5506 3484 5560 Καί
3515 5521 3716 5576 φαμεν,
