3888 6214
178 314 281 368 Ξθὸ

1379 299 1666 357 SCHOLIA
1704 298 1772 352 IN
1812 294 2247 353 ΜΔΤΤΗᾸΞΗΜ.

3321 284 3430 339 ειμι

178 432 256 483 ὅτι
282 430 312 481 ὁ
344 426 443 497 μὲν
474 424 568 477 τοῦ
605 422 855 493 Σωτῆρος
893 420 1048 488 λόγος
1092 418 1304 489 εῐρηται
1324 455 1339 481 ,
1371 415 1558 485 ἐπειδὴ
1586 413 1753 481 ὀλίγοι

1877 411 2121 479 ιίᾳυίᾱειῐι
2169 408 2329 479 pauci
2363 423 2426 463 ex
2476 403 2641 460 Israel
2691 403 3062 459 salvabantur.
3111 399 3228 456 Non
3270 402 3427 455 multi

180 520 285 574 ἀπὸ
311 517 410 571 τοῦ
459 513 675 586 Ἰσραὴλ
714 511 995 575 ἐσώζοντο·
1026 508 1087 562 οὐ
1136 506 1319 561 πολλοὶ
1350 505 1460 575 γὰρ
1501 504 1753 557 ἐπίστευ-

183 629 279 666 σαν
323 612 403 674 είς
441 608 624 661 αὐτόν.
670 605 761 657 Διὸ
806 602 901 656 καὶ
949 601 1122 670 ἔλεγε·
1164 599 1261 668 Μὴ
1308 597 1493 667 φοϐοῦ
1538 595 1755 665 μικρὸν

181 704 482 773 ποίμνιον,
519 698 607 752 ὅτι
649 696 989 763 εὐδόκησεν
1032 696 1064 746 ό
1097 690 1241 756 Θεὸς
1284 691 1355 743 ἐν
1381 690 1500 742 σοί.
1537 689 1755 759 Προφη-

180 796 344 857 τικῶς
365 793 423 846 δὲ
452 790 643 861 ἐλέχθη
679 789 770 853 τὸ,
801 785 1022 840 Πολλοὶ
1057 784 1332 851 ἥξουσιν·
1369 782 1444 845 ῶς
1487 779 1615 849 περ)⁸
1646 777 1754 830 τῶν

183 886 487 957 μελλόντων
514 879 787 935 πιστεύειν
812 879 890 942 εἰς
923 876 1081 929 αὐτὸν
1109 873 1345 943 ἀπὸντῶν
1382 870 1569 923 ἐθνῶν.
1605 872 1756 922 Πολ-

178 980 297 1043 λοὶ,
349 976 538 1048 φησιν,
568 975 643 1037 ὡς
684 972 823 1043 πρὸς
854 969 977 1031 τοὺς
1010 966 1147 1039 μετά
1190 965 1286 1036 τὴν
1334 963 1631 1035 παρουσίαν
1680 961 1753 1032 μὴ

180 1071 611 1132 πτστεύσαντας,
652 1067 701 1118 oi
745 1063 853 1117 ἀπὸ
905 1060 1012 1114 τῶν
1061 1056 1228 1110 ἐθνῶν
1277 1053 1755 1124 ἀνακλιθησόμενοι

181 1168 322 1238 μετά
363 1162 615 1235 Ἀϐραὰμ
647 1159 742 1212 καὶ
771 1157 879 1210 τῶν
908 1155 968 1219 ἐξ
991 1153 1154 1208 αὑτοῦ
1183 1154 1239 1205 ἐν
1275 1153 1342 1221 τῇ
1376 1148 1619 1219 βασιλείᾳ
1648 1147 1755 1199 τῶν

175 1233 448 1330 οὐρανῶν
468 1233 573 1308 ⁷καὶ
593 1250 671 1322 τῷ
696 1247 913 1321 ἀριθμῷ
938 1247 996 1300 δὲ
1027 1243 1455 1305 πολλαπλασίους
1478 1233 1623 1294 οὗτοι
1647 1238 1755 1293 τῶν

178 1352 287 1406 ἀπὸ
353 1347 572 1420 Ἰσραὴλ
628 1346 722 1399 καὶ
781 1344 872 1397 τὸν
927 1340 1135 1413 Ἰησοῦν
1183 1335 1416 1409 Χριστὸν
1466 1332 1757 1404 ὁμολογου-

184 1444 381 1514 μένων.

825 1545 982 1599 ΚΕΦ.
1025 1544 1127 1596 IA'.

182 1650 334 1718 Στιχ.
374 1643 463 1698 ια’.
503 1644 560 1718 Ὁ
588 1642 655 1695 δὲ
691 1639 1035 1718 μικρότερος
1080 1635 1150 1718 ἐν
1194 1632 1277 1718 ζῇ,
1307 1630 1595 1699 βασιλείᾳ
1639 1628 1758 1683 τῶν

503 1703 772 1780 οὐρανῶν
793 1703 1009 1778 μείζων
1042 1703 1226 1759 αὐτοῦ
1253 1704 1440 1757 ἐστιν.
1533 1752 1539 1757 .

181 1812 334 1880 Στιχ.
361 1805 446 1877 ιβ’.
483 1804 633 1880 ξΑίτὸ
664 1802 752 1880 δὲ.
771 1798 888 1855 τῶν
916 1795 1169 1880 ,ἡμίερῶτί
1198 1792 1468 1880 Ἰωάννου
1507 1790 1612 1877 τοῦ
1642 1794 1758 1869 Bg-

252 1861 511 1932 πῖιστοῦ
562 1875 672 1939 ἕως
717 1872 849 1939 ἄρτι
898 1861 1267 1939 ήῖϐὰσιτᾷεία
1325 1862 1443 1939 τῶν
1490 1861 1761 1939 οὐρανῶν

247 1948 536 2014 βιάζεται,
561 1932 664 1998 καί
683 1932 934 2007 ,βιᾶσταὶ
966 1934 1334 2007 ἁρπάζουσιν
1362 1932 1573 2000 αὐτήν.

252 2059 439 2130 Φαμὲν
468 2056 529 2110 τὸ
555 2055 907 2125 μικρότερον
947 2050 1076 2121 περὶ
1104 2046 1266 2100 αὑτοῦ
1298 2045 1474 2114 λέγειν
1512 2043 1603 2096 τοῦ
1630 2045 1762 2114 Χρι-

189 2151 336 2205 στοῦ’
391 2149 710 2222 μικρότερον
752 2145 808 2197 δὲ
853 2142 994 2198 κατά
1026 2140 1122 2211 τὴν
1155 2139 1372 2209 δόκησιν
1399 2136 1505 2191 τῶν
1534 2136 1760 2189 ἀκουόν-

184 2263 314 2299 των.
344 2242 419 2295 Τὸ
441 2243 517 2306 δὲ,
547 2241 616 2293 ὲν
642 2237 716 2306 τῇ
740 2236 1028 2302 βασιλείᾳ
1058 2230 1175 2285 τῶν
1203 2228 1493 2299 οὐρανῶν,
1528 2227 1675 2298 δηλοῖ
1705 2228 1762 2280 ἐν

185 2340 298 2400 τοῖς
332 2333 744 2402 πνευματικοῖς,
782 2330 876 2381 καὶ
916 2330 974 2381 ἐν
1024 2328 1137 2388 τοῖς
1177 2324 1297 2377 κατ’
1330 2320 1556 2393 οὐρανὸν
1592 2321 1761 2374 ἅπασι

187 2428 281 2479 καὶ
316 2425 518 2486 θεῖκοῖς
565 2422 786 2493 μείζονα
814 2419 1079 2489 ὑπάρχειν
1124 2415 1330 2469 ἐκείνου
1376 2413 1466 2465 τὸν
1504 2412 1758 2483 Χριστόν.

184 2519 376 2580 Οὕτως
398 2517 454 2569 δὲ
481 2512 905 2584 ἀναγνωσόμεθα
924 2552 937 2577 ,
966 2512 1072 2575 ὅτι,
1098 2508 1472 2577 Μικρότερος·
1502 2501 1639 2568 εἶτα,
1671 2520 1760 2573 μι-

189 2610 318 2681 κρὸν
368 2607 737 2669 διαλιπόντες,
784 2604 1074 2675 ἐποίσομεν
1110 2600 1205 2665 τὸ,
1243 2600 1339 2653 Ἐν
1378 2597 1452 2667 τῇ
1475 2597 1765 2663 βασιλείᾳ

189 2703 307 2757 τῶν
341 2699 616 2769 οὐρανῶν
635 2697 846 2769 μείζων
874 2696 1060 2749 αὐτοῦ
1093 2695 1281 2747 ἐστιν.
1319 2692 1384 2744 Ἡ
1425 2690 1481 2742 δὲ
1518 2688 1765 2759 βασιλεία

188 2812 293 2848 τιν
322 2792 568 2862 οὐρανῶν
614 2791 775 2853 αὐτός
804 2791 947 2841 ἐστιν
975 2789 1003 2839 ὁ
1032 2786 1264 2859 Χριστὸς
1284 2826 1298 2849 ,
1327 2782 1764 2856 προτρεπόμενος

189 2886 397 2949 πάντας
423 2885 502 2947 είς
539 2881 843 2954 μετάνοιαν,
880 2880 975 2932 καὶ
1010 2877 1181 2929 ἕλκων
1216 2878 1295 2939 είς
1324 2874 1511 2928 ἐαυτὸν
1553 2873 1641 2927 διὰ
1666 2872 1765 2943 τῆς

184 2980 435 3052 χάριτος.

822 3066 979 3118 ΚΕΦ.
1028 3063 1125 3115 lB'.

189 3185 343 3253 Στιχ.
374 3182 456 3236 ιδ’.
489 3183 553 3253 Οἱ
577 3180 644 3234 δὲ
670 3176 975 3253 Φαρισαῖοι
1001 3174 1371 3253 συμϐοὐλιον
1397 3171 1616 3253 ἕίῑιιϐον
1636 3169 1761 3224 κατ’

258 3242 451 3308 α’ὐτοῦ
487 3242 857 3315 ἐξελθόνλὲες,
885 3247 1043 3311 ὅπως
1073 3242 1259 3299 αὐτὸν
1288 3242 1694 3297 ἀπολέσωσιν.

264 3348 417 3415 Ὅσῳ
458 3361 541 3407 τις
585 3341 791 3410 ἐγγίζει
825 3338 901 3409 τῷ
945 3335 1150 3407 Ἰησοῦ,
1187 3334 1508 3406 συμϐούλιον
1534 3334 1594 3386 οὑ
1627 3333 1769 3403 λαμ-

186 3437 367 3493 ϐὼδει.
402 3436 477 3487 Οὐ
519 3432 626 3504 γὰρ
664 3429 872 3500 ἐγγίζει
919 3429 995 3500 τῷ
1054 3426 1227 3496 Ἰησοῦ
1273 3428 1306 3496 ἡ
1354 3424 1631 3496 συμϐουλὴ
1662 3424 1770 3478 τῶν

188 3529 402 3585 κακῶν.
440 3528 566 3580 Ὅτε
592 3526 648 3579 δέ
679 3542 762 3587 τις
794 3522 886 3576 τοῦ
932 3520 1106 3593 Ἰησοῦ
1143 3520 1359 3592 ἔρχεται
1386 3517 1508 3582 ἔξω,
1541 3517 1772 3587 συμϐού-

192 3622 307 3675 λιον
354 3618 621 3690 λαμϐάνει
676 3616 768 3669 τοῦ
818 3614 1079 3668 ἀπολέσαι
1118 3612 1178 3666 τὸ
1225 3611 1359 3680 φῶς,
1394 3609 1491 3681 τὴν
1523 3609 1641 3662 ὁδὸν
1673 3607 1770 3680 τὴν

193 3710 431 3783 ἀγαθὴν,
462 3710 559 3781 τὴν
593 3706 757 3778 ζωὴν,
790 3706 879 3758 τὸν
899 3703 1186 3775 θησαυρὸν,
1221 3701 1312 3754 τὸν
1353 3700 1773 3772 μαρτυρήσαντα

195 3806 296 3875 τὴν
343 3802 583 3872 ἀγάπην,
615 3800 713 3871 τὴν
752 3800 993 3869 εἰρήνην.
1037 3793 1240 3848 Τοῦτον
1276 3794 1339 3848 ἄν
1382 3812 1467 3857 τις
1508 3793 1767 3866 ἀπολέσῃ,

197 3897 309 3959 υἱὸς
337 3894 609 3955 ἀπωλείας
639 3892 897 3945 καλεῖται.

281 3986 430 4054 Στιχ.
465 3991 546 4037 ιε’.
588 3984 640 4035 Ὀ
669 3981 737 4035 δὲ
779 3980 1028 4048 Ἰησοῦς,
1058 3979 1240 4049 γνοὺς
1273 3977 1685 4047 ἀπεχώρησεν.

269 4079 385 4130 Οὐκ
426 4076 530 4129 ἔδει
580 4076 687 4146 γὰρ
732 4074 891 4127 αὐτὸν
945 4075 1124 4145 μένειν
1176 4072 1316 4143 μετὰ
1363 4072 1467 4125 τῶν
1512 4071 1642 4126 υίῶν
1675 4072 1770 4142 τῆς

198 4168 493 4231 ἀπωλείας.
540 4168 764 4219 Ἐκεῖνοι
807 4166 1116 4231 ἀπώλεσαν,
1160 4166 1354 4236 ἡμεῖς,
1391 4162 1464 4234 μὴ
1507 4164 1774 4233 ζητήσαν-

196 4280 311 4325 τες,
345 4260 597 4331 εὕρομεν.
630 4258 901 4337 Εὑρέθην
930 4259 1059 4328 γὰρ,
1099 4259 1251 4329 φησὶ,
1287 4258 1410 4323 τοῖς
1437 4256 1541 4325 ἐμὲ
1568 4255 1653 4324 μὴ
1682 4256 1774 4323 ζη-

197 4354 415 4408 τοῦσιν
438 4371 451 4383 ·
500 4352 774 4421 ἐμφανὴς
805 4352 1100 4420 ἐγενόμην
1140 4350 1261 4415 τοῖς
1296 4349 1400 4418 ἐμὲ
1430 4348 1516 4418 μὴ
1560 4347 1775 4415 ἐπερω-

160 4516 161 4519 η
439 4406 609 4505 aen“;
636 4406 933 4512 γάῥᾏῆλὸω
956 4406 1055 4492 ἐπὶ(
1083 4426 1158 4493 τὰ⁷
1190 4406 1525 4509 πρόϐατα.τά
1556 4406 1769 4491 ἀπολω-
1875 4415 2065 4519 gabn‘nt

198 4535 351 4588 λότα·
381 4535 535 4588 αὐτοὶ
563 4533 619 4585 δὲ
646 4532 971 4586 ἐπελάθοντο
998 4530 1091 4585 τοῦ
1136 4530 1265 4583 ἰδίου
1308 4531 1584 4601 ποιμένος.
1625 4531 1776 4583 Ἀνα-

196 4629 387 4699 χωρεῖ,
437 4627 497 4677 οὐ
542 4623 726 4687 δεδιὼς
772 4625 871 4695 τὴν
914 4622 1226 4693 ἐπιϐουλὴν,
1264 4622 1398 4675 ἀλλὰ
1436 4622 1533 4693 τὴν
1577 4622 1774 4676 κακίαν

198 4716 557 4771 ἀναστέλλων·
597 4716 692 4769 καὶ
723 4716 808 4768 ἵνα
846 4717 918 4786 μή
950 4733 1033 4779 τις
1071 4714 1224 4786 οἰηθῇ
1268 4713 1354 4766 διὰ
1385 4715 1582 4768 δειλίαν
1614 4715 1774 4768 αὑτὸν

198 4803 709 4874 ἁποκεχωρηκέναι,
740 4804 949 4867 πάντας
992 4799 1086 4856 οὖν
1132 4803 1496 4875 ἐθεράπευσε,
1537 4805 1633 4876 τὴν
1668 4823 1775 4859 πα-

198 4895 377 4965 ναλκῆ
402 4894 567 4948 αὐτοῦ
596 4894 999 4965 ἐνδεικνύμενος
1021 4895 1268 4965 δύναμιν.
1294 4894 1438 4965 Πλὴν
1460 4895 1774 4948 ὑποστέλλει

164 4984 167 4985 ν
200 4989 276 5061 μὴ
306 4987 743 5060 δημοσιεύεσθαι,
782 4984 856 5049 ὡς
892 4987 1134 5059 ἐπιεικὴς
1162 4988 1254 5040 καὶ
1285 4986 1609 5053 ἀκενόδοξος.

808 5215 813 5220 .
848 5166 1003 5220 ΚΕΦ.
1046 5166 1145 5221 II".

202 5281 278 5352 (6)
309 5282 461 5352 Στιχ.
489 5281 590 5351 μδ⁷.
634 5282 825 5359 Ὁμοίᾳ
864 5281 1104 5359 ἐστὶνίὴ
1146 5281 1431 5359 ,βασιλεία
1456 5279 1573 5333 τῶν
1598 5242 1774 5347 οὐρα-

634 5351 767 5421 ,νῶν
795 5350 1092 5420 θησαυρῷ,
1122 5369 1174 5404 κ.
1202 5369 1252 5403 τ.
1278 5350 1324 5403 λ.

271 5444 408 5498 Καθ’
444 5443 637 5514 ἑτέραν
681 5442 737 5497 δὲ
776 5443 999 5514 ἐκδοχὴν
1044 5444 1127 5514 εἴη
1171 5442 1214 5494 δ’
1244 5442 1339 5507 ἂν,
1381 5441 1548 5513 ἀγρὸς
1601 5440 1698 5511 μὲν
1746 5443 1779 5512 ἡ

1788 3118 1837 3182 C

1856 503 2000 558 enim
2045 501 2393 555 crediderunt
2423 499 2476 553 in
2516 512 2662 552 eum.
2693 494 2988 564 Propterea
3024 493 3185 548 etiam
3213 492 3427 547 aiebat:

1862 591 1943 647 Ne
1992 593 2197 657 timeas,
2245 589 2435 658 pusille
2477 604 2625 658 grex,
2667 586 2790 657 quia
2828 584 3206 654 beneplacitum
3248 584 3428 637 habuit

1850 681 1996 735 Deus
2046 681 2103 734 in
2143 690 2191 734 te
2219 678 2284 731 ³¹.
2325 677 2646 748 Prophetice
2698 691 2829 730 vero
2883 677 3084 730 dictum
3140 685 3225 729 est
3273 674 3429 739 illud,

1858 773 2013 826 Multi
2061 773 2309 834 venient;
2368 770 2435 825 de
2491 769 2675 824 multis
2723 769 2978 822 nimirum
3030 766 3121 836 qui
3170 766 3429 820 credituri

1857 874 2012 919 erant
2048 866 2100 918 in
2149 879 2274 918 eum
2310 878 2375 919 ex
2422 864 2693 933 gentibus.
2735 860 2897 915 Multi
2941 861 3115 926 dicit,
3172 869 3429 929 tanquam

1857 974 1954 1029 per
1990 959 2446 1027 comparationem
2484 957 2549 1010 ad
2584 970 2697 1021 eos,
2727 956 2816 1024 qui
2849 963 2969 1024 post
2997 953 3285 1009 adventum
3323 966 3431 1006 non

1858 1052 2212 1109 crediderunt
2249 1066 2260 1100 :
2300 1051 2389 1120 qui
2432 1066 2496 1105 ex
2531 1049 2779 1117 gentibus
2809 1045 3101 1101 recubiluri
3142 1053 3267 1099 sunt
3303 1057 3428 1098 cum

1856 1144 2129 1198 Abraham
2178 1152 2232 1195 et
2266 1141 2333 1196 iis
2366 1142 2460 1210 qui
2501 1156 2566 1194 ex
2605 1155 2668 1194 eo
2702 1139 2812 1192 nati
2850 1146 2996 1203 sunt,
3033 1138 3085 1189 in
3119 1148 3284 1203 regno
3316 1149 3430 1189 c03-

1860 1236 2054 1289 lorum.
2098 1232 2334 1286 Numero
2366 1238 2546 1284 autem
2583 1237 2708 1284 sunt
2753 1227 3053 1296 multiplico
3083 1225 3170 1279 isti
3216 1240 3327 1294 pra:
3361 1224 3429 1277 iis

1858 1326 1951 1396 qui
1989 1325 2213 1379 fuerunt
2249 1337 2317 1376 ex
2366 1319 2530 1375 Israel
2554 1359 2569 1385 ,
2626 1329 2682 1373 et
2715 1318 2898 1374 Jesum
2942 1316 3220 1371 Christum
3257 1314 3429 1371 conli-

1862 1428 2064 1473 ιειιιιιν.

2496 1522 2650 1578 CAP.
2687 1519 2779 1575 XI.

1862 1620 1924 1675 V.
1958 1622 2044 1676 ll.
2077 1619 2256 1674 Minor
2278 1627 2473 1681 autem,
2501 1616 2555 1669 in
2583 1630 2742 1684 regno
2761 1626 3008 1665 canorum
3031 1608 3201 1676 major
3217 1604 3310 1660 illo
3332 1614 3429 1660 est.

1791 1771 1831 1830 Β
1866 1782 1926 1836 V.
1967 1781 2048 1835 12.
2086 1780 2128 1833 Α
2161 1778 2339 1830 diebus
2374 1791 2492 1828 vero
2526 1772 2752 1826 Joannis
2782 1770 3029 1838 Baptista:
3067 1782 3230 1837 usque
3259 1766 3433 1838 nacte-

1936 1869 2056 1915 nus,
2104 1863 2317 1919 regnum
2357 1847 2605 1899 caelorum
2647 1842 2693 1895 vi
2738 1837 2948 1910 agitur,
2995 1849 3044 1892 et
3092 1837 3298 1891 violenti
3340 1848 3430 1886 ra-

1930 1923 2079 1990 piunt
2122 1919 2277 1972 illud.

1935 2034 2209 2096 Dicimus,
2253 2030 2504 2082 minorem
2545 2026 2612 2081 de
2658 2025 2774 2093 ipso
2805 2022 3024 2078 Christo
3071 2020 3288 2076 dicere:
3333 2019 3435 2073 mi-

1865 2142 2053 2182 norem
2110 2136 2303 2191 nempe
2342 2121 2497 2189 juxta
2532 2118 2840 2187 opinionem
2884 2114 3241 2167 audientium.
3275 2111 3432 2176 Illud,

1863 2222 1917 2273 in
1969 2232 2125 2286 regno
2177 2213 2460 2275 caelorum,
2512 2209 2718 2271 innuit,
2749 2207 2799 2259 in
2835 2203 3227 2275 spiritualibus,
3275 2211 3330 2255 et
3378 2202 3434 2254 in

1864 2310 2118 2367 omnibus
2156 2321 2276 2376 quae
2320 2306 2387 2358 ad
2420 2302 2616 2357 caelum
2650 2301 2923 2370 pertinent
2956 2307 3013 2352 et
3059 2312 3146 2350 res
3188 2294 3395 2349 divinas
3417 2334 3434 2359 ,

1865 2402 2121 2470 majorem
2170 2399 2259 2453 illo
2309 2412 2429 2452 esse
2468 2394 2766 2449 Christum.
2815 2391 2907 2447 Sic
2951 2390 3114 2461 igitur
3160 2387 3434 2455 legemus,

1867 2498 2080 2551 Minor:
2113 2494 2305 2550 deinde
2352 2491 2603 2562 pusillum
2659 2489 2948 2558 quodpiam
2982 2485 3332 2541 interstitium
3380 2482 3436 2537 in

1864 2589 2301 2663 pronuntiatione
2342 2586 2729 2654 relinquentes,
2761 2585 3139 2637 subnectemus
3169 2578 3331 2633 illud:
3368 2573 3438 2630 In

1866 2700 2021 2754 regno
2060 2683 2314 2736 caelorum
2343 2678 2517 2745 major
2545 2676 2638 2730 illo
2671 2685 2768 2728 est.
2809 2673 2978 2728 Porro
3012 2686 3236 2741 regnum
3265 2668 3438 2723 caelo-

1866 2793 2007 2840 rum,
2036 2784 2120 2830 est
2158 2774 2392 2843 ipsemet
2430 2769 2703 2831 Christus,
2756 2765 2848 2834 qui
2886 2764 3206 2817 adhortatur
3250 2771 3438 2813 onmes

1867 2871 1931 2925 ad
1961 2868 2363 2940 pcenitentiam,
2393 2874 2448 2921 et
2476 2863 2648 2918 trahit
2687 2862 2755 2914 ad
2782 2860 3017 2928 seipsum
3052 2870 3150 2925 per
3177 2853 3432 2925 gratiam.

2501 3034 2647 3091 CAP.
2697 3033 2806 3087 ΧΗ.

1873 3152 1935 3207 V.
1978 3153 2065 3207 14.
2099 3149 2362 3205 Phariswi
2396 3158 2570 3214 autem
2597 3145 2877 3201 consilium
2904 3149 3157 3204 inierunt,
3187 3140 3439 3195 adversus

2083 3223 2231 3275 illum
2271 3220 2605 3290 egredientes,
2648 3230 2700 3270 ut
2750 3217 2919 3284 ipsum
2953 3215 3245 3283 perderent.
3404 3224 3407 3225 '

1941 3313 2155 3380 Quanto
2208 3314 2331 3383 quis
2382 3310 2781 3382 appropinquat
2826 3305 2954 3360 Je‘su
3005 3303 3292 3358 consilium
3333 3317 3441 3357 non

1872 3406 1990 3460 init.
2030 3404 2144 3459 Non
2179 3390 2322 3459 enim
2357 3402 2753 3473 appropinquat
2811 3394 2940 3451 Jesu
2992 3394 3276 3450 consilium
3319 3409 3441 3447 ma-

1871 3499 2064 3553 lorum.
2108 3496 2180 3552 At
2223 3496 2441 3565 quando
2488 3492 2611 3561 quis
2649 3503 2801 3544 extra
2843 3489 3030 3544 Jesum
3073 3489 3204 3554 abit,
3258 3488 3443 3543 consio

1872 3591 2004 3645 lum
2055 3587 2157 3642 init
2194 3586 2449 3655 perdendi
2511 3585 2724 3646 lumen,
2777 3582 2924 3635 viam
2983 3585 3203 3644 bonam,
3255 3582 3442 3648 vitam,

1874 3683 2209 3743 thesaurum,
2236 3675 2600 3733 testimonium
2632 3676 3004 3745 perliibeutem
3046 3673 3114 3727 de
3142 3672 3443 3737 charitate,

1872 3789 2027 3845 pace.
2070 3771 2225 3827 Hunc
2265 3770 2310 3825 si
2344 3769 2463 3838 quis
2495 3768 2706 3838 perdat,
2750 3766 2892 3821 ﬁlius
2946 3764 3267 3835 perditionis
3296 3766 3319 3795 ⁴
3352 3778 3447 3819 vo-

1871 3876 2049 3923 catur.

1967 3959 2035 4015 ν.
2071 3957 2156 4013 15.
2196 3956 2348 4012 Jesus
2380 3965 2556 4010 autem
2595 3970 2715 4008 cum
2743 3952 3096 4023 cognovisset,
3120 3951 3365 4011 recessit.

1941 4050 2059 4106 Non
2095 4050 2237 4104 enim
2281 4048 2510 4103 decebat
2541 4047 2717 4116 ipsum
2760 4058 2979 4098 manere
3018 4060 3137 4099 cum
3172 4043 3296 4098 {iliis
3324 4057 3448 4112 per-

1875 4143 2118 4197 ditionis.
2163 4141 2241 4195 llli
2285 4140 2668 4209 perdiderunt,
2715 4151 2814 4190 nos
2856 4152 2953 4189 nec
2994 4145 3331 4204 quaarentes,
3366 4134 3450 4187 in-

1874 4234 2120 4287 venimus
2156 4249 2169 4284 :
2200 4230 2449 4285 Inventus
2478 4231 2637 4292 enim,
2661 4229 2756 4293 ait,
2784 4244 2901 4281 sum
2932 4233 2995 4279 ab
3029 4227 3093 4280 iis
3120 4228 3208 4295 qui
3233 4242 3312 4279 me
3346 4242 3451 4280 non

1872 4322 2208 4393 quaerebant;
2244 4319 2553 4387 manifestus
2586 4318 2666 4386 [ui
2713 4317 2775 4370 iis
2815 4317 2905 4387 qui
2949 4332 3030 4369 me
3080 4332 3184 4369 non
3223 4317 3449 4367 interro-

2093 4412 2136 4464 ⁸.
2172 4412 2290 4481 lpse
2328 4412 2470 4464 enim
2520 4412 2655 4473 venit
2705 4411 2773 4462 ad
2803 4426 2916 4463 oues
2959 4425 3075 4479 qua:
3113 4407 3446 4477 perierant“;

1879 4515 1934 4558 at
1980 4505 2053 4559 illi
2098 4505 2300 4574 proprii
2352 4503 2585 4572 pastoris
2627 4502 2777 4556 obliti
2825 4510 2967 4555 sunt.
3030 4500 3287 4565 Recedit,
3338 4514 3445 4553 non

1844 4596 2085 4649 ‘veritus
2129 4594 2382 4658 insidias,
2434 4593 2527 4646 sed
2582 4592 2983 4659 improbitatem
3040 4590 3442 4658 comprimens:

1877 4696 1931 4742 et
1971 4698 2027 4741 ut
2084 4701 2152 4740 ne
2205 4686 2326 4755 quis
2373 4692 2651 4753 reputaret
2698 4695 2917 4753 propter
2959 4694 3160 4737 metum
3195 4698 3317 4737 cum
3364 4698 3452 4738 re-

1880 4779 2146 4843 cessisse,
2199 4792 2390 4831 omnes
2436 4775 2684 4843 equidem
2728 4775 2972 4839 curavit,
3024 4775 3447 4846 omnipotentem

1880 4872 2136 4924 virtutem
2181 4884 2332 4924 suam
2377 4869 2693 4923 ostendens.
2750 4868 3131 4922 Verumtamen
3183 4877 3337 4923 cavet
3382 4882 3451 4921 ne

1892 4961 2219 5028 publicetur,
2259 4970 2514 5029 tanquam
2552 4967 2866 5014 mansuetus
2915 4959 3183 5025 videlicet,
3232 4969 3285 5015 et
3327 4959 3463 5033 310-.

1886 5056 1977 5107 riu'
2016 5054 2270 5124 fugitans.

2502 5164 2655 5220 CAP.
2690 5166 2827 5225 Xlll.

1930 5283 1993 5336 ν.
2027 5282 2114 5335 44.
2154 5281 2338 5336 Simile
2370 5293 2443 5337 est
2486 5301 2702 5354 regnum
2734 5284 2980 5338 caelorum
3011 5282 3280 5345 thesauro,
3313 5287 3417 5333 etc.

1961 5440 2265 5496 Secundum
2312 5441 2474 5495 aliam
2506 5440 2904 5509 acceptionem,
2952 5454 3082 5510 ager
3120 5439 3281 5493 fuerit
3312 5436 3454 5491 Scri-

276 5564 316 5592 ³¹
356 5562 487 5618 Luc.
524 5579 623 5629 xu,
666 5563 754 5619 '52.
830 5562 1034 5619 ‘Joau.
1065 5579 1198 5627 xvii,
1242 5563 1329 5617 12.
1404 5564 1425 5594 ⁸
1456 5562 1614 5618 Rom.
1664 5578 1721 5627 χ,

1937 5563 1957 5593 ⁸
1990 5561 2177 5617 Matth.
2210 5579 2304 5630 xv,
2350 5562 2440 5618 24.

273 5682 352 5752 (6)
382 5680 506 5737 llaec
542 5683 818 5756 quaeqhuc
876 5684 1149 5756 pertinent
1176 5722 1191 5751 ,
1234 5688 1540 5739 occurrunt
1585 5680 1639 5736 in
1693 5678 1814 5736 cod.
1852 5694 2046 5746 xxvm,
2105 5680 2244 5736 inter
2299 5662 2666 5752 expositiones
2703 5676 2755 5732 in
2795 5674 3014 5741 Lucam,
3050 5686 3121 5743 rp.
3170 5671 3239 5727 55
3286 5683 3442 5739 seqq.

204 5750 317 5823 Ego
334 5750 531 5809 iversus
555 5750 802 5821 ascripsi.
