3888 6214
458 285 566 341 295

1334 280 1891 338 SUPPLEMENTUM
1927 280 2016 335 AD
2050 277 2375 336 ORIGENIS
2408 274 2822 333 EXEGETICA.

3610 269 3719 327 296

460 412 643 473 plura,
690 418 812 473 quae
847 402 1033 458 multis
1066 403 1307 474 plantata
1343 413 1429 459 est.
1470 404 1631 459 dictis
1676 404 1939 474 legalibus
1983 414 2037 458 et

2160 404 2351 475 έραφὴ,
2378 402 2592 464 πολλοῖς
2618 396 3141 467 καταπεφυτευμένη
3181 395 3362 466 ῥητοῖς
3390 394 3633 465 νομικοῖς
3659 410 3721 446 τε

462 494 880 565 scripturalibus
930 505 1091 564 atque
1141 496 1441 553 historicis.
1491 496 1806 552 Thesaurus
1866 510 2033 559 vero,

462 602 585 657 qua
619 587 738 642 istis
771 588 954 643 insunt
990 589 1163 653 varia,
1210 605 1315 659 qua
1357 590 1647 644 manifesta
1677 604 1781 658 qua
1824 588 2037 644 occulta

463 679 725 747 cogitata,
762 688 819 734 et
859 680 1136 743 Christus,
1168 682 1442 751 pretiosus
1483 681 1568 735 ille
1599 682 1896 751 Scriptura:
1929 680 2040 736 the-

465 786 681 827 saurus.
720 770 813 825 Vel
861 786 993 843 ager
1036 770 1286 827 Christus
1330 773 1527 827 fuerit:
1578 774 1631 826 in
1675 786 1785 841 quo
1841 772 2039 828 Paulus

466 859 599 913 dicit
629 858 938 919 reconditos
978 875 1099 915 esse
1132 861 1382 916 occultos
1423 862 1712 916 thesauros
1761 861 2040 931 sapientiae

465 959 525 1006 et
550 950 873 1018 cognitionis
917 950 1031 1005 Dei.
1065 952 1330 1007 Coalcstes
1369 954 1533 1021 igitur
1574 969 1696 1019 res,
1726 966 1781 1009 et
1816 969 2040 1026 regnum

466 1042 766 1108 caelorum,
826 1052 1081 1114 tanquam
1132 1044 1185 1097 in
1244 1044 1479 1113 imagine
1540 1045 1751 1114 depicta
1809 1055 1937 1099 sunt
1985 1046 2039 1100 in

470 1135 786 1207 Scripturis,
815 1150 935 1205 quae
968 1145 1093 1189 sunt
1129 1151 1353 1207 regnum
1379 1136 1670 1202 caelorum,
1702 1138 1876 1208 ipsum
1911 1151 2041 1191 vero

464 1238 547 1281 est
601 1230 856 1284 idemmet
905 1230 1185 1295 Christus,
1242 1231 1397 1300 cujus
1456 1230 1699 1301 cognitio
1746 1230 2039 1285 secundum

463 1321 719 1376 virtutem
758 1323 810 1375 in
857 1321 1009 1375 nobis
1052 1331 1155 1389 est,
1206 1322 1591 1392 inveniturque
1627 1340 1723 1393 per
1756 1323 1914 1377 [idem
1938 1362 1954 1388 ,
1988 1332 2044 1378 et

464 1413 664 1466 emitur
692 1412 1005 1466 virtutibus.
1035 1412 1135 1479 Qui
1175 1414 1337 1481 igitur
1376 1414 1585 1467 invenit
1618 1414 1760 1468 hunc
1803 1414 1853 1467 in
1890 1412 2040 1467 Scri-

465 1506 641 1573 pturis
684 1505 1032 1571 thesaurum,
1068 1506 1343 1571 occultat;
1397 1521 1735 1575 nequaquam
1777 1507 1898 1561 sine
1945 1520 2039 1574 pe-

465 1598 639 1652 riculo
689 1612 808 1652 esse
836 1598 1021 1653 sciens
1050 1598 1302 1664 vulgares
1340 1613 1589 1667 quosque
1634 1613 1817 1652 rerum
1853 1596 2045 1653 inetia-

465 1689 651 1743 bilium
695 1690 988 1759 participes
1021 1689 1223 1745 facere.
1261 1690 1385 1744 Abit
1415 1699 1594 1744 autem
1628 1698 1917 1759 postquam
1950 1704 2041 1743 oc-

2142 500 2238 552 καὶ
2266 498 2589 569 γραφικοῖς,
2631 494 2725 547 καὶ
2772 492 3083 563 ἱστορικοῖς·
3117 488 3390 560 θησαυρὸς
3420 488 3477 541 δὲ
3502 487 3570 541 τὰ
3599 486 3723 542 τού-

2141 607 2254 653 τοις
2285 588 2504 642 ποικίλα
2540 586 2726 640 ὲνόντα
2751 583 2961 654 φανερά
2989 599 3046 635 τε
3081 581 3173 636 καὶ
3207 580 3560 652 κεκρυμμένα
3589 579 3723 651 νοή-

2144 698 2308 754 ματα*
2356 681 2451 734 καὶ
2494 678 2726 751 Χριστὸς
2765 679 2794 730 6
2827 676 3005 747 τίμιος
3041 676 3140 747 τῆς
3176 672 3395 743 Γραφῆς
3425 670 3719 742 θησαυρός.

2145 775 2218 828 Ἢ
2248 773 2416 845 ἀγρὸς
2448 773 2477 825 ὁ
2497 770 2751 842 Χριστὸς,
2780 770 2835 822 ὲν
2860 762 2903 837 ᾧ
2931 767 3140 830 Παῦλος
3172 765 3322 834 λέγει
3351 762 3721 834 ἑγκεκρύφθαι
3830 842 3841 853 ἢ

2141 868 2267 929 τοὺς
2316 863 2669 935 ἀποκρύφους
2716 862 3022 934 θησαυροὺς
3067 860 3164 931 τῆς
3233 857 3423 927 σοφίας
3485 858 3578 910 καὶ
3620 856 3722 925 τῆς

2142 958 2397 1028 γνώσεως
2444 958 2541 1011 τοῦ
2584 955 2739 1010 Θεοῦ.
2782 955 2864 1008 Τά
2904 954 3128 1027 οὐράνια
3173 951 3350 1005 τοίνυν
3397 951 3719 1021 πράγματα,

2144 1052 2237 1105 καὶ
2262 1054 2294 1123 ἡ
2335 1049 2577 1120 βασιλεία
2608 1049 2715 1103 τῶν
2742 1045 2985 1119 οὐρανῶν
3019 1045 3207 1115 ῶσπερ
3235 1045 3291 1096 ὲν
3319 1042 3484 1095 εἰκόνι
3514 1040 3721 1109 γέγρα-

2140 1162 2274 1197 πται
2306 1146 2425 1206 ταῖς
2471 1142 2735 1212 Γραφαῖς,
2767 1139 2968 1202 αἵτινές
2999 1140 3104 1191 εἱσι
3133 1135 3383 1206 βασιλεία
3419 1132 3525 1186 τῶν
3552 1134 3719 1202 ούρα-

2143 1235 2271 1289 νῶψ
2308 1237 2342 1305 ἡ
2368 1234 2427 1288 δέ
2459 1236 2607 1288 ἐστιν
2640 1231 2800 1296 αὐτὸς
2842 1234 2869 1284 6
2898 1229 3149 1301 Χριστὸς,
3185 1222 3245 1280 οὗ
3275 1230 3307 1299 ἡ
3349 1226 3547 1295 γνῶσις
3580 1222 3721 1277 κατὰ

2142 1328 2372 1399 δύναμιν
2395 1328 2451 1380 ἐν
2474 1328 2605 1397 ἡμῖν
2628 1329 2793 1380 ἐστιν·
2823 1324 3133 1395 εὑρίσκεται
3154 1322 3208 1375 δὲ
3228 1321 3315 1374 διὰ
3335 1320 3435 1389 τῆς
3463 1319 3721 1383 πίστεως,

2144 1424 2237 1476 καὶ
2263 1419 2593 1493 ἀγοράξεται
2639 1419 2725 1472 διά
2754 1418 2861 1471 τῶν
2894 1416 3124 1488 ἀρετῶν.
3162 1414 3352 1484 Εὑρὼν
3384 1408 3475 1465 οὖν
3519 1429 3602 1474 τις
3631 1410 3722 1463 τὸν

2144 1514 2203 1565 ὲν
2254 1513 2375 1574 ταῖς
2430 1511 2674 1582 Γραφαῖς
2727 1506 3000 1580 θησαυρὸν
3048 1504 3274 1567 τοῦτον,
3324 1501 3588 1573 κρύπτει,
3646 1500 3721 1571 μὴ

2143 1602 2424 1665 ἀκίνδυνον
2464 1599 2619 1664 εἰδὼς
2662 1599 2770 1653 τῶν
2805 1599 3130 1671 ἀπορρήτων
3165 1598 3276 1659 τοῖς
3302 1593 3526 1665 τυχοῦσι
3558 1609 3722 1663 μετα-

2143 1693 2359 1747 διδόναι.
2410 1693 2628 1746 Ἀπεισι
2674 1691 2731 1745 δὲ
2777 1690 3013 1764 κρύψας,
3060 1689 3346 1761 ἀγοράσων
3403 1687 3493 1739 τὸν
3552 1686 3721 1757 ἀγρὸν

466 1782 715 1849 cultavit,
754 1792 809 1836 ut
851 1791 996 1836 emat
1028 1797 1220 1853 agrum
1254 1782 1404 1837 illum
1463 1783 1906 1853 quanticunque,
1946 1785 2035 1853 qui

2160 1787 2339 1840 Ln630u
2366 1786 2431 1841 ἂν
2459 1786 2717 1857 βούλοιτο⁸
2751 1785 2811 1838 ὃν
2846 1784 3087 1855 Ἑϐραῖοι
3125 1783 3253 1854 πρὶν
3299 1778 3718 1849 ἐπιστεύθησαν,

468 1871 708 1928 Hebraeis
750 1873 983 1942 primum
1013 1872 1360 1928 concreditus
1393 1873 1491 1927 fuit
1533 1891 1547 1928 :
1590 1889 1619 1927 a
1668 1874 1863 1943 quibus
1901 1876 2043 1930 hunc

466 1966 780 2037 accipiens,
817 1966 907 2036 qui
954 1965 1107 2036 juxta
1159 1964 1321 2019 aliam
1363 1965 1676 2034 parabolam
1719 1968 1876 2021 vinea
1924 1976 2034 2033 est,

466 2055 741 2125 propriam
773 2056 1173 2126 possessionem
1221 2057 1365 2111 hunc
1405 2055 1556 2120 facit,
1591 2058 1826 2113 venditis
1870 2058 2046 2112 omni-

467 2146 567 2201 bus
612 2149 769 2202 bonis
816 2148 960 2209 suis,
1003 2148 1149 2201 vitiis
1182 2162 1378 2217 nempe
1418 2164 1431 2199 :
1484 2163 1593 2217 quo
1644 2148 1727 2204 bis
1774 2164 1881 2203 non
1925 2164 2043 2202 am-

466 2239 607 2307 plius
642 2240 809 2307 vivat,
856 2242 951 2295 sed
988 2238 1351 2295 mortiﬁcetur
1383 2240 1582 2295 mundo
1622 2241 1721 2296 toti
1758 2251 1812 2295 et
1849 2240 2039 2296 volun-

470 2333 674 2389 tatibus
710 2334 845 2402 ejus.

540 2424 639 2492 Qui
694 2427 760 2481 de
811 2429 1121 2498 margaritis
1168 2428 1535 2498 scripserunt,
1593 2427 1745 2481 aiunt
1783 2440 1879 2481 sex
1925 2440 2047 2481 esse

468 2532 657 2571 earum
690 2518 1054 2575 diﬂ‘erentias:
1092 2536 1156 2575 ex
1192 2524 1388 2587 quibus
1428 2520 1645 2589 optima:
1676 2530 1801 2574 sunt
1830 2516 2044 2584 Indicae,

471 2625 593 2679 quae
628 2611 810 2666 insunt
834 2613 1058 2668 conchis
1091 2628 1157 2667 ex
1192 2629 1315 2668 rore
1351 2614 1585 2668 cmletl.
1618 2612 1912 2682 Sequiores
1946 2612 2048 2682 igi-

472 2711 561 2755 tur
594 2705 901 2773 margaritze
937 2716 1061 2759 sunt
1110 2704 1244 2775 legis
1289 2714 1345 2759 et
1393 2704 1777 2776 prophetarum
1811 2721 1875 2760 ac
1920 2706 2047 2760 reli-

470 2809 592 2864 quae
622 2792 917 2865 Scriptura:
944 2795 1293 2866 quastioucs,
1323 2813 1462 2868 quas
1487 2798 1575 2868 qui
1605 2797 1878 2852 laboriose
1907 2812 2049 2869 qua-

464 2886 569 2952 ‘rit,
600 2886 830 2941 venditis
859 2888 1153 2953 mercibus,
1187 2888 1469 2945 meliorem
1506 2890 1591 2945 his
1616 2890 1871 2945 omnibus
1901 2905 2048 2943 mar-

474 2978 705 3049 garitam
737 2978 1014 3033 Christum
1051 2982 1247 3050 quaerit
1278 3002 1290 3037 :
1335 2985 1517 3038 omnia
1566 2981 1682 3037 hmc
1712 2992 1766 3037 et
1806 2995 2047 3052 praesen-

478 3073 548 3127 tia
586 3070 724 3126 bona
756 3072 1010 3128 damnum
1047 3085 1306 3143 reputans
1336 3086 1385 3132 et
1422 3086 1665 3131 stercora
1709 3091 1817 3145 pra:
1856 3077 2044 3146 cogni-

479 3166 623 3221 tione
656 3165 881 3222 Christi.

548 3259 841 3321 Praeterea,
868 3273 1073 3330 sagena
1111 3270 1195 3315 est
1225 3259 1538 3330 complexus
1563 3272 1807 3318 veterum
1839 3277 2047 3317 sermo-

473 3366 601 3404 num
624 3349 1131 3422 Scriptura:,quem,
1164 3366 1287 3406 cum
1317 3351 1669 3422 imperfectus
1700 3368 1820 3409 esse
1840 3355 2050 3411 videre-

489 3451 599 3508 tur,
624 3441 875 3498 Christus
894 3444 1188 3499 advenieus
1206 3443 1451 3514 perfecit.
1466 3444 1517 3499 ls
1533 3446 1584 3499 in
1606 3446 1763 3515 hujus
1779 3446 1901 3501 vita:
1917 3460 2049 3516 pro-

474 3534 651 3603 jectus
701 3549 873 3601 mare,
911 3549 1015 3587 non
1065 3533 1273 3604 colligit
1328 3534 1666 3591 diversarum
1724 3545 2048 3591 naturarum

477 3625 668 3694 pisces,
703 3623 797 3679 sed
830 3625 1222 3679 sententiarum
1252 3626 1548 3680 liberarum
1579 3638 1635 3680 et
1674 3627 2049 3691 voluntatum;

483 3716 618 3769 adeo
656 3725 715 3768 ut
745 3715 814 3769 sit
845 3715 985 3781 quod
1018 3730 1082 3769 ea:
1114 3716 1254 3768 omni
1292 3731 1478 3785 genere
1506 3726 1876 3787 congregatur,
1904 3732 2055 3770 com-

485 3806 819 3861 mendabiles
859 3813 954 3859 aut
990 3806 1389 3875 vituperabiles’
1430 3808 1675 3861 homines
1706 3805 1882 3875 quoad
1927 3822 2054 3874 pro-

483 3899 776 3969 pensiones
808 3899 861 3952 in
896 3898 1108 3967 species
1138 3898 1399 3951 virtutum
1432 3905 1523 3951 aut
1557 3897 1833 3951 vitiorum.
1870 3896 2056 3952 Potest

483 3999 746 4061 praeterea
777 3990 915 4059 quod
952 4005 1017 4044 ea:
1048 3990 1189 4044 omni
1232 4004 1416 4058 genere
1465 3996 1817 4059 congregatur
1852 3990 2058 4060 signiti-

486 4097 613 4137 care
642 4082 984 4136 vocationem
1013 4096 1080 4136 ex
1112 4091 1227 4136 toto
1271 4094 1487 4151 genere.
1525 4080 1641 4135 Non
1674 4082 1898 4135 trahunt
1928 4097 2057 4137 vero

487 4189 741 4245 sagenam
778 4175 828 4228 in
866 4173 1034 4238 littus,
1066 4173 1179 4228 sive
1212 4188 1297 4227 res
1336 4181 1490 4233 extra
1526 4173 1665 4229 hanc
1707 4176 1895 4240 vitam,
1958 4190 2057 4229 an-

486 4267 614 4336 geli,
656 4282 762 4322 non
798 4266 1062 4336 repletam
1109 4264 1448 4335 plenitudine
1490 4264 1767 4337 gentium:
1804 4268 1900 4322 sed
1944 4270 2057 4337 ple-

372 4397 377 4403 .
486 4374 610 4414 nam
642 4359 902 4423 educunt,
932 4367 986 4414 et
1018 4372 1287 4428 quemque
1329 4357 1595 4413 bonorum
1628 4360 1770 4414 intra
1799 4374 2058 4431 sagenam

488 4451 542 4505 in
600 4450 773 4516 littus,
816 4450 931 4505 sive
960 4466 1047 4506 res
1088 4460 1243 4504 extra
1289 4450 1429 4503 hanc
1464 4450 1657 4515 vitam,
1690 4453 1907 4522 angeli,
1955 4467 2060 4505 non

2146 1882 2276 1951 παρ’
2320 1872 2394 1934 ὧν
2438 1878 2622 1933 τοῦτον
2649 1876 2827 1932 λαϐὼν
2860 1878 3009 1940 ὅστις
3052 1876 3172 1930 κατ’
3214 1874 3380 1946 ἄλλην
3411 1871 3720 1942 παραϐολὴν

2146 1973 2405 2044 ἀμπελών
2456 1974 2626 2039 ἐστιν,
2682 1970 2811 2025 ῐδιον
2865 1971 3049 2043 κτῆμα
3102 1969 3288 2023 τοῦτον
3334 1971 3495 2033 ποιεῖ,
3545 1966 3720 2020 πάντα

2149 2063 2448 2137 πεπρακὼς
2478 2063 2642 2119 αὐτοῦ
2672 2063 2743 2117 τὰ
2790 2064 3121 2135 ὐπάρχοντασ
3157 2062 3323 2116 κακία
3363 2061 3418 2114 δὲ
3456 2059 3608 2113 ταῦτ’
3630 2055 3719 2130 ἦν,

2146 2157 2223 2229 τῷ
2271 2157 2468 2229 μηκέτι
2502 2158 2601 2229 ζῇν
2642 2156 2871 2220 τούτοις,
2917 2155 3255 2227 νεκρωθῆναι
3297 2154 3354 2208 δὲ
3405 2153 3484 2224 τῷ
3533 2152 3723 2223 κόσμῳ

2148 2251 2311 2304 παντὶ
2339 2249 2431 2303 καὶ
2458 2248 2724 2320 θελήμασι
2748 2248 2840 2301 τοῦ
2868 2247 3053 2303 αὐτοῦ.

2220 2430 2298 2501 (7)
2327 2430 2393 2484 Οἵ
2420 2447 2483 2498 γε
2522 2429 2628 2501 μὴν
2657 2429 2785 2501 περὶ
2816 2425 3170 2500 μαργαριτῶν
3206 2425 3533 2498 γράψαντες,
3562 2425 3726 2494 φασὶν

2147 2522 2209 2589 ἐξ
2242 2518 2379 2575 εἶναι
2420 2520 2518 2584 τὰς
2550 2519 2753 2574 τούτων
2782 2519 3062 2589 διαφορὰς,
3100 2510 3174 2570 ὧν
3208 2516 3487 2588 κρείττους
3517 2516 3568 2567 οί
3607 2515 3725 2567 κατ’

2161 2614 2351 2668 Ἰνδίαν
2380 2615 2437 2666 ὲν
2462 2612 2687 2683 κόγχαις
2710 2612 2990 2682 γενόμενοι
3016 2613 3079 2664 ἐκ
3106 2610 3295 2683 δρόσου
3323 2609 3422 2678 τῆς
3446 2606 3723 2679 οὐρανίας.

2150 2708 2212 2760 Ol
2247 2707 2441 2777 ἥττους
2487 2705 2617 2775 γοῦν
2653 2704 2986 2779 μαργαρῖταί
3029 2706 3165 2757 εἰσιν
3201 2705 3256 2756 αἱ
3289 2702 3383 2755 τοῦ
3429 2701 3593 2772 νόμου
3631 2700 3728 2755 καὶ

2147 2798 2257 2852 τῶν
2290 2798 2605 2872 προφητῶν,
2642 2799 2857 2868 καὶτῆς
2880 2797 3045 2867 ἄλλης
3077 2797 3294 2868 Γραφῆς
3324 2793 3597 2867 ζητήσεις,
3628 2793 3663 2847 ἀ
3694 2796 3727 2847 6

2150 2890 2399 2960 ὲμπόνως
2425 2887 2622 2959 ζητῶν,
2651 2887 2920 2959 ἐμπορίας
2952 2886 3352 2956 ἀποδιδόμενος,
3378 2886 3468 2939 τὸν
3496 2884 3732 2955 κρείττω

2148 2980 2351 3034 τούτων
2385 2979 2641 3032 ἁπάντων
2692 2977 3038 3049 μαργαρίτην
3080 2975 3314 3047 Χριστὸν
3342 2976 3513 3045 ζητεῖ,
3550 2975 3731 3028 πάντα

2150 3071 2321 3125 ταῦτα
2351 3072 2443 3125 καὶ
2475 3071 2720 3143 παρόντα
2748 3068 2888 3123 καλὰ
2923 3068 3127 3139 ζημίας
3150 3067 3447 3139 ἡγούμενος
3476 3068 3570 3119 καὶ
3599 3066 3733 3119 σκύ-

2074 3143 2116 3201 C
2150 3163 2289 3218 ϐαλα
2318 3162 2453 3235 πρὸς
2483 3164 2581 3235 τὴν
2606 3162 2808 3231 γνῶσιν
2837 3161 2928 3215 τοῦ
2963 3160 3224 3234 Χριστοῦ.

2222 3255 2297 3326 (8)
2329 3256 2449 3308 Ἔτι
2474 3258 2684 3327 σαγήνη
2716 3254 2862 3308 ἐστὶν
2899 3255 2932 3325 ἡ
2959 3254 3023 3307 ὲκ
3048 3252 3156 3306 τῶν
3185 3252 3426 3307 παλαιῶν
3455 3255 3554 3323 τῆς
3590 3252 3731 3324 Γρα-

2152 3348 2257 3419 φῆς
2302 3346 2471 3413 λόγων
2516 3347 2721 3419 πλοκὴ,
2776 3348 2843 3419 ἢν
2894 3346 3056 3419 ἀτελῆ
3107 3346 3370 3399 δοκοῦσαν
3422 3347 3450 3398 6
3498 3346 3736 3415 Χριστὸς

2152 3435 2321 3490 ἐλθὼν
2367 3436 2738 3491 τετελείωκεν.
2794 3436 2967 3509 Αὕτη.
3022 3440 3100 3501 είς
3148 3438 3247 3508 τὴν
3291 3436 3444 3490 τοῦδε
3476 3435 3569 3489 τοῦ
3619 3435 3733 3505 βίου

2154 3529 2531 3602 ὲμϐαλλομένη
2579 3530 2871 3595 θάλασσαν,
2914 3532 2974 3583 ού
3023 3531 3236 3601 φύσεων
3288 3529 3505 3598 συνάγει
3550 3528 3737 3598 διαφό-

2157 3635 2288 3691 ρων,
2332 3620 2468 3673 ἀλλά
2514 3620 2747 3691 γνωμῶν
2790 3620 3151 3686 αὐτεξουσίων
3201 3622 3295 3674 καὶ
3341 3619 3731 3692 προαιρέσεωνο

2156 3712 2233 3775 ὡς
2255 3708 2474 3765 εἶναιτὸ
2493 3712 2561 3766 ἐκ
2582 3712 2807 3779 παντὸς
2823 3713 3035 3784 γένους
3058 3714 3494 3783 συναγόμενον,
3520 3714 3737 3765 ἐπαινε-

2157 3805 2287 3868 τοὺς
2318 3805 2414 3857 καλ⁹
2456 3804 2687 3875 ψεκτοὺς
2718 3805 2775 3859 ἐν
2819 3809 2938 3869 ταῖς
2968 3807 3104 3877 πρὸς
3132 3806 3199 3859 τὰ
3223 3806 3337 3876 εἴδη
3367 3804 3474 3859 τῶν
3502 3804 3733 3877 ἀρετῶν,

2158 3897 2191 3968 ἢ
2221 3897 2328 3950 τῶν
2360 3898 2564 3951 κακιῶν
2594 3900 2991 3970 ὲπιρῤεπείαις.
3020 3900 3251 3954 Δύναται
3279 3899 3334 3953 δὲ
3370 3900 3506 3971 πρὸς
3529 3899 3735 3962 τούτοις

2160 3987 2226 4041 τὸ
2250 3990 2316 4042 ἑκ
2353 3990 2578 4057 παντὸς
2598 3988 2812 4059 γένους
2834 3993 3251 4061 συναγόμενον
3275 3990 3467 4061 δηλοῦν
3503 3990 3602 4062 τὴν
3630 3990 3737 4043 ἀπὸ

2164 4081 2362 4144 παντὸς
2392 4081 2580 4150 γένους
2604 4082 2812 4153 κλῆσιν.
2843 4085 2955 4137 Ούκ
2984 4084 3049 4138 ἂν
3081 4084 3138 4137 δὲ
3180 4083 3276 4156 τὴν
3306 4085 3544 4155 σαγήνην
3583 4081 3741 4135 ἑλκύ-

2165 4189 2330 4229 σωσιν
2354 4175 2446 4227 ἐπὶ
2471 4175 2562 4228 τὸν
2608 4176 2873 4245 αἰγιαλὸν,
2912 4178 3029 4248 ῆτοι
3074 4177 3141 4231 τὰ
3175 4177 3278 4241 ἔξω
3312 4177 3462 4230 τοῦδε
3496 4177 3591 4230 τοῦ
3622 4176 3737 4247 βίον

2163 4267 2483 4339 πράγματα,
2516 4270 2563 4322 οί
2593 4268 2832 4339 ἄγγελοι,
2872 4272 2945 4342 μὴ
2990 4271 3367 4343 πληρωθεῖσαν
3402 4272 3477 4343 τῷ
3520 4272 3741 4345 πληρώο

2168 4376 2297 4428 ματι
2341 4360 2450 4413 τῶν
2485 4361 2676 4415 ἐθνῶν·
2728 4362 3060 4433 πλησθεῖσαν
3101 4364 3157 4417 δὲ
3204 4361 3612 4433 ἀναϐιϐάζουσι,
3649 4368 3741 4422 καὶ

2165 4450 2392 4505 ἕκαστον
2420 4451 2528 4507 τῶν
2565 4454 2670 4507 ὑπὸ
2706 4454 2801 4526 τὴν
2848 4458 3087 4527 σαγήνην
3124 4456 3323 4521 καλῶν,
3350 4460 3427 4521 εἰς
3461 4458 3521 4511 τὸ
3544 4462 3740 4513 οἰκεῖον

488 4543 746 4613 repletam
776 4542 1110 4613 plenitudine
1137 4544 1401 4611 gentium:
1430 4542 1524 4598 sed
1552 4519 2059 4613 plenamveducunt,

2166 4543 2352 4614 τάγμα
2382 4519 3097 4618 ἀποκαταστήσονταιψκατά
3134 4548 3200 4601 τὰ
3238 4519 3612 4619 ὀνομαζόμενα
3655 4553 3741 4604 ὲν-

485 4645 541 4690 et
574 4651 842 4707 quemque
886 4636 1151 4690 bonorum
1195 4636 1337 4690 intra
1376 4648 1653 4705 sagenam,
1691 4636 1744 4690 in
1778 4636 2057 4705 proprium

487 4729 731 4780 ordinem
786 4727 1099 4791 restituent,
1140 4727 1445 4781 secundum
1494 4728 1767 4781 nominata
1826 4729 1915 4783 hic
1967 4742 2061 4781 eo-

493 4833 610 4870 rum
648 4832 796 4881 vasa,
839 4816 1009 4873 malos
1052 4832 1180 4873 vero
1228 4819 1378 4873 foras
1418 4820 1653 4874 mittent.
1699 4819 1843 4875 Istud
1883 4820 2061 4890 foras,

491 4915 569 4958 est
618 4904 807 4958 l'ornax
858 4905 1030 4975 ignis,
1073 4908 1213 4961 sicut
1251 4908 1325 4959 ait
1379 4905 1627 4962 Salvator
1670 4910 1940 4975 deinceps.
1995 4910 2063 4963 At
2130 4926 2133 4927 ν

494 4997 620 5050 mali
652 4997 864 5065 quidem
915 4999 1091 5065 pisces
1137 5000 1285 5054 foras
1319 5000 1713 5071 projiciuntur,
1752 5000 1879 5055 mali
1930 5015 2062 5055 vero

497 5088 743 5142 homines
772 5089 824 5142 in
863 5087 1136 5144 fornacem
1180 5092 1369 5160 ignis-

569 5179 631 5232 ν.
668 5180 756 5233 47.
802 5178 1001 5233 Iterum
1034 5196 1052 5233 :
1082 5179 1265 5264 Simile
1311 5193 1386 5266 est
1436 5200 1649 5252 regnum
1697 5183 1946 5238 caelorum
1980 5201 2067 5238 sa-

952 5267 1095 5320 gena:
1128 5270 1300 5307 ruma:
1336 5270 1391 5307 ιη
1431 5270 1599 5312 mare.
1653 5296 1656 5300 .

569 5339 787 5411 Sagenaz
815 5339 1002 5410 plexus
1038 5342 1445 5408 intellectualis,
1482 5354 1567 5399 est
1614 5352 1769 5400 vetus
1817 5358 1882 5399 ac
1930 5359 2067 5399 nova

500 5434 773 5501 Scriptura
806 5432 1078 5487 variorum
1112 5435 1465 5503 cogitatuum.
1499 5435 1668 5502 Mare,
1702 5444 1785 5492 est
1819 5437 1936 5490 vita
1970 5438 2069 5492 ho-

490 5528 701 5597 .miuum
754 5530 1077 5578 exasstuaus.
1118 5523 1284 5578 Omne
1323 5540 1509 5595 genus,
1555 5536 1640 5582 est
1681 5527 1919 5583 varietas
1971 5544 2068 5583 vo-

569 5636 643 5705 (7)
674 5635 915 5691 Pertinet
938 5636 1005 5689 ad
1034 5652 1227 5691 versus
1259 5638 1350 5706 45,
1382 5638 1473 5694 46.

571 5708 644 5776 (8η)
670 5707 828 5761 Refer
854 5709 918 5762 ad
946 5722 1161 5765 versum
1197 5707 1287 5763 47.

2168 4638 2342 4694 ταῦθα
2376 4641 2554 4695 αὐτῶν
2580 4644 2806 4711 ἀγγεῖα,
2838 4644 2905 4697 τὰ
2930 4644 2985 4697 δὲ
3022 4645 3204 4716 σαπρὰ
3248 4645 3350 4712 ἔξω
3394 4645 3633 4716 βαλοῦσι.
3668 4647 3740 4701 Τὸ

2168 4731 2226 4784 δὲ
2268 4733 2383 4797 ἔξω
2429 4736 2462 4806 ἠ
2503 4734 2731 4806 κάμινός
2774 4738 2888 4790 ἐστι
2933 4737 3025 4790 τοῦ
3077 4738 3266 4809 πυρὸς,
3300 4738 3479 4803 καθώς
3526 4743 3742 4812 φησινὸ

2171 4824 2361 4896 Σωτὴρ
2403 4826 2461 4877 ὲν
2493 4829 2603 4890 τοῖς
2648 4826 2794 4898 ἑξῆς
2822 4829 2869 4881 οἱ
2912 4829 3010 4899 μὲν
3042 4828 3149 4900 γάρ
3187 4829 3373 4899 φαῦλοι
3406 4830 3511 4883 τῶν
3543 4832 3742 4902 ἰχθύων

2173 4914 2278 4981 ἔξω
2309 4915 2645 4987 ῥιπτοῦνται,
2684 4919 2733 4971 οἱ
2765 4918 2822 4972 δὲ
2866 4919 2974 4973 τῶν
3003 4920 3304 4993 ἀνθρώπων
3344 4925 3423 4987 είς
3451 4926 3549 4995 τὴν
3580 4926 3743 4998 κάμι-

2170 5026 2259 5063 νον
2292 5008 2387 5061 τοῦ
2418 5012 2589 5082 πυρός
2625 5010 2729 5082 (9).Δ

2172 5184 2261 5238 Στ.
2283 5185 2387 5264 μζί.
2413 5186 2630 5265 Πάλιν·
2648 5190 2850 5265 Ὀέιοία
2869 5191 3041 5265 ἐστὶν
3062 5194 3100 5261 ἡ
3120 5192 3409 5265 ,ϐασιλεία
3429 5194 3546 5248 τῶν
3564 5198 3743 5265 οὐρα-

2291 5258 2415 5310 νῶν
2435 5258 2673 5327 σαγήνῃ
2690 5261 2995 5329 βληθείσῃ
3025 5258 3113 5329 εἰς
3137 5263 3251 5332 τὴν
3274 5264 3616 5320 θάλασσαν.

2242 5347 2353 5419 (10)
2374 5350 2623 5421 Σαγήνης
2646 5351 2818 5424 πλοκὴ
2849 5354 3011 5425 νοητὴ
3037 5356 3070 5425 ἡ
3095 5356 3158 5407 ἐκ
3182 5357 3438 5409 ποικίλων
3455 5367 3743 5427 νοημάτων

2174 5437 2376 5491 παλαιά
2402 5440 2494 5493 καὶ
2526 5441 2683 5511 καινὴ
2708 5442 2894 5513 Γραφή
2918 5458 2931 5474 ο
2980 5442 3273 5500 Θάλασσα
3292 5488 3304 5511 ,
3339 5451 3367 5500 6
3398 5449 3746 5520 κυματούμε-

2179 5546 2268 5593 νος
2306 5530 2415 5583 τῶν
2451 5530 2749 5602 ἀνθρώπων
2789 5533 2919 5603 βίος.
2964 5533 3037 5589 Τὸ
3063 5537 3185 5591 πᾶν
3213 5538 3388 5608 γένος
3412 5540 3473 5593 τὸ
3503 5542 3744 5595 ποικίλον

2248 5644 2324 5715 (9)
2351 5644 2615 5702 Hactenus
2638 5648 2755 5703 cod.
2782 5666 2971 5704 xxvrtt.

2246 5717 2357 5785 (l0)
2384 5717 2541 5773 Conf.
2583 5720 2714 5783 llue,
2749 5732 2875 5775 tom.
2914 5721 2996 5790 lll,
3026 5721 3129 5776 455
3158 5722 3216 5788 Ε,
3248 5733 3301 5778 ct
3329 5722 3359 5789 ii
3388 5725 3746 5791 superiorem.
