3888 6218
242 270 346 330 297

1444 278 1740 335 SCHOLIA
1776 279 1845 335 IN
1885 277 2324 337 MATTH£UIL

3380 279 3486 336 298

236 397 350 449 τῶν
376 396 437 450 ἐν
485 395 793 468 ἀνθρώποις
832 400 1237 471 προαιρέσεων,
1276 403 1309 472 ἠ
1341 402 1607 457 παντοίων
1645 401 1815 456 ἐθνῶν

1926 403 2189 457 luntatum
2231 402 2285 456 in
2330 401 2663 466 hominibus,
2710 409 2767 456 et
2799 401 3072 457 variarum
3107 402 3348 473 gentium
3381 417 3478 457 vo-

237 488 453 558 κλῆσις.
499 488 770 557 Ἐργάται
805 492 1045 562 σαγήνης
1064 531 1079 555 ,
1105 494 1134 545 ό
1161 492 1363 563 Κύριος
1396 493 1489 546 καὶ
1514 495 1562 547 oi
1588 496 1817 567 προσελ-

215 575 425 641 θόντες
463 578 680 648 ἄγγελοι
722 580 985 635 διακονεῖν
1016 582 1183 652 αύτῷ.
1221 583 1449 654 Ἀγγεῖα
1478 586 1535 638 αἱ
1570 584 1815 654 διάφοροι

238 671 419 739 μοναί.
451 671 563 723 Οὐκ
607 670 868 739 ἀνάγεται
912 673 1024 744 δὲή
1060 675 1292 747 σαγήνη,
1317 675 1426 741 ἕως
1469 671 1539 731 οὗ
1566 676 1633 730 τὸ
1663 676 1817 743 πλή-

229 776 401 826 ρωμα
427 760 546 815 τῶν
578 761 768 815 ἐθνῶν
795 765 1057 833 εἰσέλθῃ.
1084 767 1155 818 Ἢ
1178 764 1369 829 οὕτως’
1400 766 1639 836 Σαγήνη
1670 769 1817 821 ἐστὶν

234 852 269 922 ἡ
300 852 631 925 ἁποστολικὴ
653 855 985 920 διδασκαλία,
1027 860 1060 928 ἡ
1087 858 1411 929 ἀδιακρίτως
1451 860 1819 931 συλλαμϐανο-

240 934 384 1013 μὲνη
421 944 704 1009 Ἰούδαίους
743 948 837 1000 καὶ
872 948 1157 1020 Ἕλληνας,
1200 950 1540 1024 βαρϐάρους,
1569 952 1813 1016 Σκύθας,

234 1033 480 1099 δούλους,
499 1036 833 1110 ἐλευθέρους,
851 1041 1115 1111 πονηροὺς
1132 1042 1224 1093 καὶ
1241 1042 1814 1110 ἀγαθούς.Θάλασσ-α,

235 1126 267 1177 ὀ
305 1126 416 1179 τῶν
453 1128 751 1200 ἀνθρώπων
776 1129 907 1200 βίος.
956 1132 1259 1203 Αἰγιαλὸς,
1293 1134 1353 1187 τὸ
1379 1134 1558 1206 τέρμα
1603 1134 1815 1189 τούτου.

251 1218 344 1270 Ἐν
375 1219 432 1271 δὲ
457 1223 520 1290 τῇ
548 1221 844 1293 συντελείᾳ,
880 1224 968 1276 ὅτε
1011 1225 1320 1279 ἀνασπᾶται
1349 1229 1380 1297 ἠ
1412 1230 1622 1299 σαγηνη
1645 1270 1659 1293 ,
1716 1231 1819 1298 ὰφ-

234 1308 510 1380 ορίζονται
541 1312 648 1365 ἀπὸ
672 1313 779 1365 τῶν
810 1314 1030 1383 φαύλων
1061 1318 1109 1369 οἱ
1140 1316 1353 1386 ἀγαθοὶ,
1383 1319 1431 1370 oi
1456 1320 1553 1389 μὲν
1575 1318 1820 1390 τιμιὶιμε-

236 1418 347 1466 νοι,
389 1404 439 1454 οί
476 1402 532 1455 δὲ
569 1404 938 1475 κολαζόμενοι.
974 1408 1049 1460 Ub
1085 1407 1194 1481 γὰρ
1221 1410 1437 1463 πάντων
1475 1411 1584 1464 τῶν
1613 1412 1819 1465 πιστῶν

234 1492 425 1561 ὅμοιος
457 1495 485 1545 ὁ
506 1495 723 1566 τρόπος.
752 1498 864 1550 Ἵνα
896 1498 951 1551 δέ
977 1498 1051 1569 μὴ
1074 1500 1270 1571 νομίσῃ
1291 1518 1394 1564 τις,
1424 1503 1506 1555 ὅτι
1531 1502 1635 1569 ἔξω
1659 1504 1817 1573 μόνον

240 1583 526 1654 βάλλονται
558 1588 603 1639 οἱ
630 1587 848 1641 ἄπιστοι
877 1589 972 1641 καὶ
998 1590 1262 1661 πονηροὶ,
1296 1592 1601 1663 ἐσήμανεν,
1632 1595 1712 1647 ὅτι
1740 1597 1818 1657 εἰς

1916 493 2079 547 catio.
2113 491 2432 559 Operatares
2466 506 2701 561 sagente,
2748 490 3006 545 Dominus
3054 497 3160 552 est,
3214 500 3270 544 et
3301 490 3478 559 angeli

1916 582 2008 651 qui
2049 584 2317 637 accedunt
2363 590 2420 635 ut
2453 581 2757 636 ministrent
2784 580 2856 634 ei.
2888 579 3055 645 Vasa,
3094 589 3222 634 sunt
3255 580 3481 636 diversa:
3510 588 3513 589 ⁷

1918 672 2251 728 mansiones.
2292 670 2408 726 Non
2442 672 2690 727 educitur
2718 680 2896 725 autem
2930 686 3151 739 sagena,
3182 672 3343 725 donec
3373 672 3483 741 ple-

1917 765 2100 820 nitudo
2129 765 2533 835 gentiumintret
2562 763 2683 818 7-".
2716 764 2812 819 Vel
2836 765 2915 818 sic
2943 782 2957 819 :
2990 763 3215 833 Sagana,
3246 776 3327 819 est
3351 779 3482 833 apo-

1916 855 2107 910 stolica
2152 855 2398 909 doctrina
2426 893 2441 918 ,
2480 869 2602 923 quas
2656 854 3132 909 iudiscrimiuatim
3190 863 3485 924 congregat

1916 945 2133 1002 Iudaeos
2156 956 2206 1001 et
2237 945 2472 1012 Graecos,
2524 944 2813 1010 Barbaros,
2863 945 3115 1016 Scythas,
3158 960 3366 1010 servos,
3416 945 3485 1000 li-

1917 1038 2100 1103 heros,
2148 1040 2320 1093 malos
2359 1046 2411 1089 et
2462 1036 2651 1090 bonos.
2696 1036 2865 1100 Mare,
2912 1046 2997 1091 est
3042 1037 3148 1090 vita
3180 1035 3481 1091 hominum.

1926 1128 2120 1196 Linus,
2154 1130 2277 1184 vitae
2302 1130 2443 1186 ﬁnis.
2483 1127 2539 1182 lu
2570 1130 3032 1182 consummatione
3062 1143 3220 1191 vero,
3271 1129 3487 1196 quando

1919 1223 2169 1277 educitur
2208 1236 2429 1291 sagena,
2465 1231 2790 1291 separantur
2832 1234 2862 1272 a
2892 1219 3047 1273 malis
3077 1218 3243 1272 boni:
3293 1214 3382 1273 isti
3427 1229 3486 1273 ut

1920 1313 2277 1376 honorantur,
2332 1313 2411 1367 illi
2460 1322 2518 1365 ut
2563 1310 2874 1381 puniantur.
2926 1310 3042 1365 Non
3096 1311 3239 1366 enim
3301 1312 3485 1366 ﬁdeles

1918 1412 2108 1453 omnes
2154 1399 2316 1454 unius
2366 1400 2507 1453 modi
2549 1407 2696 1453 sunt.
2749 1399 2828 1453 Ac
2880 1414 2946 1454 ne
2994 1399 3115 1468 quis
3165 1396 3483 1464 arbitretur,

1919 1489 2060 1559 qunti
2105 1487 2255 1544 foras
2303 1491 2562 1543 duntaxat
2606 1489 2893 1560 eiiciantur
2940 1490 3182 1545 inﬁdeles
3221 1500 3275 1545 et
3321 1490 3484 1556 mali,

1919 1580 2251 1650 signiﬁcavit
2275 1594 2368 1636 eos
2400 1582 2451 1635 in
2480 1591 2738 1636 mteruam
2763 1595 2978 1652 poauam
3013 1582 3173 1651 trudi,
3201 1581 3484 1652 inquiens:

234 1680 468 1751 διηνεκῆ
522 1680 742 1735 κόλασιν
800 1683 1298 1753 παραπέμπονται·
1352 1684 1462 1737 Καὶ
1510 1686 1816 1748 ,ϐαλοῦσιν

1926 1674 1991 1728 Ει
2022 1677 2223 1728 mittent
2258 1691 2343 1729 eos
2372 1676 2426 1727 in
2458 1674 2727 1743 fornacem
2754 1676 2887 1745 ignis
2921 1674 2985 1741 ¹¹,
3021 1686 3128 1730 etc.

236 1774 464 1841 αὐτοὺς
483 1776 569 1843 εὶς
594 1774 710 1843 τὴν
735 1774 987 1845 κάμινον
1007 1774 1112 1829 τοῦ
1140 1775 1350 1844 στιφὸς,
1398 1777 1491 1831 καὶ
1514 1776 1583 1830 τὰ
1610 1777 1757 1847 ἑξῆς.

884 1868 1041 1920 ΚΕΦ.
1082 1868 1191 1920 IH'.

238 1959 391 2029 Στίχ.
420 1964 479 2011 ε’.
506 1956 628 2026 ΙΚαὶ
656 1957 724 2029 dc
752 1958 859 2011 ἐὰν
896 1958 1139 2026 δέξηται
1182 1958 1421 2013 παιδίον
1455 1960 1725 2015 τοιοῦτον
1748 1959 1818 2014 ἐν

501 2028 599 2082 ἐπὶ
625 2027 702 2093 τῷ
726 2030 970 2097 ὀνόματί
985 2046 1104 2097 μου
1124 2068 1139 2093 ,
1173 2029 1278 2098 ἐμὲ
1305 2028 1557 2098 δέχεται.

316 2119 577 2190 Παραινεί
611 2118 859 2189 δέχεσθαι
912 2120 1039 2183 τοὺς
1078 2121 1302 2184 πιστοὺς
1347 2121 1440 2173 ἐπὶ
1476 2119 1553 2191 τῷ
1597 2120 1817 2192 ὀνόματι

242 2210 411 2265 αὑτοῦ
430 2211 485 2263 ἓν
503 2211 707 2265 παιδίον
720 2209 1017 2284 τοιοῦτον,ἢ
1031 2211 1087 2265 ἐν
1104 2213 1358 2266 τοιούτων
1377 2213 1517 2283 (10‘)
1535 2212 1641 2267 τῶν
1660 2232 1821 2267 πνευ-

244 2302 491 2373 ματικῶν
532 2304 624 2356 καὶ
666 2305 1111 2375 μεμορφωμένων
1152 2304 1242 2358 τὸν
1281 2303 1549 2377 Χριστὸν,
1587 2305 1728 2358 κατὰ
1757 2306 1819 2359 τὸ

239 2392 576 2447 ταπεινῶσαι
601 2393 662 2446 τὸ
702 2393 893 2446 ἐαυτοῦ
923 2395 1157 2466 πνεῦμα.
1200 2396 1355 2449 Κατὰ
1380 2395 1437 2448 δὲ
1463 2396 1555 2449 τὸν
1582 2397 1815 2460 Λουκᾶν,

240 2486 306 2538 τὸ
330 2484 674 2556 δεικνύμενον
697 2484 800 2537 ὑπὸ
829 2482 924 2538 τοῦ
953 2487 1203 2558 Σωτῆρος
1233 2486 1441 2541 παιδίον
1465 2486 1715 2557 δέχεσθαι
1740 2488 1821 2541 δεῖ

242 2578 304 2630 ἐν
328 2575 405 2647 τῷ
424 2578 645 2648 όνόματι
662 2577 847 2640 αὐτοῦ,
877 2578 963 2631 ἵνα
987 2578 1045 2632 ἐν
1074 2577 1221 2649 αὐτῷ
1244 2576 1458 2650 δέξηται
1474 2580 1564 2633 τὸν
1586 2579 1819 2649 Χριστὸν

239 2669 377 2722 ὄντα
402 2671 495 2722 καὶ
523 2671 579 2722 ὲν
615 2670 691 2741 τῷ
727 2667 1025 2741 Πνεύματι.
1059 2672 1129 2723 Ἢ
1160 2670 1228 2723 ἓν·
1264 2671 1554 2734 τοιοῦτον,
1604 2672 1724 2725 ἐπεὶ
1759 2672 1819 2726 ἐν

241 2761 353 2811 είσι
382 2758 578 2823 πάντες
600 2760 649 2812 οἱ
682 2760 1058 2831 πνευματικοί.
1081 2760 1384 2833 Προτρέπει
1410 2760 1466 2813 δὲ
1492 2763 1520 2814 ό
1551 2761 1706 2829 λόγος
1728 2760 1821 2815 καὶ

239 2849 305 2902 τὸ
329 2848 574 2921 δέχεσθαι
609 2848 715 2904 τῶν
745 2850 929 2904 ἁπλῶν
956 2851 1049 2904 καὶ
1092 2851 1313 2924 πραέων
1331 2854 1397 2923 τῇ
1433 2853 1628 2924 καρδίᾳ
1660 2854 1716 2905 ἐν
1742 2852 1819 2923 τῷ

240 2937 389 3007 λόγῳ
424 2937 677 3008 Χριστοῦ.
726 2939 1067 2993 Ἀνακόπτων
1109 2940 1170 2994 τὸ
1208 2940 1480 3011 φιλόνικον
1507 2941 1615 2995 τῶν
1648 2942 1821 3014 μαθη-

241 3030 354 3083 τῶν
389 3030 595 3101 (ἐπειδὴ
636 3031 723 3083 ὅτε
767 3033 815 3084 οἱ
840 3031 1144 3085 διδάσκαλοι
1183 3033 1476 3103 μάχονται,
1540 3034 1819 3105 σχίσματα

240 3121 487 3190 γίνονται
524 3122 730 3177 πολλῶν
771 3123 1299 3194 σκανδαλιζομένων,
1345 3124 1816 3196 βουλομέιωνυτῶν

243 3214 747 3286 σκανδαλιζομένων
781 3214 1113 3269 ἐπισπᾶσθαι
1143 3218 1221 3280 εἰς
1250 3216 1443 3279 αὐτοὺς
1475 3217 1598 3279 τοὺς
1618 3217 1818 3287 ἀκροα-

240 3309 388 3376 τὰς),
426 3309 680 3380 προλέγει
730 3308 826 3381 τὴν
864 3309 979 3380 μετ’
1002 3308 1181 3363 αὐτῶν
1221 3309 1507 3380 τιμωρίαν.
1554 3308 1723 3362 Τοῦτο
1761 3308 1818 3361 δὲ

242 3401 687 3470 ἐπιτεταγμένως
720 3400 930 3471 ἐλέχθη.
954 3400 1244 3455 Τουτέστιν
1265 3400 1366 3454 κᾶν
1389 3400 1577 3472 εὐτελῆ
1608 3400 1818 3473 ἀνθρω-

243 3508 347 3543 πον
362 3492 469 3544 τῶν
485 3492 688 3545 πιστῶν
710 3492 1116 3565 σκανδαλίσητε,
1141 3492 1331 3565 βαρεῖα
1356 3494 1509 3545 ἐσται
1526 3491 1646 3546 καθ’
1666 3493 1819 3564 ὑμῶν

242 3585 279 3653 ή
310 3584 568 3654 τιμωρία.
605 3583 716 3655 Τὴν
740 3584 848 3656 γὰρ
879 3585 1150 3657 ἀφόρητον
1179 3585 1447 3656 τιμωρίαν
1473 3584 1561 3638 διὰ
1584 3582 1677 3637 τοῦ
1717 3583 1819 3656 μύ-

243 3672 339 3725 λου
364 3674 458 3726 καὶ
476 3674 914 3746 καταποντισμοῦ
940 3675 1213 3745 σημαίνει,
1243 3674 1341 3745 τὴν
1374 3674 1637 3745 ἐσομένην
1682 3672 1820 3745 μετὰ

243 3764 355 3818 τῶν
380 3767 504 3829 τοὺς
540 3766 810 3830 τοιούτους
851 3766 1199 3839 ὑϐριζόντων.
1238 3766 1538 3821 Σκάνδαλον
1576 3765 1686 3836 γὰρ
1733 3766 1821 3818 ἐν·-

245 3856 424 3910 ταῦθα
444 3858 540 3929 τὴν
563 3858 719 3931 ὓϐριν
751 3858 925 3913 καλεῖ.
956 3858 1140 3912 Ταῦτα
1165 3858 1222 3912 δέ
1245 3876 1386 3930 φημι
1405 3899 1419 3923 ,
1455 3858 1640 3929 ἐπειδὴ
1661 3859 1710 3911 οἱ
1734 3875 1820 3929 μι-

244 3951 373 4023 κροὶ
398 3951 832 4005 εὐσκανδάλιστοί
860 3954 1019 4016 εἰσιν,
1051 3952 1139 4005 ἵνα
1168 3951 1242 4023 μὴ
1268 3951 1695 4024 καταφρονῶμεν
1718 3952 1817 4004 αὑ-

244 4044 378 4098 τῶν.
424 4045 481 4098 ’0
506 4046 612 4116 γὰρ
638 4046 812 4116 μέγας
832 4046 924 4099 καὶ
943 4045 1146 4110 τέλειος
1167 4048 1222 4099 ἐν
1243 4047 1409 4118 ἀρετῇ
1435 4045 1637 4108 παντὸς
1658 4062 1821 4098 σκαν-

242 4135 408 4191 δάλου
433 4140 779 4208 καταφρονεῖ.
817 4138 904 4204 Ἐξ
926 4132 999 4192 ῶν
1023 4138 1078 4191 δέ
1100 4138 1351 4209 προλέγει
1377 4140 1471 4191 καὶ
1496 4136 1683 4211 θρηνεῖ
1693 4139 1819 4201 τοὺς

242 4229 554 4295 τοιούτους,
593 4230 808 4283 δίδωσιν
841 4230 1023 4295 αὐτοῖς
1053 4231 1246 4303 καιρὸν
1285 4229 1586 4303 μετανοίας.
1634 4228 1817 4283 Εἰπὼν

242 4320 324 4383 δὲ,
358 4319 622 4389 Ἀνάγκη,
652 4321 751 4373 ούκ
774 4320 987 4390 ἀναιρεί
1002 4321 1063 4373 τὸ
1086 4320 1444 4387 αὐτεξούσιον,
1462 4319 1596 4373 ἀλλὰ
1610 4318 1671 4371 τὸ
1687 4335 1819 4387 προ-

242 4412 541 4481 γνωστικὸν
582 4411 675 4464 τοῦ
724 4411 939 4475 πάντως
984 4412 1240 4483 ἐσομένου
1282 4411 1450 4483 δηλοῖ.
1492 4410 1584 4463 Διό
1624 4409 1715 4462 καὶ
1756 4407 1817 4461 τὸ
1852 4422 1897 4477 ο
1924 4394 2127 4447 (Μυκη-

241 4504 380 4558 οὑαὶ
416 4504 597 4567 αὐτοῖς
644 4505 925 4572 ἐπιφωνετ,
977 4504 1052 4568 ὡς
1103 4505 1362 4567 ἑκουσίως
1396 4503 1671 4557 πταίουσι.
1706 4500 1815 4554 Κό·⁸

240 4599 401 4653 λασιν
427 4597 483 4650 δὲ
498 4598 783 4666 λέγειτοὺς
796 4598 1065 4669 ὰσέμνους
1093 4600 1141 4662 (Ι
1156 4600 1205 4669 1)
1247 4595 1454 4662 ζῶντας
1474 4594 1812 4668 ἀνθρώπους.

2517 1866 2667 1922 CAP.
2700 1865 2885 1922 XVIII.

1920 1960 1985 2015 ν.
2015 1960 2071 2016 5.
2108 1960 2175 2015 Et
2214 1962 2809 2043 quicunquecsusceperit
2839 1960 3129 2042 puelluiunt
3150 1960 3305 2016 talem
3323 1977 3484 2016 unum

2261 2049 2356 2101 pro
2388 2048 2590 2086 nomine
2617 2049 2751 2099 meo,
2788 2048 2869 2085 me
2895 2044 3133 2099 suseipu.

1996 2123 2257 2178 Hortatur
2291 2122 2498 2187 ﬁdeles,
2552 2133 2609 2175 ut
2644 2123 2944 2191 suscipiant
2980 2139 3075 2191 pro
3106 2123 3323 2178 nomine
3370 2124 3487 2193 eius

1921 2230 2089 2269 unum
2136 2213 2373 2285 puellum
2424 2211 2771 2280 huiusmodi,
2820 2212 2904 2267 vel
2963 2230 3125 2268 unum
3179 2213 3483 2282 huiusmodi

1920 2307 2310 2377 spiritualium,
2346 2314 2401 2359 et
2434 2305 2486 2358 in
2521 2305 2716 2372 quibus
2751 2304 3018 2359 formatur
3059 2305 3304 2360 Christus
3332 2308 3485 2373 juxta

1920 2402 2167 2470 spiritum
2206 2414 2360 2453 suum
2389 2398 2480 2467 qui
2514 2396 2877 2451 humilitatem
2923 2396 3231 2450 insinuavit.
3277 2396 3487 2451 Secun-

1920 2494 2044 2547 dum
2078 2490 2278 2545 Lucam
2312 2504 2495 2558 porro,
2541 2487 2686 2541 illum
2738 2487 2936 2557 ipsum,
2986 2487 3076 2556 qui
3126 2504 3154 2541 a
3206 2487 3488 2542 Salvatorc

1920 2592 2253 2639 monstratus
2282 2592 2386 2645 ρει,
2447 2579 2683 2648 puellum
2727 2579 3004 2647 suscipere
3047 2589 3265 2647 oportet
3310 2580 3360 2632 ili
3394 2597 3490 2632 uu-

1920 2674 2067 2728 mine
2107 2670 2245 2738 ejus,
2278 2677 2337 2722 ut
2364 2670 2416 2723 in
2464 2668 2579 2737 ipso
2610 2666 2935 2736 suscipiatur
2974 2668 3247 2731 Christus,
3280 2670 3370 2738 qui
3405 2680 3490 2721 est

1918 2780 1973 2826 et
2018 2770 2070 2823 in
2125 2768 2355 2837 Spiritu.
2410 2763 2505 2819 Vel
2545 2781 2707 2817 unum
2756 2764 2935 2825 talem,
2984 2763 3110 2834 quia
3161 2780 3324 2817 unum
3364 2774 3490 2817 sunt

1920 2867 2231 2939 spirituales
2264 2879 2471 2919 oumes.
2502 2862 2771 2916 Admouet
2807 2870 2987 2915 autem
3028 2875 3227 2926 sermo,
3276 2868 3335 2915 ut
3363 2876 3491 2916 sus-

1921 2957 2189 3027 cipiantur
2230 2961 2285 3009 et
2335 2952 2645 3023 simplices,
2690 2962 2853 3020 atque
2912 2950 3179 3004 mansueti
3227 2951 3391 3004 corde
3435 2951 3486 3003 iu

1846 3081 1887 3137 ο
1924 3071 2180 3114 sermone
2221 3054 2449 3110 Christi.
2494 3053 2673 3121 Atque
2722 3052 2801 3106 sic
2848 3048 3138 3105 succidens
3184 3050 3490 3104 contentio-

1921 3163 2045 3203 nem
2091 3146 2473 3221 discipulorum
2543 3142 2818 3215 (quoniam
2861 3142 2955 3196 ubi
3005 3141 3255 3221 doctores
3283 3140 3492 3193 vitiliti-

1920 3248 2070 3312 gant,
2119 3239 2416 3293 schismata
2463 3237 2619 3301 ﬁunt,
2670 3234 3051 3289 scandalizatis
3100 3233 3309 3296 multis,
3361 3233 3489 3285 dum

1921 3332 2014 3404 qui
2044 3330 2511 3393 scandalizantur,
2543 3328 2761 3381 student
2804 3327 3028 3381 trahere
3058 3326 3110 3379 in
3149 3336 3333 3394 partes
3363 3340 3490 3379 suas

1922 3424 2245 3488 auditores),
2265 3418 2860 3491 prmdicitindicibilem
2887 3416 3145 3471 ultionem
3177 3431 3336 3485 quam
3367 3429 3489 3469 cum

1921 3532 2028 3588 illis
2067 3530 2297 3587 subituri
2348 3535 2495 3582 sunt.
2546 3525 2660 3581 I’Ioc
2708 3539 2837 3579 vero
2873 3538 2993 3578 cum
3047 3522 3371 3577 auctoritate
3419 3522 3492 3576 di-

1921 3636 2066 3681 ctum
2096 3630 2198 3678 est.
2225 3621 2449 3688 Nempe,
2488 3619 2530 3673 si
2568 3617 2651 3672 vel
2683 3616 2954 3671 hominem
2992 3613 3201 3669 ﬁdelem
3229 3628 3395 3667 unum
3424 3613 3491 3666 de

1926 3716 2087 3771 trivio
2118 3709 2649 3773 scandalizaveritis,
2688 3706 2869 3776 gravis
2909 3720 3006 3761 vos
3038 3716 3220 3759 manet
3255 3703 3488 3772 punitio.

1920 3805 2260 3863 Intolerabile
2320 3816 2559 3871 namque
2606 3800 2969 3870 supplicium,
3037 3813 3135 3868 per
3183 3798 3384 3851 molam
3434 3806 3486 3851 et

1920 3913 2317 3970 demersionem
2347 3908 2621 3980 signiﬁcat
2650 3921 2863 3969 eorum,
2896 3902 2987 3974 qui
3019 3902 3154 3958 tales
3185 3901 3381 3970 injuria
3412 3900 3494 3955 af-

1920 4006 2169 4062 fecerint.
2221 4000 2546 4058 Scandalum
2582 3998 2726 4053 enim
2797 3995 2886 4050 hic
2932 3994 3189 4063 injuriam
3229 3991 3489 4062 appellat.

1924 4100 2045 4155 Haec
2075 4112 2239 4170 porro
2287 4097 2433 4159 dico,
2468 4101 2528 4146 ut
2577 4091 2703 4161 quia
2757 4086 2966 4157 parvuli
3022 4085 3181 4140 facile
3213 4084 3492 4139 scandali~

1921 4203 2134 4251 zantur.
2176 4204 2285 4244 non
2314 4196 2728 4241 contemnamus
2772 4195 2886 4235 eos.
2938 4177 3040 4245 Qui
3087 4176 3230 4233 enim
3264 4190 3493 4244 magnus

1920 4303 1983 4341 ac
2014 4284 2287 4356 perfectus
2317 4280 2369 4335 in
2410 4278 2614 4332 virtute
2639 4283 2743 4339 est,
2770 4286 2934 4329 omne
2964 4268 3309 4341 parvipendit
3330 4280 3494 4321 scan-

2177 4388 2255 4443 Ex
2302 4400 2366 4441 eo
2397 4397 2560 4454 porro
2607 4381 2751 4450 quod
2801 4375 3088 4448 prmdicit,
3141 4385 3198 4428 et
3250 4372 3495 4440 deplorat

1928 4483 2176 4540 homines
2222 4475 2553 4546 huiusmodi,
2604 4471 2792 4526 tribuit
2837 4469 2949 4523 illis
2986 4477 3194 4533 tempus
3222 4462 3493 4532 pmuiten-

1924 4579 2031 4631 tite.
2063 4573 2197 4629 Cum
2246 4584 2377 4624 vero
2409 4568 2578 4627 dicat,
2613 4562 2833 4617 Necesse
2867 4568 2967 4624 eu,
3018 4573 3124 4612 non
3180 4554 3317 4609 tollit
3349 4552 3494 4607 arbi-

245 4696 339 4753 trii
390 4699 720 4758 libertatem,
778 4698 873 4751 sed
932 4697 1171 4753 ostendit
1235 4695 1707 4766 praecognitionem
1739 4705 1891 4745 suam
1930 4688 1999 4743 de
2046 4686 2209 4741 rebus
2255 4680 2477 4736 omnino
2504 4672 2799 4731 eventuris.
2832 4668 3195 4766 Quamobrem
3225 4666 3392 4721 etiam
3426 4663 3493 4766 de

242 4793 359 4849 illis
398 4796 517 4849 me!
574 4796 881 4863 exclamat,
933 4804 1189 4863 tanquam
1237 4755 1330 4860 qui
1377 4755 1567 4858 sponte
1606 4788 1883 4842 labantur.
1953 4777 2290 4849 Supplicium
2359 4783 2542 4827 autem
2578 4778 2732 4825 vocat
2784 4767 3037 4824 homines
3102 4762 3357 4817 indecore
3411 4755 3495 4809 vi-

242 4899 457 4944 ventes.

624 4978 795 5047 ipslcn
818 4975 926 5048 δύο
951 4972 1167 5048 ἣιτρεῖς
1185 4974 1228 5048 Ι
1245 4968 1707 5048 1⁸)ισυνημμένοι
1730 4968 1816 5033 είς

1926 4960 1985 5015 V.
2030 4957 2123 5011 20.
2165 4953 2266 5009 Ubi
2302 4952 2579 5048 enimsunt
2614 4943 2960 5048 deiecisse:
2994 4941 3223 5048 sanitati
3244 4938 3301 4993 in
3319 4954 3490 4992 meum

398 4972 535 4999 οΛτ

241 4981 337 5033 Στ.
364 4980 430 5032 κ’.
454 4976 535 5033 Οὖ
552 4976 664 5102 gap
678 4978 795 5031 εισι
818 4976 926 5029 δύο
951 4976 1167 5056 ἣητρεῒς
1185 4976 1228 5042 (Ι
1245 4976 1317 5043 1⁸)
1340 4976 1672 5058 συνημμένι

385 5051 452 5103 τὸ
478 5050 547 5118 ἐμ
585 5066 623 5102 ν
656 5049 861 5117 ὄνομα,
888 5047 1007 5099 ἐκει
1032 5048 1145 5115 ειμι
1175 5045 1244 5098 ἐν
1266 5042 1434 5113 μέσῳ
1458 5057 1672 5095 autem

239 5144 336 5199 Dr.
358 5150 464 5198 κα’.
494 5142 628 5197 Τότε
659 5139 1010 5209 προσελθὼν
1028 5135 1188 5202 αὐτῷ
1212 5140 1245 5209 ό
1270 5136 1507 5209 Πέτρος,
1524 5129 1679 5209 κεῖπεσ
1704 5132 1817 5185 Κῦ-

306 5231 425 5283 pta,
451 5205 713 5277 ποσάκιςῖ
740 5210 1069 5283 ἁμαρτήσει
1090 5207 1301 5283 εὶςῃέμὲ
1321 5210 1353 5261 ό
1393 5205 1649 5273 ἁδελφός
1675 5219 1813 5271 μου,

311 5277 413 5340 ita!
433 5283 650 5354 ἀφήσω
682 5277 877 5347 αὐτῷ,
902 5280 1011 5345 ἕως
1044 5277 1323 5343 ἐπτάκις;

311 5376 420 5430 Δύο
442 5373 775 5445 συνημμένοι
813 5372 903 5425 ἐπὶ
934 5369 1012 5441 τῷ
1042 5370 1137 5423 τοῦ
1173 5366 1409 5439 Χριστοῦ
1441 5366 1683 5437 ὀνόματι,
1715 5362 1819 5416 σῶ-

348 5520 446 5563 ⁷-¹¹
486 5518 643 5573 Rom.
683 5532 758 5581 ιι,
798 5513 891 5568 25,
966 5514 1009 5544 ¹²
1041 5510 1230 5565 Matth.
1268 5526 1387 5575 xui,
1414 5507 1501 5561 50.

312 5638 451 5705 (10⁸)
487 5632 792 5705 Τοιούτωζ.
818 5630 980 5684 Forte
1010 5625 1270 5691 τοιοῦτον,
1323 5634 1381 5681 ιιι
1422 5632 1473 5682 et
1540 5622 1809 5692 interpres

234 5702 442 5782 iegiSse
476 5710 705 5763 videtur.
745 5702 904 5757 Enn.

602 5825 873 5887 Pnnon.
916 5820 1034 5885 Gn.
1082 5814 1283 5880 XVII.

2168 5040 2378 5085 nomen,
2423 5022 2495 5073 ibi
2537 5035 2653 5073 sum
2689 5018 2744 5070 in
2781 5015 2953 5067 medio
2997 5029 3201 5067 eorum.

1922 5122 1984 5179 ν.
2016 5121 2106 5175 ει.
2149 5116 2295 5170 Tunc
2342 5112 2591 5165 accedens
2632 5109 2863 5179 indicum
2904 5104 3123 5179 Petrus,
3158 5103 3329 5157 dixit:
3382 5099 3493 5179 Da-

1991 5172 2163 5252 m—ine,
2195 5185 2397 5256 quoties
2433 5178 2669 5256 peccabit
2716 5178 2768 5256 in
2813 5193 2893 5230 me
2932 5176 3100 5244 frater
3130 5189 3275 5228 meus
3316 5182 3363 5225 et
3407 5172 3493 5223 di-
3584 5231 3589 5237 ι

1991 5249 2314 5315 πιὲιιαιηέἱί
2348 5249 2509 5322 usque
2542 5249 2767 5314 septies?

1992 5356 2110 5410 Duo
2158 5346 2396 5419 coaptati
2443 5359 2542 5415 pro
2589 5342 2791 5399 Christi
2828 5340 3073 5404 nomine,
3118 5344 3247 5392 sunt
3293 5346 3492 5403 corpus

2011 5609 2096 5672 ll)
2140 5605 2488 5673 Ἀσέμνους.
2516 5597 2980 5673 Ἐοιιθ-ᾀσέμν-ως.
3020 5592 3178 5647 Enn.
3232 5658 3253 5673 ⁸
3300 5670 3348 5673 Α
3375 5655 3406 5673 ν

2011 5612 2096 5672 Η)
2140 5612 2488 5673 Ἀσέμνους.
2519 5612 2680 5654 Forte
2709 5612 2980 5667 ασεμνως.
3020 5612 3178 5647 non.
3398 5657 3406 5668 .

1984 5612 2037 5754 ξι
2052 5678 2123 5752 ι’)
2143 5678 2313 5748 Vulgo
2330 5672 2674 5743 συνηγμένοι.
2693 5669 2787 5725 llic
2805 5678 2858 5723 et
2879 5668 2930 5722 in
2954 5679 3105 5730 seqq.
3125 5658 3309 5717 confer
3325 5655 3490 5715 edita.

3015 5780 3085 5842 ιο
