  <div class='ocr_page' id='page_1' title='image "/cluster/home/n/w/nwhite01/storage/ocr_20150623/17/nnc1.0046978615/159.png"; bbox 0 0 3888 6214; ppageno 0'>
   <div class='ocr_carea' id='block_1_1' title="bbox 410 289 540 345">
    <p class='ocr_par' dir='ltr' id='par_1_1' title="bbox 410 289 540 345">
     <span class='ocr_line' id='line_1_1' title="bbox 410 289 540 345; baseline 0.015 -2"><span class='ocrx_word' id='word_1_1' title='bbox 410 289 540 345; x_wconf 62' lang='grc'><strong>’299</strong></span> 
     </span>
    </p>
   </div>
   <div class='ocr_carea' id='block_1_2' title="bbox 1308 266 2816 351">
    <p class='ocr_par' dir='ltr' id='par_1_2' title="bbox 1308 266 2816 351">
     <span class='ocr_line' id='line_1_2' title="bbox 1308 266 2816 351; baseline 0.005 -7"><span class='ocrx_word' id='word_1_2' title='bbox 1308 266 1869 348; x_wconf 76' lang='lat' dir='ltr'><strong>SUPPLEMENTUM</strong></span> <span class='ocrx_word' id='word_1_3' title='bbox 1888 302 1893 309; x_wconf 55' lang='grc' dir='ltr'><em>η</em></span> <span class='ocrx_word' id='word_1_4' title='bbox 1910 291 2003 346; x_wconf 83' lang='lat' dir='ltr'><strong>AD</strong></span> <span class='ocrx_word' id='word_1_5' title='bbox 2038 290 2364 348; x_wconf 81' lang='lat' dir='ltr'><strong>ORIGENIS</strong></span> <span class='ocrx_word' id='word_1_6' title='bbox 2404 290 2816 351; x_wconf 65' lang='lat' dir='ltr'><strong>exessum.</strong></span> 
     </span>
    </p>
   </div>
   <div class='ocr_carea' id='block_1_3' title="bbox 3578 302 3681 357">
    <p class='ocr_par' dir='ltr' id='par_1_3' title="bbox 3578 302 3681 357">
     <span class='ocr_line' id='line_1_3' title="bbox 3578 302 3681 357; baseline 0 0"><span class='ocrx_word' id='word_1_7' title='bbox 3578 302 3681 357; x_wconf 60' lang='grc' dir='ltr'>ὅθί)</span> 
     </span>
    </p>
   </div>
   <div class='ocr_carea' id='block_1_4' title="bbox 434 382 2017 484">
    <p class='ocr_par' dir='ltr' id='par_1_4' title="bbox 434 406 2004 479">
     <span class='ocr_line' id='line_1_4' title="bbox 434 406 2004 479; baseline 0.002 -18"><span class='ocrx_word' id='word_1_8' title='bbox 434 418 489 461; x_wconf 91' lang='lat' dir='ltr'><strong>et</strong></span> <span class='ocrx_word' id='word_1_9' title='bbox 526 406 748 477; x_wconf 78' lang='lat' dir='ltr'><strong>spiritus</strong></span> <span class='ocrx_word' id='word_1_10' title='bbox 786 406 1015 462; x_wconf 85' lang='lat' dir='ltr'><strong>invicem</strong></span> <span class='ocrx_word' id='word_1_11' title='bbox 1058 422 1164 463; x_wconf 93' lang='lat' dir='ltr'><strong>non</strong></span> <span class='ocrx_word' id='word_1_12' title='bbox 1208 408 1542 479; x_wconf 73' lang='lat' dir='ltr'><strong>pugnantia:</strong></span> <span class='ocrx_word' id='word_1_13' title='bbox 1576 410 1820 478; x_wconf 84' lang='lat' dir='ltr'><strong>subjecto</strong></span> <span class='ocrx_word' id='word_1_14' title='bbox 1852 410 2004 464; x_wconf 79' lang='lat' dir='ltr'><strong>vide-</strong></span> 
     </span>
    </p>
   </div>
   <div class='ocr_carea' id='block_1_5' title="bbox 2114 382 3681 484">
    <p class='ocr_par' dir='ltr' id='par_1_5' title="bbox 2114 382 3681 484">
     <span class='ocr_line' id='line_1_5' title="bbox 2114 382 3681 484; baseline 0.006 -24"><span class='ocrx_word' id='word_1_15' title='bbox 2114 424 2186 479; x_wconf 92' lang='grc' dir='ltr'><strong>μα</strong></span> <span class='ocrx_word' id='word_1_16' title='bbox 2219 407 2314 461; x_wconf 76' lang='grc' dir='ltr'>καὶ</span> <span class='ocrx_word' id='word_1_17' title='bbox 2342 405 2557 479; x_wconf 91' lang='grc' dir='ltr'>πνεῦμα</span> <span class='ocrx_word' id='word_1_18' title='bbox 2580 450 2595 475; x_wconf 93' lang='grc'><strong>,</strong></span> <span class='ocrx_word' id='word_1_19' title='bbox 2630 409 2704 480; x_wconf 85' lang='grc' dir='ltr'>μὴ</span> <span class='ocrx_word' id='word_1_20' title='bbox 2736 382 3259 484; x_wconf 79' lang='grc' dir='ltr'>ἀντιστρατευόμενα</span> <span class='ocrx_word' id='word_1_21' title='bbox 3278 430 3291 441; x_wconf 83' lang='grc'><em>’</em></span> <span class='ocrx_word' id='word_1_22' title='bbox 3324 413 3681 483; x_wconf 76' lang='grc' dir='ltr'>ὑποταγέντος</span> 
     </span>
    </p>
   </div>
   <div class='ocr_carea' id='block_1_6' title="bbox 436 499 2007 569">
    <p class='ocr_par' dir='ltr' id='par_1_6' title="bbox 436 499 2007 569">
     <span class='ocr_line' id='line_1_6' title="bbox 436 499 2007 569; baseline 0.002 -16"><span class='ocrx_word' id='word_1_23' title='bbox 436 500 563 554; x_wconf 87' lang='lat' dir='ltr'><strong>licet</strong></span> <span class='ocrx_word' id='word_1_24' title='bbox 607 514 857 569; x_wconf 82' lang='lat' dir='ltr'><strong>corpore,</strong></span> <span class='ocrx_word' id='word_1_25' title='bbox 893 499 1083 569; x_wconf 75' lang='lat' dir='ltr'><strong>Spiritu</strong></span> <span class='ocrx_word' id='word_1_26' title='bbox 1127 509 1306 555; x_wconf 86' lang='lat' dir='ltr'><strong>autem</strong></span> <span class='ocrx_word' id='word_1_27' title='bbox 1337 500 1773 555; x_wconf 90' lang='lat' dir='ltr'><strong>communieante</strong></span> <span class='ocrx_word' id='word_1_28' title='bbox 1822 502 1870 556; x_wconf 92' lang='lat' dir='ltr'><strong>ei</strong></span> <span class='ocrx_word' id='word_1_29' title='bbox 1923 504 2007 555; x_wconf 86' lang='lat' dir='ltr'><strong>tli-</strong></span> 
     </span>
    </p>
   </div>
   <div class='ocr_carea' id='block_1_7' title="bbox 436 592 2008 661">
    <p class='ocr_par' dir='ltr' id='par_1_7' title="bbox 436 592 2008 661">
     <span class='ocr_line' id='line_1_7' title="bbox 436 592 2008 661; baseline 0.006 -21"><span class='ocrx_word' id='word_1_30' title='bbox 436 592 620 646; x_wconf 80' lang='lat' dir='ltr'><strong>vinam</strong></span> <span class='ocrx_word' id='word_1_31' title='bbox 662 592 832 646; x_wconf 87' lang='lat' dir='ltr'><strong>vitam</strong></span> <span class='ocrx_word' id='word_1_32' title='bbox 869 610 883 658; x_wconf 94' lang='lat'><strong>;</strong></span> <span class='ocrx_word' id='word_1_33' title='bbox 926 603 1033 647; x_wconf 76' lang='lat' dir='ltr'><strong>tres</strong></span> <span class='ocrx_word' id='word_1_34' title='bbox 1081 601 1288 658; x_wconf 91' lang='lat' dir='ltr'><strong>autem,</strong></span> <span class='ocrx_word' id='word_1_35' title='bbox 1343 593 1484 661; x_wconf 91' lang='lat' dir='ltr'><strong>quod</strong></span> <span class='ocrx_word' id='word_1_36' title='bbox 1515 604 1603 649; x_wconf 88' lang='lat' dir='ltr'><strong>est</strong></span> <span class='ocrx_word' id='word_1_37' title='bbox 1645 604 1815 649; x_wconf 90' lang='lat' dir='ltr'><strong>totum</strong></span> <span class='ocrx_word' id='word_1_38' title='bbox 1866 596 2008 649; x_wconf 91' lang='lat' dir='ltr'><strong>inte-</strong></span> 
     </span>
    </p>
   </div>
   <div class='ocr_carea' id='block_1_8' title="bbox 438 685 2006 756">
    <p class='ocr_par' dir='ltr' id='par_1_8' title="bbox 438 685 2006 756">
     <span class='ocr_line' id='line_1_8' title="bbox 438 685 2006 756; baseline 0.004 -20"><span class='ocrx_word' id='word_1_39' title='bbox 438 699 619 754; x_wconf 88' lang='lat' dir='ltr'><strong>grum,</strong></span> <span class='ocrx_word' id='word_1_40' title='bbox 666 685 911 754; x_wconf 77' lang='lat' dir='ltr'><strong>spiritus,</strong></span> <span class='ocrx_word' id='word_1_41' title='bbox 957 686 1170 750; x_wconf 89' lang='lat' dir='ltr'><strong>anima,</strong></span> <span class='ocrx_word' id='word_1_42' title='bbox 1224 701 1461 756; x_wconf 81' lang='lat' dir='ltr'><strong>corpus,</strong></span> <span class='ocrx_word' id='word_1_43' title='bbox 1512 697 1695 742; x_wconf 78' lang='lat' dir='ltr'><strong>servat</strong></span> <span class='ocrx_word' id='word_1_44' title='bbox 1752 689 2006 743; x_wconf 93' lang='lat' dir='ltr'><strong>adventui</strong></span> 
     </span>
    </p>
   </div>
   <div class='ocr_carea' id='block_1_9' title="bbox 443 772 2008 841">
    <p class='ocr_par' dir='ltr' id='par_1_9' title="bbox 443 772 2008 841">
     <span class='ocr_line' id='line_1_9' title="bbox 443 772 2008 841; baseline 0.003 -13"><span class='ocrx_word' id='word_1_45' title='bbox 443 774 672 829; x_wconf 86' lang='lat' dir='ltr'><strong>Christi.</strong></span> <span class='ocrx_word' id='word_1_46' title='bbox 711 774 806 829; x_wconf 81' lang='lat' dir='ltr'><strong>Vel</strong></span> <span class='ocrx_word' id='word_1_47' title='bbox 836 775 943 828; x_wconf 84' lang='lat' dir='ltr'><strong>duo</strong></span> <span class='ocrx_word' id='word_1_48' title='bbox 977 773 1179 830; x_wconf 82' lang='lat' dir='ltr'><strong>fuerint</strong></span> <span class='ocrx_word' id='word_1_49' title='bbox 1227 776 1332 831; x_wconf 93' lang='lat' dir='ltr'><strong>duo</strong></span> <span class='ocrx_word' id='word_1_50' title='bbox 1362 786 1708 841; x_wconf 87' lang='lat' dir='ltr'><strong>testamenta,</strong></span> <span class='ocrx_word' id='word_1_51' title='bbox 1740 793 1864 832; x_wconf 92' lang='lat' dir='ltr'><strong>eum</strong></span> <span class='ocrx_word' id='word_1_52' title='bbox 1895 772 2008 832; x_wconf 85' lang='lat' dir='ltr'><strong>eol-</strong></span> 
     </span>
    </p>
   </div>
   <div class='ocr_carea' id='block_1_10' title="bbox 448 865 2008 939">
    <p class='ocr_par' dir='ltr' id='par_1_10' title="bbox 448 865 2008 939">
     <span class='ocr_line' id='line_1_10' title="bbox 448 865 2008 939; baseline 0.002 -19"><span class='ocrx_word' id='word_1_53' title='bbox 448 865 619 921; x_wconf 85' lang='lat' dir='ltr'><strong>lector</strong></span> <span class='ocrx_word' id='word_1_54' title='bbox 667 881 855 922; x_wconf 91' lang='lat' dir='ltr'><strong>eorum</strong></span> <span class='ocrx_word' id='word_1_55' title='bbox 907 867 1142 936; x_wconf 85' lang='lat' dir='ltr'><strong>Spiritus</strong></span> <span class='ocrx_word' id='word_1_56' title='bbox 1188 878 1409 923; x_wconf 90' lang='lat' dir='ltr'><strong>sanctus</strong></span> <span class='ocrx_word' id='word_1_57' title='bbox 1455 869 1506 923; x_wconf 92' lang='lat' dir='ltr'><strong>in</strong></span> <span class='ocrx_word' id='word_1_58' title='bbox 1551 870 1684 939; x_wconf 89' lang='lat' dir='ltr'><strong>ipsis</strong></span> <span class='ocrx_word' id='word_1_59' title='bbox 1737 871 1849 935; x_wconf 91' lang='lat' dir='ltr'><strong>sit;</strong></span> <span class='ocrx_word' id='word_1_60' title='bbox 1906 878 2008 923; x_wconf 78' lang='lat' dir='ltr'><strong>tres</strong></span> 
     </span>
    </p>
   </div>
   <div class='ocr_carea' id='block_1_11' title="bbox 438 957 2010 1030">
    <p class='ocr_par' dir='ltr' id='par_1_11' title="bbox 438 957 2010 1030">
     <span class='ocr_line' id='line_1_11' title="bbox 438 957 2010 1030; baseline 0.002 -20"><span class='ocrx_word' id='word_1_61' title='bbox 438 970 571 1011; x_wconf 90' lang='lat' dir='ltr'><strong>vero</strong></span> <span class='ocrx_word' id='word_1_62' title='bbox 612 957 895 1028; x_wconf 87' lang='lat' dir='ltr'><strong>(indicare</strong></span> <span class='ocrx_word' id='word_1_63' title='bbox 934 957 1193 1027; x_wconf 90' lang='lat' dir='ltr'><strong>possunt)</strong></span> <span class='ocrx_word' id='word_1_64' title='bbox 1220 957 1428 1028; x_wconf 75' lang='lat' dir='ltr'><strong>,legem,</strong></span> <span class='ocrx_word' id='word_1_65' title='bbox 1466 960 1780 1030; x_wconf 85' lang='lat' dir='ltr'><strong>prophetas,</strong></span> <span class='ocrx_word' id='word_1_66' title='bbox 1841 959 2010 1014; x_wconf 84' lang='lat' dir='ltr'><strong>Evan-</strong></span> 
     </span>
    </p>
   </div>
   <div class='ocr_carea' id='block_1_12' title="bbox 445 1048 2006 1120">
    <p class='ocr_par' dir='ltr' id='par_1_12' title="bbox 445 1048 2006 1120">
     <span class='ocr_line' id='line_1_12' title="bbox 445 1048 2006 1120; baseline 0.001 -19"><span class='ocrx_word' id='word_1_67' title='bbox 445 1048 644 1116; x_wconf 89' lang='lat' dir='ltr'><strong>gelium</strong></span> <span class='ocrx_word' id='word_1_68' title='bbox 677 1062 689 1097; x_wconf 91' lang='lat'><strong>:</strong></span> <span class='ocrx_word' id='word_1_69' title='bbox 727 1048 809 1103; x_wconf 85' lang='lat' dir='ltr'><strong>vel</strong></span> <span class='ocrx_word' id='word_1_70' title='bbox 849 1051 1114 1113; x_wconf 88' lang='lat' dir='ltr'><strong>animum,</strong></span> <span class='ocrx_word' id='word_1_71' title='bbox 1156 1052 1670 1120; x_wconf 82' lang='lat' dir='ltr'><strong>concupiscentiam,</strong></span> <span class='ocrx_word' id='word_1_72' title='bbox 1696 1053 1960 1106; x_wconf 89' lang='lat' dir='ltr'><strong>rationem</strong></span> <span class='ocrx_word' id='word_1_73' title='bbox 1991 1068 2006 1116; x_wconf 90' lang='lat'><strong>;</strong></span> 
     </span>
    </p>
   </div>
   <div class='ocr_carea' id='block_1_13' title="bbox 442 1138 2008 1208">
    <p class='ocr_par' dir='ltr' id='par_1_13' title="bbox 442 1138 2008 1208">
     <span class='ocr_line' id='line_1_13' title="bbox 442 1138 2008 1208; baseline 0.003 -15"><span class='ocrx_word' id='word_1_74' title='bbox 442 1138 526 1193; x_wconf 85' lang='lat' dir='ltr'><strong>vcl</strong></span> <span class='ocrx_word' id='word_1_75' title='bbox 574 1140 948 1208; x_wconf 87' lang='lat' dir='ltr'><strong>vocationem,</strong></span> <span class='ocrx_word' id='word_1_76' title='bbox 999 1154 1054 1196; x_wconf 87' lang='lat' dir='ltr'><strong>et</strong></span> <span class='ocrx_word' id='word_1_77' title='bbox 1105 1141 1449 1207; x_wconf 90' lang='lat' dir='ltr'><strong>electionem,</strong></span> <span class='ocrx_word' id='word_1_78' title='bbox 1501 1152 1558 1196; x_wconf 90' lang='lat' dir='ltr'><strong>et</strong></span> <span class='ocrx_word' id='word_1_79' title='bbox 1607 1144 1893 1197; x_wconf 85' lang='lat' dir='ltr'><strong>nobiscqu</strong></span> <span class='ocrx_word' id='word_1_80' title='bbox 1941 1143 2008 1197; x_wconf 89' lang='lat' dir='ltr'><strong>ad</strong></span> 
     </span>
    </p>
   </div>
   <div class='ocr_carea' id='block_1_14' title="bbox 438 1230 2008 1301">
    <p class='ocr_par' dir='ltr' id='par_1_14' title="bbox 438 1230 2008 1301">
     <span class='ocr_line' id='line_1_14' title="bbox 438 1230 2008 1301; baseline 0.002 -19"><span class='ocrx_word' id='word_1_81' title='bbox 438 1230 671 1299; x_wconf 88' lang='lat' dir='ltr'><strong>primum</strong></span> <span class='ocrx_word' id='word_1_82' title='bbox 704 1230 967 1285; x_wconf 89' lang='lat' dir='ltr'><strong>honorem</strong></span> <span class='ocrx_word' id='word_1_83' title='bbox 1002 1242 1311 1286; x_wconf 88' lang='lat' dir='ltr'><strong>revocatum</strong></span> <span class='ocrx_word' id='word_1_84' title='bbox 1341 1246 1510 1301; x_wconf 80' lang='lat' dir='ltr'><strong>genus</strong></span> <span class='ocrx_word' id='word_1_85' title='bbox 1536 1233 1858 1287; x_wconf 86' lang='lat' dir='ltr'><strong>humanum.</strong></span> <span class='ocrx_word' id='word_1_86' title='bbox 1900 1231 2008 1287; x_wconf 86' lang='lat' dir='ltr'><strong>0b-</strong></span> 
     </span>
    </p>
   </div>
   <div class='ocr_carea' id='block_1_15' title="bbox 438 1323 2010 1390">
    <p class='ocr_par' dir='ltr' id='par_1_15' title="bbox 438 1323 2010 1390">
     <span class='ocr_line' id='line_1_15' title="bbox 438 1323 2010 1390; baseline 0 -13"><span class='ocrx_word' id='word_1_87' title='bbox 438 1337 594 1377; x_wconf 84' lang='lat' dir='ltr'><strong>serva</strong></span> <span class='ocrx_word' id='word_1_88' title='bbox 643 1336 830 1390; x_wconf 91' lang='lat' dir='ltr'><strong>porro,</strong></span> <span class='ocrx_word' id='word_1_89' title='bbox 875 1337 997 1376; x_wconf 92' lang='lat' dir='ltr'><strong>eum</strong></span> <span class='ocrx_word' id='word_1_90' title='bbox 1045 1338 1150 1379; x_wconf 77' lang='lat' dir='ltr'><strong>non</strong></span> <span class='ocrx_word' id='word_1_91' title='bbox 1194 1323 1413 1390; x_wconf 82' lang='lat' dir='ltr'><strong>dixisse,</strong></span> <span class='ocrx_word' id='word_1_92' title='bbox 1462 1340 1573 1390; x_wconf 87' lang='lat' dir='ltr'><strong>ero,</strong></span> <span class='ocrx_word' id='word_1_93' title='bbox 1621 1325 1714 1378; x_wconf 85' lang='lat' dir='ltr'><strong>sed</strong></span> <span class='ocrx_word' id='word_1_94' title='bbox 1752 1340 1888 1377; x_wconf 79' lang='lat' dir='ltr'><strong>sum.</strong></span> <span class='ocrx_word' id='word_1_95' title='bbox 1941 1323 2010 1379; x_wconf 84' lang='lat' dir='ltr'><strong>Ut</strong></span> 
     </span>
    </p>
   </div>
   <div class='ocr_carea' id='block_1_16' title="bbox 437 1411 2006 1482">
    <p class='ocr_par' dir='ltr' id='par_1_16' title="bbox 437 1411 2006 1482">
     <span class='ocr_line' id='line_1_16' title="bbox 437 1411 2006 1482; baseline 0.003 -17"><span class='ocrx_word' id='word_1_96' title='bbox 437 1411 581 1467; x_wconf 91' lang='lat' dir='ltr'><strong>Deus</strong></span> <span class='ocrx_word' id='word_1_97' title='bbox 610 1414 755 1467; x_wconf 91' lang='lat' dir='ltr'><strong>enim</strong></span> <span class='ocrx_word' id='word_1_98' title='bbox 792 1413 992 1482; x_wconf 87' lang='lat' dir='ltr'><strong>ubique</strong></span> <span class='ocrx_word' id='word_1_99' title='bbox 1025 1416 1313 1481; x_wconf 81' lang='lat' dir='ltr'><strong>exsisteus,</strong></span> <span class='ocrx_word' id='word_1_100' title='bbox 1351 1416 1402 1470; x_wconf 93' lang='lat' dir='ltr'><strong>iu</strong></span> <span class='ocrx_word' id='word_1_101' title='bbox 1441 1418 1619 1471; x_wconf 87' lang='lat' dir='ltr'><strong>medio</strong></span> <span class='ocrx_word' id='word_1_102' title='bbox 1650 1426 1732 1472; x_wconf 85' lang='lat' dir='ltr'><strong>est</strong></span> <span class='ocrx_word' id='word_1_103' title='bbox 1776 1433 2006 1481; x_wconf 91' lang='lat' dir='ltr'><strong>eorum,</strong></span> 
     </span>
    </p>
   </div>
   <div class='ocr_carea' id='block_1_17' title="bbox 435 1506 2006 1578">
    <p class='ocr_par' dir='ltr' id='par_1_17' title="bbox 435 1506 2006 1578">
     <span class='ocr_line' id='line_1_17' title="bbox 435 1506 2006 1578; baseline 0.005 -20"><span class='ocrx_word' id='word_1_104' title='bbox 435 1506 529 1574; x_wconf 85' lang='lat' dir='ltr'><strong>qui</strong></span> <span class='ocrx_word' id='word_1_105' title='bbox 560 1520 657 1575; x_wconf 88' lang='lat' dir='ltr'><strong>per</strong></span> <span class='ocrx_word' id='word_1_106' title='bbox 687 1506 940 1574; x_wconf 86' lang='lat' dir='ltr'><strong>pietatem</strong></span> <span class='ocrx_word' id='word_1_107' title='bbox 973 1508 1397 1578; x_wconf 75' lang='lat' dir='ltr'><strong>coniunguntur.</strong></span> <span class='ocrx_word' id='word_1_108' title='bbox 1445 1508 1691 1565; x_wconf 86' lang='lat' dir='ltr'><strong>Potentia</strong></span> <span class='ocrx_word' id='word_1_109' title='bbox 1723 1512 1867 1566; x_wconf 92' lang='lat' dir='ltr'><strong>enim</strong></span> <span class='ocrx_word' id='word_1_110' title='bbox 1912 1511 2006 1566; x_wconf 87' lang='lat' dir='ltr'><strong>Dei</strong></span> 
     </span>
    </p>
   </div>
   <div class='ocr_carea' id='block_1_18' title="bbox 434 1599 2010 1670">
    <p class='ocr_par' dir='ltr' id='par_1_18' title="bbox 434 1599 2010 1670">
     <span class='ocr_line' id='line_1_18' title="bbox 434 1599 2010 1670; baseline 0.006 -23"><span class='ocrx_word' id='word_1_111' title='bbox 434 1600 676 1653; x_wconf 80' lang='grc' dir='ltr'>υιιιηίιιιη</span> <span class='ocrx_word' id='word_1_112' title='bbox 728 1613 913 1653; x_wconf 86' lang='lat' dir='ltr'><strong>rerum</strong></span> <span class='ocrx_word' id='word_1_113' title='bbox 965 1599 1287 1670; x_wconf 81' lang='lat' dir='ltr'><strong>inspectrix,</strong></span> <span class='ocrx_word' id='word_1_114' title='bbox 1339 1602 1568 1657; x_wconf 86' lang='lat' dir='ltr'><strong>indivise</strong></span> <span class='ocrx_word' id='word_1_115' title='bbox 1612 1603 1783 1658; x_wconf 69' lang='lat' dir='ltr'><strong>divis:</strong></span> <span class='ocrx_word' id='word_1_116' title='bbox 1838 1603 1898 1658; x_wconf 84' lang='lat' dir='ltr'><strong>lit</strong></span> <span class='ocrx_word' id='word_1_117' title='bbox 1943 1605 2010 1659; x_wconf 91' lang='lat' dir='ltr'><strong>iis</strong></span> 
     </span>
    </p>
   </div>
   <div class='ocr_carea' id='block_1_19' title="bbox 434 1688 895 1759">
    <p class='ocr_par' dir='ltr' id='par_1_19' title="bbox 434 1688 895 1759">
     <span class='ocr_line' id='line_1_19' title="bbox 434 1688 895 1759; baseline 0.007 -17"><span class='ocrx_word' id='word_1_118' title='bbox 434 1688 524 1758; x_wconf 93' lang='lat' dir='ltr'><strong>qui</strong></span> <span class='ocrx_word' id='word_1_119' title='bbox 558 1688 704 1759; x_wconf 91' lang='lat' dir='ltr'><strong>digni</strong></span> <span class='ocrx_word' id='word_1_120' title='bbox 750 1700 895 1745; x_wconf 86' lang='lat' dir='ltr'><strong>sunt.</strong></span> 
     </span>
    </p>
   </div>
   <div class='ocr_carea' id='block_1_20' title="bbox 506 1779 2005 1851">
    <p class='ocr_par' dir='ltr' id='par_1_20' title="bbox 506 1779 2005 1851">
     <span class='ocr_line' id='line_1_20' title="bbox 506 1779 2005 1851; baseline 0.007 -20"><span class='ocrx_word' id='word_1_121' title='bbox 506 1779 951 1851; x_wconf 83' lang='lat' dir='ltr'><strong>Quandoquidem</strong></span> <span class='ocrx_word' id='word_1_122' title='bbox 977 1783 1424 1840; x_wconf 87' lang='lat' dir='ltr'><strong>remittendarum</strong></span> <span class='ocrx_word' id='word_1_123' title='bbox 1444 1786 1499 1841; x_wconf 91' lang='lat' dir='ltr'><strong>in</strong></span> <span class='ocrx_word' id='word_1_124' title='bbox 1520 1801 1619 1841; x_wconf 94' lang='lat' dir='ltr'><strong>nos</strong></span> <span class='ocrx_word' id='word_1_125' title='bbox 1643 1786 2005 1842; x_wconf 75' lang='lat' dir='ltr'><strong>offensionum</strong></span> 
     </span>
    </p>
   </div>
   <div class='ocr_carea' id='block_1_21' title="bbox 434 1874 2007 1950">
    <p class='ocr_par' dir='ltr' id='par_1_21' title="bbox 434 1874 2007 1950">
     <span class='ocr_line' id='line_1_21' title="bbox 434 1874 2007 1950; baseline 0.005 -23"><span class='ocrx_word' id='word_1_126' title='bbox 434 1887 541 1927; x_wconf 92' lang='lat' dir='ltr'><strong>nos</strong></span> <span class='ocrx_word' id='word_1_127' title='bbox 604 1874 807 1927; x_wconf 89' lang='lat' dir='ltr'><strong>domini</strong></span> <span class='ocrx_word' id='word_1_128' title='bbox 851 1889 1057 1943; x_wconf 81' lang='lat' dir='ltr'><strong>sumus,</strong></span> <span class='ocrx_word' id='word_1_129' title='bbox 1093 1891 1277 1931; x_wconf 88' lang='lat' dir='ltr'><strong>earum</strong></span> <span class='ocrx_word' id='word_1_130' title='bbox 1308 1894 1440 1933; x_wconf 90' lang='lat' dir='ltr'><strong>vero</strong></span> <span class='ocrx_word' id='word_1_131' title='bbox 1470 1895 1590 1950; x_wconf 88' lang='lat' dir='ltr'><strong>quae</strong></span> <span class='ocrx_word' id='word_1_132' title='bbox 1633 1880 1685 1933; x_wconf 93' lang='lat' dir='ltr'><strong>in</strong></span> <span class='ocrx_word' id='word_1_133' title='bbox 1727 1879 1892 1935; x_wconf 89' lang='lat' dir='ltr'><strong>Deum</strong></span> <span class='ocrx_word' id='word_1_134' title='bbox 1929 1881 2007 1936; x_wconf 77' lang='lat' dir='ltr'><strong>le-</strong></span> 
     </span>
    </p>
   </div>
   <div class='ocr_carea' id='block_1_22' title="bbox 434 1966 2003 2042">
    <p class='ocr_par' dir='ltr' id='par_1_22' title="bbox 434 1966 2003 2042">
     <span class='ocr_line' id='line_1_22' title="bbox 434 1966 2003 2042; baseline 0.007 -23"><span class='ocrx_word' id='word_1_135' title='bbox 434 1974 647 2031; x_wconf 89' lang='lat' dir='ltr'><strong>runtur,</strong></span> <span class='ocrx_word' id='word_1_136' title='bbox 702 1982 806 2020; x_wconf 91' lang='lat' dir='ltr'><strong>non</strong></span> <span class='ocrx_word' id='word_1_137' title='bbox 861 1966 999 2022; x_wconf 90' lang='lat' dir='ltr'><strong>alius</strong></span> <span class='ocrx_word' id='word_1_138' title='bbox 1049 1969 1153 2023; x_wconf 91' lang='lat' dir='ltr'><strong>nisi</strong></span> <span class='ocrx_word' id='word_1_139' title='bbox 1204 1970 1343 2024; x_wconf 86' lang='lat' dir='ltr'><strong>Deus</strong></span> <span class='ocrx_word' id='word_1_140' title='bbox 1394 1972 1657 2041; x_wconf 89' lang='lat' dir='ltr'><strong>ipsemet;</strong></span> <span class='ocrx_word' id='word_1_141' title='bbox 1715 1984 2003 2042; x_wconf 87' lang='lat' dir='ltr'><strong>prepterea</strong></span> 
     </span>
    </p>
   </div>
   <div class='ocr_carea' id='block_1_23' title="bbox 432 2056 2006 2135">
    <p class='ocr_par' dir='ltr' id='par_1_23' title="bbox 432 2056 2006 2135">
     <span class='ocr_line' id='line_1_23' title="bbox 432 2056 2006 2135; baseline 0.006 -25"><span class='ocrx_word' id='word_1_142' title='bbox 432 2056 569 2111; x_wconf 79' lang='lat' dir='ltr'><strong>dixit</strong></span> <span class='ocrx_word' id='word_1_143' title='bbox 616 2058 809 2114; x_wconf 88' lang='lat' dir='ltr'><strong>Petrus</strong></span> <span class='ocrx_word' id='word_1_144' title='bbox 857 2060 1008 2125; x_wconf 90' lang='lat' dir='ltr'><strong>illud,</strong></span> <span class='ocrx_word' id='word_1_145' title='bbox 1054 2063 1110 2115; x_wconf 84' lang='lat' dir='ltr'><strong>in</strong></span> <span class='ocrx_word' id='word_1_146' title='bbox 1142 2077 1245 2114; x_wconf 76' lang='lat' dir='ltr'><strong>me.</strong></span> <span class='ocrx_word' id='word_1_147' title='bbox 1289 2060 1632 2133; x_wconf 83' lang='lat' dir='ltr'><strong>Interrogans</strong></span> <span class='ocrx_word' id='word_1_148' title='bbox 1661 2065 1831 2127; x_wconf 91' lang='lat' dir='ltr'><strong>enim,</strong></span> <span class='ocrx_word' id='word_1_149' title='bbox 1866 2081 2006 2135; x_wconf 88' lang='lat' dir='ltr'><strong>quo-</strong></span> 
     </span>
    </p>
   </div>
   <div class='ocr_carea' id='block_1_24' title="bbox 434 2154 2006 2223">
    <p class='ocr_par' dir='ltr' id='par_1_24' title="bbox 434 2154 2006 2223">
     <span class='ocr_line' id='line_1_24' title="bbox 434 2154 2006 2223; baseline 0.005 -20"><span class='ocrx_word' id='word_1_150' title='bbox 434 2165 604 2220; x_wconf 85' lang='lat' dir='ltr'><strong>usque</strong></span> <span class='ocrx_word' id='word_1_151' title='bbox 633 2163 884 2222; x_wconf 84' lang='lat' dir='ltr'><strong>oporteat</strong></span> <span class='ocrx_word' id='word_1_152' title='bbox 910 2154 1227 2223; x_wconf 87' lang='lat' dir='ltr'><strong>iujuriarum</strong></span> <span class='ocrx_word' id='word_1_153' title='bbox 1260 2172 1366 2210; x_wconf 87' lang='lat' dir='ltr'><strong>non</strong></span> <span class='ocrx_word' id='word_1_154' title='bbox 1398 2170 1519 2211; x_wconf 86' lang='lat' dir='ltr'><strong>esse</strong></span> <span class='ocrx_word' id='word_1_155' title='bbox 1549 2172 1837 2217; x_wconf 89' lang='lat' dir='ltr'><strong>memores.</strong></span> <span class='ocrx_word' id='word_1_156' title='bbox 1886 2166 2006 2211; x_wconf 92' lang='lat' dir='ltr'><strong>tan—</strong></span> 
     </span>
    </p>
   </div>
   <div class='ocr_carea' id='block_1_25' title="bbox 431 2242 2005 2316">
    <p class='ocr_par' dir='ltr' id='par_1_25' title="bbox 431 2242 2005 2316">
     <span class='ocr_line' id='line_1_25' title="bbox 431 2242 2005 2316; baseline 0.004 -23"><span class='ocrx_word' id='word_1_157' title='bbox 431 2254 593 2310; x_wconf 83' lang='lat' dir='ltr'><strong>quam</strong></span> <span class='ocrx_word' id='word_1_158' title='bbox 627 2242 832 2310; x_wconf 84' lang='lat' dir='ltr'><strong>grande</strong></span> <span class='ocrx_word' id='word_1_159' title='bbox 869 2245 996 2313; x_wconf 86' lang='lat' dir='ltr'><strong>quid</strong></span> <span class='ocrx_word' id='word_1_160' title='bbox 1024 2246 1273 2315; x_wconf 88' lang='lat' dir='ltr'><strong>apposuit</strong></span> <span class='ocrx_word' id='word_1_161' title='bbox 1300 2246 1430 2301; x_wconf 92' lang='lat' dir='ltr'><strong>illud</strong></span> <span class='ocrx_word' id='word_1_162' title='bbox 1459 2247 1665 2316; x_wconf 73' lang='lat' dir='ltr'><strong>septies.</strong></span> <span class='ocrx_word' id='word_1_163' title='bbox 1701 2248 1771 2300; x_wconf 83' lang='lat' dir='ltr'><strong>At</strong></span> <span class='ocrx_word' id='word_1_164' title='bbox 1820 2246 2005 2301; x_wconf 60' lang='lat' dir='ltr'><strong>Domi»</strong></span> 
     </span>
    </p>
   </div>
   <div class='ocr_carea' id='block_1_26' title="bbox 427 2334 2000 2408">
    <p class='ocr_par' dir='ltr' id='par_1_26' title="bbox 427 2334 2000 2408">
     <span class='ocr_line' id='line_1_26' title="bbox 427 2334 2000 2408; baseline 0.004 -24"><span class='ocrx_word' id='word_1_165' title='bbox 427 2347 535 2387; x_wconf 34' lang='lat' dir='ltr'><strong>‘nus</strong></span> <span class='ocrx_word' id='word_1_166' title='bbox 579 2334 754 2389; x_wconf 86' lang='lat' dir='ltr'><strong>nullos</strong></span> <span class='ocrx_word' id='word_1_167' title='bbox 784 2348 906 2390; x_wconf 89' lang='lat' dir='ltr'><strong>esse</strong></span> <span class='ocrx_word' id='word_1_168' title='bbox 954 2336 1156 2391; x_wconf 87' lang='lat' dir='ltr'><strong>debere</strong></span> <span class='ocrx_word' id='word_1_169' title='bbox 1195 2338 1398 2393; x_wconf 89' lang='lat' dir='ltr'><strong>limites</strong></span> <span class='ocrx_word' id='word_1_170' title='bbox 1450 2337 1752 2393; x_wconf 70' lang='lat' dir='ltr'><strong>clementia:</strong></span> <span class='ocrx_word' id='word_1_171' title='bbox 1789 2338 2000 2408; x_wconf 83' lang='lat' dir='ltr'><strong>signiﬁ-</strong></span> 
     </span>
    </p>
   </div>
   <div class='ocr_carea' id='block_1_27' title="bbox 424 2425 2001 2500">
    <p class='ocr_par' dir='ltr' id='par_1_27' title="bbox 424 2425 2001 2500">
     <span class='ocr_line' id='line_1_27' title="bbox 424 2425 2001 2500; baseline 0.003 -22"><span class='ocrx_word' id='word_1_172' title='bbox 424 2438 583 2489; x_wconf 82' lang='lat' dir='ltr'><strong>cans,</strong></span> <span class='ocrx_word' id='word_1_173' title='bbox 633 2425 709 2479; x_wconf 89' lang='lat' dir='ltr'><strong>ait</strong></span> <span class='ocrx_word' id='word_1_174' title='bbox 747 2425 898 2492; x_wconf 92' lang='lat' dir='ltr'><strong>illud,</strong></span> <span class='ocrx_word' id='word_1_175' title='bbox 944 2430 1239 2500; x_wconf 74' lang='lat' dir='ltr'><strong>septuagies</strong></span> <span class='ocrx_word' id='word_1_176' title='bbox 1273 2439 1505 2497; x_wconf 79' lang='lat' dir='ltr'><strong>septem:</strong></span> <span class='ocrx_word' id='word_1_177' title='bbox 1556 2429 1657 2483; x_wconf 91' lang='lat' dir='ltr'><strong>hoc</strong></span> <span class='ocrx_word' id='word_1_178' title='bbox 1710 2438 1816 2495; x_wconf 87' lang='lat' dir='ltr'><strong>est,</strong></span> <span class='ocrx_word' id='word_1_179' title='bbox 1866 2444 2001 2498; x_wconf 91' lang='lat' dir='ltr'><strong>quo-</strong></span> 
     </span>
    </p>
   </div>
   <div class='ocr_carea' id='block_1_28' title="bbox 2114 499 3684 577">
    <p class='ocr_par' dir='ltr' id='par_1_28' title="bbox 2114 499 3684 577">
     <span class='ocr_line' id='line_1_28' title="bbox 2114 499 3684 577; baseline 0.006 -25"><span class='ocrx_word' id='word_1_180' title='bbox 2114 500 2212 570; x_wconf 80' lang='grc' dir='ltr'><strong>μὲν</strong></span> <span class='ocrx_word' id='word_1_181' title='bbox 2243 500 2337 555; x_wconf 85' lang='grc' dir='ltr'><strong>τοῦ</strong></span> <span class='ocrx_word' id='word_1_182' title='bbox 2370 499 2638 571; x_wconf 86' lang='grc' dir='ltr'>σώματος,</span> <span class='ocrx_word' id='word_1_183' title='bbox 2661 501 2753 555; x_wconf 86' lang='grc' dir='ltr'><strong>τοῦ</strong></span> <span class='ocrx_word' id='word_1_184' title='bbox 2784 502 2839 556; x_wconf 84' lang='grc' dir='ltr'>δὲ</span> <span class='ocrx_word' id='word_1_185' title='bbox 2870 504 3175 576; x_wconf 86' lang='grc' dir='ltr'>πνεύματος</span> <span class='ocrx_word' id='word_1_186' title='bbox 3202 506 3568 577; x_wconf 81' lang='grc' dir='ltr'><strong>μεταδιδόντος</strong></span> <span class='ocrx_word' id='word_1_187' title='bbox 3589 509 3684 562; x_wconf 84' lang='grc' dir='ltr'>αὑ-</span> 
     </span>
    </p>
   </div>
   <div class='ocr_carea' id='block_1_29' title="bbox 2088 592 3680 679">
    <p class='ocr_par' dir='ltr' id='par_1_29' title="bbox 2088 592 3680 679">
     <span class='ocr_line' id='line_1_29' title="bbox 2088 592 3680 679; baseline 0.006 -35"><span class='ocrx_word' id='word_1_188' title='bbox 2088 592 2188 663; x_wconf 80' lang='grc' dir='ltr'>’τῷ</span> <span class='ocrx_word' id='word_1_189' title='bbox 2219 593 2368 657; x_wconf 88' lang='grc' dir='ltr'>θείας</span> <span class='ocrx_word' id='word_1_190' title='bbox 2402 594 2566 665; x_wconf 76' lang='grc' dir='ltr'>ζωῆςο</span> <span class='ocrx_word' id='word_1_191' title='bbox 2599 594 2757 663; x_wconf 82' lang='grc' dir='ltr'>τρεῖς</span> <span class='ocrx_word' id='word_1_192' title='bbox 2785 595 2841 648; x_wconf 85' lang='grc' dir='ltr'><strong>δέ</strong></span> <span class='ocrx_word' id='word_1_193' title='bbox 2867 614 2926 649; x_wconf 87' lang='grc' dir='ltr'><strong>τε</strong></span> <span class='ocrx_word' id='word_1_194' title='bbox 2953 597 3064 669; x_wconf 77' lang='grc'><strong>(15)</strong></span> <span class='ocrx_word' id='word_1_195' title='bbox 3092 598 3400 679; x_wconf 76' lang='grc' dir='ltr'>ὀλόκληρον,</span> <span class='ocrx_word' id='word_1_196' title='bbox 3429 599 3643 671; x_wconf 85' lang='grc' dir='ltr'>πνεῦμα</span> <span class='ocrx_word' id='word_1_197' title='bbox 3664 642 3680 667; x_wconf 96' lang='grc'><strong>,</strong></span> 
     </span>
    </p>
   </div>
   <div class='ocr_carea' id='block_1_30' title="bbox 2108 681 3684 759">
    <p class='ocr_par' dir='ltr' id='par_1_30' title="bbox 2108 681 3684 759">
     <span class='ocr_line' id='line_1_30' title="bbox 2108 681 3684 759; baseline 0.007 -25"><span class='ocrx_word' id='word_1_198' title='bbox 2108 681 2283 753; x_wconf 76' lang='grc' dir='ltr'>ψυχὴ,</span> <span class='ocrx_word' id='word_1_199' title='bbox 2315 683 2494 754; x_wconf 83' lang='grc' dir='ltr'>σῶμα,</span> <span class='ocrx_word' id='word_1_200' title='bbox 2523 688 2679 756; x_wconf 87' lang='grc' dir='ltr'>τηρεῖ</span> <span class='ocrx_word' id='word_1_201' title='bbox 2706 688 2773 756; x_wconf 80' lang='grc' dir='ltr'>τῇ</span> <span class='ocrx_word' id='word_1_202' title='bbox 2810 688 3083 759; x_wconf 78' lang='grc' dir='ltr'><strong>παρουσίᾳ</strong></span> <span class='ocrx_word' id='word_1_203' title='bbox 3120 689 3375 759; x_wconf 79' lang='grc' dir='ltr'><strong>Χριστοῦ·</strong></span> <span class='ocrx_word' id='word_1_204' title='bbox 3418 691 3488 743; x_wconf 85' lang='grc' dir='ltr'><strong>Ἦ</strong></span> <span class='ocrx_word' id='word_1_205' title='bbox 3514 693 3568 744; x_wconf 92' lang='grc' dir='ltr'>αἱ</span> <span class='ocrx_word' id='word_1_206' title='bbox 3588 691 3684 745; x_wconf 80' lang='grc' dir='ltr'>δύο</span> 
     </span>
    </p>
   </div>
   <div class='ocr_carea' id='block_1_31' title="bbox 2088 774 3685 855">
    <p class='ocr_par' dir='ltr' id='par_1_31' title="bbox 2088 774 3685 855">
     <span class='ocr_line' id='line_1_31' title="bbox 2088 774 3685 855; baseline 0.006 -27"><span class='ocrx_word' id='word_1_207' title='bbox 2088 774 2382 847; x_wconf 76' lang='grc' dir='ltr'><strong>διαθῆκαι,</strong></span> <span class='ocrx_word' id='word_1_208' title='bbox 2417 778 2544 830; x_wconf 85' lang='grc' dir='ltr'>ὅταν</span> <span class='ocrx_word' id='word_1_209' title='bbox 2588 780 2617 831; x_wconf 99' lang='lat'><strong>6</strong></span> <span class='ocrx_word' id='word_1_210' title='bbox 2651 781 2997 848; x_wconf 84' lang='grc' dir='ltr'>συναγωγεὺς</span> <span class='ocrx_word' id='word_1_211' title='bbox 3037 780 3218 834; x_wconf 79' lang='grc' dir='ltr'>αὐτῶν</span> <span class='ocrx_word' id='word_1_212' title='bbox 3263 782 3323 835; x_wconf 83' lang='grc' dir='ltr'>τὸ</span> <span class='ocrx_word' id='word_1_213' title='bbox 3367 783 3589 854; x_wconf 82' lang='grc' dir='ltr'>Πνεῦμα</span> <span class='ocrx_word' id='word_1_214' title='bbox 3622 784 3685 855; x_wconf 84' lang='grc' dir='ltr'><strong>τὸ</strong></span> 
     </span>
    </p>
   </div>
   <div class='ocr_carea' id='block_1_32' title="bbox 2086 866 3685 946">
    <p class='ocr_par' dir='ltr' id='par_1_32' title="bbox 2086 866 3685 946">
     <span class='ocr_line' id='line_1_32' title="bbox 2086 866 3685 946; baseline 0.006 -26"><span class='ocrx_word' id='word_1_215' title='bbox 2086 867 2267 935; x_wconf 81' lang='grc' dir='ltr'>’ἆγιον</span> <span class='ocrx_word' id='word_1_216' title='bbox 2289 870 2347 922; x_wconf 82' lang='grc' dir='ltr'><strong>έν</strong></span> <span class='ocrx_word' id='word_1_217' title='bbox 2374 870 2564 934; x_wconf 79' lang='grc' dir='ltr'>αὐταῖς</span> <span class='ocrx_word' id='word_1_218' title='bbox 2648 889 2661 901; x_wconf 90' lang='grc'>·</span> <span class='ocrx_word' id='word_1_219' title='bbox 2688 871 2847 940; x_wconf 82' lang='grc' dir='ltr'><strong>τρεῖς</strong></span> <span class='ocrx_word' id='word_1_220' title='bbox 2869 872 2946 938; x_wconf 79' lang='grc' dir='ltr'><strong>δὲ,</strong></span> <span class='ocrx_word' id='word_1_221' title='bbox 2975 875 3157 945; x_wconf 90' lang='grc' dir='ltr'>νόμον,</span> <span class='ocrx_word' id='word_1_222' title='bbox 3189 876 3492 946; x_wconf 75' lang='grc' dir='ltr'><strong>προφήτας,</strong></span> <span class='ocrx_word' id='word_1_223' title='bbox 3510 877 3685 945; x_wconf 85' lang='grc' dir='ltr'>Εὐαγ-</span> 
     </span>
    </p>
   </div>
   <div class='ocr_carea' id='block_1_33' title="bbox 2092 954 3678 1038">
    <p class='ocr_par' dir='ltr' id='par_1_33' title="bbox 2092 954 3678 1038">
     <span class='ocr_line' id='line_1_33' title="bbox 2092 954 3678 1038; baseline 0.02 -29"><span class='ocrx_word' id='word_1_224' title='bbox 2092 959 2288 1028; x_wconf 58' lang='grc' dir='ltr'>ηγέλιον</span> <span class='ocrx_word' id='word_1_225' title='bbox 2308 976 2320 988; x_wconf 85' lang='grc'>·</span> <span class='ocrx_word' id='word_1_226' title='bbox 2352 960 2575 1033; x_wconf 82' lang='grc' dir='ltr'>ἢθυμὺν</span> <span class='ocrx_word' id='word_1_227' title='bbox 2603 966 2698 1016; x_wconf 80' lang='grc' dir='ltr'><strong>καὶ</strong></span> <span class='ocrx_word' id='word_1_228' title='bbox 2725 954 3034 1033; x_wconf 72' lang='grc' dir='ltr'>ἐπιθυμίαν,</span> <span class='ocrx_word' id='word_1_229' title='bbox 3058 965 3151 1018; x_wconf 77' lang='grc' dir='ltr'><strong>καὶ</strong></span> <span class='ocrx_word' id='word_1_230' title='bbox 3180 964 3437 1036; x_wconf 75' lang='grc' dir='ltr'>λογισμόν</span> <span class='ocrx_word' id='word_1_231' title='bbox 3466 982 3478 995; x_wconf 89' lang='lat'><strong>&#39;</strong></span> <span class='ocrx_word' id='word_1_232' title='bbox 3526 965 3678 1038; x_wconf 73' lang='grc' dir='ltr'><strong>ἥτὴν</strong></span> 
     </span>
    </p>
   </div>
   <div class='ocr_carea' id='block_1_34' title="bbox 2092 1040 3681 1129">
    <p class='ocr_par' dir='ltr' id='par_1_34' title="bbox 2092 1040 3681 1129">
     <span class='ocr_line' id='line_1_34' title="bbox 2092 1040 3681 1129; baseline 0.005 -25"><span class='ocrx_word' id='word_1_233' title='bbox 2092 1049 2303 1120; x_wconf 73' lang='grc' dir='ltr'>κλῆσιν</span> <span class='ocrx_word' id='word_1_234' title='bbox 2345 1053 2438 1105; x_wconf 73' lang='grc' dir='ltr'><strong>καὶ</strong></span> <span class='ocrx_word' id='word_1_235' title='bbox 2471 1054 2700 1126; x_wconf 77' lang='grc' dir='ltr'>ἐκλογὴν</span> <span class='ocrx_word' id='word_1_236' title='bbox 2720 1098 2734 1122; x_wconf 89' lang='grc'><strong>,</strong></span> <span class='ocrx_word' id='word_1_237' title='bbox 2768 1057 2862 1109; x_wconf 81' lang='grc' dir='ltr'><strong>καὶ</strong></span> <span class='ocrx_word' id='word_1_238' title='bbox 2906 1056 2966 1109; x_wconf 85' lang='grc' dir='ltr'>τὸ</span> <span class='ocrx_word' id='word_1_239' title='bbox 3000 1057 3077 1119; x_wconf 88' lang='grc' dir='ltr'><strong>είς</strong></span> <span class='ocrx_word' id='word_1_240' title='bbox 3107 1055 3329 1128; x_wconf 85' lang='grc' dir='ltr'>πρώτην</span> <span class='ocrx_word' id='word_1_241' title='bbox 3361 1059 3521 1129; x_wconf 78' lang='grc' dir='ltr'>τιμὴν</span> <span class='ocrx_word' id='word_1_242' title='bbox 3549 1040 3681 1113; x_wconf 85' lang='grc' dir='ltr'>τασ-</span> 
     </span>
    </p>
   </div>
   <div class='ocr_carea' id='block_1_35' title="bbox 2112 1142 3684 1219">
    <p class='ocr_par' dir='ltr' id='par_1_35' title="bbox 2112 1142 3684 1219">
     <span class='ocr_line' id='line_1_35' title="bbox 2112 1142 3684 1219; baseline 0.008 -26"><span class='ocrx_word' id='word_1_243' title='bbox 2112 1142 2337 1212; x_wconf 90' lang='grc' dir='ltr'>σόμενον</span> <span class='ocrx_word' id='word_1_244' title='bbox 2365 1144 2520 1211; x_wconf 85' lang='grc' dir='ltr'>γένος</span> <span class='ocrx_word' id='word_1_245' title='bbox 2552 1146 2670 1216; x_wconf 77' lang='grc' dir='ltr'>μεθ’</span> <span class='ocrx_word' id='word_1_246' title='bbox 2691 1147 2867 1218; x_wconf 85' lang='grc' dir='ltr'>ἡμῶν.</span> <span class='ocrx_word' id='word_1_247' title='bbox 2887 1149 2962 1219; x_wconf 83' lang='grc' dir='ltr'><strong>Τή</strong></span> <span class='ocrx_word' id='word_1_248' title='bbox 2973 1166 3051 1219; x_wconf 86' lang='grc' dir='ltr'><strong>ρει</strong></span> <span class='ocrx_word' id='word_1_249' title='bbox 3074 1148 3151 1214; x_wconf 84' lang='grc' dir='ltr'>δὲ,</span> <span class='ocrx_word' id='word_1_250' title='bbox 3169 1150 3361 1203; x_wconf 80' lang='grc' dir='ltr'>ὅτιούκ</span> <span class='ocrx_word' id='word_1_251' title='bbox 3377 1147 3527 1205; x_wconf 82' lang='grc' dir='ltr'>εἶπεν</span> <span class='ocrx_word' id='word_1_252' title='bbox 3547 1152 3684 1205; x_wconf 80' lang='grc' dir='ltr'>ἔσο-</span> 
     </span>
    </p>
   </div>
   <div class='ocr_carea' id='block_1_36' title="bbox 2104 1234 3681 1317">
    <p class='ocr_par' dir='ltr' id='par_1_36' title="bbox 2104 1234 3681 1317">
     <span class='ocr_line' id='line_1_36' title="bbox 2104 1234 3681 1317; baseline 0.007 -32"><span class='ocrx_word' id='word_1_253' title='bbox 2104 1250 2211 1302; x_wconf 82' lang='grc' dir='ltr'><strong>μαι</strong></span> <span class='ocrx_word' id='word_1_254' title='bbox 2232 1256 2253 1299; x_wconf 49' lang='grc' dir='ltr'>,ν</span> <span class='ocrx_word' id='word_1_255' title='bbox 2286 1234 2398 1287; x_wconf 88' lang='grc' dir='ltr'>ἀλλ’</span> <span class='ocrx_word' id='word_1_256' title='bbox 2424 1238 2560 1305; x_wconf 81' lang='grc' dir='ltr'>εἰμί.</span> <span class='ocrx_word' id='word_1_257' title='bbox 2581 1238 2666 1301; x_wconf 87' lang='grc' dir='ltr'><strong>Ὠς</strong></span> <span class='ocrx_word' id='word_1_258' title='bbox 2693 1239 2825 1303; x_wconf 83' lang='grc' dir='ltr'><strong>Θεὸς</strong></span> <span class='ocrx_word' id='word_1_259' title='bbox 2857 1240 2966 1311; x_wconf 80' lang='grc' dir='ltr'>γὰρ</span> <span class='ocrx_word' id='word_1_260' title='bbox 2997 1240 3269 1311; x_wconf 80' lang='grc' dir='ltr'>πανταχοῦ</span> <span class='ocrx_word' id='word_1_261' title='bbox 3308 1241 3403 1307; x_wconf 84' lang='grc' dir='ltr'><strong>ὢν,</strong></span> <span class='ocrx_word' id='word_1_262' title='bbox 3448 1246 3505 1296; x_wconf 85' lang='grc' dir='ltr'>ὲν</span> <span class='ocrx_word' id='word_1_263' title='bbox 3534 1244 3681 1317; x_wconf 82' lang='grc' dir='ltr'>μέσῳ</span> 
     </span>
    </p>
   </div>
   <div class='ocr_carea' id='block_1_37' title="bbox 2109 1326 3680 1406">
    <p class='ocr_par' dir='ltr' id='par_1_37' title="bbox 2109 1326 3680 1406">
     <span class='ocr_line' id='line_1_37' title="bbox 2109 1326 3680 1406; baseline 0.008 -30"><span class='ocrx_word' id='word_1_264' title='bbox 2109 1326 2225 1377; x_wconf 77' lang='grc' dir='ltr'>ἐστὶ</span> <span class='ocrx_word' id='word_1_265' title='bbox 2267 1326 2372 1379; x_wconf 85' lang='grc' dir='ltr'>τῶν</span> <span class='ocrx_word' id='word_1_266' title='bbox 2405 1327 2472 1381; x_wconf 90' lang='grc' dir='ltr'>δι’</span> <span class='ocrx_word' id='word_1_267' title='bbox 2494 1329 2773 1394; x_wconf 76' lang='grc' dir='ltr'>εὐσεϐείας</span> <span class='ocrx_word' id='word_1_268' title='bbox 2816 1331 3253 1403; x_wconf 76' lang='grc' dir='ltr'>συναπτομένων.</span> <span class='ocrx_word' id='word_1_269' title='bbox 3292 1334 3354 1386; x_wconf 84' lang='grc' dir='ltr'><strong>Ἠ</strong></span> <span class='ocrx_word' id='word_1_270' title='bbox 3392 1334 3501 1406; x_wconf 82' lang='grc' dir='ltr'><strong>γὰρ</strong></span> <span class='ocrx_word' id='word_1_271' title='bbox 3541 1353 3680 1389; x_wconf 86' lang='grc' dir='ltr'>παν-</span> 
     </span>
    </p>
   </div>
   <div class='ocr_carea' id='block_1_38' title="bbox 2111 1415 3682 1499">
    <p class='ocr_par' dir='ltr' id='par_1_38' title="bbox 2111 1415 3682 1499">
     <span class='ocr_line' id='line_1_38' title="bbox 2111 1415 3682 1499; baseline 0.01 -32"><span class='ocrx_word' id='word_1_272' title='bbox 2111 1415 2408 1481; x_wconf 88' lang='grc' dir='ltr'>επίσκοπος</span> <span class='ocrx_word' id='word_1_273' title='bbox 2429 1419 2521 1472; x_wconf 93' lang='grc' dir='ltr'><strong>τοῦ</strong></span> <span class='ocrx_word' id='word_1_274' title='bbox 2551 1420 2686 1474; x_wconf 88' lang='grc' dir='ltr'><strong>Θεοῦ</strong></span> <span class='ocrx_word' id='word_1_275' title='bbox 2710 1421 2936 1493; x_wconf 84' lang='grc' dir='ltr'>δύναμις</span> <span class='ocrx_word' id='word_1_276' title='bbox 2966 1422 3257 1494; x_wconf 79' lang='grc' dir='ltr'>ἀμέριστος</span> <span class='ocrx_word' id='word_1_277' title='bbox 3284 1429 3509 1499; x_wconf 80' lang='grc' dir='ltr'>μεριστὴ</span> <span class='ocrx_word' id='word_1_278' title='bbox 3537 1428 3682 1496; x_wconf 87' lang='grc' dir='ltr'>γίνε-</span> 
     </span>
    </p>
   </div>
   <div class='ocr_carea' id='block_1_39' title="bbox 2109 1508 2562 1576">
    <p class='ocr_par' dir='ltr' id='par_1_39' title="bbox 2109 1508 2562 1576">
     <span class='ocr_line' id='line_1_39' title="bbox 2109 1508 2562 1576; baseline 0.013 -15"><span class='ocrx_word' id='word_1_279' title='bbox 2109 1524 2199 1561; x_wconf 90' lang='grc' dir='ltr'><strong>ται</strong></span> <span class='ocrx_word' id='word_1_280' title='bbox 2229 1510 2341 1572; x_wconf 87' lang='grc' dir='ltr'>τοῖς</span> <span class='ocrx_word' id='word_1_281' title='bbox 2373 1508 2562 1576; x_wconf 83' lang='grc' dir='ltr'>ἀξίοις.</span> 
     </span>
    </p>
   </div>
   <div class='ocr_carea' id='block_1_40' title="bbox 2195 1785 3680 1865">
    <p class='ocr_par' dir='ltr' id='par_1_40' title="bbox 2195 1785 3680 1865">
     <span class='ocr_line' id='line_1_40' title="bbox 2195 1785 3680 1865; baseline 0.005 -27"><span class='ocrx_word' id='word_1_282' title='bbox 2195 1786 2410 1857; x_wconf 80' lang='grc' dir='ltr'>Ἐπειδὴ</span> <span class='ocrx_word' id='word_1_283' title='bbox 2454 1785 2563 1853; x_wconf 80' lang='grc' dir='ltr'><strong>τῶν</strong></span> <span class='ocrx_word' id='word_1_284' title='bbox 2600 1789 2680 1851; x_wconf 85' lang='grc' dir='ltr'><strong>είς</strong></span> <span class='ocrx_word' id='word_1_285' title='bbox 2723 1790 2867 1859; x_wconf 79' lang='grc' dir='ltr'>ἡμᾶς</span> <span class='ocrx_word' id='word_1_286' title='bbox 2906 1790 3257 1860; x_wconf 76' lang='grc' dir='ltr'>πταισμάτων</span> <span class='ocrx_word' id='word_1_287' title='bbox 3300 1793 3461 1862; x_wconf 84' lang='grc' dir='ltr'>ἡμεῖς</span> <span class='ocrx_word' id='word_1_288' title='bbox 3504 1792 3680 1865; x_wconf 80' lang='grc' dir='ltr'>κύριοί</span> 
     </span>
    </p>
   </div>
   <div class='ocr_carea' id='block_1_41' title="bbox 2112 1878 3683 1954">
    <p class='ocr_par' dir='ltr' id='par_1_41' title="bbox 2112 1878 3683 1954">
     <span class='ocr_line' id='line_1_41' title="bbox 2112 1878 3683 1954; baseline 0.005 -24"><span class='ocrx_word' id='word_1_289' title='bbox 2112 1880 2276 1949; x_wconf 82' lang='grc' dir='ltr'>ὲσμεν</span> <span class='ocrx_word' id='word_1_290' title='bbox 2292 1878 2384 1932; x_wconf 90' lang='grc' dir='ltr'><strong>τοῦ</strong></span> <span class='ocrx_word' id='word_1_291' title='bbox 2404 1884 2724 1952; x_wconf 83' lang='grc' dir='ltr'>συγχωρεῖν,</span> <span class='ocrx_word' id='word_1_292' title='bbox 2743 1884 2802 1935; x_wconf 76' lang='grc' dir='ltr'><strong>οὐ</strong></span> <span class='ocrx_word' id='word_1_293' title='bbox 2829 1882 2902 1953; x_wconf 81' lang='grc' dir='ltr'>μὴ</span> <span class='ocrx_word' id='word_1_294' title='bbox 2921 1882 3034 1953; x_wconf 77' lang='grc'><strong>(14)</strong></span> <span class='ocrx_word' id='word_1_295' title='bbox 3052 1883 3155 1935; x_wconf 84' lang='grc' dir='ltr'>τῶν</span> <span class='ocrx_word' id='word_1_296' title='bbox 3188 1885 3267 1946; x_wconf 84' lang='grc' dir='ltr'>εἰς</span> <span class='ocrx_word' id='word_1_297' title='bbox 3303 1884 3435 1937; x_wconf 72' lang='grc' dir='ltr'>Θεὸν</span> <span class='ocrx_word' id='word_1_298' title='bbox 3456 1885 3683 1954; x_wconf 78' lang='grc' dir='ltr'>φθανόν-</span> 
     </span>
    </p>
   </div>
   <div class='ocr_carea' id='block_1_42' title="bbox 2110 1969 3677 2047">
    <p class='ocr_par' dir='ltr' id='par_1_42' title="bbox 2110 1969 3677 2047">
     <span class='ocr_line' id='line_1_42' title="bbox 2110 1969 3677 2047; baseline 0.004 -24"><span class='ocrx_word' id='word_1_299' title='bbox 2110 1987 2217 2023; x_wconf 87' lang='grc' dir='ltr'><strong>των</strong></span> <span class='ocrx_word' id='word_1_300' title='bbox 2237 1973 2284 2023; x_wconf 88' lang='grc' dir='ltr'><strong>εί</strong></span> <span class='ocrx_word' id='word_1_301' title='bbox 2315 1971 2388 2043; x_wconf 78' lang='grc' dir='ltr'>μὴ</span> <span class='ocrx_word' id='word_1_302' title='bbox 2412 1973 2573 2035; x_wconf 81' lang='grc' dir='ltr'>αὐτὸς</span> <span class='ocrx_word' id='word_1_303' title='bbox 2597 1975 2625 2025; x_wconf 97' lang='lat'><strong>6</strong></span> <span class='ocrx_word' id='word_1_304' title='bbox 2645 1974 2778 2037; x_wconf 85' lang='grc' dir='ltr'>Θεός</span> <span class='ocrx_word' id='word_1_305' title='bbox 2797 1990 2812 2006; x_wconf 78' lang='grc'><strong><em>⁸</em></strong></span> <span class='ocrx_word' id='word_1_306' title='bbox 2840 1974 2926 2026; x_wconf 81' lang='grc' dir='ltr'><strong>διὰ</strong></span> <span class='ocrx_word' id='word_1_307' title='bbox 2951 1974 3108 2027; x_wconf 85' lang='grc' dir='ltr'>τοῦτο</span> <span class='ocrx_word' id='word_1_308' title='bbox 3131 1969 3282 2029; x_wconf 78' lang='grc' dir='ltr'>εἶπεν</span> <span class='ocrx_word' id='word_1_309' title='bbox 3314 1976 3342 2026; x_wconf 85' lang='grc' dir='ltr'><strong>ὁ</strong></span> <span class='ocrx_word' id='word_1_310' title='bbox 3371 1976 3575 2047; x_wconf 84' lang='grc' dir='ltr'>Πέτρος</span> <span class='ocrx_word' id='word_1_311' title='bbox 3595 1977 3677 2041; x_wconf 83' lang='grc' dir='ltr'><strong>τὺ,</strong></span> 
     </span>
    </p>
   </div>
   <div class='ocr_carea' id='block_1_43' title="bbox 2109 2063 3678 2138">
    <p class='ocr_par' dir='ltr' id='par_1_43' title="bbox 2109 2063 3678 2138">
     <span class='ocr_line' id='line_1_43' title="bbox 2109 2063 3678 2138; baseline 0.003 -21"><span class='ocrx_word' id='word_1_312' title='bbox 2109 2066 2197 2129; x_wconf 86' lang='grc' dir='ltr'>εὶς</span> <span class='ocrx_word' id='word_1_313' title='bbox 2209 2063 2330 2133; x_wconf 82' lang='grc' dir='ltr'>ἐμέ.</span> <span class='ocrx_word' id='word_1_314' title='bbox 2350 2064 2595 2136; x_wconf 78' lang='grc' dir='ltr'>Ἐρωτῶν</span> <span class='ocrx_word' id='word_1_315' title='bbox 2611 2065 2738 2136; x_wconf 80' lang='grc' dir='ltr'>γὰρ,</span> <span class='ocrx_word' id='word_1_316' title='bbox 2757 2066 2860 2128; x_wconf 81' lang='grc' dir='ltr'>’έως</span> <span class='ocrx_word' id='word_1_317' title='bbox 2874 2066 3018 2128; x_wconf 82' lang='grc' dir='ltr'>τίνος</span> <span class='ocrx_word' id='word_1_318' title='bbox 3033 2065 3188 2137; x_wconf 82' lang='grc' dir='ltr'>χρεία</span> <span class='ocrx_word' id='word_1_319' title='bbox 3209 2066 3281 2137; x_wconf 84' lang='grc' dir='ltr'>μὴ</span> <span class='ocrx_word' id='word_1_320' title='bbox 3303 2070 3678 2138; x_wconf 85' lang='grc' dir='ltr'>μνησικακεῖν,</span> 
     </span>
    </p>
   </div>
   <div class='ocr_carea' id='block_1_44' title="bbox 2109 2154 3681 2229">
    <p class='ocr_par' dir='ltr' id='par_1_44' title="bbox 2109 2154 3681 2229">
     <span class='ocr_line' id='line_1_44' title="bbox 2109 2154 3681 2229; baseline 0.002 -21"><span class='ocrx_word' id='word_1_321' title='bbox 2109 2154 2184 2218; x_wconf 84' lang='grc' dir='ltr'><strong>ὡς</strong></span> <span class='ocrx_word' id='word_1_322' title='bbox 2221 2155 2361 2225; x_wconf 88' lang='grc' dir='ltr'>μέγα</span> <span class='ocrx_word' id='word_1_323' title='bbox 2402 2156 2708 2228; x_wconf 87' lang='grc' dir='ltr'>προσέθηκε</span> <span class='ocrx_word' id='word_1_324' title='bbox 2754 2155 2834 2221; x_wconf 84' lang='grc' dir='ltr'><strong>τὸ,</strong></span> <span class='ocrx_word' id='word_1_325' title='bbox 2871 2156 3134 2222; x_wconf 79' lang='grc' dir='ltr'>ἑπτάκις.</span> <span class='ocrx_word' id='word_1_326' title='bbox 3185 2157 3242 2210; x_wconf 86' lang='lat' dir='ltr'><strong>&#39;U</strong></span> <span class='ocrx_word' id='word_1_327' title='bbox 3269 2158 3323 2211; x_wconf 85' lang='grc' dir='ltr'>δὲ</span> <span class='ocrx_word' id='word_1_328' title='bbox 3351 2158 3582 2229; x_wconf 80' lang='grc' dir='ltr'>Κύριος,</span> <span class='ocrx_word' id='word_1_329' title='bbox 3620 2158 3681 2211; x_wconf 77' lang='grc' dir='ltr'>τὸ</span> 
     </span>
    </p>
   </div>
   <div class='ocr_carea' id='block_1_45' title="bbox 2110 2245 3681 2319">
    <p class='ocr_par' dir='ltr' id='par_1_45' title="bbox 2110 2245 3681 2319">
     <span class='ocr_line' id='line_1_45' title="bbox 2110 2245 3681 2319; baseline 0.004 -21"><span class='ocrx_word' id='word_1_330' title='bbox 2110 2245 2334 2316; x_wconf 81' lang='grc' dir='ltr'>ἇπέιρον</span> <span class='ocrx_word' id='word_1_331' title='bbox 2358 2247 2638 2319; x_wconf 82' lang='grc' dir='ltr'>σημαίνων</span> <span class='ocrx_word' id='word_1_332' title='bbox 2672 2248 2775 2318; x_wconf 77' lang='grc' dir='ltr'>τῆς</span> <span class='ocrx_word' id='word_1_333' title='bbox 2808 2248 3190 2314; x_wconf 78' lang='grc' dir='ltr'>ἀνεξικακίας,</span> <span class='ocrx_word' id='word_1_334' title='bbox 3224 2245 3375 2302; x_wconf 80' lang='grc' dir='ltr'>εἷπεν</span> <span class='ocrx_word' id='word_1_335' title='bbox 3406 2251 3487 2313; x_wconf 87' lang='grc' dir='ltr'><strong>τὸ,</strong></span> <span class='ocrx_word' id='word_1_336' title='bbox 3515 2250 3681 2304; x_wconf 82' lang='grc' dir='ltr'>ἐϐδο-</span> 
     </span>
    </p>
   </div>
   <div class='ocr_carea' id='block_1_46' title="bbox 2102 2337 3683 2414">
    <p class='ocr_par' dir='ltr' id='par_1_46' title="bbox 2102 2337 3683 2414">
     <span class='ocr_line' id='line_1_46' title="bbox 2102 2337 3683 2414; baseline 0.003 -23"><span class='ocrx_word' id='word_1_337' title='bbox 2102 2337 2470 2407; x_wconf 80' lang='grc' dir='ltr'>μηκοντάκις</span> <span class='ocrx_word' id='word_1_338' title='bbox 2520 2340 2703 2393; x_wconf 81' lang='grc' dir='ltr'>ἑπτά·</span> <span class='ocrx_word' id='word_1_339' title='bbox 2742 2339 3051 2394; x_wconf 81' lang='grc' dir='ltr'>τουτέστιν·</span> <span class='ocrx_word' id='word_1_340' title='bbox 3097 2341 3314 2405; x_wconf 85' lang='grc' dir='ltr'>Ὁσάκις</span> <span class='ocrx_word' id='word_1_341' title='bbox 3345 2342 3561 2414; x_wconf 84' lang='grc' dir='ltr'>ἁμάρτῃ</span> <span class='ocrx_word' id='word_1_342' title='bbox 3599 2344 3683 2406; x_wconf 77' lang='grc' dir='ltr'>εἰς</span> 
     </span>
    </p>
   </div>
   <div class='ocr_carea' id='block_1_47' title="bbox 2110 2430 2985 2503">
    <p class='ocr_par' dir='ltr' id='par_1_47' title="bbox 2110 2430 2985 2503">
     <span class='ocr_line' id='line_1_47' title="bbox 2110 2430 2985 2503; baseline 0.005 -20"><span class='ocrx_word' id='word_1_343' title='bbox 2110 2431 2201 2497; x_wconf 88' lang='grc' dir='ltr'><strong>σὲ,</strong></span> <span class='ocrx_word' id='word_1_344' title='bbox 2232 2430 2332 2484; x_wconf 66' lang='grc' dir='ltr'><strong>ἐὰν</strong></span> <span class='ocrx_word' id='word_1_345' title='bbox 2362 2434 2593 2502; x_wconf 81' lang='grc' dir='ltr'>μετανοῇ</span> <span class='ocrx_word' id='word_1_346' title='bbox 2617 2472 2631 2497; x_wconf 90' lang='grc'><strong>,</strong></span> <span class='ocrx_word' id='word_1_347' title='bbox 2659 2432 2793 2502; x_wconf 79' lang='grc' dir='ltr'>ἄφες</span> <span class='ocrx_word' id='word_1_348' title='bbox 2818 2431 2985 2503; x_wconf 84' lang='grc' dir='ltr'>αὐτῷ.</span> 
     </span>
    </p>
   </div>
   <div class='ocr_carea' id='block_1_48' title="bbox 426 2517 2234 2589">
    <p class='ocr_par' dir='ltr' id='par_1_48' title="bbox 426 2517 2234 2589">
     <span class='ocr_line' id='line_1_48' title="bbox 426 2517 2234 2589; baseline 0.002 -18"><span class='ocrx_word' id='word_1_349' title='bbox 426 2517 756 2587; x_wconf 83' lang='lat' dir='ltr'><strong>tieseunque</strong></span> <span class='ocrx_word' id='word_1_350' title='bbox 817 2527 1003 2587; x_wconf 89' lang='lat' dir='ltr'><strong>peccet</strong></span> <span class='ocrx_word' id='word_1_351' title='bbox 1056 2520 1107 2573; x_wconf 92' lang='lat' dir='ltr'><strong>in</strong></span> <span class='ocrx_word' id='word_1_352' title='bbox 1170 2529 1261 2586; x_wconf 86' lang='lat' dir='ltr'><strong>to,</strong></span> <span class='ocrx_word' id='word_1_353' title='bbox 1321 2520 1365 2574; x_wconf 88' lang='lat' dir='ltr'><strong>si</strong></span> <span class='ocrx_word' id='word_1_354' title='bbox 1419 2536 1541 2574; x_wconf 91' lang='lat' dir='ltr'><strong>eum</strong></span> <span class='ocrx_word' id='word_1_355' title='bbox 1596 2520 1863 2589; x_wconf 80' lang='lat' dir='ltr'><strong>pcenitct,</strong></span> <span class='ocrx_word' id='word_1_356' title='bbox 1921 2520 2132 2575; x_wconf 87' lang='lat' dir='ltr'><strong>dimitte</strong></span> <span class='ocrx_word' id='word_1_357' title='bbox 2163 2521 2234 2575; x_wconf 89' lang='lat' dir='ltr'><strong>ei.</strong></span> 
     </span>
    </p>
   </div>
   <div class='ocr_carea' id='block_1_49' title="bbox 499 2614 1997 2681">
    <p class='ocr_par' dir='ltr' id='par_1_49' title="bbox 499 2614 1997 2681">
     <span class='ocr_line' id='line_1_49' title="bbox 499 2614 1997 2681; baseline 0.003 -15"><span class='ocrx_word' id='word_1_358' title='bbox 499 2614 763 2681; x_wconf 80' lang='lat' dir='ltr'><strong>Quoniam</strong></span> <span class='ocrx_word' id='word_1_359' title='bbox 816 2614 868 2667; x_wconf 95' lang='lat' dir='ltr'><strong>in</strong></span> <span class='ocrx_word' id='word_1_360' title='bbox 919 2616 1407 2670; x_wconf 79' lang='lat' dir='ltr'><strong>excommunicatis</strong></span> <span class='ocrx_word' id='word_1_361' title='bbox 1458 2630 1769 2669; x_wconf 84' lang='lat' dir='ltr'><strong>mensuram</strong></span> <span class='ocrx_word' id='word_1_362' title='bbox 1822 2617 1997 2670; x_wconf 91' lang='lat' dir='ltr'><strong>deter-</strong></span> 
     </span>
    </p>
   </div>
   <div class='ocr_carea' id='block_1_50' title="bbox 424 2703 1999 2776">
    <p class='ocr_par' dir='ltr' id='par_1_50' title="bbox 424 2703 1999 2776">
     <span class='ocr_line' id='line_1_50' title="bbox 424 2703 1999 2776; baseline 0.001 -18"><span class='ocrx_word' id='word_1_363' title='bbox 424 2704 658 2758; x_wconf 82' lang='lat' dir='ltr'><strong>minavit</strong></span> <span class='ocrx_word' id='word_1_364' title='bbox 699 2703 951 2759; x_wconf 83' lang='lat' dir='ltr'><strong>Christus</strong></span> <span class='ocrx_word' id='word_1_365' title='bbox 981 2705 1118 2775; x_wconf 73' lang='grc'>(12),</span> <span class='ocrx_word' id='word_1_366' title='bbox 1152 2720 1258 2758; x_wconf 94' lang='lat' dir='ltr'><strong>non</strong></span> <span class='ocrx_word' id='word_1_367' title='bbox 1285 2706 1413 2761; x_wconf 91' lang='lat' dir='ltr'><strong>item</strong></span> <span class='ocrx_word' id='word_1_368' title='bbox 1443 2705 1606 2758; x_wconf 91' lang='lat' dir='ltr'><strong>etiam</strong></span> <span class='ocrx_word' id='word_1_369' title='bbox 1640 2706 1692 2759; x_wconf 90' lang='lat' dir='ltr'><strong>in</strong></span> <span class='ocrx_word' id='word_1_370' title='bbox 1742 2707 1999 2776; x_wconf 63' lang='lat' dir='ltr'><strong>paeniten-</strong></span> 
     </span>
    </p>
   </div>
   <div class='ocr_carea' id='block_1_51' title="bbox 429 2794 1999 2867">
    <p class='ocr_par' dir='ltr' id='par_1_51' title="bbox 429 2794 1999 2867">
     <span class='ocr_line' id='line_1_51' title="bbox 429 2794 1999 2867; baseline 0.003 -21"><span class='ocrx_word' id='word_1_371' title='bbox 429 2794 593 2860; x_wconf 90' lang='lat' dir='ltr'><strong>tibus,</strong></span> <span class='ocrx_word' id='word_1_372' title='bbox 627 2794 820 2847; x_wconf 86' lang='lat' dir='ltr'><strong>merito</strong></span> <span class='ocrx_word' id='word_1_373' title='bbox 854 2795 1155 2863; x_wconf 80' lang='lat' dir='ltr'><strong>interrogat</strong></span> <span class='ocrx_word' id='word_1_374' title='bbox 1184 2795 1393 2859; x_wconf 90' lang='lat' dir='ltr'><strong>Petrus,</strong></span> <span class='ocrx_word' id='word_1_375' title='bbox 1436 2810 1721 2867; x_wconf 86' lang='lat' dir='ltr'><strong>quousque</strong></span> <span class='ocrx_word' id='word_1_376' title='bbox 1749 2804 1999 2864; x_wconf 86' lang='lat' dir='ltr'><strong>oporteat</strong></span> 
     </span>
    </p>
   </div>
   <div class='ocr_carea' id='block_1_52' title="bbox 431 2886 1999 2958">
    <p class='ocr_par' dir='ltr' id='par_1_52' title="bbox 431 2886 1999 2958">
     <span class='ocr_line' id='line_1_52' title="bbox 431 2886 1999 2958; baseline 0.001 -19"><span class='ocrx_word' id='word_1_377' title='bbox 431 2886 706 2955; x_wconf 89' lang='lat' dir='ltr'><strong>suscipere</strong></span> <span class='ocrx_word' id='word_1_378' title='bbox 746 2886 1123 2953; x_wconf 80' lang='lat' dir='ltr'><strong>ptenitentem.</strong></span> <span class='ocrx_word' id='word_1_379' title='bbox 1175 2887 1410 2941; x_wconf 87' lang='lat' dir='ltr'><strong>Attende</strong></span> <span class='ocrx_word' id='word_1_380' title='bbox 1456 2904 1641 2957; x_wconf 93' lang='lat' dir='ltr'><strong>porro,</strong></span> <span class='ocrx_word' id='word_1_381' title='bbox 1675 2889 1717 2943; x_wconf 90' lang='lat' dir='ltr'><strong>si</strong></span> <span class='ocrx_word' id='word_1_382' title='bbox 1757 2888 1870 2942; x_wconf 83' lang='lat' dir='ltr'><strong>ﬁeri</strong></span> <span class='ocrx_word' id='word_1_383' title='bbox 1904 2902 1999 2958; x_wconf 88' lang='lat' dir='ltr'><strong>po-</strong></span> 
     </span>
    </p>
   </div>
   <div class='ocr_carea' id='block_1_53' title="bbox 432 2975 1997 3047">
    <p class='ocr_par' dir='ltr' id='par_1_53' title="bbox 432 2975 1997 3047">
     <span class='ocr_line' id='line_1_53' title="bbox 432 2975 1997 3047; baseline 0.003 -19"><span class='ocrx_word' id='word_1_384' title='bbox 432 2984 565 3030; x_wconf 80' lang='lat' dir='ltr'><strong>test:</strong></span> <span class='ocrx_word' id='word_1_385' title='bbox 610 2975 877 3043; x_wconf 85' lang='lat' dir='ltr'><strong>Quoniam</strong></span> <span class='ocrx_word' id='word_1_386' title='bbox 933 2991 1191 3031; x_wconf 82' lang='lat' dir='ltr'><strong>numerus</strong></span> <span class='ocrx_word' id='word_1_387' title='bbox 1247 2979 1496 3033; x_wconf 89' lang='lat' dir='ltr'><strong>senarius</strong></span> <span class='ocrx_word' id='word_1_388' title='bbox 1540 2981 1884 3047; x_wconf 82' lang='lat' dir='ltr'><strong>Operatorius</strong></span> <span class='ocrx_word' id='word_1_389' title='bbox 1916 2986 1997 3033; x_wconf 89' lang='lat' dir='ltr'><strong>est</strong></span> 
     </span>
    </p>
   </div>
   <div class='ocr_carea' id='block_1_54' title="bbox 2192 2615 3684 2694">
    <p class='ocr_par' dir='ltr' id='par_1_54' title="bbox 2192 2615 3684 2694">
     <span class='ocr_line' id='line_1_54' title="bbox 2192 2615 3684 2694; baseline 0.006 -25"><span class='ocrx_word' id='word_1_390' title='bbox 2192 2615 2406 2687; x_wconf 81' lang='grc' dir='ltr'>Ἐπειδὴ</span> <span class='ocrx_word' id='word_1_391' title='bbox 2447 2618 2539 2671; x_wconf 77' lang='grc' dir='ltr'>ὲπὶ</span> <span class='ocrx_word' id='word_1_392' title='bbox 2582 2617 2691 2671; x_wconf 83' lang='grc' dir='ltr'><strong>τῶν</strong></span> <span class='ocrx_word' id='word_1_393' title='bbox 2725 2618 3135 2690; x_wconf 80' lang='grc' dir='ltr'>ἀφοριζομένων</span> <span class='ocrx_word' id='word_1_394' title='bbox 3172 2621 3366 2692; x_wconf 89' lang='grc' dir='ltr'>μέτρον</span> <span class='ocrx_word' id='word_1_395' title='bbox 3408 2621 3607 2694; x_wconf 80' lang='grc' dir='ltr'>ὥρισεν</span> <span class='ocrx_word' id='word_1_396' title='bbox 3651 2626 3684 2678; x_wconf 94' lang='lat'><strong>6</strong></span> 
     </span>
    </p>
   </div>
   <div class='ocr_carea' id='block_1_55' title="bbox 2104 2709 3685 2782">
    <p class='ocr_par' dir='ltr' id='par_1_55' title="bbox 2104 2709 3685 2782">
     <span class='ocr_line' id='line_1_55' title="bbox 2104 2709 3685 2782; baseline 0.004 -22"><span class='ocrx_word' id='word_1_397' title='bbox 2104 2709 2339 2780; x_wconf 77' lang='grc' dir='ltr'>Χριστὸς</span> <span class='ocrx_word' id='word_1_398' title='bbox 2358 2750 2371 2771; x_wconf 93' lang='grc'><strong>,</strong></span> <span class='ocrx_word' id='word_1_399' title='bbox 2404 2709 2465 2761; x_wconf 84' lang='grc' dir='ltr'><strong>οὐ</strong></span> <span class='ocrx_word' id='word_1_400' title='bbox 2503 2709 2608 2781; x_wconf 86' lang='grc' dir='ltr'>μὴν</span> <span class='ocrx_word' id='word_1_401' title='bbox 2644 2711 2737 2763; x_wconf 77' lang='grc' dir='ltr'><strong>καὶ</strong></span> <span class='ocrx_word' id='word_1_402' title='bbox 2765 2711 2986 2764; x_wconf 76' lang='grc' dir='ltr'>ἐπὶτῶν</span> <span class='ocrx_word' id='word_1_403' title='bbox 3015 2711 3431 2782; x_wconf 81' lang='grc' dir='ltr'>μετανοούντων,</span> <span class='ocrx_word' id='word_1_404' title='bbox 3458 2714 3685 2778; x_wconf 76' lang='grc' dir='ltr'>εἰκότως</span> 
     </span>
    </p>
   </div>
   <div class='ocr_carea' id='block_1_56' title="bbox 2105 2799 3685 2871">
    <p class='ocr_par' dir='ltr' id='par_1_56' title="bbox 2105 2799 3685 2871">
     <span class='ocr_line' id='line_1_56' title="bbox 2105 2799 3685 2871; baseline 0.003 -20"><span class='ocrx_word' id='word_1_405' title='bbox 2105 2799 2283 2871; x_wconf 73' lang='grc' dir='ltr'>ἐρωτᾷ</span> <span class='ocrx_word' id='word_1_406' title='bbox 2316 2800 2344 2852; x_wconf 90' lang='lat'><strong>6</strong></span> <span class='ocrx_word' id='word_1_407' title='bbox 2382 2800 2588 2870; x_wconf 89' lang='grc' dir='ltr'>Πέτρος</span> <span class='ocrx_word' id='word_1_408' title='bbox 2635 2799 2727 2852; x_wconf 84' lang='grc' dir='ltr'>τό·</span> <span class='ocrx_word' id='word_1_409' title='bbox 2766 2799 2912 2862; x_wconf 87' lang='grc' dir='ltr'>Ἕως</span> <span class='ocrx_word' id='word_1_410' title='bbox 2959 2800 3128 2852; x_wconf 90' lang='grc' dir='ltr'>πόσου</span> <span class='ocrx_word' id='word_1_411' title='bbox 3174 2800 3255 2852; x_wconf 89' lang='grc' dir='ltr'><strong>δεῖ</strong></span> <span class='ocrx_word' id='word_1_412' title='bbox 3290 2801 3539 2871; x_wconf 74' lang='grc' dir='ltr'>δέχεσθαι</span> <span class='ocrx_word' id='word_1_413' title='bbox 3588 2803 3685 2857; x_wconf 85' lang='grc' dir='ltr'><strong>τὸν</strong></span> 
     </span>
    </p>
   </div>
   <div class='ocr_carea' id='block_1_57' title="bbox 2109 2891 3685 2965">
    <p class='ocr_par' dir='ltr' id='par_1_57' title="bbox 2109 2891 3685 2965">
     <span class='ocr_line' id='line_1_57' title="bbox 2109 2891 3685 2965; baseline 0.003 -21"><span class='ocrx_word' id='word_1_414' title='bbox 2109 2891 2508 2963; x_wconf 86' lang='grc' dir='ltr'>μετανοοῦντα;</span> <span class='ocrx_word' id='word_1_415' title='bbox 2552 2894 2693 2964; x_wconf 86' lang='grc' dir='ltr'>Ὅρα</span> <span class='ocrx_word' id='word_1_416' title='bbox 2727 2893 2785 2946; x_wconf 88' lang='grc' dir='ltr'>δὲ</span> <span class='ocrx_word' id='word_1_417' title='bbox 2823 2894 2870 2946; x_wconf 90' lang='grc' dir='ltr'><strong>εί</strong></span> <span class='ocrx_word' id='word_1_418' title='bbox 2917 2893 3176 2946; x_wconf 85' lang='grc' dir='ltr'>δύναται·</span> <span class='ocrx_word' id='word_1_419' title='bbox 3231 2894 3381 2948; x_wconf 81' lang='grc' dir='ltr'>Ἐπεὶ</span> <span class='ocrx_word' id='word_1_420' title='bbox 3418 2896 3447 2948; x_wconf 92' lang='lat'><strong>6</strong></span> <span class='ocrx_word' id='word_1_421' title='bbox 3489 2896 3590 2965; x_wconf 83' lang='grc' dir='ltr'><strong>μὲν</strong></span> <span class='ocrx_word' id='word_1_422' title='bbox 3622 2896 3685 2962; x_wconf 82' lang='grc' dir='ltr'>ἒξ</span> 
     </span>
    </p>
   </div>
   <div class='ocr_carea' id='block_1_58' title="bbox 2103 2983 3685 3059">
    <p class='ocr_par' dir='ltr' id='par_1_58' title="bbox 2103 2983 3685 3059">
     <span class='ocr_line' id='line_1_58' title="bbox 2103 2983 3685 3059; baseline 0.003 -21"><span class='ocrx_word' id='word_1_423' title='bbox 2103 2983 2335 3055; x_wconf 80' lang='grc' dir='ltr'>ἀριθμὸς</span> <span class='ocrx_word' id='word_1_424' title='bbox 2367 2985 2654 3056; x_wconf 81' lang='grc' dir='ltr'>έργατικὸς</span> <span class='ocrx_word' id='word_1_425' title='bbox 2689 2986 2782 3038; x_wconf 77' lang='grc' dir='ltr'><strong>καὶ</strong></span> <span class='ocrx_word' id='word_1_426' title='bbox 2806 2986 2863 3037; x_wconf 83' lang='grc' dir='ltr'>ὲν</span> <span class='ocrx_word' id='word_1_427' title='bbox 2896 2985 3105 3053; x_wconf 90' lang='grc' dir='ltr'>γενέσει</span> <span class='ocrx_word' id='word_1_428' title='bbox 3142 2987 3367 3059; x_wconf 84' lang='grc' dir='ltr'>κόσμου,</span> <span class='ocrx_word' id='word_1_429' title='bbox 3408 2990 3435 3041; x_wconf 92' lang='lat'><strong>6</strong></span> <span class='ocrx_word' id='word_1_430' title='bbox 3458 2989 3514 3041; x_wconf 86' lang='grc' dir='ltr'>δὲ</span> <span class='ocrx_word' id='word_1_431' title='bbox 3536 2991 3685 3044; x_wconf 75' lang='grc' dir='ltr'>ἑπτὰ</span> 
     </span>
    </p>
   </div>
   <div class='ocr_carea' id='block_1_59' title="bbox 430 3067 2017 3150">
    <p class='ocr_par' dir='ltr' id='par_1_59' title="bbox 430 3067 1996 3138">
     <span class='ocr_line' id='line_1_59' title="bbox 430 3067 1996 3138; baseline 0.003 -16"><span class='ocrx_word' id='word_1_432' title='bbox 430 3069 595 3123; x_wconf 91' lang='lat' dir='ltr'><strong>etiam</strong></span> <span class='ocrx_word' id='word_1_433' title='bbox 629 3069 680 3121; x_wconf 89' lang='lat' dir='ltr'><strong>in</strong></span> <span class='ocrx_word' id='word_1_434' title='bbox 713 3067 1069 3138; x_wconf 85' lang='lat' dir='ltr'><strong>productione</strong></span> <span class='ocrx_word' id='word_1_435' title='bbox 1098 3067 1309 3133; x_wconf 90' lang='lat' dir='ltr'><strong>mundi,</strong></span> <span class='ocrx_word' id='word_1_436' title='bbox 1350 3070 1697 3137; x_wconf 84' lang='lat' dir='ltr'><strong>septenarius</strong></span> <span class='ocrx_word' id='word_1_437' title='bbox 1743 3086 1871 3123; x_wconf 87' lang='lat' dir='ltr'><strong>vero</strong></span> <span class='ocrx_word' id='word_1_438' title='bbox 1910 3085 1996 3126; x_wconf 90' lang='lat' dir='ltr'><strong>re-</strong></span> 
     </span>
    </p>
   </div>
   <div class='ocr_carea' id='block_1_60' title="bbox 2114 3067 3687 3150">
    <p class='ocr_par' dir='ltr' id='par_1_60' title="bbox 2114 3076 3687 3150">
     <span class='ocr_line' id='line_1_60' title="bbox 2114 3076 3687 3150; baseline 0.003 -21"><span class='ocrx_word' id='word_1_439' title='bbox 2114 3076 2496 3140; x_wconf 70' lang='grc' dir='ltr'>ὶναπαύσεως·</span> <span class='ocrx_word' id='word_1_440' title='bbox 2533 3079 2562 3129; x_wconf 90' lang='lat'><strong>6</strong></span> <span class='ocrx_word' id='word_1_441' title='bbox 2611 3078 2710 3148; x_wconf 82' lang='grc' dir='ltr'><strong>μὲν</strong></span> <span class='ocrx_word' id='word_1_442' title='bbox 2754 3077 2825 3131; x_wconf 79' lang='grc' dir='ltr'>τὰ</span> <span class='ocrx_word' id='word_1_443' title='bbox 2868 3078 2961 3131; x_wconf 85' lang='grc' dir='ltr'><strong>τοῦ</strong></span> <span class='ocrx_word' id='word_1_444' title='bbox 2994 3079 3199 3149; x_wconf 85' lang='grc' dir='ltr'>κόσμου</span> <span class='ocrx_word' id='word_1_445' title='bbox 3232 3081 3323 3132; x_wconf 79' lang='grc' dir='ltr'>καὶ</span> <span class='ocrx_word' id='word_1_446' title='bbox 3356 3079 3513 3134; x_wconf 79' lang='grc' dir='ltr'>ὑλικὰ</span> <span class='ocrx_word' id='word_1_447' title='bbox 3542 3083 3687 3150; x_wconf 85' lang='grc' dir='ltr'>ἀγα-</span> 
     </span>
    </p>
   </div>
   <div class='ocr_carea' id='block_1_61' title="bbox 429 3159 2000 3229">
    <p class='ocr_par' dir='ltr' id='par_1_61' title="bbox 429 3159 2000 3229">
     <span class='ocr_line' id='line_1_61' title="bbox 429 3159 2000 3229; baseline 0.003 -17"><span class='ocrx_word' id='word_1_448' title='bbox 429 3160 665 3229; x_wconf 66' lang='lat' dir='ltr'><strong>qniet‘em</strong></span> <span class='ocrx_word' id='word_1_449' title='bbox 699 3160 906 3224; x_wconf 86' lang='lat' dir='ltr'><strong>habet;</strong></span> <span class='ocrx_word' id='word_1_450' title='bbox 957 3159 1003 3213; x_wconf 89' lang='lat' dir='ltr'><strong>is</strong></span> <span class='ocrx_word' id='word_1_451' title='bbox 1040 3159 1133 3229; x_wconf 89' lang='lat' dir='ltr'><strong>qui</strong></span> <span class='ocrx_word' id='word_1_452' title='bbox 1181 3161 1449 3215; x_wconf 89' lang='lat' dir='ltr'><strong>mundana</strong></span> <span class='ocrx_word' id='word_1_453' title='bbox 1490 3170 1546 3214; x_wconf 92' lang='lat' dir='ltr'><strong>et</strong></span> <span class='ocrx_word' id='word_1_454' title='bbox 1589 3162 1888 3216; x_wconf 82' lang='lat' dir='ltr'><strong>materialia</strong></span> <span class='ocrx_word' id='word_1_455' title='bbox 1924 3164 2000 3217; x_wconf 91' lang='lat' dir='ltr'><strong>di-</strong></span> 
     </span>
    </p>
   </div>
   <div class='ocr_carea' id='block_1_62' title="bbox 431 3250 1996 3323">
    <p class='ocr_par' dir='ltr' id='par_1_62' title="bbox 431 3250 1996 3323">
     <span class='ocr_line' id='line_1_62' title="bbox 431 3250 1996 3323; baseline 0.003 -20"><span class='ocrx_word' id='word_1_456' title='bbox 431 3252 569 3322; x_wconf 70' lang='lat' dir='ltr'><strong>ligil,</strong></span> <span class='ocrx_word' id='word_1_457' title='bbox 623 3267 871 3321; x_wconf 90' lang='lat' dir='ltr'><strong>peccans,</strong></span> <span class='ocrx_word' id='word_1_458' title='bbox 945 3250 1105 3305; x_wconf 83' lang='lat' dir='ltr'><strong>linem</strong></span> <span class='ocrx_word' id='word_1_459' title='bbox 1166 3252 1331 3306; x_wconf 86' lang='lat' dir='ltr'><strong>habet</strong></span> <span class='ocrx_word' id='word_1_460' title='bbox 1385 3252 1774 3306; x_wconf 84' lang='lat' dir='ltr'><strong>hebdomadam</strong></span> <span class='ocrx_word' id='word_1_461' title='bbox 1810 3255 1996 3323; x_wconf 71' lang='lat' dir='ltr'><strong>:‘quod</strong></span> 
     </span>
    </p>
   </div>
   <div class='ocr_carea' id='block_1_63' title="bbox 432 3341 1998 3412">
    <p class='ocr_par' dir='ltr' id='par_1_63' title="bbox 432 3341 1998 3412">
     <span class='ocr_line' id='line_1_63' title="bbox 432 3341 1998 3412; baseline 0.003 -16"><span class='ocrx_word' id='word_1_462' title='bbox 432 3343 736 3412; x_wconf 81' lang='lat' dir='ltr'><strong>recogitans</strong></span> <span class='ocrx_word' id='word_1_463' title='bbox 772 3341 985 3409; x_wconf 89' lang='lat' dir='ltr'><strong>Petrus,</strong></span> <span class='ocrx_word' id='word_1_464' title='bbox 1019 3342 1296 3412; x_wconf 86' lang='lat' dir='ltr'><strong>indulgere</strong></span> <span class='ocrx_word' id='word_1_465' title='bbox 1346 3344 1457 3397; x_wconf 85' lang='lat' dir='ltr'><strong>vult</strong></span> <span class='ocrx_word' id='word_1_466' title='bbox 1507 3345 1734 3412; x_wconf 88' lang='lat' dir='ltr'><strong>septies.</strong></span> <span class='ocrx_word' id='word_1_467' title='bbox 1788 3346 1856 3398; x_wconf 86' lang='lat' dir='ltr'><strong>At</strong></span> <span class='ocrx_word' id='word_1_468' title='bbox 1894 3346 1998 3400; x_wconf 85' lang='lat' dir='ltr'><strong>Do-</strong></span> 
     </span>
    </p>
   </div>
   <div class='ocr_carea' id='block_1_64' title="bbox 431 3432 1999 3496">
    <p class='ocr_par' dir='ltr' id='par_1_64' title="bbox 431 3432 1999 3496">
     <span class='ocr_line' id='line_1_64' title="bbox 431 3432 1999 3496; baseline 0.001 -9"><span class='ocrx_word' id='word_1_469' title='bbox 431 3433 607 3487; x_wconf 88' lang='lat' dir='ltr'><strong>minus</strong></span> <span class='ocrx_word' id='word_1_470' title='bbox 654 3433 898 3487; x_wconf 84' lang='lat' dir='ltr'><strong>extendit</strong></span> <span class='ocrx_word' id='word_1_471' title='bbox 944 3432 1048 3487; x_wconf 90' lang='lat' dir='ltr'><strong>hoc</strong></span> <span class='ocrx_word' id='word_1_472' title='bbox 1098 3435 1287 3487; x_wconf 85' lang='lat' dir='ltr'><strong>eodem</strong></span> <span class='ocrx_word' id='word_1_473' title='bbox 1344 3434 1524 3496; x_wconf 87' lang='lat' dir='ltr'><strong>modo,</strong></span> <span class='ocrx_word' id='word_1_474' title='bbox 1576 3436 1744 3488; x_wconf 89' lang='lat' dir='ltr'><strong>relata</strong></span> <span class='ocrx_word' id='word_1_475' title='bbox 1791 3436 1999 3489; x_wconf 90' lang='lat' dir='ltr'><strong>unitate</strong></span> 
     </span>
    </p>
   </div>
   <div class='ocr_carea' id='block_1_65' title="bbox 430 3525 1999 3595">
    <p class='ocr_par' dir='ltr' id='par_1_65' title="bbox 430 3525 1999 3595">
     <span class='ocr_line' id='line_1_65' title="bbox 430 3525 1999 3595; baseline 0 -14"><span class='ocrx_word' id='word_1_476' title='bbox 430 3539 553 3581; x_wconf 92' lang='lat' dir='ltr'><strong>cum</strong></span> <span class='ocrx_word' id='word_1_477' title='bbox 590 3528 942 3595; x_wconf 89' lang='lat' dir='ltr'><strong>proportione</strong></span> <span class='ocrx_word' id='word_1_478' title='bbox 970 3527 1036 3579; x_wconf 90' lang='lat' dir='ltr'><strong>ad</strong></span> <span class='ocrx_word' id='word_1_479' title='bbox 1073 3525 1305 3581; x_wconf 91' lang='lat' dir='ltr'><strong>decadas</strong></span> <span class='ocrx_word' id='word_1_480' title='bbox 1335 3534 1390 3580; x_wconf 89' lang='lat' dir='ltr'><strong>et</strong></span> <span class='ocrx_word' id='word_1_481' title='bbox 1427 3527 1739 3581; x_wconf 85' lang='lat' dir='ltr'><strong>centurias:</strong></span> <span class='ocrx_word' id='word_1_482' title='bbox 1773 3527 1909 3581; x_wconf 89' lang='lat' dir='ltr'><strong>adeo</strong></span> <span class='ocrx_word' id='word_1_483' title='bbox 1942 3538 1999 3581; x_wconf 91' lang='lat' dir='ltr'><strong>ut</strong></span> 
     </span>
    </p>
   </div>
   <div class='ocr_carea' id='block_1_66' title="bbox 427 3619 2000 3691">
    <p class='ocr_par' dir='ltr' id='par_1_66' title="bbox 427 3619 2000 3691">
     <span class='ocr_line' id='line_1_66' title="bbox 427 3619 2000 3691; baseline 0.003 -20"><span class='ocrx_word' id='word_1_484' title='bbox 427 3619 519 3689; x_wconf 91' lang='lat' dir='ltr'><strong>qui</strong></span> <span class='ocrx_word' id='word_1_485' title='bbox 569 3621 844 3675; x_wconf 90' lang='lat' dir='ltr'><strong>mundana</strong></span> <span class='ocrx_word' id='word_1_486' title='bbox 908 3620 1284 3681; x_wconf 86' lang='lat' dir='ltr'><strong>transcendit,</strong></span> <span class='ocrx_word' id='word_1_487' title='bbox 1360 3635 1465 3673; x_wconf 92' lang='lat' dir='ltr'><strong>non</strong></span> <span class='ocrx_word' id='word_1_488' title='bbox 1521 3619 1750 3691; x_wconf 84' lang='lat' dir='ltr'><strong>amplius</strong></span> <span class='ocrx_word' id='word_1_489' title='bbox 1801 3620 2000 3675; x_wconf 80' lang='lat' dir='ltr'><strong>habeat</strong></span> 
     </span>
    </p>
   </div>
   <div class='ocr_carea' id='block_1_67' title="bbox 429 3711 1994 3782">
    <p class='ocr_par' dir='ltr' id='par_1_67' title="bbox 429 3711 1994 3782">
     <span class='ocr_line' id='line_1_67' title="bbox 429 3711 1994 3782; baseline 0 -16"><span class='ocrx_word' id='word_1_490' title='bbox 429 3713 805 3767; x_wconf 85' lang='lat' dir='ltr'><strong>remissionem</strong></span> <span class='ocrx_word' id='word_1_491' title='bbox 856 3724 1227 3782; x_wconf 82' lang='lat' dir='ltr'><strong>peccatorum.</strong></span> <span class='ocrx_word' id='word_1_492' title='bbox 1274 3712 1548 3767; x_wconf 75' lang='lat' dir='ltr'><strong>Remissio</strong></span> <span class='ocrx_word' id='word_1_493' title='bbox 1585 3713 1727 3767; x_wconf 91' lang='lat' dir='ltr'><strong>enim</strong></span> <span class='ocrx_word' id='word_1_494' title='bbox 1767 3713 1856 3767; x_wconf 91' lang='lat' dir='ltr'><strong>hic</strong></span> <span class='ocrx_word' id='word_1_495' title='bbox 1911 3711 1994 3777; x_wconf 84' lang='lat' dir='ltr'><strong>ﬁt,</strong></span> 
     </span>
    </p>
   </div>
   <div class='ocr_carea' id='block_1_68' title="bbox 426 3806 1284 3878">
    <p class='ocr_par' dir='ltr' id='par_1_68' title="bbox 426 3806 1284 3878">
     <span class='ocr_line' id='line_1_68' title="bbox 426 3806 1284 3878; baseline -0.002 -17"><span class='ocrx_word' id='word_1_496' title='bbox 426 3806 540 3861; x_wconf 81' lang='lat' dir='ltr'><strong>sive</strong></span> <span class='ocrx_word' id='word_1_497' title='bbox 572 3807 750 3861; x_wconf 88' lang='lat' dir='ltr'><strong>serius</strong></span> <span class='ocrx_word' id='word_1_498' title='bbox 780 3807 894 3862; x_wconf 86' lang='lat' dir='ltr'><strong>sive</strong></span> <span class='ocrx_word' id='word_1_499' title='bbox 923 3807 1088 3862; x_wconf 90' lang='lat' dir='ltr'><strong>citius</strong></span> <span class='ocrx_word' id='word_1_500' title='bbox 1124 3806 1284 3878; x_wconf 70' lang='lat'><strong>(12‘).</strong></span> 
     </span>
    </p>
   </div>
   <div class='ocr_carea' id='block_1_69' title="bbox 1035 3897 1371 3954">
    <p class='ocr_par' dir='ltr' id='par_1_69' title="bbox 1035 3897 1371 3954">
     <span class='ocr_line' id='line_1_69' title="bbox 1035 3897 1371 3954; baseline -0.018 -1"><span class='ocrx_word' id='word_1_501' title='bbox 1035 3898 1186 3954; x_wconf 75' lang='lat' dir='ltr'><strong>CAP.</strong></span> <span class='ocrx_word' id='word_1_502' title='bbox 1232 3897 1371 3951; x_wconf 78' lang='lat' dir='ltr'><strong>XXI.</strong></span> 
     </span>
    </p>
   </div>
   <div class='ocr_carea' id='block_1_70' title="bbox 430 3988 1998 4057">
    <p class='ocr_par' dir='ltr' id='par_1_70' title="bbox 430 3988 1998 4057">
     <span class='ocr_line' id='line_1_70' title="bbox 430 3988 1998 4057; baseline 0.001 -16"><span class='ocrx_word' id='word_1_503' title='bbox 430 3988 491 4043; x_wconf 83' lang='lat' dir='ltr'><strong>V.</strong></span> <span class='ocrx_word' id='word_1_504' title='bbox 525 3990 613 4044; x_wconf 78' lang='lat'><strong>35.</strong></span> <span class='ocrx_word' id='word_1_505' title='bbox 647 3988 818 4043; x_wconf 88' lang='lat' dir='ltr'><strong>Homo</strong></span> <span class='ocrx_word' id='word_1_506' title='bbox 862 3999 973 4042; x_wconf 83' lang='lat' dir='ltr'><strong>erat</strong></span> <span class='ocrx_word' id='word_1_507' title='bbox 1016 3989 1437 4057; x_wconf 78' lang='lat' dir='ltr'><strong>paterfamilias,</strong></span> <span class='ocrx_word' id='word_1_508' title='bbox 1484 3989 1573 4056; x_wconf 86' lang='lat' dir='ltr'><strong>qui</strong></span> <span class='ocrx_word' id='word_1_509' title='bbox 1613 3989 1870 4056; x_wconf 79' lang='lat' dir='ltr'><strong>plantavit</strong></span> <span class='ocrx_word' id='word_1_510' title='bbox 1922 3988 1998 4043; x_wconf 82' lang='lat' dir='ltr'><strong>vi-</strong></span> 
     </span>
    </p>
   </div>
   <div class='ocr_carea' id='block_1_71' title="bbox 498 4060 1997 4128">
    <p class='ocr_par' dir='ltr' id='par_1_71' title="bbox 498 4060 1997 4128">
     <span class='ocr_line' id='line_1_71' title="bbox 498 4060 1997 4128; baseline -0.002 -13"><span class='ocrx_word' id='word_1_511' title='bbox 498 4077 671 4122; x_wconf 83' lang='lat' dir='ltr'><strong>neam,</strong></span> <span class='ocrx_word' id='word_1_512' title='bbox 720 4070 767 4113; x_wconf 87' lang='lat' dir='ltr'><strong>et</strong></span> <span class='ocrx_word' id='word_1_513' title='bbox 816 4074 987 4127; x_wconf 79' lang='lat' dir='ltr'><strong>sepem</strong></span> <span class='ocrx_word' id='word_1_514' title='bbox 1043 4060 1089 4111; x_wconf 79' lang='lat' dir='ltr'><strong>ei</strong></span> <span class='ocrx_word' id='word_1_515' title='bbox 1130 4060 1535 4123; x_wconf 81' lang='lat' dir='ltr'><strong>circumposuit.</strong></span> <span class='ocrx_word' id='word_1_516' title='bbox 1573 4071 1623 4113; x_wconf 87' lang='lat' dir='ltr'><strong>et</strong></span> <span class='ocrx_word' id='word_1_517' title='bbox 1665 4060 1804 4128; x_wconf 80' lang='lat' dir='ltr'><strong>[odit</strong></span> <span class='ocrx_word' id='word_1_518' title='bbox 1836 4062 1892 4111; x_wconf 88' lang='lat' dir='ltr'><strong>in</strong></span> <span class='ocrx_word' id='word_1_519' title='bbox 1936 4076 1997 4112; x_wconf 83' lang='lat' dir='ltr'><strong>ea</strong></span> 
     </span>
    </p>
   </div>
   <div class='ocr_carea' id='block_1_72' title="bbox 494 4128 1995 4195">
    <p class='ocr_par' dir='ltr' id='par_1_72' title="bbox 494 4128 1995 4195">
     <span class='ocr_line' id='line_1_72' title="bbox 494 4128 1995 4195; baseline 0 -12"><span class='ocrx_word' id='word_1_520' title='bbox 494 4130 750 4193; x_wconf 80' lang='lat' dir='ltr'><strong>torcular,</strong></span> <span class='ocrx_word' id='word_1_521' title='bbox 786 4140 833 4183; x_wconf 86' lang='lat' dir='ltr'><strong>el</strong></span> <span class='ocrx_word' id='word_1_522' title='bbox 873 4128 1152 4195; x_wconf 78' lang='lat' dir='ltr'><strong>a&#39;diﬁcavil</strong></span> <span class='ocrx_word' id='word_1_523' title='bbox 1198 4130 1408 4189; x_wconf 85' lang='lat' dir='ltr'><strong>turrim,</strong></span> <span class='ocrx_word' id='word_1_524' title='bbox 1443 4139 1490 4181; x_wconf 82' lang='lat' dir='ltr'><strong>et</strong></span> <span class='ocrx_word' id='word_1_525' title='bbox 1523 4128 1709 4183; x_wconf 81' lang='lat' dir='ltr'><strong>locavit</strong></span> <span class='ocrx_word' id='word_1_526' title='bbox 1753 4146 1869 4183; x_wconf 85' lang='lat' dir='ltr'><strong>eam</strong></span> <span class='ocrx_word' id='word_1_527' title='bbox 1904 4146 1995 4183; x_wconf 87' lang='lat' dir='ltr'><strong>c0-</strong></span> 
     </span>
    </p>
   </div>
   <div class='ocr_carea' id='block_1_73' title="bbox 492 4199 1571 4269">
    <p class='ocr_par' dir='ltr' id='par_1_73' title="bbox 492 4199 1571 4269">
     <span class='ocr_line' id='line_1_73' title="bbox 492 4199 1571 4269; baseline -0.003 -15"><span class='ocrx_word' id='word_1_528' title='bbox 492 4200 655 4267; x_wconf 83' lang='lat' dir='ltr'><strong>louis,</strong></span> <span class='ocrx_word' id='word_1_529' title='bbox 696 4210 742 4252; x_wconf 84' lang='lat' dir='ltr'><strong>et</strong></span> <span class='ocrx_word' id='word_1_530' title='bbox 775 4215 987 4269; x_wconf 82' lang='lat' dir='ltr'><strong>peregre</strong></span> <span class='ocrx_word' id='word_1_531' title='bbox 1031 4199 1295 4268; x_wconf 78' lang='lat' dir='ltr'><strong>profectus</strong></span> <span class='ocrx_word' id='word_1_532' title='bbox 1330 4207 1431 4262; x_wconf 77' lang='lat' dir='ltr'><strong>est,</strong></span> <span class='ocrx_word' id='word_1_533' title='bbox 1463 4207 1571 4251; x_wconf 93' lang='lat' dir='ltr'><strong>etc.</strong></span> 
     </span>
    </p>
   </div>
   <div class='ocr_carea' id='block_1_74' title="bbox 493 4357 1998 4430">
    <p class='ocr_par' dir='ltr' id='par_1_74' title="bbox 493 4357 1998 4430">
     <span class='ocr_line' id='line_1_74' title="bbox 493 4357 1998 4430; baseline -0.005 -12"><span class='ocrx_word' id='word_1_534' title='bbox 493 4362 621 4417; x_wconf 62' lang='lat' dir='ltr'><strong>Haec</strong></span> <span class='ocrx_word' id='word_1_535' title='bbox 659 4360 917 4430; x_wconf 87' lang='lat' dir='ltr'><strong>parabola</strong></span> <span class='ocrx_word' id='word_1_536' title='bbox 949 4358 1389 4429; x_wconf 73' lang='lat' dir='ltr'><strong>patremfamilias</strong></span> <span class='ocrx_word' id='word_1_537' title='bbox 1427 4367 1704 4427; x_wconf 90' lang='lat' dir='ltr'><strong>nuncupat</strong></span> <span class='ocrx_word' id='word_1_538' title='bbox 1738 4357 1905 4412; x_wconf 88' lang='lat' dir='ltr'><strong>Deum</strong></span> <span class='ocrx_word' id='word_1_539' title='bbox 1943 4367 1998 4411; x_wconf 89' lang='lat' dir='ltr'><strong>et</strong></span> 
     </span>
    </p>
   </div>
   <div class='ocr_carea' id='block_1_75' title="bbox 2106 3168 3686 3244">
    <p class='ocr_par' dir='ltr' id='par_1_75' title="bbox 2106 3168 3686 3244">
     <span class='ocr_line' id='line_1_75' title="bbox 2106 3168 3686 3244; baseline 0.003 -23"><span class='ocrx_word' id='word_1_540' title='bbox 2106 3168 2243 3233; x_wconf 86' lang='grc' dir='ltr'>πῶν,</span> <span class='ocrx_word' id='word_1_541' title='bbox 2279 3168 2669 3241; x_wconf 76' lang='grc' dir='ltr'>ἐξαμαρτάνων</span> <span class='ocrx_word' id='word_1_542' title='bbox 2707 3170 2859 3233; x_wconf 86' lang='grc' dir='ltr'>τέλος</span> <span class='ocrx_word' id='word_1_543' title='bbox 2904 3170 3016 3240; x_wconf 81' lang='grc' dir='ltr'>ἔχει</span> <span class='ocrx_word' id='word_1_544' title='bbox 3054 3172 3152 3242; x_wconf 82' lang='grc' dir='ltr'><strong>τὴν</strong></span> <span class='ocrx_word' id='word_1_545' title='bbox 3196 3171 3495 3242; x_wconf 80' lang='grc' dir='ltr'>ἑϐδομάδα·</span> <span class='ocrx_word' id='word_1_546' title='bbox 3542 3175 3686 3244; x_wconf 81' lang='grc' dir='ltr'>ὅπερ</span> 
     </span>
    </p>
   </div>
   <div class='ocr_carea' id='block_1_76' title="bbox 2106 3262 3684 3334">
    <p class='ocr_par' dir='ltr' id='par_1_76' title="bbox 2106 3262 3684 3334">
     <span class='ocr_line' id='line_1_76' title="bbox 2106 3262 3684 3334; baseline 0.003 -21"><span class='ocrx_word' id='word_1_547' title='bbox 2106 3263 2301 3333; x_wconf 84' lang='grc' dir='ltr'>νοήσας</span> <span class='ocrx_word' id='word_1_548' title='bbox 2327 3263 2355 3314; x_wconf 93' lang='lat'><strong>6</strong></span> <span class='ocrx_word' id='word_1_549' title='bbox 2386 3262 2610 3334; x_wconf 86' lang='grc' dir='ltr'>Πέτρος,</span> <span class='ocrx_word' id='word_1_550' title='bbox 2643 3266 2941 3334; x_wconf 84' lang='grc' dir='ltr'>συγχωρεῖν</span> <span class='ocrx_word' id='word_1_551' title='bbox 2970 3263 3114 3317; x_wconf 84' lang='grc' dir='ltr'>θέλει</span> <span class='ocrx_word' id='word_1_552' title='bbox 3148 3265 3206 3316; x_wconf 86' lang='grc' dir='ltr'>ὲν</span> <span class='ocrx_word' id='word_1_553' title='bbox 3233 3263 3307 3334; x_wconf 83' lang='grc' dir='ltr'><strong>τῷ</strong></span> <span class='ocrx_word' id='word_1_554' title='bbox 3333 3264 3489 3320; x_wconf 79' lang='grc' dir='ltr'>ἑπτά.</span> <span class='ocrx_word' id='word_1_555' title='bbox 3538 3265 3595 3318; x_wconf 82' lang='lat'><strong>&#39;0</strong></span> <span class='ocrx_word' id='word_1_556' title='bbox 3621 3266 3684 3318; x_wconf 88' lang='grc' dir='ltr'>δὲ</span> 
     </span>
    </p>
   </div>
   <div class='ocr_carea' id='block_1_77' title="bbox 2104 3352 3685 3427">
    <p class='ocr_par' dir='ltr' id='par_1_77' title="bbox 2104 3352 3685 3427">
     <span class='ocr_line' id='line_1_77' title="bbox 2104 3352 3685 3427; baseline 0.002 -22"><span class='ocrx_word' id='word_1_557' title='bbox 2104 3353 2307 3424; x_wconf 80' lang='grc' dir='ltr'>Κύριος</span> <span class='ocrx_word' id='word_1_558' title='bbox 2330 3353 2586 3406; x_wconf 78' lang='grc' dir='ltr'>ἐπιτείνει</span> <span class='ocrx_word' id='word_1_559' title='bbox 2611 3352 2767 3406; x_wconf 88' lang='grc' dir='ltr'>τοῦτο</span> <span class='ocrx_word' id='word_1_560' title='bbox 2795 3356 2850 3407; x_wconf 80' lang='grc' dir='ltr'><strong>έν</strong></span> <span class='ocrx_word' id='word_1_561' title='bbox 2881 3353 2958 3425; x_wconf 84' lang='grc' dir='ltr'>τῷ</span> <span class='ocrx_word' id='word_1_562' title='bbox 2983 3353 3130 3425; x_wconf 82' lang='grc' dir='ltr'>αὑτῷ</span> <span class='ocrx_word' id='word_1_563' title='bbox 3155 3355 3339 3427; x_wconf 84' lang='grc' dir='ltr'>τρόπῳ</span> <span class='ocrx_word' id='word_1_564' title='bbox 3356 3397 3371 3420; x_wconf 95' lang='grc'><strong>,</strong></span> <span class='ocrx_word' id='word_1_565' title='bbox 3402 3355 3685 3424; x_wconf 85' lang='grc' dir='ltr'>ἀναλόγως</span> 
     </span>
    </p>
   </div>
   <div class='ocr_carea' id='block_1_78' title="bbox 2104 3443 3682 3515">
    <p class='ocr_par' dir='ltr' id='par_1_78' title="bbox 2104 3443 3682 3515">
     <span class='ocr_line' id='line_1_78' title="bbox 2104 3443 3682 3515; baseline 0.002 -17"><span class='ocrx_word' id='word_1_566' title='bbox 2104 3444 2211 3515; x_wconf 87' lang='grc' dir='ltr'>γὰρ</span> <span class='ocrx_word' id='word_1_567' title='bbox 2245 3444 2468 3514; x_wconf 81' lang='grc' dir='ltr'>μονάδος</span> <span class='ocrx_word' id='word_1_568' title='bbox 2497 3443 2632 3515; x_wconf 77' lang='grc' dir='ltr'>πρὸς</span> <span class='ocrx_word' id='word_1_569' title='bbox 2663 3444 2891 3510; x_wconf 87' lang='grc' dir='ltr'>δεκάδας</span> <span class='ocrx_word' id='word_1_570' title='bbox 2930 3446 3023 3499; x_wconf 75' lang='grc' dir='ltr'>καὶ</span> <span class='ocrx_word' id='word_1_571' title='bbox 3064 3448 3444 3511; x_wconf 77' lang='grc' dir='ltr'>ἑκατοντάδας,</span> <span class='ocrx_word' id='word_1_572' title='bbox 3475 3448 3551 3512; x_wconf 85' lang='grc' dir='ltr'>ὡς</span> <span class='ocrx_word' id='word_1_573' title='bbox 3584 3448 3682 3501; x_wconf 77' lang='grc' dir='ltr'><strong>τὸν</strong></span> 
     </span>
    </p>
   </div>
   <div class='ocr_carea' id='block_1_79' title="bbox 2105 3535 3681 3607">
    <p class='ocr_par' dir='ltr' id='par_1_79' title="bbox 2105 3535 3681 3607">
     <span class='ocr_line' id='line_1_79' title="bbox 2105 3535 3681 3607; baseline 0.003 -19"><span class='ocrx_word' id='word_1_574' title='bbox 2105 3536 2417 3607; x_wconf 86' lang='grc' dir='ltr'>ὑπερϐάντα</span> <span class='ocrx_word' id='word_1_575' title='bbox 2458 3535 2527 3589; x_wconf 84' lang='grc' dir='ltr'>τὰ</span> <span class='ocrx_word' id='word_1_576' title='bbox 2598 3536 2837 3607; x_wconf 82' lang='grc' dir='ltr'>κοσμικὰ</span> <span class='ocrx_word' id='word_1_577' title='bbox 2892 3535 3088 3607; x_wconf 89' lang='grc' dir='ltr'>μηκέτι</span> <span class='ocrx_word' id='word_1_578' title='bbox 3140 3537 3283 3607; x_wconf 77' lang='grc' dir='ltr'>ἔχειν</span> <span class='ocrx_word' id='word_1_579' title='bbox 3328 3538 3519 3606; x_wconf 79' lang='grc' dir='ltr'>ἄφεσιν</span> <span class='ocrx_word' id='word_1_580' title='bbox 3563 3539 3681 3592; x_wconf 78' lang='grc' dir='ltr'><strong>τῶν</strong></span> 
     </span>
    </p>
   </div>
   <div class='ocr_carea' id='block_1_80' title="bbox 2106 3628 3677 3701">
    <p class='ocr_par' dir='ltr' id='par_1_80' title="bbox 2106 3628 3677 3701">
     <span class='ocr_line' id='line_1_80' title="bbox 2106 3628 3677 3701; baseline 0.001 -20"><span class='ocrx_word' id='word_1_581' title='bbox 2106 3628 2518 3699; x_wconf 85' lang='grc' dir='ltr'>ἁμαρτημάτων</span> <span class='ocrx_word' id='word_1_582' title='bbox 2538 3644 2550 3657; x_wconf 90' lang='grc'><strong>·</strong></span> <span class='ocrx_word' id='word_1_583' title='bbox 2586 3631 2618 3699; x_wconf 85' lang='grc' dir='ltr'><strong>ἡ</strong></span> <span class='ocrx_word' id='word_1_584' title='bbox 2646 3628 2755 3701; x_wconf 81' lang='grc' dir='ltr'><strong>γὰρ</strong></span> <span class='ocrx_word' id='word_1_585' title='bbox 2787 3628 2978 3698; x_wconf 81' lang='grc' dir='ltr'>ἄφεσις</span> <span class='ocrx_word' id='word_1_586' title='bbox 3002 3629 3093 3681; x_wconf 76' lang='grc' dir='ltr'>ἐπὶ</span> <span class='ocrx_word' id='word_1_587' title='bbox 3134 3631 3201 3682; x_wconf 87' lang='grc' dir='ltr'>τὰ</span> <span class='ocrx_word' id='word_1_588' title='bbox 3231 3629 3353 3700; x_wconf 80' lang='grc' dir='ltr'>τῇδε</span> <span class='ocrx_word' id='word_1_589' title='bbox 3381 3628 3491 3682; x_wconf 74' lang='grc' dir='ltr'>εἴτε</span> <span class='ocrx_word' id='word_1_590' title='bbox 3539 3629 3677 3701; x_wconf 83' lang='grc' dir='ltr'>βρα-</span> 
     </span>
    </p>
   </div>
   <div class='ocr_carea' id='block_1_81' title="bbox 2103 3718 2721 3791">
    <p class='ocr_par' dir='ltr' id='par_1_81' title="bbox 2103 3718 2721 3791">
     <span class='ocr_line' id='line_1_81' title="bbox 2103 3718 2721 3791; baseline 0.003 -20"><span class='ocrx_word' id='word_1_591' title='bbox 2103 3718 2165 3772; x_wconf 82' lang='grc' dir='ltr'><strong>δὺ</strong></span> <span class='ocrx_word' id='word_1_592' title='bbox 2197 3718 2344 3791; x_wconf 83' lang='grc'>(15),</span> <span class='ocrx_word' id='word_1_593' title='bbox 2373 3718 2482 3772; x_wconf 86' lang='grc' dir='ltr'>είτε</span> <span class='ocrx_word' id='word_1_594' title='bbox 2518 3719 2721 3790; x_wconf 84' lang='grc' dir='ltr'>τάχιον.</span> 
     </span>
    </p>
   </div>
   <div class='ocr_carea' id='block_1_82' title="bbox 2722 3900 3045 3956">
    <p class='ocr_par' dir='ltr' id='par_1_82' title="bbox 2722 3900 3045 3956">
     <span class='ocr_line' id='line_1_82' title="bbox 2722 3900 3045 3956; baseline -0.009 0"><span class='ocrx_word' id='word_1_595' title='bbox 2722 3902 2878 3956; x_wconf 82' lang='grc' dir='ltr'><strong>ΚΕΦ.</strong></span> <span class='ocrx_word' id='word_1_596' title='bbox 2916 3900 3045 3955; x_wconf 80' lang='lat' dir='ltr'><strong>KA&#39;.</strong></span> 
     </span>
    </p>
   </div>
   <div class='ocr_carea' id='block_1_83' title="bbox 2105 3990 3681 4071">
    <p class='ocr_par' dir='ltr' id='par_1_83' title="bbox 2105 3990 3681 4071">
     <span class='ocr_line' id='line_1_83' title="bbox 2105 3990 3681 4071; baseline 0 -26"><span class='ocrx_word' id='word_1_597' title='bbox 2105 3994 2362 4064; x_wconf 83' lang='grc' dir='ltr'>Στίχ.λγ’.</span> <span class='ocrx_word' id='word_1_598' title='bbox 2388 3994 2729 4071; x_wconf 46' lang='grc' dir='ltr'>Ἄνθρωπος</span> <span class='ocrx_word' id='word_1_599' title='bbox 2756 3990 2835 4063; x_wconf 81' lang='grc' dir='ltr'><strong>ἦν</strong></span> <span class='ocrx_word' id='word_1_600' title='bbox 2862 3992 3311 4071; x_wconf 55' lang='grc' dir='ltr'>οἰκοδεσπότης,</span> <span class='ocrx_word' id='word_1_601' title='bbox 3346 3992 3513 4071; x_wconf 58' lang='lat' dir='ltr'><strong>gone</strong></span> <span class='ocrx_word' id='word_1_602' title='bbox 3534 3992 3681 4071; x_wconf 52' lang='grc' dir='ltr'><strong>ἐξύ-</strong></span> 
     </span>
    </p>
   </div>
   <div class='ocr_carea' id='block_1_84' title="bbox 2175 4061 3682 4132">
    <p class='ocr_par' dir='ltr' id='par_1_84' title="bbox 2175 4061 3682 4132">
     <span class='ocr_line' id='line_1_84' title="bbox 2175 4061 3682 4132; baseline -0.003 -15"><span class='ocrx_word' id='word_1_603' title='bbox 2175 4061 2393 4118; x_wconf 64' lang='grc' dir='ltr'>τέιιάεν</span> <span class='ocrx_word' id='word_1_604' title='bbox 2420 4061 2761 4132; x_wconf 69' lang='grc' dir='ltr'>ἀμπελῶνα,</span> <span class='ocrx_word' id='word_1_605' title='bbox 2783 4061 3197 4132; x_wconf 62' lang='grc' dir='ltr'>καὶφραγμὸν</span> <span class='ocrx_word' id='word_1_606' title='bbox 3219 4062 3378 4127; x_wconf 81' lang='grc' dir='ltr'>αὐτῷ</span> <span class='ocrx_word' id='word_1_607' title='bbox 3411 4061 3682 4130; x_wconf 70' lang='grc' dir='ltr'>περιέθη-</span> 
     </span>
    </p>
   </div>
   <div class='ocr_carea' id='block_1_85' title="bbox 2174 4131 3682 4201">
    <p class='ocr_par' dir='ltr' id='par_1_85' title="bbox 2174 4131 3682 4201">
     <span class='ocr_line' id='line_1_85' title="bbox 2174 4131 3682 4201; baseline -0.001 -15"><span class='ocrx_word' id='word_1_608' title='bbox 2174 4152 2268 4196; x_wconf 80' lang='grc' dir='ltr'><strong>κε,</strong></span> <span class='ocrx_word' id='word_1_609' title='bbox 2302 4133 2398 4187; x_wconf 80' lang='grc' dir='ltr'>καὶ</span> <span class='ocrx_word' id='word_1_610' title='bbox 2424 4133 2652 4200; x_wconf 75' lang='grc' dir='ltr'><strong>ὤρυξεν</strong></span> <span class='ocrx_word' id='word_1_611' title='bbox 2678 4135 2748 4185; x_wconf 79' lang='grc' dir='ltr'><strong>ἐν</strong></span> <span class='ocrx_word' id='word_1_612' title='bbox 2772 4131 2931 4196; x_wconf 81' lang='grc' dir='ltr'>αὐτῷ</span> <span class='ocrx_word' id='word_1_613' title='bbox 2954 4132 3167 4200; x_wconf 72' lang='grc' dir='ltr'><strong>ληνὸν,</strong></span> <span class='ocrx_word' id='word_1_614' title='bbox 3208 4132 3307 4184; x_wconf 78' lang='grc' dir='ltr'>καὶ</span> <span class='ocrx_word' id='word_1_615' title='bbox 3330 4132 3682 4201; x_wconf 79' lang='grc' dir='ltr'>ᾠκοδόμησε</span> 
     </span>
    </p>
   </div>
   <div class='ocr_carea' id='block_1_86' title="bbox 2173 4201 3681 4325">
    <p class='ocr_par' dir='ltr' id='par_1_86' title="bbox 2173 4201 3681 4325">
     <span class='ocr_line' id='line_1_86' title="bbox 2173 4201 3681 4273; baseline -0.001 -18"><span class='ocrx_word' id='word_1_616' title='bbox 2173 4205 2421 4273; x_wconf 81' lang='grc' dir='ltr'>πύργον,</span> <span class='ocrx_word' id='word_1_617' title='bbox 2453 4204 2550 4256; x_wconf 79' lang='grc' dir='ltr'>καὶ</span> <span class='ocrx_word' id='word_1_618' title='bbox 2577 4202 2815 4267; x_wconf 80' lang='grc' dir='ltr'>ἐξέδοτο</span> <span class='ocrx_word' id='word_1_619' title='bbox 2853 4202 3041 4258; x_wconf 77' lang='grc' dir='ltr'>αὐτὸν</span> <span class='ocrx_word' id='word_1_620' title='bbox 3070 4201 3346 4272; x_wconf 77' lang='grc' dir='ltr'>γεωργοῖς</span> <span class='ocrx_word' id='word_1_621' title='bbox 3366 4242 3380 4266; x_wconf 91' lang='grc'><strong>,</strong></span> <span class='ocrx_word' id='word_1_622' title='bbox 3413 4203 3511 4256; x_wconf 75' lang='grc' dir='ltr'>καὶ</span> <span class='ocrx_word' id='word_1_623' title='bbox 3560 4204 3681 4257; x_wconf 74' lang='grc' dir='ltr'>άπ-</span> 
     </span>
     <span class='ocr_line' id='line_1_87' title="bbox 2173 4273 2702 4325; baseline 0 0"><span class='ocrx_word' id='word_1_624' title='bbox 2173 4273 2457 4325; x_wconf 79' lang='grc' dir='ltr'>εδήιιησε.</span> <span class='ocrx_word' id='word_1_625' title='bbox 2486 4292 2540 4325; x_wconf 88' lang='grc' dir='ltr'>κ.</span> <span class='ocrx_word' id='word_1_626' title='bbox 2574 4290 2624 4325; x_wconf 92' lang='grc' dir='ltr'>τ.</span> <span class='ocrx_word' id='word_1_627' title='bbox 2655 4275 2702 4325; x_wconf 90' lang='grc' dir='ltr'>λ.</span> 
     </span>
    </p>
   </div>
   <div class='ocr_carea' id='block_1_87' title="bbox 2172 4290 2702 4342">
    <p class='ocr_par' dir='ltr' id='par_1_87' title="bbox 2172 4290 2702 4342">
     <span class='ocr_line' id='line_1_88' title="bbox 2172 4290 2702 4342; baseline -0.002 -16"><span class='ocrx_word' id='word_1_628' title='bbox 2172 4290 2457 4342; x_wconf 65' lang='lat' dir='ltr'><strong>eorumve,</strong></span> <span class='ocrx_word' id='word_1_629' title='bbox 2486 4292 2540 4327; x_wconf 88' lang='grc' dir='ltr'>κ.</span> <span class='ocrx_word' id='word_1_630' title='bbox 2574 4290 2624 4327; x_wconf 91' lang='grc' dir='ltr'><strong>τ.</strong></span> <span class='ocrx_word' id='word_1_631' title='bbox 2655 4290 2702 4325; x_wconf 80' lang='grc' dir='ltr'>Α.</span> 
     </span>
    </p>
   </div>
   <div class='ocr_carea' id='block_1_88' title="bbox 2184 4362 3681 4436">
    <p class='ocr_par' dir='ltr' id='par_1_88' title="bbox 2184 4362 3681 4436">
     <span class='ocr_line' id='line_1_89' title="bbox 2184 4362 3681 4436; baseline -0.003 -18"><span class='ocrx_word' id='word_1_632' title='bbox 2184 4368 2248 4419; x_wconf 83' lang='grc' dir='ltr'><strong><em>Ἢ</em></strong></span> <span class='ocrx_word' id='word_1_633' title='bbox 2290 4364 2571 4436; x_wconf 82' lang='grc' dir='ltr'>παραϐολὴ</span> <span class='ocrx_word' id='word_1_634' title='bbox 2605 4363 3037 4431; x_wconf 75' lang='grc' dir='ltr'>οἰκοδεσπότην</span> <span class='ocrx_word' id='word_1_635' title='bbox 3073 4362 3218 4432; x_wconf 85' lang='grc' dir='ltr'>λέγει</span> <span class='ocrx_word' id='word_1_636' title='bbox 3267 4363 3355 4417; x_wconf 83' lang='grc' dir='ltr'><strong>τὸν</strong></span> <span class='ocrx_word' id='word_1_637' title='bbox 3404 4362 3535 4417; x_wconf 78' lang='grc' dir='ltr'>Θεὸν</span> <span class='ocrx_word' id='word_1_638' title='bbox 3580 4362 3681 4415; x_wconf 71' lang='grc' dir='ltr'><strong>καὶ</strong></span> 
     </span>
    </p>
   </div>
   <div class='ocr_carea' id='block_1_89' title="bbox 418 4446 2017 4526">
    <p class='ocr_par' dir='ltr' id='par_1_89' title="bbox 418 4446 1993 4522">
     <span class='ocr_line' id='line_1_90' title="bbox 418 4446 1993 4522; baseline -0.004 -14"><span class='ocrx_word' id='word_1_639' title='bbox 418 4464 654 4522; x_wconf 86' lang='lat' dir='ltr'><strong>patrem,</strong></span> <span class='ocrx_word' id='word_1_640' title='bbox 697 4454 787 4520; x_wconf 90' lang='lat' dir='ltr'><strong>qui</strong></span> <span class='ocrx_word' id='word_1_641' title='bbox 824 4451 1048 4505; x_wconf 90' lang='lat' dir='ltr'><strong>multam</strong></span> <span class='ocrx_word' id='word_1_642' title='bbox 1078 4451 1478 4520; x_wconf 86' lang='lat' dir='ltr'><strong>providentiam</strong></span> <span class='ocrx_word' id='word_1_643' title='bbox 1509 4450 1578 4503; x_wconf 91' lang='lat' dir='ltr'><strong>ab</strong></span> <span class='ocrx_word' id='word_1_644' title='bbox 1628 4449 1784 4503; x_wconf 90' lang='lat' dir='ltr'><strong>initio</strong></span> <span class='ocrx_word' id='word_1_645' title='bbox 1814 4448 1869 4502; x_wconf 89' lang='lat' dir='ltr'><strong>in</strong></span> <span class='ocrx_word' id='word_1_646' title='bbox 1902 4446 1993 4502; x_wconf 83' lang='lat' dir='ltr'><strong>Ju-</strong></span> 
     </span>
    </p>
   </div>
   <div class='ocr_carea' id='block_1_90' title="bbox 2114 4446 3683 4526">
    <p class='ocr_par' dir='ltr' id='par_1_90' title="bbox 2114 4452 3683 4526">
     <span class='ocr_line' id='line_1_91' title="bbox 2114 4452 3683 4526; baseline -0.004 -16"><span class='ocrx_word' id='word_1_647' title='bbox 2114 4458 2339 4526; x_wconf 69' lang='grc' dir='ltr'>πατέρα.</span> <span class='ocrx_word' id='word_1_648' title='bbox 2371 4457 2462 4509; x_wconf 79' lang='grc' dir='ltr'><strong>τὸν</strong></span> <span class='ocrx_word' id='word_1_649' title='bbox 2496 4455 2692 4525; x_wconf 83' lang='grc' dir='ltr'>πολλὴν</span> <span class='ocrx_word' id='word_1_650' title='bbox 2720 4454 2974 4525; x_wconf 81' lang='grc' dir='ltr'>πρόνοιαν</span> <span class='ocrx_word' id='word_1_651' title='bbox 2995 4452 3252 4523; x_wconf 67' lang='grc' dir='ltr'>έξάρχῆς</span> <span class='ocrx_word' id='word_1_652' title='bbox 3277 4455 3357 4516; x_wconf 85' lang='grc' dir='ltr'><strong>είς</strong></span> <span class='ocrx_word' id='word_1_653' title='bbox 3385 4454 3511 4516; x_wconf 80' lang='grc' dir='ltr'>τοὺς</span> <span class='ocrx_word' id='word_1_654' title='bbox 3549 4453 3683 4504; x_wconf 88' lang='grc' dir='ltr'>Ἰου-</span> 
     </span>
    </p>
   </div>
   <div class='ocr_carea' id='block_1_91' title="bbox 420 4540 1997 4610">
    <p class='ocr_par' dir='ltr' id='par_1_91' title="bbox 420 4540 1997 4610">
     <span class='ocr_line' id='line_1_92' title="bbox 420 4540 1997 4610; baseline -0.003 -13"><span class='ocrx_word' id='word_1_655' title='bbox 420 4547 565 4599; x_wconf 66' lang='grc' dir='ltr'>ιιωοε</span> <span class='ocrx_word' id='word_1_656' title='bbox 611 4544 871 4599; x_wconf 86' lang='lat' dir='ltr'><strong>ostendit.</strong></span> <span class='ocrx_word' id='word_1_657' title='bbox 902 4541 1090 4605; x_wconf 82' lang='lat' dir='ltr'><strong>Vinea,</strong></span> <span class='ocrx_word' id='word_1_658' title='bbox 1117 4541 1439 4610; x_wconf 90' lang='lat' dir='ltr'><strong>simpliciter</strong></span> <span class='ocrx_word' id='word_1_659' title='bbox 1476 4541 1692 4609; x_wconf 88' lang='lat' dir='ltr'><strong>quidem</strong></span> <span class='ocrx_word' id='word_1_660' title='bbox 1726 4549 1809 4594; x_wconf 90' lang='lat' dir='ltr'><strong>est</strong></span> <span class='ocrx_word' id='word_1_661' title='bbox 1840 4540 1997 4607; x_wconf 88' lang='lat' dir='ltr'><strong>.prior</strong></span> 
     </span>
    </p>
   </div>
   <div class='ocr_carea' id='block_1_92' title="bbox 422 4631 1996 4706">
    <p class='ocr_par' dir='ltr' id='par_1_92' title="bbox 422 4631 1996 4706">
     <span class='ocr_line' id='line_1_93' title="bbox 422 4631 1996 4706; baseline -0.003 -16"><span class='ocrx_word' id='word_1_662' title='bbox 422 4639 674 4706; x_wconf 89' lang='lat' dir='ltr'><strong>populus,</strong></span> <span class='ocrx_word' id='word_1_663' title='bbox 708 4635 871 4690; x_wconf 79' lang='lat' dir='ltr'><strong>lsrael</strong></span> <span class='ocrx_word' id='word_1_664' title='bbox 911 4635 1183 4698; x_wconf 89' lang='lat' dir='ltr'><strong>videlicet,</strong></span> <span class='ocrx_word' id='word_1_665' title='bbox 1210 4636 1489 4704; x_wconf 87' lang='lat' dir='ltr'><strong>plantatus</strong></span> <span class='ocrx_word' id='word_1_666' title='bbox 1535 4647 1565 4686; x_wconf 88' lang='lat' dir='ltr'><strong>a</strong></span> <span class='ocrx_word' id='word_1_667' title='bbox 1614 4631 1721 4686; x_wconf 91' lang='lat' dir='ltr'><strong>Deo</strong></span> <span class='ocrx_word' id='word_1_668' title='bbox 1761 4632 1815 4685; x_wconf 93' lang='lat' dir='ltr'><strong>in</strong></span> <span class='ocrx_word' id='word_1_669' title='bbox 1854 4643 1996 4685; x_wconf 91' lang='lat' dir='ltr'><strong>terra</strong></span> 
     </span>
    </p>
   </div>
   <div class='ocr_carea' id='block_1_93' title="bbox 422 4722 1999 4795">
    <p class='ocr_par' dir='ltr' id='par_1_93' title="bbox 422 4722 1999 4795">
     <span class='ocr_line' id='line_1_94' title="bbox 422 4722 1999 4795; baseline -0.003 -14"><span class='ocrx_word' id='word_1_670' title='bbox 422 4725 820 4795; x_wconf 88' lang='lat' dir='ltr'><strong>promissionis.</strong></span> <span class='ocrx_word' id='word_1_671' title='bbox 870 4722 1048 4791; x_wconf 82' lang='lat' dir='ltr'><strong>Sepes,</strong></span> <span class='ocrx_word' id='word_1_672' title='bbox 1098 4734 1185 4777; x_wconf 89' lang='lat' dir='ltr'><strong>est</strong></span> <span class='ocrx_word' id='word_1_673' title='bbox 1233 4725 1316 4776; x_wconf 79' lang='lat' dir='ltr'><strong>lex</strong></span> <span class='ocrx_word' id='word_1_674' title='bbox 1362 4739 1483 4792; x_wconf 72' lang='lat' dir='ltr'><strong>qua:</strong></span> <span class='ocrx_word' id='word_1_675' title='bbox 1528 4735 1632 4775; x_wconf 91' lang='lat' dir='ltr'><strong>non</strong></span> <span class='ocrx_word' id='word_1_676' title='bbox 1665 4722 1877 4775; x_wconf 90' lang='lat' dir='ltr'><strong>sinebat</strong></span> <span class='ocrx_word' id='word_1_677' title='bbox 1904 4737 1999 4776; x_wconf 88' lang='lat' dir='ltr'><strong>eos</strong></span> 
     </span>
    </p>
   </div>
   <div class='ocr_carea' id='block_1_94' title="bbox 423 4807 2040 4884">
    <p class='ocr_par' dir='ltr' id='par_1_94' title="bbox 423 4807 2040 4884">
     <span class='ocr_line' id='line_1_95' title="bbox 423 4807 2040 4884; baseline -0.002 -12"><span class='ocrx_word' id='word_1_678' title='bbox 423 4816 766 4872; x_wconf 86' lang='lat' dir='ltr'><strong>commisceri</strong></span> <span class='ocrx_word' id='word_1_679' title='bbox 816 4816 1091 4884; x_wconf 81' lang='lat' dir='ltr'><strong>gentibus.</strong></span> <span class='ocrx_word' id='word_1_680' title='bbox 1148 4814 1440 4877; x_wconf 82' lang='lat' dir='ltr'><strong>Torcular,</strong></span> <span class='ocrx_word' id='word_1_681' title='bbox 1490 4825 1574 4867; x_wconf 86' lang='lat' dir='ltr'><strong>est</strong></span> <span class='ocrx_word' id='word_1_682' title='bbox 1634 4814 1826 4876; x_wconf 85' lang='lat' dir='ltr'><strong>altare,</strong></span> <span class='ocrx_word' id='word_1_683' title='bbox 1881 4807 2040 4869; x_wconf 30' lang='lat' dir='ltr'><strong>sive.</strong></span> 
     </span>
    </p>
   </div>
   <div class='ocr_carea' id='block_1_95' title="bbox 423 4904 1993 4973">
    <p class='ocr_par' dir='ltr' id='par_1_95' title="bbox 423 4904 1993 4973">
     <span class='ocr_line' id='line_1_96' title="bbox 423 4904 1993 4973; baseline -0.002 -12"><span class='ocrx_word' id='word_1_684' title='bbox 423 4907 577 4962; x_wconf 86' lang='lat' dir='ltr'><strong>locus</strong></span> <span class='ocrx_word' id='word_1_685' title='bbox 625 4906 968 4961; x_wconf 90' lang='lat' dir='ltr'><strong>libaminum.</strong></span> <span class='ocrx_word' id='word_1_686' title='bbox 1025 4904 1234 4968; x_wconf 83' lang='lat' dir='ltr'><strong>Turris,</strong></span> <span class='ocrx_word' id='word_1_687' title='bbox 1289 4914 1374 4959; x_wconf 88' lang='lat' dir='ltr'><strong>est</strong></span> <span class='ocrx_word' id='word_1_688' title='bbox 1420 4904 1573 4967; x_wconf 88' lang='lat' dir='ltr'><strong>Sion,</strong></span> <span class='ocrx_word' id='word_1_689' title='bbox 1633 4904 1715 4957; x_wconf 87' lang='lat' dir='ltr'><strong>vel</strong></span> <span class='ocrx_word' id='word_1_690' title='bbox 1774 4905 1993 4973; x_wconf 63' lang='lat' dir='ltr'><strong>caelum.</strong></span> 
     </span>
    </p>
   </div>
   <div class='ocr_carea' id='block_1_96' title="bbox 423 4997 1995 5066">
    <p class='ocr_par' dir='ltr' id='par_1_96' title="bbox 423 4997 1995 5066">
     <span class='ocr_line' id='line_1_97' title="bbox 423 4997 1995 5066; baseline -0.003 -12"><span class='ocrx_word' id='word_1_691' title='bbox 423 4998 633 5061; x_wconf 80' lang='lat' dir='ltr'><strong>Coloni,</strong></span> <span class='ocrx_word' id='word_1_692' title='bbox 688 5008 816 5052; x_wconf 88' lang='lat' dir='ltr'><strong>sunt</strong></span> <span class='ocrx_word' id='word_1_693' title='bbox 867 5001 1110 5052; x_wconf 87' lang='lat' dir='ltr'><strong>seniores</strong></span> <span class='ocrx_word' id='word_1_694' title='bbox 1163 4997 1340 5066; x_wconf 83' lang='lat' dir='ltr'><strong>populi</strong></span> <span class='ocrx_word' id='word_1_695' title='bbox 1386 5008 1435 5051; x_wconf 85' lang='lat' dir='ltr'><strong>et</strong></span> <span class='ocrx_word' id='word_1_696' title='bbox 1475 4998 1772 5064; x_wconf 74' lang='lat' dir='ltr'><strong>sapientes,</strong></span> <span class='ocrx_word' id='word_1_697' title='bbox 1809 5008 1861 5050; x_wconf 89' lang='lat' dir='ltr'><strong>et</strong></span> <span class='ocrx_word' id='word_1_698' title='bbox 1905 4998 1995 5065; x_wconf 89' lang='lat' dir='ltr'><strong>qui</strong></span> 
     </span>
    </p>
   </div>
   <div class='ocr_carea' id='block_1_97' title="bbox 425 5086 1996 5160">
    <p class='ocr_par' dir='ltr' id='par_1_97' title="bbox 425 5086 1996 5160">
     <span class='ocr_line' id='line_1_98' title="bbox 425 5086 1996 5160; baseline -0.004 -14"><span class='ocrx_word' id='word_1_699' title='bbox 425 5108 522 5159; x_wconf 88' lang='lat' dir='ltr'><strong>per</strong></span> <span class='ocrx_word' id='word_1_700' title='bbox 553 5103 797 5160; x_wconf 87' lang='lat' dir='ltr'><strong>tempora</strong></span> <span class='ocrx_word' id='word_1_701' title='bbox 850 5088 1003 5143; x_wconf 81' lang='lat' dir='ltr'><strong>fuere</strong></span> <span class='ocrx_word' id='word_1_702' title='bbox 1049 5092 1326 5143; x_wconf 84' lang='lat' dir='ltr'><strong>doctores.</strong></span> <span class='ocrx_word' id='word_1_703' title='bbox 1367 5086 1590 5157; x_wconf 79' lang='lat' dir='ltr'><strong>Peregre</strong></span> <span class='ocrx_word' id='word_1_704' title='bbox 1621 5088 1886 5155; x_wconf 80' lang='lat' dir='ltr'><strong>profectus</strong></span> <span class='ocrx_word' id='word_1_705' title='bbox 1922 5098 1996 5140; x_wconf 80' lang='lat' dir='ltr'><strong>est</strong></span> 
     </span>
    </p>
   </div>
   <div class='ocr_carea' id='block_1_98' title="bbox 423 5180 1995 5253">
    <p class='ocr_par' dir='ltr' id='par_1_98' title="bbox 423 5180 1995 5253">
     <span class='ocr_line' id='line_1_99' title="bbox 423 5180 1995 5253; baseline -0.004 -16"><span class='ocrx_word' id='word_1_706' title='bbox 423 5196 604 5238; x_wconf 85' lang='lat' dir='ltr'><strong>autem</strong></span> <span class='ocrx_word' id='word_1_707' title='bbox 636 5182 1047 5253; x_wconf 82' lang='lat' dir='ltr'><strong>paterfamilias,</strong></span> <span class='ocrx_word' id='word_1_708' title='bbox 1102 5183 1319 5249; x_wconf 81' lang='lat' dir='ltr'><strong>quando</strong></span> <span class='ocrx_word' id='word_1_709' title='bbox 1351 5197 1455 5234; x_wconf 89' lang='lat' dir='ltr'><strong>non</strong></span> <span class='ocrx_word' id='word_1_710' title='bbox 1495 5180 1730 5249; x_wconf 86' lang='lat' dir='ltr'><strong>amplius</strong></span> <span class='ocrx_word' id='word_1_711' title='bbox 1760 5180 1995 5233; x_wconf 90' lang='lat' dir='ltr'><strong>interdiu</strong></span> 
     </span>
    </p>
   </div>
   <div class='ocr_carea' id='block_1_99' title="bbox 424 5271 1997 5343">
    <p class='ocr_par' dir='ltr' id='par_1_99' title="bbox 424 5271 1997 5343">
     <span class='ocr_line' id='line_1_100' title="bbox 424 5271 1997 5343; baseline -0.004 -12"><span class='ocrx_word' id='word_1_712' title='bbox 424 5278 480 5332; x_wconf 91' lang='lat' dir='ltr'><strong>in</strong></span> <span class='ocrx_word' id='word_1_713' title='bbox 515 5276 765 5331; x_wconf 83' lang='lat' dir='ltr'><strong>columna</strong></span> <span class='ocrx_word' id='word_1_714' title='bbox 802 5276 978 5341; x_wconf 88' lang='lat' dir='ltr'><strong>nubis,</strong></span> <span class='ocrx_word' id='word_1_715' title='bbox 1021 5285 1075 5329; x_wconf 89' lang='lat' dir='ltr'><strong>et</strong></span> <span class='ocrx_word' id='word_1_716' title='bbox 1107 5285 1266 5328; x_wconf 90' lang='lat' dir='ltr'><strong>noctu</strong></span> <span class='ocrx_word' id='word_1_717' title='bbox 1316 5275 1448 5343; x_wconf 87' lang='lat' dir='ltr'><strong>ipsis</strong></span> <span class='ocrx_word' id='word_1_718' title='bbox 1477 5274 1528 5326; x_wconf 89' lang='lat' dir='ltr'><strong>in</strong></span> <span class='ocrx_word' id='word_1_719' title='bbox 1579 5274 1827 5330; x_wconf 80' lang='lat' dir='ltr'><strong>columna</strong></span> <span class='ocrx_word' id='word_1_720' title='bbox 1855 5271 1997 5341; x_wconf 80' lang='lat' dir='ltr'><strong>ignis</strong></span> 
     </span>
    </p>
   </div>
   <div class='ocr_carea' id='block_1_100' title="bbox 425 5366 1995 5440">
    <p class='ocr_par' dir='ltr' id='par_1_100' title="bbox 425 5366 1995 5440">
     <span class='ocr_line' id='line_1_101' title="bbox 425 5366 1995 5440; baseline -0.003 -17"><span class='ocrx_word' id='word_1_721' title='bbox 425 5366 697 5440; x_wconf 79' lang='lat' dir='ltr'><strong>apparuit.</strong></span> <span class='ocrx_word' id='word_1_722' title='bbox 746 5367 843 5423; x_wconf 76' lang='lat' dir='ltr'><strong>Vel</strong></span> <span class='ocrx_word' id='word_1_723' title='bbox 890 5369 1134 5422; x_wconf 89' lang='lat' dir='ltr'><strong>innuitur</strong></span> <span class='ocrx_word' id='word_1_724' title='bbox 1167 5367 1256 5423; x_wconf 88' lang='lat' dir='ltr'><strong>Dei</strong></span> <span class='ocrx_word' id='word_1_725' title='bbox 1299 5366 1704 5436; x_wconf 75' lang='lat' dir='ltr'><strong>longanimitas,</strong></span> <span class='ocrx_word' id='word_1_726' title='bbox 1744 5380 1863 5435; x_wconf 64' lang='lat' dir='ltr'><strong>quae</strong></span> <span class='ocrx_word' id='word_1_727' title='bbox 1889 5381 1995 5419; x_wconf 88' lang='lat' dir='ltr'><strong>non</strong></span> 
     </span>
    </p>
   </div>
   <div class='ocr_carea' id='block_1_101' title="bbox 491 5529 1699 5601">
    <p class='ocr_par' dir='ltr' id='par_1_101' title="bbox 491 5529 1699 5601">
     <span class='ocr_line' id='line_1_102' title="bbox 491 5529 1699 5601; baseline -0.002 -16"><span class='ocrx_word' id='word_1_728' title='bbox 491 5530 605 5601; x_wconf 68' lang='lat'><strong>(12)</strong></span> <span class='ocrx_word' id='word_1_729' title='bbox 624 5530 851 5601; x_wconf 82' lang='lat' dir='ltr'><strong>Videtur</strong></span> <span class='ocrx_word' id='word_1_730' title='bbox 876 5530 1065 5583; x_wconf 64' lang='lat' dir='ltr'><strong>referri</strong></span> <span class='ocrx_word' id='word_1_731' title='bbox 1095 5529 1159 5582; x_wconf 82' lang='lat' dir='ltr'><strong>ad</strong></span> <span class='ocrx_word' id='word_1_732' title='bbox 1195 5529 1385 5583; x_wconf 76' lang='lat' dir='ltr'><strong>Matth.</strong></span> <span class='ocrx_word' id='word_1_733' title='bbox 1409 5546 1560 5589; x_wconf 82' lang='lat' dir='ltr'><strong>xvm.</strong></span> <span class='ocrx_word' id='word_1_734' title='bbox 1606 5529 1699 5584; x_wconf 81' lang='lat' dir='ltr'><strong>l7.</strong></span> 
     </span>
    </p>
   </div>
   <div class='ocr_carea' id='block_1_102' title="bbox 494 5600 1995 5671">
    <p class='ocr_par' dir='ltr' id='par_1_102' title="bbox 494 5600 1995 5671">
     <span class='ocr_line' id='line_1_103' title="bbox 494 5600 1995 5671; baseline -0.002 -15"><span class='ocrx_word' id='word_1_735' title='bbox 494 5600 632 5671; x_wconf 48' lang='grc' dir='ltr'>(ιε)</span> <span class='ocrx_word' id='word_1_736' title='bbox 663 5600 776 5656; x_wconf 81' lang='lat' dir='ltr'><strong>Non</strong></span> <span class='ocrx_word' id='word_1_737' title='bbox 813 5602 1063 5655; x_wconf 87' lang='lat' dir='ltr'><strong>omnibus</strong></span> <span class='ocrx_word' id='word_1_738' title='bbox 1091 5603 1236 5654; x_wconf 87' lang='lat' dir='ltr'><strong>enim</strong></span> <span class='ocrx_word' id='word_1_739' title='bbox 1262 5602 1523 5667; x_wconf 78' lang='lat' dir='ltr'><strong>a-qualcm</strong></span> <span class='ocrx_word' id='word_1_740' title='bbox 1558 5616 1865 5653; x_wconf 76' lang='lat' dir='ltr'><strong>mensuram</strong></span> <span class='ocrx_word' id='word_1_741' title='bbox 1896 5600 1995 5653; x_wconf 83' lang='lat' dir='ltr'><strong>mi-</strong></span> 
     </span>
    </p>
   </div>
   <div class='ocr_carea' id='block_1_103' title="bbox 423 5671 1994 5741">
    <p class='ocr_par' dir='ltr' id='par_1_103' title="bbox 423 5671 1994 5741">
     <span class='ocr_line' id='line_1_104' title="bbox 423 5671 1994 5741; baseline -0.002 -18"><span class='ocrx_word' id='word_1_742' title='bbox 423 5672 721 5725; x_wconf 86' lang='lat' dir='ltr'><strong>scricordia</strong></span> <span class='ocrx_word' id='word_1_743' title='bbox 757 5672 1019 5741; x_wconf 78' lang='lat' dir='ltr'><strong>assignat,</strong></span> <span class='ocrx_word' id='word_1_744' title='bbox 1068 5687 1232 5738; x_wconf 87' lang='lat' dir='ltr'><strong>quam</strong></span> <span class='ocrx_word' id='word_1_745' title='bbox 1285 5671 1327 5724; x_wconf 85' lang='lat' dir='ltr'><strong>si</strong></span> <span class='ocrx_word' id='word_1_746' title='bbox 1377 5672 1502 5740; x_wconf 80' lang='lat' dir='ltr'><strong>quis</strong></span> <span class='ocrx_word' id='word_1_747' title='bbox 1546 5672 1994 5741; x_wconf 78' lang='lat' dir='ltr'><strong>supergretliatur</strong></span> 
     </span>
    </p>
   </div>
   <div class='ocr_carea' id='block_1_104' title="bbox 426 5741 1990 5812">
    <p class='ocr_par' dir='ltr' id='par_1_104' title="bbox 426 5741 1990 5812">
     <span class='ocr_line' id='line_1_105' title="bbox 426 5741 1990 5812; baseline 0.001 -18"><span class='ocrx_word' id='word_1_748' title='bbox 426 5742 563 5796; x_wconf 84' lang='lat' dir='ltr'><strong>Deus</strong></span> <span class='ocrx_word' id='word_1_749' title='bbox 585 5757 688 5797; x_wconf 89' lang='lat' dir='ltr'><strong>non</strong></span> <span class='ocrx_word' id='word_1_750' title='bbox 716 5742 944 5812; x_wconf 77' lang='lat' dir='ltr'><strong>amplius</strong></span> <span class='ocrx_word' id='word_1_751' title='bbox 973 5742 1235 5811; x_wconf 81' lang='lat' dir='ltr'><strong>indulget,</strong></span> <span class='ocrx_word' id='word_1_752' title='bbox 1275 5742 1442 5797; x_wconf 84' lang='lat' dir='ltr'><strong>sedin</strong></span> <span class='ocrx_word' id='word_1_753' title='bbox 1483 5752 1705 5811; x_wconf 81' lang='lat' dir='ltr'><strong>peccato</strong></span> <span class='ocrx_word' id='word_1_754' title='bbox 1746 5758 1843 5797; x_wconf 89' lang='lat' dir='ltr'><strong>suo</strong></span> <span class='ocrx_word' id='word_1_755' title='bbox 1892 5741 1990 5795; x_wconf 88' lang='lat' dir='ltr'><strong>ho-</strong></span> 
     </span>
    </p>
   </div>
   <div class='ocr_carea' id='block_1_105' title="bbox 2102 4544 3683 4617">
    <p class='ocr_par' dir='ltr' id='par_1_105' title="bbox 2102 4544 3683 4617">
     <span class='ocr_line' id='line_1_106' title="bbox 2102 4544 3683 4617; baseline -0.005 -15"><span class='ocrx_word' id='word_1_756' title='bbox 2102 4549 2282 4612; x_wconf 83' lang='grc' dir='ltr'>δαίους</span> <span class='ocrx_word' id='word_1_757' title='bbox 2300 4546 2719 4617; x_wconf 73' lang='grc' dir='ltr'>ἐπιδειξάμενον.</span> <span class='ocrx_word' id='word_1_758' title='bbox 2750 4545 3057 4615; x_wconf 81' lang='grc' dir='ltr'>Ἀμπελὼν</span> <span class='ocrx_word' id='word_1_759' title='bbox 3074 4546 3130 4599; x_wconf 84' lang='grc' dir='ltr'>δὲ</span> <span class='ocrx_word' id='word_1_760' title='bbox 3154 4545 3336 4607; x_wconf 84' lang='grc' dir='ltr'>ἁπλῶς</span> <span class='ocrx_word' id='word_1_761' title='bbox 3363 4546 3459 4615; x_wconf 84' lang='grc' dir='ltr'><strong>μὲν</strong></span> <span class='ocrx_word' id='word_1_762' title='bbox 3479 4547 3507 4597; x_wconf 88' lang='lat'><strong>6</strong></span> <span class='ocrx_word' id='word_1_763' title='bbox 3529 4544 3683 4614; x_wconf 81' lang='grc' dir='ltr'>πρῶ-</span> 
     </span>
    </p>
   </div>
   <div class='ocr_carea' id='block_1_106' title="bbox 2101 4633 3678 4708">
    <p class='ocr_par' dir='ltr' id='par_1_106' title="bbox 2101 4633 3678 4708">
     <span class='ocr_line' id='line_1_107' title="bbox 2101 4633 3678 4708; baseline -0.004 -17"><span class='ocrx_word' id='word_1_764' title='bbox 2101 4657 2192 4701; x_wconf 84' lang='grc' dir='ltr'><strong>τος</strong></span> <span class='ocrx_word' id='word_1_765' title='bbox 2207 4638 2353 4702; x_wconf 74' lang='grc' dir='ltr'>λαὸς,</span> <span class='ocrx_word' id='word_1_766' title='bbox 2375 4638 2649 4691; x_wconf 85' lang='grc' dir='ltr'>τουτέστιν</span> <span class='ocrx_word' id='word_1_767' title='bbox 2675 4639 2703 4691; x_wconf 91' lang='lat'><strong>6</strong></span> <span class='ocrx_word' id='word_1_768' title='bbox 2730 4636 2962 4708; x_wconf 83' lang='grc' dir='ltr'>Ἰσραὴλ,</span> <span class='ocrx_word' id='word_1_769' title='bbox 2985 4636 3268 4706; x_wconf 74' lang='grc' dir='ltr'>φυτευθεὶς</span> <span class='ocrx_word' id='word_1_770' title='bbox 3289 4637 3393 4688; x_wconf 82' lang='grc' dir='ltr'><strong>ὑπὸ</strong></span> <span class='ocrx_word' id='word_1_771' title='bbox 3418 4634 3511 4687; x_wconf 85' lang='grc' dir='ltr'><strong>τοῦ</strong></span> <span class='ocrx_word' id='word_1_772' title='bbox 3540 4633 3678 4686; x_wconf 86' lang='grc' dir='ltr'>Θεοῦ</span> 
     </span>
    </p>
   </div>
   <div class='ocr_carea' id='block_1_107' title="bbox 2103 4726 3680 4801">
    <p class='ocr_par' dir='ltr' id='par_1_107' title="bbox 2103 4726 3680 4801">
     <span class='ocr_line' id='line_1_108' title="bbox 2103 4726 3680 4801; baseline -0.003 -19"><span class='ocrx_word' id='word_1_773' title='bbox 2103 4734 2159 4783; x_wconf 83' lang='grc' dir='ltr'><strong>έν</strong></span> <span class='ocrx_word' id='word_1_774' title='bbox 2191 4733 2256 4801; x_wconf 80' lang='grc' dir='ltr'>τῇ</span> <span class='ocrx_word' id='word_1_775' title='bbox 2295 4731 2364 4800; x_wconf 84' lang='grc' dir='ltr'>γῇ</span> <span class='ocrx_word' id='word_1_776' title='bbox 2405 4729 2503 4799; x_wconf 81' lang='grc' dir='ltr'>τῆς</span> <span class='ocrx_word' id='word_1_777' title='bbox 2532 4728 2878 4797; x_wconf 76' lang='grc' dir='ltr'>ἐπαγγελίας.</span> <span class='ocrx_word' id='word_1_778' title='bbox 2920 4728 3190 4796; x_wconf 67' lang='grc' dir='ltr'>Φραγμός</span> <span class='ocrx_word' id='word_1_779' title='bbox 3216 4727 3272 4780; x_wconf 79' lang='grc' dir='ltr'>δὲ</span> <span class='ocrx_word' id='word_1_780' title='bbox 3304 4729 3332 4778; x_wconf 82' lang='lat'><strong>6</strong></span> <span class='ocrx_word' id='word_1_781' title='bbox 3361 4727 3542 4796; x_wconf 83' lang='grc' dir='ltr'>νόμος,</span> <span class='ocrx_word' id='word_1_782' title='bbox 3577 4726 3680 4777; x_wconf 64' lang='grc' dir='ltr'><strong>οὐκ</strong></span> 
     </span>
    </p>
   </div>
   <div class='ocr_carea' id='block_1_108' title="bbox 2102 4815 3681 4889">
    <p class='ocr_par' dir='ltr' id='par_1_108' title="bbox 2102 4815 3681 4889">
     <span class='ocr_line' id='line_1_109' title="bbox 2102 4815 3681 4889; baseline -0.003 -16"><span class='ocrx_word' id='word_1_783' title='bbox 2102 4821 2206 4874; x_wconf 81' lang='grc' dir='ltr'>ἐῶν</span> <span class='ocrx_word' id='word_1_784' title='bbox 2258 4822 2451 4883; x_wconf 78' lang='grc' dir='ltr'>αὐτοὺς</span> <span class='ocrx_word' id='word_1_785' title='bbox 2508 4820 2732 4889; x_wconf 79' lang='grc' dir='ltr'>μιγῆναι</span> <span class='ocrx_word' id='word_1_786' title='bbox 2776 4820 2887 4882; x_wconf 91' lang='grc' dir='ltr'>τοῖς</span> <span class='ocrx_word' id='word_1_787' title='bbox 2928 4818 3123 4871; x_wconf 78' lang='grc' dir='ltr'>ἔθνεσι.</span> <span class='ocrx_word' id='word_1_788' title='bbox 3165 4817 3361 4885; x_wconf 78' lang='grc' dir='ltr'>Ληνός</span> <span class='ocrx_word' id='word_1_789' title='bbox 3392 4817 3451 4869; x_wconf 88' lang='grc' dir='ltr'><strong>τὸ</strong></span> <span class='ocrx_word' id='word_1_790' title='bbox 3494 4815 3681 4868; x_wconf 87' lang='grc' dir='ltr'>θυσια-</span> 
     </span>
    </p>
   </div>
   <div class='ocr_carea' id='block_1_109' title="bbox 2106 4907 3677 4984">
    <p class='ocr_par' dir='ltr' id='par_1_109' title="bbox 2106 4907 3677 4984">
     <span class='ocr_line' id='line_1_110' title="bbox 2106 4907 3677 4984; baseline -0.004 -17"><span class='ocrx_word' id='word_1_791' title='bbox 2106 4915 2345 4984; x_wconf 83' lang='grc' dir='ltr'>στήριον,</span> <span class='ocrx_word' id='word_1_792' title='bbox 2373 4913 2490 4982; x_wconf 75' lang='grc' dir='ltr'>ἦτοι</span> <span class='ocrx_word' id='word_1_793' title='bbox 2518 4914 2546 4964; x_wconf 88' lang='lat'><strong>6</strong></span> <span class='ocrx_word' id='word_1_794' title='bbox 2571 4911 2731 4973; x_wconf 85' lang='grc' dir='ltr'>τόπος</span> <span class='ocrx_word' id='word_1_795' title='bbox 2754 4910 2863 4963; x_wconf 87' lang='grc' dir='ltr'><strong>τῶν</strong></span> <span class='ocrx_word' id='word_1_796' title='bbox 2896 4909 3157 4964; x_wconf 84' lang='grc' dir='ltr'>σπονδῶν.</span> <span class='ocrx_word' id='word_1_797' title='bbox 3189 4910 3415 4979; x_wconf 58' lang='grc' dir='ltr'>Πύργπο(</span> <span class='ocrx_word' id='word_1_798' title='bbox 3450 4910 3482 4979; x_wconf 82' lang='grc' dir='ltr'><strong>ὴ</strong></span> <span class='ocrx_word' id='word_1_799' title='bbox 3514 4907 3677 4971; x_wconf 81' lang='grc' dir='ltr'>Σιὼν,</span> 
     </span>
    </p>
   </div>
   <div class='ocr_carea' id='block_1_110' title="bbox 2104 4998 3680 5075">
    <p class='ocr_par' dir='ltr' id='par_1_110' title="bbox 2104 4998 3680 5075">
     <span class='ocr_line' id='line_1_111' title="bbox 2104 4998 3680 5075; baseline -0.003 -19"><span class='ocrx_word' id='word_1_800' title='bbox 2104 5005 2136 5075; x_wconf 76' lang='grc' dir='ltr'><strong>ἢ</strong></span> <span class='ocrx_word' id='word_1_801' title='bbox 2172 5007 2200 5056; x_wconf 92' lang='lat'><strong>6</strong></span> <span class='ocrx_word' id='word_1_802' title='bbox 2231 5003 2477 5074; x_wconf 81' lang='grc' dir='ltr'>οὐρανός.</span> <span class='ocrx_word' id='word_1_803' title='bbox 2518 5001 2773 5071; x_wconf 76' lang='grc' dir='ltr'>Γεωργοὶ</span> <span class='ocrx_word' id='word_1_804' title='bbox 2819 5003 2868 5054; x_wconf 92' lang='grc' dir='ltr'>οἱ</span> <span class='ocrx_word' id='word_1_805' title='bbox 2909 5001 3264 5073; x_wconf 86' lang='grc' dir='ltr'>πρεσϐύτεροι</span> <span class='ocrx_word' id='word_1_806' title='bbox 3295 4998 3387 5053; x_wconf 89' lang='grc' dir='ltr'><strong>τοῦ</strong></span> <span class='ocrx_word' id='word_1_807' title='bbox 3422 4999 3548 5053; x_wconf 90' lang='grc' dir='ltr'>λαοῦ</span> <span class='ocrx_word' id='word_1_808' title='bbox 3584 5000 3680 5052; x_wconf 56' lang='grc' dir='ltr'><strong>καὶ</strong></span> 
     </span>
    </p>
   </div>
   <div class='ocr_carea' id='block_1_111' title="bbox 2103 5092 3679 5165">
    <p class='ocr_par' dir='ltr' id='par_1_111' title="bbox 2103 5092 3679 5165">
     <span class='ocr_line' id='line_1_112' title="bbox 2103 5092 3679 5165; baseline -0.001 -19"><span class='ocrx_word' id='word_1_809' title='bbox 2103 5096 2153 5146; x_wconf 87' lang='grc' dir='ltr'>οἱ</span> <span class='ocrx_word' id='word_1_810' title='bbox 2184 5096 2355 5164; x_wconf 83' lang='grc' dir='ltr'>σοφοὶ,</span> <span class='ocrx_word' id='word_1_811' title='bbox 2390 5096 2484 5148; x_wconf 76' lang='grc' dir='ltr'><strong>καὶ</strong></span> <span class='ocrx_word' id='word_1_812' title='bbox 2529 5096 2578 5148; x_wconf 89' lang='grc' dir='ltr'><strong>οί</strong></span> <span class='ocrx_word' id='word_1_813' title='bbox 2621 5094 2761 5148; x_wconf 84' lang='grc' dir='ltr'>κατὰ</span> <span class='ocrx_word' id='word_1_814' title='bbox 2796 5096 3019 5165; x_wconf 82' lang='grc' dir='ltr'>καιροὺς</span> <span class='ocrx_word' id='word_1_815' title='bbox 3054 5092 3381 5147; x_wconf 84' lang='grc' dir='ltr'>διδάσκαλοι.</span> <span class='ocrx_word' id='word_1_816' title='bbox 3430 5092 3679 5161; x_wconf 71' lang='grc' dir='ltr'>Ἀπεδιξ-</span> 
     </span>
    </p>
   </div>
   <div class='ocr_carea' id='block_1_112' title="bbox 2099 5183 3683 5255">
    <p class='ocr_par' dir='ltr' id='par_1_112' title="bbox 2099 5183 3683 5255">
     <span class='ocr_line' id='line_1_113' title="bbox 2099 5183 3683 5255; baseline -0.002 -18"><span class='ocrx_word' id='word_1_817' title='bbox 2099 5200 2258 5253; x_wconf 81' lang='grc' dir='ltr'>μησε</span> <span class='ocrx_word' id='word_1_818' title='bbox 2289 5184 2344 5237; x_wconf 82' lang='grc' dir='ltr'>δὲ</span> <span class='ocrx_word' id='word_1_819' title='bbox 2375 5188 2402 5238; x_wconf 93' lang='lat'><strong>6</strong></span> <span class='ocrx_word' id='word_1_820' title='bbox 2432 5186 2842 5255; x_wconf 78' lang='grc' dir='ltr'>οἰκοδεσπότης,</span> <span class='ocrx_word' id='word_1_821' title='bbox 2882 5186 2967 5238; x_wconf 85' lang='grc' dir='ltr'><strong>ὅτε</strong></span> <span class='ocrx_word' id='word_1_822' title='bbox 2995 5186 3175 5238; x_wconf 84' lang='grc' dir='ltr'>οὐκέτι</span> <span class='ocrx_word' id='word_1_823' title='bbox 3204 5185 3387 5255; x_wconf 78' lang='grc' dir='ltr'>ἡμέρᾳ</span> <span class='ocrx_word' id='word_1_824' title='bbox 3416 5185 3471 5238; x_wconf 82' lang='grc' dir='ltr'><strong>έν</strong></span> <span class='ocrx_word' id='word_1_825' title='bbox 3502 5183 3683 5255; x_wconf 73' lang='grc' dir='ltr'>στόλῳ</span> 
     </span>
    </p>
   </div>
   <div class='ocr_carea' id='block_1_113' title="bbox 2105 5276 3681 5348">
    <p class='ocr_par' dir='ltr' id='par_1_113' title="bbox 2105 5276 3681 5348">
     <span class='ocr_line' id='line_1_114' title="bbox 2105 5276 3681 5348; baseline -0.001 -19"><span class='ocrx_word' id='word_1_826' title='bbox 2105 5277 2331 5348; x_wconf 81' lang='grc' dir='ltr'>νεφέλης</span> <span class='ocrx_word' id='word_1_827' title='bbox 2358 5278 2452 5330; x_wconf 76' lang='grc' dir='ltr'>καὶ</span> <span class='ocrx_word' id='word_1_828' title='bbox 2481 5278 2669 5340; x_wconf 82' lang='grc' dir='ltr'>νυκτὸς</span> <span class='ocrx_word' id='word_1_829' title='bbox 2699 5278 2882 5340; x_wconf 85' lang='grc' dir='ltr'>αὐτοῖς</span> <span class='ocrx_word' id='word_1_830' title='bbox 2915 5279 2969 5328; x_wconf 81' lang='grc' dir='ltr'><strong>ὲν</strong></span> <span class='ocrx_word' id='word_1_831' title='bbox 3000 5276 3175 5346; x_wconf 85' lang='grc' dir='ltr'>στύλῳ</span> <span class='ocrx_word' id='word_1_832' title='bbox 3207 5277 3376 5346; x_wconf 56' lang='grc' dir='ltr'>πυρὸς</span> <span class='ocrx_word' id='word_1_833' title='bbox 3401 5276 3681 5343; x_wconf 67' lang='grc' dir='ltr'>ἐπιφαίνε-</span> 
     </span>
    </p>
   </div>
   <div class='ocr_carea' id='block_1_114' title="bbox 2102 5366 3681 5442">
    <p class='ocr_par' dir='ltr' id='par_1_114' title="bbox 2102 5366 3681 5442">
     <span class='ocr_line' id='line_1_115' title="bbox 2102 5366 3681 5442; baseline 0.001 -21"><span class='ocrx_word' id='word_1_834' title='bbox 2102 5387 2210 5423; x_wconf 89' lang='grc' dir='ltr'>ται.</span> <span class='ocrx_word' id='word_1_835' title='bbox 2243 5370 2313 5423; x_wconf 83' lang='grc' dir='ltr'><strong>Ἦ</strong></span> <span class='ocrx_word' id='word_1_836' title='bbox 2342 5372 2375 5441; x_wconf 83' lang='grc' dir='ltr'>ἡ</span> <span class='ocrx_word' id='word_1_837' title='bbox 2409 5369 2499 5423; x_wconf 87' lang='grc' dir='ltr'><strong>τοῦ</strong></span> <span class='ocrx_word' id='word_1_838' title='bbox 2535 5369 2669 5423; x_wconf 87' lang='grc' dir='ltr'>Θεοῦ</span> <span class='ocrx_word' id='word_1_839' title='bbox 2705 5369 3054 5442; x_wconf 88' lang='grc' dir='ltr'>μακροθυμία</span> <span class='ocrx_word' id='word_1_840' title='bbox 3078 5408 3093 5433; x_wconf 88' lang='grc'><strong>,</strong></span> <span class='ocrx_word' id='word_1_841' title='bbox 3135 5371 3168 5439; x_wconf 82' lang='grc' dir='ltr'><strong>ἠ</strong></span> <span class='ocrx_word' id='word_1_842' title='bbox 3208 5368 3282 5439; x_wconf 83' lang='grc' dir='ltr'>μὴ</span> <span class='ocrx_word' id='word_1_843' title='bbox 3325 5369 3473 5439; x_wconf 85' lang='grc' dir='ltr'><strong>παρὰ</strong></span> <span class='ocrx_word' id='word_1_844' title='bbox 3512 5366 3681 5431; x_wconf 75' lang='grc' dir='ltr'>πόδας</span> 
     </span>
    </p>
   </div>
   <div class='ocr_carea' id='block_1_115' title="bbox 2105 5532 2635 5586">
    <p class='ocr_par' dir='ltr' id='par_1_115' title="bbox 2105 5532 2635 5586">
     <span class='ocr_line' id='line_1_116' title="bbox 2105 5532 2635 5586; baseline -0.004 -1"><span class='ocrx_word' id='word_1_845' title='bbox 2105 5532 2281 5586; x_wconf 84' lang='lat' dir='ltr'><strong>mines</strong></span> <span class='ocrx_word' id='word_1_846' title='bbox 2313 5532 2635 5583; x_wconf 86' lang='lat' dir='ltr'><strong>moriuntur.</strong></span> 
     </span>
    </p>
   </div>
   <div class='ocr_carea' id='block_1_116' title="bbox 2174 5600 2662 5665">
    <p class='ocr_par' dir='ltr' id='par_1_116' title="bbox 2174 5600 2662 5665">
     <span class='ocr_line' id='line_1_117' title="bbox 2174 5600 2662 5665; baseline -0.004 -11"><span class='ocrx_word' id='word_1_847' title='bbox 2174 5603 2285 5665; x_wconf 79' lang='grc'><strong>(15)</strong></span> <span class='ocrx_word' id='word_1_848' title='bbox 2324 5601 2486 5655; x_wconf 80' lang='lat' dir='ltr'><strong>Forte</strong></span> <span class='ocrx_word' id='word_1_849' title='bbox 2506 5600 2561 5652; x_wconf 81' lang='grc' dir='ltr'>δὲ</span> <span class='ocrx_word' id='word_1_850' title='bbox 2603 5600 2662 5652; x_wconf 89' lang='grc' dir='ltr'><strong>τό</strong></span> 
     </span>
    </p>
   </div>
   <div class='ocr_carea' id='block_1_117' title="bbox 2176 5666 3480 5741">
    <p class='ocr_par' dir='ltr' id='par_1_117' title="bbox 2176 5666 3480 5741">
     <span class='ocr_line' id='line_1_118' title="bbox 2176 5666 3480 5741; baseline -0.001 -20"><span class='ocrx_word' id='word_1_851' title='bbox 2176 5671 2285 5741; x_wconf 77' lang='grc' dir='ltr'><strong>(Μι)</strong></span> <span class='ocrx_word' id='word_1_852' title='bbox 2320 5670 2435 5738; x_wconf 81' lang='grc' dir='ltr'><strong>Μή.</strong></span> <span class='ocrx_word' id='word_1_853' title='bbox 2470 5670 2627 5741; x_wconf 65' lang='lat' dir='ltr'><strong>Fttt&#39;ltf</strong></span> <span class='ocrx_word' id='word_1_854' title='bbox 2668 5671 2793 5740; x_wconf 75' lang='grc' dir='ltr'>μήν,</span> <span class='ocrx_word' id='word_1_855' title='bbox 2835 5679 2895 5725; x_wconf 91' lang='lat' dir='ltr'><strong>ut</strong></span> <span class='ocrx_word' id='word_1_856' title='bbox 2927 5669 3087 5741; x_wconf 85' lang='lat' dir='ltr'><strong>paulo</strong></span> <span class='ocrx_word' id='word_1_857' title='bbox 3119 5667 3279 5724; x_wconf 75' lang='lat' dir='ltr'><strong>infra.</strong></span> <span class='ocrx_word' id='word_1_858' title='bbox 3317 5666 3480 5721; x_wconf 77' lang='grc' dir='ltr'>Εωτ.</span> 
     </span>
    </p>
   </div>
   <div class='ocr_carea' id='block_1_118' title="bbox 2172 5740 2740 5812">
    <p class='ocr_par' dir='ltr' id='par_1_118' title="bbox 2172 5740 2740 5812">
     <span class='ocr_line' id='line_1_119' title="bbox 2172 5740 2740 5812; baseline -0.002 -18"><span class='ocrx_word' id='word_1_859' title='bbox 2172 5742 2283 5812; x_wconf 81' lang='grc'><strong>(15)</strong></span> <span class='ocrx_word' id='word_1_860' title='bbox 2315 5741 2476 5797; x_wconf 78' lang='lat' dir='ltr'><strong>Forte</strong></span> <span class='ocrx_word' id='word_1_861' title='bbox 2503 5740 2740 5812; x_wconf 82' lang='grc' dir='ltr'>βράδιον.</span> 
     </span>
    </p>
   </div>
  </div>
