3888 6214
235 298 329 353 501

1439 288 1728 346 SCHOLIA
1767 287 1835 343 IN
1877 287 2322 347 ΜΛἸἽΉΛΕΠΜ.

3384 288 3492 344 302

233 410 536 465 ἀπαιτοῦσα
570 412 698 474 τοὺς
743 409 1029 474 Ἰουδαίους
1066 407 1163 479 τὴν
1189 409 1296 461 τῶν
1336 407 1694 479 πταισμάτων
1730 423 1812 458 τι-

1918 406 2102 460 statim
2133 405 2317 474 exegit
2344 405 2412 459 ab
2446 402 2647 460 Iudaeis
2678 403 2972 460 criminum
3020 420 3228 475 pinnas.
3264 378 3490 460 Exactio

234 504 467 575 μωρίαν.
509 504 857 571 Ἀπαίτησις
876 503 933 555 δὲ
955 501 1203 570 καρπῶν
1218 503 1246 554 6
1266 500 1486 571 ἔννομος
1508 499 1621 569 βίος
1641 515 1654 528 ’
1681 500 1815 552 Και-

224 594 333 662 p6;-
362 593 625 666 αὑτῶν-ὴ
657 594 967 666 προφητικὴ
1000 593 1318 663 ἀπαίτησις·
1362 590 1574 645 Δοῦλοι
1609 588 1811 661 πρῶτοι

232 688 323 740 καὶ
344 686 592 759 δεύτεροι
612 686 877 749 παθόντες
899 686 1120 749 ἄτοπον,
1138 686 1185 737 οἱ
1210 683 1349 737 κατὰ
1376 683 1665 756 διαφόρους
1689 698 1811 735 και-

234 780 358 851 ροὺς
374 780 775 844 ἀποσταλέντες
793 779 1092 852 προφῆται,
1110 773 1190 841 οἷς
1210 777 1346 846 (15⁴)
1362 775 1458 829 τὸν
1478 776 1574 846 μὲν
1585 774 1674 846 ἕδη
1683 791 1803 845 ραν,

229 873 303 937 ὡς
328 873 596 944 Μιχαίαν,
619 872 958 939 πατάξαντος
972 872 1067 924 ἐπὶ
1094 869 1320 937 σιαγόνα
1343 868 1591 921 Σεδεκίου
1608 882 1621 895 ·
1651 866 1741 919 τὸν
1756 865 1813 919 δὲ

230 963 581 1027 ἀπέκτειναν,
616 962 693 1026 ὡς
730 946 1037 1033 Ζαχαρίαν,
1077 959 1277 1030 μεταξὺ
1308 958 1401 1011 τοῦ
1436 956 1565 1011 ναοῦ
1598 953 1811 1010 καὶτοῦ

229 1052 622 1125 θυσιαστηρίου
643 1072 655 1084 ·
698 1054 787 1107 τὸν
814 1053 874 1106 δὲ
918 1051 1297 1121 ἐλιθοϐόλησαν
1318 1093 1332 1117 ,
1364 1050 1439 1113 ὡς
1474 1050 1673 1121 Ζαριοὺ
1698 1048 1813 1100 υἱὸν

241 1145 426 1202 Ἰωδώ
462 1147 554 1198 τὸν
594 1146 765 1217 ἱερέα.
803 1145 954 1215 Τάχα
982 1144 1361 1213 δὲιὶμπελὼν,
1391 1142 1423 1213 ἢ
1451 1142 1564 1212 (16)
1598 1143 1631 1211 ὴ
1659 1139 1812 1210 βασι-

230 1238 351 1291 λεία
372 1238 470 1291 τοῦ
500 1238 670 1302 Θεοῦ,
704 1240 797 1292 καὶ
835 1239 903 1292 τὰ
939 1241 1212 1310 μυστήρια
1244 1236 1411 1291 αὑτοῦ
1450 1238 1507 1289 ὲν
1540 1236 1690 1305 νόμῳ
1722 1234 1814 1287 καὶ

231 1332 564 1402 προφήταις,
590 1331 685 1385 καὶ
715 1334 780 1402 τῇ
806 1330 941 1404 άλλη
984 1330 1322 1401 φυσιολογίᾳ.
1349 1328 1579 1397 Καρποὶ
1599 1328 1656 1380 δὲ
1678 1329 1707 1379 6
1731 1329 1816 1380 ὲν-

230 1424 423 1496 άρετος
455 1426 513 1477 ἐν
546 1422 701 1494 ἠθεσι
730 1422 863 1493 βίος.
901 1422 1173 1492 Φραγμός
1196 1424 1224 1475 6
1246 1421 1463 1489 λογικὸς
1490 1420 1652 1482 τόπος
1670 1459 1685 1484 ,
1720 1419 1817 1472 καὶ

229 1515 290 1568 τὸ
312 1516 570 1586 γράμμα,
596 1516 673 1580 ὡς
706 1515 780 1586 μὴ
810 1514 1199 1569 κατοπτεύοιτο
1219 1516 1330 1577 τοῖς
1360 1512 1464 1579 ἔξω
1487 1512 1554 1565 τὰ
1574 1528 1815 1582 κεκρυμ-

233 1610 371 1680 μένα
407 1610 703 1681 μυστήρια.
738 1607 936 1676 Ana-6:;
966 1607 1027 1661 τὸ
1060 1606 1221 1678 βάθος
1247 1606 1347 1675 τῆς
1373 1605 1668 1675 δεχομένης
1689 1604 1817 1665 τοὺς

232 1702 480 1770 καρποὺς
519 1702 644 1765 τοὺς
682 1703 781 1771 τῆς
819 1700 996 1771 ψυχῆς
1019 1742 1031 1765 ,
1067 1700 1174 1752 πᾶν
1208 1698 1301 1751 ἐπὶ
1329 1696 1562 1767 πόλεμον
1590 1694 1814 1748 ἐπιϐαλ-

230 1767 447 1862 λοῦσης.
499 1767 864 1860 Πύργος-καὶ
895 1767 1241 1863 *διῃρημένος
1291 1788 1418 1861 περὶ
1458 1785 1593 1839 Θεοῦ
1634 1784 1809 1854 λόγος.
1845 1767 1889 1822 Β

229 1882 374 1946 Ναὸς
412 1883 512 1953 μὲν
539 1884 571 1952 ἡ
603 1882 696 1935 τοῦ
727 1883 783 1934 ὲν
818 1880 968 1950 αὑτῷ
997 1880 1141 1934 θείου
1178 1877 1307 1933 ναοῦ
1327 1873 1730 1947 (17).Γεωργοὶ
1762 1874 1812 1926 οἱ

231 1976 439 2045 πρῶτοι
467 1974 848 2037 πιστευθέντες
875 1973 947 2026 τὰ
977 1972 1135 2041 λόγια
1166 1972 1259 2025 τοῦ
1294 1969 1431 2023 Θεοῦ
1452 1988 1464 1999 ·
1500 1964 1581 2033 οἷς
1609 1969 1812 2039 ἀποδη-

233 2067 325 2135 μεῖ
349 2066 433 2129 εἰς
462 2065 561 2135 τὴν
594 2064 759 2118 αὑτοῦ
805 2067 1089 2136 περιοπείν
1120 2062 1256 2134 (l8),
1299 2062 1422 2125 δοὺς
1450 2058 1722 2132 ἀφορμὴν,
1754 2056 1815 2122 ἐξ

228 2153 303 2214 ὧν
343 2160 510 2224 αὐτὸς
554 2162 854 2230 ἐφύτευσε,
901 2158 1155 2233 φραγμόν
1205 2175 1262 2211 τε
1312 2156 1542 2229 ἔθηκεν,
1576 2154 1812 2227 ὤρυξεν,

228 2254 569 2326 ᾠκοδόμησε,
600 2255 692 2307 τοῦ
723 2256 910 2326 φέρειν
946 2254 1179 2326 καρπόν.
1212 2252 1429 2320 Καιρὸς
1462 2248 1724 2319 καρπῶν,
1754 2248 1813 2301 ὃν

230 2340 371 2397 οἶδεν
398 2344 816 2416 οἰκοδεσπότης,
851 2344 991 2413 τάχα
1027 2344 1125 2413 οὐχ
1163 2342 1244 2394 ὅτι
1284 2338 1506 2410 ἐκφύειν
1537 2335 1741 2407 φύλλα,
1776 2336 1810 2406 ἢ

232 2438 541 2510 κυπρίζειν,
563 2437 597 2508 ἢ
620 2434 1019 2507 όμφακίξειν,ἢ
1042 2433 1369 2506 τρυγᾶσθαι·
1397 2425 1507 2484 οἷον
1522 2431 1571 2483 οἰ
1594 2432 1692 2499 τῆς
1719 2446 1814 2499 νη-

231 2528 511 2599 πιότητος,
547 2527 580 2597 ἢ
612 2527 711 2597 τῆς
748 2524 1196 2596 συμπληρώσεως
1224 2521 1317 2575 τοῦ
1346 2520 1536 2590 λόγου,
1570 2520 1603 2590 ἢ
1636 2520 1686 2572 οἱ
1718 2519 1813 2589 τῆς

231 2623 289 2674 ὲν
317 2622 491 2693 ἀρετῇ
518 2618 825 2691 προκοπῆς,
860 2617 893 2689 ἢ
925 2618 1098 2688 ἀρχῆς
1122 2634 1132 2647 ·
1168 2618 1217 2669 οἰ
1244 2616 1300 2669 δὲ
1330 2615 1429 2685 τῆς
1452 2614 1691 2685 ἀγάπης,
1721 2612 1816 2665 καὶ

230 2716 429 2785 χαρᾶς,
464 2712 560 2787 καὶ
592 2712 835 2782 εἰρήνης,
870 2709 1091 2764 καὶτῶν
1122 2708 1343 2763 λοιπῶν.
1373 2707 1585 2761 Δοῦλοι
1606 2708 1655 2759 οἱ
1685 2721 1818 2775 προ-

231 2801 400 2872 φῆται
420 2801 490 2855 τά
523 2800 867 2872 πνευματικά
890 2798 1237 2872 καρπώματα
1269 2799 1622 2863 ἀπαιτοῦντες
1652 2814 1817 2868 προσ-

232 2893 383 2961 άγειν
415 2893 493 2957 ὠς
527 2894 690 2963 ἱερεῖς
723 2892 801 2962 τῷ
832 2891 971 2963 Θεῷ.

865 3167 1022 3219 ΚΕΦ.
1064 3168 1188 3219 KA'.

230 3258 383 3330 Στίχ.
414 3259 520 3330 με’.
557 3259 651 3325 Τίς
673 3257 788 3330 ἄρα
810 3259 984 3313 ἐστὶν
1020 3261 1053 3312 ό
1075 3255 1289 3330 πιστὸς
1310 3255 1537 3330 δοῦλος
1553 3255 1658 3330 καί
1676 3257 1818 3330 φρό-

301 3325 497 3399 κὶμὸς,
530 3330 603 3382 ὃν
629 3325 1005 3399 κατέστησεν
1035 3332 1067 3382 ό
1116 3329 1317 3396 κύριος
1353 3325 1540 3381 αὑτοῦ
1567 3325 1817 3395 ἐπίτῆς

302 3398 621 3468 θεραπείας
652 3398 838 3453 αὺτοῦ
856 3415 875 3463 ;

304 3491 422 3560 (19)
440 3492 593 3562 Τάχα
620 3490 935 3562 παροξύνων
966 3492 1046 3554 εἰς
1066 3489 1124 3543 τὸ
1152 3489 1386 3561 ζητῆσαι
1410 3490 1507 3543 ἕνα
1535 3489 1653 3544 τινὰ
1676 3489 1815 3542 σπά-

233 3601 365 3639 νιον.
396 3586 475 3654 Τῇ
508 3583 618 3655 γάρ
648 3583 742 3635 τοῦ
776 3582 891 3651 ἄρα
931 3581 1233 3653 ἀμφιϐολία
1277 3583 1339 3633 τὸ
1388 3581 1612 3634 σπάνιον
1645 3578 1816 3645 ἔδειξε

232 3674 328 3728 τοῦ
357 3673 604 3727 τοιούτου
633 3674 939 3744 οἰκονόμου,
974 3674 1067 3725 καὶ
1093 3673 1192 3725 οὐκ
1221 3671 1380 3725 ἄλλον
1414 3670 1578 3725 αὑτοῦ
1605 3672 1696 3725 τὸν
1723 3688 1816 3723 πι-

236 3758 358 3813 στὸν
412 3761 507 3813 καὶ
546 3760 807 3831 φρόνιμον
848 3760 1128 3830 οἰκονόμον
1151 3758 1339 3823 εἰδὼς,
1371 3759 1818 3831 κατασταθμαζό-

240 3868 399 3921 μενον
444 3852 538 3904 ἐπὶ
572 3854 684 3915 τοῖς
723 3851 815 3905 τοῦ
860 3852 1072 3922 Πατρὸς
1102 3851 1318 3924 ἔργοις,
1355 3850 1499 3919 λέγω
1539 3851 1595 3904 δὲ
1633 3852 1724 3904 ἐπὶ
1749 3853 1815 3923 τῇ

234 3944 636 4015 ἀνθρωπότητι.
677 3945 763 4008 Ὠς
785 3943 894 4016 γὰρ
916 3945 1043 4015 περὶ
1068 3944 1257 4015 ἐτέρου
1286 3943 1453 4012 λέγει,
1487 3943 1817 4006 ὲπισκιάζων

234 4036 363 4090 αὐτὸ
397 4038 467 4107 τῇ
503 4037 775 4108 ὑπερδολῇ
807 4037 905 4107 τῆς
936 4036 1148 4105 σοφίας.
1181 4035 1375 4089 Δοῦλον
1397 4036 1453 4089 δὲ
1482 4034 1673 4089 ἑαυτὸν
1695 4029 1817 4087 εἶπε

232 4124 319 4180 διά
352 4126 415 4179 τὸ
452 4128 666 4196 μορφὴν
692 4125 878 4181 δούλου
911 4127 1113 4185 λαϐεῖν.
1150 4127 1292 4196 Ὅρα
1324 4126 1381 4179 δὲ
1412 4127 1459 4178 εἰ
1489 4124 1563 4197 μὴ
1594 4124 1819 4179 τοιαῦτα

234 4221 673 4293 ὲγχειρισθέντας
713 4221 1042 4285 ἐπισκόπους
1078 4222 1170 4275 καὶ
1196 4220 1547 4284 διδασκάλους
1578 4220 1820 4273 δυσωπεῖ

231 4316 262 4369 6
291 4316 452 4383 λόγος
478 4315 754 4386 φρονίμως
780 4314 996 4385 ἑκάστῳ
1014 4314 1083 4367 τὰ
1108 4317 1228 4368 κατ’
1253 4314 1407 4379 ἀξίαν
1438 4314 1693 4385 χρῆσθαι,
1724 4314 1817 4366 καὶ

232 4408 615 4478 ἐπιστημόνως
670 4406 770 4471 τάς
829 4404 1205 4476 πνευματικὰς
1254 4405 1566 4460 διατάσσειν
1612 4404 1817 4477 τροφὰς

233 4501 413 4571 καιρῷ
448 4499 761 4568 ποσότητος,
798 4497 1100 4569 ποιότητος.

232 4590 330 4660 οὐχ
358 4588 435 4651 ὠς
467 4587 695 4655 ἀγνοῶν,
728 4585 841 4639 ἀλλ’
874 4588 962 4639 ἵνα
994 4585 1069 4657 μὴ
1099 4584 1588 4657 περιεργάζωνται.
1626 4586 1793 4657 Ἀρμό

234 4682 315 4747 ζει
358 4680 419 4734 δὲ
452 4681 480 4732 6
511 4679 669 4747 λόγος
700 4680 791 4733 καὶ
828 4678 971 4733 κατὰ
998 4679 1197 4741 παντὸς
1235 4677 1328 4730 τοῦ
1367 4677 1821 4748 ἐμπιστευθέντος

231 4789 285 4824 τι
313 4770 465 4842 παρὰ
510 4769 603 4822 τοῦ
639 4768 773 4822 Θεοῦ
797 4810 811 4833 ,
850 4770 958 4823 εἴτε
987 4770 1246 4839 χρήματα
1270 4807 1285 4831 ,
1326 4770 1437 4821 εἴτε
1472 4768 1678 4840 ἀρχὴν,
1710 4769 1818 4821 εἴτε

231 4864 553 4917 δυναστείαν
588 4862 751 4934 ἄλλην
779 4862 917 4916 τινά.
961 4860 1223 4930 Δεύτερον
1251 4860 1307 4913 δὲ
1340 4861 1649 4914 άπαιτεῖται
1681 4863 1709 4914 6
1740 4863 1817 4914 οἰ-

235 4957 467 5027 κονόμος
500 4956 680 5009 πίστιν
714 4956 805 5008 καὶ
830 4954 1122 5025 φρόνησιν,
1158 4954 1244 5006 ἵνα
1275 4954 1411 5024 μήτε
1440 4952 1612 5026 κλέψῃ
1634 4953 1704 5006 τὰ
1728 4953 1813 5006 δε-

234 5048 490 5111 σποτικὰ,
523 5048 658 5102 ἀλλὰ
692 5049 787 5101 καὶ
818 5047 1047 5110 δεόντως
1080 5046 1220 5101 αὐτὰ
1251 5048 1603 5118 οἰκονομήσῃ.
1629 5048 1699 5100 Ἦ
1722 5047 1813 5100 τὸν

231 5142 425 5214 ἔχοντα
472 5140 609 5211 πρὸς
652 5140 784 5191 Θεὸν
833 5137 1041 5208 ἀγαθὴν
1078 5137 1400 5208 συνείδησιν,
1464 5140 1557 5191 καὶ
1596 5138 1671 5209 μὴ
1712 5139 1813 5207 ἁφ-

232 5234 521 5305 ιστάμενόν
556 5249 700 5295 τινος
723 5230 831 5283 τῶν
875 5230 1120 5284 δεόντων.
1170 5232 1280 5284 Καὶ
1325 5232 1415 5284 τὸν
1460 5231 1634 5302 ὀρθῶς
1671 5231 1814 5285 διδά-

234 5343 437 5381 σκοντα
466 5324 613 5394 λέγει
654 5324 866 5378 πιστόν.
899 5324 1165 5395 Φρόνιμον
1198 5323 1255 5375 δὲ
1294 5323 1382 5377 τὸν
1411 5324 1483 5396 μὴ
1502 5324 1813 5395 παραφερό-

233 5440 397 5494 μενον
426 5424 549 5484 ταῖς
580 5419 689 5472 τῶν
716 5418 1005 5490 αἱρετικῶν
1044 5419 1422 5489 μωρολογίαις,
1446 5420 1579 5473 ἀλλὰ
1606 5421 1814 5490 διακρί-

229 5532 390 5570 νοντα
433 5513 496 5566 τὸ
543 5511 769 5583 ἀκριϐὲς
812 5510 907 5563 τοῦ
950 5509 1145 5583 λόγου,
1180 5511 1213 5581 ἢ
1256 5511 1345 5564 τὸν
1388 5510 1461 5582 μὴ
1491 5513 1811 5585 πειρόμενον

303 5635 442 5704 (15⁸)
476 5629 597 5701 Οἷς.
631 5632 793 5704 F_erte
821 5626 917 5695 ὧν,
956 5630 1039 5686 vel
1069 5631 1125 5685 ἐν
1154 5626 1256 5695 οἷς.
1289 5630 1445 5689 Ευιτ.

304 5700 433 5777 (ίϐγ
461 5705 625 5778 Forte

306 5775 424 5850 (Π)
459 5775 635 5834 Locus
657 5775 970 5848 impeditus.

1914 497 2205 565 fructuum,
2242 506 2323 552 est
2382 497 2493 551 vita
2546 497 2806 567 legitima.
2863 496 3086 566 Tempus
3128 513 3309 553 eorum
3341 537 3358 563 ,
3405 508 3491 552 est

1915 591 2231 660 prophetica
2289 590 2527 646 exactio.
2593 590 2746 646 Servi
2794 589 2954 660 primi
3015 600 3070 646 et
3120 592 3343 659 secundi
3398 591 3488 655 qui

1913 682 2307 736 contumeliose
2348 680 2561 749 excepti
2613 679 2855 744 fuerunt,
2899 689 3025 734 sunt
3070 681 3349 749 prophetae
3396 682 3487 748 qui

1916 773 2043 829 aliis
2074 784 2238 844 atque
2287 773 2408 829 aliis
2442 772 2781 842 temporibus
2814 773 2966 827 missi
3016 772 3206 828 fuere:
3257 788 3322 827 ex
3369 772 3491 841 qui-

1915 866 2017 922 bus
2065 865 2229 920 alium
2263 866 2596 933 ceciderunl,
2629 877 2689 922 ut
2734 865 3039 930 Michaeam,
3087 880 3247 935 quem
3294 865 3347 921 in
3399 880 3492 931 ge-

1917 974 2040 1015 nam
2082 960 2353 1029 percussit
2387 958 2686 1015 Sedecias:
2723 950 2888 1014 alium
2920 958 3261 1024 occiderunt,
3304 966 3363 1012 ut
3390 957 3491 1013 Za-

1916 1052 2182 1115 chariam,
2233 1052 2377 1105 inter
2406 1051 2664 1119 templmn
2713 1061 2769 1105 et
2815 1050 3028 1116 altare;
3070 1038 3237 1104 alium
3285 1042 3490 1121 lapida-

1917 1154 2131 1208 verunt,
2182 1154 2241 1198 ut
2292 1142 2456 1198 Zariu
2507 1144 2673 1198 lilium
2715 1142 2864 1199 Jodaa
2910 1145 3267 1199 sacerdotem.
3310 1144 3493 1221 Facile

1916 1238 2080 1292 etiam
2128 1236 2293 1291 Vinea
2330 1237 2392 1292 ﬁt
2441 1252 2666 1308 regnum
2705 1236 2834 1302 Dei,
2878 1246 2933 1290 et
2992 1237 3247 1306 mysteria
3286 1239 3402 1307 ejus
3437 1236 3490 1291 in

1918 1330 2033 1400 lege
2061 1338 2114 1384 et
2146 1330 2450 1400 pr0phetis,
2482 1346 2545 1386 ac
2577 1329 2784 1399 reliqua
2815 1338 3021 1384 natura:
3044 1328 3311 1384 doctrina.
3352 1328 3490 1383 Fru-

1916 1432 2055 1484 ctus,
2092 1422 2335 1475 virtuosa
2380 1422 2623 1476 moribus
2660 1422 2794 1476 vita.
2841 1420 3025 1490 Sepes,
3068 1420 3220 1476 locus
3251 1422 3492 1475 rationa-

1918 1514 1984 1567 lis
2026 1524 2079 1567 et
2131 1513 2364 1583 ipsamet
2397 1515 2601 1579 littera,
2638 1522 2699 1567 ut
2741 1528 2848 1568 non
2876 1522 3124 1583 paterent
3168 1513 3233 1567 iis
3270 1514 3365 1582 qui
3396 1528 3492 1567 ex-

1919 1606 2059 1659 tcrni
2093 1613 2271 1669 crant,
2308 1604 2523 1659 occulta
2568 1605 2849 1675 mysteria.
2902 1602 3182 1669 Torcular,
3216 1605 3493 1674 profundi-

1922 1705 2003 1749 tas
2031 1696 2228 1750 anima:
2274 1695 2482 1751 fructus
2528 1696 2911 1764 suscipientis,
2958 1697 3141 1751 omnia
3190 1698 3242 1752 in
3292 1697 3489 1755 bellant

1918 1785 2266 1842 effundentis.
2302 1786 2488 1841 Tum“:
2526 1786 2691 1842 etiam
2721 1787 3008 1843 distinctus
3037 1788 3104 1843 de
3144 1788 3254 1843 Deo
3286 1804 3489 1844 sermo.

1917 1880 2199 1952 Templum
2250 1881 2507 1952 quidem,
2571 1896 2690 1951 qua1
2720 1881 2772 1934 in
2805 1882 2923 1951 ipso
2970 1880 3247 1953 [‘stelletta
3302 1881 3489 1955 sensa]

1916 1986 2044 2032 nota
2088 1975 2251 2031 divini
2295 1974 2496 2043 templi.
2544 1974 2751 2040 Coloni,
2791 1976 2949 2045 primi
3001 1977 3074 2031 illi
3125 1977 3345 2047 quibus,
3373 1993 3494 2033 cre-

1916 2068 2028 2125 dita
2068 2076 2193 2122 sunt
2237 2067 2451 2137 eloquia
2500 2066 2638 2122 Dei:
2684 2068 2882 2139 quibus
2919 2084 3144 2139 peregre
3192 2071 3491 2139 proﬁcisci-

1917 2169 2005 2214 tur
2036 2160 2089 2214 in
2120 2160 2398 2229 speculam
2448 2159 2628 2225 suam,
2662 2176 2847 2216 ansam
2880 2162 3149 2232 praebens,
3185 2178 3247 2217 ex
3282 2163 3347 2218 iis
3373 2180 3493 2234 qua:

1917 2251 2033 2320 ipse
2071 2251 2435 2320 plantaverat,
2465 2266 2647 2321 scpem
2677 2252 3165 2321 circumposuerat,
3201 2253 3489 2319 eﬂ‘nderat,

1880 2343 2305 2407 'tedilicaverat,
2353 2344 2589 2398 fructum
2644 2342 2880 2399 ferendi.
2926 2343 3148 2416 Tempus
3198 2345 3491 2416 fructuum,

1916 2451 2075 2505 quem
2113 2436 2331 2491 notavit
2360 2436 2779 2506 paterfamilias,
2809 2437 2927 2493 sine
2956 2438 3120 2494 dubio
3147 2454 3253 2494 non
3285 2449 3405 2494 erat
3435 2450 3495 2494 ut

1916 2528 2041 2583 folia
2089 2528 2421 2596 produceret
2471 2526 2557 2583 vel
2604 2527 2786 2592 ﬂores,
2844 2539 2934 2582 aut
2975 2538 3220 2597 turgeret
3269 2531 3322 2584 in
3378 2545 3494 2584 om-

1916 2617 2195 2686 phacium.
2250 2627 2343 2672 aut
2387 2617 2866 2673 vindemiaretur:
2916 2619 3045 2689 quin
3090 2621 3268 2687 potius
3337 2630 3493 2677 erant

1919 2711 2129 2764 fructus
2182 2710 2571 2779 simplicitatis,
2604 2710 3009 2779 adimpletiouis
3040 2712 3215 2776 verbi,
3248 2721 3340 2765 aut
3368 2727 3494 2782 pro-

1917 2802 2093 2857 fectus
2140 2802 2191 2855 in
2225 2803 2523 2857 virtutibus
2555 2800 2642 2855 vel
2673 2801 2812 2855 initii
2840 2817 2855 2855 :
2887 2800 3095 2857 fructus
3134 2802 3263 2858 item
3307 2804 3491 2862 chari-

1870 2934 1873 2941 .
1920 2893 2068 2957 tatis,
2118 2893 2341 2964 gaudii,
2390 2893 2560 2963 pacis,
2604 2903 2660 2949 et
2703 2894 2917 2964 reliqui.
2970 2893 3153 2960 Servi,
3204 2906 3331 2951 sunt
3373 2912 3493 2967 pro-

1916 2988 2116 3056 pltetae,
2156 2987 2247 3056 qui
2302 2985 2615 3055 spirituales
2673 2986 2883 3042 fructus
2956 2986 3247 3057 exigebant
3297 2989 3497 3047 ollcrre

1920 3089 2176 3149 tanquam
2230 3079 2542 3134 sacerdotes
2576 3077 2705 3134 Deo.

2516 3166 2670 3222 CAP.
2701 3167 2893 3225 XXIV.

1918 3262 1987 3320 V.
2016 3264 2104 3318 45.
2139 3263 2275 3341 Quis.
2300 3279 2424 3341 ergo
2458 3272 2535 3341 est
2565 3262 2739 3341 ﬁdelis
2764 3280 2942 3319 servus
2972 3277 3019 3319 et
3055 3269 3313 3341 prudens,
3342 3285 3495 3340 quem

2031 3334 2301 3388 constituit
2325 3334 2571 3387 dominus
2600 3333 2713 3402 ejus
2752 3352 2909 3405 super
2929 3333 3142 3391 servitio
3174 3355 3269 3392 suo
3295 3340 3320 3393 .9

1987 3450 2150 3506 Forte
2190 3449 2314 3522 (hoc
2346 3451 2673 3521 interrogat)
2708 3452 2993 3507 stimulans
3029 3453 3095 3507 ad
3143 3456 3494 3523 quaerendum

1917 3560 2081 3599 unum
2112 3544 2348 3615 aliquem
2368 3560 2554 3600 rarum
2586 3545 2880 3603 hominem.
2906 3546 3171 3616 Ambigua
3197 3548 3341 3601 enim
3372 3563 3496 3617 par-

1920 3638 2080 3692 ticula
2109 3654 2253 3708 ergo,
2281 3641 2567 3697 raritatem
2595 3640 2832 3696 ostendit
2856 3640 3129 3694 teconomi
3160 3638 3496 3708 huiusmodi,

1918 3745 2019 3785 nec
2040 3729 2203 3784 alium
2253 3746 2413 3800 quam
2460 3746 2519 3786 se
2566 3731 2777 3786 ﬁdelem
2815 3747 2879 3786 ac
2925 3733 3243 3801 prudentem
3274 3745 3499 3788 oecono-

1918 3838 2064 3876 mum
2091 3823 2287 3889 sciens,
2321 3822 2634 3893 prtelectutn
2662 3823 2916 3895 operibus
2939 3822 3138 3888 Patris,
3169 3825 3495 3880 humanitati

1918 3914 2161 3985 inquam.
2213 3914 2493 3986 Tanquam
2524 3917 2673 3970 enim
2724 3916 2791 3971 de
2820 3916 2991 3972 altero
3025 3917 3286 3987 loquitur,
3314 3918 3499 3973 obum-

1917 4010 2086 4066 brans
2120 4011 2173 4065 id
2224 4011 2425 4066 eximia
2481 4012 2769 4081 sapientia.
2804 4010 3034 4067 Vocavit
3069 4027 3231 4082 porro
3278 4028 3495 4068 servum

1917 4116 2039 4158 sese
2070 4113 2292 4173 pr0pter
2312 4113 2647 4174 assumptum
2678 4104 2819 4159 servi
2847 4103 3101 4162 formam.
3126 4104 3260 4160 Vide
3290 4120 3421 4161 vero
3450 4106 3497 4160 si

1919 4212 2024 4250 non
2068 4198 2357 4267 episcopos
2392 4207 2447 4252 et
2476 4198 2730 4251 doctores
2761 4196 2960 4265 quibus
3014 4197 3143 4251 talia
3180 4198 3496 4252 concredita

1919 4299 2065 4356 sunt,
2106 4300 2326 4345 moneat
2356 4291 2550 4356 oratio,
2586 4301 2643 4345 ut
2687 4290 2985 4361 prudenter
3014 4291 3139 4360 quis
3164 4306 3262 4360 pro
3313 4292 3496 4361 cujus-

1918 4392 2022 4446 que
2052 4379 2318 4447 dignitate
2357 4388 2562 4444 utatur,
2614 4394 2679 4434 ac
2709 4381 2845 4435 scite
2886 4380 3199 4450 spirituales
3240 4382 3497 4451 disponat

1136 4497 1210 4549 Τὸ
1233 4496 1311 4561 δὲ,
1354 4498 1450 4562 Τίς
1476 4495 1609 4565 ἄρα,
1643 4471 1814 4563 εἶπεν,

1923 4471 2075 4527 cibos
2102 4472 2423 4541 tempestiva
2455 4474 2756 4541 quantitate
2771 4482 2826 4527 et
2854 4472 3141 4542 qualitate.
3171 4471 3330 4539 Illud,
3361 4473 3495 4539 Quis

1922 4581 2067 4634 ergo,
2097 4566 2236 4620 dixit
2274 4583 2379 4620 non
2415 4576 2670 4633 tanquam
2719 4566 2995 4635 ignorans,
3034 4569 3126 4622 sed
3175 4576 3233 4620 ut
3259 4582 3362 4621 non
3393 4582 3495 4622 cu-

1923 4661 2067 4714 riose
2093 4660 2464 4714 sciscitentur.
2488 4660 2751 4728 Congruit
2781 4660 2945 4713 etiam
2975 4660 3151 4714 oratio
3190 4670 3243 4713 et
3271 4661 3496 4715 cuicun.

1920 4768 2025 4822 que
2052 4753 2315 4807 creditum
2340 4761 2423 4805 est
2445 4752 2722 4821 quidpiam
2755 4767 2784 4805 a
2808 4750 2940 4815 Deo,
2974 4753 3088 4807 sive
3108 4767 3241 4821 opes
3273 4753 3493 4818 fuerint,

1920 4844 2035 4898 sive
2066 4843 2438 4914 magistratus,
2479 4842 2593 4897 sive
2626 4850 2867 4910 potestas
2920 4843 3103 4913 aliqua
3137 4845 3263 4899 alia.
3294 4845 3496 4899 Deinde

1921 4937 2155 5005 exigitur
2186 4936 2254 4990 ab
2284 4950 2570 4992 mcunomo
2601 4936 2735 4990 ﬁdes
2767 4945 2822 4990 ct
2845 4936 3150 5005 prudentia,
3189 4948 3249 4991 ut
3274 4952 3373 4992 nec
3406 4938 3495 4991 fu-

1920 5044 2071 5088 retur
2096 5030 2311 5093 herilia,
2333 5030 2461 5100 quin
2490 5030 2753 5098 potius,ut
2779 5038 2994 5097 paresl,
3012 5029 3099 5083 illa
3127 5030 3492 5085 administret.

1920 5123 2017 5179 Vel
2049 5124 2259 5179 lidelem
2290 5122 2420 5177 dicit
2454 5138 2601 5185 cum,
2628 5122 2720 5191 qui
2762 5123 2830 5176 ad
2870 5121 3037 5177 Deum
3073 5122 3272 5175 bonam
3330 5123 3496 5176 habet

1919 5219 2330 5281 conscientiam,
2368 5231 2468 5271 nec
2498 5216 3276 5286 disceditaquaquamcarmn
3314 5230 3495 5269 rerum

1919 5330 2054 5382 quas
2082 5312 2197 5367 ﬁeri
2230 5320 2466 5380 oportet,
2530 5311 2768 5379 itemque
2796 5324 2920 5363 eum
2948 5309 3039 5378 qui
3074 5317 3223 5363 recte
3278 5308 3493 5362 doceat.

1917 5407 2249 5465 Prudentem
2270 5420 2399 5460 vero
2422 5404 2575 5469 dicit,
2600 5403 2691 5473 qui
2725 5417 2829 5456 non
2857 5413 3199 5457 transversus
3221 5401 3403 5471 agitur
3431 5400 3500 5452 ab

1918 5503 2300 5563 haereticorum
2368 5499 2533 5554 fatuis
2593 5498 3012 5567 assertionibus,
3075 5499 3170 5555 sed
3232 5496 3493 5567 dijudicat

1989 5626 2100 5695 (l8)
2127 5626 2288 5680 Forte
2313 5621 2617 5696 περιωπήν.

1998 5691 2112 5769 (19)
2139 5696 2341 5754 Confer
2364 5691 2507 5752 edita
2536 5691 2745 5749 Latina.
