3888 6214
433 305 539 358 505

1357 303 1921 361 SUPPLEMENTUM
1962 305 2053 359 AD
2091 302 2414 360 OlllCENlS
2454 301 2862 358 EXEGETICA.

3565 298 3665 354 30‘

430 421 691 491 quidquid
723 429 972 477 exactum
1004 420 1056 474 in
1077 434 1333 477 sermone
1364 431 1467 476 est.
1497 420 1593 475 Vel
1617 437 1740 475 eum
1770 424 1864 492 qui
1898 440 1983 476 nm

2109 419 2532 492 ἁμαρτίαις,διὰ
2578 418 2636 471 τὸ
2673 417 2748 489 μὴ
2786 416 2900 488 (ΞΟ)
2929 414 3171 469 ποικίλον
3201 415 3295 468 καὶ
3334 409 3664 485 πολύτροπον

430 514 908 567 transverberatur
944 512 1206 581 peccatis,
1237 522 1462 581 propter
1489 515 1674 567 varios
1705 527 1768 568 ac
1811 513 1993 567 multi-

431 603 617 659 modos
670 602 954 657 hominum
1010 617 1209 657 mores.
1247 602 1408 666 Eum,
1468 602 1560 671 qui
1609 603 1745 656 sciat
1780 606 1996 673 quando

427 704 677 762 oporteat
706 709 954 763 arguere,
988 694 1073 748 vel
1109 694 1429 764 increpare,
1461 693 1544 747 vel
1574 694 1876 760 adhortari,
1911 697 1991 749 vel

2101 513 2206 565 τῶν
2232 510 2661 583 ἁνθρώπων.Τὺν
2687 508 2864 561 εἰδότα
2894 508 3022 560 πότε
3052 507 3132 559 δεῖ
3160 505 3403 573 ἐλέγξαι,
3432 505 3465 575 ἢ
3493 509 3665 558 ἐπιτι-

2105 606 2296 677 μῆσαι,
2330 604 2362 675 ἢ
2400 602 2847 676 παρακαλέσαι,ἢ
2867 602 3092 667 διδάξαισ
3114 601 3207 653 καὶ
3228 601 3378 663 τίνας
3400 600 3498 670 μὲν
3518 599 3667 653 ποτί-

2102 713 2191 748 σαι
2214 696 2295 749 δεῖ
2317 694 2477 764 γάλα,
2495 693 2677 746 τίσιδέ
2714 692 3034 764 μεταδοῦναι
3060 693 3156 763 τῆς
3189 694 3411 764 στερεᾶς
3441 692 3661 764 τροφῆς.

427 790 624 845 docere
657 806 672 842 :
705 797 761 842 et
785 802 923 857 quos
956 788 1176 858 quidem
1211 788 1404 841 deceat
1434 786 1573 842 lacte
1618 799 1841 858 potare,
1873 789 2070 859 quibus
2107 804 2234 845 vero
2265 788 2480 843 tradere
2511 787 2740 842 solidum
2774 788 2974 839 cibum.

1020 878 1173 936 CAP.
1214 878 1381 936 XXV.

426 971 490 1024 V.
520 973 569 1026 1.
608 970 755 1024 Tunc
787 971 956 1025 simile
979 973 1079 1025 erit
1112 989 1326 1041 regnum
1353 973 1600 1028 caelorum
1626 975 1800 1027 decem
1831 974 1993 1042 virgi-

497 1044 671 1103 nibus,
713 1058 829 1108 qua'
862 1043 1174 1124 arripientes
1208 1042 1475 1111 lampades
1502 1062 1651 1109 suos,
1674 1049 1912 1099 exierunt
1937 1048 1991 1098 in

493 1128 772 1164 occursum
804 1128 1006 1179 δροηει.

493 1270 690 1325 Decem
718 1270 961 1339 virgines
989 1286 1109 1326 esse
1137 1271 1325 1325 dicunt
1363 1286 1556 1327 sensus
1584 1271 1846 1341 cujusque
1874 1272 1993 1326 ani-

424 1379 523 1418 ma:
548 1365 828 1419 interioris
856 1376 1015 1434 atque
1040 1365 1329 1420 exterioris
1352 1367 1718 1436 hominis,qui
1745 1370 1988 1422 nuntium

430 1457 757 1509 remiserunt
785 1456 951 1510 cultui
983 1456 1247 1511 idolorum
1267 1467 1322 1511 et
1357 1458 1647 1512 mundanis
1677 1459 1990 1526 cupiditati-

419 1546 541 1607 hus,
567 1546 934 1613 suscipiendo,
965 1546 1080 1601 sive
1109 1556 1437 1615 apparenter
1467 1549 1586 1602 sive
1621 1564 1770 1611 vere,
1795 1565 1985 1618 purum

422 1635 514 1689 Dei
556 1636 805 1700 verbum,
842 1652 952 1706 quo
986 1638 1051 1691 ad
1085 1640 1412 1711 virginitatis
1439 1642 1703 1694 rationem
1742 1642 1986 1695 translati

419 1736 565 1782 sunt.
596 1728 733 1783 Sunt
754 1736 931 1783 autem
961 1738 1015 1783 et
1041 1745 1160 1799 qua:
1191 1730 1556 1784 communiter
1589 1730 1986 1800 intelliguntur,

413 1830 469 1872 et
508 1835 626 1890 quae
647 1820 699 1873 in
724 1822 1026 1889 proverbiis
1052 1822 1240 1889 posita:
1263 1830 1408 1883 sunt,
1434 1830 1622 1890 etquae
1647 1838 1989 1893 consequun-

414 1922 544 1976 tur,
605 1922 664 1967 ut
705 1915 937 1969 virtutes
996 1916 1301 1985 hypostasis
1341 1914 1565 1969 Christi.
1619 1916 1985 1982 Quamobrem

410 2007 571 2060 etiam
598 2007 764 2075 quino
791 2022 1017 2062 numero
1051 2008 1439 2076 exprimuntur
1473 2027 1486 2061 :
1526 2023 1589 2063 ex
1628 2011 1826 2078 quibus
1866 2012 1985 2065 alia:

409 2098 732 2162 suntlatuae,
763 2100 882 2153 alia:
913 2100 1223 2168 prudentes.
1248 2100 1356 2153 Sed
1382 2109 1566 2169 postea
1599 2102 1765 2155 etiam
1794 2118 1984 2157 omnes

407 2191 660 2245 exierunt
700 2190 751 2245 in
800 2207 1111 2258 occursum,
1157 2203 1491 2261 susceptura:
1539 2194 1747 2249 Christi
1776 2206 1979 2265 myste-

407 2286 570 2341 rium.
604 2286 819 2340 Exeunt
854 2287 999 2340 enim
1057 2286 1126 2339 ab
1177 2301 1365 2340 errore
1413 2286 1621 2353 mundi,
1660 2284 1995 2342 festinantes-

407 2379 473 2431 ad
499 2392 623 2431 eum
654 2378 744 2446 qui
774 2388 1000 2447 paratus
1020 2386 1107 2433 est
1135 2378 1320 2432 videre
1347 2376 1488 2431 illas.

472 2470 634 2523 Aliud
664 2467 927 2539 Origenis.
959 2470 1115 2523 Aliud
1146 2480 1230 2524 est
1288 2471 1577 2540 virginitas
1616 2484 1777 2534 quam
1811 2470 1977 2524 mise-

403 2562 658 2625 ricordia,
690 2572 743 2617 et
772 2562 913 2617 aliud
952 2578 1104 2617 mens
1135 2578 1295 2631 quam
1333 2579 1533 2633 corpus
1562 2582 1575 2617 :
1609 2575 1665 2617 et
1692 2563 1794 2617 hoc
1825 2580 1976 2616 assu-

403 2665 518 2704 mes
568 2650 621 2704 in
660 2651 845 2705 decem
897 2651 1224 2719 virginibus.
1284 2650 1576 2706 Prudentes
1612 2654 1794 2721 igitur,
1848 2664 1977 2707 sunt

400 2754 592 2794 sensus
637 2740 754 2810 ejus
788 2741 883 2810 qui
920 2742 1219 2795 secundum
1259 2744 1526 2798 rationem
1559 2745 1687 2798 vivit
1719 2762 1733 2799 :
1784 2744 1975 2802 Fatua:

400 2842 549 2891 vero,
582 2841 776 2881 sensus
797 2827 913 2894 ejus
946 2829 1038 2898 qui
1090 2832 1368 2885 contrario
1411 2834 1569 2886 modo
1612 2836 1971 2905 Oppositoque

400 2930 562 2974 recta:
586 2920 780 2974 rationi
814 2920 980 2974 vitam
1018 2922 1277 2977 traducit.
1312 2922 1643 2993 Lampadas,
1697 2936 1779 2982 est
1824 2929 1971 2982 actio

2025 1686 2064 1739 Β

2718 875 2874 927 ΚΕΦ.
2914 874 3042 927 ΚΕ’.

2100 968 2247 1037 Στίχ.
2280 966 2348 1020 α’.
2388 968 2521 1037 Τότε
2553 966 2979 1037 ὁμοιωθήσεται
3022 969 3060 1035 ἠ
3098 964 3534 1037 βασιλείαντῶν
3564 967 3663 1037 οὐ-

2163 1036 2368 1105 ρανῶν
2400 1036 2544 1090 δέκα
2568 1036 2903 1103 παρθένοις,
2942 1037 3165 1102 αἵτινες
3184 1078 3197 1099 ,
3233 1036 3527 1089 λαϐοῦσαι
3559 1036 3664 1103 τὰς

2170 1107 2488 1230 λαμπὲἱδας
2513 1106 2730 1171 αὐτῶν,
2777 1106 3039 1175 ἐξῆλθον
3076 1111 3163 1173 εἰς
3193 1106 3536 1174 ἀπάντησιν
3560 1107 3662 1161 τοῦ

2170 1194 2332 1245 νυμφ
2359 1195 2451 1231 ου.

2168 1269 2309 1321 Δέκα
2343 1269 2595 1340 παρθένοι
2630 1265 2767 1321 εἷναί
2797 1286 2928 1338 φασι
2957 1269 3056 1333 τὰς
3093 1268 3151 1321 ἐν
3185 1269 3388 1340 ἑκάστῃ
3413 1268 3556 1339 ψυχῇ
3584 1269 3656 1320 αί-

2100 1362 2319 1433 σθήσεις
2347 1361 2439 1415 τοῦ
2471 1361 2680 1415 ἔνδοθεν
2710 1364 2802 1416 καὶ
2847 1362 3043 1429 ἔξωθεν
3076 1362 3361 1434 ἀνθρώπου
3382 1403 3396 1426 ,
3428 1360 3663 1415 ἀποστάν-

2100 1471 2197 1518 σας
2222 1454 2658 1527 είδωλολατρείας
2683 1455 2776 1507 καὶ
2808 1454 2913 1507 τῶν
2939 1453 3215 1524 κοσμικῶν
3236 1453 3559 1524 ἐπιθυμιῶν,
3586 1452 3663 1524 τῷ

2096 1546 2522 1617 παραδέξασθαι,
2552 1548 2660 1600 εἴτε
2690 1547 2978 1619 προφάσει,
3014 1546 3125 1599 εἴτε
3164 1546 3421 1616 ἀληθείᾳ,
3447 1546 3536 1598 τὸν
3567 1544 3660 1599 τοῦ

2094 1637 2228 1690 Θεοῦ
2258 1639 2496 1708 καθαρὸν
2526 1638 2702 1706 λόγον,
2739 1640 2831 1692 καὶ
2858 1639 3385 1710 παρθενοποιηθῆναι
3404 1640 3661 1711 (21).Εἰσὶ

2091 1729 2148 1782 δὲ
2178 1730 2322 1783 αἵτε
2352 1730 2547 1794 κοινῶς
2572 1730 2878 1801 νοούμεναι,
2915 1731 3007 1784 καὶ
3034 1734 3087 1785 αἱ
3127 1734 3185 1785 ἐν
3211 1734 3527 1804 παροιμίαις
3557 1732 3662 1785 κεί-

2092 1839 2269 1893 μεναι,
2297 1823 2354 1875 αἱ
2380 1824 2471 1876 καὶ
2496 1823 2973 1887 ἀνακολουθοῦσαι,
3000 1824 3073 1887 ὡς
3103 1826 3158 1876 αἱ
3190 1825 3379 1895 ἀρεταὶ
3408 1824 3506 1894 τῆς
3531 1824 3660 1877 ὑπο-

2090 1915 2328 1978 στάσεως
2358 1915 2617 1985 Χριστοῦ.
2648 1918 2738 1970 Διὸ
2768 1919 2862 1971 καὶ
2890 1917 3202 1971 ἐντοπειατ’.
3231 1918 3454 1989 (9.2)οὐχ
3480 1920 3534 1970 αἱ
3562 1917 3658 1987 μὲν

2089 2008 2289 2077 μωραὶ,
2321 2009 2376 2061 αἱ
2408 2008 2463 2061 δὲ
2497 2009 2946 2080 φρόνιμοι.’Λλλὰ
2970 2011 3067 2079 μία
3096 2008 3205 2079 (25)
3239 2009 3332 2062 καὶ
3362 2011 3531 2061 πᾶσαι
3567 2008 3657 2075 ἐξ·-

2084 2099 2243 2169 ῆλθον
2273 2102 2351 2163 είς
2385 2101 2708 2171 ἀπάντησιν,
2742 2103 2796 2154 αἱ
2824 2100 3263 2174 παραδεξάμεναι
3288 2100 3347 2153 τὸ
3378 2100 3505 2171 περὶ
3525 2101 3566 2151 Χ
3576 2118 3658 2171 ρι-

2085 2191 2211 2244 στοῦ
2253 2195 2569 2264 μυστήριον.
2619 2193 2823 2259 Ἐξίασι
2870 2194 2977 2264 γὰρ
3019 2194 3125 2247 ἀπὸ
3172 2193 3271 2263 τῆς
3315 2191 3407 2245 τοῦ
3449 2192 3654 2263 κόσμου

2082 2281 2310 2351 πλάνης,
2342 2282 2664 2336 σπεύδουσαι
2689 2282 2825 2352 πρὸς
2850 2281 2939 2335 τὸν
2966 2282 3197 2353 ἑτοίμως
3233 2281 3486 2353 ὁρμῶντα
3519 2278 3658 2350 πρὸς

2083 2374 2271 2437 αὑτάς.

2156 2468 2344 2520 Ἀλλο
2387 2467 2734 2538 Ὠριγένους.
2770 2469 2994 2540 Ἕτερον
3031 2469 3063 2538 ἠ
3091 2466 3352 2539 παρθενία
3382 2466 3529 2538 παρὰ
3553 2466 3657 2537 τὴν

2078 2556 2446 2631 ἐλεημοσύνην
2466 2600 2479 2621 ,
2509 2561 2602 2613 καὶ
2628 2560 2811 2630 ἕτερον
2839 2562 2866 2613 ὁ
2894 2559 3017 2623 νοῦς
3047 2559 3198 2628 παρὰ
3228 2559 3289 2611 τὸ
3324 2560 3481 2629 σῶμα
3500 2576 3513 2588 ·
3559 2559 3657 2612 καὶ

2076 2647 2231 2701 τοῦτο
2274 2648 2432 2720 λήψει
2480 2652 2557 2713 είς
2599 2650 2695 2714 τὰς
2728 2650 2858 2703 δέκα
2880 2651 3199 2723 παρθένους.
3243 2650 3518 2719 φρόνιμοι
3553 2649 3658 2719 μὲν

2075 2733 2167 2791 οῦν
2194 2740 2248 2790 αἱ
2277 2739 2369 2791 τοῦ
2399 2739 2538 2792 κατὰ
2558 2739 2713 2807 λόγον
2748 2740 2988 2809 βιοῦντος
3020 2740 3302 2811 αἰσθήσεις
3325 2757 3338 2771 ο
3372 2740 3559 2809 μωραὶ
3593 2741 3657 2794 δὲ

2074 2832 2127 2881 αἱ
2166 2828 2258 2882 τοῦ
2285 2832 2539 2893 ἐναντίως
2567 2832 2657 2883 καὶ
2697 2832 2849 2902 παρὰ
2874 2832 2963 2884 τὸν
2992 2831 3148 2902 ὀρθὴν
3183 2832 3339 2899 λόγον
3371 2831 3654 2884 πολιτευο-

2078 2922 2257 2991 μένου.
2287 2920 2604 2989 Λαμπάδες
2638 2923 2670 2993 ἡ
2712 2928 3011 2993 πανᾰρετος
3040 2921 3264 2993 πρᾶξις·
3302 2922 3508 2975 ἔλαιον
3536 2923 3593 2975 δὲ
3625 2925 3656 2975 ὁ

395 3011 540 3066 omni
597 3013 799 3067 virtute
841 3014 1104 3082 praedita:
1158 3015 1355 3079 oleum,
1408 3027 1492 3071 est
1543 3020 1632 3087 qui
1671 3019 1968 3074 eﬂ'unditur

2079 3013 2423 3083 ἐπιχεόμενος
2448 3013 2604 3082 λόγος
2628 3012 2722 3066 τοῦ
2750 3013 3004 3084 ψυχικοῦ,
3030 3015 3123 3067 τοῦ
3148 3016 3244 3086 τὴν
3274 3014 3482 3085 ἀγαθὴν
3507 3017 3656 3087 πρᾶ-

396 3118 576 3157 sermo
595 3103 830 3158 hominis
857 3103 1179 3172 spiritualis,
1199 3106 1291 3175 qui
1323 3108 1517 3161 bonam
1542 3110 1810 3166 actionem
1836 3127 1967 3180 ope-

397 3202 569 3247 ratur.
597 3192 899 3260 Dormiunt,
935 3195 1025 3264 qui
1062 3198 1334 3253 absistunt
1366 3215 1394 3252 a
1428 3201 1552 3255 vita:
1585 3210 1790 3256 tenore.
1850 3203 1963 3258 Non

394 3284 621 3350 perdunt
650 3285 813 3353 igitur
842 3284 1121 3355 lampadas
1144 3291 1457 3356 prudentes,
1488 3309 1665 3362 neque
1689 3296 1966 3366 negligunt

390 3377 495 3432 olei
519 3381 1011 3436 conservationem.
1040 3381 1337 3438 luclamant
1362 3387 1539 3456 angeli
1567 3389 1632 3442 ad
1668 3389 1967 3443 dormitan-

395 3483 475 3525 tes
502 3486 715 3533 sensus,
767 3474 1071 3529 excitantes
1133 3475 1292 3531 illos:
1335 3478 1437 3532 hoc
1471 3488 1572 3539 est,
1620 3480 1965 3533 administre-

391 3562 511 3614 torii
544 3562 762 3629 spiritus
794 3564 848 3617 in
877 3565 1224 3619 ministerium
1258 3567 1403 3620 missi
1423 3581 1630 3637 propter
1649 3588 1737 3625 eos
1767 3573 1854 3642 qui
1884 3575 1965 3640 [u-

390 3654 497 3704 turi
530 3662 650 3707 sunt
672 3654 983 3709 [uenditare
1017 3658 1238 3711 salutem
1265 3660 1324 3711 ¹³.
1352 3658 1585 3716 Ornatus
1637 3662 1959 3731 lampadum,

388 3751 474 3796 est
508 3743 817 3812 quisensus
847 3746 1061 3815 attingit
1091 3748 1436 3818 evangelicus
1470 3766 1631 3817 usus;
1664 3752 1958 3817 oculorum,

389 3849 496 3902 quo
516 3835 853 3890 admirentur
869 3841 1226 3907 conditorem,
1244 3850 1297 3895 et
1314 3840 1635 3896 claudantur
1657 3859 1724 3897 ne
1743 3844 1961 3898 videant

390 3925 715 3994 iniustitiam
749 3946 761 3982 :
796 3929 1033 3995 auditus,
1078 3946 1145 3986 ne
1192 3933 1452 4002 suscipiat
1481 3934 1796 3997 vanitatem,
1858 3949 1959 3989 nec

379 4017 644 4085 judicium
685 4019 988 4085 sanguinis,
1052 4022 1148 4075 sed
1196 4022 1329 4091 justi
1389 4025 1657 4078 sermonis
1688 4044 1700 4079 :
1733 4034 1953 4094 gustus,

383 4110 716 4165 comedentis
775 4111 1053 4165 Christum
1085 4115 1371 4169 Dominum
1405 4135 1416 4170 :
1455 4116 1703 4185 olfactus,
1755 4115 1953 4170 Christi

383 4198 680 4268 fragrantia
718 4200 973 4266 fruentis,
1004 4212 1059 4256 et
1090 4202 1257 4258 effuso
1281 4215 1556 4273 unguento
1589 4223 1601 4258 :
1635 4215 1826 4269 tactus,
1869 4214 1953 4257 at—

381 4292 666 4345 trectantis
700 4292 959 4358 Verbum,
996 4303 1050 4347 ut
1075 4292 1312 4350 Joannes
1341 4296 1608 4363 loquitur:
1646 4295 1835 4348 Manus
1859 4313 1953 4347 uo-

2071 3103 2150 3167 ξιν
2178 3103 2561 3175 ἐργαζομένου.
2591 3104 3001 3159 Καθεύδουσιν
3021 3109 3068 3159 oi
3102 3108 3525 3177 ἀπανιστάμενοι
3549 3108 3653 3161 τοῦ

2068 3193 2299 3259 ζωτικοῦ
2339 3194 2513 3248 τόνου.
2542 3195 2654 3247 Οὐκ
2689 3194 3044 3250 ἀπολλύουσιν
3083 3191 3175 3249 οῦν
3219 3196 3319 3260 τὰς
3356 3197 3656 3268 λαμπάδας

2066 3287 2123 3337 αἱ
2151 3286 2422 3356 φρόνιμοι,
2452 3286 2571 3338 οὐδὲ
2596 3286 2993 3358 ἀπροσεκτοῦσι
3020 3289 3148 3358 περὶ
3172 3287 3268 3358 τὴν
3300 3291 3527 3359 τήρησιν
3548 3289 3651 3341 τοῦ

2066 3376 2266 3429 ἐλαίου.
2314 3375 2613 3446 Ἐμϐοῶσιν
2648 3380 2696 3430 oi
2739 3378 2960 3446 ἄγγελοι
2998 3382 3120 3443 ταῖς
3150 3383 3518 3451 κοιμωμέναις
3553 3383 3650 3433 αἰ-

2067 3466 2312 3538 σθήσεσι,
2344 3468 2699 3541 διεγείροντες
2725 3472 2925 3534 αὐτάς*
2972 3472 3217 3525 τουτέστι
3263 3473 3334 3525 τὰ
3377 3475 3652 3539 λειτοιιρ-

2064 3560 2197 3627 me
2231 3560 2539 3628 πνεύματα
2569 3562 2656 3626 εὶς
2682 3560 2995 3615 διακονίαν
3021 3563 3518 3630 ἀποστελλόμενα
3543 3560 3650 3614 διὰ

2063 3649 2205 3714 τοὺς
2249 3650 2587 3719 μέλλοντας
2625 3653 3022 3721 κληρονομεῖν
3046 3654 3363 3720 σωτηρίαν.
3400 3655 3650 3720 Κόσμος

2060 3735 2389 3803 λαμπάδων
2417 3739 2449 3805 ἡ
2475 3738 2614 3791 κατὰ
2640 3739 2737 3803 τὰς
2761 3740 3040 3811 αἰσθήσεις
3062 3740 3390 3812 εὑαγγελικὴ
3413 3741 3644 3812 χρῆσις⁶

2061 3826 2383 3896 ὀφθαλμῶν
2411 3829 2502 3880 ἐπὶ
2531 3829 2624 3881 τοῦ
2665 3830 2962 3901 θαυμάζειν
3005 3831 3095 3885 τὸν
3140 3834 3506 3902 πεποιηκότα,
3543 3835 3647 3885 καί

2063 3917 2217 3987 μύειν
2252 3919 2339 3973 ἵνα
2366 3919 2438 3991 μὴ
2469 3920 2650 3974 ἴδωσιν
2682 3922 2897 3976 ἀδικίαν
2920 3940 2933 3953 ·
2966 3922 3154 3990 ἀκοῆς
3185 3924 3295 3993 (24)
3331 3925 3425 3977 καὶ
3454 3942 3642 3995 παρα-

2057 4010 2350 4083 δεχομένης
2379 4015 2623 4083 μάταιον,
2658 4017 2793 4085 μήτε
2828 4015 3007 4087 κρίσιν
3038 4016 3286 4086 αἵματος,
3311 4016 3406 4070 τοῦ
3436 4016 3491 4069 δὲ
3519 4016 3641 4069 ἴσου

2057 4101 2233 4170 λόγου·
2264 4104 2523 4172 γεύσεως
2548 4105 2860 4177 αἰσθιούσης
2887 4107 2997 4177 (25)
3023 4108 3252 4178 Χριστὸν
3280 4108 3371 4161 τὸν
3406 4108 3637 4179 Κύριον·

2056 4193 2459 4261 όσφρήσεωςλ
2470 4195 2653 4264 ριστοῦ
2681 4197 2877 4269 εὐωδίᾳ
2893 4198 3287 4268 ἀπολαυούσης,
3312 4199 3511 4252 καὶτοῦ
3536 4200 3641 4253 ἐκ-

2054 4284 2378 4349 κενωθέντος
2411 4286 2581 4359 μύρου
2607 4306 2619 4319 ⁸
2664 4289 2826 4359 ἀρῆς
2857 4292 3169 4363 ἁπτομένης
3195 4291 3289 4344 τοῦ
3323 4292 3518 4360 Λόγου,
3554 4292 3641 4356 ὡς

376 4392 499 4436 straz
532 4393 981 4438 contrectaverunl
1013 4385 1075 4438 de
1119 4384 1285 4439 Verbo
1322 4388 1440 4441 vita:
1469 4386 1531 4441 “.
1581 4386 1748 4441 Porro
1776 4387 1948 4439 media
1982 4375 1987 4428 Ἰ

2080 4377 2314 4448 Ιωάννης
2341 4378 2509 4447 λέγει’
2542 4383 2609 4433 Αἱ
2636 4380 2831 4449 χεῖρες
2855 4381 3025 4450 ἡμῶν
3052 4381 3466 4451 ἐψηλάφησαν
3493 4386 3635 4451 περὶ

377 4484 527 4527 nocte
566 4475 629 4542 ﬁt
681 4476 926 4531 clamor:
991 4476 1079 4529 illa
1114 4477 1367 4531 videlicet
1393 4479 1545 4540 hora,
1578 4494 1684 4547 qua
1741 4478 1946 4547 egressi

376 4577 504 4619 sunt
538 4566 631 4619 lilii
664 4568 827 4621 Israel
857 4570 922 4623 de
944 4569 1207 4639 :Egypto,
1257 4570 1309 4622 in
1345 4585 1451 4639 qua
1482 4569 1644 4624 etiam
1696 4568 1949 4625 Christus

376 4657 614 4709 surrexit
646 4672 711 4710 ex
747 4661 999 4717 mortuis.
1034 4660 1265 4722 Clamor,
1288 4670 1372 4714 est
1395 4662 1522 4713 tuba
1549 4676 1668 4726 qua:
1709 4671 1948 4715 mortuos

375 4749 595 4815 excitat,
625 4759 680 4802 et
708 4762 897 4805 evocat
949 4753 1014 4807 de
1074 4752 1354 4821 sepulcris.
1410 4751 1585 4806 Habet
1625 4752 1789 4805 ctiam
1826 4768 1943 4823 my-

376 4839 567 4891 sticam
594 4837 1000 4909 intelligentiam
1043 4842 1191 4906 illud,
1218 4843 1371 4896 exite.
1408 4842 1462 4895 Si
1485 4843 1628 4894 cnim
1655 4857 1758 4895 nou
1784 4855 1946 4895 exca-

376 4943 516 4991 mus,
547 4944 745 4996 sponso
791 4948 1079 4988 occurrere
1125 4949 1228 4986 non
1281 4948 1588 5003 possumus.
1656 4932 1945 5002 Lampa’des

375 5021 729 5089 virginitatis,
765 5033 845 5076 est
873 5025 1197 5092 cognitionis
1226 5025 1557 5080 illuminatio
1587 5042 1599 5078 :
1644 5027 1810 5077 oleum
1844 5042 1942 5093 pro

372 5110 731 5177 lampadibus,
801 5113 979 5170 fervor
1013 5117 1064 5169 iu
1118 5118 1439 5185 cognitione,
1478 5128 1533 5171 et
1562 5119 1939 5172 mandatorum

372 5204 672 5259 exsecutio.
715 5205 838 5261 Hrec
863 5209 1006 5259 enim
1047 5208 1223 5262 lumen
1267 5218 1555 5263 conserVat
1583 5210 1723 5278 quod
1752 5210 1804 5262 in
1840 5225 1939 5263 no-

368 5295 452 5348 bis
486 5304 587 5361 est,
630 5298 929 5366 simplicem
961 5300 1173 5352 oculum
1211 5302 1561 5367 custodiens,
1600 5310 1657 5353 ut
1703 5300 1938 5356 lucidum

439 5406 485 5437 ⁸³
518 5406 679 5462 "chr.
716 5423 755 5473 1,
795 5408 880 5463 14.
924 5410 999 5465 .¹⁸
1030 5410 1043 5463 Ι
1069 5409 1223 5464 Joan.
1253 5428 1291 5476 ι,
1324 5413 1371 5465 l.

573 5496 803 5569 _\_’idctur
822 5496 901 5569 ’μή
943 5502 1259 5554 redundare.

699 5566 1121 5653 παρθενοπριθη.
1156 5572 1220 5653 Et
1257 5589 1375 5628 mox
1410 5573 1725 5627 ἁνακολουθ.

425 5636 536 5711 [ﬁgi
578 5638 664 5711 Ἐν
695 5636 1125 5711 τῷπενταδικῷ,
1164 5643 1239 5696 αἱ.

434 5704 543 5777 (33)
584 5704 754 5764 Forte
774 5704 1086 5781 μετέπειταξ

2049 4468 2154 4519 τοῦ
2193 4471 2385 4539 Λόγου
2433 4470 2542 4539 τῆς
2582 4470 2749 4538 ζωῆς.
2791 4474 3205 4526 Μεσονύκτιον
3239 4473 3296 4525 δὲ
3331 4474 3554 4543 γίνεται
3590 4475 3636 4541 ἡ

2048 4558 2216 4624 φωνή
2243 4577 2256 4589 ο
2293 4561 2477 4634 ἐκείνῃ
2505 4564 2571 4632 τῇ
2604 4561 2722 4633 ὥρᾳ
2742 4602 2756 4625 ,
2851 4563 3069 4634 ἐξῆλθον
3097 4566 3145 4616 οἱ
3182 4564 3285 4617 υἱοὶ
3320 4565 3535 4635 Ἰσραὴλ
3569 4566 3637 4630 ἐξ

2045 4652 2319 4719 Αἰγύπτου
2338 4693 2351 4717 ,
2383 4655 2439 4705 ἐν
2524 4654 2615 4705 καὶ
2639 4655 2667 4707 ὁ
2695 4654 2927 4725 Χριστὸς
2948 4654 3142 4725 ἀνέστη
3174 4656 3239 4708 ἐκ
3260 4656 3370 4709 τῶν
3394 4656 3630 4727 νεκρῶν.

2046 4744 2215 4812 Φωνή
2255 4745 2401 4797 ἐστιν
2448 4747 2481 4815 ἡ
2518 4745 2780 4814 σάλπιγξ,
2821 4748 2855 4817 ἡ
2887 4747 3013 4809 τοὺς
3054 4750 3281 4818 νεκροὺς
3314 4750 3628 4820 ἐγείρουσα,

2052 4833 2145 4886 καὶ
2182 4834 2448 4901 ἐξάγουσα
2485 4836 2549 4887 ἐκ
2590 4836 2697 4887 τῶν
2731 4836 2935 4904 τάφων.
2971 4838 3122 4908 Ἔχει
3147 4838 3203 4890 δὲ
3236 4839 3330 4891 καὶ
3361 4841 3629 4909 μυστικὸν

2050 4924 2173 4977 νοῦν
2198 4926 2259 4978 τὸ
2286 4926 2577 4990 ἐξέλθετε.
2622 4928 2743 4980 Ἐὰν
2765 4928 2870 4999 γὰρ
2897 4930 2969 4999 μὴ
2994 4928 3325 5000 ἐξέλθωμεν,
3360 4931 3453 4984 τὸν
3482 4950 3628 5001 νυμ-

2050 5017 2169 5085 φίον
2196 5019 2499 5089 ἀπαντῆσαι
2528 5020 2588 5071 οὐ
2615 5019 2903 5089 δυνάμεθα.
2936 5021 3226 5089 Λαμπάδα
3244 5022 3355 5092 (‘26)
3372 5025 3470 5093 τῆς
3483 5043 3629 5097 παρ-

2047 5108 2225 5173 θενίας
2256 5112 2283 5162 ὁ
2314 5111 2415 5179 τῆς
2458 5111 2706 5180 γνώσεως
2757 5114 3062 5184 φωτισμός⁸
3102 5113 3277 5168 ἔλαιον
3312 5114 3370 5167 δὲ
3410 5118 3487 5178 εἰς
3522 5117 3626 5180 τὰς

2044 5201 2329 5271 λαμπάδας
2363 5207 2395 5275 ἡ
2431 5205 2487 5258 ἐν
2528 5204 2817 5271 ἐπιγνώσει
2864 5204 3096 5275 σπουδὴ,
3128 5205 3221 5258 καὶ
3255 5206 3364 5260 τῶν
3388 5207 3625 5260 ἐντολῶν

2044 5297 2292 5367 ἐργασία.
2348 5298 2496 5369 Αὕτη
2544 5298 2651 5371 γὰρ
2676 5299 2738 5351 τὸ
2782 5301 2839 5352 ἐν
2891 5302 3023 5371 ἡμῖν
3069 5299 3414 5370 διαφυλάττει
3463 5301 3619 5371 φῶς,

2113 5501 2224 5563 (ει)
2257 5501 2429 5554 Locus
2457 5501 2728 5554 deﬁciens.

2113 5573 2223 5629 (‘25)
2259 5571 2413 5624 [θυι-ιε
2440 5571 2745 5639 ἐσθιούσης.

2107 5643 2216 5712 Q26)
2250 5642 2404 5697 Forte
2435 5641 2731 5711 λαμπάδες.
