3888 6214
237 357 349 412 505

1435 353 1724 409 SCIIOLIA
1767 354 1833 407 IN
1874 354 2310 412 ΜΑΤΤΙΙίΕυΜ.

3370 361 3471 419 30"

235 470 444 525 ἁπλοῦν
491 470 581 525 τὸν
623 469 896 540 ὀφθαλμὸν
928 467 1278 538 διατηροῦσα,
1315 467 1453 520 ὥστε
1484 466 1808 536 φωτίζεσθαι

1919 465 2008 520 iiut
2036 477 2205 521 totum
2233 481 2430 537 corpus
2451 479 2713 536 nostrum,
2738 469 2888 539 juxta
2912 473 3117 527 Domini
3145 485 3469 530 sermonem.

231 563 358 615 ὅλον
384 561 539 631 ἡμῶν
562 560 624 614 τὸ
659 561 818 631 σῶμα
836 601 851 624 ,
880 560 1018 613 κατὰ
1049 560 1140 612 τὸν
1166 557 1260 611 τοῦ
1295 559 1500 630 Κυρίου
1537 558 1716 627 λόγον.
1749 560 1812 611 Αἱ

237 653 341 722 μὲν
373 647 465 704 οὖν
496 650 759 704 λαϐοῦσαι
787 652 885 722 τὴν
907 650 1142 721 ἐπιμελῆ
1170 649 1403 720 σπουδὴν
1424 647 1559 720 πρὸς
1579 648 1675 720 τὴν
1706 647 1814 700 τῶν

234 742 468 794 ἐντολῶν
508 741 768 813 ἐργασίαν
815 742 1120 809 φρόνιμοι·
1160 741 1217 792 αἱ
1249 738 1306 792 δέ
1342 738 1562 809 ἀμελεῖς
1590 737 1812 806 μωραὶ,

230 833 326 885 τὸν
356 833 703 902 προσήκοντα
731 831 923 901 καιρὸν
945 829 1291 884 ἀναλώσασαι
1314 832 1393 893 εἰς
1420 830 1523 900 τεὴν
1561 828 1669 881 τῶν
1707 846 1811 900 μα-

230 924 403 977 ταίων
462 923 715 994 σπουδήν.
763 923 836 975 Τό
875 922 961 984 δέ,
1010 920 1353 980 ἐκάθευδον.
1407 922 1506 992 τὴν
1558 920 1813 991 κοίμησιν

230 1016 327 1069 τοῦ
383 1016 611 1070 Θανάτου
663 1015 846 1083 λέγει’
903 1015 964 1068 τὸ
1025 1014 1372 1084 μεσονύκτιον
1422 1013 1500 1080 δὲ,
1533 1013 1593 1067 τὸ
1635 1013 1814 1082 αἰφνί-

230 1111 350 1163 διον
365 1109 519 1180 δηλοῖ
543 1110 635 1163 καὶ
662 1109 723 1161 τὸ
758 1106 1182 1179 ἀπροσδόκητον,
1208 1104 1323 1174 ἆμα
1359 1106 1453 1158 καὶ
1483 1104 1543 1157 τὸ
1566 1104 1811 1176 φοϐερόν.

231 1204 345 1255 Καὶ
378 1201 505 1267 ταῖς
538 1202 636 1270 μέν
674 1197 1121 1264 ἐξαναστάσαις
1154 1198 1416 1267 πάρεστιν
1450 1196 1486 1250 ὃ.
1517 1197 1812 1249 ἐπόνεσαν·

228 1292 331 1363 τὴν
355 1294 414 1346 δὲ
443 1292 711 1363 ῥᾳθυμίαν
738 1291 847 1361 (27)
872 1291 996 1361 περὶ
1018 1289 1114 1360 τὴν
1126 1288 1409 1351 ,εὐσέϐειαν
1442 1288 1605 1359 μηδὲν
1628 1289 1814 1356 ἐπιφεο

232 1382 480 1453 ρομένων
506 1383 731 1453 ἄρχεται
756 1380 1079 1449 στυγνάζειν
1100 1382 1132 1451 ὴ
1160 1379 1325 1449 ψυχὴ,
1355 1379 1451 1432 καὶ
1470 1378 1629 1431 οἱονεὶ
1657 1395 1815 1432 κατα·

232 1470 579 1536 σϐέννυσθαι,
606 1472 698 1524 καὶ
726 1473 804 1533 είς
830 1468 1258 1541 παραφροσύνην
1285 1470 1503 1538 χωρεῖν,
1530 1466 1669 1520 ὥστε
1694 1469 1812 1538 οἰη-

230 1562 395 1631 θῆναι
426 1563 595 1626 αὐτὰς
620 1562 707 1616 διά
738 1562 837 1632 τῆς
866 1561 1065 1632 ἐτέρων
1107 1560 1327 1632 ἀρετῆς.
1365 1560 1453 1612 Διὸ
1485 1559 1815 1629 ἀποδοκιμά-

229 1653 440 1717 ζονται,
456 1653 721 1722 λεγόντων
749 1653 993 1714 ἐκείνων,
1011 1649 1254 1718 Μήποτε
1277 1653 1388 1705 οὐκ
1411 1651 1653 1719 ἀρκέσει
1673 1650 1815 1720 ἡμῖν

228 1741 333 1794 καί
364 1741 521 1811 ὑμῖν.
555 1742 833 1796 Πωλοῦσι
866 1742 924 1794 δέ
954 1742 1015 1795 τὸ
1044 1742 1220 1795 ἔλαιον
1246 1742 1295 1794 oi
1337 1741 1675 1805 διδάσκοντες
1719 1760 1810 1812 μι-

230 1833 365 1886 σθοῦ
382 1834 727 1907 προσεδρείᾳ,
759 1836 1034 1906 προσοχῆς
1058 1874 1072 1899 ,
1103 1834 1454 1905 φιλομαθίας,
1477 1834 1806 1904 φιλοπονίας.

228 1924 305 1975 Ἦ
333 1925 676 1990 πωλοῦντές
700 1927 807 1978 εἰσι
829 1925 1103 1996 προφῆται
1128 1966 1143 1989 ,
1167 1924 1489 1990 ἀπόστολοι,
1527 1925 1810 1993 εὐαγγελι-

231 2016 360 2069 στα)⁵
375 2056 389 2081 ,
431 2018 498 2071 δι’
521 2010 595 2071 ὧν
611 2036 694 2082 τις
714 2017 1073 2089 μαθητευθεὶς
1089 2017 1186 2088 τὴν
1208 2017 1407 2089 ἀρετὴν
1440 2017 1748 2089 ἐργάζεται.

870 2111 1028 2163 ΚΕΦ.
1070 2111 1176 2163 KZ'

232 2200 383 2271 Στίχ.
422 2200 510 2253 ια’.
551 2200 661 2253 Καὶ
703 2200 1089 2271 ἐπηρώτησεν
1126 2199 1313 2271 αὐτὸν
1348 2204 1381 2255 ὁ
1411 2200 1663 2270 ἡγεμὼν,
1707 2201 1809 2255 λέ-

402 2289 523 2336 των
542 2289 553 2299 ·
582 2271 665 2324 Σὺ
698 2268 755 2323 εἷ
784 2268 1133 2336 ὀβασιλεὺς
1165 2268 1281 2323 τῶν
1322 2268 1646 2333 Ἰουδαίωνς

315 2362 403 2425 Ὧς
455 2362 548 2415 ἐπὶ
584 2362 824 2433 δημοσίῳ
867 2362 1172 2433 ἐγκλήματι
1217 2362 1613 2433 κατακριθέντα
1651 2363 1812 2417 αὐτὸν

232 2452 415 2524 ἐρωτᾷ
446 2452 676 2516 Πιλᾶτος
704 2453 879 2523 λέγων
903 2472 914 2485 ·
952 2454 1035 2507 Σὺ
1069 2451 1127 2507 εἷ
1145 2457 1177 2507 ὁ
1199 2454 1499 2519 ,βασιλεὺς
1525 2454 1645 2509 τῶν
1678 2457 1813 2510 Ἰου-

231 2545 457 2609 Eatur;
509 2547 673 2617 Ζητεῖ
733 2545 1115 2618 μυκτηρίξων,
1168 2545 1201 2616 ἢ
1244 2546 1594 2617 ἀμφιϐάλλων
1641 2547 1811 2611 οὕτως

232 2638 436 2709 ἐρωτᾷ.
485 2637 543 2690 ’0
570 2636 626 2690 δὲ
664 2636 868 2707 Ἰησοῦς
889 2636 1102 2708 ἡρέμα,
1131 2637 1573 2707 ὑπαινιττόμενος
1600 2637 1660 2689 τὸ
1688 2638 1775 2691 ναὶ
1793 2678 1808 2701 ,

231 2729 308 2791 ὡς
339 2730 557 2782 πάντων
591 2728 890 2800 ἀνθρώπων
927 2728 1196 2799 βασιλεὺς,
1233 2728 1336 2798 ἔφη
1368 2728 1449 2792 τὸ,
1484 2728 1566 2781 Σὺ
1593 2728 1807 2799 λέγεις.

246 2821 402 2873 Ἐπεὶ
447 2824 475 2874 ὁ
524 2822 620 2890 μὲν
666 2822 953 2891 ἀρχιερεὺς
996 2820 1323 2885 δικαστικῶς
1359 2802 1566 2891 ’ἠρώτα
1613 2819 1807 2888 λέγων’

233 2911 386 2965 Εἰπὲ
428 2912 574 2981 ἡμῖν
613 2915 666 2965 εὶ
705 2912 785 2966 σὺ
819 2907 877 2965 εἴ
909 2915 941 2965 ό
967 2912 1300 2978 βασιλεὺς,
1336 2911 1564 2975 Πιλάτος
1591 2911 1646 2963 δέ
1676 2913 1811 2965 ἀπο-

234 3004 534 3073 φαντικῶς.
579 3004 720 3074 Ὅρα
768 3002 825 3055 δέ
876 3005 924 3056 εί
964 3004 1037 3075 μὴ
1083 3004 1143 3057 τὸ
1190 3004 1319 3075 μὲν,
1360 3003 1443 3056 Σὺ
1480 3004 1683 3069 εἶπας,
1735 3001 1813 3071 τῷ

1915 559 2042 623 Quae
2071 560 2232 629 igitur
2256 561 2495 631 virgines
2539 563 2784 633 diligenti
2828 564 3008 618 studio
3040 579 3149 621 usa;
3202 574 3329 620 sunt
3379 581 3477 635 pro

1913 651 2266 707 exsecutione
2320 655 2742 718 mandatorum,
2809 656 3094 721 prudentes
3158 665 3477 726 sunt:qu:e

1914 752 2047 793 vero
2087 739 2375 797 incuriosa:
2409 743 2647 809 fuerunt,
2678 745 2877 814 fatum,
2910 761 3206 810 congruum
3265 756 3478 816 tempus

1915 828 2288 898 impendentes
2330 834 2381 887 in
2407 835 2644 888 studium
2687 850 2869 889 rerum
2899 837 3164 891 inanium.
3199 837 3331 891 illud
3353 838 3480 890 dor-

1913 923 2160 989 mierunt,
2195 925 2575 981 dormitionem
2604 928 2797 981 mortis
2829 927 3005 982 innuit
3033 946 3047 983 :
3086 930 3471 984 medinoctium

1915 1028 2064 1079 vero,
2105 1018 2446 1086 repentinum
2478 1027 2687 1087 tempus
2718 1019 2983 1084 declarat,
3037 1035 3101 1075 ac
3132 1021 3473 1091 inexspecta-

1917 1118 2051 1174 tum,
2074 1108 2341 1177 simulque
2374 1110 2633 1165 terribile.
2662 1111 2740 1164 Ac
2761 1112 3094 1180 surgentibus
3118 1113 3335 1180 quidem
3363 1113 3476 1165 fru-

1914 1208 2032 1253 ctus
2060 1200 2215 1255 adest
2246 1198 2488 1254 laborum
2515 1216 2771 1256 suorum:
2809 1204 3117 1258 socordium
3143 1219 3292 1269 vero,
3314 1205 3477 1259 nihil-

1914 1305 2020 1358 que
2042 1291 2186 1345 circa
2212 1291 2470 1360 pietatem
2501 1305 2911 1363 occupatarum,
2959 1293 3149 1363 incipit
3182 1294 3476 1349 dormitare

1914 1385 2113 1447 anima,
2147 1392 2203 1438 et
2233 1384 2632 1453 quodammodo
2674 1386 2948 1456 exstingui
2978 1400 3043 1441 ac
3097 1386 3151 1439 in
3203 1386 3477 1458 desipien-

1915 1475 2043 1528 tiam
2073 1476 2279 1541 venire,
2306 1478 2441 1531 adeo
2466 1485 2526 1531 ut
2555 1476 2941 1546 suspicandum
2974 1478 3040 1533 de
3067 1478 3173 1533 illis
3200 1478 3476 1533 videretur

1914 1574 2134 1634 pr0pter
2157 1563 2386 1621 aliarum
2411 1567 2691 1620 virtutem.
2723 1564 2903 1633 Quare
2939 1568 3335 1636 reprobantur,
3395 1569 3477 1622 di-

1914 1654 2162 1709 centibus
2184 1655 2323 1709 illis:
2351 1654 2435 1709 Ne
2454 1656 2594 1725 ‘forte
2626 1657 2968 1727 nonsuﬂict'at
2997 1657 3146 1711 nobis
3175 1666 3223 1711 et
3245 1658 3389 1711 vobis
3409 1658 3474 1713 ¹⁸.

1918 1745 2085 1800 Porro
2102 1747 2327 1800 vendunt
2354 1747 2531 1801 oleum
2564 1748 2624 1811 ii,
2649 1748 2741 1818 qui
2784 1748 2983 1803 docent
3029 1749 3097 1804 ob
3159 1749 3467 1803 mercedem

1914 1836 2263 1905 praelationis,
2300 1840 2639 1907 attentionis,
2666 1841 3010 1903 eruditionis,
3032 1841 3338 1895 industriae.
3365 1844 3474 1896 Aut

1911 1928 2202 1982 venditores
2231 1939 2354 1983 sunt
2386 1932 2679 2000 prophetae,
2705 1932 2954 2000 apostoli,
2978 1931 3349 2004 evangelista,
3382 1948 3476 2002 per

1909 2033 2044 2088 quos
2068 2020 2191 2089 quis
2224 2022 2471 2076 eruditus
2504 2022 2758 2076 virtutem
2790 2034 3027 2079 exercet.

2490 2113 2640 2168 CAP.
2668 2112 2883 2169 XXVII.

1913 2202 1977 2261 V.
2014 2204 2097 2259 li.
2134 2202 2201 2257 Et
2237 2205 2721 2275 interrogavit‘eum
2773 2222 2987 2275 praeses,
3034 2208 3249 2263 dicens:
3312 2207 3388 2262 Tu
3422 2225 3474 2262 es

2461 2291 2551 2328 rex
2571 2273 2875 2330 Judworum
2894 2277 2919 2330 .9

1987 2363 2271 2434 Tanquam
2318 2365 2385 2419 de
2413 2365 2643 2421 crimine
2688 2366 2907 2435 publico
2955 2368 3263 2423 damnatum
3297 2370 3470 2423 inter-

1910 2467 2065 2529 rogat
2101 2472 2223 2512 eum
2264 2455 2493 2525 Pilatus,
2519 2457 2704 2513 dicens
2735 2475 2750 2512 :
2781 2458 2860 2513 Tu
2902 2476 2957 2514 es
2988 2476 3080 2514 rex
3115 2459 3426 2516 Juda’orum
3452 2463 3477 2515 .’

1911 2546 2116 2614 Quaerit
2145 2547 2507 2610 subsannans,
2532 2548 2619 2601 vel
2647 2546 2900 2604 dubitans
2932 2549 3013 2604 sic
3040 2551 3355 2620 interrogat.
3379 2549 3472 2606 Je-

1913 2652 2005 2692 sus
2032 2651 2163 2691 vero
2193 2637 2480 2706 tranquille
2510 2637 2842 2692 subinnuens
2865 2638 3303 2704 aﬂirmationem,
3350 2651 3473 2695 tan-

1912 2743 2074 2797 quam
2097 2729 2339 2783 onmium
2368 2728 2643 2782 hominum
2678 2744 2796 2796 rex,
2827 2730 2938 2785 ait:
2975 2728 3053 2784 Tu
3082 2730 3238 2785 dicis.
3290 2729 3475 2800 Siqui-

1913 2820 2033 2875 dem
2062 2819 2304 2890 pontifex
2356 2819 2590 2889 juridico
2632 2835 2781 2874 more
2820 2822 3208 2891 interrogabat,
3240 2824 3425 2878 dicens
3457 2841 3471 2877 :

1920 2906 2013 2965 Dic
2037 2912 2204 2977 nobis,
2234 2913 2279 2965 si
2303 2922 2357 2965 tu
2374 2928 2426 2965 es
2448 2927 2540 2964 rex
2568 2911 2610 2943 ¹⁶
2638 2927 2654 2978 ;
2689 2920 2744 2965 at
2766 2911 2971 2968 Pilatus
3016 2929 3114 2983 per
3168 2914 3472 2983 simplicem

1914 3003 2357 3058 enuntiationem.
2408 3002 2543 3057 Vide
2579 3016 2778 3072 porro.
2834 3004 2877 3059 si
2916 3020 3021 3058 non
3058 3004 3202 3059 aliud
3236 3017 3289 3057 tu
3334 3007 3475 3060 dixi-

235 3095 483 3165 ἀρχιερεῖ
526 3094 850 3164 λεγόμενον,
891 3095 982 3147 τὸν
1025 3094 1318 3164 δισταγμὸν
1363 3094 1525 3148 αὐτοῦ
1552 3093 1808 3166 λεληθότα

1919 3096 1983 3148 sti
2014 3095 2080 3159 ¹⁷,
2117 3096 2256 3163 quod
2283 3094 2528 3162 pontiﬁci
2574 3109 2889 3182 responsum
2936 3105 3041 3163 est,
3078 3096 3471 3152 dubitationem

233 3185 449 3254 ἐλέγχει
474 3202 487 3216 ο
534 3186 596 3237 τὸ
635 3185 719 3250 δὲ,
750 3184 833 3239 Σὺ
867 3184 1094 3254 λέγεις,
1138 3185 1214 3256 τῷ
1249 3184 1496 3256 Πιλάτῳ,
1531 3185 1627 3257 τὴν
1674 3185 1810 3238 ἀπό-

234 3295 399 3346 φασιν
425 3277 588 3330 αὐτοῦ
628 3280 807 3349 κυροῖ.
846 3272 953 3330 Ἦν
983 3277 1093 3348 γὰρ
1129 3276 1379 3346 βασιλεὺς
1419 3276 1513 3330 τοῦ
1560 3276 1806 3348 Ἰσραὴλ,

238 3369 379 3438 μήτε
404 3366 575 3421 εἰπὼν
604 3368 692 3421 ναὶ
710 3410 724 3432 ,
762 3368 848 3421 ἵνα
879 3368 952 3440 μὴ
981 3368 1054 3439 δῷ
1082 3367 1298 3437 εὔλογον
1324 3368 1576 3441 ἀφορμὴν
1608 3369 1685 3439 τῷ
1708 3371 1807 3422 [It—

233 3457 382 3524 λάτῳ
416 3457 816 3522 καταδικάζειν.

306 3549 421 3621 (28)
470 3549 569 3603 Διά
599 3550 659 3603 τὸ
696 3550 1107 3622 ἀμετάτρεπτον
1144 3550 1322 3605 αὐτῶν
1355 3551 1472 3605 ούδέ
1499 3552 1680 3615 αὐτοῖς
1711 3552 1805 3605 ἀν-

235 3642 606 3711 τιφθέγγεται.
649 3641 845 3706 Καλῶς
877 3642 932 3694 δὲ
979 3643 1100 3696 ούδέ
1138 3642 1214 3713 τῷ
1256 3643 1471 3713 Πιλάτῳ
1510 3643 1802 3714 ἀπεκρίθη,

235 3732 318 3784 ὅτι
352 3731 678 3800 ἀμφιϐάλλει
712 3734 760 3785 εί
790 3733 894 3803 χρὴ
923 3734 1084 3786 αὐτὸν
1109 3734 1244 3806 πρὸς
1276 3735 1373 3798 τὰς
1400 3734 1615 3797 ἀδίκους
1642 3751 1808 3805 κατη-

235 3823 427 3892 γορίας
462 3823 872 3892 ἀπολογεῖσθαι,
902 3825 996 3878 καὶ
1024 3826 1104 3878 ὅτι
1145 3826 1495 3896 διχογνωμῶν
1531 3828 1647 3879 ἐστι
1681 3827 1808 3897 περὶ

235 3914 437 3970 αὐτῶν.
478 3916 644 3985 Δῆλον
681 3916 790 3987 γάρ
828 3912 925 3987 ἦν,
968 3918 1076 3982 ὅτι,
1104 3919 1153 3971 εἰ
1177 3918 1550 3988 ἀπελογήσατο
1579 3919 1672 3971 καὶ
1705 3935 1811 3972 πα-

237 4007 501 4079 ρέστησεν
536 4007 724 4060 ἑαυτὸν
747 4008 919 4062 οὐδενὶ
936 4009 1045 4080 (29)
1078 4008 1258 4079 ἔνοχον
1293 4009 1658 4079 ἐγκλήματος,
1701 4011 1807 4061 ἀπ-

235 4100 426 4154 έλυσεν
468 4099 534 4154 ἂν
568 4104 597 4154 6
632 4101 889 4172 δικαστὴς
920 4102 1098 4165 αὐτὸν,
1145 4102 1319 4155 λαϐὼν
1344 4102 1458 4156 ὁδὸν
1481 4100 1574 4155 τοῦ
1602 4100 1811 4173 χρηστά

236 4192 366 4261 περὶ
390 4191 555 4244 αὐτοῦ
587 4192 984 4262 ἀποφήνασθαι.
1019 4193 1177 4247 ’Ὅθεν
1209 4195 1302 4246 καὶ
1343 4195 1370 4247 ὁ
1397 4192 1619 4263 ἡγεμὼν
1646 4192 1808 4245 ἐθαύ-

239 4283 409 4349 μαζεν
442 4283 626 4346 αὐτὸν,
662 4284 778 4346 πῶς
803 4324 815 4347 ,
852 4283 1144 4353 δυνάμενος
1171 4286 1345 4337 εἰπεῖν
1378 4282 1577 4346 πολλὰς
1612 4282 1808 4335 ἀπολο-

235 4369 395 4435 γία-ς,
447 4369 676 4423 ἐσιώπα.
726 4373 816 4425 Διὸ
850 4374 942 4425 καὶ
980 4374 1054 4435 ὡς
1096 4372 1262 4425 θέλων
1312 4372 1473 4425 αὐτὸν
1516 4370 1804 4435 ἀπολῦσαι,

236 4464 315 4524 εἰς
338 4462 498 4516 τοῦτο
520 4464 680 4517 αὐτὸν
695 4465 1059 4536 προετρέπετο
1076 4465 1206 4534 (50)*
1233 4464 1312 4515 ὅτι
1339 4462 1445 4533 γάρ
1468 4462 1643 4532 φθόνῳ
1668 4478 1808 4532 παρ-
1837 4492 1881 4547 D

237 4553 426 4623 εδόθη,
486 4556 579 4607 καὶ
619 4556 835 4625 Πιλάτῳ
871 4555 1026 4626 δῆλον
1057 4551 1145 4625 ἦν.
1202 4556 1313 4624 Οὐχ
1354 4554 1537 4619 ἀτελῶς
1570 4553 1628 4606 δέ
1675 4553 1805 4606 θαυ-

240 4644 435 4714 μάζει,
483 4645 617 4699 ἀλλά
657 4649 751 4700 καὶ
785 4646 935 4700 λίαν*
979 4646 1121 4717 τάχα
1164 4647 1261 4716 μὲν
1305 4644 1395 4699 διὰ
1439 4646 1499 4698 τὸ
1544 4646 1809 4716 ἄτρεπτον

236 4735 331 4788 καὶ
359 4736 633 4807 ἀτάραχον
665 4738 828 4791 αὐτοῦ
853 4743 989 4810 πρὸς
1009 4739 1254 4801 θάνατον,
1285 4738 1377 4790 καὶ
1399 4739 1456 4790 ἐν
1487 4736 1694 4798 τούτοις
1715 4752 1811 4803 γα-

240 4828 401 4898 ληνὸν
424 4828 520 4882 τοῦ
548 4830 839 4900 προσώπου
864 4849 876 4861 ο
914 4831 946 4901 ἢ
974 4832 1066 4884 καὶ
1098 4830 1194 4901 τὴν
1234 4830 1371 4900 ὑπὲρ
1397 4828 1677 4899 ἄνθρωπον
1709 4828 1808 4880 αύ-

239 4921 328 4976 τοῦ
362 4922 744 4993 μακροθυμίαν
774 4920 1104 4993 ἐθαύμαζεν.

305 5098 469 5162 Είκδς
500 5099 623 5169 ἀρτι
650 5099 998 5153 ὑποσπόνδων
1026 5099 1328 5168 γενομένων
1365 5095 1653 5166 Ῥωμαίοις
1688 5096 1816 5146 ἰου-

240 5186 437 5253 εαιων,
488 5189 548 5242 τὸ
594 5191 986 5262 κεχαρισμένον
1026 5190 1208 5251 αὐτοῖς
1253 5187 1418 5258 ᾤοντο
1452 5190 1510 5239 ἐν
1553 5188 1617 5256 τῇ
1654 5187 1814 5254 ἑορτῇ

244 5282 661 5351 συγχωρεῖσθαι.
706 5283 815 5334 Καὶ
852 5281 1023 5335 Σαοὺλ
1062 5280 1151 5342 δὲ,
1185 5279 1543 5348 συγχωρήσας
1586 5276 1663 5345 τῷ
1703 5275 1816 5345 λαῷ

240 5369 331 5424 τὸν
369 5372 648 5437 Ἰωνάθαν,
677 5373 825 5445 δηλοῖ
850 5374 976 5445 πρὶν
996 5373 1177 5434 αὐτοῖς
1200 5372 1293 5423 καί
1319 5369 1579 5421 τοιοῦτον.
1621 5367 1707 5429 Ὠς
1728 5382 1814 5418 νο-

313 5532 355 5564 ¹⁸
379 5531 568 5587 Matth.
591 5547 718 5595 xxv,
737 5532 793 5586 9.
869 5532 911 5562 ¹⁸
936 5529 1123 5586 Matth.
1150 5546 1295 5597 xxvr,
1325 5529 1411 5584 65.

314 5648 426 5713 (‘27)
462 5647 641 5701 Locus
663 5646 938 5704 tleﬁcicnS.

312 5712 423 5779 (28)
464 5718 679 5770 Nullum
756 5719 1043 5773 ascribitur
1115 5717 1354 5773 auctoris
1416 5730 1629 5771 nomen.
1685 5712 1805 5769 lla~c

238 5792 390 5844 Tcler
416 5790 483 5843 ad
510 5804 654 5843 vers.
690 5787 774 5841 12.

1519 5530 1559 5559 ιτ
1609 5528 1735 5583 ibid.
1763 5507 1853 5581 σί.

1915 3182 2031 3251 ejus
2068 3184 2384 3239 obliviosam
2412 3184 2689 3254 coarguit:
2720 3183 2853 3238 illud
2877 3199 3025 3249 vero,
3054 3183 3132 3238 Tu
3158 3185 3473 3255 dicis,quod

1916 3272 2091 3328 Pilato
2110 3273 2408 3343 respondit,
2432 3272 2863 3327 enuntiationem
2885 3270 3003 3339 ejus
3021 3272 3324 3325 confirmat.
3346 3271 3475 3324 Erat

1916 3378 2153 3430 namque
2174 3378 2267 3416 rex
2306 3362 2469 3416 Israel
2498 3380 2510 3414 :
2546 3370 2599 3414 et
2622 3376 2726 3414 non
2751 3360 2885 3414 dixit
2911 3376 3011 3426 nae,
3045 3372 3102 3414 ut
3132 3376 3236 3415 non
3271 3362 3474 3429 praebe—

1920 3460 2005 3506 ret
2038 3452 2208 3507 Pilato
2233 3452 2537 3521 speciosam
2559 3462 2744 3502 ansam
2773 3448 2921 3502 illum
2951 3448 3269 3502 damnandi.

1989 3540 2281 3611 Propterea
2316 3541 2456 3609 quod
2490 3540 2753 3609 ejusmodi
2784 3548 2941 3594 erant
2966 3540 3055 3607 qui
3083 3538 3323 3593 converti
3358 3537 3469 3592 nolo

1916 3634 2049 3698 ient,
2081 3633 2213 3688 nihil
2243 3633 2373 3703 ipsis
2402 3633 2701 3701 respondit.
2722 3631 2955 3685 Pulchre
3000 3641 3180 3685 autem
3210 3646 3275 3685 ne
3302 3629 3475 3684 Pilato

1918 3726 2132 3796 quidem
2168 3724 2462 3794 respondit,
2508 3724 2635 3793 quia
2685 3723 2898 3778 dubitat
2934 3727 2977 3778 si
3013 3731 3261 3794 oporteat
3300 3725 3471 3792 ipsum

1917 3831 2105 3872 contra
2129 3816 2355 3885 injustas
2380 3817 2751 3871 accusationes
2781 3830 2839 3870 se
2860 3831 3117 3885 purgare,
3144 3825 3198 3870 et
3227 3816 3350 3884 quia
3377 3829 3465 3868 an-

1913 3928 2041 3983 ceps
2071 3922 2156 3969 est
2212 3912 2281 3967 de
2335 3912 2463 3966 illis.
2500 3909 2846 3966 Manifestum
2898 3912 3042 3965 enim
3079 3921 3218 3975 erat,
3249 3910 3373 3979 quia
3426 3911 3468 3964 si

1911 4012 2197 4074 purgasset
2234 4018 2316 4069 se,
2351 4017 2518 4072 seque
2570 4003 2823 4058 evicisset
2869 4000 3002 4055 nulli
3036 4001 3329 4055 obnoxium
3364 4002 3469 4055 cri-

1916 4095 2069 4161 mini,
2100 4093 2600 4161 dimisissetutique
2628 4091 2776 4147 illum
2797 4090 2986 4159 judex,
3021 4092 3164 4144 viam
3196 4089 3463 4160 arripiens

1910 4184 2104 4239 bonam
2143 4184 2211 4238 de
2264 4183 2357 4239 illo
2409 4183 2554 4238 ferre
2620 4183 2969 4238 sententiam.
3015 4182 3379 4247 Quamobrem
3411 4194 3464 4236 et

1911 4290 2110 4344 praeses
2139 4274 2515 4329 admirabatur
2538 4288 2685 4335 eum,
2718 4273 2990 4341 quomodo
3014 4286 3137 4327 cum
3163 4280 3346 4341 posset
3374 4286 3470 4339 pro

1912 4384 1972 4423 se
1995 4368 2189 4422 multas
2240 4364 2433 4419 ail‘erre
2487 4365 2750 4428 rationes,
2789 4370 3016 4417 taceret.
3054 4362 3260 4416 Idcirco
3308 4360 3468 4415 etiam

1912 4456 2065 4527 quasi
2097 4456 2284 4510 volens
2313 4454 2461 4508 illum
2496 4452 2796 4515 absolvere,
2832 4451 2899 4504 ad
2931 4452 3035 4505 hoc
3082 4450 3230 4504 illum
3277 4466 3471 4519 provo-

1910 4551 2092 4604 cabat.
2139 4547 2276 4613 Quia
2311 4548 2456 4601 enim
2488 4544 2688 4599 invidia
2726 4543 2956 4597 traditus
2980 4542 3179 4608 fuerat,
3214 4544 3264 4595 id
3297 4542 3466 4596 Pilato

1911 4638 2260 4694 manifestum
2304 4644 2442 4690 erat.
2473 4634 2587 4689 Non
2624 4634 2943 4702 simpliciter
2968 4649 3100 4687 vero
3149 4632 3471 4696 mirabatur,

1911 4729 2003 4784 sed
2030 4736 2085 4782 ct.
2115 4731 2458 4780 vehementer.
2492 4722 2722 4779 Fortean
2758 4734 2984 4791 propter
3017 4724 3381 4778 constantiam
3419 4734 3473 4776 et

1914 4816 2507 4888 imperturbabilitatcnt
2548 4814 2665 4882 ejus
2693 4817 2955 4871 adversus
2982 4824 3235 4880 mortem,
3262 4830 3326 4870 ac
3348 4830 3474 4885 pro-

1913 4920 2098 4977 pterea
2124 4909 2194 4963 ob
2219 4907 2566 4963 serenitatem
2603 4906 2806 4960 vultus.
2836 4906 2931 4961 Vel
2958 4906 3121 4960 etiam
3148 4906 3473 4974 longanimi-

1915 5010 2079 5054 tatem
2112 4998 2231 5067 ejus
2256 4997 2536 5067 plusquam
2566 4996 2858 5050 humanam
2893 4996 3284 5051 admirabatur.

1984 5088 2198 5155 Merito,
2226 5102 2347 5141 cum
2376 5102 2566 5142 recens
2593 5086 2849 5141 [laritanis
2870 5086 3071 5142 laedere
3095 5088 3267 5157 juncti
3291 5092 3474 5143 essent

1914 5179 2104 5241 Judaei,
2138 5177 2279 5247 quod
2311 5187 2522 5246 gratum
2558 5176 2688 5245 ipsis
2734 5187 2915 5245 esset,
2952 5178 3214 5247 putabant
3246 5179 3298 5231 in
3334 5180 3474 5232 festo

1914 5269 2331 5326 concedendum.
2360 5267 2485 5321 Saul
2521 5268 2682 5321 etiam
2731 5269 3032 5324 concedens
3063 5270 3257 5339 popqu
3310 5269 3473 5324 Jona-

1916 5365 2065 5426 than,
2101 5363 2209 5431 jam
2242 5360 2446 5431 pridem
2476 5359 2678 5428 aliquid
2710 5360 3018 5430 bnjusmodi
3043 5360 3221 5415 innuit
3250 5362 3377 5415 illis.
3404 5359 3470 5414 Ut

1982 5640 2091 5710 (29)
2132 5641 2211 5695 An
2246 5640 2477 5703 οὐδενός.

1987 5709 2101 5781 (50)
2127 5712 2224 5764 llic
2249 5722 2301 5764 ct
2334 5710 2473 5783 inira
2504 5709 2691 5783 confer
2724 5712 2863 5767 edita
2903 5711 3117 5781 Latina,
3141 5722 3194 5767 et
3225 5710 3466 5783 quaedam

1914 5787 2075 5838 etiam
2110 5782 2379 5837 contraria
2414 5781 2496 5836 his
2519 5782 2777 5851 reperies.
