3888 6214
386 363 483 417 ωγ

1264 356 1822 412 SUPPLEMENTUM
1858 353 1948 408 AD
1987 350 2308 409 ORIGENIS
2340 350 2751 407 EXEGETICA.

3506 350 3611 405 508

382 474 474 543 qui
503 472 665 543 igitur
694 471 933 527 futurum
962 472 1211 540 putabat,
1251 480 1311 525 ut
1340 473 1686 525 innocentem
1722 470 1903 539 potius
1928 509 1945 533 ,
1976 521 1978 527 .

2070 463 2222 528 ιίζων
2251 464 2307 517 δὲ
2327 505 2342 528 ,
2376 465 2455 517 ὅτι
2487 464 2576 517 τόν
2613 464 2847 519 ἀναίτιον
2867 505 2883 529 ,
2912 465 2945 534 ἥ
2979 464 3069 517 τὸν
3097 464 3309 535 μυρίοις
3333 464 3611 536 ἔγκλημα-ι

382 579 545 641 quam
583 564 813 619 infinitis
847 563 1167 618 criminibus
1211 577 1361 617 reum
1400 560 1759 633 postularent,
1810 560 1948 615 dixit

383 655 485 710 hoc
510 655 747 721 Pilatus,
779 665 1032 724 tanquam
1066 654 1136 706 iis
1156 651 1534 723 quijustitiam
1568 651 1944 707 sectabantur.

385 746 605 800 Sciebat
638 747 779 800 enim
808 746 934 814 quia
964 744 1165 799 nullum
1198 744 1416 799 evidens
1445 753 1824 811 argumentum
1854 743 1950 797 ha-

385 837 547 890 bebat
567 846 753 893 contra
786 835 953 890 illum.

458 924 834 981 Vetustissima
896 928 1079 997 legens
1119 926 1470 995 exemplaria.
1507 924 1713 990 inveni,
1773 924 1948 992 ipsum

385 1029 598 1082 quoque
623 1016 922 1070 Barabbam
957 1024 1206 1070 vocatum
1244 1014 1413 1070 fuisse
1437 1012 1641 1069 Jesum.
1672 1014 1762 1067 Sic
1787 1012 1953 1081 igitur

388 1120 449 1159 se
482 1107 556 1161 ibi
583 1107 817 1160 habebat
852 1105 1005 1159 Pilati
1042 1105 1397 1173 interrogatio
1434 1124 1445 1158 :
1481 1103 1647 1168 Quem
1700 1102 1858 1157 uultis
1887 1104 1951 1155 de

385 1200 467 1252 Itis
500 1199 699 1251 duobus
720 1198 981 1250 dimittam
1016 1198 1156 1251 vobis
1175 1195 1392 1250 Nesum
1411 1194 1728 1257 Barabbam,
1756 1194 1831 1246 vel
1858 1194 1971 1248 Jeo»

387 1305 503 1343 sum
534 1290 622 1355 qui
646 1288 841 1341 dicitur
864 1286 1104 1341 Christus
1131 1288 1209 1340 ‘3?
1243 1286 1313 1342 Ut
1334 1286 1475 1341 enim
1511 1285 1724 1338 videtur
1754 1326 1769 1350 ,
1817 1287 1953 1339 Ialm

388 1379 757 1449 patronymice
785 1380 1083 1434 vocabatur
1129 1377 1424 1442 Barabbas,
1454 1376 1597 1445 quod
1634 1378 1955 1446 interpreta-

389 1481 475 1521 tur
527 1469 759 1523 doctoris
803 1470 968 1537 ﬁlius.
1010 1469 1379 1536 Compositmn
1436 1468 1601 1537 igitur
1631 1482 1822 1523 nomen
1852 1467 1954 1522 Ba-

391 1561 653 1623 ramhan,
709 1561 914 1615 indicat
971 1558 1142 1612 Filius
1184 1560 1414 1612 doctoris
1456 1559 1641 1612 nostri.
1673 1558 1740 1611 At
1772 1558 1955 1626 cujus-

392 1668 514 1713 nam
547 1653 683 1706 alius
712 1652 956 1707 doctoris
983 1652 1147 1705 lilium
1171 1661 1386 1721 oportet
1414 1662 1669 1719 reputare
1688 1652 1954 1706 latronem

394 1744 683 1812 insignem,
722 1760 881 1814 quam
914 1746 1020 1801 .viri
1055 1744 1405 1813 sauguiuum,
1440 1758 1600 1811 quam
1642 1742 1759 1811 ejus
1785 1746 1873 1813 qui
1891 1746 1956 1797 ab

390 1837 544 1891 initio
572 1844 650 1891 est
684 1835 946 1889 homicida
975 1836 1017 1868 "
1053 1853 1067 1889 :
1096 1850 1263 1905 quem
1294 1849 1464 1903 usque
1496 1835 1549 1888 in
1594 1834 1734 1889 hanc
1763 1836 1905 1889 diem
1938 1873 1953 1896 ,
1989 1822 2031 1875 Β

391 1928 482 1995 qui
517 1927 585 1979 ab
617 1924 732 1996 ipso
765 1927 979 1981 discunt
1012 1926 1191 1981 facere
1226 1925 1846 1996 homicidia,pra:ferunt
1875 1927 1957 1978 vi-

393 2018 659 2073 viticatori
692 2019 971 2079 hominum
997 2017 1223 2073 Domino
1258 2028 1443 2073 nostro
1465 2017 1591 2074 Jesu
1618 2018 1837 2074 Christo
1864 2019 1887 2072 ?

466 2111 599 2163 Dum
639 2110 976 2179 judicaretur
1005 2126 1033 2164 a
1056 2110 1253 2174 Pilato,
1286 2111 1505 2165 oracula
1558 2112 1815 2168 reddebat
1840 2114 1959 2182 ejus

392 2203 576 2262 uxori:
608 2211 663 2256 ut
695 2203 915 2267 silentio,
936 2204 1153 2273 quidem
1189 2202 1255 2256 ad
1290 2202 1661 2259 fortitudinem
1692 2213 1955 2273 stuperet,

392 2304 446 2345 at
473 2293 725 2347 vaticinia
741 2303 1114 2364 cognosceret,
1143 2296 1284 2363 quod
1311 2309 1415 2349 non
1451 2294 1503 2348 in
1538 2294 1829 2358 hominem,
1861 2294 1959 2350 sed

396 2383 560 2437 Deum
591 2386 914 2439 sententiam
952 2385 1081 2441 fert.
1114 2387 1405 2456 Propterea
1444 2403 1575 2442 vero
1603 2388 1717 2457 ipse
1749 2403 1852 2442 non
1879 2372 1960 2442 vi-

399 2475 501 2539 dit,
551 2476 632 2530 vel
663 2486 723 2530 ut
763 2478 849 2531 illa
889 2494 993 2533 non
1027 2488 1235 2535 taceret
1265 2482 1559 2545 somnium,
1591 2481 1674 2535 vcl
1719 2485 1844 2551 quia
1881 2482 1977 2536 illi

394 2584 499 2622 non
530 2569 876 2634 credebatur,
898 2572 983 2626 vel
1024 2572 1278 2642 indignus
1332 2582 1471 2636 erat,
1521 2571 1602 2625 vel
1632 2583 1689 2626 ut
1736 2573 1961 2628 audiens

394 2674 514 2727 «tua:
561 2675 700 2714 uitur
730 2674 891 2724 passa
931 2661 1128 2729 fuerat,
1174 2672 1601 2733 compateretur.
1632 2662 1779 2718 'Non
1814 2663 1959 2718 cnim

398 2754 555 2805 modo
578 2753 846 2807 somnium
889 2754 1046 2818 vidit,
1072 2756 1164 2810 sed
1196 2763 1250 2810 et
1272 2756 1438 2810 multa
1469 2771 1628 2825 passa
1654 2766 1759 2821 est,
1809 2766 1863 2812 et
1905 2758 1957 2812 in

398 2857 553 2899 nocte
597 2844 651 2898 ίιΙ
701 2845 769 2899 ad
800 2844 1056 2913 majorem
1103 2847 1352 2901 timorem
1404 2849 1649 2918 contigit.
1688 2848 1957 2904 Caeterum

396 2933 753 2989 Providentia:
773 2951 906 3005 opus
932 2936 1059 2989 illud
1081 2938 1347 2991 somnium
1375 2936 1491 3003 fuit,
1518 2937 1583 2991 de
1614 2952 1720 3006 quo
1740 2938 1958 3006 quidem

398 3043 502 3082 non
540 3028 740 3083 dicitur
791 3027 918 3096 quid
953 3036 1125 3091 esset,
1158 3026 1475 3082 manifestat
1522 3037 1701 3083 tamen
1733 3029 1958 3082 demon-

2051 574 2133 609 σιν
2173 557 2419 609 ὑπαίτιον
2465 559 2776 629 αἰτήσονται
2796 600 2810 624 ,
2844 553 2964 610 εἷπε
2999 557 3155 610 τοῦτο
3182 558 3211 609 6
3243 557 3469 621 Πιλᾶτος
3489 597 3503 619 ,
3536 558 3613 621 ὡς

2047 648 2274 713 δικαίοις
2306 646 2476 703 οὖσιν.
2522 650 2674 721 ⁸ᾙδει
2707 649 2846 720 γὰρ,
2897 651 2977 703 ὅτι
3015 649 3168 704 οὐδὲν
3212 651 3353 721 σαφῆ
3397 649 3618 719 ἔλεγχον

2049 736 2191 809 εἶχον
2218 743 2335 793 κατ’
2363 739 2564 811 αὑτοῦ.)

2124 940 2373 1004 Παλαιοῖς
2397 941 2453 993 δὲ
2492 940 2629 993 πάνυ
2654 940 3001 1011 ἀντιγράφοις
3030 938 3295 1010 ἐντυχὼν,
3330 932 3487 1011 εὗρον
3523 941 3619 993 καὶ

2036 1032 2211 1085 Δαὑτὸν
2241 1032 2333 1085 τὸν
2365 1031 2650 1103 Βαραϐϐᾶν
2691 1030 2897 1102 Ἰησοῦν
2929 1030 3235 1102 λεγόμενον.
3278 1030 3465 1095 Οὕτως
3488 1033 3621 1100 γοῦν

2052 1124 2193 1197 εἶχεν
2227 1128 2259 1196 ἠ
2297 1125 2389 1179 τοῦ
2428 1124 2658 1179 Πιλάτου
2698 1124 2889 1188 πεῦσις
2922 1124 3054 1177 ἐκεῖο
3102 1125 3239 1178 Τίνα
3270 1124 3471 1178 θέλετε
3497 1124 3621 1179 ἀπὸ

2052 1216 2171 1270 τῶν
2192 1216 2301 1270 δύο
2330 1217 2617 1270 ἀπολύσω
2644 1215 2821 1285 ὐμῖν;
2867 1215 3108 1283 Ἰησοῦν
3138 1215 3243 1269 τὸν
3286 1214 3616 1284 Βαραϐϐᾶν,

2054 1312 2093 1378 ἣ
2140 1310 2379 1378 Ἰησοῦν
2400 1309 2506 1363 τὸν
2537 1310 2866 1378 λεγόμενον
2892 1310 3179 1377 Χριστόν;
3214 1310 3300 1373 Ὠς
3321 1309 3429 1380 γάρ
3456 1309 3621 1372 ἔοικε,

2055 1403 2413 1476 πατρωνυμία
2438 1398 2505 1473 ἦν
2531 1401 2624 1455 τοῦ
2653 1401 2849 1473 λῃστοῦ
2887 1404 2915 1455 ό
2947 1401 3255 1473 Βαραϐϐᾶς,
3290 1402 3426 1473 ὅπερ
3451 1403 3625 1471 ἑρμη-

2055 1497 2265 1551 νεύεται
2302 1496 2674 1550 διδασκάλου
2702 1496 2832 1561 υἱός
2867 1494 2996 1565 (51).
3032 1494 3413 1565 Συντιθέμενον
3439 1490 3532 1547 οῦν
3563 1493 3627 1546 τὸ

2056 1588 2150 1642 τοῦ
2189 1588 2487 1658 Βαραμδᾶν
2523 1588 2691 1658 ὄνομα
2737 1586 2990 1658 σημαίνει
3028 1585 3159 1651 υίὸς
3198 1586 3302 1640 τοῦ
3340 1584 3629 1638 διδασκά-

2056 1686 2169 1735 λου
2198 1678 2384 1748 ἡμῶν.
2413 1680 2519 1732 Καὶ
2541 1680 2683 1743 τίνος
2708 1679 2816 1751 ἄρα
2847 1679 3165 1732 διδασκάλου
3201 1678 3314 1731 υίὸν
3341 1678 3444 1747 χρὴ
3470 1677 3625 1747 νομί-

2061 1770 2172 1835 ζειν
2204 1771 2293 1823 τὸν
2338 1771 2603 1840 ἐπίσημον
2642 1769 2861 1840 λῃστὴν,
2906 1769 2939 1839 ἢ
2986 1767 3079 1821 τοῦ
3121 1768 3310 1839 ἀνδρὸς
3343 1768 3626 1837 αἱμάτων,

2059 1863 2164 1917 τοῦ
2192 1862 2261 1926 ἐξ
2292 1861 2486 1931 ἀρχῆς
2534 1861 3046 1930 ἀνθρωποκτόνου,
3086 1860 3143 1913 ὃν
3193 1859 3285 1914 καὶ
3315 1860 3475 1929 μέχρι
3529 1858 3633 1927 τῆς

2056 1956 2213 2026 δεῦρο
2270 1956 2469 2025 μᾶλλον
2514 1953 2790 2025 αἱροῦνται
2847 1956 2897 2006 οἱ
2958 1954 3217 2025 μαθόντες
3278 1953 3407 2022 παρ’
3464 1948 3631 2002 αὑτοῦ

2058 2044 2593 2117 ἀνθρωποκτονεῖν,ἢ
2634 2042 2724 2095 τόν
2758 2043 3120 2107 ζωοποιοῦντα
3139 2043 3264 2105 τοὺς
3290 2040 3630 2112 ἀνθρώπους,

2057 2138 2147 2190 τὸν
2191 2136 2393 2208 Κύριον
2426 2135 2579 2208 ἡμῶν
2619 2135 2823 2205 Ἰησοῦν
2854 2134 3126 2206 Χριστόνῖ
3168 2204 3171 2207 _

2129 2228 2461 2299 Κρινόμενος
2492 2227 2595 2280 ὑπὸ
2629 2226 2723 2280 τοῦ
2762 2226 3015 2289 Πιλάτου,
3045 2222 3375 2295 ἐχρημάτιζε
3404 2225 3469 2294 τῇ
3504 2221 3635 2274 τού-

2058 2336 2151 2372 του
2190 2321 2440 2388 γυναικὶ,
2486 2321 2571 2373 ἵνα
2604 2322 2670 2390 τῇ
2711 2319 2807 2390 μὲν
2841 2319 3015 2386 σιωπῇ
3059 2315 3157 2386 τὴν
3198 2314 3443 2385 ἀνδρείαν
3464 2331 3633 2367 κατα-

2060 2410 2240 2480 πλαγῇ
2261 2450 2275 2474 ,
2300 2409 2377 2480 τῷ
2409 2409 2465 2462 δέ
2504 2406 2869 2481 χρηματισμῷ
2915 2406 3027 2477 γνῷ
3046 2447 3061 2469 ,
3088 2407 3171 2459 ὃτι
3198 2406 3298 2458 οὐκ
3326 2404 3638 2477 ἄνθρωπον,

2060 2502 2197 2556 ἀλλά
2220 2503 2351 2555 Θεὸν
2378 2501 2572 2574 κρίνει.
2598 2503 2696 2556 Διά
2728 2501 2787 2554 δέ
2819 2499 2975 2553 τοῦτο
3009 2498 3173 2561 αὐτὸς
3200 2499 3298 2551 οὐκ
3322 2491 3459 2549 εἶδεν
3486 2497 3519 2567 ἦ
3549 2498 3639 2550 ἵνα

2062 2592 2136 2663 μὴ
2171 2593 2422 2663 σιωπήσῃ
2442 2591 2518 2661 τῷ
2556 2590 2665 2662 (52)
2711 2591 2874 2661 ὄναρ,
2926 2587 2959 2659 ἦ
3018 2587 3100 2640 ὅτι
3149 2588 3247 2641 οὐκ
3301 2586 3636 2653 ἐπιστεύετο,

2072 2684 2105 2753 ἢ
2145 2684 2226 2735 ὅτι
2277 2682 2496 2747 ἀνάξιος
2541 2684 2629 2753 ἦν,
2688 2680 2720 2751 ἢ
2780 2682 2865 2734 ἴνα
2920 2679 3157 2742 ἀκούσας
3202 2679 3237 2732 δι
3283 2680 3569 2748 ὑπέμεινεν
3602 2679 3641 2747 ἠ

2058 2774 2229 2847 γυνὴ,
2289 2775 2636 2847 συμπαθήσῃ.
2702 2774 2776 2826 Οὐ
2826 2773 2935 2845 γάρ
2985 2773 3143 2843 μόνον
3198 2768 3303 2825 εἶδε
3354 2772 3417 2825 τὸ
3471 2773 3639 2825 ἐνύπ-

2059 2882 2195 2929 νιον,
2253 2866 2387 2919 ἀλλά
2438 2866 2529 2918 καὶ
2584 2865 2753 2918 πολλὰ
2788 2864 2975 2929 ἔπαθε,
3025 2864 3118 2917 καὶ
3146 2866 3203 2916 ἐν
3231 2865 3384 2917 νυκτὶ
3417 2865 3554 2935 πρὸς
3577 2863 3640 2917 τὸ

2061 2957 2430 3031 φοϐερώτερον
2459 2958 2721 3027 γίνεσθαι.
2761 2957 2968 3020 ’Ἄλλως
3008 2974 3067 3008 τε
3093 2957 3148 3009 δέ
3180 2956 3440 3028 Προνοίας
3478 2955 3640 3027 ἔργον

2058 3050 2120 3103 τὸ
2142 3048 2295 3119 ὄναρ,
2327 3051 2387 3102 οὑ
2415 3049 2705 3119 λεγόμενον
2742 3047 2840 3118 μὲν
2868 3047 2920 3099 τί
2946 3041 3034 3116 ἦν,
3062 3045 3302 3099 δεικνύον
3328 3044 3405 3105 δὲ,
3434 3045 3513 3097 ὅτι
3542 3044 3641 3114 οὐχ

403 3134 632 3179 stratum
666 3123 856 3187 fuisse,
882 3139 987 3177 non
1016 3132 1075 3176 ut
1106 3123 1357 3178 Christus
1391 3139 1495 3177 non
1535 3134 1831 3193 pateretur,
1864 3124 1959 3179 sed

2070 3142 2153 3197 ἵνα
2199 3142 2272 3212 μὴ
2320 3139 2465 3209 πάθῃ
2516 3141 2544 3191 6
2600 3136 2804 3207 Ἰησοῦς
2850 3135 3095 3206 ἐδείχθη,
3140 3134 3252 3187 ἀλλ’
3300 3134 3384 3187 ἰνα
3420 3132 3564 3202 σωθῇ
3606 3134 3642 3202 ἡ

399 3228 456 3270 ιιι
484 3217 677 3270 mulier
701 3216 848 3271 salva
880 3216 1052 3271 fieret.
1080 3214 1241 3269 Beata
1265 3230 1392 3269 vero
1413 3190 1550 3279 hac,
1565 3231 1681 3285 qua:
1705 3231 1799 3285 per
1820 3230 1963 3269 som-
1989 3190 2032 3248 (ἶ

398 3305 486 3359 nia
526 3305 733 3369 habuit,
765 3316 821 3358 ut
853 3314 1151 3374 pateretur,
1187 3312 1244 3357 ut
1273 3320 1378 3358 non
1407 3305 1563 3375 longe
1586 3307 1835 3375 graviora
1870 3321 1963 3375 pa-

400 3405 623 3449 teretur.
661 3395 827 3462 Quasi
866 3407 1043 3451 autem
1090 3398 1392 3467 symbolum
1440 3411 1503 3450 ea
1556 3405 1638 3451 est
1682 3395 1959 3459 Ecclesiae,

396 3501 517 3557 quze
542 3488 809 3556 quondam
844 3488 1011 3544 Pilato
1034 3490 1271 3556 suberat,
1308 3490 1400 3545 sed
1440 3504 1562 3543 nom
1605 3489 1835 3559 amplius
1864 3478 1969 3543 ob-‘

398 3579 560 3633 noxia
590 3589 673 3632 est
700 3580 748 3634 ei
793 3590 1011 3652 propter
1046 3582 1203 3636 fidem
1234 3584 1288 3636 iu
1334 3580 1721 3637 Christum.....
1771 3582 1966 3637 mulier

400 3671 543 3725 enim
582 3670 876 3743 alienigena
908 3681 1046 3728 erat.

406 3764 467 3821 V.
503 3766 595 3825 45.
628 3770 667 3820 Α
701 3778 847 3822 sexta
882 3780 1054 3823 autem
1106 3771 1236 3822 hora
1271 3770 1494 3823 tenebris
1541 3771 1755 3839 {uerunt
1813 3787 1969 3835 super

593 3855 794 3891 omnem
818 3849 1034 3904 terram,
1062 3855 1224 3909 usque
1245 3840 1313 3892 ad
1348 3840 1532 3893 horam
1563 3857 1774 3893 nonam.

472 3929 548 3984 De
580 3930 681 3985 hac
716 3931 902 4001 eclipsi
946 3939 999 3984 et
1036 3933 1296 4000 propheta
1339 3932 1635 3986 Zacharias
1673 3932 1854 3985 dixit:
1903 3932 1969 3986 In

402 4023 497 4077 illa
525 4024 628 4088 die,
657 4024 850 4093 inquit,
888 4041 992 4078 non
1017 4027 1134 4078 'erit
1168 4025 1281 4079 lux.
1309 4025 1375 4077 Et
1406 4026 1573 4095 frigus
1617 4035 1665 4078 et
1715 4026 1831 4094 gelu
1869 4028 1969 4078 erit

403 4134 562 4169 unam
597 4117 755 4173 diem.
792 4116 857 4170 Et
896 4118 1008 4170 dies
1045 4118 1138 4171 illa
1170 4128 1293 4170 nota
1326 4117 1567 4169 Domino.
1596 4114 1663 4167 Et
1699 4133 1801 4169 non
1833 4118 1967 4181 dies,

403 4219 450 4261 et
482 4224 584 4261 non
603 4224 738 4274 nox;
763 4219 812 4262 et
841 4210 909 4262 ad
938 4225 1201 4275 vesperam
1226 4209 1323 4261 erit
1356 4208 1450 4263 tua;
1478 4208 1544 4262 '°.
1584 4207 1715 4262 Dum
1745 4210 1873 4263 dicit
1897 4220 1972 4262 te-

405 4300 593 4360 nebrw,
645 4299 881 4353 ostendit
924 4298 1307 4353 obteuebratos
1360 4298 1528 4353 fuisse
1561 4299 1651 4367 qui
1707 4299 1760 4353 in
1795 4298 1968 4352 lucem

407 4406 598 4445 manus
630 4390 945 4460 injecerant.
977 4390 1296 4445 Sicutenim
1319 4388 1595 4461 Egyptiis
1632 4389 1848 4443 fuerunt
1887 4399 1970 4445 te-

404 4483 604 4548 nebrm,
629 4483 789 4536 atlux
826 4482 948 4536 filiis
968 4481 1162 4549 Israel;
1195 4482 1267 4535 ita
1297 4492 1352 4537 et
1380 4499 1542 4546 nunc,
1576 4481 1831 4537 Ecclesia:
1853 4482 1971 4550 qui-

404 4574 523 4628 (lem
556 4582 641 4627 est
666 4574 755 4627 lux
781 4590 795 4636 ;
826 4583 881 4626 at
916 4574 1116 4628 Judaeis
1146 4583 1273 4628 sunt
1308 4573 1543 4627 tenebrae
1576 4574 1859 4638 triduana,
1890 4572 1970 4625 ln-

403 4664 565 4718 minis
597 4678 788 4733 nempe
841 4666 1075 4732 paterni,
1109 4663 1415 4732 Splendoris
1469 4662 1699 4728 Christi,
1741 4662 1970 4730 fulgoris

406 4754 644 4823 Spiritus
666 4754 864 4808 sancti.
898 4753 962 4806 Et
992 4754 1117 4822 quia
1168 4752 1256 4807 die
1283 4760 1431 4806 sexta
1462 4751 1640 4806 factus
1675 4762 1758 4805 est
1787 4753 1970 4815 homo,

406 4860 471 4899 ac
493 4845 806 4898 verosimile
832 4852 914 4897 est
944 4843 1092 4896 illum
1125 4845 1257 4897 hora
1288 4853 1441 4897 sexta
1470 4843 1637 4898 fuisse
1664 4843 1969 4911 deceptum,

407 4944 691 5005 propterea
728 4934 960 4988 fortasse
990 4936 1081 5003 qui
1110 4950 1207 5005 pro
1250 4935 1425 4988 salute
1462 4934 1743 4988 hominum
1777 4948 1973 5004 passus

406 5036 510 5091 est,
543 5025 674 5079 hora
699 5035 850 5079 sexta
873 5040 1164 5093 suspensus
1197 5024 1318 5078 fuit.
1350 5025 1460 5079 Hoc
1487 5034 1573 5079 est
1593 5026 1802 5094 signum
1827 5026 1971 5095 quod

410 5127 567 5171 antea
610 5117 921 5184 petentibus
951 5130 1011 5169 se
1036 5117 1293 5171 daturum
1321 5118 1645 5186 promiserat
1677 5118 1925 5184 inquiens
1956 5133 1967 5167 :

407 5207 688 5260 Generatio
720 5224 880 5273 prava
910 5217 957 5259 et
989 5207 1228 5261 adultera
1271 5210 1476 5277 signum
1512 5208 1727 5277 requirit
1754 5209 1817 5271 ",
1862 5221 1967 5265 etc.

407 5300 495 5363 Et,
525 5298 734 5368 quando
754 5300 1103 5353 exaltareritis
1136 5298 1337 5353 Filium
1360 5299 1611 5361 hominis,
1640 5309 1763 5352 tunc
1785 5315 1972 5366 cogna-

480 5438 528 5473 ¹⁸
580 5438 769 5493 Matth.
812 5454 984 5503 xxvii,
1011 5440 1096 5496 l7.
1178 5441 1222 5472 "
1253 5437 1413 5495 Joan.
1440 5455 1557 5505 vni,
1604 5438 1694 5493 44.
1770 5440 1816 5471 ²⁰
1845 5439 2010 5494 Zach.
2036 5456 2150 5505 xw,
2180 5439 2231 5501 6,
2261 5440 2314 5492 7.

475 5556 764 5634 (3l)_‘llinc
799 5559 1043 5629 quaedam
1101 5563 1316 5618 videtur
1371 5561 1614 5617 hausisse
1672 5560 1974 5634 The0phyl.
2056 5574 2059 5575 '

409 5643 531 5695 pag.
562 5629 663 5680 156
697 5644 746 5681 a.

485 5697 599 5766 (52)
633 5697 791 5750 Forte
810 5698 889 5750 τό.

477 5767 587 5835 (55)
616 5768 694 5820 Au
726 5767 963 5838 τοιαύτη.

2070 3236 2225 3303 γυνή.
2242 3231 2501 3303 Μακαρία
2516 3230 2571 3284 δὲ
2598 3232 2631 3301 ἡ
2653 3230 2876 3282 τοιαῦτα
2902 3232 3013 3296 (35)
3036 3230 3311 3300 ἀπέχουσα
3338 3230 3392 3279 ἐν
3413 3225 3642 3296 ὀνείροις

2072 3322 2132 3374 τὸ
2161 3320 2385 3382 παθεῖν,
2432 3319 2517 3371 ἵνα
2566 3319 2637 3389 μὴ
2680 3319 2987 3392 ὑπερπάθῃ.
3012 3320 3073 3371 Εἰ
3110 3318 3223 3389 (54)
3268 3317 3323 3369 δέ
3374 3315 3641 3385 σύμϐολόν

2072 3413 2218 3464 ἐστιν
2253 3410 2387 3481 αὕτη
2418 3408 2517 3479 τῆς
2546 3427 2672 3462 ποτε
2692 3410 2797 3463 ῦπό
2831 3410 3060 3465 Πιλάτου
3087 3408 3477 3479 κυριευομένης
3523 3407 3643 3458 Ἐκ-

2072 3503 2318 3574 κλησίας,
2356 3502 2449 3555 καὶ
2485 3504 2666 3556 οὐκέτι
2704 3501 2870 3575 οὔσης
2904 3502 3050 3573 αὐτῷ
3086 3502 3394 3574 ὑποχειρίου
3422 3500 3508 3552 διὰ
3540 3499 3642 3569 τὴν

2072 3598 2149 3657 είς
2177 3593 2408 3665 Χριστὸν
2437 3595 2774 3648 πίστιν...ν...
2813 3594 2940 3664 γὰρ,
2966 3593 3259 3661 ἀλλόφυλος
3282 3591 3389 3663 γὰρ
3422 3593 3454 3661 ἡ
3481 3590 3639 3659 γυνή.

2070 3773 2214 3843 Στίχ.
2245 3772 2517 3844 με’.)Λπὸ
2563 3772 2630 3844 δὲ
2654 3773 2833 3844 ἕκτης
2853 3768 3509 3844 ᾧραςᾼσκότοςιέγένετο
3542 3765 3640 3819 ἐπὶ

2298 3842 2504 3898 πᾶσαν
2533 3843 2645 3910 τὴν
2679 3838 2799 3913 γῆν
2841 3838 2951 3907 ἓως
2985 3840 3140 3909 ὥρας
3169 3838 3406 3905 ἐνάτης.

2145 3935 2258 4005 (55)
2297 3937 2432 4007 Περὶ
2462 3936 2666 4005 ταύτης
2705 3935 2803 4005 τῆς
2828 3932 3120 4001 ἐκλείψεως
3160 3931 3252 3984 καὶ
3299 3932 3327 3982 6
3360 3928 3646 4000 προφήτης

2069 4027 2340 4098 Ζαχαρίας
2367 4027 2552 4080 εἰπών·
2594 4028 2695 4080 Ἐν
2717 4027 2919 4092 ἐκείνῃ
2947 4024 3019 4092 τῇ
3043 4022 3231 4092 ἡμέρᾳ
3249 4063 3263 4085 ,
3292 4023 3453 4092 φησὶν
3474 4060 3487 4083 ,
3532 4021 3645 4071 οὐκ

2069 4117 2240 4170 ἔσται
2265 4115 2409 4185 φῶς.
2434 4116 2546 4169 Kal
2570 4115 2769 4184 ψῦχος
2800 4116 2897 4168 καὶ
2921 4113 3112 4184 πάγος
3140 4114 3309 4166 ἔσται
3335 4112 3483 4180 μίαν
3504 4106 3648 4178 ἠμέ-

2063 4227 2200 4277 ραν.
2237 4209 2344 4263 Καὶ
2374 4210 2412 4277 ἠ
2440 4206 2629 4277 ἡμέρα
2660 4208 2861 4273 ἐκείνη
2894 4204 3133 4273 γνωστὴ
3168 4204 3248 4268 τῷ
3285 4203 3497 4269 Κυρίῳ.
3534 4200 3645 4253 Kal

2070 4304 2183 4371 οὐχ
2213 4301 2423 4368 ἡμέρα,
2458 4300 2557 4353 καὶ
2589 4302 2660 4353 οὐ
2696 4298 2811 4363 νύξ
2831 4316 2844 4329 ’
2880 4298 2976 4351 καὶ
3010 4297 3160 4365 πρὸς
3187 4296 3453 4363 ἑσπέραν
3474 4295 3647 4348 ἔσται

2074 4391 2212 4461 φῶς.
2245 4390 2431 4445 Εἰπὼν
2462 4391 2519 4444 δὲ
2551 4390 2617 4443 τὸ
2648 4392 2869 4455 σκότος
2901 4389 2962 4441 τὸ
2994 4387 3305 4440 ἐσκοτίσθαι
3341 4388 3467 4449 τοὺς
3517 4386 3648 4454 βάλ-

2072 4485 2258 4547 λοντας
2291 4485 2477 4553 χεῖρας
2504 4482 2583 4552 τῷ
2610 4483 2766 4551 φωτί.
2820 4482 2906 4545 Ὠς
2939 4479 3048 4550 γὰρ
3074 4480 3391 4548 Αἰγυπτίοις
3416 4479 3608 4539 σκότος
3632 4517 3647 4534 .

2073 4576 2167 4627 καὶ
2199 4578 2309 4638 τοῖς
2340 4575 2473 4638 υἱοῖς
2510 4574 2724 4644 Ἰσραὴλ
2752 4574 2866 4641 φῶς
2888 4588 2904 4605 ο
2950 4572 3121 4635 οὕτως
3159 4571 3252 4624 κα)⁹
3285 4570 3380 4622 νῦν
3426 4572 3492 4639 τῇ
3552 4569 3649 4639 μὲν

2085 4666 2377 4737 Ἐκκλησία
2403 4666 2537 4735 φῶς,
2566 4668 2679 4728 τοῖς
2703 4666 2759 4718 δὲ
2798 4665 3068 4727 Ἰουδαίοις
3099 4664 3288 4726 σκότος
3314 4661 3481 4733 τριῶν
3511 4663 3649 4731 ἡμε-

2077 4756 2206 4825 ρῶν,
2229 4755 2405 4823 φωτὸς
2426 4753 2716 4825 πατρικοῦ,
2731 4754 3159 4824 ἀπαυγάσματος
3173 4751 3429 4823 Χριστοῦ,
3452 4750 3652 4819 ἐκλάμ-

2070 4845 2216 4914 ψεως
2252 4846 2407 4914 ἁγίου
2442 4846 2775 4916 Πνεύματος.
2814 4845 2923 4898 Καὶ
2957 4844 3079 4898 ἐπεὶ
3112 4846 3168 4895 ἐν
3187 4846 3254 4914 τῇ
3298 4843 3431 4914 ἕκτῃ
3468 4841 3650 4913 ἡμέρᾳ

2074 4937 2365 5008 γεγένηται
2388 4939 2417 4989 6
2445 4936 2540 4991 άνθ
2551 4953 2747 5007 ρωπος,
2781 4937 2925 4999 εἰκὸς
2948 4936 3003 4988 δὲ
3034 4934 3193 4987 αὐτὸν
3218 4936 3273 4985 ἐν
3293 4936 3358 5003 τῇ
3380 4934 3514 5004 ἕκτη
3530 4932 3651 5003 die;

2076 5027 2371 5096 ἐσφάλθαι·
2402 5027 2539 5097 τάχα
2580 5026 2669 5079 διὰ
2704 5026 2862 5079 τοῦτο
2885 5027 2913 5079 6
2950 5026 3087 5096 ὑπὲρ
3118 5024 3389 5094 σωτηρίας
3435 5023 3651 5094 ἀνθρώ-

2081 5136 2195 5171 πων
2230 5119 2450 5189 πάσχων
2493 5118 2610 5189 ὥρᾳ
2654 5118 2786 5189 ἕκτῃ
2824 5114 3156 5186 ἐκρεμάσθη.
3205 5114 3376 5167 Τοῦτό
3417 5115 3535 5165 ἐστι
3592 5114 3653 5165 τὸ

2082 5214 2324 5281 σημεῖον,
2350 5212 2487 5281 ὅπερ
2514 5209 2818 5281 ἔμπροσθεν
2860 5207 3097 5259 αἰτοῦσιν
3137 5206 3403 5275 ὑπέσχετο
3434 5204 3652 5267 δώσειν,

2078 5302 2277 5371 λέγων·
2314 5302 2501 5356 Γενεὰ
2547 5301 2777 5369 πονηρὰ
2817 5301 2912 5354 καὶ
2942 5299 3223 5368 μοιχαλὶς
3249 5299 3503 5369 σημεῖον
3535 5299 3659 5351 ἑπι-

2390 5438 2434 5467 ²¹
2463 5437 2653 5491 Mutth.
2690 5453 2788 5498 xu,
2812 5436 2898 5489 59.
2978 5433 3023 5464 ”
3052 5430 3208 5486 Joan.
3240 5447 3358 5497 vm,
3390 5430 3479 5485 28.

2154 5562 2264 5636 (ξέ)
2301 5561 2461 5636 Εοΐῑε
2482 5558 2663 5636 οίφνεί·
2975 5624 2987 5635 .
3035 5635 3041 5636 ,
3227 5632 3236 5636 _
3313 5624 3325 5636 .
3542 5624 3555 5636 .

2157 5632 2267 5702 (55)
2298 5632 2647 5702 Subjungjtm
2679 5642 2783 5683 non
2823 5632 3084 5694 asscriptc
3123 5632 3361 5681 auctoris
3408 5632 3658 5680 nomine.

2086 5698 2305 5757 Confer.
2337 5703 2481 5756 edita
2512 5698 2669 5770 Orig.
