3888 6214
259 314 373 368 309

1469 314 1758 372 SCHOLEA
1800 314 1865 368 IN
1904 314 2340 374 MATTHASUM.

3418 322 3521 377 3l0

261 437 446 507 ζητεῖ,
473 438 564 490 καὶ
607 437 736 506 ἑξῆς
755 412 910 504 (καὶ,
941 439 1126 492 Ὅταν
1152 439 1436 508 ὑψώσητε
1456 441 1564 494 τὸν
1583 441 1716 495 Υίὸν
1738 440 1832 495 τοί

1946 444 2118 506 acetis,
2150 443 2272 511 quia
2314 458 2407 512 ego
2441 459 2560 496 sum
2603 444 2668 492 “.
2708 442 2844 497 Erat
2882 440 3080 510 quippe
3106 441 3261 509 longe
3288 442 3521 495 admira-

261 527 582 598 ἀνθρώπου
616 530 752 582 τότε
780 531 1118 599 γνώσεσθε,
1151 531 1240 585 ὅτι
1267 531 1380 602 ἐγώ
1417 536 1556 602 ειμι.
1588 534 1697 585 Καὶ
1741 533 1850 605 γὰρ

264 621 449 692 πολλῷ
474 621 911 692 θαυμαστότερον
940 622 1031 674 ἐπὶ
1059 622 1152 676 τοῦ
1196 623 1429 695 σταυροῦ
1475 625 1849 696 προσηλουμέ-

263 733 359 769 νου
384 714 559 769 ταῦτα
590 714 843 784 γενέσθαι
870 715 903 786 ἢ
934 719 1025 771 ἐπὶ
1054 718 1156 787 γῆς
1201 717 1523 786 βαδίζοντος.
1570 719 1644 771 Οὐ
1679 719 1851 792 ταύτῃ

261 806 325 859 δὲ
363 806 522 877 μόνον
546 807 607 859 τὸ
632 806 929 878 παράδοξον
955 802 1044 880 ἦν,
1074 808 1186 861 ἀλλ’
1213 809 1294 861 ὅτι
1325 809 1419 863 καὶ
1468 812 1533 863 ἐκ
1560 810 1655 863 τοῦ
1683 811 1865 883 οὐρα-η

261 898 359 951 νοῦ
401 899 625 969 γέγονεν
665 901 804 972 ὅπερ
833 900 1058 973 ἐζήτουν
1078 943 1092 969 ,
1131 902 1231 956 καὶ
1260 900 1596 958 ἐπιστᾶσαν
1621 903 1736 973 τὴν
1762 907 1848 958 οὶ-

260 990 595 1059 κουμένην,
619 993 757 1064 ὅπερ
782 993 903 1045 οὐδὲ
934 993 1199 1066 πρότερον
1226 995 1447 1067 συνέϐη,
1471 995 1585 1049 ἀλλ’
1602 997 1659 1049 ἐν
1681 995 1847 1064 Αίγύ-
1904 1064 1929 1070 η

261 1097 386 1152 πτῳ
438 1083 597 1152 μόνον
620 1124 635 1148 ,
678 1085 766 1137 ὅτε
795 1084 890 1138 καὶ
944 1086 1004 1139 τὺ
1047 1085 1241 1156 Πάσχα
1292 1087 1551 1141 ἐτελεῖτο’
1607 1089 1702 1140 καὶ
1740 1088 1849 1159 γὰρ

261 1173 452 1226 ἐκεῖνα
483 1175 651 1239 τύπος
686 1171 755 1247 ἦν
775 1176 1000 1233 τούτων.
1028 1179 1143 1231 Ἵνα
1167 1179 1276 1251 γὰρ
1319 1179 1392 1250 μὴ
1424 1181 1650 1233 εἴπωσιν
1676 1180 1849 1234 ἐκλει-

259 1265 357 1333 ψιν
384 1262 609 1319 εἶναιτὸ
654 1268 1039 1338 γεγενημένον,
1071 1268 1158 1322 διὰ
1191 1268 1349 1323 τοῦτο
1393 1273 1459 1341 τῇ
1503 1271 1573 1324 ιδ(
1605 1271 1843 1340 γίνεται,

259 1358 355 1410 ὅτε
376 1356 615 1428 ἔκλειψιν
645 1359 916 1430 συμϐῆναι
941 1360 1240 1431 ἀμήχανον.
1281 1362 1369 1416 Ἐν
1398 1362 1535 1434 μέσῃ
1560 1363 1618 1415 δέ
1642 1362 1842 1435 ἡμέρᾳ,

261 1449 356 1502 ἵνα
383 1451 584 1514 πάντες
610 1453 659 1505 οἱ
684 1447 912 1525 τὴνιγῆν
946 1452 1219 1532 οἰκοῦντες
1247 1453 1508 1525 μάθωσιν,
1539 1455 1618 1507 ὃτι
1646 1460 1845 1509 παντα-

259 1542 363 1611 χοῦ
401 1544 500 1612 τῆς
532 1545 856 1615 οἰκουμένης
903 1530 1216 1617 ήμέρανγῆν.
1258 1547 1369 1599 Καὶ
1406 1545 1619 1614 Φλέγων
1660 1547 1717 1599 δέ
1759 1564 1843 1611 τις

260 1634 399 1703 παρ’
451 1634 673 1706 Ἕλλησι
713 1635 999 1708 φιλόσοφος
1035 1637 1303 1709 μέμνηται
1342 1636 1547 1690 τούτου
1576 1637 1670 1690 τοῦ
1712 1639 1836 1692 σκό-
1884 1672 1888 1677 -

255 1740 423 1787 τους,
464 1725 540 1789 ὡς
572 1726 888 1798 παραδόξως
926 1729 1292 1801 γεγενημένου
1320 1731 1378 1782 ἐν
1419 1731 1485 1800 τῇ
1523 1730 1583 1783 ιδ’
1609 1729 1707 1800 τῆς
1756 1748 1841 1783 σε-
1884 1792 1889 1795 δ
1926 1792 1929 1795 μ

257 1813 466 1887 λήνης·
506 1818 594 1871 ὅτε
631 1819 692 1871 ού
717 1820 961 1888 πέφυκεν
1004 1820 1244 1890 ἔκλειψις
1274 1820 1536 1889 γίνεσθαι,
1576 1822 1664 1874 ὅτε
1706 1822 1837 1875 πολὺ

1956 532 2115 587 bilius
2142 534 2184 587 si
2226 532 2340 586 haec
2376 532 2571 587 fierent
2592 547 2656 587 eo
2685 534 2833 587 cruci
2884 531 3099 597 sullixo,
3142 546 3302 600 quam
3356 545 3516 602 super

1954 636 2098 680 terra
2127 624 2434 679 incedente.
2462 622 2579 678 Non
2613 624 2716 679 bac
2748 632 2955 678 tantum
2994 624 3203 677 ratione
3243 637 3370 676 vero
3402 631 3517 675 stu-

1950 718 2182 787 pendum
2212 727 2349 778 erat,
2383 719 2477 771 sed
2501 717 2625 786 quia
2651 718 2814 770 etiam
2843 717 2909 771 de
2929 716 3070 772 coelo
3092 715 3347 786 fuitquod
3378 731 3516 785 qua:-

1952 810 2165 874 rebant,
2196 818 2243 863 ει
2273 824 2430 877 super
2452 810 2745 863 universam
2775 821 2995 874 terram,
3026 808 3171 878 quod
3238 821 3514 876 nunquam

1950 911 2109 954 antea
2145 900 2403 971 contigit;
2438 902 2532 955 sed
2580 900 2634 955 in
2668 899 2908 971 Egypto
2962 903 3248 965 duntaxat,
3298 900 3518 970 quando

1949 1002 2003 1047 et
2026 993 2227 1061 pascha
2256 993 2653 1048 celebrabatur.
2688 994 2777 1049 Illa
2823 994 2969 1048 enim
3022 1003 3176 1063 typus
3206 1001 3359 1047 erant
3418 995 3518 1047 lio-

1950 1066 2092 1159 rum.
2129 1081 2198 1137 Ut
2223 1099 2290 1137 ne
2312 1084 2454 1138 enim
2493 1086 2735 1139 dicerent
2782 1084 3005 1153 eclipsin
3048 1084 3213 1139 fuisse
3253 1084 3398 1153 quod
3423 1099 3516 1138 ac-

1947 1174 2173 1239 ciderat,
2202 1187 2491 1245 propterea
2531 1177 2743 1231 decima
2790 1187 2979 1245 quarta
3013 1176 3263 1245 contigit,
3294 1176 3514 1245 quando

1947 1265 2076 1320 solis
2116 1265 2407 1336 deliquium
2452 1268 2768 1337 contingere
2821 1267 3156 1337 impossibile
3209 1280 3310 1322 est.
3334 1267 3510 1322 Media

1947 1356 2072 1409 item
2112 1356 2236 1423 die,
2278 1368 2546 1414 utonmes
2587 1359 2773 1413 orbem
2808 1358 3172 1413 inhabitantes
3198 1358 3513 1425 discerent,

1902 1449 2147 1523 gubique
2175 1456 2444 1503 terrarum
2471 1449 2613 1504 diem
2649 1448 2839 1505 fuisse.
2874 1449 3104 1516 Quidam
3142 1449 3305 1502 etiam
3352 1445 3511 1502 Plilc-

1944 1555 2046 1607 gon
2075 1539 2290 1610 gentilis
2312 1538 2664 1611 philosophus
2690 1541 2885 1594 barum
2910 1540 3258 1595 tenebrarum
3284 1541 3513 1595 mentio-

1943 1648 2065 1689 nem
2099 1633 2547 1703 facit,qtanquam
2602 1650 2722 1703 quae
2784 1644 2978 1704 praeter
3008 1634 3167 1689 fidem
3214 1635 3514 1689 acciderint

1943 1722 2066 1777 luna
2091 1724 2299 1778 decima
2318 1731 2532 1793 quarta.
2560 1725 2784 1795 quando
2813 1735 3011 1779 natura
3041 1740 3148 1779 non
3180 1723 3283 1778 fert
3308 1736 3365 1778 ut
3388 1740 3512 1779 con-

1945 1815 2113 1884 tingat
2131 1815 2261 1870 solis
2278 1814 2576 1886 deliquium
2603 1833 2619 1882 ;
2654 1818 2872 1885 quando
2901 1817 3057 1885 longe
3091 1817 3243 1871 abest
3272 1816 3401 1871 solis
3428 1817 3510 1870 di-

257 1907 459 1977 ἁπέχει
497 1909 556 1961 τό
587 1910 681 1963 τοῦ
726 1910 880 1981 ἡλίου
923 1912 1197 1985 διάστημα
1217 1951 1230 1977 ,
1263 1913 1385 1967 ὅσον
1417 1914 1512 1967 ἀπ’
1549 1914 1723 1985 ἀρχῆς
1745 1915 1832 1967 τοῦ

1943 1907 2163 1972 stantia,
2195 1917 2455 1977 quantum
2484 1908 2553 1962 ab
2573 1908 2728 1964 initio
2759 1909 2827 1963 ad
2857 1910 3148 1964 terminum
3183 1908 3330 1963 caeli.
3354 1906 3506 1962 Tunc

255 2002 496 2073 οὐρανοῦ
529 2004 633 2069 ἕως
671 2006 877 2070 τέλους.
922 2007 1055 2060 Τότε
1098 2008 1207 2079 γὰρ
1254 2007 1491 2076 γίνονται
1535 2007 1836 2077 ἐκλείψεις,

255 2093 392 2148 ὅταν
434 2084 805 2168 πλησιάσωσιν
844 2099 1091 2170 ἀλλήλοις
1136 2100 1185 2152 οἱ
1212 2099 1307 2152 δύο
1344 2093 1488 2152 οὗτοι
1534 2100 1835 2170 φωστῆρες.

256 2185 478 2240 Γίνεται
499 2188 607 2261 γὰρ
628 2189 868 2261 ἔκλειψις
896 2192 1046 2263 ἡλίου
1090 2192 1383 2256 συνοδικῶς
1424 2192 1839 2265 ὑποδραμούσης

252 2280 427 2333 αὐτὸν
455 2282 710 2353 σελήνης,
745 2284 806 2337 οὑ
839 2285 1177 2356 πανσελήνῳ,
1202 2286 1291 2339 ὅτε
1315 2285 1603 2357 διάμετρός
1626 2289 1738 2338 ἐστι
1768 2288 1834 2357 τῇ

256 2370 484 2441 σελήνῃ.
513 2372 683 2426 Τοῦτο
708 2374 765 2427 δὲ
783 2375 1031 2443 γέγονεν,
1054 2376 1130 2439 ὡς
1156 2376 1455 2441 πενθούσης
1479 2376 1579 2447 τῆς
1608 2378 1835 2442 κτίσεως

252 2462 353 2514 ἐπὶ
384 2462 462 2531 τῷ
491 2466 772 2532 γεγονότι,
813 2467 909 2521 καὶ
939 2467 1027 2521 διὰ
1066 2467 1228 2521 τοῦτο
1265 2468 1558 2539 δηλούσης,
1588 2468 1668 2522 ὅτι
1688 2510 1702 2532 ,
1738 2469 1845 2541 τῆς

252 2553 544 2624 παροινίας
575 2557 779 2627 ταύτης
819 2559 1153 2631 πραχθείσης
1189 2558 1249 2625 ἐξ
1291 2559 1589 2624 Ἰουδαίων,
1624 2561 1835 2613 ἐσκοτί·

252 2645 359 2714 σθη
404 2645 582 2700 αὐτῶν
621 2650 649 2702 6
693 2649 848 2713 νοῦς,
878 2651 970 2704 καὶ
1014 2650 1222 2722 ἀπέστη
1256 2652 1349 2704 ἀπ’
1375 2650 1552 2705 αὐτῶν
1586 2653 1614 2704 ὀ
1647 2652 1835 2722 νοητὸς

246 2735 427 2806 ἥλιος.
475 2738 601 2792 Είτε
639 2739 751 2812 γὰρ
794 2742 957 2795 αὑτὸν
997 2742 1243 2812 ἐνόμιζον
1274 2740 1430 2795 τοῦτο
1458 2738 1841 2813 πεποιηκέναι,

246 2828 364 2881 ἔδει
398 2829 686 2884 πιστεῦσαι
709 2832 803 2885 καὶ
827 2834 1156 2905 φοϐηθῆναι·
1192 2832 1301 2886 εἴτε
1339 2833 1437 2886 οὐκ
1471 2833 1663 2898 αὑτὸν,
1699 2818 1841 2887 ἀλλὰ

244 2923 344 2975 τὸν
373 2923 617 2995 Πατέρα,
653 2926 748 2979 καὶ
779 2927 843 2979 ἐκ
866 2926 1055 2980 τούτου
1088 2927 1197 2980 ἔδει
1224 2929 1613 3000 κατανυγῆναι.
1657 2928 1835 2999 Ὀργι-

245 3014 485 3084 ξομένου
506 3015 615 3087 γὰρ
634 3011 703 3087 ἦν
729 3019 790 3071 τὸ
814 3019 1001 3083 σκότος
1028 3020 1224 3082 ἐκεῖνο,
1249 3019 1344 3071 καὶ
1370 3019 1566 3090 δεῖγμα
1584 3017 1678 3071 τοῦ
1702 3002 1835 3088 μέλ-γ

245 3104 439 3171 λοντος
466 3106 648 3161 λαϐεῖν
671 3111 798 3173 τοὺς
825 3110 1126 3181 θεομάχους
1147 3128 1206 3163 τε
1232 3112 1325 3164 καὶ
1362 3111 1697 3181 μιαιφόνους.
1735 3110 1831 3164 Διὰ

242 3198 411 3251 τοῦτο
437 3199 544 3272 γὰρ
569 3201 705 3270 μετὰ
732 3196 947 3255 πάντων
967 3203 1065 3273 τῆς
1096 3202 1204 3273 (56)
1230 3204 1516 3274 παροινίας
1554 3203 1711 3256 τοῦτο
1742 3203 1829 3271 γί-
1857 3240 1898 3296 C

243 3306 431 3352 νεται,
463 3291 551 3343 ὅτε
576 3292 734 3362 κόρος
756 3293 912 3346 ἔλαϐε
931 3293 1037 3347 τῶν
1076 3297 1439 3366 σκωμμάτων,
1480 3295 1573 3348 καὶ
1614 3295 1829 3349 πάντων

242 3381 583 3451 ἐφθέγξαντο
610 3384 709 3437 ὅσα
742 3385 909 3457 ήθέλη
919 3403 1037 3443 σαν.

873 3478 1030 3530 ΚΕΦ.
1070 3479 1201 3532 κη’.

242 3560 401 3634 Στίχ.
458 3572 546 3636 ιη’.
600 3565 809 3634 Ἐδόθη
838 3587 939 3691 £2;
969 3567 1452 3710 ἐξῑιῖσγαῦςέξουο-ία
1486 3574 1555 3627 ἐν
1594 3574 1828 3642 οὐρανῷ

1156 3677 1167 3708 ί
1214 3680 1228 3694 .

1156 3677 1228 3708 μα’

325 3726 415 3790 Τδ,
462 3728 663 3796 Ἐδόθη
684 3748 785 3798 μοι
812 3728 979 3785 πᾶσα
1021 3731 1293 3798 ἐξουσία,
1318 3735 1411 3789 καὶ
1439 3734 1586 3805 ἑξῆς,
1620 3736 1700 3800 είς
1728 3737 1826 3808 τὴν

243 3820 663 3891 ἐνανθρώπησιν
706 3822 838 3877 νόει.
878 3824 940 3876 El
984 3824 1039 3876 δέ
1075 3826 1169 3879 καὶ
1209 3827 1289 3889 είς
1327 3826 1425 3897 τὴν
1457 3826 1821 3898 θεότητα......

243 3912 477 3982 θεωρεῖν
495 3912 632 3983 (57),
664 3915 757 3968 καὶ
788 3914 929 3968 οὕτω
958 3916 1102 3989 λήψῃ
1124 3917 1185 3970 τὸ
1200 3916 1407 3986 Ἐδόθη
1426 3936 1527 3986 μοι
1551 3919 1821 3982 ἐξουσία,

242 4005 370 4056 ἀντὶ
423 4003 518 4056 τοῦ
561 4006 615 4055 Ἐ
620 4005 876 4073 χωρήθη.
916 4006 1124 4075 Ἐδόθη
1145 4048 1159 4072 ,
1194 4008 1394 4080 ἠνέχθη
1429 4027 1539 4080 μοι,
1570 4010 1698 4079 περὶ
1728 4008 1823 4061 τοῦ

239 4097 595 4162 αὐτεξουσίου
631 4098 976 4168 ἐπιστεύθην.
1016 4096 1214 4171 Χώραν
1258 4101 1415 4169 ἔσχεν
1458 4099 1632 4171 ὴζωή
1675 4098 1824 4171 πρῶ-

237 4204 337 4239 τον
368 4188 465 4257 μὲν
499 4190 556 4240 ἐν
581 4190 693 4251 τοῖς
724 4188 858 4251 ἄνω,
882 4183 1002 4240 εἷτα
1030 4187 1123 4241 νῦν
1155 4189 1249 4242 καὶ
1272 4192 1329 4242 ἐν
1382 4192 1495 4253 τοῖς
1538 4190 1707 4243 κάτωο
1731 4189 1824 4253 οὓς

238 4279 576 4350 θαρροῦντες
608 4280 905 4350 βαπτίσατε
941 4282 1020 4345 είς
1050 4279 1112 4334 τὸ
1139 4281 1309 4352 ὄνομα
1337 4281 1430 4334 τοῦ
1460 4281 1700 4352 Πατρὸς,
1729 4282 1824 4335 καὶ

236 4371 339 4424 τοῦ
376 4371 506 4424 Υίοῦ
527 4412 542 4435 ,
579 4372 674 4426 καὶ
707 4372 801 4425 τοῦ
852 4372 1009 4442 ἁγίου
1042 4372 1380 4443 Πνεύματος,
1416 4366 1513 4436 Εἷς
1551 4374 1580 4425 6
1613 4372 1819 4437 σώζων,

240 4463 344 4535 μία
386 4464 421 4534 ή
464 4464 725 4535 σωτηρία.
766 4460 861 4527 Εἷς
905 4466 933 4517 6
974 4463 1082 4528 ζῶν
1114 4464 1336 4535 Πατὴρ,
1372 4466 1399 4516 ὁ
1444 4464 1602 4528 Υἱὸς,
1638 4463 1822 4517 καὶτὸ

236 4553 397 4619 ἅγιον
428 4552 670 4622 Πνεῦμα.
715 4549 811 4617 Εἷς
856 4556 1002 4607 ἐστιν
1046 4553 1107 4606 οὐ
1149 4555 1439 4625 συναλοιφῇ
1480 4553 1587 4606 τῶν
1615 4554 1816 4625 τριῶν,
1850 4573 1893 4628 ι)

231 4642 357 4696 ἀλλ’
389 4644 546 4715 οὐσίᾳ
572 4646 704 4715 μιᾷο
736 4648 883 4716 τρεῖς
907 4645 965 4699 δὲ
993 4646 1317 4709 ὑποστάσεις
1338 4646 1541 4698 τέλειαι
1574 4647 1631 4698 ἐν
1657 4648 1811 4713 πᾶσι,

232 4738 335 4792 καί
369 4737 717 4809 κατάλληλοι.
753 4737 912 4791 Κατὰ
962 4737 1123 4807 φύσιν
1173 4737 1461 4807 ἐγέννησεν
1504 4739 1533 4790 6
1584 4737 1825 4809 [let-trim-~

229 4829 428 4901 διόπερ
471 4830 754 4901 ὁμοούσιος
802 4829 1084 4900 ἐγεννήθη.
1142 4830 1216 4883 Οὐ
1270 4828 1429 4899 σῶμα
1481 4830 1509 4881 6
1554 4828 1705 4892 Θεός⁶
1724 4829 1812 4883 διὰ

227 4921 393 4975 τοῦτο
424 4922 522 4975 οὐκ
536 4921 863 4991 ἀσταρεῦσιν
891 4921 1001 4993 (58)
1029 4920 1062 4993 ἢ
1095 4921 1326 4991 κίνησιν,
1356 4921 1388 4991 ἡ
1416 4936 1469 4973 τι
1501 4919 1609 4972 τῶν
1633 4919 1810 4972 τοιού-

226 5028 362 5075 των,
387 5011 424 5065 ﬁ.
450 5012 515 5064 ἐν
542 5013 656 5075 τοῖς
690 5009 903 5081 σώμασι
942 5009 1244 5078 θεωρεῖται,
1292 5010 1318 5061 ό
1361 5007 1492 5070 Θεὸς
1524 5008 1553 5058 6
1584 5005 1809 5076 ἀσώμα-

224 5119 320 5165 τος
358 5102 669 5172 ὲγέννησεν.
719 5101 1109 5163 Ἐνυπόστατος
1150 5102 1183 5170 ἡ
1221 5100 1503 5170 γέννησιςο
1533 5096 1805 5171 ἀπετέχθη

225 5195 295 5248 ἐκ
327 5193 425 5263 τῆς
458 5192 649 5256 οὐσίας
676 5193 767 5247 τοῦ
800 5193 1012 5265 Πατρὸς
1038 5194 1066 5245 6
1095 5192 1241 5255 Υἱός.

290 5421 401 5489 (36)
438 5422 604 5478 Forte
628 5423 746 5485 τάς.

290 5493 401 5565 (57)
440 5495 541 5549 Ms.
577 5493 783 5565 χώρης.

1940 2000 2083 2055 enim
2118 1999 2539 2069 ﬁunteclipses,
2567 2000 2787 2070 quando
2822 2002 2890 2055 ad
2923 2016 2981 2055 se
3010 2014 3198 2056 mutuo
3245 2001 3510 2056 accedant

1940 2092 2053 2146 haec
2079 2091 2184 2146 duo
2215 2091 2524 2146 luminaria.
2551 2091 2637 2146 Fit
2662 2094 2805 2146 enim
2841 2092 2971 2148 solis
2994 2093 3214 2161 eclipsis
3265 2092 3388 2146 luna
3432 2092 3507 2146 il-

1939 2182 2046 2236 lum
2077 2182 2335 2253 synodice
2365 2183 2653 2247 subeunte,
2689 2200 2794 2237 non
2828 2184 2883 2237 in
2925 2184 3243 2253 plenilunio,
3288 2184 3507 2254 quando

1938 2274 2014 2329 sol
2050 2290 2079 2329 e
2118 2276 2383 2330 diametro
2442 2276 2661 2346 respicit
2700 2277 2906 2331 lunam.
2942 2277 3054 2331 Hoc
3094 2291 3258 2346 porro
3292 2276 3502 2332 factum

1938 2354 2041 2431 est,
2069 2384 2165 2423 ceu
2199 2368 2583 2437 ingemiscente
2609 2379 2857 2424 creatura
2886 2370 2954 2424 ob
2980 2370 3031 2423 id
3054 2370 3199 2439 quod
3226 2381 3505 2439 evenerat,

1936 2452 2001 2513 ac
2036 2470 2320 2530 propterea
2353 2461 2694 2525 ostendente,
2732 2461 2873 2530 quod
2897 2469 3206 2529 perpetrato
3234 2460 3337 2516 hoc
3375 2477 3506 2517 con-

1940 2551 2227 2607 tumelioso
2248 2552 2493 2607 facinore
2529 2555 2596 2607 ab
2626 2551 2846 2619 Iudaeis,
2867 2552 3222 2608 obtenebrata
3241 2563 3324 2609 est
3352 2571 3513 2610 mens

1937 2643 2177 2709 illorum,
2210 2652 2265 2698 et
2293 2645 2516 2699 recessit
2540 2647 2607 2699 ab
2642 2646 2720 2701 eis
2753 2645 2831 2699 sol
2850 2646 3166 2715 spiritualis.
3202 2646 3328 2701 Sive
3356 2650 3500 2701 enim

1936 2737 2086 2791 illum
2134 2747 2474 2808 reputassent
2524 2739 2628 2793 hoc
2664 2738 2878 2799 fecisse.
2907 2748 2961 2792 et
3018 2738 3347 2793 credendum
3381 2749 3509 2794 erat

1936 2831 2040 2886 illis
2062 2840 2222 2900 atque
2236 2831 2580 2885 metuendum
2613 2849 2626 2885 :
2660 2831 2773 2885 sive
2798 2844 2902 2884 non
2932 2830 3217 2895 illum,scd
3245 2830 3499 2896 Patrem;

1934 2932 1987 2974 et
2011 2922 2095 2977 vel
2120 2938 2187 2977 ex
2227 2922 2329 2976 hoc
2362 2920 2650 2990 compungi
2686 2921 2971 2977 debebant.
3017 2922 3309 2978 Irascentis
3339 2932 3516 2980 erant‘

1936 3015 2170 3079 tenebrae
2204 3013 2329 3080 illae,
2357 3021 2409 3067 et
2436 3013 2712 3080 Specimen
2743 3017 2860 3083 cjus
2877 3014 3018 3082 quod
3044 3008 3501 3083 superventurum

1932 3114 2051 3159 erat
2081 3105 2235 3159 hisce
2265 3105 2356 3159 Dei
2373 3105 2618 3159 hostibus
2634 3114 2686 3159 et
2706 3105 3011 3161 ltomicidis.
3032 3105 3327 3176 Propterea
3352 3108 3499 3164 enim

1934 3207 2052 3267 post
2079 3199 2320 3252 omnium
2348 3197 2576 3253 insultus
2605 3199 2744 3252 istud
2771 3199 3017 3268 contigit,
3036 3202 3329 3270 postquam
3354 3213 3503 3256 satu~

1933 3290 2035 3343 rati
2070 3300 2195 3343 sunt
2224 3290 2547 3359 opprobriis,
2583 3298 2638 3345 et
2679 3291 2936 3346 universa
2979 3290 3294 3348 effutierunt
3343 3309 3500 3362 qua:-

1930 3397 2141 3453 cunque
2164 3382 2436 3438 volebant.

1946 3474 1949 3477 “
2500 3477 2649 3531 CAP.
2694 3476 2930 3534 XXVIII.

1933 3566 1991 3621 ν.
2029 3567 2117 3621 l8.
2171 3566 2314 3621 Data
2361 3577 2437 3621 est
2486 3570 2614 3622 mihi
2669 3570 2837 3622 omnis
2881 3578 3112 3637 potestas
3169 3571 3223 3623 in
3270 3566 3499 3637 caelo,“

2534 3655 2692 3709 super
2725 3649 2885 3694 terra.

1998 3727 2112 3783 Hoc
2153 3731 2278 3783 data
2330 3740 2402 3783 est
2444 3732 2573 3783 mihi
2617 3734 2783 3785 omnis
2828 3740 3078 3799 potestas.
3109 3742 3239 3796 etc.,
3286 3734 3350 3787 de
3399 3733 3499 3786 ltu-

1927 3818 2189 3873 manitate
2216 3818 2473 3889 intellige.
2500 3820 2652 3886 Quod
2686 3823 2729 3875 si
2764 3823 2927 3876 etiam
2958 3823 3023 3877 de
3050 3823 3333 3877 divinitate
3361 3825 3495 3879 velis

1925 3909 2299 3975 considerare,
2355 3912 2438 3963 vel
2492 3913 2572 3967 sic
2620 3914 2854 3982 accipies
2887 3914 3220 3969 illud:Data
3257 3926 3330 3969 est
3366 3918 3496 3971 mihi

1923 4010 2175 4067 potestas,
2211 4015 2308 4069 pro
2326 4018 2570 4058 concessa
2596 4014 2692 4060 est.
2718 4005 2857 4060 Data
2880 4017 2955 4060 est
2980 4024 3000 4064 :
3030 4007 3204 4062 delata
3232 4020 3315 4064 est
3339 4009 3497 4072 mihi,

1925 4109 1989 4146 ex
2030 4094 2205 4150 libero
2237 4095 2465 4150 arbitrio
2493 4099 2700 4152 credita
2749 4112 2834 4154 εει
2865 4099 3018 4154 mihi.
3051 4100 3255 4155 Locum
3303 4101 3503 4155 habuit

1926 4185 2056 4248 vita,
2088 4176 2321 4254 primum
2364 4190 2583 4258 quidem
2629 4189 2681 4242 in
2721 4191 2991 4259 supernis,
3023 4192 3215 4246 deinde
3248 4208 3391 4246 nunc
3440 4202 3500 4246 et

1926 4276 1978 4329 in
2017 4276 2400 4334 inferioribus:
2429 4296 2566 4349 quos
2591 4281 2924 4337 conlidentes
2950 4283 3233 4351 baptizare
3286 4284 3339 4337 in
3400 4299 3494 4338 no-

1925 4364 2069 4418 mine
2099 4365 2300 4433 Patris,
2324 4377 2380 4422 et
2403 4368 2525 4424 Filii
2548 4379 2601 4424 et
2628 4369 2866 4440 Spiritus
2901 4373 3097 4426 sancti.
3125 4370 3271 4428 Unus
3290 4385 3373 4428 est
3396 4375 3492 4443 qui

1923 4457 2116 4519 salvat,
2154 4473 2260 4511 una
2290 4469 2376 4514 est
2405 4460 2572 4515 salus.
2608 4459 2755 4516 Unus
2790 4462 2979 4516 vivens
3021 4461 3205 4526 Pater,
3239 4464 3410 4519 Filius
3436 4475 3493 4519 et

1924 4545 2160 4613 Spiritus
2186 4558 2425 4604 sanctus.
2456 4549 2605 4605 Unus
2634 4562 2717 4605 est
2749 4568 2853 4605 non
2904 4552 3140 4607 coiti0ne
3171 4554 3353 4617 trium,
3394 4557 3491 4609 sed

1925 4640 2085 4693 unica
2130 4643 2414 4699 essentia:
2447 4653 2558 4700 tres
2600 4660 2730 4700 vero
2772 4646 3094 4716 bypostases
3143 4649 3393 4717 perfectae
3433 4652 3487 4703 in

1921 4732 2173 4787 omnibus
2202 4743 2259 4788 et
2288 4736 2353 4789 ad
2383 4750 2442 4790 se
2472 4737 2701 4792 invicem
2736 4741 2939 4793 relatae.
2972 4739 3277 4794 Secundum
3332 4752 3491 4794 natu-

1920 4841 2036 4879 ratn
2101 4827 2287 4895 genuit
2333 4827 2513 4894 Pater,
2562 4841 2955 4899 proptereaque
3009 4831 3488 4887 consubstantialis

1920 4914 2140 4982 genitus
2169 4924 2272 4968 est.
2301 4915 2417 4970 Non
2466 4926 2550 4973 est
2583 4932 2782 4987 corpus
2815 4920 2994 4975 Deus:
3026 4933 3316 4990 propterea
3357 4938 3493 4993 ergo
3544 4948 3551 4957 ο

1920 5021 2023 5060 non
2056 5006 2444 5072 deﬂuxionem,
2478 5026 2583 5063 non
2620 5021 2822 5065 motum
2859 5012 2943 5067 vel
2988 5013 3263 5084 quidpiam
3296 5015 3487 5085 hujus-

1918 5096 2081 5163 modi,
2115 5112 2234 5165 qua:
2265 5098 2317 5151 in
2350 5102 2673 5169 corporibus
2701 5116 3018 5170 cernuntur,
3054 5105 3195 5161 Deus
3231 5108 3485 5179 incorpo-

1918 5204 2040 5242 reus
2069 5190 2273 5257 genuit.
2306 5189 2616 5249 Personalis
2669 5205 2754 5254 est
2805 5198 3085 5256 uativitas.
3121 5199 3197 5254 De
3224 5202 3484 5271 essentia

1914 5279 2092 5337 Patris
2124 5291 2284 5339 natus
2309 5293 2395 5340 est
2424 5285 2613 5343 Filius.

1979 5418 2090 5493 (53)
2125 5421 2286 5481 Forte
2313 5423 2420 5496 ἄρα
2444 5425 2647 5496 ῥεῦσιν.
