3888 6214
360 306 463 365 311

1222 313 1797 371 SUPPLEMENTUM
1832 314 1927 370 AD
1961 315 2289 403 ORIGENIS
2329 315 2748 374 EXEGETICA.
3522 318 3629 372 312

403 438 3626 477 W

1524 632 2466 767 ΩΡΙΓΕΝΟΥΣ

852 874 1025 960 ΕΙΣ
1099 877 1247 961 ΤΟ
1323 871 1620 961 ΚΑΤΑ
1694 874 2156 963 ΛΟΥΚΑΝ
2230 876 2931 963 ΕΥΑΓΓΕΛΙΟΝ
2968 894 3111 967 (39).

1542 1213 1743 1337 EX
1816 1214 2443 1330 ORIGENE

888 1459 1017 1547 IN
1092 1456 1884 1551 EVANGELIUM
1959 1454 2607 1547 SECUNDUM
2684 1457 3119 1550 LUCAM.

1281 1647 1637 1722 (Bibliotheca
1668 1646 2044 1715 Gallandiana,
2081 1664 2147 1705 ex
2182 1651 2305 1706 cod.
2343 1651 2535 1708 Venet.
2565 1650 2683 1724 28.)

1024 1918 1175 1975 CAP.
1222 1921 1264 1973 l.

368 2011 409 2067 ν
470 2011 523 2067 1.
559 2011 826 2079 Quoniam
856 2010 1010 2067 multi
1044 2028 1076 2065 a
1115 2012 1281 2081 gressi
1310 2020 1433 2066 sunt
1466 2011 1775 2065 reordiuare
1814 2027 1942 2064 nar-

401 2086 663 2137 rationem
686 2086 753 2137 de
776 2084 950 2137 rebus.
983 2029 1175 2137 quibus
1212 2092 1355 2136 certa
1383 2092 1457 2137 est
1489 2083 1637 2136 nobis
1660 2082 1901 2136 scientia.

401 2086 663 2139 rationem
686 2086 753 2139 de
776 2084 950 2148 rebus,
983 2082 1175 2154 quibus
1212 2092 1355 2136 certa
1383 2092 1457 2137 est
1489 2083 1637 2136 nobis
1660 2082 1901 2136 scientia.

437 2238 711 2307 Quoniam
768 2240 959 2311 ingens
1005 2245 1126 2295 erat
1185 2246 1482 2302 tentamen,
1519 2248 1578 2292 ut
1625 2238 1718 2308 qui
1776 2238 1943 2293 homo

363 2341 509 2385 esset
540 2329 637 2385 Dei
688 2330 993 2386 doctrinam
1047 2344 1109 2384 ac
1159 2329 1325 2383 verba
1379 2328 1771 2393 conscriberet,
1819 2328 1943 2399 jure

363 2435 591 2481 excusat
619 2426 671 2480 in
720 2426 1006 2494 procnmio.
1038 2424 1510 2492 Quemadmodum
1545 2434 1724 2478 autem
1759 2423 1811 2477 in
1846 2439 1942 2479 ve-

368 2518 472 2572 teri
508 2518 706 2587 populo
739 2517 891 2570 multi
940 2518 1281 2586 prophetiam
1330 2516 1758 2586 proﬁtebantur,
1789 2526 1845 2571 at
1874 2532 1943 2573 ex

368 2609 457 2664 his
500 2611 722 2678 quidam
762 2619 919 2663 erant
964 2606 1087 2662 falsi
1145 2609 1448 2678 prophetas,
1479 2608 1700 2678 quidam
1752 2623 1941 2663 revera

367 2703 681 2771 prophetae;
712 2713 767 2757 et
804 2712 924 2757 erat
955 2702 1157 2756 donum
1207 2702 1473 2757 discretio
1527 2702 1843 2771 spirituum,
1871 2716 1941 2775 es

363 2810 472 2864 quo
504 2794 647 2851 dono
674 2795 1086 2850 discernebatur
1130 2809 1290 2850 verus
1335 2795 1601 2864 propheta
1650 2804 1701 2849 et
1738 2795 1939 2862 falsus;

367 2887 508 2941 haud
533 2902 694 2942 secus
716 2896 768 2942 el
797 2902 943 2942 nunc
974 2887 1028 2942 in
1059 2901 1199 2942 novo
1228 2886 1457 2953 foedere,
1480 2888 1761 2956 evangelia
1787 2889 1941 2943 multi

366 2980 609 3037 scribere
660 2984 968 3035 voluerunt.
1027 2982 1097 3036 At
1148 2982 1359 3051 probati
1427 2984 1774 3037 nummularii
1838 2999 1943 3038 non

367 3071 550 3124 omnia
572 3069 963 3141 approbarunt,
995 3071 1090 3127 sed
1120 3074 1365 3140 qumdam
1391 3088 1456 3128 ex
1484 3074 1614 3144 ipsis
1641 3073 1942 3145 elegerunt.

366 3161 532 3217 Forte
578 3164 743 3217 etiam
803 3163 930 3229 hoc,
985 3166 1218 3234 aggressi
1268 3175 1413 3231 sunt,
1464 3165 1721 3220 latentem
1780 3167 1946 3221 habet

1966 1923 2014 1981 Δ

2705 1918 2865 1972 ΚΕΦ.
2906 1915 2982 1970 A'.

2043 2012 2195 2083 Στίχ.
2232 2010 2301 2065 α’.
2321 2080 2335 2083 _
2356 2010 2591 2083 Ἐπειδὴ
2639 2008 3291 2083 πολλοὶ-ἐπεχείρησαν
3324 2008 3626 2083 ανατᾴξα-

2114 2077 2255 2137 (ibat
2308 2077 2590 2150 διήγησιν
2648 2081 2779 2149 περὶ
2828 2077 2947 2132 τῶν
3000 2080 3629 2150 πεπληροφορημένων

2116 2152 2259 2222 ἡμῖν
2296 2149 2676 2223 πραγμάτων.

2128 2244 2344 2316 Ἐπειδὴ
2384 2243 2687 2314 ὑπέρογκον
2718 2236 2785 2313 ἦν
2818 2240 2881 2293 τὸ
2921 2240 3292 2312 ἐπιχείρημα,
3338 2239 3625 2312 ἄνθρωπον

2044 2337 2207 2403 ὄντα,
2262 2334 2399 2390 Θεοῦ
2444 2333 2796 2388 διδασκαλίαν
2841 2333 2935 2386 καὶ
2985 2334 3207 2405 ῥήματα
3263 2334 3624 2406 συγγράφειν,

2044 2432 2268 2494 είκότως
2318 2429 2662 2498 ἀπολογεῖται
2710 2431 2768 2482 ἐν
2796 2427 2873 2499 τῷ
2915 2428 3203 2504 προοιμίῳ.
3241 2429 3447 2499 Ὠσπερ
3475 2430 3537 2482 δὲ
3567 2431 3627 2481 ἐν

2044 2521 2121 2592 τῷ
2166 2521 2333 2575 πάλαι
2388 2520 2501 2591 λαῷ
2563 2518 2746 2574 πολλοὶ
2800 2518 3139 2591 προφητείαν
3192 2519 3623 2591 ἐπηγγέλλοντο,

2045 2614 2180 2668 ἀλλὰ
2218 2612 2423 2666 τούτων
2466 2613 2611 2676 τινὲς
2659 2613 2757 2682 μὲν
2789 2607 2931 2684 ἦσαν
2974 2610 3447 2683 ψευδοπροφῆται,
3484 2612 3627 2674 τινές

2044 2706 2102 2760 δὲ
2150 2706 2365 2778 ἀληθῶς
2412 2705 2716 2778 προφῆται·
2774 2706 2867 2758 καὶ
2916 2700 2984 2776 ἦν
3045 2705 3291 2777 χάρισμα
3354 2705 3628 2776 διάκρισις

2045 2800 2372 2869 πνευμάτων
2396 2838 2410 2861 ,
2436 2795 2545 2875 ,ἀφ’
2582 2791 2643 2850 οὗ
2684 2796 3017 2867 χαρίσματος
3058 2797 3302 2867 ἐκρίνετο
3344 2796 3373 2847 ὁ
3421 2794 3629 2865 ἀληθὴς

2046 2890 2331 2962 προφήτης
2363 2889 2456 2942 καὶ
2488 2890 2515 2941 ὀ
2543 2886 2989 2960 ψευδοπροφήτης
3010 2904 3023 2917 ο
3057 2886 3198 2940 οὕτω
3225 2886 3319 2941 καὶ
3353 2886 3446 2939 νῦν
3474 2888 3532 2939 ἐν
3559 2889 3627 2957 τῇ

2047 2986 2206 3055 καινῇ
2256 2983 2506 3053 διαθήκῃ,
2538 2983 2606 3037 τὰ
2641 2982 2951 3051 Εὑαγγέλια
2978 2981 3162 3035 πολλοὶ
3193 2982 3462 3051 ἠθέλησαν
3492 2983 3629 3053 γρά-

2046 3076 2164 3147 ψαι.
2221 3075 2359 3129 Ἀλλ’
2386 3076 2434 3129 οί
2468 3074 2679 3145 δόκιμοι
2719 3071 3041 3145 τραπεζῖται
3074 3074 3135 3127 οὐ
3171 3075 3350 3127 πάντα
3383 3072 3626 3145 ἔκριναν,

2048 3167 2184 3221 ἀλλά
2207 3185 2324 3220 τινα
2367 3164 2427 3231 ἐξ
2474 3166 2653 3219 αὐτῶν
2704 3164 3032 3230 ἐξελέξαντο.
3091 3163 3245 3236 Τάχα
3290 3164 3345 3218 δὲ
3401 3163 3494 3218 καὶ
3542 3164 3626 3228 τὸ,

366 3254 771 3309 accusationem
803 3270 1016 3321 eorum,
1049 3258 1139 3326 qui
1166 3268 1370 3314 temere
1391 3269 1447 3315 et
1473 3261 1593 3315 sine
1617 3262 1941 3316 charismate

2049 3259 2469 3329 ἐπεχείρησαν,
2504 3256 2787 3329 λεληθυῖαν
2828 3256 2939 3328 ἔχει
2969 3257 3307 3328 κατηγορίαν
3350 3257 3457 3310 τῶν
3490 3274 3628 3327 προ-

367 3354 720 3402 accesserunt
746 3348 813 3401 ad
841 3349 1124 3405 scribenda
1151 3350 1464 3423 Evangelia.
1488 3353 1774 3409 Mattheus
1798 3355 1943 3409 enim

370 3448 479 3487 non
510 3443 593 3489 est
614 3439 1028 3506 aggressus.sed
1057 3442 1276 3511 scripsit
1304 3452 1481 3497 motus
1514 3458 1542 3496 a
1577 3442 1782 3509 Spiritu
1815 3460 1945 3500 san—

367 3531 479 3576 tato.
515 3523 781 3580 Similiter
806 3536 863 3581 et
893 3527 1126 3590 Marcus.
1156 3540 1211 3586 et
1235 3530 1476 3589 Joannes
1506 3534 1650 3589 haud
1680 3535 1861 3600 aliter,
1890 3545 1949 3591 et

366 3610 563 3669 Lucas.
597 3616 670 3671 At
707 3617 848 3687 quod
892 3620 1211 3676 inscribitur
1251 3622 1605 3697 Evangelium
1643 3630 1944 3683 secundum

367 3703 670 3775 :Egyptios,
707 3717 763 3764 et
812 3712 956 3779 quod
1013 3713 1142 3767 item
1218 3714 1535 3772 inscribitur
1592 3717 1945 3788 Evangelium

370 3798 780 3866 duodenarum,
833 3803 867 3857 ii
906 3805 998 3874 qui
1054 3818 1423 3863 exaraverunt
1470 3808 1658 3878 utique
1700 3810 1943 3879 aggressi

366 3898 513 3944 sunt.
546 3891 941 3951 Circumfertur
971 3912 1191 3968 quoque
1234 3897 1587 3969 Evangelium
1645 3901 1944 3955 secundum

370 3980 657 4037 Thomam.
685 3983 803 4040 Jam
838 4003 999 4053 porro
1026 4005 1193 4045 ausus
1221 3998 1307 4045 est
1330 3992 1496 4045 etiam
1520 3991 1789 4047 Basilides
1807 3992 1945 4046 scri-

370 4076 496 4129 ltere
524 4074 869 4147 Evangelium
896 4081 1192 4143 secundum
1219 4080 1690 4140 Basilidennhlulti
1718 4092 1945 4151 praeter-

365 4183 432 4224 ea
469 4171 709 4241 aggreSsi
768 4183 895 4227 sunt
918 4171 1269 4244 Evangelium
1297 4174 1596 4230 secundum
1639 4174 1944 4239 Matthiam,

367 4270 421 4313 et
454 4259 557 4314 alia
592 4260 765 4331 plura.
818 4262 925 4319 Sed
955 4267 1100 4319 enim
1130 4274 1368 4336 quatuor
1402 4274 1612 4320 tantum
1661 4266 1817 4336 eligit
1851 4267 1946 4321 Dei

368 4350 632 4408 Ecclesia.
679 4353 795 4411 Non
841 4356 1162 4427 simpliciter
1194 4367 1377 4413 autem
1430 4358 1617 4415 dicens
1670 4359 1738 4414 de
1783 4360 1947 4415 rebus

364 4444 608 4506 creditis,
635 4445 729 4499 scd
758 4448 827 4501 de
855 4446 1019 4502 rebus
1044 4447 1242 4517 quibus
1265 4458 1420 4503 certa
1464 4458 1548 4503 est
1580 4448 1737 4505 nobis
1762 4450 1947 4505 scien-

366 4538 459 4599 tia,
490 4538 864 4594 testimonium
898 4543 1148 4611 perhibet
1186 4542 1427 4597 narratis
1480 4544 1664 4608 rebus,
1706 4558 1816 4612 quo
1856 4544 1942 4597 in-

2049 3353 2230 3417 πετῶς
2283 3354 2377 3406 καὶ
2432 3352 2602 3423 χωρὶς
2659 3351 2996 3423 χαρίσματος
3052 3350 3316 3403 ἐλθόντων
3381 3350 3476 3404 ἐπὶ
3529 3347 3631 3419 τὴν

2046 3446 2371 3517 ἀναγραφὴν
2430 3446 2540 3498 τῶν
2584 3443 2951 3513 Εὑαγγελίων.
3016 3442 3295 3506 Ματθαῶς
3354 3441 3465 3514 γὰρ
3528 3442 3631 3494 οὐκ

2048 3538 2425 3610 ἐπεχείρησεν,
2456 3537 2569 3590 ἁλλ’
2594 3535 2831 3607 ἔγραψεν
2853 3532 2913 3600 ἐξ
2939 3534 3093 3603 ἁγίου
3118 3534 3435 3605 κινούμενος
3456 3532 3629 3586 Πνεύ-

2050 3649 2244 3703 ματος·
2277 3632 2478 3702 ὁμοίως
2501 3632 2595 3684 καὶ
2621 3631 2881 3701 Μάρκος,
2920 3630 3014 3683 καὶ
3056 3626 3308 3696 Ἰωάννης
3342 3625 3630 3697 παραπλη-

2048 3722 2199 3787 σίως,
2230 3723 2325 3776 καὶ
2369 3722 2603 3785 Λουκᾶς.
2633 3721 2706 3774 Τὸ
2754 3720 2935 3792 μέντοι
2974 3717 3450 3788 ἐπιγεγραμμένον
3488 3714 3629 3769 κατὰ

2044 3814 2375 3883 Αἰγυπτίους
2405 3811 2760 3881 Εὑαγγέλιον,
2800 3810 2895 3864 καὶ
2926 3808 2988 3863 τὸ
3015 3806 3497 3878 ἐπιγεγραμμένον
3521 3803 3629 3857 τῶν

2043 3906 2252 3961 δώδεκα
2293 3904 2659 3973 Εὑαγγέλιον,
2700 3904 2751 3956 οί
2785 3900 3201 3974 συγγράψαντες
3243 3899 3626 3970 ἐπεχείρησαν.

2044 3997 2277 4069 Φέρεται
2301 3996 2358 4048 δὲ
2388 3996 2483 4049 καὶ
2514 3995 2575 4047 τὸ
2603 3994 2746 4048 κατὰ
2779 3993 2981 4063 Θωμᾶν
3013 3991 3361 4061 Εὐαγγέλιον.
3404 3990 3541 4060 Ἤδη
3574 3989 3630 4041 δέ

2045 4089 2312 4161 ἐτόλμησε
2358 4090 2451 4142 καὶ
2494 4086 2808 4157 Βασιλείδης
2842 4086 3151 4157 συγγράψαι
3199 4085 3344 4139 κατὰ
3380 4083 3631 4137 Βασιλεί-

2044 4180 2141 4252 δην
2166 4178 2518 4250 Εὑαγγέλιον.
2551 4178 2743 4232 Πολλοὶ
2771 4179 2869 4250 μὲν
2893 4175 2986 4231 οὖν
3018 4178 3382 4248 ἐπεχείρησαν
3430 4176 3525 4229 καὶ
3571 4175 3632 4227 τὸ

2046 4270 2187 4325 κατὰ
2211 4269 2481 4335 Ματθίαν,
2518 4270 2610 4323 καὶ
2649 4269 2785 4324 ἄλλα
2814 4268 3054 4323 πλείονα.
3104 4267 3263 4321 Ἀλλὰ
3301 4266 3371 4320 τὰ
3391 4267 3632 4335 τέσσαρα

2049 4365 2187 4434 μόνα
2220 4364 2501 4434 προκρίνει
2527 4361 2669 4434 ἢτοῦ
2700 4360 2834 4415 Θεοῦ
2876 4360 3188 4432 Ἐκκλησία.
3213 4360 3325 4430 Οὐχ
3358 4358 3544 4421 ἁπλῶς
3575 4358 3632 4410 δέ

2046 4453 2170 4510 εἶπέ
2226 4455 2709 4527 πεπιστευμένων,
2763 4454 2899 4508 ἀλλὰ
2931 4451 3538 4523 πεπληροφορημένων,
3573 4450 3635 4502 τὸ

2046 4548 2398 4620 ἀπαράϐατον
2423 4552 2535 4612 τοῖς
2567 4547 2879 4618 λεγομένοις
2915 4543 3229 4616 μαρτυρῶν.
3266 4541 3635 4612 Πραγμάτων

360 4646 645 4688 concusste
666 4645 817 4689 stent
845 4637 1152 4692 certissima
1180 4640 1437 4694 veritate.
1478 4637 1557 4693 De
1594 4638 1748 4693 rebus
1776 4654 1941 4708 porro

2049 4641 2100 4695 δὲ
2123 4638 2295 4706 εἶπεν,
2339 4639 2575 4713 ἀναιρῶν
2619 4642 2716 4709 τὴν
2751 4640 2959 4709 αἵρεσιν
2990 4638 3100 4690 τῶν
3140 4637 3283 4690 κατὰ
3330 4634 3633 4704 φαντασίαν

364 4724 520 4787 dixit,
572 4741 683 4796 quo
733 4726 949 4796 jugulat
1003 4728 1256 4784 luercsim
1325 4731 1565 4795 illorum,
1600 4731 1692 4799 qui
1752 4732 1940 4784 dicunt

362 4818 703 4884 phantastice
733 4828 884 4889 gesta
910 4820 1113 4876 Christi
1143 4823 1460 4893 contigisse,
1492 4823 1601 4876 imo
1655 4832 1711 4877 et
1762 4823 1943 4877 incar-

366 4907 641 4963 nationem
690 4911 829 4976 ejus.
888 4909 1085 4967 Dicens
1139 4927 1289 4978 vero,
1334 4914 1401 4966 de
1446 4915 1634 4983 quibus
1673 4926 1817 4968 certa
1864 4925 1941 4967 est

362 5000 510 5054 nobis
556 5002 799 5068 scientia,
840 5019 947 5072 quo
976 5005 1138 5059 modo
1169 5006 1381 5060 aninms
1426 5005 1542 5072 ejus
1590 5017 1943 5076 comparatus

362 5105 527 5159 esset,
554 5098 812 5152 ostendit.
843 5099 1161 5153 Certissime
1207 5100 1351 5152 enim
1402 5115 1721 5167 persuasum
1774 5102 1939 5156 habe-

362 5190 475 5254 hat,
505 5190 747 5259 nihilque
775 5190 1081 5253 dubitabat,
1116 5198 1298 5243 utrum
1332 5192 1404 5245 ita
1437 5207 1496 5247 se
1530 5208 1616 5247 res
1646 5192 1937 5260 haberent,

365 5298 556 5337 necne.
591 5282 745 5350 Quod
782 5293 965 5337 autem
1018 5284 1086 5338 ab
1121 5283 1353 5338 oculatis
1398 5285 1629 5339 testibus
1658 5287 1935 5349 didicerit,

366 5376 655 5431 manifeste
684 5377 975 5431 conﬁtetur
1002 5374 1257 5443 inquiens
1282 5391 1296 5427 :
1326 5373 1783 5439 Quemadmodum
1829 5392 1940 5432 tra-

360 5469 608 5522 diderunt
644 5470 793 5522 nobis
828 5469 919 5537 qui
960 5468 1024 5520 ab
1060 5468 1211 5520 initio
1264 5467 1465 5521 oculati
1494 5477 1669 5534 testes,
1695 5480 1744 5523 et
1780 5472 1939 5523 mini-

360 5559 453 5609 Idri
482 5558 697 5621 [uerunt
748 5556 984 5610 Verbi".
1016 5556 1388 5613 Conlirmatur
1441 5568 1647 5627 autem,
1681 5561 1809 5631 quia
1856 5577 1944 5618 res

433 5671 479 5699 "
507 5672 634 5724 Luc.
675 5688 714 5733 I,
746 5672 800 5728 9..

446 5764 559 5832 (59)
599 5765 672 5819 Ex
706 5768 826 5823 cod.
860 5765 1063 5824 Veneto
1091 5766 1180 5823 28.

2045 4733 2313 4802 λεγόντων
2358 4732 2426 4786 τὰ
2459 4731 2548 4785 διὰ
2592 4731 2684 4785 τοῦ
2720 4732 2969 4801 Σωτῆρος
3006 4727 3369 4799 γεγενῆσθαι,
3410 4726 3506 4779 καὶ
3532 4724 3631 4793 τὴν

2046 4826 2321 4896 σάρκωσιν
2346 4824 2531 4877 αὑτοῦ.
2566 4824 2705 4892 Περὶ
2751 4822 2870 4876 τῶν
2910 4818 3535 4889 πεπληροφορημένων
3574 4817 3633 4869 δὲ

2044 4916 2213 4979 είπὼν
2232 4958 2245 4981 ,
2274 4917 2374 4989 τὴν
2403 4916 2640 4969 διάθεσιν
2666 4915 2830 4969 αὐτοῦ
2859 4914 3129 4984 ἐμφαίνει.
3168 4908 3634 4982 Πεπληροφόρητο

2044 5009 2173 5080 γὰρ,
2206 5010 2299 5062 καὶ
2337 5008 2487 5061 οὐδὲν
2520 5006 2800 5070 ἐδίσταζε,
2838 5006 3064 5076 πότερον
3093 5002 3267 5066 οὕτως
3306 5002 3441 5071 ἔχει,
3475 5000 3509 5071 ἢ
3543 4998 3629 5054 οὗ.

2048 5099 2186 5169 Ὅτιί
2216 5099 2274 5153 δὲ
2331 5098 2484 5170 παρὰ
2522 5097 2631 5151 τῶν
2679 5096 2911 5165 αὐτοφίᾳ
2959 5094 3313 5164 θεασαμένων
3359 5096 3454 5145 καὶ
3501 5092 3633 5146 αὺτ-

2041 5190 2222 5261 ηκόων
2258 5190 2560 5262 παρέλαϐε,
2608 5189 2793 5258 σαφῶς
2819 5187 3167 5259 ὡμολόγησεν
3198 5184 3388 5239 εἰπών’
3421 5184 3632 5250 Καθὼς

2044 5284 2389 5353 παρέδοσαν
2434 5283 2579 5352 ἡμῖν
2606 5286 2659 5335 οἱ
2688 5283 2785 5336 ἀπ’
2813 5279 3005 5350 ἀρχῆς
3030 5279 3321 5331 αὐτόπται
3360 5277 3459 5329 καὶ
3514 5278 3617 5328 ὐπκ

2040 5374 2243 5441 ηρὲται
2274 5374 2579 5442 γενόμενοι
2604 5372 2708 5424 τοῦ
2738 5372 2948 5440 Λόγου.
2985 5368 3399 5421 Διαὸεϐαιοῦται
3429 5366 3507 5429 δέ,
3546 5365 3629 5418 ὅτι

2046 5466 2249 5521 ἄνωθεν
2272 5464 2766 5537 παρηκολούθησεν,
2794 5461 2852 5515 οὗ
2873 5479 2978 5515 τισι
3002 5460 3112 5515 τῶν
3139 5462 3259 5531 είρη
3270 5459 3469 5530 μένων,
3492 5454 3629 5509 ἀλλὰ

2050 5561 2201 5613 πᾶσι.
2239 5560 2398 5622 Εἰκδς
2424 5558 2479 5610 δὲ
2507 5556 2907 5627 ὑπολαμϐάνειν
2932 5553 3102 5616 τινὲς,
3138 5554 3218 5606 ὅτι
3248 5548 3490 5620 Θεοφίλῳ
3524 5548 3629 5601 τινὶ
