3888 6214
256 294 368 349 515

1551 294 1843 352 SCHOLIA
1887 296 1951 352 IN
1993 298 2251 357 LUCAM.

3425 300 3532 357 514

256 412 467 486 ἔγραψε
498 413 561 468 τὸ
588 412 945 484 Εὗαγγέλιον,
969 415 1029 481 δς
1055 410 1135 480 εἷς
1159 411 1227 487 ἦν
1250 414 1358 469 τῶν
1382 418 1823 471 πεπιστευκότων

1961 423 2027 475 ab
2073 424 2304 478 exordio
2338 424 2643 480 continenti
2690 423 2836 479 serie
2876 423 3078 493 attigit,
3110 438 3214 477 non
3267 425 3527 491 quasdam

252 501 432 571 δῦτως
452 505 588 572 ζέων
603 508 680 579 τῷ
701 507 992 580 τωεύματι,
1012 511 1104 563 καὶ
1123 510 1413 581 ἀπλήστως
1436 508 1574 580 ἔχων
1602 512 1729 582 περὶ
1750 510 1847 575 τὰς

254 598 353 652 τοῦ
400 601 607 672 Κυρίου
657 600 884 672 πράξεις
932 620 993 656 τε
1037 603 1133 657 καὶ
1179 601 1406 673 λόγους·
1456 604 1626 675 ὅνπερ
1672 604 1845 656 ἐποίει

254 691 663 764 ἀσφαλέστερον
696 695 791 749 καὶ
824 695 891 748 τὰ
914 695 1008 749 νῦν
1036 697 1376 768 γραφόμενα.
1410 694 1604 761 Ἄλλος
1645 696 1702 750 δέ
1738 714 1844 768 φη-

259 800 375 837 σιν·
414 785 649 841 ’ὼιὲάν
683 788 883 852 πάντες
928 788 1161 842 τοιοῦτοι
1208 782 1389 861 ὦμεν,
1427 790 1502 854 ὼς
1526 789 1846 858 ἀγαπᾶσθαι

255 876 361 931 ὑπὸ
389 877 484 932 τοῦ
511 878 768 933 Θεοῦοκαὶ
801 879 1104 952 φιλεῖσθαι,
1132 879 1380 950 Θεόφιλοί
1416 881 1604 952 ὲσμεν.
1642 880 1756 933 Οὐκ
1777 879 1845 933 ἂν

251 968 313 1021 δέ
343 987 429 1034 τις
454 969 540 1043 εἴη
567 972 826 1041 Θεόφιλος
862 971 1093 1044 ἀσθενής
1112 990 1123 1002 ·
1158 974 1265 1036 πᾶς
1290 971 1399 1044 γὰρ
1420 972 1677 1043 Θεόφιλος
1703 974 1842 1045 κρά-

249 1062 435 1127 τιστός
463 1065 611 1119 ἔστιν
640 1065 780 1137 ἔχων
808 1066 871 1119 τὸ
893 1065 1095 1137 κράτος
1114 1066 1209 1119 καὶ
1228 1065 1326 1137 τὴν
1351 1065 1584 1136 δύναμιν
1609 1065 1708 1137 τὴν
1734 1064 1842 1118 ἀπὸ

249 1153 346 1209 τοῦ
378 1155 515 1209 Θεοῦ
552 1158 644 1211 καὶ
665 1157 757 1211 τοῦ
790 1158 964 1226 Λόγου
1004 1156 1188 1223 αὑτοῦ,
1220 1159 1314 1212 καὶ
1340 1156 1512 1222 οὕτως
1539 1156 1838 1226 ἐπιγνώσε-

248 1260 341 1297 ται
391 1247 471 1310 εἰς
509 1245 607 1317 τὴν
654 1248 780 1317 περὶ
828 1239 903 1299 ὧν
952 1245 1236 1317 κατηχήθη
1289 1245 1463 1314 λόγων
1514 1243 1835 1312 ἀσφάλειαν.

261 1336 690 1406 Ἐπαγγέλλεται
727 1338 904 1392 τοίνυν
954 1338 1053 1408 τῆς
1094 1336 1345 1406 γνώσεως
1381 1336 1443 1390 τὸ
1479 1336 1713 1407 βέϐαιον,
1748 1336 1836 1388 ἵνα

248 1429 396 1501 ἅπερ
428 1431 635 1494 ἐκεῖνος
660 1432 796 1503 ἀκοῇ
834 1430 1132 1501 παρέλαϐε,
1179 1429 1350 1483 ταῦτα
1380 1431 1475 1483 καὶ
1512 1429 1835 1501 γράμμασιν

245 1520 595 1591 ἐντυγχάνων
619 1520 1025 1593 ἀσφαλέστερον
1054 1520 1152 1593 τὴν
1186 1522 1367 1575 πίστιν
1402 1520 1652 1594 διατηρῇ.

320 1612 432 1684 (40)
502 1612 590 1665 Ἐν
648 1615 714 1685 τῇ
771 1612 969 1683 Ἔξόδῳ
1015 1612 1349 1684 γέγραπται,
1426 1613 1546 1667 Ὅτι
1601 1616 1633 1667 ό
1684 1611 1833 1679 λαὸς

242 1702 465 1773 eripuere
499 1704 616 1774 τὴν
647 1704 858 1775 φωνὴν
893 1703 1000 1760 τοῦ
1040 1706 1286 1774 Κυρίου,
1310 1705 1555 1773 καίτοιγε
1598 1704 1747 1776 φωνὴ
1769 1704 1830 1757 οὐ

1950 516 2110 571 modo
2144 532 2210 571 ex
2250 517 2315 570 iis
2341 531 2461 585 quae
2490 516 2648 571 dictae
2676 523 2822 579 sunt,
2860 514 2953 568 sed
2985 514 3290 570 universas.
3319 511 3528 568 Forsan

1949 609 2113 677 aliqui
2161 608 2562 677 respOndebunt
2597 606 2747 662 illum
2786 605 3086 675 'l'heopbilo
3117 605 3326 659 cuidam
3354 603 3529 660 Evan-

1948 699 2145 770 gelium
2207 698 2496 769 scripsisse
2530 739 2547 766 ,
2594 700 2687 769 qui
2766 713 2905 753 unus
2961 706 3080 752 erat
3150 697 3523 761 credentium,

1949 792 2089 846 idem
2134 790 2328 861 spiritu
2364 790 2600 857 fervens,
2630 806 2697 847 ac
2733 791 2799 846 de
2840 791 3050 845 Domini
3093 791 3263 860 gestis
3296 788 3526 844 dictisve

1948 883 2322 951 insatiabilis;
2364 885 2567 954 quippe
2615 901 2776 956 quem
2832 888 2945 940 haec
2980 884 3182 954 scripta
3228 882 3522 936 ﬁrmiorem

1944 973 2269 1029 elﬁciebant.
2310 974 2455 1030 Dicit
2500 990 2632 1029 vero
2674 975 2916 1044 aliquis:
2948 972 3102 1042 Quod
3158 973 3206 1026 si
3268 986 3460 1027 omnes
3486 971 3522 1024 ii

1945 1079 2155 1131 sumus,
2195 1066 2287 1135 qui
2342 1081 2373 1120 a
2428 1066 2539 1121 Deo
2582 1076 2833 1123 amentur
2879 1079 2935 1122 et
2989 1067 3307 1137 (ILIigantur,
3342 1064 3524 1120 Theo-

1942 1159 2076 1229 phili
2124 1174 2332 1215 sumus.
2385 1157 2527 1213 Num
2573 1161 2698 1229 quis
2748 1159 3085 1231 TheOphilus
3117 1158 3367 1213 inﬁrmus
3399 1171 3523 1213 esse

1943 1249 2377 1321 potest?0mnis
2433 1251 2577 1306 enim
2632 1252 2969 1323 Theophilus
3028 1250 3361 1306 fortissimus
3413 1256 3520 1313 est,

1942 1345 2151 1399 habens
2185 1346 2293 1398 vim
2348 1357 2403 1400 et
2441 1345 2743 1416 potentiam
2796 1361 2826 1400 a
2881 1347 3013 1411 Deo,
3063 1343 3353 1415 Verboque
3402 1343 3521 1413 ejus

1938 1436 2350 1506 procedentem.

2011 1614 2065 1671 In
2101 1614 2287 1670 Exodo
2318 1615 2577 1685 scriptum
2612 1622 2722 1680 est,
2755 1612 2895 1679 Quia
2940 1614 3166 1684 papulas
3189 1613 3317 1668 vidit
3343 1627 3519 1667 vocem

1938 1705 2154 1762 Domini
2176 1708 2245 1776 ",
2280 1708 2500 1763 tametsi
2532 1723 2635 1762 vox
2665 1723 2774 1763 non
2807 1708 3079 1772 videatur,
3115 1706 3212 1761 scd
3240 1707 3514 1760 audiatur.

243 1795 533 1865 βλέπεται,
575 1796 691 1851 ἀλλ’
713 1798 995 1852 ἀκούεται·
1031 1798 1119 1851 ἵνα
1146 1796 1357 1871 δηλωθῇ
1390 1796 1727 1870 παραδόξως,
1756 1797 1816 1850 ὅτ

1940 1799 2058 1864 Quo
2103 1799 2357 1856 videlicet
2404 1801 2672 1869 stupende
2727 1800 3215 1863 demonstraretur,
3247 1801 3373 1868 quia
3422 1797 3515 1853 Dei

240 1891 274 1958 ή
315 1887 411 1942 τοῦ
462 1888 600 1942 ε’)εοῦ
658 1890 809 1962 φωνὴ
844 1890 1099 1961 βλέπεται
1126 1885 1207 1955 οἷς
1242 1890 1515 1962 βλέπεται.
1564 1891 1653 1943 Ἐν
1686 1889 1834 1960 δὲτῷ

238 1980 562 2049 Εὑαγγελίῳ
610 1982 709 2051 οὐχ
756 1984 791 2053 ἡ
850 1982 1002 2055 φωνὴ
1062 1983 1352 2054 βλέπεται,
1421 1982 1532 2037 ἀλλ’
1570 1983 1598 2034 ὁ
1650 1981 1831 2053 κρείτ-

238 2088 350 2125 των
372 2071 475 2142 τῆς
501 2074 687 2145 φωνῆς
708 2073 901 2142 Λόγος.
928 2073 1027 2127 Διά
1050 2074 1229 2137 τοῦτο,
1259 2072 1468 2140 Καθὼς
1487 2074 1834 2142 παρέδοσαν

237 2165 387 2235 ἡμῖν
418 2169 473 2219 ot
502 2167 604 2221 ἀπ’
629 2165 823 2237 ἀρχῆς
863 2168 1153 2221 αὐτόπται
1194 2167 1294 2221 καὶ
1334 2166 1623 2235 ὑπηρέται
1666 2170 1831 2237 γενόι

231 2274 405 2327 μενοι
431 2257 537 2312 τοῦ
569 2258 785 2329 Λόγου.
828 2260 893 2311 Ei
930 2260 1040 2328 γὰρ
1070 2259 1131 2313 τὸ
1157 2258 1461 2331 ἑωρακέναι
1491 2260 1582 2312 τὸν
1624 2260 1829 2332 Κύριον

237 2350 383 2405 κατὰ
407 2350 567 2422 σῶμα
602 2352 879 2423 αὐτόπτην
906 2351 1098 2405 τούτου
1120 2352 1377 2421 γενέσθαι
1407 2348 1475 2423 ἦν
1494 2370 1507 2383 ⁸
1545 2355 1638 2406 καὶ
1662 2354 1829 2407 Πιλά-

234 2459 329 2506 τος
356 2443 635 2515 αὐτόπτης
657 2439 726 2515 ἦν
749 2442 843 2496 τοῦ
876 2444 1051 2512 Λόγου
1074 2483 1088 2508 ,
1124 2443 1499 2509 καταδικάζων
1525 2445 1705 2510 αὐτὸν,
1735 2448 1829 2499 καὶ

247 2533 448 2598 Ἰούδας
491 2536 520 2587 6
562 2536 864 2607 προδότης,
898 2538 993 2590 καὶ
1036 2536 1238 2600 πάντες
1269 2538 1319 2589 oi
1343 2536 1612 2606 λέγοντες·
1641 2542 1827 2593 Σταύ-

228 2642 452 2692 ρωσον,
488 2628 846 2695 σταύρωσον
878 2629 1085 2682 αὐτόν.
1122 2627 1196 2680 Τὸ
1228 2624 1320 2681 οὖν
1363 2628 1559 2683 εἰδέναι
1594 2630 1684 2683 τὸν
1722 2632 1825 2684 Λό-

231 2732 329 2783 γον
358 2718 477 2769 ἐκεῖ
501 2719 722 2784 ὲνοεῖτο,
748 2720 878 2773 ὅπου
916 2718 1098 2788 ἔλεγεν
1126 2722 1155 2773 6
1181 2720 1373 2792 Σωτήρ
1396 2738 1409 2750 ·
1453 2722 1517 2774 '0
1550 2722 1823 2790 ἑωρακὼς

228 2808 357 2877 ἐμὲ,
388 2810 610 2877 ἑώρακε
637 2810 746 2864 τὸν
782 2811 1044 2881 Πατέρα,
1085 2812 1193 2867 τὸν
1226 2814 1545 2884 πέμψαγτά
1568 2834 1663 2885 με.
1712 2817 1823 2871 Καὶ

229 2900 540 2970 λεληθότως
565 2902 624 2956 δὲ
658 2904 822 2957 καλὸν
852 2904 1084 2976 μάθημα
1108 2905 1346 2961 διδάσκει
1369 2908 1515 2978 ἡμᾶς
1542 2908 1570 2959 6
1608 2909 1821 2972 Λουκᾶς

228 2991 491 3057 ἐνταῦθα,
522 2996 604 3048 ὅτι
632 2995 795 3049 τινῶν
825 2996 921 3067 μὲν
949 2996 1321 3069 θεωρημάτων
1365 2999 1424 3052 τὸ
1454 2998 1657 3072 τέλοςὴ
1689 2999 1822 3053 θεω-

232 3086 327 3159 ρία
344 3087 461 3139 ἐστί
480 3104 493 3117 ⁸
518 3088 680 3141 τινῶν
699 3089 755 3141 δὲ
773 3088 1142 3161 θεωρημάτων
1159 3091 1218 3145 τὸ
1234 3091 1385 3156 τέλος
1407 3095 1439 3164 ἡ
1461 3091 1657 3164 πρᾶξίς
1680 3096 1817 3148 ἐστι.

1935 1907 2038 1946 vox
2068 1891 2280 1946 videtur
2329 1893 2526 1962 quibus
2570 1892 2801 1949 videtur.
2852 1889 2912 1945 In
2964 1890 3258 1960 Evangelia
3310 1898 3514 1952 autem,

1936 1999 2041 2038 non
2094 1998 2198 2037 vox
2247 1983 2483 2049 videtur,
2526 1992 2582 2036 at
2613 1983 2758 2053 quod
2819 1997 2952 2038 voce
2995 1982 3349 2052 praestantius
3405 1991 3514 2043 est,

1938 2074 2192 2129 Verbum.
2221 2072 2518 2143 PrOpterea
2545 2074 2622 2127 ait
2650 2089 2665 2129 :
2688 2072 3147 2139 Quemadmodum
3175 2074 3513 2126 tradiderunt

1933 2167 2106 2232 nobis,
2140 2166 2231 2235 qui
2262 2166 2326 2219 ab
2351 2167 2505 2219 initio
2536 2167 2738 2219 oculati
2765 2174 2922 2219 testes
2952 2176 3000 2219 et
3037 2165 3267 2218 ministri
3298 2166 3511 2234 [uerunt

1942 2256 2114 2312 Verbi.
2143 2258 2202 2312 Si
2234 2257 2379 2312 enim
2408 2256 2610 2311 vidisse
2640 2257 2925 2312 Dominum
2952 2258 3251 2311 secundum
3289 2272 3509 2328 corpus,

1928 2346 2179 2416 eratejus
2202 2347 2372 2402 fuisse
2392 2347 2663 2401 oculatum
2685 2357 2876 2403 testem
2902 2366 2914 2401 :
2945 2357 2999 2403 et
3029 2347 3237 2401 Pilatus
3265 2348 3513 2401 oculatus

1929 2444 2087 2497 tusus
2111 2440 2307 2497 fuisset
2338 2439 2519 2503 Verbi,
2542 2442 2634 2511 qui
2667 2455 2790 2495 eum
2825 2440 3235 2507 condemnavit,
3260 2451 3315 2496 et
3340 2442 3513 2495 Judas

1928 2536 2192 2605 proditor,
2237 2544 2290 2591 et
2340 2536 2652 2605 quicunque
2700 2535 2978 2600 dicebant,
3020 2532 3301 2604 Cruciﬁge,
3334 2536 3511 2588 cruci-

1925 2629 2025 2699 ﬁge
2049 2644 2168 2682 eum
2191 2628 2260 2680 ”.
2291 2626 2478 2697 Itaque
2510 2628 2711 2682 vidisse
2734 2627 2973 2682 Verbum
3004 2640 3070 2681 eo
3105 2626 3208 2682 loci
3237 2627 3509 2697 intellige-

1925 2721 2104 2784 batur,
2131 2719 2222 2773 ubi
2257 2720 2469 2774 dicebat
2495 2718 2747 2773 Salvator
2776 2738 2788 2772 :
2818 2718 2922 2784 Qui
2953 2720 3080 2772 vidit
3107 2735 3207 2783 me,
3233 2720 3361 2773 vidit
3396 2716 3509 2773 Pa-

1926 2824 2057 2867 trem
2085 2829 2258 2867 meum
2287 2813 2376 2882 qui
2406 2813 2548 2866 misit
2582 2820 2662 2866 me
2682 2813 2748 2865 '°.
2780 2813 2855 2867 Ac
2892 2812 3057 2867 tacite
3088 2813 3507 2882 pulcherrimam

1925 2906 2231 2960 doctrinam
2263 2906 2458 2959 edocet
2485 2904 2573 2960 hic
2605 2919 2707 2959 nos
2739 2903 2934 2969 Lucas,
2969 2906 3097 2973 quia
3149 2920 3345 2975 nempe
3376 2921 3510 2975 quo-

1925 2999 2173 3053 rumdam
2209 3009 2606 3069 praeceptorum
2633 2999 2756 3051 ﬁnis
2798 3006 2881 3053 est
2920 2998 3152 3066 ipsamet
3189 2998 3507 3067 speculatio,

1924 3094 2285 3161 quorumdam
2317 3108 2448 3147 vero
2477 3102 2874 3162 praceptorum
2905 3089 3031 3144 linis
3074 3099 3157 3144 est
3188 3092 3355 3145 actio.
3406 3091 3509 3145 Per

228 3180 331 3233 Διά
351 3179 462 3251 γὰρ
488 3179 581 3233 τοῦ
602 3221 616 3244 ,
646 3181 935 3235 αὐτόπται
954 3221 967 3246 ,
1002 3180 1152 3252 δηλοῖ
1174 3183 1235 3235 τὸ
1255 3183 1586 3257 θεωρητικὸν
1608 3225 1621 3249 ,
1646 3186 1733 3239 διὰ
1764 3187 1821 3240 δὲ

1934 3185 2056 3240 illud
2083 3184 2253 3249 enim,
2286 3186 2489 3239 oculati
2538 3195 2691 3237 testes
2740 3182 2915 3237 innuit
2955 3182 3409 3252 speculationem,
3450 3192 3507 3236 at

226 3271 324 3326 τοῦ
387 3271 708 3341 ὑπηρέται,
751 3274 812 3327 τὸ
860 3275 1265 3345 πραγματικόν.
1340 3276 1576 3331 Δύνασαι
1618 3277 1675 3332 δὲ
1728 3279 1823 3332 καὶ

226 3364 435 3435 ἑτέρως
469 3365 719 3418 ὲκλαδείν
759 3366 854 3431 τὸ,
894 3368 1188 3439 ὑπηρέται
1222 3371 1529 3438 γενόμενοι
1571 3369 1678 3423 τοῦ
1706 3373 1820 3427 Λό-

226 3473 377 3525 γουο
416 3457 535 3528 ἢτοι
568 3456 662 3511 τοῦ
706 3457 1089 3513 διδασκαλικοῦ
1134 3460 1325 3530 λόγου,
1372 3460 1431 3514 ὃν
1474 3459 1761 3531 παρεδίδου
1793 3466 1822 3518 6

227 3549 423 3620 Σωτήρ
442 3566 455 3579 ο
484 3548 518 3620 ἢ
545 3550 641 3603 καὶ
673 3549 837 3605 αὐτοῦ
866 3552 960 3610 τοῦ
985 3551 1120 3611 Θεοῦ
1144 3554 1343 3623 Λόγου,
1366 3546 1411 3623 ᾧ
1432 3557 1527 3608 καὶ
1551 3555 1723 3627 ἐξυπη
1734 3556 1822 3627 ρέ-

226 3656 406 3707 τησαν
434 3641 703 3711 παρόντες
729 3644 778 3695 οἱ
817 3643 1076 3715 μαθηταί.
1299 3666 1307 3681 ι’

300 3732 413 3802 Τὴν
440 3731 682 3787 διάθεσιν
717 3735 912 3789 ἑαυτοῦ
956 3738 985 3789 6
1018 3737 1234 3800 Λουκᾶς
1279 3737 1556 3808 ἐμφαίνει.
1597 3739 1819 3810 Πεπλη-

225 3823 501 3896 ροφόρητο
525 3824 654 3897 γὰρ,
687 3827 782 3879 καὶ
801 3828 859 3880 ὲν
890 3828 1065 3881 οὐδενὶ
1093 3827 1358 3893 ὲδίσταζε,
1384 3829 1612 3902 πότερον
1645 3829 1819 3899 οὕτως

222 3916 359 3987 ἔχει,
395 3915 536 3986 ἢοῦ.
572 3918 744 3972 Τοῦτο
782 3918 841 3972 δὲ
878 3920 1088 3988 γίνεται
1137 3920 1265 3992 περὶ
1300 3922 1426 3985 τοὺς
1470 3921 1701 3992 βεϐαίως
1730 3942 1819 3977 πι-

224 4007 537 4071 στεύοντας.
578 4010 689 4063 Καὶ
732 4010 844 4081 γὰρ
869 4014 910 4065 ό.
934 4012 1258 4077 Ἀπόστολος
1292 4014 1420 4086 περὶ
1449 4014 1559 4068 τῶν
1584 4015 1817 4085 βεϐαίων

223 4100 425 4170 φησίν·
463 4101 601 4155 Ἵνα
639 4098 746 4171 ἦτε
786 4102 1155 4173 ἐρριζωμένοι
1196 4105 1297 4159 καὶ
1329 4108 1815 4177 τεθεμελιωμένοι

221 4191 301 4260 τῇ
328 4190 551 4247 πίστει.
583 4194 746 4248 Οὐδὲν
777 4195 886 4267 γὰρ
909 4194 1051 4248 οὕτω
1085 4196 1447 4269 πληροφορεῖ,
1474 4200 1549 4263 ὼς
1573 4200 1697 4264 νοῦς
1721 4201 1815 4255 καὶ

219 4284 399 4351 λόγος.
437 4286 600 4356 Ὀψις
630 4287 739 4357 γὰρ
766 4288 827 4340 οὐ
855 4287 1219 4359 πληροφορεί’
1259 4291 1380 4343 ἐπεὶ
1427 4292 1527 4344 οὐκ
1567 4292 1675 4345 ἀπὸ
1715 4311 1813 4364 ση-

222 4377 396 4447 μείων
444 4379 541 4432 xui.
586 4379 831 4449 τεράτων
862 4380 1075 4449 ὁρατῶν
1109 4382 1351 4450 κρίνεται
1378 4382 1447 4436 τὰ
1477 4384 1777 4455 πράγματα
1797 4402 1810 4420 ·

219 4470 359 4524 ἀλλὰ
386 4470 531 4541 λόγῳ
559 4472 825 4542 κρίνεται,
850 4475 981 4526 ποῖα
1005 4472 1237 4543 τάληθῆ,
1261 4475 1355 4528 καὶ
1378 4478 1505 4529 ποῖα
1528 4475 1597 4529 τὰ
1617 4477 1810 4549 ψευδῆ.

218 4561 589 4630 Πραγμάτων
620 4562 677 4615 δέ
711 4580 893 4634 φησιν,
919 4564 1218 4635 ἐπειδήπερ
1240 4566 1300 4619 οὐ
1327 4567 1468 4620 κατὰ
1490 4571 1808 4637 φαντασίαν,

216 4653 361 4708 κατά
412 4653 536 4715 τοὺς
579 4653 689 4705 τῶν
742 4654 1036 4725 αἱρετικῶν
1087 4656 1314 4721 παῖδας,
1366 4659 1813 4735 ὲδραματούργη-

218 4762 313 4799 σεν
355 4744 564 4815 Ἰησοῦς
611 4744 711 4815 τὴν
761 4744 1023 4817 ἕνσαρκον
1074 4749 1239 4801 αὑτοῦ
1292 4754 1622 4821 παρουσίαν⁶
1675 4756 1812 4811 ἀλλά

214 4837 506 4908 τυγχάνων
558 4839 825 4910 ἀλήθεια,
891 4841 1029 4912 πρὸς
1085 4841 1344 4913 ἀλήθειαν
1411 4846 1683 4919 ἐνήργησε
1740 4849 1809 4903 τὰ

217 4933 545 5003 πράγματα.

212 5026 365 5095 Στίχ.
385 5024 457 5094 γ’.
477 5024 670 5089 Καθεξ
678 5025 710 5094 ἦ
718 5046 749 5091 ς
764 5040 862 5079 σοι
886 5025 1131 5095 γράψαι,
1156 5028 1434 5097 κράτιστε
1456 5034 1730 5103 Θεόφιλε.

212 5114 364 5189 Στίχ.
408 5118 451 5171 δ’
457 5160 472 5174 .
506 5119 640 5173 Ἵνα
675 5116 932 5197 ὲπιγςνῷς
957 5118 1202 5197 περὶ-ὦν
1235 5124 1582 5194 κατηχήθης
1609 5129 1808 5197 λόγων

752 5188 869 5256 τὴν
901 5188 1262 5258 ἀσφάλειαν.

399 5278 473 5359 ε’.Δ
497 5279 809 5359 ,Ἐτέζετορ
828 5279 916 5359 ἑινΔ
941 5280 1356 5359 τᾳῑςΔήμέραις
1696 5290 1804 5343 τοῦ

276 5349 594 5424 ,βασιλέως
618 5349 728 5424 τῆς
770 5349 1055 5424 Ἰουδαίας
1078 5349 1269 5424 ἱερεύς
1294 5349 1383 5420 τις
1420 5349 1662 5424 όὶρόματι
1694 5362 1807 5413 Ζα-

287 5421 501 5495 χαρίας
526 5421 596 5495 ἐξ
628 5420 954 5495 ἐφημερίας
991 5422 1173 5495 Ἀϐιά·
1217 5425 1313 5478 καὶ
1342 5428 1380 5494 ἡ
1416 5420 1572 5495 γυιὲὴ
1609 5430 1795 5484 αὐτοῦ

279 5489 353 5542 ἐκ
378 5488 499 5542 τῶν
525 5488 860 5559 θυγατέρων
895 5491 1138 5560 Ἀαρὼν,
1166 5495 1265 5548 καὶ
1298 5488 1377 5549 τὸ’
1394 5488 1579 5566 ὄνομα
1604 5498 1795 5568 αὐτῆς

296 5558 632 5615 Ἐλισάϐετ.

407 5577 632 5615 ισαοετ.

289 5669 338 5702 ’⁸
366 5670 536 5725 Exod.
569 5687 659 5735 xx,
701 5673 786 5727 18.
866 5672 913 5706 "
940 5672 1095 5729 Joau.
1134 5692 1246 5744 xm,
1286 5677 1338 5735 6.
1419 5678 1637 5737 πίθοι).
1690 5699 1799 5751 λιν,
1839 5686 1889 5743 9.

285 5758 400 5829 (ἆυ)
444 5760 685 5827 ’Λνεπιγ.

1926 3288 2021 3342 per
2054 3273 2306 3338 ministri,
2354 3274 2625 3327 actionem
2681 3280 2738 3327 et
2790 3272 3007 3341 praxin.
3040 3270 3203 3326 Potes
3246 3285 3303 3327 et
3347 3273 3508 3326 aliter

1924 3365 2175 3435 accipere
2205 3366 2355 3432 illud,
2384 3367 2476 3436 qui
2517 3366 2748 3418 ministri
2774 3364 2987 3434 fuerunt
3027 3362 3180 3418 Verbi
3208 3380 3226 3418 :
3251 3364 3365 3418 sive
3415 3366 3508 3418 do-

1923 3458 2169 3525 ctrinalis
2210 3457 2381 3521 verbi,
2412 3458 2554 3526 quod
2587 3457 2833 3511 tradebat
2872 3456 3162 3510 Salvator:
3194 3457 3277 3510 vel
3306 3458 3505 3527 ipsius-

1924 3560 2034 3604 met
2065 3550 2159 3604 Dei
2193 3548 2373 3616 Verbi,
2412 3550 2498 3604 cui
2526 3548 2692 3603 etiam
2727 3547 3181 3603 ministraveruut
3208 3558 3503 3618 praesentes

1921 3642 2202 3711 discipuli.

1991 3734 2295 3801 Quomodo
2321 3734 2392 3789 sit
2425 3733 2652 3788 aﬂ'ectus
2687 3732 2863 3788 Lucas
2890 3733 3150 3788 ostendit.
3184 3732 3504 3787 Certissima

1919 3828 2064 3884 enim
2097 3842 2390 3898 persuasus
2417 3836 2561 3891 erat,
2592 3835 2648 3881 et
2674 3827 2725 3879 in
2757 3826 2903 3880 nullo
2934 3825 3237 3889 dubitabat,
3265 3842 3393 3879 ιιιιιιι
3422 3826 3504 3880 sic

1918 3935 1976 3974 sc
2002 3936 2089 3974 res
2123 3920 2370 3983 haberet,
2409 3934 2598 3973 necne.
2634 3918 2749 3972 Hoc
2805 3928 2985 3973 autem
3022 3920 3293 3988 contingit
3325 3919 3379 3973 in
3413 3919 3500 3983 iis,

1918 4013 2006 4079 qui
2047 4012 2277 4066 ﬁrmiter
2329 4012 2578 4066 credunt.
2634 4012 2922 4081 Apostolus
2966 4012 3110 4065 enim
3176 4013 3241 4065 de
3290 4012 3356 4065 iis
3406 4011 3501 4081 qui

1917 4103 2058 4166 ﬁrmi
2092 4113 2238 4167 sunt,
2269 4103 2404 4157 dicit
2434 4121 2447 4157 :
2480 4102 2548 4156 Ut
2575 4103 2693 4157 sitis
2727 4103 2954 4156 radicati
2982 4112 3031 4157 et
3063 4103 3276 4172 fundati
3301 4104 3407 4170 ﬁde
3429 4104 3498 4155 ⁸⁷.

1916 4193 2059 4248 Nihil
2094 4194 2241 4249 enim
2278 4198 2415 4251 adeo
2472 4205 2683 4251 certum
2737 4211 2802 4250 ac
2852 4210 3170 4264 persuasum
3217 4196 3417 4256 reddit.
3445 4205 3503 4250 ut
3580 4263 3599 4279 .

1916 4299 2072 4340 meus
2128 4294 2184 4341 et
2245 4288 2406 4341 ratio.
2469 4286 2631 4342 Visus
2691 4290 2838 4342 enim
2888 4297 3094 4341 certum
3135 4300 3240 4340 non
3277 4287 3496 4340 reddit:

1915 4381 2117 4450 quippe
2145 4382 2272 4450 quia
2330 4397 2437 4436 non
2482 4396 2546 4436 ex
2594 4382 2764 4452 signis
2798 4392 2853 4435 et
2890 4380 3157 4450 prodigiis
3192 4379 3501 4433 visibilibus

1916 4486 2007 4526 res
2044 4472 2377 4543 iudicantur.
2433 4473 2539 4528 Sed
2598 4474 2810 4528 ratione
2858 4473 3163 4543 judicatur,
3215 4487 3341 4541 quae
3393 4472 3504 4526 sint

1921 4582 2071 4630 vera,
2102 4582 2292 4637 quaeve
2331 4567 2487 4625 falsa.
2526 4567 2600 4621 De
2631 4569 2785 4622 rebus
2823 4576 3001 4621 autem
3027 4566 3160 4621 dicit
3192 4583 3206 4620 :
3242 4566 3499 4634 quianon

1918 4662 2286 4731 pbantastice,
2337 4662 2513 4731 juxta'
2547 4662 2864 4725 haereticos,
2920 4671 3179 4729 operatus
3219 4669 3300 4714 est
3344 4657 3503 4713 Jesns

1917 4754 2210 4807 adventum
2265 4769 2420 4808 suum
2466 4753 2519 4808 in
2553 4768 2738 4807 carne.
2792 4752 2896 4807 Sed
2945 4768 3067 4805 cum
3104 4752 3308 4805 veritas
3353 4761 3497 4805 esset

1918 4848 2055 4918 ipse,
2090 4848 2143 4902 in
2175 4848 2400 4904 veritate
2425 4857 2680 4916 operatus
2703 4856 2785 4901 est
2810 4861 2928 4917 qua:
2950 4846 3138 4915 gessit.

1997 5035 2058 5091 V.
2081 5038 2134 5093 5.
2169 5036 2472 5094 Ordinatim
2506 5037 2599 5090 tibi
2626 5035 2870 5099 scribere,
2900 5037 3091 5098 optime
3121 5031 3425 5099 Theophila.

1916 5132 1982 5188 V.
2012 5131 2067 5186 4.
2090 5130 2156 5185 Ut
2185 5148 2443 5203 agnoscas
2473 5130 2538 5203 de
2567 5130 3079 5203 quibnsinstrnrtus
3115 5125 3271 5193 [nisti
3297 5139 3499 5177 sermo--

2448 5202 2619 5265 nibus,
2664 5201 2951 5253 veritatem.

1919 5292 1980 5347 V.
2008 5293 2063 5349 5.
2103 5291 2230 5346 Fuit
2253 5294 2307 5346 in
2342 5292 2525 5346 diebus
2560 5292 2786 5346 Herodis
2820 5292 2955 5361 regis
2984 5289 3216 5352 Juda'a',
3247 5286 3496 5341 sacerdos

1985 5365 2203 5433 quidam
2253 5365 2461 5416 nomine
2502 5361 2822 5428 Zacharias,
2855 5365 2919 5414 de
2949 5362 3055 5415 vice
3088 5361 3218 5433 Abin
3240 5366 3334 5433 :et
3359 5372 3495 5433 uxor

1976 5428 2089 5503 ejus
2119 5433 2182 5488 de
2202 5435 2413 5503 ﬁliabus
2443 5433 2647 5502 Aaron,
2670 5445 2715 5489 et
2748 5449 2934 5489 nomen
2964 5433 3076 5500 ejus
3112 5428 3403 5485 Elisabeth.

1995 5689 2037 5720 ²⁷
2069 5688 2275 5746 Ccloss.
2314 5706 2370 5759 ιι,
2403 5690 2456 5745 7.

3517 4867 3529 4937 l
