3888 6214
363 281 474 337 513

516 402 576 456 V.
614 400 668 455 6.
707 397 872 452 Erant
899 405 1075 449 autem
1108 392 1245 462 justi
1275 392 1428 446 ambo
1461 406 1641 444 coram
1667 390 1799 445 Deo.

438 561 544 618 Par
572 570 655 615 est
689 570 1015 628 supponere,
1050 553 1197 623 quod
1231 550 1539 620 Theoiihilo
1567 549 1782 603 cuidam
1808 548 1947 602 scri-

370 654 538 725 pserit
570 649 936 717 Evangelium,
963 647 1055 716 qui
1103 662 1243 699 unus
1281 644 1446 697 fuerit
1489 656 1676 696 eorum
1701 639 1794 709 qui
1822 654 1944 693 ere-

371 747 649 807 diderunt,
678 741 770 810 qui
824 739 986 793 valde
1041 736 1278 791 ferveret
1326 734 1535 803 spiritu,
1565 744 1944 799 nec-unquam

372 836 559 892 satiari
598 844 782 901 posset
812 831 961 885 circa
986 828 1126 882 facta
1154 836 1209 881 et
1240 826 1382 880 dicta
1418 823 1665 879 Domini:
1700 836 1859 890 quem
1892 828 1948 874 et

371 939 621 980 securum
668 922 840 992 magis
896 920 1269 983 reddiderunt,
1302 931 1424 986 quae
1455 930 1598 968 nunc
1627 914 1946 969 describun-

375 1026 480 1070 tur.
513 1015 569 1070 Si
614 1030 803 1069 omnes
838 1014 973 1067 tales
1014 1026 1280 1073 essemus,
1312 1009 1405 1079 qui
1436 1007 1769 1075 diligeremur
1793 1022 1946 1059 ama.

373 1123 649 1177 remurque
676 1124 708 1159 a
748 1105 859 1159 Deo
892 1104 1003 1175 (41)
1035 1101 1318 1170 Theophili
1353 1113 1614 1155 essemus.
1657 1098 1727 1151 At
1773 1097 1947 1151 nullus

374 1210 495 1249 esse
528 1203 707 1263 potest
740 1191 1097 1259 Theophilus,
1135 1188 1225 1257 qui
1270 1187 1519 1240 inﬁrmus
1565 1186 1656 1239 sit.
1689 1182 1757 1238 Ut
1802 1186 1944 1237 enim

374 1286 637 1352 scriptum
670 1291 754 1336 est
803 1282 870 1335 de
918 1279 1117 1348 populo
1143 1285 1375 1331 exeunte
1408 1275 1475 1328 ab
1510 1272 1746 1343 Egypto
1773 1291 1788 1327 :
1820 1272 1947 1326 Non

373 1383 487 1429 erat
526 1377 579 1427 in
607 1374 845 1426 tribubus
876 1386 1058 1425 eorum
1093 1368 1341 1436 inﬁrmus
1363 1367 1408 1398 ³⁸
1437 1383 1451 1419 :
1483 1366 1561 1420 sic
1610 1366 1793 1420 dicere
1839 1378 1945 1418 non

375 1465 858 1526 dubitem,omnem
877 1458 1236 1528 Theophilum
1265 1456 1515 1524 optimum
1540 1454 1655 1524 (42)
1673 1470 1943 1520 esse,cum

377 1555 573 1609 habeat
608 1553 978 1608 fortitudinem
1004 1559 1059 1603 et
1086 1550 1340 1603 virtutem
1373 1548 1486 1613 Dei,
1518 1562 1581 1602 ac
1618 1548 1776 1602 Verbi
1804 1546 1943 1614 ejus.

375 1650 552 1716 Atque
587 1646 666 1700 sic
694 1654 952 1714 agnoscet
995 1645 1118 1713 quis
1160 1642 1228 1695 de
1282 1641 1480 1710 quibus
1514 1641 1674 1695 rebus
1708 1639 1946 1694 imbutus

367 264 474 326 513
1246 266 1798 326 SUPl’LEMENTUM
1837 265 1927 319 AD
1966 260 2285 320 ORIGENIS
2320 258 2730 314 EXEGETICA.

3508 262 3612 315 516

1970 394 2013 448 Α
2043 386 2191 455 Στίχ.
2226 383 2300 449 ς’.
2331 379 2537 439 Ἦσαν
2552 382 2621 435 δὲ
2648 381 3209 462 δίκαιοικάμφότεροι
3236 381 3492 436 ἐνώπιον
3512 384 3615 437 τοῦ

2746 455 2893 505 Θεοῦ
2902 493 2914 504 .

2116 547 2277 609 Εἰκὸς
2316 543 2750 614 ὑπολαμϐάνειν,
2793 544 2874 596 ὅτι
2906 542 3151 613 Θεοφίλῳ
3185 544 3292 595 τινὶ
3318 542 3520 613 ἔγραψε
3555 544 3617 597 τὸ

2044 637 2392 706 Εὑαγγέλιον,
2418 637 2477 699 ὃς
2500 630 2580 698 εἷς
2600 631 2667 705 ἦν
2696 634 2802 688 τῶν
2829 634 3286 698 πεπιστευκότων,
3318 633 3459 688 οὕτω
3480 634 3617 699 ζέων

2043 729 2121 800 τῷ
2154 729 2440 797 πνεύματι,
2474 726 2567 779 καὶ
2600 726 2890 796 ἀπλήστως
2920 725 3057 795 ἔχων
3090 725 3217 796 περὶ
3241 724 3339 789 τὰς
3372 725 3465 778 τοῦ
3502 728 3618 778 Κυ-

2047 822 2163 894 ρίου
2195 818 2423 891 πράξεις
2448 834 2507 870 τε
2530 818 2624 870 καὶ
2646 817 2865 885 λόγους·
2896 817 3063 886 ὅνπερ
3088 816 3257 869 ἐποίει
3286 816 3622 885 ἀσφαλέστε-
3680 806 3687 813 λ

2050 929 2140 983 ρον
2163 912 2256 965 καὶ
2281 910 2350 962 τὰ
2374 910 2468 962 νῦν
2495 909 2834 978 γραφόμενα.
2859 907 3065 969 Πάντες
3082 906 3176 960 ὲάν
3198 906 3425 959 τοιοῦτοι
3445 901 3620 977 ὦμεν,

2045 1005 2124 1069 ὠς
2154 1000 2493 1071 ἀγαπᾶσθαι
2524 998 2640 1052 ὑπὸ
2674 998 2778 1051 τοῦ
2805 998 2950 1051 Θεοῦ
2980 998 3078 1050 καὶ
3110 997 3412 1066 φιλεῖσθαι
3433 1037 3447 1061 ,
3483 997 3618 1050 Θεό-

2047 1095 2190 1165 φιλοί
2239 1095 2424 1164 ἐσμεν.
2468 1093 2578 1145 Καὶ
2611 1092 2712 1145 οὐκ
2746 1090 2810 1145 ἄν
2842 1109 2924 1154 τις
2957 1092 3043 1163 εἴη
3076 1091 3332 1158 Θεόφιλος
3364 1091 3620 1163 ἀσθενής.

2050 1187 2259 1255 Ὥσπερ
2288 1183 2394 1254 γὰρ
2424 1182 2732 1252 γέγραπται
2756 1182 2848 1234 ἐπὶ
2885 1181 2977 1234 τοῦ
3008 1181 3135 1234 λαοῦ
3168 1180 3519 1252 ἐξερχομένω
3555 1184 3620 1234 ὲκ

2049 1278 2148 1346 τῆς
2176 1275 2474 1344 Αἰγύπτου·
2500 1277 2620 1328 Οὐκ
2644 1271 2805 1345 ἦνὲν
2830 1276 2959 1341 ταῖς
2974 1274 3193 1343 φυλαῖς
3221 1274 3419 1327 αὐτῶν
3436 1276 3616 1329 ἀσθε-

2044 1370 2167 1424 νῶν
2186 1386 2199 1399 ⁸
2234 1368 2405 1432 οὕτως
2438 1369 2647 1439 εἴποιμι
2675 1368 2761 1433 ἂν,
2786 1369 2866 1421 ὅτι
2894 1369 3000 1430 πᾶς
3016 1366 3269 1435 Θεόφιλος
3300 1364 3620 1436 κράτιστός

2048 1464 2215 1529 ἐστιν,
2247 1461 2385 1532 ἔχων
2413 1462 2473 1514 τὸ
2505 1461 2704 1532 κράτος
2728 1461 2821 1513 καὶ
2852 1458 2949 1530 τὴν
2974 1458 3200 1529 δύναμιν
3219 1497 3234 1523 ,
3267 1459 3366 1529 τὴν
3392 1459 3499 1512 ἀπὸ
3521 1458 3618 1512 τοῦ

2048 1554 2181 1607 Θεοῦ
2229 1555 2322 1606 καὶ
2350 1552 2440 1605 τοῦ
2484 1552 2658 1621 Λόγου
2692 1552 2854 1605 αὐτοῦ
2878 1589 2891 1605 .
2923 1552 3033 1605 Καὶ
3064 1550 3234 1613 οὕτως
3261 1549 3621 1619 ἐπιγνώσεται

2045 1663 2128 1708 τις
2157 1645 2286 1717 περὶ
2311 1637 2383 1699 ὧν
2412 1643 2691 1715 κατηχήθη
2719 1643 2890 1712 λόγων
2918 1643 3018 1713 τὴν
3064 1641 3359 1711 ἀσφάλειαν
3379 1682 3392 1705 ,
3443 1642 3625 1709 συνεὶς

376 1738 480 1793 fuit
521 1738 827 1802 veritatem,
892 1736 1199 1805 intelligens
1271 1748 1579 1789 sermonem
1638 1731 1941 1801 Evangelii.

2062 1738 2132 1789 τὸν
2165 1736 2319 1805 λόγον
2348 1734 2443 1788 τοῦ
2484 1735 2833 1804 Εὐαγγελίου.
2870 1734 3291 1804 Ἐπαγγέλλεται
3323 1734 3497 1788 τοίνυν
3523 1736 3623 1807 τῆς

377 1830 617 1897 Spondet
661 1843 795 1899 ergo
852 1827 1222 1882 ﬁrmissimam
1285 1825 1673 1896 cognitionem,
1725 1834 1786 1879 ut
1822 1838 1944 1893 qua:

377 1920 467 1975 ille
498 1919 682 1973 auditu
717 1929 1027 1986 acceperat.
1074 1916 1199 1971 "ch
1246 1916 1409 1970 etiam
1464 1916 1661 1971 litteris
1720 1924 1942 1969 exarata

376 2012 560 2081 legens
582 2011 827 2067 securius
852 2010 1104 2075 retineat,
1148 2008 1416 2077 iidemque
1450 2018 1755 2063 conservet.

447 2103 658 2158 Justum
693 2118 814 2157 esse
865 2118 1047 2157 coram
1087 2103 1218 2169 Deo,
1250 2103 1372 2158 laus
1403 2112 1486 2157 est
1520 2100 1944 2155 absolutissima.

379 2194 469 2250 llle
494 2195 638 2248 enim
679 2194 829 2248 novit
889 2195 1057 2248 corda
1117 2194 1399 2249 hominum
1452 2192 1943 2262 siugularissimus.

378 2287 524 2341 Fieri
560 2288 704 2343 enim
736 2296 935 2356 potest,
963 2286 1196 2356 utjuxta
1226 2288 1369 2356 quod
1401 2288 1743 2341 extrinsecus
1771 2293 1946 2354 paret,

372 2374 551 2447 justus
586 2380 709 2449 quis
763 2380 835 2433 sit
879 2394 1064 2434 coram
1116 2380 1561 2433 hominibus:at
1616 2392 1746 2431 vero
1792 2376 1947 2446 juxta

378 2479 649 2525 secretum
694 2469 874 2525 cordis
916 2485 1258 2539 nequaquam
1294 2472 1363 2525 sit
1394 2471 1536 2533 talis,
1575 2471 1727 2538 quasi
1778 2468 1831 2521 in
1863 2469 1947 2521 lu-

378 2561 509 2614 stris
538 2560 864 2629 quibusdam
922 2559 1195 2613 latitantes
1243 2559 1450 2613 habens
1502 2571 1695 2625 pravas
1746 2555 1951 2623 cogita-

378 2653 576 2705 tiones.
613 2650 805 2706 Simile
850 2660 934 2706 est
982 2650 1130 2718 quod
1156 2648 1395 2704 occurrit
1423 2649 1563 2718 apud
1590 2646 1946 2715 Apostolum:

380 2742 618 2808 Quorum
646 2742 762 2795 laus
791 2758 893 2795 non
924 2757 987 2795 ea:
1019 2741 1337 2808 hominibus,
1374 2741 1464 2795 sed
1493 2756 1557 2794 ea:
1590 2738 1702 2793 Deo
1726 2739 1796 2792 ³⁸.
1831 2737 1944 2793 llo-

384 2835 557 2888 uzines
590 2836 735 2888 enim
779 2849 1122 2902 nequaquam
1172 2843 1349 2903 utpar
1402 2841 1490 2886 est
1531 2831 1773 2895 laudant,
1808 2830 1951 2899 quod

381 2934 535 2993 paret
586 2925 744 2979 modo
798 2925 1168 2979 videntes:at
1218 2926 1359 2979 Deus
1403 2923 1554 2978 etde
1607 2921 1951 2992 vituperabili

379 3017 659 3084 judicium,
686 3015 826 3069 etde
846 3015 1262 3071 commendabili
1294 3015 1501 3069 Iaudem
1527 3013 1771 3082 apposite
1799 3011 1947 3067 facit.

2046 1829 2299 1898 γνώσεως
2318 1830 2378 1881 τὸ
2404 1827 2638 1897 βέϐαιον,
2662 1829 2747 1881 ἴνα
2774 1828 2916 1900 ἆπερ
2931 1829 3135 1893 ἐκεῖνος
3161 1830 3297 1899 ἀκοῇ
3324 1828 3621 1899 παρέλαϐε,

2045 1922 2216 1975 ταῦτα
2246 1922 2340 1974 καὶ
2371 1921 2690 1992 γράμμασιν
2720 1920 3058 1990 ἐντυγχάνων
3080 1922 3475 1993 ἀσφαλέστερον
3495 1937 3627 1975 κατ-
3702 1952 3703 1955 η

2049 2014 2147 2086 έχῃ
2167 2053 2179 2077 ,
2212 2014 2307 2067 καὶ
2337 2014 2434 2085 τὴν
2466 2012 2646 2065 πίστιν
2672 2012 2922 2085 διατηρῇ.

2121 2105 2194 2157 Τὸ
2235 2100 2374 2157 εἶναι
2408 2105 2613 2159 δίκαιον
2643 2104 2870 2159 ἐνώπιον
2911 2104 3005 2159 τοῦ
3042 2104 3199 2170 Θεοῦ,
3244 2104 3463 2169 ἔπαινός
3497 2106 3627 2158 ἐστι

2049 2194 2274 2257 τέλειος.
2312 2194 2483 2258 Αὐτὸς
2521 2194 2630 2266 γὰρ
2663 2194 2949 2248 ἐπίσταται
2986 2195 3085 2258 τὰς
3127 2195 3355 2266 καρδίας
3385 2195 3492 2248 τῶν
3525 2198 3626 2249 ἀν-

2050 2283 2281 2357 θρώπων
2315 2284 2638 2356 μονώτατος.
2673 2286 2975 2356 Ἐνδὲχεται
3003 2285 3111 2357 γὰρ
3138 2285 3278 2339 κατά
3306 2286 3406 2356 μὲν
3424 2287 3484 2339 τὸ
3502 2304 3629 2355 φαι-

2051 2377 2272 2446 νόμενον
2303 2377 2510 2430 δίκαιον
2544 2372 2682 2430 εἷναί
2721 2394 2842 2429 τινα
2878 2375 3107 2431 ἐνώπιον
3138 2376 3246 2430 τῶν
3285 2376 3589 2448 ἀνθρώπων
3610 2418 3624 2442 ,

2052 2466 2193 2519 κατὰ
2224 2466 2281 2518 δὲ
2312 2464 2372 2517 τὸ
2407 2465 2648 2536 κρυπτὸν
2688 2464 2788 2534 τῆς
2817 2464 3044 2535 καρδίας
3089 2465 3163 2535 μὴ
3196 2459 3333 2515 εἶναι
3362 2463 3628 2525 τοιοῦτον,

2052 2562 2078 2613 ὲ
2085 2558 2465 2630 μφωλεύοντας
2480 2576 2648 2629 κεκτη
2659 2559 2816 2629 μένος
2829 2561 2980 2627 λογιο
2990 2559 3122 2629 μοὺς
3143 2556 3430 2628 πονηρούς.
3447 2554 3629 2608 Τοιοῦ-

2052 2668 2142 2704 τον
2166 2651 2260 2704 καὶ
2280 2650 2339 2703 τὸ
2365 2651 2515 2722 παρὰ
2540 2651 2617 2720 τῷ
2664 2650 2967 2720 ’Δποστόλῳ
2985 2666 2997 2679 ·
3030 2643 3142 2703 τὯν
3167 2652 3199 2702 ό
3233 2648 3478 2713 ἔπαινος
3511 2648 3625 2700 οὐκ

2054 2742 2122 2807 ἐξ
2150 2742 2494 2811 ἀνθρώπων,
2528 2743 2667 2797 ἀλλ’
2697 2742 2767 2796 ἐκ
2804 2742 2968 2796 Θεοῦ.
2997 2742 3058 2793 Οἱ
3087 2740 3195 2811 γὰρ
3222 2740 3495 2811 ἄνθρωποι
3524 2738 3629 2791 οὐκ

2054 2829 2219 2894 ἀξίως
2247 2829 2548 2892 ἐπαινόύσι,
2593 2830 2653 2882 τὸ
2687 2830 3006 2901 φαινόμενον
3040 2830 3198 2900 μόνον
3242 2829 3552 2900 βλέποντεςο
3588 2830 3619 2879 ὁ

2053 2922 2110 2975 δὲ
2137 2921 2267 2983 Θεὸς
2298 2920 2392 2974 καὶ
2430 2921 2522 2974 τοῦ
2554 2921 2754 2992 ψεκτοῦ
2786 2922 2885 2993 τὴν
2924 2921 3123 2993 κρίσιν,
3160 2920 3371 2974 καὶτοῦ
3408 2922 3627 2974 ἐπαινε-

2054 3012 2147 3065 τοῦ
2185 3014 2277 3066 τὸν
2307 3012 2525 3067 ἔπαινον
2548 3014 2714 3078 ἀξίως
2742 3016 2905 3067 ποιεῖ.
3392 3010 3395 3015 ’

384 3078 450 3162 Ϋ.
481 3108 534 3163 6.
580 3078 885 3162 Incedentes
939 3110 993 3161 in
1045 3109 1281 3160 omnibus
1334 3078 1614 3175 praceptis
1655 3116 1703 3160 et
1734 3106 1947 3176 juribus

2062 3104 2198 3175 Στίχ.
2239 3106 2740 3176 ς’.λῌορευόμενοι
2780 3106 2851 3176 ἐν
2899 3103 3123 3170 πάσαις
3146 3103 3307 3176 Λταῒς
3352 3101 3633 3168 ἐντολαῖς

878 3176 1121 3237 Domini,
1156 3178 1435 3245 inculpati.

384 3248 448 3302 ν.
482 3249 537 3304 7.
571 3249 636 3303 Et
671 3266 770 3302 non
799 3259 909 3302 erat
930 3249 1055 3315 ipsis
1087 3248 1232 3316 ﬁlius
1263 3263 1281 3301 :
1312 3258 1584 3315 prapterea
1616 3247 1754 3311 quod
1775 3246 1953 3299 Eliso-

454 3320 568 3372 beth
620 3330 728 3374 erat
752 3318 972 3381 sterilis,
989 3329 1034 3370 et
1061 3318 1211 3370 ambo
1237 3320 1463 3386 provecti
1482 3319 1539 3371 in
1561 3319 1741 3371 diebus
1772 3333 1953 3371 eorum

385 3398 769 3515 Vfgimztlccidit
812 3471 985 3511 autem
1016 3457 1141 3510 dum
1172 3457 1467 3510 sacerdotia
1499 3456 1949 3526 fungereturipse,

658 3568 659 3571 η
707 3531 763 3583 in
800 3529 981 3582 ordine
1006 3528 1133 3581 vicis
1160 3543 1291 3593 suat,
1322 3544 1499 3581 coram
1528 3527 1658 3591 Deo,
1720 3527 1735 3533 ”

384 3657 451 3714 V.
480 3658 537 3730 9.
574 3657 874 3712 Secundum
897 3676 1089 3713 morem
1121 3659 1441 3713 sacerdotii:
1470 3659 1688 3730 sortitas
1722 3668 1801 3713 est
1829 3660 1951 3730 thy-

454 3729 919 3800 miama_atlolere,
949 3730 1213 3800 ingressus
1257 3731 1309 3782 in
1341 3729 1586 3797 templum
1617 3729 1847 3783 Domini.

388 3798 453 3852 V.
498 3799 583 3855 10.
632 3798 703 3852 Et
739 3808 847 3852 tota
893 3798 1173 3869 multitudo
1220 3811 1330 3851 erat
1375 3801 1557 3869 populi
1589 3814 1747 3853 orans
1782 3799 1954 3868 foris,

901 3867 1030 3921 hora
1056 3867 1452 3938 thymiamatis.
1510 3926 1513 3927 ν

457 3958 685 4013 Fortean
770 3960 913 4013 dicet
982 3961 1180 4029 aliquis
1218 3978 1231 4014 :
1264 3959 1467 4030 thuid
1520 3960 1826 4030 appositum
1876 3968 1961 4014 est

2243 3174 2341 3227 καὶ
2362 3172 2709 3244 δικαιώμασι
2742 3175 2847 3229 τοῦ
2878 3177 3097 3242 Κυρίου
3129 3172 3435 3243 ἄμεμπτοι.

2052 3243 2198 3314 Στίχ.
2228 3243 2292 3307 ζ’.
2324 3246 2432 3314 Kal
2458 3242 2571 3301 οὐκ
2610 3242 2687 3314 ἦν
2722 3244 2927 3309 αὐτοῖς
2951 3242 3195 3297 τέκνον-θ’
3232 3242 3436 3297 καθότι
3475 3244 3643 3294 Ἑλι-

2122 3310 2304 3369 datis:
2335 3310 2412 3384 ἦν
2450 3310 2674 3383 στείρα,
2713 3315 2809 3370 καὶ
2848 3315 3166 3384 ἀμφότεροι
3198 3315 3637 3382 προϐεϐηκότες

2124 3384 2194 3436 ἐν
2225 3384 2353 3449 ταῖς
2382 3386 2628 3453 ἡμέραις
2653 3384 2849 3439 αὐτῶν
2872 3384 3053 3453 ἦσαν.

2054 3454 2200 3533 Στίχί
2249 3452 2727 3533 ηντκἘγέιίετοιδὲ
2757 3456 2828 3508 ἐν
2858 3452 2938 3533 τῷ
2981 3455 3302 3533 ἱερατεύειζ·
3342 3454 3526 3508 αὑτὸν
3561 3452 3635 3533 ἐς

2062 3558 2065 3559 ν
2125 3522 2197 3647 gr}
2244 3522 2411 3605 τάξει
2436 3522 2439 3523 ⁷
2463 3524 2572 3593 τῆς
2624 3526 2946 3595 ἐφημερίας
2996 3525 3211 3591 αὐτοῦ,
3266 3525 3467 3580 ἔναντι
3525 3522 3636 3576 τοῦ

2170 3611 2295 3647 εου.

2170 3611 2295 3656 εου,

2056 3665 2201 3733 Στίχ.
2238 3664 2303 3718 θ’.
2354 3665 2515 3719 Κατὰ
2540 3666 2607 3719 τό
2633 3666 2769 3732 ἔθος
2798 3663 2910 3732 τῆς
2946 3666 3236 3733 ἱερατείας
3256 3680 3269 3693 ·
3302 3664 3486 3732 ἔλαχε
3524 3661 3633 3716 τοῦ

2119 3734 2420 3802 θυμιᾶσαι,
2454 3735 2743 3789 εἰσελθὼν
2771 3737 2857 3800 εὶς
2878 3734 3166 3802 toro-aer
3190 3734 3296 3787 τοῦ
3322 3735 3563 3801 Κυρίου.

2056 3800 2203 3873 Στίχζ
2238 3811 2289 3857 ι’.
2320 3806 2431 3859 Καὶ
2458 3805 2580 3859 πᾶν
2610 3805 2676 3858 τὸ
2710 3805 2942 3872 πλῆθος
2979 3800 3057 3874 ἦν
3094 3805 3200 3859 τοῦ
3240 3800 3413 3858 λαοῦ
3442 3817 3631 3871 προσ-

2212 3876 2545 3944 ευχόμενον
2572 3875 2687 3939 ἔξω
2707 3874 2781 3943 τῇ
2805 3875 2925 3943 ὥρᾳ
2945 3875 3051 3928 τοῦ
3085 3874 3463 3943 θυμιάματος.

2133 3966 2293 4031 Ἴσως
2331 3967 2445 4037 ὲρεί
2489 3982 2592 4030 τιςο
2617 3966 2717 4020 Διὰ
2739 3967 2791 4019 τί
2818 3967 3099 4037 πρόκειται
3124 3967 3333 4029 τούτοις
3358 3966 3641 4035 τὸ,ι“ἱμεμ-

386 4049 507 4104 istis
544 4050 694 4115 illud,
722 4052 979 4119 inculpati
1005 4053 1029 4105 ἴ)
1059 4053 1192 4107 satis
1225 4053 1371 4107 enim
1403 4060 1523 4107 erat
1565 4052 1673 4106 illis
1722 4052 1947 4105 incedere

2062 4067 2228 4116 attat;
2249 4055 2405 4126 ἤρκει
2434 4054 2540 4129 γὰρ
2568 4057 2749 4118 αὐτοῖς
2779 4057 3133 4123 πορεύεσθαι
3154 4058 3228 4121 ἐν
3260 4056 3481 4120 πάσαις
3504 4055 3639 4121 ταῖς

384 4139 438 4193 i'n
469 4142 703 4195 omnibus
730 4142 824 4196 uiis
871 4141 967 4195 Dei
995 4152 1042 4196 et
1063 4140 1278 4211 juribus
1305 4156 1322 4193 :
1359 4142 1462 4196 nisi
1509 4141 1652 4197 forte
1700 4143 1947 4212 possibile

2065 4146 2227 4213 όδοῖς
2252 4147 2361 4201 τοῦ
2408 4148 2553 4202 Θεοῦ
2581 4146 2680 4200 καὶ
2717 4146 3106 4216 δικαιώμασιν
3130 4166 3142 4177 ·
3185 4150 3233 4201 εἰ
3267 4148 3340 4218 μὴ
3377 4147 3485 4218 ἄρα
3518 4148 3640 4200 ἐστὶ

382 4232 455 4287 sit
482 4234 729 4288 incedere
765 4234 815 4287 in
839 4234 1090 4289 omnibus
1124 4235 1410 4299 mandatis,
1439 4252 1543 4289 non
1573 4235 1841 4304 inculpate
1875 4244 1947 4288 ta-

2071 4238 2394 4310 πορεύεσθαι
2420 4242 2477 4292 ἐν
2510 4240 2709 4303 πάσαις
2745 4242 2864 4303 ταῖς
2897 4239 3165 4303 ἐντολαῖς,
3200 4240 3300 4293 οὑκ
3332 4239 3637 4310 ἀμέμπτως

385 4339 529 4379 men.
565 4324 695 4378 Dico
745 4325 908 4395 igitur
960 4326 1026 4378 ad
1075 4326 1177 4380 hoc
1201 4366 1217 4391 ,
1249 4327 1375 4396 quia
1408 4327 1450 4381 si
1483 4342 1587 4380 non
1615 4336 1760 4381 esset
1787 4326 1947 4393 istud,

2069 4330 2147 4385 δέ.
2172 4330 2319 4400 Φημὶ
2338 4330 2394 4383 δὲ
2425 4326 2516 4383 οὖν
2556 4330 2692 4401 πρὸς
2725 4331 2908 4395 αὐτὸν,
2933 4332 3035 4395 ὅτι,
3064 4333 3111 4384 εί
3141 4332 3214 4402 μὴ
3241 4328 3309 4402 ἦν
3334 4331 3509 4395 τοῦτο,
3535 4330 3641 4383 οὐκ

384 4415 573 4484 utique
604 4432 708 4470 non
737 4417 933 4472 fuisset
963 4418 1166 4472 dictum
1204 4436 1217 4471 :
1248 4418 1403 4471 Juste
1421 4417 1689 4487 justitiam
1719 4419 1947 4472 sectabe-

2062 4420 2125 4473 ἂν
2150 4421 2385 4490 ἐλέγετο·
2416 4423 2663 4489 Δικαίως
2695 4424 2761 4475 τὸ
2800 4422 3033 4476 δίκαιον
3053 4423 3305 4489 διώξεις.
3354 4423 3521 4476 Ἐπὰν
3543 4418 3639 4475 οὖν

385 4507 459 4562 ris
481 4507 548 4563 ’°.
584 4508 809 4576 Quando
840 4510 1004 4581 igitur
1030 4524 1349 4565 exercemus
1377 4513 1629 4572 virtutes,
1664 4510 1744 4564 sic
1776 4519 1947 4564 tamen

2062 4514 2298 4584 ποιῶμεν
2329 4513 2429 4577 τὰς
2463 4514 2702 4578 ἐντολὰς,
2721 4514 2861 4568 ὥστε
2890 4516 2985 4569 καὶ
3008 4517 3064 4567 ἐν
3094 4515 3169 4587 τῷ
3192 4515 3449 4568 συνειδότι
3468 4516 3642 4587 ῥύπον

385 4611 444 4656 ut
489 4604 540 4658 in
580 4606 912 4661 conscientia
944 4606 1243 4660 habeamus
1274 4605 1535 4675 quasdam
1573 4605 1760 4659 sordes
1805 4618 1947 4659 vanas

2062 4604 2387 4671 κενοδοξίας,
2409 4604 2441 4675 ἢ
2468 4604 2564 4658 ἀνθ
2575 4607 3008 4678 ρωπαρεσκείας,
3036 4606 3068 4677 ἢ
3093 4606 3278 4679 ἐτέρου
3301 4606 3443 4668 τινὸς
3463 4604 3642 4659 τοιού-

385 4695 593 4761 glorizo,
625 4706 717 4750 aut
752 4697 1067 4752 hominibus
1098 4696 1367 4766 placendi,
1400 4705 1495 4749 aut
1532 4695 1755 4750 alterius
1784 4694 1947 4749 alicu-

2062 4712 2151 4748 του
2178 4693 2363 4764 ἔχειν,.
2383 4693 2494 4766 (45)
2532 4694 2802 4767 ποιοῦμεν
2835 4695 2933 4759 τὰς
2965 4696 3184 4760 ἐντολὰς
3209 4696 3533 4767 ἀμέμπτως.

382 4784 470 4853 jus
504 4785 829 4854 hujusmodi,
864 4805 969 4843 non
1001 4805 1094 4844 eas
1128 4789 1399 4851 iuculpate
1424 4801 1769 4842 exercemus.

392 4876 454 4931 V.
492 4875 578 4930 ll.
608 4879 862 4961 Apparuit
900 4892 1085 4961 .autem
1122 4882 1173 4961 _ei
1196 4880 1411 4961 angelus
1446 4880 1697 4961 Domini,
1734 4888 1882 4931 stans
1928 4893 1947 4929 ι

2062 4889 2209 4961 Στίχ.
2228 4895 2328 4961 μιαί.
2360 4890 2562 4961 ῌὪςρθη
2608 4891 2675 4945 δὲ
2721 4891 2880 4957 αὐτῷ
2901 4890 3151 4961 ἅγγελος
3183 4891 3405 4958 Κυρίου
3442 4877 3638 4955 ἑστὼς

739 4951 936 5003 dextris
974 4950 1157 5003 altaris
1189 4950 1571 5018 thymiamatis.

392 5014 453 5071 V.
490 5017 572 5070 12.
621 5017 687 5071 Et
739 5021 977 5071 turbatus
1026 5031 1099 5071 est
1140 5018 1429 5071 Zacharias
1473 5019 1651 5071 uidens
1686 5026 1774 5071 :et
1805 5017 1947 5071 timo:

2115 4950 2189 5013 ἐᾶἰ
2216 4950 2573 5021 δεξιῶνττοῧ
2604 4950 3040 5029 θυσιαστηρῖὸυ
3066 4950 3172 5015 τοῦ
3202 4950 3585 5046 θῦμιάματος.

2062 5030 2210 5071 Στίν-
2255 5029 2338 5071 15',
2385 5030 2489 5071 Καὶ
2525 5031 2820 5071 ἱκτηηήνΗιη
2862 5034 3153 5071 Τηνηηίηρ
3194 5031 3361 5071 ιδωνο
3394 5031 3487 5071 amr)
3530 5048 3585 5071 rm

438 5056 453 5071 .
490 5018 572 5070 12.
621 5018 687 5071 Et
739 5021 977 5072 turbatus
1026 5031 1112 5101 est.
1140 5018 1429 5101 Zacharias
1473 5019 1651 5073 uidens
1686 5026 1774 5071 :et
1805 5018 1947 5071 timo:

2062 5030 2213 5100 Στίχ.
2255 5018 2341 5083 ιϐ’.
2379 5030 2490 5084 Καὶ
2525 5031 2820 5101 ἐταράχθη
2856 5018 3153 5100 Ζαχαρίας
3193 5018 3490 5085 ὶδῶν⁶’καὶ
3528 5018 3637 5099 ᾠό-

832 5126 847 5133 -
952 5091 1218 5171 ερεὶόὶιηῇη
1241 5107 1378 5145 eum.
1461 5158 1471 5171 '
1633 5157 1677 5171 ῃ
1764 5159 1774 5168 '

2067 5168 2102 5171 Α
2310 5170 2317 5171 7
2418 5169 2434 5171 _
2459 5103 2561 5167 ὄος
2583 5091 2880 5155 ἑέτέᾶεσεν
2914 5091 3239 5156 ἐὲὶ”αὺτόν.

390 5155 590 5239 νέδ.⁸
620 5160 765 5239 Dixit
798 5169 973 5212 autem
1008 5161 1076 5212 ad
1126 5160 1275 5239 illum
1318 5158 1534 5239 angelus
1566 5174 1583 5212 :
1625 5157 1708 5239 Ne
1736 5159 1947 5239 timeas.

2065 5168 2213 5238 Στίχ.
2247 5170 2337 5239 ιγ’.
2365 5169 2514 5226 Εἷπε
2535 5155 2609 5223 δὲ
2641 5172 2791 5239 πρὸς
2827 5173 3013 5226 αὐτὸν
3037 5176 3069 5226 ό
3089 5172 3127 5223 ἆ

494 5170 578 5211 τὸ.
620 5170 765 5214 Dixit
798 5170 973 5212 autem
1008 5170 1075 5212 ad
1126 5170 1275 5213 illum
1318 5170 1534 5229 angelus
1566 5174 1583 5212 .‘
1625 5170 1708 5212 [γε
1736 5170 1947 5210 timeas.

458 5226 747 5294 Zacltaria,
788 5240 1060 5298 prapterea
1099 5235 1236 5299 quod
1274 5231 1527 5284 exaudita
1562 5238 1638 5282 est
1666 5227 1947 5299 postulatis

2065 5170 2213 5238 Στίχ.
2247 5170 2337 5239 ιγ’.
2365 5170 2514 5226 Εἷπε
2541 5171 2609 5223 δὲ
2641 5172 2791 5239 πρὸς
2827 5173 3013 5226 αὐτὸν
3037 5176 3069 5226 ό
3089 5172 3343 5242 ἄγγελος
3364 5186 3378 5203 ⁵
3407 5170 3505 5238 Μὴ
3536 5188 3642 5239 500-

2140 5240 2569 5299 ϐοὗ.Ζαγαοία.
2600 5241 2748 5295 διότι
2788 5243 3135 5299 ἐσηκούσθπ
3169 5244 3207 5299 ἡ
3239 5241 3449 5299 δέησίς
3486 5256 3642 5299 σου.

2140 5240 2569 5311 ϐοῦ,Ζαχαρία,
2600 5241 2748 5295 διότι
2788 5243 3135 5310 ἐσηκούσθη

458 5312 551 5353 tua
583 5297 801 5366 supplex
822 5344 835 5360 ,
868 5311 915 5353 et
964 5297 1227 5353 uxor‘tua
1269 5299 1543 5353 Elisabeth
1572 5303 1738 5364 pariet
1791 5297 1960 5366 ﬁlium

460 5371 577 5437 ubi,
604 5383 652 5423 et
688 5371 894 5424 vocabis
922 5386 1108 5425 nomen
1138 5372 1252 5440 ejus
1278 5371 1556 5426 Joannem.

460 5531 506 5565 ⁸⁸
526 5530 669 5586 Psal.
697 5549 805 5597 etv,
832 5534 922 5588 37.
1027 5534 1071 5566 ”
1101 5532 1259 5589 Rom.
1292 5549 1346 5599 ιι,
1378 5532 1468 5589 29.

452 5655 565 5722 (ll)
603 5655 829 5727 Etymon
862 5656 1167 5727 Theophili.

461 5727 572 5798 (i2)
600 5726 877 5796 Cratistos,
910 5726 1061 5800 quasi
1092 5730 1430 5798 {artissimum
1466 5726 1633 5783 dicas.

2295 5242 2569 5326 Ζαχαρία,
2600 5241 2763 5327 διότι
2782 5243 3135 5327 ξ’σηξούσθη
3169 5244 3208 5327 ῄ
3239 5241 3449 5327 δέησίς
3486 5256 3603 5295 σου
3622 5280 3642 5303 ,

2138 5310 2235 5363 καὶ
2275 5312 2313 5379 ἡ
2346 5310 2498 5380 γυνή
2538 5328 2654 5366 σου
2700 5313 3009 5366 Ἐλισάϐετ
3030 5310 3311 5381 γεννήσει
3351 5314 3483 5366 υἱόν
3507 5328 3603 5367 σοι
3621 5347 3640 5375 ,

2142 5381 2238 5434 καὶ
2273 5382 2552 5448 καλέσεις
2574 5381 2637 5435 τὸ
2662 5381 2847 5452 ὄνομα
2868 5383 3053 5438 αὑτοῦ
3087 5381 3379 5450 Ἰωάννην.

1572 5532 1615 5563 ³ο
1652 5532 1804 5589 Deut.
1832 5543 1944 5594 xvn,
1969 5526 2058 5588 20.

2126 5662 2239 5733 (ιδ)
2271 5663 2427 5719 Deest
2450 5662 2530 5715 ού.
