  <div class='ocr_page' id='page_1' title='image "/cluster/home/n/w/nwhite01/storage/ocr_20150623/17/nnc1.0046978615/168.png"; bbox 0 0 3888 6214; ppageno 0'>
   <div class='ocr_carea' id='block_1_1' title="bbox 197 348 302 406">
    <p class='ocr_par' dir='ltr' id='par_1_1' title="bbox 197 348 302 406">
     <span class='ocr_line' id='line_1_1' title="bbox 197 348 302 406; baseline -0.029 -1"><span class='ocrx_word' id='word_1_1' title='bbox 197 348 302 406; x_wconf 74' lang='lat'><strong>317</strong></span> 
     </span>
    </p>
   </div>
   <div class='ocr_carea' id='block_1_2' title="bbox 200 471 1671 610">
    <p class='ocr_par' dir='ltr' id='par_1_2' title="bbox 200 471 1671 610">
     <span class='ocr_line' id='line_1_2' title="bbox 200 471 1659 541; baseline -0.002 -17"><span class='ocrx_word' id='word_1_2' title='bbox 200 471 354 541; x_wconf 84' lang='grc' dir='ltr'>Στίχ.</span> <span class='ocrx_word' id='word_1_3' title='bbox 394 471 476 527; x_wconf 74' lang='grc' dir='ltr'>ιδ’.</span> <span class='ocrx_word' id='word_1_4' title='bbox 502 471 613 524; x_wconf 86' lang='lat' dir='ltr'><strong>Kal</strong></span> <span class='ocrx_word' id='word_1_5' title='bbox 644 471 818 523; x_wconf 74' lang='grc' dir='ltr'>ἐσται</span> <span class='ocrx_word' id='word_1_6' title='bbox 837 471 993 538; x_wconf 79' lang='grc' dir='ltr'>χαρά</span> <span class='ocrx_word' id='word_1_7' title='bbox 1015 485 1113 524; x_wconf 90' lang='grc' dir='ltr'><strong>σοι</strong></span> <span class='ocrx_word' id='word_1_8' title='bbox 1145 471 1242 523; x_wconf 74' lang='grc' dir='ltr'><strong>καὶ</strong></span> <span class='ocrx_word' id='word_1_9' title='bbox 1265 471 1626 538; x_wconf 75' lang='grc' dir='ltr'><strong>ἀγαλλίασις</strong></span> <span class='ocrx_word' id='word_1_10' title='bbox 1644 488 1659 501; x_wconf 80' lang='grc' dir='ltr'><strong>ο</strong></span> 
     </span>
     <span class='ocr_line' id='line_1_3' title="bbox 292 538 1671 610; baseline -0.001 -15"><span class='ocrx_word' id='word_1_11' title='bbox 292 541 509 595; x_wconf 76' lang='grc' dir='ltr'>πολλοὶ</span> <span class='ocrx_word' id='word_1_12' title='bbox 537 540 634 593; x_wconf 80' lang='grc' dir='ltr'>ἐπί</span> <span class='ocrx_word' id='word_1_13' title='bbox 660 538 737 608; x_wconf 77' lang='grc' dir='ltr'>τῇ</span> <span class='ocrx_word' id='word_1_14' title='bbox 764 538 1042 610; x_wconf 77' lang='grc' dir='ltr'><strong>γεννήσει</strong></span> <span class='ocrx_word' id='word_1_15' title='bbox 1069 540 1257 595; x_wconf 86' lang='grc' dir='ltr'>αὐτοῦ</span> <span class='ocrx_word' id='word_1_16' title='bbox 1283 538 1671 609; x_wconf 76' lang='grc' dir='ltr'><strong>χαρήσονται.</strong></span> 
     </span>
    </p>
   </div>
   <div class='ocr_carea' id='block_1_3' title="bbox 279 715 1782 790">
    <p class='ocr_par' dir='ltr' id='par_1_3' title="bbox 279 715 1782 790">
     <span class='ocr_line' id='line_1_4' title="bbox 279 715 1782 790; baseline -0.003 -16"><span class='ocrx_word' id='word_1_17' title='bbox 279 720 393 790; x_wconf 81' lang='grc'><strong>(44)</strong></span> <span class='ocrx_word' id='word_1_18' title='bbox 430 719 531 772; x_wconf 84' lang='grc' dir='ltr'><strong>Διὰ</strong></span> <span class='ocrx_word' id='word_1_19' title='bbox 560 718 1017 786; x_wconf 78' lang='grc' dir='ltr'>συγκαταϐἀσεως</span> <span class='ocrx_word' id='word_1_20' title='bbox 1044 716 1200 787; x_wconf 78' lang='grc' dir='ltr'>ὤφθη</span> <span class='ocrx_word' id='word_1_21' title='bbox 1232 716 1459 785; x_wconf 81' lang='grc' dir='ltr'>ἄγγελος</span> <span class='ocrx_word' id='word_1_22' title='bbox 1490 715 1567 787; x_wconf 80' lang='grc' dir='ltr'>τῷ</span> <span class='ocrx_word' id='word_1_23' title='bbox 1601 718 1782 786; x_wconf 89' lang='grc' dir='ltr'>Ζαχα-</span> 
     </span>
    </p>
   </div>
   <div class='ocr_carea' id='block_1_4' title="bbox 206 807 1783 883">
    <p class='ocr_par' dir='ltr' id='par_1_4' title="bbox 206 807 1783 883">
     <span class='ocr_line' id='line_1_5' title="bbox 206 807 1783 883; baseline -0.003 -18"><span class='ocrx_word' id='word_1_24' title='bbox 206 813 319 883; x_wconf 77' lang='grc' dir='ltr'>ρία.</span> <span class='ocrx_word' id='word_1_25' title='bbox 346 812 483 865; x_wconf 81' lang='grc' dir='ltr'>Ούδὲ</span> <span class='ocrx_word' id='word_1_26' title='bbox 511 813 621 883; x_wconf 83' lang='grc' dir='ltr'>γὰρ</span> <span class='ocrx_word' id='word_1_27' title='bbox 665 810 908 881; x_wconf 81' lang='grc' dir='ltr'><strong>φθαρτοῦ</strong></span> <span class='ocrx_word' id='word_1_28' title='bbox 956 808 1204 880; x_wconf 85' lang='grc' dir='ltr'>σώματος</span> <span class='ocrx_word' id='word_1_29' title='bbox 1234 809 1533 880; x_wconf 80' lang='grc' dir='ltr'><strong>ὀφθαλμοῖς</strong></span> <span class='ocrx_word' id='word_1_30' title='bbox 1562 807 1783 862; x_wconf 86' lang='grc' dir='ltr'>δύναταί</span> 
     </span>
    </p>
   </div>
   <div class='ocr_carea' id='block_1_5' title="bbox 203 898 1785 974">
    <p class='ocr_par' dir='ltr' id='par_1_5' title="bbox 203 898 1785 974">
     <span class='ocr_line' id='line_1_6' title="bbox 203 898 1785 974; baseline -0.003 -18"><span class='ocrx_word' id='word_1_31' title='bbox 203 920 292 967; x_wconf 77' lang='grc' dir='ltr'><strong>τις</strong></span> <span class='ocrx_word' id='word_1_32' title='bbox 325 904 453 957; x_wconf 78' lang='grc' dir='ltr'>ἰδεῖν</span> <span class='ocrx_word' id='word_1_33' title='bbox 479 903 755 974; x_wconf 78' lang='grc' dir='ltr'><strong>ἄφθαρτον</strong></span> <span class='ocrx_word' id='word_1_34' title='bbox 775 901 952 973; x_wconf 86' lang='grc' dir='ltr'>σῶμα.</span> <span class='ocrx_word' id='word_1_35' title='bbox 973 902 1067 954; x_wconf 89' lang='grc' dir='ltr'><strong>Ἐκ</strong></span> <span class='ocrx_word' id='word_1_36' title='bbox 1091 900 1280 968; x_wconf 83' lang='grc' dir='ltr'>δεξιῶν</span> <span class='ocrx_word' id='word_1_37' title='bbox 1305 901 1362 953; x_wconf 88' lang='grc' dir='ltr'><strong>δέ</strong></span> <span class='ocrx_word' id='word_1_38' title='bbox 1385 900 1539 971; x_wconf 78' lang='grc' dir='ltr'>ὤφθη</span> <span class='ocrx_word' id='word_1_39' title='bbox 1568 898 1738 962; x_wconf 88' lang='grc' dir='ltr'>ἐστὼς</span> <span class='ocrx_word' id='word_1_40' title='bbox 1756 901 1785 952; x_wconf 83' lang='grc' dir='ltr'><strong>ὁ</strong></span> 
     </span>
    </p>
   </div>
   <div class='ocr_carea' id='block_1_6' title="bbox 204 988 1785 1065">
    <p class='ocr_par' dir='ltr' id='par_1_6' title="bbox 204 988 1785 1065">
     <span class='ocr_line' id='line_1_7' title="bbox 204 988 1785 1065; baseline -0.006 -15"><span class='ocrx_word' id='word_1_41' title='bbox 204 996 441 1064; x_wconf 77' lang='grc' dir='ltr'>ἄγγελος</span> <span class='ocrx_word' id='word_1_42' title='bbox 482 993 577 1047; x_wconf 85' lang='grc' dir='ltr'><strong>τοῦ</strong></span> <span class='ocrx_word' id='word_1_43' title='bbox 620 993 1041 1065; x_wconf 84' lang='grc' dir='ltr'><strong>θυσιαστηρίου,</strong></span> <span class='ocrx_word' id='word_1_44' title='bbox 1082 992 1164 1045; x_wconf 85' lang='grc' dir='ltr'>ὃτι</span> <span class='ocrx_word' id='word_1_45' title='bbox 1205 992 1356 1045; x_wconf 87' lang='grc' dir='ltr'>αῐσια</span> <span class='ocrx_word' id='word_1_46' title='bbox 1400 990 1545 1061; x_wconf 87' lang='grc' dir='ltr'><strong>αὺτῷ</strong></span> <span class='ocrx_word' id='word_1_47' title='bbox 1593 988 1785 1061; x_wconf 72' lang='grc' dir='ltr'>ἔμελλε</span> 
     </span>
    </p>
   </div>
   <div class='ocr_carea' id='block_1_7' title="bbox 207 1082 1777 1159">
    <p class='ocr_par' dir='ltr' id='par_1_7' title="bbox 207 1082 1777 1159">
     <span class='ocr_line' id='line_1_8' title="bbox 207 1082 1777 1159; baseline -0.003 -19"><span class='ocrx_word' id='word_1_48' title='bbox 207 1087 586 1159; x_wconf 82' lang='grc' dir='ltr'><strong>προαγγεῖλαι.</strong></span> <span class='ocrx_word' id='word_1_49' title='bbox 619 1085 924 1157; x_wconf 81' lang='grc' dir='ltr'>Ἐταράχθη</span> <span class='ocrx_word' id='word_1_50' title='bbox 944 1085 999 1137; x_wconf 79' lang='grc' dir='ltr'><strong>δὲ</strong></span> <span class='ocrx_word' id='word_1_51' title='bbox 1025 1084 1299 1156; x_wconf 77' lang='grc' dir='ltr'>Ζαχαρίας</span> <span class='ocrx_word' id='word_1_52' title='bbox 1318 1082 1460 1136; x_wconf 80' lang='grc' dir='ltr'>ἰδών.</span> <span class='ocrx_word' id='word_1_53' title='bbox 1480 1082 1777 1147; x_wconf 81' lang='grc' dir='ltr'>Ξενίζουσα</span> 
     </span>
    </p>
   </div>
   <div class='ocr_carea' id='block_1_8' title="bbox 210 1175 1785 1251">
    <p class='ocr_par' dir='ltr' id='par_1_8' title="bbox 210 1175 1785 1251">
     <span class='ocr_line' id='line_1_9' title="bbox 210 1175 1785 1251; baseline -0.004 -18"><span class='ocrx_word' id='word_1_54' title='bbox 210 1180 321 1251; x_wconf 81' lang='grc' dir='ltr'>γὰρ</span> <span class='ocrx_word' id='word_1_55' title='bbox 349 1181 384 1250; x_wconf 80' lang='grc' dir='ltr'>ἡ</span> <span class='ocrx_word' id='word_1_56' title='bbox 412 1179 534 1248; x_wconf 75' lang='grc' dir='ltr'>ὖψις</span> <span class='ocrx_word' id='word_1_57' title='bbox 570 1176 842 1248; x_wconf 83' lang='grc' dir='ltr'>ἀνθρώπῳ</span> <span class='ocrx_word' id='word_1_58' title='bbox 877 1176 1176 1247; x_wconf 80' lang='grc' dir='ltr'>φαινομένη</span> <span class='ocrx_word' id='word_1_59' title='bbox 1204 1176 1303 1229; x_wconf 82' lang='grc' dir='ltr'><strong>οὐκ</strong></span> <span class='ocrx_word' id='word_1_60' title='bbox 1336 1175 1480 1229; x_wconf 76' lang='grc' dir='ltr'>ἐστιν</span> <span class='ocrx_word' id='word_1_61' title='bbox 1511 1177 1785 1245; x_wconf 83' lang='grc' dir='ltr'>ὑπομονη-</span> 
     </span>
    </p>
   </div>
   <div class='ocr_carea' id='block_1_9' title="bbox 209 1251 1788 1341">
    <p class='ocr_par' dir='ltr' id='par_1_9' title="bbox 209 1251 1788 1341">
     <span class='ocr_line' id='line_1_10' title="bbox 209 1251 1788 1341; baseline -0.004 -17"><span class='ocrx_word' id='word_1_62' title='bbox 209 1273 357 1341; x_wconf 84' lang='grc' dir='ltr'>τική.</span> <span class='ocrx_word' id='word_1_63' title='bbox 405 1251 542 1323; x_wconf 67' lang='grc' dir='ltr'>Ἀλλ’</span> <span class='ocrx_word' id='word_1_64' title='bbox 567 1271 717 1341; x_wconf 83' lang='grc' dir='ltr'>ὅμως</span> <span class='ocrx_word' id='word_1_65' title='bbox 756 1267 1071 1341; x_wconf 78' lang='grc' dir='ltr'>ἐπιστρέφει</span> <span class='ocrx_word' id='word_1_66' title='bbox 1118 1268 1226 1321; x_wconf 83' lang='grc' dir='ltr'><strong>ἀπὸ</strong></span> <span class='ocrx_word' id='word_1_67' title='bbox 1265 1267 1365 1338; x_wconf 81' lang='grc' dir='ltr'><strong>τῆς</strong></span> <span class='ocrx_word' id='word_1_68' title='bbox 1410 1266 1652 1337; x_wconf 83' lang='grc' dir='ltr'>ταραχῆς</span> <span class='ocrx_word' id='word_1_69' title='bbox 1697 1265 1788 1318; x_wconf 82' lang='grc' dir='ltr'><strong>τὸν</strong></span> 
     </span>
    </p>
   </div>
   <div class='ocr_carea' id='block_1_10' title="bbox 210 1356 1782 1432">
    <p class='ocr_par' dir='ltr' id='par_1_10' title="bbox 210 1356 1782 1432">
     <span class='ocr_line' id='line_1_11' title="bbox 210 1356 1782 1432; baseline -0.003 -17"><span class='ocrx_word' id='word_1_70' title='bbox 210 1362 487 1432; x_wconf 81' lang='grc' dir='ltr'>Ζαχαρίαν</span> <span class='ocrx_word' id='word_1_71' title='bbox 520 1364 549 1414; x_wconf 85' lang='grc' dir='ltr'>ὁ</span> <span class='ocrx_word' id='word_1_72' title='bbox 589 1359 839 1429; x_wconf 78' lang='grc' dir='ltr'>ἄγγελος,</span> <span class='ocrx_word' id='word_1_73' title='bbox 880 1362 973 1413; x_wconf 75' lang='grc' dir='ltr'><strong>καὶ</strong></span> <span class='ocrx_word' id='word_1_74' title='bbox 1012 1359 1313 1412; x_wconf 84' lang='grc' dir='ltr'>ἀνακτᾶται</span> <span class='ocrx_word' id='word_1_75' title='bbox 1356 1356 1539 1423; x_wconf 79' lang='grc' dir='ltr'>αὑτὸν,</span> <span class='ocrx_word' id='word_1_76' title='bbox 1576 1356 1745 1410; x_wconf 79' lang='grc' dir='ltr'>εἰπών</span> <span class='ocrx_word' id='word_1_77' title='bbox 1770 1372 1782 1386; x_wconf 84' lang='grc'><em>’</em></span> 
     </span>
    </p>
   </div>
   <div class='ocr_carea' id='block_1_11' title="bbox 212 1438 882 1521">
    <p class='ocr_par' dir='ltr' id='par_1_11' title="bbox 212 1438 882 1521">
     <span class='ocr_line' id='line_1_12' title="bbox 212 1438 882 1521; baseline -0.003 -14"><span class='ocrx_word' id='word_1_78' title='bbox 212 1453 310 1521; x_wconf 79' lang='grc' dir='ltr'><strong>Μὴ</strong></span> <span class='ocrx_word' id='word_1_79' title='bbox 330 1451 539 1521; x_wconf 64' lang='grc' dir='ltr'>φοϐοῦ,</span> <span class='ocrx_word' id='word_1_80' title='bbox 562 1451 844 1520; x_wconf 82' lang='grc' dir='ltr'>Ζαχαρία.</span> <span class='ocrx_word' id='word_1_81' title='bbox 872 1438 882 1447; x_wconf 69' lang='grc'><strong>’</strong></span> 
     </span>
    </p>
   </div>
   <div class='ocr_carea' id='block_1_12' title="bbox 282 1625 1794 1702">
    <p class='ocr_par' dir='ltr' id='par_1_12' title="bbox 282 1625 1794 1702">
     <span class='ocr_line' id='line_1_13' title="bbox 282 1625 1794 1702; baseline -0.005 -17"><span class='ocrx_word' id='word_1_82' title='bbox 282 1631 395 1702; x_wconf 89' lang='grc'><strong>(45)</strong></span> <span class='ocrx_word' id='word_1_83' title='bbox 416 1630 575 1695; x_wconf 87' lang='grc' dir='ltr'>Ἴσθι,</span> <span class='ocrx_word' id='word_1_84' title='bbox 601 1631 683 1683; x_wconf 82' lang='grc' dir='ltr'>ὅτι</span> <span class='ocrx_word' id='word_1_85' title='bbox 721 1630 781 1682; x_wconf 86' lang='grc' dir='ltr'><strong>ού</strong></span> <span class='ocrx_word' id='word_1_86' title='bbox 827 1628 989 1683; x_wconf 76' lang='grc' dir='ltr'>παντὶ</span> <span class='ocrx_word' id='word_1_87' title='bbox 1016 1628 1264 1697; x_wconf 84' lang='grc' dir='ltr'>φαίνεται</span> <span class='ocrx_word' id='word_1_88' title='bbox 1290 1628 1319 1681; x_wconf 83' lang='grc' dir='ltr'><strong>ὁ</strong></span> <span class='ocrx_word' id='word_1_89' title='bbox 1348 1626 1528 1697; x_wconf 84' lang='grc' dir='ltr'>Θεὸςῆ</span> <span class='ocrx_word' id='word_1_90' title='bbox 1555 1628 1604 1679; x_wconf 83' lang='grc' dir='ltr'>οἱ</span> <span class='ocrx_word' id='word_1_91' title='bbox 1626 1625 1794 1694; x_wconf 82' lang='grc' dir='ltr'>ἄγγε-</span> 
     </span>
    </p>
   </div>
   <div class='ocr_carea' id='block_1_13' title="bbox 208 1716 1789 1793">
    <p class='ocr_par' dir='ltr' id='par_1_13' title="bbox 208 1716 1789 1793">
     <span class='ocr_line' id='line_1_14' title="bbox 208 1716 1789 1793; baseline -0.005 -17"><span class='ocrx_word' id='word_1_92' title='bbox 208 1724 313 1788; x_wconf 91' lang='grc' dir='ltr'>λοι,</span> <span class='ocrx_word' id='word_1_93' title='bbox 341 1722 479 1775; x_wconf 77' lang='grc' dir='ltr'>ἀλλὰ</span> <span class='ocrx_word' id='word_1_94' title='bbox 493 1725 604 1785; x_wconf 87' lang='grc' dir='ltr'>τοῖς</span> <span class='ocrx_word' id='word_1_95' title='bbox 630 1720 876 1793; x_wconf 78' lang='grc' dir='ltr'>καθαρὰν</span> <span class='ocrx_word' id='word_1_96' title='bbox 907 1720 1088 1791; x_wconf 75' lang='grc' dir='ltr'>έχουσι</span> <span class='ocrx_word' id='word_1_97' title='bbox 1106 1719 1203 1791; x_wconf 82' lang='grc' dir='ltr'>τὴν</span> <span class='ocrx_word' id='word_1_98' title='bbox 1232 1718 1477 1791; x_wconf 81' lang='grc' dir='ltr'>καρδίαν,</span> <span class='ocrx_word' id='word_1_99' title='bbox 1501 1718 1593 1770; x_wconf 72' lang='grc' dir='ltr'><strong>καὶ</strong></span> <span class='ocrx_word' id='word_1_100' title='bbox 1621 1716 1789 1782; x_wconf 79' lang='grc' dir='ltr'>ἀξίοις</span> 
     </span>
    </p>
   </div>
   <div class='ocr_carea' id='block_1_14' title="bbox 1474 344 2170 404">
    <p class='ocr_par' dir='ltr' id='par_1_14' title="bbox 1474 344 2170 404">
     <span class='ocr_line' id='line_1_15' title="bbox 1474 344 2170 404; baseline 0.001 -1"><span class='ocrx_word' id='word_1_101' title='bbox 1474 344 1765 403; x_wconf 69' lang='grc' dir='ltr'>δεΗοιλΑ</span> <span class='ocrx_word' id='word_1_102' title='bbox 1803 347 1873 402; x_wconf 83' lang='lat' dir='ltr'><strong>1N</strong></span> <span class='ocrx_word' id='word_1_103' title='bbox 1910 346 2170 404; x_wconf 82' lang='lat' dir='ltr'><strong>LUCAM.</strong></span> 
     </span>
    </p>
   </div>
   <div class='ocr_carea' id='block_1_15' title="bbox 340 460 1789 538">
    <p class='ocr_par' dir='ltr' id='par_1_15' title="bbox 340 468 1777 538">
     <span class='ocr_line' id='line_1_16' title="bbox 340 468 1777 538; baseline -0.001 -13"><span class='ocrx_word' id='word_1_104' title='bbox 340 514 354 525; x_wconf 92' lang='lat'><strong>.</strong></span> <span class='ocrx_word' id='word_1_105' title='bbox 394 470 476 527; x_wconf 75' lang='grc' dir='ltr'>ιδ’.</span> <span class='ocrx_word' id='word_1_106' title='bbox 502 469 613 524; x_wconf 86' lang='lat' dir='ltr'><strong>Kal</strong></span> <span class='ocrx_word' id='word_1_107' title='bbox 644 468 818 523; x_wconf 72' lang='grc' dir='ltr'>ἔσται</span> <span class='ocrx_word' id='word_1_108' title='bbox 837 468 993 538; x_wconf 77' lang='grc' dir='ltr'>χαρά</span> <span class='ocrx_word' id='word_1_109' title='bbox 1015 485 1113 524; x_wconf 91' lang='grc' dir='ltr'><strong>σοι</strong></span> <span class='ocrx_word' id='word_1_110' title='bbox 1145 470 1242 523; x_wconf 74' lang='grc' dir='ltr'><strong>καὶ</strong></span> <span class='ocrx_word' id='word_1_111' title='bbox 1265 469 1626 538; x_wconf 75' lang='grc' dir='ltr'><strong>ἀγαλλίασις</strong></span> <span class='ocrx_word' id='word_1_112' title='bbox 1644 488 1659 501; x_wconf 88' lang='grc'><strong>·</strong></span> <span class='ocrx_word' id='word_1_113' title='bbox 1679 470 1777 526; x_wconf 73' lang='grc' dir='ltr'>καὶ</span> 
     </span>
    </p>
   </div>
   <div class='ocr_carea' id='block_1_16' title="bbox 1909 460 3446 538">
    <p class='ocr_par' dir='ltr' id='par_1_16' title="bbox 1909 460 3446 538">
     <span class='ocr_line' id='line_1_17' title="bbox 1909 460 3446 538; baseline -0.008 -15"><span class='ocrx_word' id='word_1_114' title='bbox 1909 468 1945 525; x_wconf 76' lang='grc' dir='ltr'><strong>ί.</strong></span> <span class='ocrx_word' id='word_1_115' title='bbox 1979 471 2067 525; x_wconf 84' lang='grc'><strong>14.</strong></span> <span class='ocrx_word' id='word_1_116' title='bbox 2100 468 2164 523; x_wconf 85' lang='lat' dir='ltr'><strong>Et</strong></span> <span class='ocrx_word' id='word_1_117' title='bbox 2199 468 2297 523; x_wconf 90' lang='lat' dir='ltr'><strong>erit</strong></span> <span class='ocrx_word' id='word_1_118' title='bbox 2321 466 2572 537; x_wconf 75' lang='lat' dir='ltr'><strong>gaudium</strong></span> <span class='ocrx_word' id='word_1_119' title='bbox 2603 465 2723 538; x_wconf 78' lang='lat' dir='ltr'><strong>tibi,</strong></span> <span class='ocrx_word' id='word_1_120' title='bbox 2760 473 2807 517; x_wconf 89' lang='lat' dir='ltr'><strong>et</strong></span> <span class='ocrx_word' id='word_1_121' title='bbox 2847 462 3138 538; x_wconf 50' lang='lat' dir='ltr'><strong>exsultatio</strong></span> <span class='ocrx_word' id='word_1_122' title='bbox 3171 478 3189 515; x_wconf 91' lang='lat'><strong><em>:</em></strong></span> <span class='ocrx_word' id='word_1_123' title='bbox 3216 469 3261 515; x_wconf 89' lang='lat' dir='ltr'><strong>et</strong></span> <span class='ocrx_word' id='word_1_124' title='bbox 3287 460 3446 512; x_wconf 89' lang='lat' dir='ltr'><strong>multi</strong></span> 
     </span>
    </p>
   </div>
   <div class='ocr_carea' id='block_1_17' title="bbox 3344 339 3449 394">
    <p class='ocr_par' dir='ltr' id='par_1_17' title="bbox 3344 339 3449 394">
     <span class='ocr_line' id='line_1_18' title="bbox 3344 339 3449 394; baseline -0.019 0"><span class='ocrx_word' id='word_1_125' title='bbox 3344 339 3449 394; x_wconf 74' lang='grc'><strong>318</strong></span> 
     </span>
    </p>
   </div>
   <div class='ocr_carea' id='block_1_18' title="bbox 2230 534 3076 605">
    <p class='ocr_par' dir='ltr' id='par_1_18' title="bbox 2230 534 3076 605">
     <span class='ocr_line' id='line_1_19' title="bbox 2230 534 3076 605; baseline -0.011 -12"><span class='ocrx_word' id='word_1_126' title='bbox 2230 538 2297 593; x_wconf 86' lang='lat' dir='ltr'><strong>de</strong></span> <span class='ocrx_word' id='word_1_127' title='bbox 2319 534 2591 592; x_wconf 78' lang='lat' dir='ltr'><strong>nativitate</strong></span> <span class='ocrx_word' id='word_1_128' title='bbox 2619 535 2733 603; x_wconf 80' lang='lat' dir='ltr'><strong>ejus</strong></span> <span class='ocrx_word' id='word_1_129' title='bbox 2757 534 3076 605; x_wconf 86' lang='lat' dir='ltr'><strong>gaudebunt.</strong></span> 
     </span>
    </p>
   </div>
   <div class='ocr_carea' id='block_1_19' title="bbox 1951 704 3449 781">
    <p class='ocr_par' dir='ltr' id='par_1_19' title="bbox 1951 704 3449 781">
     <span class='ocr_line' id='line_1_20' title="bbox 1951 704 3449 781; baseline -0.009 -8"><span class='ocrx_word' id='word_1_130' title='bbox 1951 718 2056 774; x_wconf 86' lang='lat' dir='ltr'><strong>Per</strong></span> <span class='ocrx_word' id='word_1_131' title='bbox 2106 714 2625 773; x_wconf 90' lang='lat' dir='ltr'><strong>condescensionem</strong></span> <span class='ocrx_word' id='word_1_132' title='bbox 2682 711 2927 781; x_wconf 90' lang='lat' dir='ltr'><strong>apparuit</strong></span> <span class='ocrx_word' id='word_1_133' title='bbox 2980 707 3202 779; x_wconf 77' lang='lat' dir='ltr'><strong>angelus</strong></span> <span class='ocrx_word' id='word_1_134' title='bbox 3240 704 3449 765; x_wconf 78' lang='lat' dir='ltr'><strong>Zacha—</strong></span> 
     </span>
    </p>
   </div>
   <div class='ocr_carea' id='block_1_20' title="bbox 1886 797 3453 878">
    <p class='ocr_par' dir='ltr' id='par_1_20' title="bbox 1886 797 3453 878">
     <span class='ocr_line' id='line_1_21' title="bbox 1886 797 3453 878; baseline -0.011 -12"><span class='ocrx_word' id='word_1_135' title='bbox 1886 811 1998 866; x_wconf 71' lang='lat' dir='ltr'><strong>riae.</strong></span> <span class='ocrx_word' id='word_1_136' title='bbox 2029 809 2214 878; x_wconf 84' lang='lat' dir='ltr'><strong>Neque</strong></span> <span class='ocrx_word' id='word_1_137' title='bbox 2237 808 2379 862; x_wconf 92' lang='lat' dir='ltr'><strong>enim</strong></span> <span class='ocrx_word' id='word_1_138' title='bbox 2404 803 2772 872; x_wconf 75' lang='lat' dir='ltr'><strong>corruptibilis</strong></span> <span class='ocrx_word' id='word_1_139' title='bbox 2800 800 3046 867; x_wconf 89' lang='lat' dir='ltr'><strong>corporis</strong></span> <span class='ocrx_word' id='word_1_140' title='bbox 3072 797 3243 852; x_wconf 90' lang='lat' dir='ltr'><strong>oculis</strong></span> <span class='ocrx_word' id='word_1_141' title='bbox 3275 805 3453 864; x_wconf 91' lang='lat' dir='ltr'><strong>potest</strong></span> 
     </span>
    </p>
   </div>
   <div class='ocr_carea' id='block_1_21' title="bbox 1883 887 3454 971">
    <p class='ocr_par' dir='ltr' id='par_1_21' title="bbox 1883 887 3454 971">
     <span class='ocr_line' id='line_1_22' title="bbox 1883 887 3454 971; baseline -0.011 -15"><span class='ocrx_word' id='word_1_142' title='bbox 1883 905 2003 971; x_wconf 87' lang='lat' dir='ltr'><strong>quis</strong></span> <span class='ocrx_word' id='word_1_143' title='bbox 2048 901 2230 954; x_wconf 90' lang='lat' dir='ltr'><strong>videre</strong></span> <span class='ocrx_word' id='word_1_144' title='bbox 2259 894 2667 966; x_wconf 90' lang='lat' dir='ltr'><strong>incorruptibile</strong></span> <span class='ocrx_word' id='word_1_145' title='bbox 2723 906 2920 960; x_wconf 88' lang='lat' dir='ltr'><strong>corpus</strong></span> <span class='ocrx_word' id='word_1_146' title='bbox 2975 888 3111 960; x_wconf 84' lang='grc'><strong>(48).</strong></span> <span class='ocrx_word' id='word_1_147' title='bbox 3169 887 3329 942; x_wconf 83' lang='lat' dir='ltr'><strong>Visus</strong></span> <span class='ocrx_word' id='word_1_148' title='bbox 3370 895 3454 941; x_wconf 74' lang='grc' dir='ltr'><strong>εει</strong></span> 
     </span>
    </p>
   </div>
   <div class='ocr_carea' id='block_1_22' title="bbox 1885 978 3453 1061">
    <p class='ocr_par' dir='ltr' id='par_1_22' title="bbox 1885 978 3453 1061">
     <span class='ocr_line' id='line_1_23' title="bbox 1885 978 3453 1061; baseline -0.01 -14"><span class='ocrx_word' id='word_1_149' title='bbox 1885 1003 2063 1048; x_wconf 90' lang='lat' dir='ltr'><strong>autem</strong></span> <span class='ocrx_word' id='word_1_150' title='bbox 2122 989 2365 1061; x_wconf 85' lang='lat' dir='ltr'><strong>angelus,</strong></span> <span class='ocrx_word' id='word_1_151' title='bbox 2398 997 2548 1043; x_wconf 83' lang='lat' dir='ltr'><strong>stans</strong></span> <span class='ocrx_word' id='word_1_152' title='bbox 2578 1001 2607 1040; x_wconf 88' lang='lat' dir='ltr'><strong>a</strong></span> <span class='ocrx_word' id='word_1_153' title='bbox 2634 984 2839 1040; x_wconf 79' lang='lat' dir='ltr'><strong>dextris</strong></span> <span class='ocrx_word' id='word_1_154' title='bbox 2881 981 3068 1035; x_wconf 87' lang='lat' dir='ltr'><strong>altaris</strong></span> <span class='ocrx_word' id='word_1_155' title='bbox 3092 1019 3108 1045; x_wconf 94' lang='lat'><strong>,</strong></span> <span class='ocrx_word' id='word_1_156' title='bbox 3133 980 3228 1050; x_wconf 89' lang='lat' dir='ltr'><strong>qui</strong></span> <span class='ocrx_word' id='word_1_157' title='bbox 3277 978 3453 1033; x_wconf 86' lang='lat' dir='ltr'><strong>fausta</strong></span> 
     </span>
    </p>
   </div>
   <div class='ocr_carea' id='block_1_23' title="bbox 1885 1071 3455 1150">
    <p class='ocr_par' dir='ltr' id='par_1_23' title="bbox 1885 1071 3455 1150">
     <span class='ocr_line' id='line_1_24' title="bbox 1885 1071 3455 1150; baseline -0.01 -10"><span class='ocrx_word' id='word_1_158' title='bbox 1885 1085 2263 1150; x_wconf 81' lang='lat' dir='ltr'><strong>fortunataque</strong></span> <span class='ocrx_word' id='word_1_159' title='bbox 2318 1080 2391 1135; x_wconf 83' lang='lat' dir='ltr'><strong>illi</strong></span> <span class='ocrx_word' id='word_1_160' title='bbox 2453 1078 2913 1149; x_wconf 66' lang='lat' dir='ltr'><strong>praenuntiaturus</strong></span> <span class='ocrx_word' id='word_1_161' title='bbox 2974 1082 3112 1127; x_wconf 89' lang='lat' dir='ltr'><strong>erat.</strong></span> <span class='ocrx_word' id='word_1_162' title='bbox 3179 1071 3455 1126; x_wconf 83' lang='lat' dir='ltr'><strong>Turbatus</strong></span> 
     </span>
    </p>
   </div>
   <div class='ocr_carea' id='block_1_24' title="bbox 1884 1163 3454 1228">
    <p class='ocr_par' dir='ltr' id='par_1_24' title="bbox 1884 1163 3454 1228">
     <span class='ocr_line' id='line_1_25' title="bbox 1884 1163 3454 1228; baseline -0.007 0"><span class='ocrx_word' id='word_1_163' title='bbox 1884 1182 1968 1228; x_wconf 90' lang='lat' dir='ltr'><strong>est</strong></span> <span class='ocrx_word' id='word_1_164' title='bbox 2000 1187 2129 1227; x_wconf 81' lang='lat' dir='ltr'><strong>vero</strong></span> <span class='ocrx_word' id='word_1_165' title='bbox 2156 1170 2448 1225; x_wconf 83' lang='lat' dir='ltr'><strong>Zacharias</strong></span> <span class='ocrx_word' id='word_1_166' title='bbox 2485 1170 2697 1223; x_wconf 88' lang='lat' dir='ltr'><strong>videns.</strong></span> <span class='ocrx_word' id='word_1_167' title='bbox 2725 1166 2861 1221; x_wconf 86' lang='lat' dir='ltr'><strong>Cum</strong></span> <span class='ocrx_word' id='word_1_168' title='bbox 2902 1166 3047 1221; x_wconf 90' lang='lat' dir='ltr'><strong>enim</strong></span> <span class='ocrx_word' id='word_1_169' title='bbox 3083 1164 3222 1219; x_wconf 82' lang='lat' dir='ltr'><strong>visio</strong></span> <span class='ocrx_word' id='word_1_170' title='bbox 3246 1163 3454 1218; x_wconf 89' lang='lat' dir='ltr'><strong>homini</strong></span> 
     </span>
    </p>
   </div>
   <div class='ocr_carea' id='block_1_25' title="bbox 1886 1256 3455 1326">
    <p class='ocr_par' dir='ltr' id='par_1_25' title="bbox 1886 1256 3455 1326">
     <span class='ocr_line' id='line_1_26' title="bbox 1886 1256 3455 1326; baseline -0.005 -8"><span class='ocrx_word' id='word_1_171' title='bbox 1886 1265 2138 1319; x_wconf 89' lang='lat' dir='ltr'><strong>inusitata</strong></span> <span class='ocrx_word' id='word_1_172' title='bbox 2190 1262 2422 1326; x_wconf 89' lang='lat' dir='ltr'><strong>videtur,</strong></span> <span class='ocrx_word' id='word_1_173' title='bbox 2478 1261 2621 1314; x_wconf 86' lang='lat' dir='ltr'><strong>haud</strong></span> <span class='ocrx_word' id='word_1_174' title='bbox 2680 1258 2837 1320; x_wconf 82' lang='lat' dir='ltr'><strong>facile</strong></span> <span class='ocrx_word' id='word_1_175' title='bbox 2878 1261 3201 1313; x_wconf 89' lang='lat' dir='ltr'><strong>sustinetur.</strong></span> <span class='ocrx_word' id='word_1_176' title='bbox 3238 1256 3455 1311; x_wconf 82' lang='lat' dir='ltr'><strong>Nihilo-</strong></span> 
     </span>
    </p>
   </div>
   <div class='ocr_carea' id='block_1_26' title="bbox 1888 1351 3454 1418">
    <p class='ocr_par' dir='ltr' id='par_1_26' title="bbox 1888 1351 3454 1418">
     <span class='ocr_line' id='line_1_27' title="bbox 1888 1351 3454 1418; baseline -0.004 -8"><span class='ocrx_word' id='word_1_177' title='bbox 1888 1358 2065 1411; x_wconf 88' lang='lat' dir='ltr'><strong>minus</strong></span> <span class='ocrx_word' id='word_1_178' title='bbox 2114 1363 2336 1410; x_wconf 83' lang='lat' dir='ltr'><strong>revocat</strong></span> <span class='ocrx_word' id='word_1_179' title='bbox 2384 1368 2414 1407; x_wconf 90' lang='lat' dir='ltr'><strong>a</strong></span> <span class='ocrx_word' id='word_1_180' title='bbox 2467 1353 2780 1407; x_wconf 87' lang='lat' dir='ltr'><strong>turbatione</strong></span> <span class='ocrx_word' id='word_1_181' title='bbox 2810 1352 3133 1406; x_wconf 81' lang='lat' dir='ltr'><strong>Zachariam</strong></span> <span class='ocrx_word' id='word_1_182' title='bbox 3184 1351 3408 1418; x_wconf 75' lang='lat' dir='ltr'><strong>angelus</strong></span> <span class='ocrx_word' id='word_1_183' title='bbox 3437 1390 3454 1414; x_wconf 95' lang='lat'><strong>,</strong></span> 
     </span>
    </p>
   </div>
   <div class='ocr_carea' id='block_1_27' title="bbox 1888 1437 3458 1514">
    <p class='ocr_par' dir='ltr' id='par_1_27' title="bbox 1888 1437 3458 1514">
     <span class='ocr_line' id='line_1_28' title="bbox 1888 1437 3458 1514; baseline -0.003 -15"><span class='ocrx_word' id='word_1_184' title='bbox 1888 1447 2203 1514; x_wconf 87' lang='lat' dir='ltr'><strong>animosque</strong></span> <span class='ocrx_word' id='word_1_185' title='bbox 2233 1444 2283 1499; x_wconf 93' lang='lat' dir='ltr'><strong>ei</strong></span> <span class='ocrx_word' id='word_1_186' title='bbox 2326 1440 2524 1497; x_wconf 85' lang='lat' dir='ltr'><strong>sulIicit</strong></span> <span class='ocrx_word' id='word_1_187' title='bbox 2558 1442 2808 1511; x_wconf 88' lang='lat' dir='ltr'><strong>inquiens</strong></span> <span class='ocrx_word' id='word_1_188' title='bbox 2832 1481 2847 1506; x_wconf 92' lang='lat'><strong>,</strong></span> <span class='ocrx_word' id='word_1_189' title='bbox 2882 1441 2965 1495; x_wconf 84' lang='lat' dir='ltr'><strong>Ne</strong></span> <span class='ocrx_word' id='word_1_190' title='bbox 2992 1440 3176 1494; x_wconf 87' lang='lat' dir='ltr'><strong>timeas</strong></span> <span class='ocrx_word' id='word_1_191' title='bbox 3200 1478 3216 1505; x_wconf 91' lang='lat'><strong>,</strong></span> <span class='ocrx_word' id='word_1_192' title='bbox 3253 1437 3458 1494; x_wconf 78' lang='lat' dir='ltr'><strong>Zacha-</strong></span> 
     </span>
    </p>
   </div>
   <div class='ocr_carea' id='block_1_28' title="bbox 1887 1539 3283 1589">
    <p class='ocr_par' dir='ltr' id='par_1_28' title="bbox 1887 1539 3283 1589">
     <span class='ocr_line' id='line_1_29' title="bbox 1887 1539 3283 1589; baseline 0.001 -1"><span class='ocrx_word' id='word_1_193' title='bbox 1887 1539 1990 1589; x_wconf 88' lang='lat' dir='ltr'><strong>ria.</strong></span> <span class='ocrx_word' id='word_1_194' title='bbox 3276 1552 3283 1561; x_wconf 80' lang='lat'><em>&#39;</em></span> 
     </span>
    </p>
   </div>
   <div class='ocr_carea' id='block_1_29' title="bbox 1960 1622 3459 1696">
    <p class='ocr_par' dir='ltr' id='par_1_29' title="bbox 1960 1622 3459 1696">
     <span class='ocr_line' id='line_1_30' title="bbox 1960 1622 3459 1696; baseline -0.003 -15"><span class='ocrx_word' id='word_1_195' title='bbox 1960 1626 2128 1694; x_wconf 90' lang='lat' dir='ltr'><strong>Scito,</strong></span> <span class='ocrx_word' id='word_1_196' title='bbox 2166 1626 2307 1696; x_wconf 85' lang='lat' dir='ltr'><strong>quod</strong></span> <span class='ocrx_word' id='word_1_197' title='bbox 2341 1642 2446 1681; x_wconf 92' lang='lat' dir='ltr'><strong>non</strong></span> <span class='ocrx_word' id='word_1_198' title='bbox 2476 1626 2623 1680; x_wconf 91' lang='lat' dir='ltr'><strong>omni</strong></span> <span class='ocrx_word' id='word_1_199' title='bbox 2670 1626 2873 1681; x_wconf 87' lang='lat' dir='ltr'><strong>homini</strong></span> <span class='ocrx_word' id='word_1_200' title='bbox 2905 1631 3127 1695; x_wconf 87' lang='lat' dir='ltr'><strong>apparet</strong></span> <span class='ocrx_word' id='word_1_201' title='bbox 3168 1622 3310 1678; x_wconf 87' lang='lat' dir='ltr'><strong>Deus</strong></span> <span class='ocrx_word' id='word_1_202' title='bbox 3331 1662 3347 1687; x_wconf 94' lang='lat'><strong>,</strong></span> <span class='ocrx_word' id='word_1_203' title='bbox 3373 1622 3459 1677; x_wconf 90' lang='lat' dir='ltr'><strong>vel</strong></span> 
     </span>
    </p>
   </div>
   <div class='ocr_carea' id='block_1_30' title="bbox 1890 1716 3459 1788">
    <p class='ocr_par' dir='ltr' id='par_1_30' title="bbox 1890 1716 3459 1788">
     <span class='ocr_line' id='line_1_31' title="bbox 1890 1716 3459 1788; baseline -0.001 -16"><span class='ocrx_word' id='word_1_204' title='bbox 1890 1718 2061 1788; x_wconf 78' lang='lat' dir='ltr'><strong>angeli</strong></span> <span class='ocrx_word' id='word_1_205' title='bbox 2095 1737 2108 1772; x_wconf 93' lang='lat'>:</span> <span class='ocrx_word' id='word_1_206' title='bbox 2146 1720 2240 1773; x_wconf 78' lang='lat' dir='ltr'><strong>sed</strong></span> <span class='ocrx_word' id='word_1_207' title='bbox 2286 1719 2353 1772; x_wconf 90' lang='lat' dir='ltr'><strong>iis</strong></span> <span class='ocrx_word' id='word_1_208' title='bbox 2387 1718 2479 1787; x_wconf 86' lang='lat' dir='ltr'><strong>qui</strong></span> <span class='ocrx_word' id='word_1_209' title='bbox 2511 1718 2713 1773; x_wconf 86' lang='lat' dir='ltr'><strong>habent</strong></span> <span class='ocrx_word' id='word_1_210' title='bbox 2762 1733 2857 1773; x_wconf 90' lang='lat' dir='ltr'><strong>cor</strong></span> <span class='ocrx_word' id='word_1_211' title='bbox 2894 1717 3153 1771; x_wconf 91' lang='lat' dir='ltr'><strong>mundum</strong></span> <span class='ocrx_word' id='word_1_212' title='bbox 3180 1758 3194 1780; x_wconf 87' lang='lat'><strong><em>.</em></strong></span> <span class='ocrx_word' id='word_1_213' title='bbox 3227 1725 3282 1770; x_wconf 93' lang='lat' dir='ltr'><strong>et</strong></span> <span class='ocrx_word' id='word_1_214' title='bbox 3311 1716 3459 1785; x_wconf 83' lang='lat' dir='ltr'><strong>digni</strong></span> 
     </span>
    </p>
   </div>
   <div class='ocr_carea' id='block_1_31' title="bbox 208 1807 1789 1888">
    <p class='ocr_par' dir='ltr' id='par_1_31' title="bbox 208 1811 1780 1886">
     <span class='ocr_line' id='line_1_32' title="bbox 208 1811 1780 1886; baseline -0.004 -16"><span class='ocrx_word' id='word_1_215' title='bbox 208 1817 304 1870; x_wconf 80' lang='grc' dir='ltr'><strong>τοῦ</strong></span> <span class='ocrx_word' id='word_1_216' title='bbox 345 1816 580 1886; x_wconf 78' lang='grc' dir='ltr'><strong>βλέπειν.</strong></span> <span class='ocrx_word' id='word_1_217' title='bbox 618 1815 975 1882; x_wconf 80' lang='grc' dir='ltr'>Εὐρίσκεται</span> <span class='ocrx_word' id='word_1_218' title='bbox 995 1813 1102 1883; x_wconf 87' lang='grc' dir='ltr'>γὰρ</span> <span class='ocrx_word' id='word_1_219' title='bbox 1121 1813 1244 1879; x_wconf 83' lang='grc' dir='ltr'>τοῖς</span> <span class='ocrx_word' id='word_1_220' title='bbox 1274 1812 1360 1882; x_wconf 81' lang='grc' dir='ltr'>μὴ</span> <span class='ocrx_word' id='word_1_221' title='bbox 1395 1811 1780 1879; x_wconf 80' lang='grc' dir='ltr'>πειράζουσιν</span> 
     </span>
    </p>
   </div>
   <div class='ocr_carea' id='block_1_32' title="bbox 1909 1807 3460 1888">
    <p class='ocr_par' dir='ltr' id='par_1_32' title="bbox 1909 1807 3460 1877">
     <span class='ocr_line' id='line_1_33' title="bbox 1909 1807 3460 1877; baseline 0.001 -18"><span class='ocrx_word' id='word_1_222' title='bbox 1909 1817 2035 1873; x_wconf 80' lang='lat' dir='ltr'><strong>utut,</strong></span> <span class='ocrx_word' id='word_1_223' title='bbox 2066 1818 2124 1862; x_wconf 93' lang='lat' dir='ltr'><strong>ut</strong></span> <span class='ocrx_word' id='word_1_224' title='bbox 2150 1809 2363 1863; x_wconf 85' lang='lat' dir='ltr'><strong>videant</strong></span> <span class='ocrx_word' id='word_1_225' title='bbox 2394 1823 2409 1860; x_wconf 89' lang='lat'><strong>:</strong></span> <span class='ocrx_word' id='word_1_226' title='bbox 2441 1807 2462 1859; x_wconf 85' lang='grc'><strong><em>1</em></strong></span> <span class='ocrx_word' id='word_1_227' title='bbox 2471 1809 2711 1861; x_wconf 88' lang='lat' dir='ltr'><strong>nvenitur</strong></span> <span class='ocrx_word' id='word_1_228' title='bbox 2738 1808 2876 1861; x_wconf 86' lang='lat' dir='ltr'><strong>enim</strong></span> <span class='ocrx_word' id='word_1_229' title='bbox 2919 1808 2986 1860; x_wconf 89' lang='lat' dir='ltr'><strong>iis</strong></span> <span class='ocrx_word' id='word_1_230' title='bbox 3015 1807 3105 1877; x_wconf 89' lang='lat' dir='ltr'><strong>qui</strong></span> <span class='ocrx_word' id='word_1_231' title='bbox 3132 1822 3233 1860; x_wconf 91' lang='lat' dir='ltr'><strong>non</strong></span> <span class='ocrx_word' id='word_1_232' title='bbox 3262 1815 3460 1860; x_wconf 87' lang='lat' dir='ltr'><strong>tentant</strong></span> 
     </span>
    </p>
   </div>
   <div class='ocr_carea' id='block_1_33' title="bbox 210 1901 1789 1975">
    <p class='ocr_par' dir='ltr' id='par_1_33' title="bbox 210 1901 1789 1975">
     <span class='ocr_line' id='line_1_34' title="bbox 210 1901 1789 1975; baseline -0.003 -16"><span class='ocrx_word' id='word_1_233' title='bbox 210 1907 401 1961; x_wconf 85' lang='grc' dir='ltr'>αὑτὸν</span> <span class='ocrx_word' id='word_1_234' title='bbox 424 1946 440 1970; x_wconf 93' lang='grc'><strong>,</strong></span> <span class='ocrx_word' id='word_1_235' title='bbox 508 1903 881 1975; x_wconf 69' lang='grc' dir='ltr'><strong>ἐμφανίζεται</strong></span> <span class='ocrx_word' id='word_1_236' title='bbox 939 1903 1008 1956; x_wconf 81' lang='grc' dir='ltr'>δὲ</span> <span class='ocrx_word' id='word_1_237' title='bbox 1066 1903 1191 1969; x_wconf 84' lang='grc' dir='ltr'>τοῖς</span> <span class='ocrx_word' id='word_1_238' title='bbox 1252 1902 1338 1972; x_wconf 81' lang='grc' dir='ltr'>μὴ</span> <span class='ocrx_word' id='word_1_239' title='bbox 1412 1901 1789 1956; x_wconf 77' lang='grc' dir='ltr'><strong>ἀπιστοῦσιν</strong></span> 
     </span>
    </p>
   </div>
   <div class='ocr_carea' id='block_1_34' title="bbox 210 1999 392 2065">
    <p class='ocr_par' dir='ltr' id='par_1_34' title="bbox 210 1999 392 2065">
     <span class='ocr_line' id='line_1_35' title="bbox 210 1999 392 2065; baseline -0.011 -10"><span class='ocrx_word' id='word_1_240' title='bbox 210 1999 392 2065; x_wconf 84' lang='grc' dir='ltr'>αὐτῷ.</span> 
     </span>
    </p>
   </div>
   <div class='ocr_carea' id='block_1_35' title="bbox 289 2086 1792 2161">
    <p class='ocr_par' dir='ltr' id='par_1_35' title="bbox 289 2086 1792 2161">
     <span class='ocr_line' id='line_1_36' title="bbox 289 2086 1792 2161; baseline -0.004 -16"><span class='ocrx_word' id='word_1_241' title='bbox 289 2090 401 2145; x_wconf 84' lang='grc' dir='ltr'>Τοῦ</span> <span class='ocrx_word' id='word_1_242' title='bbox 424 2090 632 2145; x_wconf 85' lang='grc' dir='ltr'>αὐτοῦ.</span> <span class='ocrx_word' id='word_1_243' title='bbox 675 2089 891 2161; x_wconf 85' lang='grc' dir='ltr'>Ἐπειδὴ</span> <span class='ocrx_word' id='word_1_244' title='bbox 938 2089 1137 2152; x_wconf 82' lang='grc' dir='ltr'>πάντες</span> <span class='ocrx_word' id='word_1_245' title='bbox 1177 2089 1225 2141; x_wconf 83' lang='lat' dir='ltr'><strong>oi</strong></span> <span class='ocrx_word' id='word_1_246' title='bbox 1255 2088 1489 2158; x_wconf 86' lang='grc' dir='ltr'>ὁρῶντες</span> <span class='ocrx_word' id='word_1_247' title='bbox 1528 2086 1792 2155; x_wconf 83' lang='grc' dir='ltr'><strong>ἀγγέλους</strong></span> 
     </span>
    </p>
   </div>
   <div class='ocr_carea' id='block_1_36' title="bbox 214 2178 1793 2253">
    <p class='ocr_par' dir='ltr' id='par_1_36' title="bbox 214 2178 1793 2253">
     <span class='ocr_line' id='line_1_37' title="bbox 214 2178 1793 2253; baseline -0.004 -17"><span class='ocrx_word' id='word_1_248' title='bbox 214 2180 529 2251; x_wconf 76' lang='grc' dir='ltr'>ἐφοϐοῦντο,</span> <span class='ocrx_word' id='word_1_249' title='bbox 573 2183 767 2253; x_wconf 84' lang='grc' dir='ltr'><strong>μήπως</strong></span> <span class='ocrx_word' id='word_1_250' title='bbox 805 2181 883 2245; x_wconf 83' lang='grc' dir='ltr'>ὡς</span> <span class='ocrx_word' id='word_1_251' title='bbox 919 2182 1204 2252; x_wconf 82' lang='grc' dir='ltr'>μέλλοντες</span> <span class='ocrx_word' id='word_1_252' title='bbox 1248 2179 1434 2234; x_wconf 70' lang='grc' dir='ltr'>λαϐεῖν</span> <span class='ocrx_word' id='word_1_253' title='bbox 1478 2179 1657 2234; x_wconf 85' lang='grc' dir='ltr'>αὐτῶν</span> <span class='ocrx_word' id='word_1_254' title='bbox 1692 2178 1793 2242; x_wconf 83' lang='grc' dir='ltr'>τὰς</span> 
     </span>
    </p>
   </div>
   <div class='ocr_carea' id='block_1_37' title="bbox 212 2270 1793 2346">
    <p class='ocr_par' dir='ltr' id='par_1_37' title="bbox 212 2270 1793 2346">
     <span class='ocr_line' id='line_1_38' title="bbox 212 2270 1793 2346; baseline -0.003 -18"><span class='ocrx_word' id='word_1_255' title='bbox 212 2274 393 2344; x_wconf 77' lang='grc' dir='ltr'>ψυχὰς</span> <span class='ocrx_word' id='word_1_256' title='bbox 424 2274 877 2346; x_wconf 79' lang='grc' dir='ltr'>παρεληλύθασιν.</span> <span class='ocrx_word' id='word_1_257' title='bbox 919 2274 995 2337; x_wconf 83' lang='grc' dir='ltr'><strong>ὡς</strong></span> <span class='ocrx_word' id='word_1_258' title='bbox 1033 2274 1127 2326; x_wconf 69' lang='grc' dir='ltr'>καὶ</span> <span class='ocrx_word' id='word_1_259' title='bbox 1168 2273 1197 2325; x_wconf 83' lang='grc' dir='ltr'>ὁ</span> <span class='ocrx_word' id='word_1_260' title='bbox 1237 2270 1435 2325; x_wconf 87' lang='grc' dir='ltr'>Μανωέ</span> <span class='ocrx_word' id='word_1_261' title='bbox 1485 2289 1649 2341; x_wconf 78' lang='grc' dir='ltr'>φησι’</span> <span class='ocrx_word' id='word_1_262' title='bbox 1705 2270 1793 2324; x_wconf 86' lang='grc' dir='ltr'>διὰ</span> 
     </span>
    </p>
   </div>
   <div class='ocr_carea' id='block_1_38' title="bbox 212 2361 1789 2437">
    <p class='ocr_par' dir='ltr' id='par_1_38' title="bbox 212 2361 1789 2437">
     <span class='ocr_line' id='line_1_39' title="bbox 212 2361 1789 2437; baseline -0.002 -18"><span class='ocrx_word' id='word_1_263' title='bbox 212 2365 371 2419; x_wconf 83' lang='grc' dir='ltr'>τοῦτο</span> <span class='ocrx_word' id='word_1_264' title='bbox 412 2366 554 2419; x_wconf 86' lang='grc' dir='ltr'>λύων</span> <span class='ocrx_word' id='word_1_265' title='bbox 588 2366 752 2420; x_wconf 81' lang='grc' dir='ltr'>αὑτοῦ</span> <span class='ocrx_word' id='word_1_266' title='bbox 786 2366 885 2437; x_wconf 78' lang='grc' dir='ltr'>τὴν</span> <span class='ocrx_word' id='word_1_267' title='bbox 924 2365 1163 2434; x_wconf 86' lang='grc' dir='ltr'>ἀγωνίαν</span> <span class='ocrx_word' id='word_1_268' title='bbox 1188 2366 1217 2418; x_wconf 85' lang='grc' dir='ltr'>ὁ</span> <span class='ocrx_word' id='word_1_269' title='bbox 1244 2364 1495 2432; x_wconf 80' lang='grc' dir='ltr'>ἄγγελος,</span> <span class='ocrx_word' id='word_1_270' title='bbox 1530 2361 1650 2417; x_wconf 78' lang='grc' dir='ltr'>εἷπε</span> <span class='ocrx_word' id='word_1_271' title='bbox 1694 2364 1789 2416; x_wconf 86' lang='grc' dir='ltr'><strong>τό·</strong></span> 
     </span>
    </p>
   </div>
   <div class='ocr_carea' id='block_1_39' title="bbox 214 2459 1793 2533">
    <p class='ocr_par' dir='ltr' id='par_1_39' title="bbox 214 2459 1793 2533">
     <span class='ocr_line' id='line_1_40' title="bbox 214 2459 1793 2533; baseline -0.001 -20"><span class='ocrx_word' id='word_1_272' title='bbox 214 2459 313 2528; x_wconf 76' lang='grc' dir='ltr'><strong>Μὴ</strong></span> <span class='ocrx_word' id='word_1_273' title='bbox 336 2462 543 2529; x_wconf 78' lang='grc' dir='ltr'>φοϐοῦ.</span> <span class='ocrx_word' id='word_1_274' title='bbox 574 2461 648 2514; x_wconf 86' lang='grc' dir='ltr'>Ού</span> <span class='ocrx_word' id='word_1_275' title='bbox 673 2463 781 2532; x_wconf 80' lang='grc' dir='ltr'>γὰρ</span> <span class='ocrx_word' id='word_1_276' title='bbox 809 2462 966 2533; x_wconf 87' lang='grc' dir='ltr'>μόνον</span> <span class='ocrx_word' id='word_1_277' title='bbox 992 2462 1054 2514; x_wconf 83' lang='grc' dir='ltr'><strong>οὐ</strong></span> <span class='ocrx_word' id='word_1_278' title='bbox 1073 2459 1350 2531; x_wconf 78' lang='grc' dir='ltr'>τελευτᾷς,</span> <span class='ocrx_word' id='word_1_279' title='bbox 1377 2459 1505 2513; x_wconf 76' lang='grc' dir='ltr'>ἔνθα</span> <span class='ocrx_word' id='word_1_280' title='bbox 1527 2460 1671 2531; x_wconf 82' lang='grc' dir='ltr'>λύπη</span> <span class='ocrx_word' id='word_1_281' title='bbox 1700 2460 1793 2513; x_wconf 74' lang='grc' dir='ltr'><strong>καὶ</strong></span> 
     </span>
    </p>
   </div>
   <div class='ocr_carea' id='block_1_40' title="bbox 215 2548 1794 2623">
    <p class='ocr_par' dir='ltr' id='par_1_40' title="bbox 215 2548 1794 2623">
     <span class='ocr_line' id='line_1_41' title="bbox 215 2548 1794 2623; baseline 0.003 -22"><span class='ocrx_word' id='word_1_282' title='bbox 215 2548 461 2619; x_wconf 69' lang='grc' dir='ltr'>δάκρυα,</span> <span class='ocrx_word' id='word_1_283' title='bbox 504 2550 639 2604; x_wconf 80' lang='grc' dir='ltr'>ἀλλὰ</span> <span class='ocrx_word' id='word_1_284' title='bbox 684 2552 778 2605; x_wconf 78' lang='grc' dir='ltr'><strong>καὶ</strong></span> <span class='ocrx_word' id='word_1_285' title='bbox 822 2551 922 2623; x_wconf 76' lang='grc' dir='ltr'><strong>ζῇς</strong></span> <span class='ocrx_word' id='word_1_286' title='bbox 962 2551 1058 2603; x_wconf 74' lang='grc' dir='ltr'>καὶ</span> <span class='ocrx_word' id='word_1_287' title='bbox 1103 2554 1477 2616; x_wconf 60' lang='grc' dir='ltr'>τεκνοποιεὶς,</span> <span class='ocrx_word' id='word_1_288' title='bbox 1516 2552 1794 2622; x_wconf 73' lang='grc' dir='ltr'>καὶχαρὰ</span> 
     </span>
    </p>
   </div>
   <div class='ocr_carea' id='block_1_41' title="bbox 218 2642 1796 2713">
    <p class='ocr_par' dir='ltr' id='par_1_41' title="bbox 218 2642 1796 2713">
     <span class='ocr_line' id='line_1_42' title="bbox 218 2642 1796 2713; baseline 0.001 -19"><span class='ocrx_word' id='word_1_289' title='bbox 218 2642 429 2711; x_wconf 79' lang='grc' dir='ltr'>μεγάλη</span> <span class='ocrx_word' id='word_1_290' title='bbox 451 2642 602 2696; x_wconf 83' lang='grc' dir='ltr'>ἐσται</span> <span class='ocrx_word' id='word_1_291' title='bbox 635 2660 738 2696; x_wconf 80' lang='grc' dir='ltr'>σοι’</span> <span class='ocrx_word' id='word_1_292' title='bbox 757 2643 1051 2708; x_wconf 81' lang='grc' dir='ltr'>Γεννήσει</span> <span class='ocrx_word' id='word_1_293' title='bbox 1075 2642 1187 2713; x_wconf 77' lang='grc' dir='ltr'>γάρ</span> <span class='ocrx_word' id='word_1_294' title='bbox 1218 2659 1314 2697; x_wconf 86' lang='grc' dir='ltr'><strong>σοι</strong></span> <span class='ocrx_word' id='word_1_295' title='bbox 1344 2643 1479 2697; x_wconf 78' lang='grc' dir='ltr'>υἱὸν</span> <span class='ocrx_word' id='word_1_296' title='bbox 1502 2646 1540 2711; x_wconf 74' lang='grc' dir='ltr'><strong><em>ἡ</em></strong></span> <span class='ocrx_word' id='word_1_297' title='bbox 1557 2642 1796 2697; x_wconf 75' lang='grc' dir='ltr'><strong>Ἐλισά-</strong></span> 
     </span>
    </p>
   </div>
   <div class='ocr_carea' id='block_1_42' title="bbox 217 2727 1794 2804">
    <p class='ocr_par' dir='ltr' id='par_1_42' title="bbox 217 2727 1794 2804">
     <span class='ocr_line' id='line_1_43' title="bbox 217 2727 1794 2804; baseline -0.001 -17"><span class='ocrx_word' id='word_1_298' title='bbox 217 2736 337 2797; x_wconf 68' lang='grc' dir='ltr'>δεῖ,</span> <span class='ocrx_word' id='word_1_299' title='bbox 369 2727 429 2785; x_wconf 72' lang='grc' dir='ltr'>οὗ</span> <span class='ocrx_word' id='word_1_300' title='bbox 452 2736 523 2787; x_wconf 89' lang='grc' dir='ltr'>οὺ</span> <span class='ocrx_word' id='word_1_301' title='bbox 554 2733 761 2804; x_wconf 75' lang='grc' dir='ltr'>γέγονε</span> <span class='ocrx_word' id='word_1_302' title='bbox 787 2732 1009 2803; x_wconf 80' lang='grc' dir='ltr'>μείζων</span> <span class='ocrx_word' id='word_1_303' title='bbox 1030 2735 1099 2787; x_wconf 85' lang='grc' dir='ltr'>ἐν</span> <span class='ocrx_word' id='word_1_304' title='bbox 1115 2732 1425 2803; x_wconf 78' lang='grc' dir='ltr'>γεννητοῖς</span> <span class='ocrx_word' id='word_1_305' title='bbox 1450 2732 1569 2786; x_wconf 83' lang='grc' dir='ltr'>τῶν</span> <span class='ocrx_word' id='word_1_306' title='bbox 1592 2748 1794 2802; x_wconf 74' lang='grc' dir='ltr'>γυναι-</span> 
     </span>
    </p>
   </div>
   <div class='ocr_carea' id='block_1_43' title="bbox 215 2818 1793 2893">
    <p class='ocr_par' dir='ltr' id='par_1_43' title="bbox 215 2818 1793 2893">
     <span class='ocr_line' id='line_1_44' title="bbox 215 2818 1793 2893; baseline -0.002 -17"><span class='ocrx_word' id='word_1_307' title='bbox 215 2820 361 2878; x_wconf 80' lang='grc' dir='ltr'>κῶν.</span> <span class='ocrx_word' id='word_1_308' title='bbox 379 2818 515 2875; x_wconf 84' lang='grc' dir='ltr'><strong>Εἶτὰ</strong></span> <span class='ocrx_word' id='word_1_309' title='bbox 536 2839 669 2893; x_wconf 87' lang='grc' dir='ltr'>φησι</span> <span class='ocrx_word' id='word_1_310' title='bbox 685 2840 697 2852; x_wconf 90' lang='grc'><strong>·</strong></span> <span class='ocrx_word' id='word_1_311' title='bbox 720 2823 827 2877; x_wconf 90' lang='lat' dir='ltr'><strong>Kal</strong></span> <span class='ocrx_word' id='word_1_312' title='bbox 853 2822 1066 2875; x_wconf 77' lang='grc' dir='ltr'>πολλοὶ</span> <span class='ocrx_word' id='word_1_313' title='bbox 1096 2823 1193 2875; x_wconf 79' lang='grc' dir='ltr'><strong>ἐπὶ</strong></span> <span class='ocrx_word' id='word_1_314' title='bbox 1212 2821 1287 2890; x_wconf 79' lang='grc' dir='ltr'>τῇ</span> <span class='ocrx_word' id='word_1_315' title='bbox 1304 2821 1584 2891; x_wconf 79' lang='grc' dir='ltr'>γεννήσει</span> <span class='ocrx_word' id='word_1_316' title='bbox 1609 2818 1793 2874; x_wconf 85' lang='grc' dir='ltr'>αὐτοῦ</span> 
     </span>
    </p>
   </div>
   <div class='ocr_carea' id='block_1_44' title="bbox 216 2896 1795 2986">
    <p class='ocr_par' dir='ltr' id='par_1_44' title="bbox 216 2896 1795 2986">
     <span class='ocr_line' id='line_1_45' title="bbox 216 2896 1795 2986; baseline 0.001 -21"><span class='ocrx_word' id='word_1_317' title='bbox 216 2913 610 2982; x_wconf 70' lang='grc' dir='ltr'>χαρήσονται.</span> <span class='ocrx_word' id='word_1_318' title='bbox 646 2914 709 2965; x_wconf 90' lang='lat' dir='ltr'><strong>El</strong></span> <span class='ocrx_word' id='word_1_319' title='bbox 748 2914 855 2986; x_wconf 83' lang='grc' dir='ltr'>γὰρ</span> <span class='ocrx_word' id='word_1_320' title='bbox 890 2913 984 2967; x_wconf 80' lang='grc' dir='ltr'><strong>καὶ</strong></span> <span class='ocrx_word' id='word_1_321' title='bbox 1013 2914 1086 2985; x_wconf 85' lang='grc' dir='ltr'>μὴ</span> <span class='ocrx_word' id='word_1_322' title='bbox 1124 2914 1324 2977; x_wconf 83' lang='grc' dir='ltr'>πάντες</span> <span class='ocrx_word' id='word_1_323' title='bbox 1360 2910 1619 2977; x_wconf 77' lang='grc' dir='ltr'>Ἰουδαῖοι,</span> <span class='ocrx_word' id='word_1_324' title='bbox 1660 2896 1795 2966; x_wconf 72' lang='grc' dir='ltr'>ἀλλὰ</span> 
     </span>
    </p>
   </div>
   <div class='ocr_carea' id='block_1_45' title="bbox 215 3002 1792 3075">
    <p class='ocr_par' dir='ltr' id='par_1_45' title="bbox 215 3002 1792 3075">
     <span class='ocr_line' id='line_1_46' title="bbox 215 3002 1792 3075; baseline -0.001 -18"><span class='ocrx_word' id='word_1_325' title='bbox 215 3004 407 3058; x_wconf 79' lang='grc' dir='ltr'>πολλοὶ</span> <span class='ocrx_word' id='word_1_326' title='bbox 450 3004 724 3075; x_wconf 75' lang='grc' dir='ltr'>ἐχάρησαν</span> <span class='ocrx_word' id='word_1_327' title='bbox 770 3005 861 3058; x_wconf 73' lang='grc' dir='ltr'><strong>ἐπὶ</strong></span> <span class='ocrx_word' id='word_1_328' title='bbox 908 3006 973 3075; x_wconf 82' lang='grc' dir='ltr'><strong>τῇ</strong></span> <span class='ocrx_word' id='word_1_329' title='bbox 1023 3004 1296 3074; x_wconf 80' lang='grc' dir='ltr'>παρουσίᾳ</span> <span class='ocrx_word' id='word_1_330' title='bbox 1340 3003 1432 3056; x_wconf 82' lang='grc' dir='ltr'><strong>τοῦ</strong></span> <span class='ocrx_word' id='word_1_331' title='bbox 1486 3002 1792 3075; x_wconf 87' lang='grc' dir='ltr'>προδρόμου</span> 
     </span>
    </p>
   </div>
   <div class='ocr_carea' id='block_1_46' title="bbox 212 3093 1498 3164">
    <p class='ocr_par' dir='ltr' id='par_1_46' title="bbox 212 3093 1498 3164">
     <span class='ocr_line' id='line_1_47' title="bbox 212 3093 1498 3164; baseline -0.002 -17"><span class='ocrx_word' id='word_1_332' title='bbox 212 3093 625 3162; x_wconf 85' lang='grc' dir='ltr'>διαγγέλλοντος</span> <span class='ocrx_word' id='word_1_333' title='bbox 656 3094 753 3164; x_wconf 84' lang='grc' dir='ltr'>τὴν</span> <span class='ocrx_word' id='word_1_334' title='bbox 780 3093 873 3146; x_wconf 80' lang='grc' dir='ltr'><strong>τοῦ</strong></span> <span class='ocrx_word' id='word_1_335' title='bbox 909 3095 1158 3164; x_wconf 87' lang='grc' dir='ltr'>Σωτῆρος</span> <span class='ocrx_word' id='word_1_336' title='bbox 1185 3093 1498 3163; x_wconf 89' lang='grc' dir='ltr'>ἐπιδημίαν.</span> 
     </span>
    </p>
   </div>
   <div class='ocr_carea' id='block_1_47' title="bbox 1889 1898 3298 1970">
    <p class='ocr_par' dir='ltr' id='par_1_47' title="bbox 1889 1898 3298 1970">
     <span class='ocr_line' id='line_1_48' title="bbox 1889 1898 3298 1970; baseline -0.001 -17"><span class='ocrx_word' id='word_1_337' title='bbox 1889 1915 2027 1963; x_wconf 82' lang='lat' dir='ltr'><strong>eum,</strong></span> <span class='ocrx_word' id='word_1_338' title='bbox 2068 1909 2116 1953; x_wconf 88' lang='lat' dir='ltr'><strong>et</strong></span> <span class='ocrx_word' id='word_1_339' title='bbox 2154 1910 2368 1970; x_wconf 80' lang='lat' dir='ltr'><strong>apparet</strong></span> <span class='ocrx_word' id='word_1_340' title='bbox 2403 1900 2466 1954; x_wconf 89' lang='lat' dir='ltr'><strong>iis</strong></span> <span class='ocrx_word' id='word_1_341' title='bbox 2503 1900 2592 1969; x_wconf 86' lang='lat' dir='ltr'><strong>qui</strong></span> <span class='ocrx_word' id='word_1_342' title='bbox 2612 1900 2659 1953; x_wconf 91' lang='lat' dir='ltr'><strong>ei</strong></span> <span class='ocrx_word' id='word_1_343' title='bbox 2694 1898 2951 1953; x_wconf 78' lang='lat' dir='ltr'><strong>increduli</strong></span> <span class='ocrx_word' id='word_1_344' title='bbox 2975 1914 3078 1953; x_wconf 90' lang='lat' dir='ltr'><strong>non</strong></span> <span class='ocrx_word' id='word_1_345' title='bbox 3107 1907 3226 1953; x_wconf 80' lang='lat' dir='ltr'><strong>sunt</strong></span> <span class='ocrx_word' id='word_1_346' title='bbox 3254 1898 3298 1931; x_wconf 81' lang='lat'>“</span> 
     </span>
    </p>
   </div>
   <div class='ocr_carea' id='block_1_48' title="bbox 1967 2076 3462 2149">
    <p class='ocr_par' dir='ltr' id='par_1_48' title="bbox 1967 2076 3462 2149">
     <span class='ocr_line' id='line_1_49' title="bbox 1967 2076 3462 2149; baseline -0.003 -15"><span class='ocrx_word' id='word_1_347' title='bbox 1967 2080 2244 2149; x_wconf 86' lang='lat' dir='ltr'><strong>Ejusdem.</strong></span> <span class='ocrx_word' id='word_1_348' title='bbox 2275 2078 2411 2146; x_wconf 87' lang='lat' dir='ltr'><strong>Quia</strong></span> <span class='ocrx_word' id='word_1_349' title='bbox 2445 2088 2710 2148; x_wconf 90' lang='lat' dir='ltr'><strong>quotquot</strong></span> <span class='ocrx_word' id='word_1_350' title='bbox 2738 2077 2995 2133; x_wconf 83' lang='lat' dir='ltr'><strong>videbant</strong></span> <span class='ocrx_word' id='word_1_351' title='bbox 3027 2076 3269 2147; x_wconf 78' lang='lat' dir='ltr'><strong>angelos,</strong></span> <span class='ocrx_word' id='word_1_352' title='bbox 3303 2076 3462 2131; x_wconf 87' lang='lat' dir='ltr'><strong>time-</strong></span> 
     </span>
    </p>
   </div>
   <div class='ocr_carea' id='block_1_49' title="bbox 1892 2167 3464 2238">
    <p class='ocr_par' dir='ltr' id='par_1_49' title="bbox 1892 2167 3464 2238">
     <span class='ocr_line' id='line_1_50' title="bbox 1892 2167 3464 2238; baseline -0.002 -15"><span class='ocrx_word' id='word_1_353' title='bbox 1892 2169 2042 2233; x_wconf 88' lang='lat' dir='ltr'><strong>bant,</strong></span> <span class='ocrx_word' id='word_1_354' title='bbox 2072 2183 2141 2224; x_wconf 90' lang='lat' dir='ltr'><strong>ne</strong></span> <span class='ocrx_word' id='word_1_355' title='bbox 2169 2168 2315 2224; x_wconf 86' lang='lat' dir='ltr'><strong>forte</strong></span> <span class='ocrx_word' id='word_1_356' title='bbox 2359 2169 2708 2223; x_wconf 85' lang='lat' dir='ltr'><strong>advenissent</strong></span> <span class='ocrx_word' id='word_1_357' title='bbox 2753 2169 2909 2238; x_wconf 86' lang='lat' dir='ltr'><strong>quasi</strong></span> <span class='ocrx_word' id='word_1_358' title='bbox 2945 2167 3221 2235; x_wconf 87' lang='lat' dir='ltr'><strong>accepturi</strong></span> <span class='ocrx_word' id='word_1_359' title='bbox 3253 2167 3464 2220; x_wconf 87' lang='lat' dir='ltr'><strong>animas</strong></span> 
     </span>
    </p>
   </div>
   <div class='ocr_carea' id='block_1_50' title="bbox 1891 2262 3463 2332">
    <p class='ocr_par' dir='ltr' id='par_1_50' title="bbox 1891 2262 3463 2332">
     <span class='ocr_line' id='line_1_51' title="bbox 1891 2262 3463 2332; baseline -0.002 -12"><span class='ocrx_word' id='word_1_360' title='bbox 1891 2279 2121 2329; x_wconf 82' lang='lat' dir='ltr'><strong>eorum;</strong></span> <span class='ocrx_word' id='word_1_361' title='bbox 2156 2273 2215 2318; x_wconf 90' lang='lat' dir='ltr'><strong>ut</strong></span> <span class='ocrx_word' id='word_1_362' title='bbox 2239 2272 2294 2319; x_wconf 91' lang='lat' dir='ltr'><strong>et</strong></span> <span class='ocrx_word' id='word_1_363' title='bbox 2325 2262 2518 2318; x_wconf 81' lang='lat' dir='ltr'><strong>Manoe</strong></span> <span class='ocrx_word' id='word_1_364' title='bbox 2565 2262 2697 2317; x_wconf 90' lang='lat' dir='ltr'><strong>dicit</strong></span> <span class='ocrx_word' id='word_1_365' title='bbox 2728 2276 2743 2316; x_wconf 90' lang='lat'><strong>:</strong></span> <span class='ocrx_word' id='word_1_366' title='bbox 2774 2271 3060 2332; x_wconf 83' lang='lat' dir='ltr'><strong>propterea</strong></span> <span class='ocrx_word' id='word_1_367' title='bbox 3101 2262 3318 2316; x_wconf 80' lang='lat' dir='ltr'><strong>solvens</strong></span> <span class='ocrx_word' id='word_1_368' title='bbox 3343 2268 3463 2317; x_wconf 57' lang='lat' dir='ltr'><strong>me-é</strong></span> 
     </span>
    </p>
   </div>
   <div class='ocr_carea' id='block_1_51' title="bbox 1898 2352 3462 2427">
    <p class='ocr_par' dir='ltr' id='par_1_51' title="bbox 1898 2352 3462 2427">
     <span class='ocr_line' id='line_1_52' title="bbox 1898 2352 3462 2427; baseline -0.002 -16"><span class='ocrx_word' id='word_1_369' title='bbox 1898 2366 2008 2412; x_wconf 91' lang='lat' dir='ltr'><strong>tum</strong></span> <span class='ocrx_word' id='word_1_370' title='bbox 2039 2357 2263 2427; x_wconf 75' lang='lat' dir='ltr'><strong>angelus</strong></span> <span class='ocrx_word' id='word_1_371' title='bbox 2292 2355 2412 2410; x_wconf 89' lang='lat' dir='ltr'><strong>ait:</strong></span> <span class='ocrx_word' id='word_1_372' title='bbox 2446 2353 2529 2408; x_wconf 86' lang='lat' dir='ltr'><strong>Ne</strong></span> <span class='ocrx_word' id='word_1_373' title='bbox 2555 2356 2766 2408; x_wconf 88' lang='lat' dir='ltr'><strong>timeas.</strong></span> <span class='ocrx_word' id='word_1_374' title='bbox 2801 2352 2915 2409; x_wconf 82' lang='lat' dir='ltr'><strong>Non</strong></span> <span class='ocrx_word' id='word_1_375' title='bbox 2971 2354 3130 2415; x_wconf 86' lang='lat' dir='ltr'><strong>modo</strong></span> <span class='ocrx_word' id='word_1_376' title='bbox 3164 2354 3307 2408; x_wconf 91' lang='lat' dir='ltr'><strong>enim</strong></span> <span class='ocrx_word' id='word_1_377' title='bbox 3356 2370 3462 2408; x_wconf 90' lang='lat' dir='ltr'><strong>non</strong></span> 
     </span>
    </p>
   </div>
   <div class='ocr_carea' id='block_1_52' title="bbox 1894 2444 3464 2517">
    <p class='ocr_par' dir='ltr' id='par_1_52' title="bbox 1894 2444 3464 2517">
     <span class='ocr_line' id='line_1_53' title="bbox 1894 2444 3464 2517; baseline 0 -16"><span class='ocrx_word' id='word_1_378' title='bbox 1894 2447 2126 2502; x_wconf 81' lang='lat' dir='ltr'><strong>moreris</strong></span> <span class='ocrx_word' id='word_1_379' title='bbox 2153 2486 2167 2510; x_wconf 95' lang='lat'><strong>,</strong></span> <span class='ocrx_word' id='word_1_380' title='bbox 2200 2460 2309 2514; x_wconf 92' lang='lat' dir='ltr'><strong>quo</strong></span> <span class='ocrx_word' id='word_1_381' title='bbox 2338 2455 2585 2513; x_wconf 91' lang='lat' dir='ltr'><strong>tempore</strong></span> <span class='ocrx_word' id='word_1_382' title='bbox 2618 2453 2743 2499; x_wconf 86' lang='lat' dir='ltr'><strong>sunt</strong></span> <span class='ocrx_word' id='word_1_383' title='bbox 2776 2444 2930 2499; x_wconf 92' lang='lat' dir='ltr'><strong>dolor</strong></span> <span class='ocrx_word' id='word_1_384' title='bbox 2962 2454 3019 2499; x_wconf 89' lang='lat' dir='ltr'><strong>et</strong></span> <span class='ocrx_word' id='word_1_385' title='bbox 3044 2444 3331 2517; x_wconf 79' lang='lat' dir='ltr'><strong>Iacrymae;</strong></span> <span class='ocrx_word' id='word_1_386' title='bbox 3369 2461 3464 2501; x_wconf 87' lang='lat' dir='ltr'><strong>ve-</strong></span> 
     </span>
    </p>
   </div>
   <div class='ocr_carea' id='block_1_53' title="bbox 1894 2537 3463 2606">
    <p class='ocr_par' dir='ltr' id='par_1_53' title="bbox 1894 2537 3463 2606">
     <span class='ocr_line' id='line_1_54' title="bbox 1894 2537 3463 2606; baseline -0.001 -13"><span class='ocrx_word' id='word_1_387' title='bbox 1894 2555 2014 2593; x_wconf 90' lang='lat' dir='ltr'><strong>rum</strong></span> <span class='ocrx_word' id='word_1_388' title='bbox 2043 2548 2098 2595; x_wconf 89' lang='lat' dir='ltr'><strong>et</strong></span> <span class='ocrx_word' id='word_1_389' title='bbox 2128 2539 2300 2604; x_wconf 86' lang='lat' dir='ltr'><strong>vivis,</strong></span> <span class='ocrx_word' id='word_1_390' title='bbox 2338 2547 2393 2591; x_wconf 91' lang='lat' dir='ltr'><strong>et</strong></span> <span class='ocrx_word' id='word_1_391' title='bbox 2428 2537 2595 2591; x_wconf 83' lang='lat' dir='ltr'><strong>ﬁlium</strong></span> <span class='ocrx_word' id='word_1_392' title='bbox 2635 2551 2888 2605; x_wconf 86' lang='lat' dir='ltr'><strong>procreas</strong></span> <span class='ocrx_word' id='word_1_393' title='bbox 2910 2576 2927 2603; x_wconf 94' lang='lat'><strong>,</strong></span> <span class='ocrx_word' id='word_1_394' title='bbox 2975 2545 3029 2591; x_wconf 91' lang='lat' dir='ltr'><strong>et</strong></span> <span class='ocrx_word' id='word_1_395' title='bbox 3057 2538 3311 2606; x_wconf 75' lang='lat' dir='ltr'><strong>gaudium</strong></span> <span class='ocrx_word' id='word_1_396' title='bbox 3345 2553 3463 2591; x_wconf 88' lang='lat' dir='ltr'><strong>ma-</strong></span> 
     </span>
    </p>
   </div>
   <div class='ocr_carea' id='block_1_54' title="bbox 1892 2625 3461 2699">
    <p class='ocr_par' dir='ltr' id='par_1_54' title="bbox 1892 2625 3461 2699">
     <span class='ocr_line' id='line_1_55' title="bbox 1892 2625 3461 2699; baseline -0.001 -17"><span class='ocrx_word' id='word_1_397' title='bbox 1892 2644 2056 2699; x_wconf 85' lang='lat' dir='ltr'><strong>guum</strong></span> <span class='ocrx_word' id='word_1_398' title='bbox 2099 2629 2206 2683; x_wconf 86' lang='lat' dir='ltr'><strong>erit</strong></span> <span class='ocrx_word' id='word_1_399' title='bbox 2250 2628 2368 2683; x_wconf 87' lang='lat' dir='ltr'><strong>tibi.</strong></span> <span class='ocrx_word' id='word_1_400' title='bbox 2409 2625 2589 2681; x_wconf 88' lang='lat' dir='ltr'><strong>Pariet</strong></span> <span class='ocrx_word' id='word_1_401' title='bbox 2621 2628 2760 2681; x_wconf 90' lang='lat' dir='ltr'><strong>enim</strong></span> <span class='ocrx_word' id='word_1_402' title='bbox 2808 2629 2901 2681; x_wconf 83' lang='lat' dir='ltr'><strong>tibi</strong></span> <span class='ocrx_word' id='word_1_403' title='bbox 2951 2627 3120 2696; x_wconf 78' lang='lat' dir='ltr'><strong>ﬁlium</strong></span> <span class='ocrx_word' id='word_1_404' title='bbox 3162 2625 3461 2693; x_wconf 80' lang='lat' dir='ltr'><strong>Elisabeth,</strong></span> 
     </span>
    </p>
   </div>
   <div class='ocr_carea' id='block_1_55' title="bbox 1893 2718 3461 2789">
    <p class='ocr_par' dir='ltr' id='par_1_55' title="bbox 1893 2718 3461 2789">
     <span class='ocr_line' id='line_1_56' title="bbox 1893 2718 3461 2789; baseline 0.003 -17"><span class='ocrx_word' id='word_1_405' title='bbox 1893 2736 2000 2789; x_wconf 92' lang='lat' dir='ltr'><strong>quo</strong></span> <span class='ocrx_word' id='word_1_406' title='bbox 2026 2736 2129 2773; x_wconf 86' lang='lat' dir='ltr'><strong>non</strong></span> <span class='ocrx_word' id='word_1_407' title='bbox 2166 2720 2266 2787; x_wconf 77' lang='lat' dir='ltr'><strong>fuit</strong></span> <span class='ocrx_word' id='word_1_408' title='bbox 2293 2719 2466 2789; x_wconf 87' lang='lat' dir='ltr'><strong>major</strong></span> <span class='ocrx_word' id='word_1_409' title='bbox 2492 2721 2547 2773; x_wconf 85' lang='lat' dir='ltr'><strong>in</strong></span> <span class='ocrx_word' id='word_1_410' title='bbox 2576 2720 2706 2788; x_wconf 78' lang='lat' dir='ltr'><strong>ﬁliis</strong></span> <span class='ocrx_word' id='word_1_411' title='bbox 2729 2718 3009 2773; x_wconf 86' lang='lat' dir='ltr'><strong>mulierum</strong></span> <span class='ocrx_word' id='word_1_412' title='bbox 3031 2720 3097 2774; x_wconf 81' lang='grc'>³².</span> <span class='ocrx_word' id='word_1_413' title='bbox 3126 2719 3326 2775; x_wconf 84' lang='lat' dir='ltr'><strong>Deinde</strong></span> <span class='ocrx_word' id='word_1_414' title='bbox 3349 2721 3423 2773; x_wconf 89' lang='lat' dir='ltr'><strong>ait</strong></span> <span class='ocrx_word' id='word_1_415' title='bbox 3449 2744 3461 2777; x_wconf 93' lang='lat'>:</span> 
     </span>
    </p>
   </div>
   <div class='ocr_carea' id='block_1_56' title="bbox 1894 2811 3463 2883">
    <p class='ocr_par' dir='ltr' id='par_1_56' title="bbox 1894 2811 3463 2883">
     <span class='ocr_line' id='line_1_57' title="bbox 1894 2811 3463 2883; baseline 0.001 -17"><span class='ocrx_word' id='word_1_416' title='bbox 1894 2812 1962 2867; x_wconf 87' lang='lat' dir='ltr'><strong>Et</strong></span> <span class='ocrx_word' id='word_1_417' title='bbox 2002 2812 2155 2866; x_wconf 84' lang='lat' dir='ltr'><strong>multi</strong></span> <span class='ocrx_word' id='word_1_418' title='bbox 2202 2814 2267 2867; x_wconf 80' lang='lat' dir='ltr'><strong>de</strong></span> <span class='ocrx_word' id='word_1_419' title='bbox 2297 2814 2570 2866; x_wconf 77' lang='lat' dir='ltr'><strong>nativitate</strong></span> <span class='ocrx_word' id='word_1_420' title='bbox 2618 2813 2732 2882; x_wconf 87' lang='lat' dir='ltr'><strong>ejus</strong></span> <span class='ocrx_word' id='word_1_421' title='bbox 2774 2814 3093 2883; x_wconf 86' lang='lat' dir='ltr'><strong>gaudebunt.</strong></span> <span class='ocrx_word' id='word_1_422' title='bbox 3134 2811 3199 2866; x_wconf 90' lang='lat' dir='ltr'><strong>Et</strong></span> <span class='ocrx_word' id='word_1_423' title='bbox 3228 2813 3273 2867; x_wconf 89' lang='lat' dir='ltr'><strong>si</strong></span> <span class='ocrx_word' id='word_1_424' title='bbox 3320 2814 3463 2868; x_wconf 91' lang='lat' dir='ltr'><strong>enim</strong></span> 
     </span>
    </p>
   </div>
   <div class='ocr_carea' id='block_1_57' title="bbox 1894 2906 3465 2977">
    <p class='ocr_par' dir='ltr' id='par_1_57' title="bbox 1894 2906 3465 2977">
     <span class='ocr_line' id='line_1_58' title="bbox 1894 2906 3465 2977; baseline -0.001 -15"><span class='ocrx_word' id='word_1_425' title='bbox 1894 2922 2000 2962; x_wconf 93' lang='lat' dir='ltr'><strong>non</strong></span> <span class='ocrx_word' id='word_1_426' title='bbox 2046 2921 2234 2961; x_wconf 89' lang='lat' dir='ltr'><strong>omnes</strong></span> <span class='ocrx_word' id='word_1_427' title='bbox 2280 2906 2488 2971; x_wconf 59' lang='lat' dir='ltr'><strong>Judaei,</strong></span> <span class='ocrx_word' id='word_1_428' title='bbox 2537 2916 2594 2961; x_wconf 90' lang='lat' dir='ltr'><strong>at</strong></span> <span class='ocrx_word' id='word_1_429' title='bbox 2646 2906 2799 2959; x_wconf 93' lang='lat' dir='ltr'><strong>multi</strong></span> <span class='ocrx_word' id='word_1_430' title='bbox 2836 2906 3005 2975; x_wconf 87' lang='lat' dir='ltr'><strong>gavisi</strong></span> <span class='ocrx_word' id='word_1_431' title='bbox 3050 2916 3176 2961; x_wconf 90' lang='lat' dir='ltr'><strong>sunt</strong></span> <span class='ocrx_word' id='word_1_432' title='bbox 3231 2907 3300 2961; x_wconf 88' lang='lat' dir='ltr'><strong>ob</strong></span> <span class='ocrx_word' id='word_1_433' title='bbox 3327 2922 3465 2977; x_wconf 63' lang='grc' dir='ltr'>ιιι-πιθα</span> 
     </span>
    </p>
   </div>
   <div class='ocr_carea' id='block_1_58' title="bbox 1892 2997 3467 3055">
    <p class='ocr_par' dir='ltr' id='par_1_58' title="bbox 1892 2997 3467 3055">
     <span class='ocr_line' id='line_1_59' title="bbox 1892 2997 3467 3055; baseline 0.001 -3"><span class='ocrx_word' id='word_1_434' title='bbox 1892 2999 2124 3053; x_wconf 88' lang='lat' dir='ltr'><strong>sentiam</strong></span> <span class='ocrx_word' id='word_1_435' title='bbox 2154 2998 2512 3053; x_wconf 66' lang='lat' dir='ltr'><strong>Praecursoris</strong></span> <span class='ocrx_word' id='word_1_436' title='bbox 2537 2998 2913 3052; x_wconf 88' lang='lat' dir='ltr'><strong>annuntiantis</strong></span> <span class='ocrx_word' id='word_1_437' title='bbox 2944 2997 3241 3055; x_wconf 83' lang='lat' dir='ltr'><strong>Salvaturis</strong></span> <span class='ocrx_word' id='word_1_438' title='bbox 3267 3002 3467 3054; x_wconf 88' lang='lat' dir='ltr'><strong>adven-</strong></span> 
     </span>
    </p>
   </div>
   <div class='ocr_carea' id='block_1_59' title="bbox 1893 3100 2027 3145">
    <p class='ocr_par' dir='ltr' id='par_1_59' title="bbox 1893 3100 2027 3145">
     <span class='ocr_line' id='line_1_60' title="bbox 1893 3100 2027 3145; baseline -0.015 0"><span class='ocrx_word' id='word_1_439' title='bbox 1893 3100 2027 3145; x_wconf 85' lang='lat' dir='ltr'><strong>tum.</strong></span> 
     </span>
    </p>
   </div>
   <div class='ocr_carea' id='block_1_60' title="bbox 288 3176 1789 3255">
    <p class='ocr_par' dir='ltr' id='par_1_60' title="bbox 288 3176 1789 3255">
     <span class='ocr_line' id='line_1_61' title="bbox 288 3176 1789 3255; baseline -0.001 -17"><span class='ocrx_word' id='word_1_440' title='bbox 288 3185 406 3254; x_wconf 80' lang='grc'><strong>(46)</strong></span> <span class='ocrx_word' id='word_1_441' title='bbox 442 3176 597 3238; x_wconf 74' lang='grc' dir='ltr'>Κατὰ</span> <span class='ocrx_word' id='word_1_442' title='bbox 638 3183 738 3255; x_wconf 79' lang='grc' dir='ltr'><strong>τὴν</strong></span> <span class='ocrx_word' id='word_1_443' title='bbox 767 3184 1019 3255; x_wconf 86' lang='grc' dir='ltr'>θεωρίαν,</span> <span class='ocrx_word' id='word_1_444' title='bbox 1068 3186 1100 3254; x_wconf 84' lang='grc' dir='ltr'><strong>ἡ</strong></span> <span class='ocrx_word' id='word_1_445' title='bbox 1138 3183 1314 3253; x_wconf 82' lang='grc' dir='ltr'>σιωπὴ</span> <span class='ocrx_word' id='word_1_446' title='bbox 1352 3183 1457 3236; x_wconf 85' lang='grc' dir='ltr'>τῶν</span> <span class='ocrx_word' id='word_1_447' title='bbox 1496 3182 1789 3254; x_wconf 84' lang='grc' dir='ltr'>Προφητῶν</span> 
     </span>
    </p>
   </div>
   <div class='ocr_carea' id='block_1_61' title="bbox 1909 3176 3468 3255">
    <p class='ocr_par' dir='ltr' id='par_1_61' title="bbox 1968 3180 3468 3253">
     <span class='ocr_line' id='line_1_62' title="bbox 1968 3180 3468 3253; baseline -0.001 -16"><span class='ocrx_word' id='word_1_448' title='bbox 1968 3181 2131 3237; x_wconf 82' lang='lat' dir='ltr'><strong>Juxta</strong></span> <span class='ocrx_word' id='word_1_449' title='bbox 2164 3181 2588 3251; x_wconf 85' lang='lat' dir='ltr'><strong>speculationem</strong></span> <span class='ocrx_word' id='word_1_450' title='bbox 2618 3222 2634 3247; x_wconf 93' lang='lat'><strong>,</strong></span> <span class='ocrx_word' id='word_1_451' title='bbox 2665 3180 2940 3237; x_wconf 90' lang='lat' dir='ltr'><strong>silentium</strong></span> <span class='ocrx_word' id='word_1_452' title='bbox 2966 3180 3349 3253; x_wconf 90' lang='lat' dir='ltr'><strong>prophetarum</strong></span> <span class='ocrx_word' id='word_1_453' title='bbox 3383 3191 3468 3236; x_wconf 91' lang='lat' dir='ltr'><strong>est</strong></span> 
     </span>
    </p>
   </div>
   <div class='ocr_carea' id='block_1_62' title="bbox 214 3274 1791 3346">
    <p class='ocr_par' dir='ltr' id='par_1_62' title="bbox 214 3274 1791 3346">
     <span class='ocr_line' id='line_1_63' title="bbox 214 3274 1791 3346; baseline -0.002 -16"><span class='ocrx_word' id='word_1_454' title='bbox 214 3280 365 3330; x_wconf 74' lang='grc' dir='ltr'>ἐστιν</span> <span class='ocrx_word' id='word_1_455' title='bbox 406 3276 463 3327; x_wconf 80' lang='grc' dir='ltr'><strong>ἐν</strong></span> <span class='ocrx_word' id='word_1_456' title='bbox 497 3275 572 3345; x_wconf 84' lang='grc' dir='ltr'>τῷ</span> <span class='ocrx_word' id='word_1_457' title='bbox 618 3276 779 3329; x_wconf 83' lang='grc' dir='ltr'>πάλαι</span> <span class='ocrx_word' id='word_1_458' title='bbox 818 3275 931 3345; x_wconf 87' lang='grc' dir='ltr'>λαῷ</span> <span class='ocrx_word' id='word_1_459' title='bbox 961 3274 1053 3328; x_wconf 83' lang='grc' dir='ltr'><strong>τοῦ</strong></span> <span class='ocrx_word' id='word_1_460' title='bbox 1087 3275 1241 3329; x_wconf 81' lang='grc' dir='ltr'>Θεοῦ.</span> <span class='ocrx_word' id='word_1_461' title='bbox 1279 3275 1474 3328; x_wconf 83' lang='grc' dir='ltr'>Οὐκέτι</span> <span class='ocrx_word' id='word_1_462' title='bbox 1518 3274 1626 3346; x_wconf 78' lang='grc' dir='ltr'>γὰρ</span> <span class='ocrx_word' id='word_1_463' title='bbox 1660 3274 1791 3340; x_wconf 75' lang='grc' dir='ltr'>Θεὸς</span> 
     </span>
    </p>
   </div>
   <div class='ocr_carea' id='block_1_63' title="bbox 215 3366 1795 3439">
    <p class='ocr_par' dir='ltr' id='par_1_63' title="bbox 215 3366 1795 3439">
     <span class='ocr_line' id='line_1_64' title="bbox 215 3366 1795 3439; baseline -0.001 -19"><span class='ocrx_word' id='word_1_464' title='bbox 215 3367 370 3420; x_wconf 88' lang='grc' dir='ltr'>λαλεῖ</span> <span class='ocrx_word' id='word_1_465' title='bbox 395 3368 596 3432; x_wconf 79' lang='grc' dir='ltr'>αὐτοῖς,</span> <span class='ocrx_word' id='word_1_466' title='bbox 629 3367 763 3421; x_wconf 81' lang='grc' dir='ltr'>ἀλλὰ</span> <span class='ocrx_word' id='word_1_467' title='bbox 792 3367 1165 3439; x_wconf 79' lang='grc' dir='ltr'>μεταϐέϐηκεν</span> <span class='ocrx_word' id='word_1_468' title='bbox 1188 3370 1215 3421; x_wconf 79' lang='grc' dir='ltr'><strong>ὁ</strong></span> <span class='ocrx_word' id='word_1_469' title='bbox 1244 3368 1302 3420; x_wconf 86' lang='grc' dir='ltr'><strong>ἐν</strong></span> <span class='ocrx_word' id='word_1_470' title='bbox 1327 3368 1468 3439; x_wconf 81' lang='grc' dir='ltr'>ἀρχῇ</span> <span class='ocrx_word' id='word_1_471' title='bbox 1484 3366 1639 3434; x_wconf 87' lang='grc' dir='ltr'>λόγος</span> <span class='ocrx_word' id='word_1_472' title='bbox 1660 3366 1795 3437; x_wconf 81' lang='grc' dir='ltr'>πρὸς</span> 
     </span>
    </p>
   </div>
   <div class='ocr_carea' id='block_1_64' title="bbox 216 3456 1793 3529">
    <p class='ocr_par' dir='ltr' id='par_1_64' title="bbox 216 3456 1793 3529">
     <span class='ocr_line' id='line_1_65' title="bbox 216 3456 1793 3529; baseline -0.001 -19"><span class='ocrx_word' id='word_1_473' title='bbox 435 3458 545 3509; x_wconf 76' lang='grc' dir='ltr'>Καὶ</span> <span class='ocrx_word' id='word_1_474' title='bbox 592 3459 721 3529; x_wconf 85' lang='grc' dir='ltr'>παρ’</span> <span class='ocrx_word' id='word_1_475' title='bbox 750 3460 882 3529; x_wconf 76' lang='grc' dir='ltr'>ἡμῖν</span> <span class='ocrx_word' id='word_1_476' title='bbox 927 3458 989 3511; x_wconf 92' lang='grc' dir='ltr'><strong>ού</strong></span> <span class='ocrx_word' id='word_1_477' title='bbox 1043 3460 1243 3528; x_wconf 77' lang='grc' dir='ltr'>σιωπᾷ,</span> <span class='ocrx_word' id='word_1_478' title='bbox 1296 3458 1423 3529; x_wconf 78' lang='grc' dir='ltr'>παρ’</span> <span class='ocrx_word' id='word_1_479' title='bbox 1454 3458 1681 3519; x_wconf 83' lang='grc' dir='ltr'>ἐκείνοις</span> <span class='ocrx_word' id='word_1_480' title='bbox 1737 3456 1793 3509; x_wconf 86' lang='grc' dir='ltr'><strong>δέ</strong></span> 
     </span>
    </p>
   </div>
   <div class='ocr_carea' id='block_1_65' title="bbox 217 3547 1790 3621">
    <p class='ocr_par' dir='ltr' id='par_1_65' title="bbox 217 3547 1790 3621">
     <span class='ocr_line' id='line_1_66' title="bbox 217 3547 1790 3621; baseline 0.001 -21"><span class='ocrx_word' id='word_1_481' title='bbox 217 3547 555 3618; x_wconf 83' lang='grc' dir='ltr'>σεσιώπηκε.</span> <span class='ocrx_word' id='word_1_482' title='bbox 585 3548 686 3602; x_wconf 83' lang='grc' dir='ltr'><strong>Διὰ</strong></span> <span class='ocrx_word' id='word_1_483' title='bbox 732 3550 888 3603; x_wconf 80' lang='grc' dir='ltr'>τοῦτο</span> <span class='ocrx_word' id='word_1_484' title='bbox 920 3551 1100 3620; x_wconf 78' lang='grc' dir='ltr'>σιωπᾷ</span> <span class='ocrx_word' id='word_1_485' title='bbox 1129 3552 1156 3603; x_wconf 85' lang='grc' dir='ltr'>ὁ</span> <span class='ocrx_word' id='word_1_486' title='bbox 1187 3551 1470 3621; x_wconf 81' lang='grc' dir='ltr'>προφήτης</span> <span class='ocrx_word' id='word_1_487' title='bbox 1502 3548 1790 3620; x_wconf 89' lang='grc' dir='ltr'>Ζαχαρίας.</span> 
     </span>
    </p>
   </div>
   <div class='ocr_carea' id='block_1_66' title="bbox 216 3638 1302 3711">
    <p class='ocr_par' dir='ltr' id='par_1_66' title="bbox 216 3638 1302 3711">
     <span class='ocr_line' id='line_1_67' title="bbox 216 3638 1302 3711; baseline 0.001 -19"><span class='ocrx_word' id='word_1_488' title='bbox 216 3638 366 3692; x_wconf 81' lang='grc' dir='ltr'><strong>Τδδέ</strong></span> <span class='ocrx_word' id='word_1_489' title='bbox 396 3638 658 3692; x_wconf 85' lang='grc' dir='ltr'>διανεύειν</span> <span class='ocrx_word' id='word_1_490' title='bbox 686 3640 798 3711; x_wconf 82' lang='grc'><strong>(47)</strong></span> <span class='ocrx_word' id='word_1_491' title='bbox 836 3640 1066 3711; x_wconf 89' lang='grc' dir='ltr'>μένοντα</span> <span class='ocrx_word' id='word_1_492' title='bbox 1096 3640 1302 3709; x_wconf 87' lang='grc' dir='ltr'>κωφόν.</span> 
     </span>
    </p>
   </div>
   <div class='ocr_carea' id='block_1_67' title="bbox 219 3812 1796 3884">
    <p class='ocr_par' dir='ltr' id='par_1_67' title="bbox 219 3812 1796 3884">
     <span class='ocr_line' id='line_1_68' title="bbox 219 3812 1796 3884; baseline 0.001 -18"><span class='ocrx_word' id='word_1_493' title='bbox 219 3814 367 3884; x_wconf 83' lang='grc' dir='ltr'>Στίχ.</span> <span class='ocrx_word' id='word_1_494' title='bbox 396 3812 500 3866; x_wconf 75' lang='grc' dir='ltr'>κδ’.</span> <span class='ocrx_word' id='word_1_495' title='bbox 545 3812 843 3877; x_wconf 74' lang='grc' dir='ltr'>Ἑξελθὼν</span> <span class='ocrx_word' id='word_1_496' title='bbox 870 3813 938 3867; x_wconf 81' lang='grc' dir='ltr'>δὲ</span> <span class='ocrx_word' id='word_1_497' title='bbox 962 3816 1074 3868; x_wconf 81' lang='grc' dir='ltr'>οὐκ</span> <span class='ocrx_word' id='word_1_498' title='bbox 1100 3814 1363 3883; x_wconf 78' lang='grc' dir='ltr'>ἠδύνατο</span> <span class='ocrx_word' id='word_1_499' title='bbox 1388 3812 1657 3881; x_wconf 76' lang='grc' dir='ltr'><strong>λαλῆσαι</strong></span> <span class='ocrx_word' id='word_1_500' title='bbox 1692 3816 1796 3868; x_wconf 83' lang='grc' dir='ltr'><strong>αὑ-</strong></span> 
     </span>
    </p>
   </div>
   <div class='ocr_carea' id='block_1_68' title="bbox 294 3884 1797 3952">
    <p class='ocr_par' dir='ltr' id='par_1_68' title="bbox 294 3884 1797 3952">
     <span class='ocr_line' id='line_1_69' title="bbox 294 3884 1797 3952; baseline 0.001 -15"><span class='ocrx_word' id='word_1_501' title='bbox 294 3884 436 3949; x_wconf 84' lang='grc' dir='ltr'>τοῖς,</span> <span class='ocrx_word' id='word_1_502' title='bbox 468 3884 567 3937; x_wconf 78' lang='grc' dir='ltr'>καὶ</span> <span class='ocrx_word' id='word_1_503' title='bbox 600 3884 973 3952; x_wconf 75' lang='grc' dir='ltr'>ἐπέγνωσαν,</span> <span class='ocrx_word' id='word_1_504' title='bbox 1015 3884 1103 3938; x_wconf 85' lang='grc' dir='ltr'>ὅτι</span> <span class='ocrx_word' id='word_1_505' title='bbox 1132 3885 1430 3938; x_wconf 81' lang='grc' dir='ltr'>ὀπτασίαν</span> <span class='ocrx_word' id='word_1_506' title='bbox 1445 3884 1704 3951; x_wconf 82' lang='grc' dir='ltr'>ἑώρακεν</span> <span class='ocrx_word' id='word_1_507' title='bbox 1726 3886 1797 3938; x_wconf 83' lang='grc' dir='ltr'><strong>ἐν</strong></span> 
     </span>
    </p>
   </div>
   <div class='ocr_carea' id='block_1_69' title="bbox 294 3952 1799 4025">
    <p class='ocr_par' dir='ltr' id='par_1_69' title="bbox 294 3952 1799 4025">
     <span class='ocr_line' id='line_1_70' title="bbox 294 3952 1799 4025; baseline 0.001 -19"><span class='ocrx_word' id='word_1_508' title='bbox 294 3954 373 4019; x_wconf 85' lang='grc' dir='ltr'>τῷ</span> <span class='ocrx_word' id='word_1_509' title='bbox 412 3953 556 4019; x_wconf 83' lang='grc' dir='ltr'>ναῷ.</span> <span class='ocrx_word' id='word_1_510' title='bbox 596 3954 705 4007; x_wconf 78' lang='grc' dir='ltr'><strong>Καὶ</strong></span> <span class='ocrx_word' id='word_1_511' title='bbox 727 3954 911 4020; x_wconf 82' lang='grc' dir='ltr'>αὐτὸς</span> <span class='ocrx_word' id='word_1_512' title='bbox 936 3952 1015 4025; x_wconf 81' lang='grc' dir='ltr'>ἦν</span> <span class='ocrx_word' id='word_1_513' title='bbox 1040 3955 1333 4009; x_wconf 83' lang='grc' dir='ltr'>διανεύων</span> <span class='ocrx_word' id='word_1_514' title='bbox 1350 3954 1574 4020; x_wconf 84' lang='grc' dir='ltr'>αὐτοῖς,</span> <span class='ocrx_word' id='word_1_515' title='bbox 1596 3955 1693 4008; x_wconf 76' lang='grc' dir='ltr'>καὶ</span> <span class='ocrx_word' id='word_1_516' title='bbox 1720 3955 1799 4008; x_wconf 78' lang='grc' dir='ltr'>δι-</span> 
     </span>
    </p>
   </div>
   <div class='ocr_carea' id='block_1_70' title="bbox 290 4027 1023 4093">
    <p class='ocr_par' dir='ltr' id='par_1_70' title="bbox 290 4027 1023 4093">
     <span class='ocr_line' id='line_1_71' title="bbox 290 4027 1023 4093; baseline 0 -17"><span class='ocrx_word' id='word_1_517' title='bbox 290 4027 464 4093; x_wconf 82' lang='grc' dir='ltr'>έμενε</span> <span class='ocrx_word' id='word_1_518' title='bbox 486 4027 703 4092; x_wconf 63' lang='grc' dir='ltr'>κωφός.</span> <span class='ocrx_word' id='word_1_519' title='bbox 1022 4080 1023 4083; x_wconf 31' lang='grc' dir='ltr'><strong>η</strong></span> 
     </span>
    </p>
   </div>
   <div class='ocr_carea' id='block_1_71' title="bbox 218 4112 1794 4193">
    <p class='ocr_par' dir='ltr' id='par_1_71' title="bbox 218 4112 1794 4193">
     <span class='ocr_line' id='line_1_72' title="bbox 218 4112 1794 4193; baseline 0 -26"><span class='ocrx_word' id='word_1_520' title='bbox 218 4115 369 4193; x_wconf 44' lang='grc' dir='ltr'>Στίη</span> <span class='ocrx_word' id='word_1_521' title='bbox 401 4120 506 4193; x_wconf 80' lang='grc' dir='ltr'>κγ’.</span> <span class='ocrx_word' id='word_1_522' title='bbox 532 4112 641 4166; x_wconf 82' lang='grc' dir='ltr'><strong>Καὶ</strong></span> <span class='ocrx_word' id='word_1_523' title='bbox 668 4112 927 4193; x_wconf 74' lang='grc' dir='ltr'>ἐγένετο,</span> <span class='ocrx_word' id='word_1_524' title='bbox 944 4114 1024 4193; x_wconf 70' lang='grc' dir='ltr'>ὡς</span> <span class='ocrx_word' id='word_1_525' title='bbox 1052 4114 1456 4193; x_wconf 65' lang='grc' dir='ltr'>ἐπλῄσᾷησαν</span> <span class='ocrx_word' id='word_1_526' title='bbox 1493 4117 1558 4193; x_wconf 41' lang='grc' dir='ltr'><strong>αἱ.</strong></span> <span class='ocrx_word' id='word_1_527' title='bbox 1585 4112 1794 4193; x_wconf 64' lang='grc' dir='ltr'>ἡμέραι</span> 
     </span>
    </p>
   </div>
   <div class='ocr_carea' id='block_1_72' title="bbox 292 4180 1796 4271">
    <p class='ocr_par' dir='ltr' id='par_1_72' title="bbox 292 4180 1796 4271">
     <span class='ocr_line' id='line_1_73' title="bbox 292 4180 1796 4271; baseline 0 -34"><span class='ocrx_word' id='word_1_528' title='bbox 292 4180 403 4271; x_wconf 59' lang='grc' dir='ltr'>τῆς</span> <span class='ocrx_word' id='word_1_529' title='bbox 432 4180 801 4262; x_wconf 59' lang='grc' dir='ltr'>,ξειτσιιργίας</span> <span class='ocrx_word' id='word_1_530' title='bbox 827 4185 1037 4248; x_wconf 84' lang='grc' dir='ltr'>αὑτοῦ,</span> <span class='ocrx_word' id='word_1_531' title='bbox 1071 4180 1350 4254; x_wconf 76' lang='grc' dir='ltr'>ἀπῆλθεν</span> <span class='ocrx_word' id='word_1_532' title='bbox 1394 4187 1482 4250; x_wconf 86' lang='grc' dir='ltr'><strong>είς</strong></span> <span class='ocrx_word' id='word_1_533' title='bbox 1502 4180 1796 4237; x_wconf 24' lang='grc' dir='ltr'>τὸνίοῖκον</span> 
     </span>
    </p>
   </div>
   <div class='ocr_carea' id='block_1_73' title="bbox 292 4270 498 4306">
    <p class='ocr_par' dir='ltr' id='par_1_73' title="bbox 292 4270 498 4306">
     <span class='ocr_line' id='line_1_74' title="bbox 292 4270 498 4306; baseline -0.01 0"><span class='ocrx_word' id='word_1_534' title='bbox 292 4270 498 4306; x_wconf 87' lang='grc' dir='ltr'>αυτου.</span> 
     </span>
    </p>
   </div>
   <div class='ocr_carea' id='block_1_74' title="bbox 220 4344 1796 4415">
    <p class='ocr_par' dir='ltr' id='par_1_74' title="bbox 220 4344 1796 4415">
     <span class='ocr_line' id='line_1_75' title="bbox 220 4344 1796 4415; baseline 0 -18"><span class='ocrx_word' id='word_1_535' title='bbox 220 4346 375 4414; x_wconf 84' lang='grc' dir='ltr'>Στίχ.</span> <span class='ocrx_word' id='word_1_536' title='bbox 410 4345 506 4397; x_wconf 84' lang='grc' dir='ltr'>κδ’.</span> <span class='ocrx_word' id='word_1_537' title='bbox 537 4346 695 4415; x_wconf 78' lang='grc' dir='ltr'>Μετὰ</span> <span class='ocrx_word' id='word_1_538' title='bbox 725 4344 793 4397; x_wconf 84' lang='grc' dir='ltr'>δὲ</span> <span class='ocrx_word' id='word_1_539' title='bbox 827 4346 1050 4412; x_wconf 85' lang='grc' dir='ltr'>ταύτας</span> <span class='ocrx_word' id='word_1_540' title='bbox 1074 4347 1181 4412; x_wconf 81' lang='grc' dir='ltr'>τὰς</span> <span class='ocrx_word' id='word_1_541' title='bbox 1205 4346 1430 4415; x_wconf 73' lang='grc' dir='ltr'>ἡμέρας</span> <span class='ocrx_word' id='word_1_542' title='bbox 1459 4344 1796 4399; x_wconf 77' lang='grc' dir='ltr'>συνέλαϐεν</span> 
     </span>
    </p>
   </div>
   <div class='ocr_carea' id='block_1_75' title="bbox 289 4413 1796 4484">
    <p class='ocr_par' dir='ltr' id='par_1_75' title="bbox 289 4413 1796 4484">
     <span class='ocr_line' id='line_1_76' title="bbox 289 4413 1796 4484; baseline 0 -15"><span class='ocrx_word' id='word_1_543' title='bbox 289 4413 354 4481; x_wconf 65' lang='grc' dir='ltr'><strong>ἦ</strong></span> <span class='ocrx_word' id='word_1_544' title='bbox 377 4413 681 4468; x_wconf 70' lang='grc' dir='ltr'>Ἐλισάϐετ</span> <span class='ocrx_word' id='word_1_545' title='bbox 720 4416 758 4483; x_wconf 75' lang='grc' dir='ltr'>ἠ</span> <span class='ocrx_word' id='word_1_546' title='bbox 790 4415 943 4483; x_wconf 75' lang='grc' dir='ltr'>γυνὴ</span> <span class='ocrx_word' id='word_1_547' title='bbox 989 4418 1173 4470; x_wconf 84' lang='grc' dir='ltr'>αὑτοῦ</span> <span class='ocrx_word' id='word_1_548' title='bbox 1195 4454 1209 4478; x_wconf 93' lang='grc'><strong>,</strong></span> <span class='ocrx_word' id='word_1_549' title='bbox 1237 4413 1363 4469; x_wconf 44' lang='grc' dir='ltr'>⁷’καί</span> <span class='ocrx_word' id='word_1_550' title='bbox 1416 4418 1796 4484; x_wconf 78' lang='grc' dir='ltr'>περιέκρυϐεν</span> 
     </span>
    </p>
   </div>
   <div class='ocr_carea' id='block_1_76' title="bbox 282 4484 1266 4554">
    <p class='ocr_par' dir='ltr' id='par_1_76' title="bbox 282 4484 1266 4554">
     <span class='ocr_line' id='line_1_77' title="bbox 282 4484 1266 4554; baseline 0.002 -17"><span class='ocrx_word' id='word_1_551' title='bbox 282 4484 509 4550; x_wconf 79' lang='grc' dir='ltr'>ἑαυτὴν</span> <span class='ocrx_word' id='word_1_552' title='bbox 530 4485 729 4552; x_wconf 81' lang='grc' dir='ltr'>μῆνας</span> <span class='ocrx_word' id='word_1_553' title='bbox 754 4484 952 4549; x_wconf 85' lang='grc' dir='ltr'>πέντε,</span> <span class='ocrx_word' id='word_1_554' title='bbox 982 4485 1266 4554; x_wconf 74' lang='grc' dir='ltr'>λέγουσαο</span> 
     </span>
    </p>
   </div>
   <div class='ocr_carea' id='block_1_77' title="bbox 219 4577 1796 4648">
    <p class='ocr_par' dir='ltr' id='par_1_77' title="bbox 219 4577 1796 4648">
     <span class='ocr_line' id='line_1_78' title="bbox 219 4577 1796 4648; baseline 0 -17"><span class='ocrx_word' id='word_1_555' title='bbox 219 4579 368 4648; x_wconf 81' lang='grc' dir='ltr'>Στίχ.</span> <span class='ocrx_word' id='word_1_556' title='bbox 400 4578 659 4648; x_wconf 38' lang='grc' dir='ltr'>κελὊτι</span> <span class='ocrx_word' id='word_1_557' title='bbox 689 4577 876 4648; x_wconf 62' lang='grc' dir='ltr'>οὕτως</span> <span class='ocrx_word' id='word_1_558' title='bbox 907 4581 1239 4648; x_wconf 81' lang='grc' dir='ltr'>πεποίηκεν</span> <span class='ocrx_word' id='word_1_559' title='bbox 1264 4581 1296 4631; x_wconf 86' lang='grc' dir='ltr'><strong><em>ό</em></strong></span> <span class='ocrx_word' id='word_1_560' title='bbox 1321 4580 1535 4646; x_wconf 86' lang='grc' dir='ltr'>Κύριος</span> <span class='ocrx_word' id='word_1_561' title='bbox 1554 4578 1624 4631; x_wconf 87' lang='grc' dir='ltr'>ἐν</span> <span class='ocrx_word' id='word_1_562' title='bbox 1652 4577 1796 4647; x_wconf 77' lang='grc' dir='ltr'>ἠμέ-</span> 
     </span>
    </p>
   </div>
   <div class='ocr_carea' id='block_1_78' title="bbox 286 4643 1799 4784">
    <p class='ocr_par' dir='ltr' id='par_1_78' title="bbox 286 4643 1799 4784">
     <span class='ocr_line' id='line_1_79' title="bbox 286 4643 1799 4784; baseline 0 -83"><span class='ocrx_word' id='word_1_563' title='bbox 286 4643 553 4784; x_wconf 42' lang='lat' dir='ltr'><strong>ﬁcis}:</strong></span> <span class='ocrx_word' id='word_1_564' title='bbox 581 4646 816 4701; x_wconf 76' lang='grc' dir='ltr'>ἐπεῖδεν</span> <span class='ocrx_word' id='word_1_565' title='bbox 840 4646 1088 4716; x_wconf 60' lang='grc' dir='ltr'>ἀφελεῖν</span> <span class='ocrx_word' id='word_1_566' title='bbox 1114 4643 1177 4701; x_wconf 86' lang='grc' dir='ltr'>τὸ</span> <span class='ocrx_word' id='word_1_567' title='bbox 1210 4643 1436 4714; x_wconf 59' lang='grc' dir='ltr'>ὄνειδός</span> <span class='ocrx_word' id='word_1_568' title='bbox 1450 4643 1570 4718; x_wconf 85' lang='grc' dir='ltr'><strong>μου</strong></span> <span class='ocrx_word' id='word_1_569' title='bbox 1600 4643 1799 4702; x_wconf 60' lang='lat' dir='ltr'><strong>erar-</strong></span> 
     </span>
    </p>
   </div>
   <div class='ocr_carea' id='block_1_79' title="bbox 221 4807 1799 4928">
    <p class='ocr_par' dir='ltr' id='par_1_79' title="bbox 221 4807 1799 4928">
     <span class='ocr_line' id='line_1_80' title="bbox 221 4807 1799 4928; baseline 0 -67"><span class='ocrx_word' id='word_1_570' title='bbox 221 4810 374 4928; x_wconf 51' lang='grc' dir='ltr'>Στὶχ.</span> <span class='ocrx_word' id='word_1_571' title='bbox 415 4814 524 4871; x_wconf 56' lang='grc' dir='ltr'>κςκ</span> <span class='ocrx_word' id='word_1_572' title='bbox 565 4807 667 4859; x_wconf 86' lang='grc' dir='ltr'>Ἐν</span> <span class='ocrx_word' id='word_1_573' title='bbox 702 4807 888 4896; x_wconf 32' lang='grc' dir='ltr'><strong>δὲιτῷ</strong></span> <span class='ocrx_word' id='word_1_574' title='bbox 924 4809 1069 4878; x_wconf 78' lang='grc' dir='ltr'>μηνί</span> <span class='ocrx_word' id='word_1_575' title='bbox 1098 4808 1191 4891; x_wconf 30' lang='grc' dir='ltr'><strong>ξτῷ</strong></span> <span class='ocrx_word' id='word_1_576' title='bbox 1231 4809 1381 4889; x_wconf 32' lang='grc' dir='ltr'>ἔκῠτῳ</span> <span class='ocrx_word' id='word_1_577' title='bbox 1421 4808 1799 4888; x_wconf 38' lang='grc' dir='ltr'>ἀπεστάληηό</span> 
     </span>
     <span class='ocr_line' id='line_1_81' title="bbox 340 4880 1798 4928; baseline 0 0"><span class='ocrx_word' id='word_1_578' title='bbox 340 4882 550 4928; x_wconf 49' lang='lat' dir='ltr'><strong>mylae</strong></span> <span class='ocrx_word' id='word_1_579' title='bbox 582 4880 843 4928; x_wconf 74' lang='grc' dir='ltr'>Γαϐοιτιλ</span> <span class='ocrx_word' id='word_1_580' title='bbox 868 4881 985 4928; x_wconf 77' lang='grc' dir='ltr'><strong>ὑπὸ</strong></span> <span class='ocrx_word' id='word_1_581' title='bbox 1022 4898 1125 4928; x_wconf 80' lang='grc' dir='ltr'><strong>του</strong></span> <span class='ocrx_word' id='word_1_582' title='bbox 1168 4882 1312 4928; x_wconf 77' lang='grc' dir='ltr'>Θεου</span> <span class='ocrx_word' id='word_1_583' title='bbox 1351 4882 1438 4928; x_wconf 68' lang='lat' dir='ltr'><strong>alr</strong></span> <span class='ocrx_word' id='word_1_584' title='bbox 1472 4881 1655 4928; x_wconf 77' lang='grc' dir='ltr'>πόλιν</span> <span class='ocrx_word' id='word_1_585' title='bbox 1686 4896 1798 4928; x_wconf 69' lang='grc' dir='ltr'>τηρ</span> 
     </span>
    </p>
   </div>
   <div class='ocr_carea' id='block_1_80' title="bbox 340 4878 1798 4947">
    <p class='ocr_par' dir='ltr' id='par_1_80' title="bbox 340 4878 1798 4947">
     <span class='ocr_line' id='line_1_82' title="bbox 340 4878 1798 4947; baseline 0.001 -17"><span class='ocrx_word' id='word_1_586' title='bbox 340 4882 550 4946; x_wconf 49' lang='lat' dir='ltr'><strong>mylae</strong></span> <span class='ocrx_word' id='word_1_587' title='bbox 582 4878 843 4947; x_wconf 74' lang='grc' dir='ltr'><strong>Γαζῖριὴλ</strong></span> <span class='ocrx_word' id='word_1_588' title='bbox 868 4881 985 4934; x_wconf 82' lang='grc' dir='ltr'><strong>ὑπὸ</strong></span> <span class='ocrx_word' id='word_1_589' title='bbox 1022 4880 1125 4933; x_wconf 86' lang='grc' dir='ltr'><strong>τοῦ</strong></span> <span class='ocrx_word' id='word_1_590' title='bbox 1168 4880 1312 4933; x_wconf 86' lang='grc' dir='ltr'>Θεοῦ</span> <span class='ocrx_word' id='word_1_591' title='bbox 1351 4882 1438 4945; x_wconf 82' lang='grc' dir='ltr'><strong>είς</strong></span> <span class='ocrx_word' id='word_1_592' title='bbox 1472 4881 1655 4932; x_wconf 80' lang='grc' dir='ltr'>πόλιν</span> <span class='ocrx_word' id='word_1_593' title='bbox 1686 4878 1798 4947; x_wconf 81' lang='grc' dir='ltr'>τῆς</span> 
     </span>
    </p>
   </div>
   <div class='ocr_carea' id='block_1_81' title="bbox 289 4943 1231 5018">
    <p class='ocr_par' dir='ltr' id='par_1_81' title="bbox 289 4943 1231 5018">
     <span class='ocr_line' id='line_1_83' title="bbox 289 4943 1231 5018; baseline 0.001 -18"><span class='ocrx_word' id='word_1_594' title='bbox 289 4943 638 5012; x_wconf 63' lang='grc' dir='ltr'>Γαλιλαίας,</span> <span class='ocrx_word' id='word_1_595' title='bbox 664 4943 703 5018; x_wconf 74' lang='grc' dir='ltr'><em>ᾖ</em></span> <span class='ocrx_word' id='word_1_596' title='bbox 736 4943 924 5017; x_wconf 82' lang='grc' dir='ltr'>ὄνομα</span> <span class='ocrx_word' id='word_1_597' title='bbox 949 4948 1231 5017; x_wconf 80' lang='grc' dir='ltr'>Ναζαρὲτ,</span> 
     </span>
    </p>
   </div>
   <div class='ocr_carea' id='block_1_82' title="bbox 227 5033 1793 5107">
    <p class='ocr_par' dir='ltr' id='par_1_82' title="bbox 227 5033 1793 5107">
     <span class='ocr_line' id='line_1_84' title="bbox 227 5033 1793 5107; baseline 0.002 -19"><span class='ocrx_word' id='word_1_598' title='bbox 227 5035 394 5107; x_wconf 58' lang='grc' dir='ltr'><strong>Στίχ.Δ</strong></span> <span class='ocrx_word' id='word_1_599' title='bbox 413 5033 512 5097; x_wconf 77' lang='grc' dir='ltr'>κζ’.</span> <span class='ocrx_word' id='word_1_600' title='bbox 543 5036 697 5107; x_wconf 78' lang='grc' dir='ltr'>Πρὸς</span> <span class='ocrx_word' id='word_1_601' title='bbox 717 5036 1013 5107; x_wconf 82' lang='grc' dir='ltr'>παρθένον</span> <span class='ocrx_word' id='word_1_602' title='bbox 1034 5037 1575 5107; x_wconf 81' lang='grc' dir='ltr'>μεμνηστευμένην</span> <span class='ocrx_word' id='word_1_603' title='bbox 1598 5037 1793 5106; x_wconf 74' lang='grc' dir='ltr'>ἀνδρὶ,</span> 
     </span>
    </p>
   </div>
   <div class='ocr_carea' id='block_1_83' title="bbox 284 5098 1799 5178">
    <p class='ocr_par' dir='ltr' id='par_1_83' title="bbox 284 5098 1799 5178">
     <span class='ocr_line' id='line_1_85' title="bbox 284 5098 1799 5178; baseline 0.003 -21"><span class='ocrx_word' id='word_1_604' title='bbox 284 5098 551 5178; x_wconf 44' lang='grc' dir='ltr'>ᾦῖὅνομα</span> <span class='ocrx_word' id='word_1_605' title='bbox 589 5098 823 5178; x_wconf 52' lang='grc' dir='ltr'><strong>Ἰωσὴφ]</strong></span> <span class='ocrx_word' id='word_1_606' title='bbox 854 5108 921 5170; x_wconf 76' lang='grc' dir='ltr'><strong>ἐξ</strong></span> <span class='ocrx_word' id='word_1_607' title='bbox 941 5098 1128 5178; x_wconf 51' lang='lat' dir='ltr'><strong>dum}</strong></span> <span class='ocrx_word' id='word_1_608' title='bbox 1160 5098 1359 5172; x_wconf 78' lang='grc' dir='ltr'>Δαυῒδ,</span> <span class='ocrx_word' id='word_1_609' title='bbox 1378 5098 1485 5163; x_wconf 54' lang='lat' dir='ltr'><strong>&#39;xal</strong></span> <span class='ocrx_word' id='word_1_610' title='bbox 1518 5098 1585 5163; x_wconf 72' lang='grc' dir='ltr'>τὸ</span> <span class='ocrx_word' id='word_1_611' title='bbox 1611 5098 1799 5178; x_wconf 46' lang='grc' dir='ltr'>ὄνομα</span> 
     </span>
    </p>
   </div>
   <div class='ocr_carea' id='block_1_84' title="bbox 294 5173 1013 5245">
    <p class='ocr_par' dir='ltr' id='par_1_84' title="bbox 294 5173 1013 5245">
     <span class='ocr_line' id='line_1_86' title="bbox 294 5173 1013 5245; baseline 0.004 -19"><span class='ocrx_word' id='word_1_612' title='bbox 294 5174 406 5242; x_wconf 81' lang='grc' dir='ltr'>τῆς</span> <span class='ocrx_word' id='word_1_613' title='bbox 425 5173 725 5242; x_wconf 77' lang='grc' dir='ltr'>παρθένου</span> <span class='ocrx_word' id='word_1_614' title='bbox 761 5175 1013 5245; x_wconf 77' lang='grc' dir='ltr'>Μαριάμ.</span> 
     </span>
    </p>
   </div>
   <div class='ocr_carea' id='block_1_85' title="bbox 292 5266 1799 5341">
    <p class='ocr_par' dir='ltr' id='par_1_85' title="bbox 292 5266 1799 5341">
     <span class='ocr_line' id='line_1_87' title="bbox 292 5266 1799 5341; baseline 0.002 -23"><span class='ocrx_word' id='word_1_615' title='bbox 292 5267 356 5318; x_wconf 90' lang='grc' dir='ltr'><strong>Τί</strong></span> <span class='ocrx_word' id='word_1_616' title='bbox 375 5267 434 5318; x_wconf 78' lang='grc' dir='ltr'>δὲ</span> <span class='ocrx_word' id='word_1_617' title='bbox 460 5266 699 5319; x_wconf 88' lang='grc' dir='ltr'>διένευεν</span> <span class='ocrx_word' id='word_1_618' title='bbox 730 5266 950 5332; x_wconf 81' lang='grc' dir='ltr'>αύτοῖς;</span> <span class='ocrx_word' id='word_1_619' title='bbox 990 5270 1339 5339; x_wconf 83' lang='grc' dir='ltr'>προακούσας</span> <span class='ocrx_word' id='word_1_620' title='bbox 1366 5270 1627 5341; x_wconf 82' lang='grc' dir='ltr'>ἐράσμιον</span> <span class='ocrx_word' id='word_1_621' title='bbox 1664 5268 1799 5341; x_wconf 76' lang='grc' dir='ltr'>πρᾶ-</span> 
     </span>
    </p>
   </div>
   <div class='ocr_carea' id='block_1_86' title="bbox 216 5358 1794 5433">
    <p class='ocr_par' dir='ltr' id='par_1_86' title="bbox 216 5358 1794 5433">
     <span class='ocr_line' id='line_1_88' title="bbox 216 5358 1794 5433; baseline 0 -21"><span class='ocrx_word' id='word_1_622' title='bbox 216 5378 337 5431; x_wconf 88' lang='grc' dir='ltr'><strong>γμα</strong></span> <span class='ocrx_word' id='word_1_623' title='bbox 372 5358 553 5429; x_wconf 81' lang='grc' dir='ltr'>ἐαυτῷ</span> <span class='ocrx_word' id='word_1_624' title='bbox 586 5358 797 5430; x_wconf 86' lang='grc' dir='ltr'>μέλλειν</span> <span class='ocrx_word' id='word_1_625' title='bbox 824 5358 1178 5424; x_wconf 76' lang='grc' dir='ltr'>ἕτεσθαι,ούκ</span> <span class='ocrx_word' id='word_1_626' title='bbox 1203 5360 1434 5415; x_wconf 75' lang='grc' dir='ltr'>ἔσπευσε</span> <span class='ocrx_word' id='word_1_627' title='bbox 1464 5361 1570 5433; x_wconf 84' lang='grc' dir='ltr'><strong>πρὸ</strong></span> <span class='ocrx_word' id='word_1_628' title='bbox 1603 5358 1794 5432; x_wconf 84' lang='grc' dir='ltr'>καιροῦ</span> 
     </span>
    </p>
   </div>
   <div class='ocr_carea' id='block_1_87' title="bbox 291 5473 1191 5543">
    <p class='ocr_par' dir='ltr' id='par_1_87' title="bbox 291 5473 1191 5543">
     <span class='ocr_line' id='line_1_89' title="bbox 291 5473 1191 5543; baseline 0.006 -17"><span class='ocrx_word' id='word_1_629' title='bbox 291 5476 335 5507; x_wconf 76' lang='grc'><strong>³⁸</strong></span> <span class='ocrx_word' id='word_1_630' title='bbox 372 5473 504 5543; x_wconf 90' lang='lat' dir='ltr'><strong>Sap.</strong></span> <span class='ocrx_word' id='word_1_631' title='bbox 536 5489 576 5536; x_wconf 86' lang='grc' dir='ltr'><strong>ι,</strong></span> <span class='ocrx_word' id='word_1_632' title='bbox 603 5473 659 5528; x_wconf 86' lang='lat'><strong>2.</strong></span> <span class='ocrx_word' id='word_1_633' title='bbox 736 5474 780 5506; x_wconf 84' lang='grc'><strong>⁸¹</strong></span> <span class='ocrx_word' id='word_1_634' title='bbox 812 5473 944 5529; x_wconf 89' lang='lat' dir='ltr'><strong>Luc.</strong></span> <span class='ocrx_word' id='word_1_635' title='bbox 975 5491 1073 5540; x_wconf 87' lang='lat' dir='ltr'><strong>vtt,</strong></span> <span class='ocrx_word' id='word_1_636' title='bbox 1100 5475 1191 5531; x_wconf 89' lang='lat'><strong>28.</strong></span> 
     </span>
    </p>
   </div>
   <div class='ocr_carea' id='block_1_88' title="bbox 317 5566 761 5640">
    <p class='ocr_par' dir='ltr' id='par_1_88' title="bbox 317 5566 761 5640">
     <span class='ocr_line' id='line_1_90' title="bbox 317 5566 761 5640; baseline 0 -18"><span class='ocrx_word' id='word_1_637' title='bbox 317 5569 405 5633; x_wconf 81' lang='grc'><strong>44)</strong></span> <span class='ocrx_word' id='word_1_638' title='bbox 448 5571 620 5640; x_wconf 83' lang='grc' dir='ltr'>Ὠριγ.</span> <span class='ocrx_word' id='word_1_639' title='bbox 758 5566 761 5567; x_wconf 15' lang='grc' dir='ltr'><em>ν</em></span> 
     </span>
    </p>
   </div>
   <div class='ocr_carea' id='block_1_89' title="bbox 319 5640 692 5707">
    <p class='ocr_par' dir='ltr' id='par_1_89' title="bbox 319 5640 692 5707">
     <span class='ocr_line' id='line_1_91' title="bbox 319 5640 692 5707; baseline 0.003 -15"><span class='ocrx_word' id='word_1_640' title='bbox 319 5640 409 5705; x_wconf 77' lang='grc'><strong>45)</strong></span> <span class='ocrx_word' id='word_1_641' title='bbox 449 5641 692 5707; x_wconf 84' lang='grc' dir='ltr'>Ἀνεπιγ.</span> 
     </span>
    </p>
   </div>
   <div class='ocr_carea' id='block_1_90' title="bbox 290 5708 1791 5777">
    <p class='ocr_par' dir='ltr' id='par_1_90' title="bbox 290 5708 1791 5777">
     <span class='ocr_line' id='line_1_92' title="bbox 290 5708 1791 5777; baseline 0.003 -16"><span class='ocrx_word' id='word_1_642' title='bbox 290 5708 406 5777; x_wconf 78' lang='grc'><strong>(46)</strong></span> <span class='ocrx_word' id='word_1_643' title='bbox 438 5708 563 5762; x_wconf 73' lang='lat' dir='ltr'><strong>Haec</strong></span> <span class='ocrx_word' id='word_1_644' title='bbox 608 5710 805 5775; x_wconf 84' lang='lat' dir='ltr'><strong>habent</strong></span> <span class='ocrx_word' id='word_1_645' title='bbox 828 5708 1038 5763; x_wconf 70' lang='lat' dir='ltr'><strong>schetla:</strong></span> <span class='ocrx_word' id='word_1_646' title='bbox 1079 5708 1412 5771; x_wconf 83' lang='lat' dir='ltr'><strong>Contbefisti.</strong></span> <span class='ocrx_word' id='word_1_647' title='bbox 1449 5719 1501 5765; x_wconf 92' lang='lat' dir='ltr'><strong>et</strong></span> <span class='ocrx_word' id='word_1_648' title='bbox 1527 5709 1791 5766; x_wconf 84' lang='lat' dir='ltr'><strong>Macarius</strong></span> 
     </span>
    </p>
   </div>
   <div class='ocr_carea' id='block_1_91' title="bbox 218 5778 1793 5850">
    <p class='ocr_par' dir='ltr' id='par_1_91' title="bbox 218 5778 1793 5850">
     <span class='ocr_line' id='line_1_93' title="bbox 218 5778 1793 5850; baseline 0.003 -16"><span class='ocrx_word' id='word_1_649' title='bbox 218 5779 591 5849; x_wconf 81' lang='lat' dir='ltr'><strong>Chrysoceph.</strong></span> <span class='ocrx_word' id='word_1_650' title='bbox 614 5778 666 5832; x_wconf 92' lang='lat' dir='ltr'><strong>in</strong></span> <span class='ocrx_word' id='word_1_651' title='bbox 697 5778 846 5835; x_wconf 89' lang='lat' dir='ltr'><strong>Orat.</strong></span> <span class='ocrx_word' id='word_1_652' title='bbox 886 5779 985 5837; x_wconf 81' lang='lat' dir='ltr'><strong>Ms.</strong></span> <span class='ocrx_word' id='word_1_653' title='bbox 1017 5781 1070 5837; x_wconf 89' lang='lat' dir='ltr'><strong>in</strong></span> <span class='ocrx_word' id='word_1_654' title='bbox 1099 5790 1275 5836; x_wconf 88' lang='lat' dir='ltr'><strong>ortum</strong></span> <span class='ocrx_word' id='word_1_655' title='bbox 1311 5780 1367 5835; x_wconf 86' lang='lat' dir='ltr'><strong>S.</strong></span> <span class='ocrx_word' id='word_1_656' title='bbox 1394 5779 1639 5838; x_wconf 83' lang='lat' dir='ltr'><strong>Joannis.</strong></span> <span class='ocrx_word' id='word_1_657' title='bbox 1667 5785 1793 5850; x_wconf 75' lang='lat' dir='ltr'><strong>Qui-</strong></span> 
     </span>
    </p>
   </div>
   <div class='ocr_carea' id='block_1_92' title="bbox 1897 3272 3469 3344">
    <p class='ocr_par' dir='ltr' id='par_1_92' title="bbox 1897 3272 3469 3344">
     <span class='ocr_line' id='line_1_94' title="bbox 1897 3272 3469 3344; baseline 0.001 -17"><span class='ocrx_word' id='word_1_658' title='bbox 1897 3275 1949 3328; x_wconf 91' lang='lat' dir='ltr'><strong>iu</strong></span> <span class='ocrx_word' id='word_1_659' title='bbox 1984 3273 2153 3327; x_wconf 78' lang='lat' dir='ltr'><strong>veteri</strong></span> <span class='ocrx_word' id='word_1_660' title='bbox 2205 3273 2400 3342; x_wconf 85' lang='lat' dir='ltr'><strong>populo</strong></span> <span class='ocrx_word' id='word_1_661' title='bbox 2435 3273 2551 3327; x_wconf 89' lang='lat' dir='ltr'><strong>Dei.</strong></span> <span class='ocrx_word' id='word_1_662' title='bbox 2585 3272 2701 3329; x_wconf 86' lang='lat' dir='ltr'><strong>Non</strong></span> <span class='ocrx_word' id='word_1_663' title='bbox 2738 3273 2967 3344; x_wconf 86' lang='lat' dir='ltr'><strong>amplius</strong></span> <span class='ocrx_word' id='word_1_664' title='bbox 3016 3275 3159 3329; x_wconf 90' lang='lat' dir='ltr'><strong>enim</strong></span> <span class='ocrx_word' id='word_1_665' title='bbox 3200 3274 3339 3329; x_wconf 88' lang='lat' dir='ltr'><strong>Deus</strong></span> <span class='ocrx_word' id='word_1_666' title='bbox 3389 3275 3469 3328; x_wconf 86' lang='lat' dir='ltr'><strong>lo-</strong></span> 
     </span>
    </p>
   </div>
   <div class='ocr_carea' id='block_1_93' title="bbox 1893 3364 3463 3435">
    <p class='ocr_par' dir='ltr' id='par_1_93' title="bbox 1893 3364 3463 3435">
     <span class='ocr_line' id='line_1_95' title="bbox 1893 3364 3463 3435; baseline 0 -18"><span class='ocrx_word' id='word_1_667' title='bbox 1893 3365 2076 3434; x_wconf 90' lang='lat' dir='ltr'><strong>quitur</strong></span> <span class='ocrx_word' id='word_1_668' title='bbox 2114 3364 2219 3419; x_wconf 90' lang='lat' dir='ltr'><strong>illis</strong></span> <span class='ocrx_word' id='word_1_669' title='bbox 2242 3404 2259 3429; x_wconf 93' lang='lat'><strong>,</strong></span> <span class='ocrx_word' id='word_1_670' title='bbox 2294 3364 2390 3419; x_wconf 89' lang='lat' dir='ltr'><strong>sed</strong></span> <span class='ocrx_word' id='word_1_671' title='bbox 2443 3365 2736 3421; x_wconf 88' lang='lat' dir='ltr'><strong>translatus</strong></span> <span class='ocrx_word' id='word_1_672' title='bbox 2781 3377 2863 3420; x_wconf 87' lang='lat' dir='ltr'><strong>est</strong></span> <span class='ocrx_word' id='word_1_673' title='bbox 2898 3380 3078 3420; x_wconf 91' lang='lat' dir='ltr'><strong>sermo</strong></span> <span class='ocrx_word' id='word_1_674' title='bbox 3107 3366 3196 3435; x_wconf 93' lang='lat' dir='ltr'><strong>qui</strong></span> <span class='ocrx_word' id='word_1_675' title='bbox 3231 3366 3299 3419; x_wconf 90' lang='lat' dir='ltr'><strong>ab</strong></span> <span class='ocrx_word' id='word_1_676' title='bbox 3353 3365 3463 3418; x_wconf 87' lang='lat' dir='ltr'><strong>iui-</strong></span> 
     </span>
    </p>
   </div>
   <div class='ocr_carea' id='block_1_94' title="bbox 1897 3456 3464 3526">
    <p class='ocr_par' dir='ltr' id='par_1_94' title="bbox 1897 3456 3464 3526">
     <span class='ocr_line' id='line_1_96' title="bbox 1897 3456 3464 3526; baseline 0 -17"><span class='ocrx_word' id='word_1_677' title='bbox 1897 3458 1971 3510; x_wconf 91' lang='lat' dir='ltr'><strong>tio</strong></span> <span class='ocrx_word' id='word_1_678' title='bbox 2004 3466 2144 3522; x_wconf 88' lang='lat' dir='ltr'><strong>erat,</strong></span> <span class='ocrx_word' id='word_1_679' title='bbox 2183 3456 2236 3509; x_wconf 92' lang='lat' dir='ltr'><strong>in</strong></span> <span class='ocrx_word' id='word_1_680' title='bbox 2275 3472 2391 3510; x_wconf 90' lang='lat' dir='ltr'><strong>nos.</strong></span> <span class='ocrx_word' id='word_1_681' title='bbox 2425 3456 2530 3510; x_wconf 90' lang='lat' dir='ltr'><strong>Sed</strong></span> <span class='ocrx_word' id='word_1_682' title='bbox 2572 3458 2712 3526; x_wconf 86' lang='lat' dir='ltr'><strong>apud</strong></span> <span class='ocrx_word' id='word_1_683' title='bbox 2756 3472 2856 3511; x_wconf 91' lang='lat' dir='ltr'><strong>nos</strong></span> <span class='ocrx_word' id='word_1_684' title='bbox 2888 3457 3109 3511; x_wconf 90' lang='lat' dir='ltr'><strong>minime</strong></span> <span class='ocrx_word' id='word_1_685' title='bbox 3143 3457 3289 3519; x_wconf 90' lang='lat' dir='ltr'><strong>silet,</strong></span> <span class='ocrx_word' id='word_1_686' title='bbox 3325 3457 3464 3525; x_wconf 88' lang='lat' dir='ltr'><strong>apud</strong></span> 
     </span>
    </p>
   </div>
   <div class='ocr_carea' id='block_1_95' title="bbox 1894 3547 3467 3619">
    <p class='ocr_par' dir='ltr' id='par_1_95' title="bbox 1894 3547 3467 3619">
     <span class='ocr_line' id='line_1_97' title="bbox 1894 3547 3467 3619; baseline -0.002 -17"><span class='ocrx_word' id='word_1_687' title='bbox 1894 3563 1986 3602; x_wconf 91' lang='lat' dir='ltr'><strong>eos</strong></span> <span class='ocrx_word' id='word_1_688' title='bbox 2017 3562 2145 3602; x_wconf 93' lang='lat' dir='ltr'><strong>vero</strong></span> <span class='ocrx_word' id='word_1_689' title='bbox 2196 3548 2368 3603; x_wconf 92' lang='lat' dir='ltr'><strong>siluit.</strong></span> <span class='ocrx_word' id='word_1_690' title='bbox 2426 3547 2719 3617; x_wconf 89' lang='lat' dir='ltr'><strong>Propterea</strong></span> <span class='ocrx_word' id='word_1_691' title='bbox 2766 3549 2889 3603; x_wconf 90' lang='lat' dir='ltr'><strong>silet</strong></span> <span class='ocrx_word' id='word_1_692' title='bbox 2944 3550 3204 3619; x_wconf 86' lang='lat' dir='ltr'><strong>propheta</strong></span> <span class='ocrx_word' id='word_1_693' title='bbox 3259 3548 3467 3602; x_wconf 84' lang='lat' dir='ltr'><strong>Zacha-</strong></span> 
     </span>
    </p>
   </div>
   <div class='ocr_carea' id='block_1_96' title="bbox 1896 3639 3463 3706">
    <p class='ocr_par' dir='ltr' id='par_1_96' title="bbox 1896 3639 3463 3706">
     <span class='ocr_line' id='line_1_98' title="bbox 1896 3639 3463 3706; baseline 0.001 -13"><span class='ocrx_word' id='word_1_694' title='bbox 1896 3641 2023 3693; x_wconf 80' lang='lat' dir='ltr'><strong>rias.</strong></span> <span class='ocrx_word' id='word_1_695' title='bbox 2071 3639 2224 3705; x_wconf 88' lang='lat' dir='ltr'><strong>Quod</strong></span> <span class='ocrx_word' id='word_1_696' title='bbox 2275 3654 2400 3693; x_wconf 88' lang='lat' dir='ltr'><strong>vero</strong></span> <span class='ocrx_word' id='word_1_697' title='bbox 2447 3639 2664 3695; x_wconf 90' lang='lat' dir='ltr'><strong>nutibus</strong></span> <span class='ocrx_word' id='word_1_698' title='bbox 2705 3641 2891 3706; x_wconf 87' lang='lat' dir='ltr'><strong>utitur,</strong></span> <span class='ocrx_word' id='word_1_699' title='bbox 2944 3641 3143 3695; x_wconf 87' lang='lat' dir='ltr'><strong>indicat</strong></span> <span class='ocrx_word' id='word_1_700' title='bbox 3198 3641 3463 3695; x_wconf 67' lang='lat' dir='ltr'><strong>mansisse</strong></span> 
     </span>
    </p>
   </div>
   <div class='ocr_carea' id='block_1_97' title="bbox 1896 3742 2125 3785">
    <p class='ocr_par' dir='ltr' id='par_1_97' title="bbox 1896 3742 2125 3785">
     <span class='ocr_line' id='line_1_99' title="bbox 1896 3742 2125 3785; baseline 0.004 -1"><span class='ocrx_word' id='word_1_701' title='bbox 1896 3742 2125 3785; x_wconf 86' lang='lat' dir='ltr'><strong>mutum.</strong></span> 
     </span>
    </p>
   </div>
   <div class='ocr_carea' id='block_1_98' title="bbox 1897 3820 3468 3892">
    <p class='ocr_par' dir='ltr' id='par_1_98' title="bbox 1897 3820 3468 3892">
     <span class='ocr_line' id='line_1_100' title="bbox 1897 3820 3468 3892; baseline 0.001 -19"><span class='ocrx_word' id='word_1_702' title='bbox 1897 3820 1963 3874; x_wconf 83' lang='lat' dir='ltr'><strong>V.</strong></span> <span class='ocrx_word' id='word_1_703' title='bbox 2017 3821 2107 3874; x_wconf 93' lang='lat'><strong>22.</strong></span> <span class='ocrx_word' id='word_1_704' title='bbox 2165 3820 2421 3891; x_wconf 85' lang='lat' dir='ltr'><strong>Egressus</strong></span> <span class='ocrx_word' id='word_1_705' title='bbox 2468 3834 2642 3875; x_wconf 78' lang='lat' dir='ltr'><strong>autem</strong></span> <span class='ocrx_word' id='word_1_706' title='bbox 2692 3839 2793 3876; x_wconf 89' lang='lat' dir='ltr'><strong>non</strong></span> <span class='ocrx_word' id='word_1_707' title='bbox 2825 3833 3023 3891; x_wconf 87' lang='lat' dir='ltr'><strong>poterat</strong></span> <span class='ocrx_word' id='word_1_708' title='bbox 3072 3822 3386 3892; x_wconf 81' lang='lat' dir='ltr'><strong>loquiillis,</strong></span> <span class='ocrx_word' id='word_1_709' title='bbox 3414 3835 3468 3892; x_wconf 69' lang='lat' dir='ltr'><strong>et</strong></span> 
     </span>
    </p>
   </div>
   <div class='ocr_carea' id='block_1_99' title="bbox 1966 3890 3469 3962">
    <p class='ocr_par' dir='ltr' id='par_1_99' title="bbox 1966 3890 3469 3962">
     <span class='ocr_line' id='line_1_101' title="bbox 1966 3890 3469 3962; baseline 0.001 -18"><span class='ocrx_word' id='word_1_710' title='bbox 1966 3890 2283 3960; x_wconf 82' lang='lat' dir='ltr'><strong>agnoverunt</strong></span> <span class='ocrx_word' id='word_1_711' title='bbox 2306 3893 2443 3961; x_wconf 84' lang='lat' dir='ltr'><strong>quod</strong></span> <span class='ocrx_word' id='word_1_712' title='bbox 2478 3894 2729 3946; x_wconf 83' lang='lat' dir='ltr'><strong>visionem</strong></span> <span class='ocrx_word' id='word_1_713' title='bbox 2758 3890 3038 3959; x_wconf 72' lang='lat' dir='ltr'><strong>aspexisset</strong></span> <span class='ocrx_word' id='word_1_714' title='bbox 3072 3890 3370 3962; x_wconf 43' lang='lat' dir='ltr'><strong>in&#39;templo.</strong></span> <span class='ocrx_word' id='word_1_715' title='bbox 3401 3890 3469 3946; x_wconf 77' lang='lat' dir='ltr'><strong>Et</strong></span> 
     </span>
    </p>
   </div>
   <div class='ocr_carea' id='block_1_100' title="bbox 1967 3962 3471 4030">
    <p class='ocr_par' dir='ltr' id='par_1_100' title="bbox 1967 3962 3471 4030">
     <span class='ocr_line' id='line_1_102' title="bbox 1967 3962 3471 4030; baseline 0.001 -16"><span class='ocrx_word' id='word_1_716' title='bbox 1967 3964 2075 4030; x_wconf 85' lang='lat' dir='ltr'><strong>ipse</strong></span> <span class='ocrx_word' id='word_1_717' title='bbox 2106 3971 2216 4014; x_wconf 84' lang='lat' dir='ltr'><strong>erat</strong></span> <span class='ocrx_word' id='word_1_718' title='bbox 2252 3962 2474 4016; x_wconf 78' lang='lat' dir='ltr'><strong>innitens</strong></span> <span class='ocrx_word' id='word_1_719' title='bbox 2507 3962 2635 4025; x_wconf 88' lang='lat' dir='ltr'><strong>illis,</strong></span> <span class='ocrx_word' id='word_1_720' title='bbox 2660 3971 2709 4015; x_wconf 89' lang='lat' dir='ltr'><strong>et</strong></span> <span class='ocrx_word' id='word_1_721' title='bbox 2744 3964 2988 4016; x_wconf 83' lang='lat' dir='ltr'><strong>remansit</strong></span> <span class='ocrx_word' id='word_1_722' title='bbox 3021 3974 3215 4015; x_wconf 88' lang='lat' dir='ltr'><strong>mutus.</strong></span> <span class='ocrx_word' id='word_1_723' title='bbox 3468 3992 3471 3997; x_wconf 57' lang='grc' dir='ltr'><strong>ν</strong></span> 
     </span>
    </p>
   </div>
   <div class='ocr_carea' id='block_1_101' title="bbox 1895 4116 3468 4189">
    <p class='ocr_par' dir='ltr' id='par_1_101' title="bbox 1895 4116 3468 4189">
     <span class='ocr_line' id='line_1_103' title="bbox 1895 4116 3468 4189; baseline 0.002 -18"><span class='ocrx_word' id='word_1_724' title='bbox 1895 4116 1960 4171; x_wconf 77' lang='grc' dir='ltr'><strong>ν.</strong></span> <span class='ocrx_word' id='word_1_725' title='bbox 1989 4118 2079 4173; x_wconf 78' lang='lat'><strong>23.</strong></span> <span class='ocrx_word' id='word_1_726' title='bbox 2110 4117 2178 4172; x_wconf 84' lang='lat' dir='ltr'><strong>Et</strong></span> <span class='ocrx_word' id='word_1_727' title='bbox 2212 4118 2349 4188; x_wconf 77' lang='lat' dir='ltr'><strong>fuit,</strong></span> <span class='ocrx_word' id='word_1_728' title='bbox 2384 4129 2436 4172; x_wconf 93' lang='lat' dir='ltr'><strong>ut</strong></span> <span class='ocrx_word' id='word_1_729' title='bbox 2482 4119 2679 4183; x_wconf 75' lang='lat' dir='ltr'><strong>impleti</strong></span> <span class='ocrx_word' id='word_1_730' title='bbox 2730 4130 2853 4172; x_wconf 90' lang='lat' dir='ltr'><strong>sunt</strong></span> <span class='ocrx_word' id='word_1_731' title='bbox 2884 4120 2993 4173; x_wconf 82' lang='lat' dir='ltr'><strong>dies</strong></span> <span class='ocrx_word' id='word_1_732' title='bbox 3019 4120 3295 4174; x_wconf 81' lang='lat' dir='ltr'><strong>ministerii</strong></span> <span class='ocrx_word' id='word_1_733' title='bbox 3332 4120 3468 4189; x_wconf 82' lang='lat' dir='ltr'><strong>ejus,</strong></span> 
     </span>
    </p>
   </div>
   <div class='ocr_carea' id='block_1_102' title="bbox 2321 4190 2959 4243">
    <p class='ocr_par' dir='ltr' id='par_1_102' title="bbox 2321 4190 2959 4243">
     <span class='ocr_line' id='line_1_104' title="bbox 2321 4190 2959 4243; baseline 0 0"><span class='ocrx_word' id='word_1_734' title='bbox 2321 4190 2450 4243; x_wconf 85' lang='lat' dir='ltr'><strong>abiit</strong></span> <span class='ocrx_word' id='word_1_735' title='bbox 2477 4192 2531 4241; x_wconf 87' lang='lat' dir='ltr'><strong>in</strong></span> <span class='ocrx_word' id='word_1_736' title='bbox 2554 4192 2767 4242; x_wconf 89' lang='lat' dir='ltr'><strong>domum</strong></span> <span class='ocrx_word' id='word_1_737' title='bbox 2790 4206 2959 4243; x_wconf 83' lang='lat' dir='ltr'><strong>suum.</strong></span> 
     </span>
    </p>
   </div>
   <div class='ocr_carea' id='block_1_103' title="bbox 1896 4344 3472 4414">
    <p class='ocr_par' dir='ltr' id='par_1_103' title="bbox 1896 4344 3472 4414">
     <span class='ocr_line' id='line_1_105' title="bbox 1896 4344 3472 4414; baseline -0.001 -14"><span class='ocrx_word' id='word_1_738' title='bbox 1896 4344 1961 4401; x_wconf 73' lang='grc' dir='ltr'><strong>ν.</strong></span> <span class='ocrx_word' id='word_1_739' title='bbox 1990 4347 2082 4407; x_wconf 68' lang='grc'><strong>24.</strong></span> <span class='ocrx_word' id='word_1_740' title='bbox 2120 4346 2244 4401; x_wconf 85' lang='lat' dir='ltr'><strong>Post</strong></span> <span class='ocrx_word' id='word_1_741' title='bbox 2275 4357 2448 4400; x_wconf 87' lang='lat' dir='ltr'><strong>autem</strong></span> <span class='ocrx_word' id='word_1_742' title='bbox 2486 4349 2580 4400; x_wconf 82' lang='lat' dir='ltr'><strong>hos</strong></span> <span class='ocrx_word' id='word_1_743' title='bbox 2604 4349 2735 4411; x_wconf 75' lang='lat' dir='ltr'><strong>dies,</strong></span> <span class='ocrx_word' id='word_1_744' title='bbox 2769 4349 3005 4414; x_wconf 82' lang='lat' dir='ltr'><strong>concepit</strong></span> <span class='ocrx_word' id='word_1_745' title='bbox 3036 4346 3301 4401; x_wconf 81' lang='lat' dir='ltr'><strong>Elisabeth</strong></span> <span class='ocrx_word' id='word_1_746' title='bbox 3336 4365 3472 4404; x_wconf 71' lang='lat' dir='ltr'><strong>uxor</strong></span> 
     </span>
    </p>
   </div>
   <div class='ocr_carea' id='block_1_104' title="bbox 1965 4418 3472 4487">
    <p class='ocr_par' dir='ltr' id='par_1_104' title="bbox 1965 4418 3472 4487">
     <span class='ocr_line' id='line_1_106' title="bbox 1965 4418 3472 4487; baseline 0.001 -17"><span class='ocrx_word' id='word_1_747' title='bbox 1965 4418 2119 4485; x_wconf 81' lang='lat' dir='ltr'><strong>ejus,</strong></span> <span class='ocrx_word' id='word_1_748' title='bbox 2152 4428 2199 4471; x_wconf 88' lang='lat' dir='ltr'><strong>et</strong></span> <span class='ocrx_word' id='word_1_749' title='bbox 2231 4418 2522 4471; x_wconf 85' lang='lat' dir='ltr'><strong>occultabat</strong></span> <span class='ocrx_word' id='word_1_750' title='bbox 2574 4421 2798 4487; x_wconf 88' lang='lat' dir='ltr'><strong>seipsam</strong></span> <span class='ocrx_word' id='word_1_751' title='bbox 2846 4435 3042 4472; x_wconf 78' lang='lat' dir='ltr'><strong>menses</strong></span> <span class='ocrx_word' id='word_1_752' title='bbox 3088 4422 3311 4487; x_wconf 81' lang='lat' dir='ltr'><strong>quinaue</strong></span> <span class='ocrx_word' id='word_1_753' title='bbox 3391 4422 3472 4472; x_wconf 83' lang='lat' dir='ltr'><strong>di-</strong></span> 
     </span>
    </p>
   </div>
   <div class='ocr_carea' id='block_1_105' title="bbox 1969 4501 2137 4540">
    <p class='ocr_par' dir='ltr' id='par_1_105' title="bbox 1969 4501 2137 4540">
     <span class='ocr_line' id='line_1_107' title="bbox 1969 4501 2137 4540; baseline -0.006 -1"><span class='ocrx_word' id='word_1_754' title='bbox 1969 4505 2087 4540; x_wconf 87' lang='lat' dir='ltr'><strong>cens</strong></span> <span class='ocrx_word' id='word_1_755' title='bbox 2118 4501 2137 4538; x_wconf 70' lang='grc' dir='ltr'><strong><em>ἔ</em></strong></span> 
     </span>
    </p>
   </div>
   <div class='ocr_carea' id='block_1_106' title="bbox 1905 4577 3468 4647">
    <p class='ocr_par' dir='ltr' id='par_1_106' title="bbox 1905 4577 3468 4647">
     <span class='ocr_line' id='line_1_108' title="bbox 1905 4577 3468 4647; baseline 0.003 -18"><span class='ocrx_word' id='word_1_756' title='bbox 1905 4577 1969 4631; x_wconf 77' lang='grc' dir='ltr'><strong>ν.</strong></span> <span class='ocrx_word' id='word_1_757' title='bbox 1999 4579 2088 4634; x_wconf 82' lang='lat'><strong>25.</strong></span> <span class='ocrx_word' id='word_1_758' title='bbox 2123 4579 2261 4645; x_wconf 81' lang='lat' dir='ltr'><strong>Quia</strong></span> <span class='ocrx_word' id='word_1_759' title='bbox 2288 4580 2363 4632; x_wconf 88' lang='lat' dir='ltr'><strong>sic</strong></span> <span class='ocrx_word' id='word_1_760' title='bbox 2396 4579 2517 4647; x_wconf 80' lang='lat' dir='ltr'><strong>fecit</strong></span> <span class='ocrx_word' id='word_1_761' title='bbox 2554 4578 2805 4633; x_wconf 90' lang='lat' dir='ltr'><strong>Dominus</strong></span> <span class='ocrx_word' id='word_1_762' title='bbox 2840 4581 2894 4632; x_wconf 86' lang='lat' dir='ltr'><strong>in</strong></span> <span class='ocrx_word' id='word_1_763' title='bbox 2928 4581 3107 4632; x_wconf 77' lang='lat' dir='ltr'><strong>diebus</strong></span> <span class='ocrx_word' id='word_1_764' title='bbox 3127 4621 3141 4642; x_wconf 91' lang='lat'><strong>,</strong></span> <span class='ocrx_word' id='word_1_765' title='bbox 3170 4581 3357 4647; x_wconf 86' lang='lat' dir='ltr'><strong>quibus</strong></span> <span class='ocrx_word' id='word_1_766' title='bbox 3388 4598 3468 4634; x_wconf 88' lang='lat' dir='ltr'><strong>re-</strong></span> 
     </span>
    </p>
   </div>
   <div class='ocr_carea' id='block_1_107' title="bbox 1975 4650 3371 4718">
    <p class='ocr_par' dir='ltr' id='par_1_107' title="bbox 1975 4650 3371 4718">
     <span class='ocr_line' id='line_1_109' title="bbox 1975 4650 3371 4718; baseline 0.003 -17"><span class='ocrx_word' id='word_1_767' title='bbox 1975 4650 2138 4718; x_wconf 71' lang='lat' dir='ltr'><strong>spexit</strong></span> <span class='ocrx_word' id='word_1_768' title='bbox 2165 4650 2374 4717; x_wconf 76' lang='lat' dir='ltr'><strong>auferre</strong></span> <span class='ocrx_word' id='word_1_769' title='bbox 2408 4651 2742 4717; x_wconf 88' lang='lat' dir='ltr'><strong>opprobrium</strong></span> <span class='ocrx_word' id='word_1_770' title='bbox 2768 4667 2937 4704; x_wconf 87' lang='lat' dir='ltr'><strong>meum</strong></span> <span class='ocrx_word' id='word_1_771' title='bbox 2969 4652 3023 4702; x_wconf 89' lang='lat' dir='ltr'><strong>in</strong></span> <span class='ocrx_word' id='word_1_772' title='bbox 3052 4650 3371 4705; x_wconf 81' lang='lat' dir='ltr'><strong>hominibus.</strong></span> 
     </span>
    </p>
   </div>
   <div class='ocr_carea' id='block_1_108' title="bbox 1900 4806 3463 4878">
    <p class='ocr_par' dir='ltr' id='par_1_108' title="bbox 1900 4806 3463 4878">
     <span class='ocr_line' id='line_1_110' title="bbox 1900 4806 3463 4878; baseline 0.002 -18"><span class='ocrx_word' id='word_1_773' title='bbox 1900 4806 1966 4861; x_wconf 73' lang='grc' dir='ltr'><strong>ν.</strong></span> <span class='ocrx_word' id='word_1_774' title='bbox 1991 4808 2082 4860; x_wconf 86' lang='lat'><strong>26.</strong></span> <span class='ocrx_word' id='word_1_775' title='bbox 2115 4806 2176 4860; x_wconf 81' lang='lat' dir='ltr'><strong>In</strong></span> <span class='ocrx_word' id='word_1_776' title='bbox 2203 4825 2381 4878; x_wconf 77' lang='lat' dir='ltr'><strong>mense</strong></span> <span class='ocrx_word' id='word_1_777' title='bbox 2407 4818 2580 4861; x_wconf 84' lang='lat' dir='ltr'><strong>autent</strong></span> <span class='ocrx_word' id='word_1_778' title='bbox 2603 4818 2772 4878; x_wconf 70' lang='lat' dir='ltr'><strong>sexta,</strong></span> <span class='ocrx_word' id='word_1_779' title='bbox 2805 4811 2996 4863; x_wconf 86' lang='lat' dir='ltr'><strong>missus</strong></span> <span class='ocrx_word' id='word_1_780' title='bbox 3024 4819 3097 4863; x_wconf 83' lang='lat' dir='ltr'><strong>est</strong></span> <span class='ocrx_word' id='word_1_781' title='bbox 3129 4810 3344 4878; x_wconf 87' lang='lat' dir='ltr'><strong>angelus</strong></span> <span class='ocrx_word' id='word_1_782' title='bbox 3363 4808 3463 4863; x_wconf 83' lang='lat' dir='ltr'><strong>Ga-</strong></span> 
     </span>
    </p>
   </div>
   <div class='ocr_carea' id='block_1_109' title="bbox 1968 4876 3470 4999">
    <p class='ocr_par' dir='ltr' id='par_1_109' title="bbox 1968 4876 3470 4999">
     <span class='ocr_line' id='line_1_111' title="bbox 1968 4876 3470 4999; baseline 0.001 -68"><span class='ocrx_word' id='word_1_783' title='bbox 1968 4878 2154 4999; x_wconf 69' lang='lat' dir='ltr'><strong>briella</strong></span> <span class='ocrx_word' id='word_1_784' title='bbox 2186 4877 2292 4932; x_wconf 91' lang='lat' dir='ltr'><strong>Deo</strong></span> <span class='ocrx_word' id='word_1_785' title='bbox 2336 4880 2390 4932; x_wconf 85' lang='lat' dir='ltr'><strong>in</strong></span> <span class='ocrx_word' id='word_1_786' title='bbox 2417 4879 2679 4932; x_wconf 85' lang='lat' dir='ltr'><strong>civitatem</strong></span> <span class='ocrx_word' id='word_1_787' title='bbox 2716 4876 2955 4934; x_wconf 77' lang='lat' dir='ltr'><strong>Gulrlww</strong></span> <span class='ocrx_word' id='word_1_788' title='bbox 2978 4920 2994 4947; x_wconf 94' lang='lat'><strong>,</strong></span> <span class='ocrx_word' id='word_1_789' title='bbox 3022 4880 3108 4933; x_wconf 85' lang='lat' dir='ltr'><strong>cui</strong></span> <span class='ocrx_word' id='word_1_790' title='bbox 3134 4876 3317 4934; x_wconf 74' lang='lat' dir='ltr'><strong>nomen</strong></span> <span class='ocrx_word' id='word_1_791' title='bbox 3350 4879 3470 4933; x_wconf 88' lang='lat' dir='ltr'><strong>Nu-</strong></span> 
     </span>
     <span class='ocr_line' id='line_1_112' title="bbox 1968 4960 2165 4999; baseline 0 0"><span class='ocrx_word' id='word_1_792' title='bbox 1968 4960 2106 4999; x_wconf 84' lang='lat' dir='ltr'><strong>zaret</strong></span> <span class='ocrx_word' id='word_1_793' title='bbox 2127 4964 2165 4999; x_wconf 82' lang='lat' dir='ltr'><strong>t.</strong></span> 
     </span>
    </p>
   </div>
   <div class='ocr_carea' id='block_1_110' title="bbox 1968 4960 2165 5010">
    <p class='ocr_par' dir='ltr' id='par_1_110' title="bbox 1968 4960 2165 5010">
     <span class='ocr_line' id='line_1_113' title="bbox 1968 4960 2165 5010; baseline -0.01 -9"><span class='ocrx_word' id='word_1_794' title='bbox 1968 4965 2029 5001; x_wconf 80' lang='lat' dir='ltr'><strong>za</strong></span> <span class='ocrx_word' id='word_1_795' title='bbox 2037 4960 2165 5010; x_wconf 87' lang='lat' dir='ltr'><strong>rem,</strong></span> 
     </span>
    </p>
   </div>
   <div class='ocr_carea' id='block_1_111' title="bbox 1900 5040 3470 5105">
    <p class='ocr_par' dir='ltr' id='par_1_111' title="bbox 1900 5040 3470 5105">
     <span class='ocr_line' id='line_1_114' title="bbox 1900 5040 3470 5105; baseline 0 -9"><span class='ocrx_word' id='word_1_796' title='bbox 1900 5040 1966 5096; x_wconf 72' lang='grc' dir='ltr'><strong>ν.</strong></span> <span class='ocrx_word' id='word_1_797' title='bbox 1997 5040 2086 5095; x_wconf 84' lang='lat'><strong>27.</strong></span> <span class='ocrx_word' id='word_1_798' title='bbox 2118 5040 2199 5093; x_wconf 86' lang='lat' dir='ltr'><strong>Ad</strong></span> <span class='ocrx_word' id='word_1_799' title='bbox 2221 5040 2472 5105; x_wconf 82' lang='lat' dir='ltr'><strong>virginem</strong></span> <span class='ocrx_word' id='word_1_800' title='bbox 2501 5040 2869 5105; x_wconf 80' lang='lat' dir='ltr'><strong>desponsatam</strong></span> <span class='ocrx_word' id='word_1_801' title='bbox 2893 5041 3022 5101; x_wconf 80' lang='lat' dir='ltr'><strong>viro,</strong></span> <span class='ocrx_word' id='word_1_802' title='bbox 3048 5042 3130 5092; x_wconf 86' lang='lat' dir='ltr'><strong>cui</strong></span> <span class='ocrx_word' id='word_1_803' title='bbox 3154 5058 3337 5095; x_wconf 86' lang='lat' dir='ltr'><strong>nomen</strong></span> <span class='ocrx_word' id='word_1_804' title='bbox 3368 5041 3470 5096; x_wconf 85' lang='lat' dir='ltr'><strong>Jo-</strong></span> 
     </span>
    </p>
   </div>
   <div class='ocr_carea' id='block_1_112' title="bbox 1973 5109 3469 5232">
    <p class='ocr_par' dir='ltr' id='par_1_112' title="bbox 1973 5109 3469 5232">
     <span class='ocr_line' id='line_1_115' title="bbox 1973 5109 3469 5232; baseline 0.005 -73"><span class='ocrx_word' id='word_1_805' title='bbox 1973 5109 2133 5232; x_wconf 51' lang='grc' dir='ltr'>ἵνα,</span> <span class='ocrx_word' id='word_1_806' title='bbox 2170 5112 2233 5162; x_wconf 86' lang='lat' dir='ltr'><strong>de</strong></span> <span class='ocrx_word' id='word_1_807' title='bbox 2267 5111 2422 5162; x_wconf 88' lang='lat' dir='ltr'><strong>domo</strong></span> <span class='ocrx_word' id='word_1_808' title='bbox 2466 5110 2634 5162; x_wconf 86' lang='lat' dir='ltr'><strong>David</strong></span> <span class='ocrx_word' id='word_1_809' title='bbox 2665 5124 2683 5163; x_wconf 91' lang='lat'><strong><em>:</em></strong></span> <span class='ocrx_word' id='word_1_810' title='bbox 2718 5119 2767 5163; x_wconf 89' lang='lat' dir='ltr'><strong>et</strong></span> <span class='ocrx_word' id='word_1_811' title='bbox 2808 5127 2991 5163; x_wconf 89' lang='lat' dir='ltr'><strong>nomen</strong></span> <span class='ocrx_word' id='word_1_812' title='bbox 3030 5110 3187 5179; x_wconf 81' lang='lat' dir='ltr'><strong>hujus</strong></span> <span class='ocrx_word' id='word_1_813' title='bbox 3233 5113 3469 5183; x_wconf 75' lang='lat' dir='ltr'><strong>virginis,</strong></span> 
     </span>
     <span class='ocr_line' id='line_1_116' title="bbox 2033 5195 2221 5231; baseline 0 0"><span class='ocrx_word' id='word_1_814' title='bbox 2033 5195 2221 5231; x_wconf 74' lang='lat' dir='ltr'><strong>ariam.</strong></span> 
     </span>
    </p>
   </div>
   <div class='ocr_carea' id='block_1_113' title="bbox 1910 5195 2221 5231">
    <p class='ocr_par' dir='ltr' id='par_1_113' title="bbox 1910 5195 2221 5231">
     <span class='ocr_line' id='line_1_117' title="bbox 1910 5195 2221 5231; baseline 0 0"><span class='ocrx_word' id='word_1_815' title='bbox 1910 5208 1913 5215; x_wconf 89' lang='lat'>&#39;</span> <span class='ocrx_word' id='word_1_816' title='bbox 1973 5195 2221 5231; x_wconf 73' lang='lat' dir='ltr'><strong>murtam.</strong></span> 
     </span>
    </p>
   </div>
   <div class='ocr_carea' id='block_1_114' title="bbox 1973 5270 3470 5343">
    <p class='ocr_par' dir='ltr' id='par_1_114' title="bbox 1973 5270 3470 5343">
     <span class='ocr_line' id='line_1_118' title="bbox 1973 5270 3470 5343; baseline 0.003 -20"><span class='ocrx_word' id='word_1_817' title='bbox 1973 5270 2108 5337; x_wconf 86' lang='lat' dir='ltr'><strong>Quid</strong></span> <span class='ocrx_word' id='word_1_818' title='bbox 2138 5285 2265 5325; x_wconf 90' lang='lat' dir='ltr'><strong>vero</strong></span> <span class='ocrx_word' id='word_1_819' title='bbox 2299 5270 2562 5325; x_wconf 88' lang='lat' dir='ltr'><strong>inuuehat</strong></span> <span class='ocrx_word' id='word_1_820' title='bbox 2612 5271 2766 5327; x_wconf 79' lang='lat' dir='ltr'><strong>illis?</strong></span> <span class='ocrx_word' id='word_1_821' title='bbox 2810 5272 2943 5326; x_wconf 87' lang='lat' dir='ltr'><strong>Cum</strong></span> <span class='ocrx_word' id='word_1_822' title='bbox 2971 5273 3081 5343; x_wconf 85' lang='lat' dir='ltr'><strong>jam</strong></span> <span class='ocrx_word' id='word_1_823' title='bbox 3119 5273 3470 5330; x_wconf 84' lang='lat' dir='ltr'><strong>inaudivisset</strong></span> 
     </span>
    </p>
   </div>
   <div class='ocr_carea' id='block_1_115' title="bbox 1902 5363 3470 5434">
    <p class='ocr_par' dir='ltr' id='par_1_115' title="bbox 1902 5363 3470 5434">
     <span class='ocr_line' id='line_1_119' title="bbox 1902 5363 3470 5434; baseline 0.003 -17"><span class='ocrx_word' id='word_1_824' title='bbox 1902 5372 2108 5434; x_wconf 81' lang='lat' dir='ltr'><strong>gratam</strong></span> <span class='ocrx_word' id='word_1_825' title='bbox 2140 5363 2243 5417; x_wconf 85' lang='lat' dir='ltr'><strong>sibi</strong></span> <span class='ocrx_word' id='word_1_826' title='bbox 2292 5377 2404 5417; x_wconf 92' lang='lat' dir='ltr'><strong>rem</strong></span> <span class='ocrx_word' id='word_1_827' title='bbox 2454 5364 2810 5419; x_wconf 79' lang='lat' dir='ltr'><strong>obventuram</strong></span> <span class='ocrx_word' id='word_1_828' title='bbox 2837 5406 2853 5433; x_wconf 90' lang='lat'><strong>,</strong></span> <span class='ocrx_word' id='word_1_829' title='bbox 2884 5381 2988 5420; x_wconf 92' lang='lat' dir='ltr'><strong>non</strong></span> <span class='ocrx_word' id='word_1_830' title='bbox 3022 5366 3302 5421; x_wconf 80' lang='lat' dir='ltr'><strong>festinavit</strong></span> <span class='ocrx_word' id='word_1_831' title='bbox 3346 5374 3470 5421; x_wconf 85' lang='lat' dir='ltr'><strong>ante</strong></span> 
     </span>
    </p>
   </div>
   <div class='ocr_carea' id='block_1_116' title="bbox 1898 5569 3467 5632">
    <p class='ocr_par' dir='ltr' id='par_1_116' title="bbox 1898 5569 3467 5632">
     <span class='ocr_line' id='line_1_120' title="bbox 1898 5569 3467 5632; baseline 0.004 -8"><span class='ocrx_word' id='word_1_832' title='bbox 1898 5571 2023 5625; x_wconf 87' lang='lat' dir='ltr'><strong>dam</strong></span> <span class='ocrx_word' id='word_1_833' title='bbox 2080 5569 2237 5625; x_wconf 83' lang='lat' dir='ltr'><strong>codd.</strong></span> <span class='ocrx_word' id='word_1_834' title='bbox 2280 5571 2441 5625; x_wconf 88' lang='lat' dir='ltr'><strong>etiam</strong></span> <span class='ocrx_word' id='word_1_835' title='bbox 2497 5570 2699 5626; x_wconf 86' lang='lat' dir='ltr'><strong>Severo</strong></span> <span class='ocrx_word' id='word_1_836' title='bbox 2747 5571 3011 5628; x_wconf 90' lang='lat' dir='ltr'><strong>tribuunt.</strong></span> <span class='ocrx_word' id='word_1_837' title='bbox 3068 5570 3352 5632; x_wconf 76' lang='lat' dir='ltr'><strong>Pertinent</strong></span> <span class='ocrx_word' id='word_1_838' title='bbox 3394 5569 3467 5630; x_wconf 66' lang='lat' dir='ltr'><strong>ad</strong></span> 
     </span>
    </p>
   </div>
   <div class='ocr_carea' id='block_1_117' title="bbox 1897 5641 2800 5696">
    <p class='ocr_par' dir='ltr' id='par_1_117' title="bbox 1897 5641 2800 5696">
     <span class='ocr_line' id='line_1_121' title="bbox 1897 5641 2800 5696; baseline 0.002 -4"><span class='ocrx_word' id='word_1_839' title='bbox 1897 5656 1947 5695; x_wconf 84' lang='grc' dir='ltr'><strong>ν.</strong></span> <span class='ocrx_word' id='word_1_840' title='bbox 1978 5641 2069 5695; x_wconf 81' lang='lat'><strong>22.</strong></span> <span class='ocrx_word' id='word_1_841' title='bbox 2111 5641 2240 5695; x_wconf 74' lang='lat' dir='ltr'><strong>Vide</strong></span> <span class='ocrx_word' id='word_1_842' title='bbox 2266 5642 2402 5694; x_wconf 88' lang='lat' dir='ltr'><strong>infra</strong></span> <span class='ocrx_word' id='word_1_843' title='bbox 2434 5657 2499 5695; x_wconf 79' lang='lat' dir='ltr'><strong>ex</strong></span> <span class='ocrx_word' id='word_1_844' title='bbox 2531 5644 2649 5696; x_wconf 81' lang='lat' dir='ltr'><strong>cod.</strong></span> <span class='ocrx_word' id='word_1_845' title='bbox 2675 5641 2800 5696; x_wconf 80' lang='grc'><strong>594.</strong></span> 
     </span>
    </p>
   </div>
   <div class='ocr_carea' id='block_1_118' title="bbox 1965 5710 2754 5781">
    <p class='ocr_par' dir='ltr' id='par_1_118' title="bbox 1965 5710 2754 5781">
     <span class='ocr_line' id='line_1_122' title="bbox 1965 5710 2754 5781; baseline 0.003 -18"><span class='ocrx_word' id='word_1_846' title='bbox 1965 5712 2081 5771; x_wconf 79' lang='grc'><strong>(47)</strong></span> <span class='ocrx_word' id='word_1_847' title='bbox 2112 5710 2448 5771; x_wconf 80' lang='lat' dir='ltr'><strong>Forte,deest</strong></span> <span class='ocrx_word' id='word_1_848' title='bbox 2481 5712 2754 5781; x_wconf 85' lang='grc' dir='ltr'>σημαίνει.</span> 
     </span>
    </p>
   </div>
   <div class='ocr_carea' id='block_1_119' title="bbox 1963 5778 3252 5853">
    <p class='ocr_par' dir='ltr' id='par_1_119' title="bbox 1963 5778 3252 5853">
     <span class='ocr_line' id='line_1_123' title="bbox 1963 5778 3252 5853; baseline 0.002 -18"><span class='ocrx_word' id='word_1_849' title='bbox 1963 5783 2077 5853; x_wconf 69' lang='lat' dir='ltr'><strong>(i8)</strong></span> <span class='ocrx_word' id='word_1_850' title='bbox 2113 5782 2183 5837; x_wconf 86' lang='lat' dir='ltr'><strong>De</strong></span> <span class='ocrx_word' id='word_1_851' title='bbox 2215 5795 2437 5851; x_wconf 84' lang='lat' dir='ltr'><strong>corpore</strong></span> <span class='ocrx_word' id='word_1_852' title='bbox 2459 5778 2767 5851; x_wconf 77' lang='lat' dir='ltr'><strong>angelorum</strong></span> <span class='ocrx_word' id='word_1_853' title='bbox 2796 5783 2916 5841; x_wconf 78' lang='lat' dir='ltr'><strong>vide</strong></span> <span class='ocrx_word' id='word_1_854' title='bbox 2956 5782 3252 5839; x_wconf 85' lang='lat' dir='ltr'><strong>Petavium.</strong></span> 
     </span>
    </p>
   </div>
  </div>
