3888 6214
422 302 528 358 519

1307 293 1873 354 SUPPLEMENTUM
1912 294 2003 350 AD
2041 294 2370 354 ORIGENIS
2408 296 2817 354 EXEGETICA.

3558 306 3663 360 520

423 424 633 487 tempus
666 430 1022 486 praecurrere,
1052 415 1144 469 sed
1175 416 1510 485 exspectavit
1538 415 1709 469 donec
1736 415 1982 468 ministe-

2103 416 2334 487 Ξραμείν,
2365 417 2478 471 ἀλλ’
2502 418 2683 489 ἔμεινε
2727 418 3010 491 πληρῶσαι
3041 419 3137 491 τὴν
3172 418 3544 493 λειτουργίαν
3579 424 3661 478 δι-

420 510 557 562 rium
588 509 896 563 absolveret
936 528 948 561 :
980 508 1180 561 docens
1202 547 1217 570 ,
1249 507 1389 573 quod
1422 515 1669 575 oporteat
1699 506 1877 559 omnia
1910 520 1994 558 se-

418 602 596 656 cundo
627 603 743 655 loco
775 600 996 666 habere,
1037 614 1148 667 prae
1178 600 1268 653 Dei
1302 600 1530 654 honore.
1564 596 1993 652 Prudentissimo

418 703 597 748 autem
626 692 857 748 consilio
884 692 1177 747 occultavit
1204 706 1324 746 sese
1354 691 1651 754 Elisabetli,
1674 704 1844 760 usque
1866 692 1990 743 dum

418 785 719 852 graviditas
748 784 865 853 ejus
907 786 1123 853 patuit,
1161 799 1261 838 nec
1303 783 1395 838 ulli
1429 785 1651 838 suberat
1698 800 1783 838 res
1827 786 1991 852 tergi-

418 874 717 928 versationi
753 893 765 928 :
800 882 860 929 ut
892 890 959 929 ex
992 875 1181 928 auditu
1232 874 1480 929 nolentes
1535 874 1849 941 persuaderi
1898 876 1989 943 qui

418 964 534 1019 haec
568 966 859 1021 audiebant
889 1006 905 1028 ,
939 968 1113 1021 eidem
1145 968 1318 1037 culpae
1343 1007 1357 1031 ,
1385 978 1487 1035 qua
1519 965 1831 1031 Zacharias,
1866 968 1992 1021 sub-

410 1056 586 1125 jectos
612 1072 731 1111 sese
768 1059 1193 1128 suspicarentur.

488 1145 978 1217 (49)Hyperbaton,
1001 1163 1093 1202 seu
1116 1149 1382 1202 sermonis
1412 1148 1695 1203 translatio
1722 1148 1791 1201 ita
1814 1163 1871 1202 se
1896 1149 1993 1201 ha-

416 1241 510 1292 bet
545 1256 560 1292 :
595 1238 791 1292 Missus
818 1249 893 1292 est
928 1241 1144 1308 angelus
1167 1241 1235 1293 ad
1264 1240 1510 1309 virginem
1534 1244 1598 1293 de
1626 1241 1777 1293 domo
1799 1241 1988 1306 David,

417 1341 465 1383 et
494 1346 678 1384 nomen
701 1332 917 1398 virginis
940 1330 1193 1395 Mariam,
1219 1332 1583 1400 desponsatam
1615 1334 1745 1399 viro,
1778 1335 1862 1385 cui
1894 1351 1990 1385 no-

415 1438 533 1474 men
554 1421 773 1491 Joseph.
807 1422 921 1477 Non
955 1432 1037 1477 est
1069 1433 1247 1476 autem
1277 1424 1475 1477 missus
1505 1424 1570 1477 ad
1595 1422 1790 1492 Joseph
1830 1437 1993 1493 ange-

416 1517 521 1580 lus,
551 1517 749 1585 quippe
779 1516 910 1570 nihil
947 1525 1066 1570 erat
1096 1531 1382 1571 commune
1431 1514 1667 1584 Joseplio
1697 1532 1818 1569 eum
1852 1516 1993 1568 nati-

414 1608 585 1662 vitate
621 1607 832 1662 Domini
864 1608 1026 1677 :quia
1077 1608 1285 1663 scilicet
1320 1624 1443 1662 cum
1495 1608 1749 1677 ('(L'pisset
1801 1622 1992 1677 pecea-

2091 508 2331 573 δάσκων,
2376 512 2457 564 ὅτι
2496 512 2576 565 δεῖ
2616 514 2792 567 πάντα
2836 512 3061 584 δεύτερα
3113 515 3379 568 ποιεῖσθαι
3429 518 3527 586 τῆς
3583 519 3663 581 είς

2091 600 2221 653 Θεὸν
2249 602 2441 673 τιμῆς.
2478 604 2952 675 Οίκονομικώτατα
2978 606 3034 658 δὲ
3066 607 3427 678 περιέκρυὸεν
3463 608 3663 680 ἑαυτὴν

2092 696 2125 763 ἡ
2168 693 2467 761 Ἐλισάὁετ,
2502 698 2605 761 ἕως
2635 695 2695 753 οὗ
2722 698 2965 770 ἐγνώσθη
3010 701 3043 769 ἡ
3088 698 3301 770 γαστὴρ
3341 700 3530 769 αὐτῆς,
3567 700 3662 753 καὶ

2091 789 2456 858 ἀναμφίϐολον
2486 788 2553 862 ἦν
2590 792 2652 844 τὸ
2693 794 2922 863 πρᾶγμα
2944 812 2957 824 ·
3000 794 3085 847 ἵνα
3109 794 3245 861 (49'l
3278 793 3335 860 ἐξ
3369 793 3538 863 ἀκοῆς
3586 794 3661 863 μὴ

2094 879 2403 953 βουλόμενοι
2433 884 2718 956 πεισθῆναι
2755 888 2803 938 οἱ
2850 886 3137 949 ἀκούοντες
3158 885 3350 948 ταῦτα,
3411 886 3489 957 τῷ
3515 885 3663 957 αὐτῷ

2092 974 2395 1047 ἐγκλήματι
2418 979 2849 1046 ὐποπτεὺσωσιν,
2891 974 2935 1049 ᾧ
2968 980 3061 1033 καὶ
3088 980 3379 1050 Ζαχαρίας.

2162 1157 2236 1210 Τὸ
2269 1158 2572 1229 ὑπερϐατὸν
2597 1157 2766 1221 οὕτως
2793 1157 2904 1229 ἔχει
2927 1175 2940 1189 ·
2988 1157 3321 1226 Ἀπεστάλη
3351 1162 3383 1213 ό
3407 1159 3661 1228 ἅγγελος

2092 1250 2241 1318 πρὸς
2262 1251 2559 1318 παρθένον
2584 1250 2652 1315 ἐξ
2679 1251 2847 1304 οῖκου
2870 1251 3065 1315 Δαυῒὸ,
3104 1253 3200 1304 καὶ
3234 1253 3301 1305 τὸ
3334 1252 3521 1321 ὄνομα
3555 1251 3661 1319 τῆς

2092 1339 2387 1407 παρθένου
2447 1342 2714 1410 Μαριὰμ,
2764 1342 3298 1411 μειινηστευμέιην
3351 1343 3567 1410 ἀνδρὶ,
3614 1336 3665 1409 ᾧ

2094 1432 2281 1501 ὄνομα
2334 1433 2565 1502 Ἰωσήφ.
2617 1435 2729 1486 Οὐκ
2777 1435 3056 1506 ἀπεστάλη
3110 1435 3167 1487 δὲ
3215 1434 3350 1506 πρὸς
3393 1436 3589 1507 Ἰωσὴφ
3633 1437 3663 1489 ὁ

2091 1522 2318 1592 ἄγγελος
2338 1542 2351 1555 ο
2387 1525 2571 1595 ἐπειδὴ
2598 1526 2748 1578 οὐδὲν
2775 1521 2842 1597 ἦν
2873 1525 3047 1579 κοινὸν
3073 1524 3149 1597 τῷ
3183 1526 3377 1597 Ἰωσὴφ
3404 1526 3538 1598 πρὸς
3564 1526 3663 1599 τὴν

2090 1615 2184 1669 τοῦ
2216 1618 2419 1689 Κυρίου
2448 1618 2721 1689 γέννησιν.
2770 1619 2858 1682 Ὠς
2890 1618 2951 1689 δὴ
2980 1618 3292 1690 ἀρξαμένης
3335 1620 3432 1688 τῆς
3476 1621 3660 1691 ἀμαρ-

418 1708 531 1754 tum
561 1714 590 1752 a
621 1700 848 1754 muliere
871 1741 884 1763 ,
919 1702 997 1755 sic
1029 1710 1082 1755 et
1110 1701 1245 1754 bona
1276 1702 1561 1771 oportebat
1589 1709 1647 1753 ut
1692 1714 1722 1752 a
1766 1699 1992 1755 muliere

2103 1710 2211 1773 τίας
2240 1709 2347 1762 ἀπὸ
2370 1710 2645 1778 γυναικὸς,
2672 1709 2814 1763 οὕτω
2840 1711 2933 1764 καὶ
2958 1711 3028 1764 τὰ
3059 1711 3237 1779 ἀγαθά
3278 1712 3384 1765 ἀπὸ
3405 1712 3663 1781 γυναικὸς

413 1794 817 1847 exordirentnr.

413 1882 479 1938 Υ.
508 1884 597 1939 54.
640 1882 786 1937 Dixit
828 1894 1002 1937 autem
1052 1884 1227 1937 Maria
1283 1884 1352 1936 ad
1392 1884 1633 1954 angelum
1671 1901 1687 1938 :
1730 1883 1989 1953 quomodo

622 1958 717 2025 erit
742 1956 881 2010 hoc?
910 1956 1155 2024 quoniam
1187 1956 1351 2007 virum
1385 1972 1485 2008 non
1515 1970 1788 2025 cognosco.

416 2024 477 2080 V.
512 2025 601 2079 55.
640 2024 707 2077 Et
734 2026 996 2092 respondit
1028 2026 1266 2093 angelus,
1286 2034 1390 2079 etc.

481 2114 644 2181 Illud,
671 2117 913 2170 invenisti
948 2118 1198 2185 gratiam,
1242 2131 1527 2170 commune
1557 2127 1695 2171 erat.
1730 2116 1991 2173 Invenere

410 2222 648 2277 namque
694 2216 819 2262 ante
860 2208 1003 2262 illam
1036 2216 1089 2261 et
1123 2208 1243 2261 alia:
1283 2209 1536 2275 gratiam.
1565 2208 1719 2274 Quod
1747 2224 1879 2262 vero
1910 2210 1991 2262 di-

412 2301 512 2363 xit,
544 2300 824 2369 concipies,
851 2315 956 2355 non
984 2299 1217 2367 amplius
1263 2314 1554 2355 commune
1583 2312 1702 2354 erat
1726 2340 1741 2363 ,
1776 2303 1871 2356 sed
1900 2317 1990 2356 res

411 2392 712 2457 inusitata,
754 2395 970 2462 propria
1007 2409 1069 2447 ac
1120 2392 1409 2460 singularis
1460 2396 1513 2446 in
1570 2394 1987 2463 promissionem

410 2486 655 2554 virginis.
675 2484 927 2539 Invenisti
944 2486 1077 2539 enim
1095 2486 1319 2553 gratiam
1344 2486 1484 2553 apud
1516 2485 1702 2539 Deum.
1735 2487 1988 2556 Propter-

408 2592 496 2640 ea,
532 2592 594 2630 ne
636 2578 839 2631 timeas.
889 2575 1269 2645 Cujuscunque
1313 2578 1457 2630 enim
1516 2578 1725 2633 timoris
1785 2578 1989 2632 ablatio

409 2676 514 2732 est,
553 2667 851 2722 Salvatoris
889 2666 1177 2722 adventus.

589 2757 652 2813 Υ.
683 2758 770 2813 56.
796 2759 860 2812 Et
888 2774 1003 2813 ecce
1024 2757 1294 2813 Elisubeth
1330 2768 1547 2830 cognata
1566 2771 1679 2825 tua,
1705 2769 1810 2815 etc.

480 2917 698 2970 Audivit
726 2916 1062 2981 Prtecursor,
1092 2928 1271 2973 motus
1304 2919 1625 2987 operatione
1659 2919 1832 2973 sancti
1864 2919 1985 2987 Spi-

411 3010 573 3070 ritus,
608 3008 788 3063 Mariae
823 3010 1230 3074 salutationem,
1263 3027 1423 3075 quam
1459 3012 1820 3081 interpellavit
1849 3010 1984 3066 Ver—

2021 1772 2064 1827 Β
2094 1772 2203 1855 εδει
2234 1772 2501 1873 ἄρξασθαι
2533 1804 2665 1873 (δυ).

2092 1895 2238 1964 Στίχ.
2269 1895 2362 1947 λδ’.
2389 1892 2537 1967 Eine
2555 1897 2623 1948 δὲ
2646 1896 2881 1966 Μαριὰμ
2913 1896 3061 1965 πρὸς
3092 1898 3199 1952 τὸν
3223 1897 3500 1967 ἄγγελον·
3532 1897 3665 1965 Πῶς

2194 1966 2366 2039 ἔσται
2396 1966 2567 2039 τοῦτο
2592 1983 2608 2029 ;
2638 1968 2766 2020 ἐπεὶ
2801 1968 2911 2039 τὸν
2939 1969 3129 2039 ἄνδρα
3156 1972 3227 2022 οὐ
3261 1966 3553 2039 γινώσκω.

2092 2035 2238 2105 Στίχ.
2266 2036 2358 2088 λε’.
2402 2038 2510 2091 Καὶ
2554 2038 2895 2105 ἀποκριθεὶς
2924 2042 2956 2091 ό
2984 2035 3379 2107 ἄγγελος,’καὶ
3411 2042 3479 2093 τὰ
3510 2038 3661 2108 ἐξῆς.

2159 2128 2253 2191 Τὸ,
2281 2124 2455 2197 εὗρες
2483 2130 2677 2198 χάριν,
2712 2131 2887 2184 κοινὸν
2911 2126 2998 2201 ἦν.
3034 2126 3205 2201 Εὗρον
3231 2132 3339 2201 γὰρ
3362 2131 3468 2202 πρὸ
3491 2131 3666 2199 αὐτῆς

2091 2222 2182 2275 καὶ
2234 2220 2390 2275 ἄλλαι
2434 2223 2618 2292 χάριν.
2666 2222 2738 2275 Τὸ
2780 2222 2823 2275 δ’
2862 2224 3054 2288 εἰπεῖν,
3111 2221 3429 2290 συλλήψει-ι,
3478 2221 3664 2274 οὐκέτι

2090 2312 2267 2364 κοινὸν
2290 2308 2381 2382 ἦν,
2413 2312 2526 2365 ἀλλ’
2560 2312 2757 2376 ἰδιάζον
2780 2314 2859 2375 είς
2884 2312 3215 2380 ἐπαγγελίαν
3237 2312 3487 2383 παρθένῳ
3512 2310 3666 2375 ξένον

2090 2406 2340 2475 πρᾶγμα.
2380 2401 2571 2472 Εὗρες
2600 2404 2708 2473 γὰρ
2742 2403 2916 2473 χάριν
2947 2404 3105 2472 παρὰ
3139 2401 3219 2468 τῷ
3247 2403 3385 2468 Θεῷ.
3418 2404 3528 2465 Διὸ,
3573 2401 3664 2471 μὴ

2088 2495 2293 2561 φοϐοῦ.
2335 2494 2543 2556 Παντὸς
2565 2494 2672 2565 γὰρ
2701 2493 2866 2562 φόϐου
2899 2493 3186 2563 ἀφαίρεσις
3223 2495 3257 2562 ἡ
3289 2492 3380 2545 τοῦ
3408 2492 3664 2561 Σωτῆρος

2089 2584 2368 2655 ἐπιδημία.

2089 2764 2235 2832 Στίχ.
2262 2763 2370 2827 λς’.
2402 2761 2510 2815 Kal
2541 2761 2669 2815 ιδοὺ
2690 2762 2757 2884 x1;
2760 2760 3094 2894 ‘l‘fgtgcéist
3119 2762 3157 2828 ἡ
3182 2759 3485 2830 συγγενής
3520 2773 3665 2823 σου,

2162 2924 2273 2995 (51)
2304 2924 2574 2977 ’Ἤκουσεν
2594 2871 2968 2995 ὀΠρόδρομοςῖ
2993 2870 3068 2992 δ’ζῇ
3100 2923 3348 2993 ἐνεργείᾳ
3374 2920 3467 2973 τοῦ
3503 2921 3666 2988 ἁγίου

2089 3017 2405 3087 ΙΙνεύματος
2451 3016 2786 3087 κινούμενος,
2839 3015 2929 3067 τὸν
2978 3015 3268 3084 ἀσπασμὸν
3314 3014 3552 3083 Μαρίας,
3604 3013 3669 3067 ὃν

409 3100 533 3154 bum
568 3099 660 3155 Dei
696 3101 967 3164 Christus,
1017 3111 1070 3155 et
1100 3102 1405 3156 exsultabat
1438 3103 1491 3156 in
1520 3105 1715 3171 gaudio
1742 3104 1794 3156 in
1831 3114 1983 3160 nte-ro

2103 3106 2357 3159 ὃπέλαϐεν
2398 3108 2426 3158 ὁ
2459 3107 2630 3174 Λόγος
2662 3105 2754 3160 τοῦ
2788 3106 2920 3158 Θεοῦ
2954 3108 2982 3158 ὁ
3021 3105 3273 3176 Χριστὸς,
3316 3106 3407 3157 καὶ
3432 3105 3669 3175 ἐσκίρτα

408 3193 637 3255 matris,
691 3195 758 3247 ad
820 3197 1214 3249 ostendendam
1271 3195 1503 3265 gratiam
1553 3196 1988 3268 innuendamque

2103 3205 2147 3253 ὲν
2173 3199 2492 3268 ἀγαλλιάσει
2521 3200 2577 3251 ἐν
2607 3202 2673 3270 τῇ
2704 3198 2879 3268 κοιλίᾳ
2909 3198 3007 3268 τῆς
3059 3198 3283 3269 μητρὸς,
3318 3199 3397 3261 εἰς
3422 3197 3669 3267 ἔμφασιν

407 3284 772 3352 prophetiam.
806 3283 971 3348 Quasi
1019 3288 1164 3339 enim
1196 3301 1260 3340 ex
1296 3302 1361 3340 eo
1408 3288 1668 3357 temporis
1712 3300 1986 3343 momento

2103 3289 2279 3358 (ἀρᾶς
2309 3287 2403 3339 καὶ
2448 3287 2785 3358 προφητείας
2824 3286 3073 3357 δήλωσιν.
3127 3287 3302 3339 Οίονεὶ
3334 3286 3442 3357 γὰρ
3476 3286 3669 3340 ἔκτοτε

408 3377 574 3441 coepit
597 3390 719 3429 eum
754 3378 1075 3445 pruplmtam
1113 3377 1295 3431 facere
1319 3376 1478 3430 Jesus
1504 3418 1519 3441 ,
1554 3378 1881 3433 intrinsecus
1912 3379 1984 3433 illi

2103 3374 2255 3426 χυτὸν
2275 3374 2477 3445 ἤρξατο
2514 3377 2801 3446 προφήτην
2820 3379 2991 3427 ποιεῖν
3020 3378 3047 3428 ὁ
3086 3375 3310 3445 Ἰησοῦς,
3348 3375 3494 3429 ἔνδον
3514 3375 3669 3446 αὐτῷ

409 3466 673 3519 exhibens
707 3467 948 3535 mysterii
979 3466 1425 3521 declarationem.
1453 3467 1719 3534 Quoniam
1752 3484 1879 3523 vero
1902 3471 1989 3523 da-

410 3568 523 3610 tum
557 3572 660 3610 non
690 3566 773 3612 est
804 3557 1100 3613 infantibus
1136 3561 1185 3613 in
1220 3570 1375 3615 utero
1412 3561 1797 3616 exsistentibus
1821 3564 1987 3631 loqui,

410 3658 630 3713 propter
664 3650 1139 3717 immaturitatem;
1170 3652 1444 3706 festinanti
1503 3652 1757 3721 Baptistae
1780 3670 1992 3707 annun-

410 3741 547 3794 tiare
566 3740 977 3811 Redemptorem
994 3745 1351 3798 commodavit
1370 3755 1543 3799 mater
1561 3747 1808 3815 corporis
1828 3762 1989 3815 orga-

410 3848 561 3885 num.
596 3831 709 3886 Non
758 3835 902 3887 enim
953 3834 1155 3904 Spiritu
1195 3847 1381 3891 saneto
1430 3848 1585 3891 antea
1620 3838 1856 3906 repletus
1880 3848 1984 3902 est,

410 3939 571 3994 quam
589 3926 798 3979 adesset
815 3942 931 3995 qua:
948 3938 1103 3981 utero
1122 3930 1361 3997 gestabat
1377 3929 1839 3986 Christum.Prius
1860 3947 1989 3984 vero

412 4014 590 4069 infans
609 4016 838 4085 repletus
854 4029 935 4072 est
953 4018 1233 4087 Spiritu,et
1251 4020 1574 4087 exsultabat;
1595 4037 1658 4076 ac
1673 4037 1833 4091 porro
1850 4025 1992 4076 dein;-

410 4122 539 4174 ceps
579 4110 737 4163 matri
774 4111 1209 4180 communicavit,
1242 4113 1689 4184 exclamabatque
1737 4117 1990 4169 vaticinia

410 4200 943 4272 Elisabeth,propter
965 4204 1243 4271 infantem,
1279 4222 1438 4275 quem
1472 4208 1523 4260 in
1559 4217 1713 4262 utero
1750 4210 1988 4278 gerebat.

483 4289 758 4359 Ejusdem.
807 4291 1044 4363 Populus
1099 4296 1313 4364 quidem
1348 4314 1451 4351 non
1498 4296 1719 4367 agnovit
1743 4297 1989 4361 Salvato-

408 4397 522 4436 rem
574 4384 862 4439 facientem
905 4388 1057 4455 signa
1096 4397 1258 4456 atque
1311 4390 1601 4459 prodigia:
1639 4402 1695 4443 at
1747 4390 1986 4444 Joannes

407 4476 585 4529 adhuc
616 4477 668 4529 in
730 4487 885 4531 utero
936 4480 1146 4548 positus
1181 4480 1459 4545 exsultat,
1497 4485 1713 4550 quando
1765 4485 1984 4539 advenit

409 4577 583 4621 mater
608 4567 755 4623 Jesu.
790 4568 923 4623 Ecce
951 4572 1112 4635 enim,
1142 4572 1335 4640 inquit.
1370 4583 1422 4625 ut
1467 4572 1567 4642 fuit
1613 4576 1864 4628 salutatio
1890 4587 1981 4628 tua

407 4660 463 4711 in
498 4662 719 4714 auribus
753 4663 905 4727 meis,
933 4663 1214 4717 exsultavit
1248 4663 1424 4732 infans
1452 4666 1505 4717 in
1534 4667 1728 4733 gaudio
1750 4667 1805 4719 in
1836 4676 1982 4720 utero

408 4765 521 4801 meo
549 4749 614 4800 ³³.

479 4838 791 4908 Oportebat,
834 4853 893 4896 ut
915 4843 1071 4898 beata
1105 4845 1221 4899 hinc
1254 4845 1477 4899 Mariam
1505 4886 1521 4909 ,
1562 4855 1681 4915 post
1712 4846 1984 4902 Gabrielis

412 4932 726 4997 adventum,
784 4934 1124 4989 ascendendo
1170 4937 1489 4991 ascenderet
1541 4937 1593 4990 in
1648 4948 1980 4994 montanam.

410 5022 546 5075 Cum
582 5022 933 5078 festinatione
986 5036 1171 5080 autem
1216 5027 1691 5095 proficiscebatur,
1726 5029 1885 5082 ducta
1918 5034 1985 5083 ab

412 5128 501 5175 eo,
541 5115 629 5181 qui
668 5115 722 5167 in
768 5116 883 5183 ipsa
934 5126 1053 5171 erat
1097 5119 1324 5186 Spiritu,
1357 5119 1446 5187 qui
1478 5130 1867 5186 supervenerat
1912 5120 1984 5185 ei,

414 5216 575 5274 atque
599 5226 626 5259 a
665 5209 861 5263 virtute
888 5210 1155 5264 Altissimi
1185 5212 1542 5265 obumbrante
1580 5212 1652 5267 ei.

486 5297 942 5366 Quemadmodum
987 5312 1225 5371 coeperat
1249 5312 1528 5372 peccatum
1565 5318 1595 5354 a
1629 5301 1853 5357 muliere
1879 5343 1894 5369 ,
1929 5315 1983 5360 et

492 5410 537 5441 ³³
567 5409 701 5464 Luc.
734 5411 880 5477 1,44.

477 5500 614 5575 (49)Δ
634 5502 800 5575 \jtlgo
830 5508 1088 5575 syntaxis,
1120 5510 1460 5573 constructio,
1488 5509 1777 5563 ordinatio.

488 5572 627 5660 (44793
653 5572 811 5660 Forte
838 5572 1136 5660 addendum
1160 5580 1259 5660 μή,
1291 5590 1345 5631 et
1371 5572 1529 5660 paulo
1557 5591 1677 5648 post
1701 5581 1982 5649 legendum

418 5640 762 5696 ὑποπέσωσιν
791 5645 905 5700 loco
934 5640 1383 5702 ὑποπτεῦσωσιν.’
1403 5640 1559 5703 Εοιτ.

496 5711 607 5782 (50)
644 5712 773 5772 \ide
801 5717 937 5772 infra
970 5722 1035 5774 ad
1063 5734 1197 5773 vers.
1237 5721 1303 5774 36
1332 5722 1386 5778 in
1418 5721 1540 5774 line.

2091 3465 2388 3538 παρασχὼν
2428 3466 2521 3519 τοῦ
2582 3467 2880 3538 μυστηρίου
2922 3466 3019 3538 τὴν
3056 3468 3305 3538 δήλωσιν,
3350 3468 3567 3538 Ἐπειδὴ
3605 3468 3667 3521 δὲ

2091 3558 2191 3610 οὐκ
2217 3557 2383 3610 ἔδωκε
2410 3558 2588 3611 λαλεῖν
2610 3562 2721 3621 τοῖς
2748 3558 3010 3629 ἐμϐρύοις
3043 3559 3129 3611 διὰ
3150 3559 3210 3611 τὸ
3241 3560 3440 3630 ἄωρον,
3491 3557 3665 3610 σπεύ-

2088 3650 2229 3704 δοντι
2248 3651 2323 3721 τῷ
2353 3652 2622 3721 Βαπτιστῇ
2657 3651 2885 3723 κηρύξαι
2910 3652 2999 3703 τὸν
3026 3651 3337 3723 Λυτρωτὴν,
3369 3652 3595 3722 ἔχρησεν
3629 3653 3667 3722 ἡ

2095 3746 2277 3812 μήτηρ
2319 3742 2410 3795 τοῦ
2460 3742 2710 3813 σώματος
2760 3744 3019 3815 ὄργανον·
3070 3745 3129 3796 οὐ
3183 3744 3291 3814 γὰρ
3349 3743 3668 3813 Πνεύματος

2092 3833 2245 3900 ἁγίου
2275 3835 2537 3905 πρότερον
2566 3834 2891 3904 ἐνεπλήσθη,
2928 3835 3058 3905 πρὶν
3084 3838 3365 3905 ἐπιστῆναι
3397 3835 3496 3904 τὴν
3537 3850 3670 3885 κυο-

2092 3924 2405 3992 φορήσασαν
2436 3924 2689 3995 Χριστόν.
2726 3924 2947 3995 Πρῶτον
2980 3924 3035 3977 δὲ
3061 3926 3120 3976 τὸ
3143 3926 3340 3995 βρέφος
3364 3923 3669 3995 ἐπληροότο

2093 4014 2427 4083 Πνεύματος,
2471 4015 2563 4068 καὶ
2613 4015 2867 4085 ἐσκίρτα·
2912 4016 3004 4068 καὶ
3040 4012 3137 4068 εἷθ’
3164 4015 3338 4078 οὕτως
3370 4018 3435 4086 τῇ
3495 4017 3668 4085 μητρὶ

2096 4106 2386 4175 μετεδίδου,
2422 4107 2516 4158 καὶ
2550 4105 2746 4158 ἀνεϐόα
2776 4108 3087 4177 προφητικά
3110 4110 3143 4178 ἡ
3176 4107 3456 4160 Ἐλισάθετ
3491 4108 3579 4160 διὰ
3601 4107 3671 4161 τὸ

2093 4199 2524 4270 κυοφορούμενον
2556 4201 2612 4251 ἐν
2635 4201 2772 4269 αὐτῇ
2799 4200 3014 4269 βρέφος.

2168 4290 2276 4344 T027
2303 4290 2510 4347 αὑτοῦ.
2546 4292 2603 4343 Ὀ
2628 4291 2725 4361 μὲν
2753 4290 2877 4353 λαὸς
2906 4291 3006 4343 οὐκ
3035 4286 3143 4345 οἶδε
3174 4291 3265 4344 τὸν
3294 4291 3526 4363 Σωτῆρα
3547 4310 3671 4345 ποι-

2092 4381 2255 4435 οῦνται
2296 4384 2497 4452 σημεῖα
2530 4384 2623 4434 καὶ
2658 4381 2891 4452 ’πέμπ’
2922 4384 2949 4433 ὁ
2980 4381 3035 4433 δὲ
3082 4382 3331 4451 Ἰωάννης
3362 4382 3442 4434 ἔτι
3483 4384 3541 4435 ἐν

2019 4453 2059 4506 D
2087 4474 2263 4544 κοιλίᾳ
2278 4472 2352 4525 ὢν
2378 4475 2592 4545 σκιρτᾷ,
2616 4474 2775 4543 ἡνίκα
2804 4468 2966 4543 ἦλθεν
3002 4475 3034 4543 ἡ
3062 4475 3245 4544 μήτηρ
3279 4473 3474 4544 Ἰησοῦ.
3510 4453 3665 4529 Ἰδοὗ

2085 4564 2214 4634 γὰρ,
2250 4566 2433 4634 φησιν,
2470 4566 2550 4631 ὡς
2591 4564 2826 4634 ἐγένετο
2860 4567 2892 4617 ό
2932 4565 3254 4633 ἀσπασμός
3292 4583 3409 4621 σου
3456 4570 3544 4634 εὶς
3591 4570 3666 4620 τὰ

2082 4654 2202 4711 ὦτά
2220 4676 2359 4725 μου,
2394 4658 2717 4725 ἐσκίρτησε
2750 4656 2813 4709 τὸ
2845 4656 3074 4725 ,βρέφος
3109 4658 3180 4709 ἐν
3211 4658 3567 4728 ἀγαλλιάσει
3594 4660 3668 4713 ἐν

2085 4750 2158 4818 τῇ
2182 4752 2377 4816 κοιλίᾳ
2398 4768 2537 4819 μου.
3658 4768 3659 4771 ‘

2158 4843 2269 4914 (5‘2)
2294 4842 2441 4895 Ἔδει
2476 4842 2572 4912 τὴν
2590 4841 2865 4912 μακαρίαν
2894 4839 3096 4911 ταύτην
3118 4841 3369 4913 Μαριὰμ,
3403 4842 3541 4912 μετά
3567 4844 3668 4913 τὴν

2089 4936 2182 4989 τοῦ
2222 4935 2460 5007 Γαϐριὴλ
2498 4934 2811 5005 ἐπιδημίαν,
2843 4934 3236 4987 ἀναϐαίνουσαι]
3262 4936 3529 5006 ἀναϐῆναι
3571 4938 3668 4990 ἐπὶ

2090 5028 2188 5097 τὴν
2226 5029 2460 5098 ὀρεινήν.
2506 5025 2660 5079 Μετὰ
2708 5025 2939 5096 σπουδῆς
2986 5026 3043 5077 δὲ
3081 5026 3373 5096 ἐπορεύετο
3416 5028 3666 5097 ἀγομένη

2094 5119 2199 5171 ὑπὸ
2228 5117 2322 5171 τοῦ
2352 5120 2408 5170 ἐν
2442 5118 2576 5187 αὐτῇ
2609 5116 2939 5185 Πνεύματος,
2970 5115 2997 5168 ὃ
3024 5116 3347 5186 ἐπεληλύθει
3371 5119 3532 5188 αὐτῇ,
3573 5122 3667 5172 καὶ

2092 5212 2193 5280 τῆς
2239 5210 2522 5279 δυνάμεως
2553 5207 2647 5260 τοῦ
2681 5208 2960 5276 Ὑψίστου,
2996 5208 3094 5277 τῆς
3140 5210 3473 5278 ἐπισκιάσης
3500 5211 3663 5281 αὐτῇ.

2167 5302 2276 5373 (55)
2312 5302 2519 5370 Ὥσπερ
2549 5298 2802 5369 ἧρξατοὴ
2834 5298 3074 5369 ἁμαρτία
3105 5298 3214 5352 ἀπὸ
3250 5300 3533 5367 γυναικὸς,
3570 5302 3668 5355 καὶ

2170 5511 2282 5579 (5|)
2325 5511 2563 5575 Ἀνεπιγ.
2598 5504 2797 5560 Confer
2828 5514 3063 5560 veterem
3095 5502 3158 5558 D.
3214 5503 3439 5559 Iiieron.
3491 5505 3667 5561 interc

2094 5581 2402 5656 pl‘t‘l10tjg.
2447 5580 2589 5630 hom.
2623 5591 2715 5629 vn.

2160 5652 2273 5716 (52)
2313 5650 2481 5719 Ὠριγ.

2165 5714 2275 5791 (53)
2329 5714 2569 5786 ’Ᾱνεπιγ.
2600 5715 2729 5773 Vide
2752 5729 2912 5786 supra
2939 5714 3005 5777 ad
3029 5715 3230 5773 calcem
3264 5729 3407 5771 vers.
3434 5714 3530 5769 ‘27.
