3888 6214
163 313 266 367 5Ξ1

1450 310 1740 369 SCHOLIA
1784 312 1851 367 IN
1892 311 2152 368 LUCAM.

3349 320 3456 376 3‘22

166 431 310 502 μετὰ
344 428 503 485 τοῦτο
550 431 785 501 ἔφθασεν
831 432 926 485 ἐπὶ
979 431 1072 485 τὸν
1117 432 1326 505 ἄνδρα·
1362 433 1505 487 οὕτω
1555 434 1650 487 καὶ
1694 434 1755 486 τὰ

1868 444 2055 503 postea
2098 432 2365 489 derivavit
2395 432 2449 487 in
2497 434 2673 488 virum
2708 453 2721 489 :
2757 435 2837 490 sic
2876 444 2932 490 et
2968 435 3108 491 bona
3146 451 3176 490 a
3206 435 3454 492 mulieri-

164 524 357 594 ἀγαθά
390 524 498 578 ἀπὸ
527 524 636 579 τῶν
664 526 942 593 γυναικῶν
971 525 1195 596 ἤρξατο,
1231 527 1298 578 ἶν’
1328 527 1758 598 ἀπεντραπῶσιν

163 618 223 669 αἱ
256 618 514 684 γυναῖκες
542 615 641 686 τὴν
673 616 955 669 ἀσθένειαν
975 655 989 679 ,
1025 617 1120 669 καὶ
1158 616 1228 669 τὰ
1253 617 1539 685 γυναικεῖα
1566 616 1762 669 ἀποθέ-

167 724 353 778 μεναι,
390 705 677 777 ζηλώσωσι
703 709 831 771 τοὺς
872 708 1021 778 βίους
1047 708 1155 761 τῶν
1203 708 1490 779 μακαρίων
1529 707 1757 761 τούτων.

165 800 317 872 Στίχ.
343 806 455 872 μγ’.
495 800 610 856 Καὶ
644 801 831 872 πόθεν
845 818 948 869 μοι
988 802 1163 855 τοῦτο
1183 800 1400 872 δῆλον,
1420 800 1523 854 ἵνα
1546 800 1697 869 ἔλθῃ
1721 802 1759 870 ἠ

665 870 886 940 μήτηρ.
915 873 1008 925 καὶ
1043 873 1111 925 τὰ
1146 870 1291 942 ὲξῆς.

242 961 355 1015 Τοῦ
375 961 584 1015 αὑτοῦ.
616 962 889 1033 Σύμφωνα
915 961 994 1033 τῷ
1024 962 1125 1033 υίῷ
1153 962 1450 1031 φθέγγεται
1475 962 1508 1032 ἡ
1547 961 1762 1015 Ἐλισά-

166 1054 297 1119 ϐετ,
341 1054 570 1118 ἀναξίαν
614 1056 814 1127 ἑαυτὴν
861 1056 960 1125 τῆς
1015 1054 1322 1126 παρουσίας
1359 1053 1460 1122 τῆς
1496 1052 1761 1105 Θεοτὸκου

164 1144 423 1214 λέγουσα,
451 1145 640 1216 ὥσπερ
669 1146 764 1198 καὶ
804 1145 1060 1217 Ἰωάννης
1087 1146 1186 1215 τῆς
1220 1145 1358 1215 πρὸς
1396 1143 1490 1197 τὸν
1524 1143 1762 1214 Χριστὸν

166 1237 590 1308 παραστάσεως.
627 1236 691 1289 Τί
718 1239 827 1311 γάρ
863 1254 978 1308 μοι,
1016 1238 1171 1308 φησι,
1202 1235 1521 1307 τηλικοῦτον
1549 1236 1763 1307 πέπρα-

166 1345 294 1380 κται
330 1328 556 1396 ἀγαθὸν,
587 1328 675 1380 ἵνα
704 1330 736 1398 ἡ
769 1329 951 1401 μήτηρ
975 1327 1071 1380 τοῦ
1102 1327 1309 1398 Κυρίου
1342 1344 1443 1397 μου
1466 1327 1595 1400 ἔλθῃ
1624 1326 1762 1398 πρός

168 1435 272 1489 με;
306 1419 537 1490 Μητέρα
570 1417 724 1473 καλεῖ
748 1420 846 1489 τὴν
878 1417 959 1471 ἔτι
995 1417 1287 1487 παρθένον,
1321 1417 1597 1486 φθάνουσα
1631 1433 1763 1487 προ-

166 1511 385 1581 φητικῷ
429 1511 575 1581 λόγῳ
624 1510 724 1582 τὴν
781 1510 1028 1564 ἔκϐασιν.
1082 1510 1213 1563 Θεία
1243 1510 1340 1581 μὲν
1369 1505 1460 1563 οὖν
1482 1509 1764 1579 οἰκονομία

163 1604 265 1675 τὴν
304 1604 612 1675 μαρτυρίαν
655 1604 829 1674 ἤγαγε
878 1603 1015 1675 πρὸς
1062 1603 1161 1672 τὴν
1208 1602 1513 1667 Ἐλισάϐετ,
1547 1601 1633 1654 ἵνα
1669 1602 1763 1654 καὶ

165 1700 199 1769 ή
239 1698 519 1769 μαρτυρία
562 1699 812 1751 Ἰωάννου
852 1698 916 1749 ὲκ
955 1697 1171 1767 μήτρας
1202 1698 1283 1760 είς
1312 1695 1404 1748 τὸν
1441 1694 1645 1765 Κύριον
1674 1694 1764 1747 διά

1865 527 1967 582 bus
1998 528 2268 598 incepere,
2300 536 2359 580 ut
2387 529 2729 597 despicerent
2761 528 3020 584 mulieres
3054 529 3451 599 inﬁrmitatem,

1863 627 1917 673 et
1945 633 2066 689 qua:
2101 618 2382 673 muliebria
2411 627 2539 674 sunt
2563 620 2916 688 deponentes,
2956 620 3347 677 aemularentur
3376 623 3455 677 vi-

1865 719 1949 764 tas
1982 711 2172 763 horum
2202 712 2507 766 beatorum.

1936 802 2006 858 ν.
2036 802 2128 857 45.
2164 801 2230 856 Et
2261 804 2401 858 unde
2441 805 2538 856 hoc
2573 804 2704 858 mihi
2733 805 3095 876 manifestum,
3124 816 3180 861 ut
3209 806 3383 861 ueniat

2493 886 2680 939 mater,
2710 886 2820 932 etc.

1940 965 2218 1036 Ejusdem.
2263 966 2633 1023 Consonantia
2682 984 2803 1023 cum
2841 970 2952 1024 lilio
3005 971 3246 1040 loquitur
3279 969 3455 1025 Elisa-

1865 1058 2018 1125 beth,
2046 1059 2321 1129 indignam
2368 1074 2428 1113 se
2471 1060 2704 1114 adventu
2740 1061 2977 1131 deiparae
3009 1064 3229 1128 dicens;
3258 1079 3450 1132 quem-

1866 1152 2155 1207 admodum
2189 1161 2245 1205 et
2276 1149 2515 1206 Joannes
2549 1152 2825 1221 indignum
2855 1169 2914 1209 se
2934 1156 3149 1210 dicebat
3180 1157 3271 1226 qui
3300 1155 3455 1211 Chri-

1866 1254 1951 1298 sto
1976 1242 2273 1300 asSisteret.
2309 1243 2594 1310 Quodnam
2625 1247 2769 1300 enim
2803 1247 2956 1311 mihi,
2988 1249 3083 1315 ait,
3116 1258 3222 1303 tam
3247 1250 3454 1319 grande

1865 1335 2067 1391 factum
2098 1347 2183 1391 est
2218 1336 2440 1401 bonum,
2471 1346 2528 1392 ut
2565 1347 2738 1391 mater
2782 1338 2996 1394 Domini
3034 1341 3137 1396 mei
3172 1342 3354 1396 veniat
3383 1342 3451 1395 ad

1865 1429 1999 1482 me?
2048 1427 2279 1484 Matrem
2310 1442 2511 1497 vocat,
2546 1447 2667 1501 quae
2698 1433 2879 1487 adhuc
2916 1433 3072 1501 virgo
3107 1442 3226 1488 erat
3250 1473 3267 1499 ,
3318 1444 3446 1486 ante

1864 1534 2132 1591 occupans
2171 1524 2492 1592 prophetico
2522 1540 2776 1579 sermone
2810 1535 3089 1580 eventum.
3121 1525 3314 1579 Divina
3342 1526 3446 1595 igi-

1866 1621 1955 1666 tur
1984 1614 2317 1681 dispensatio
2369 1616 2740 1669 tesﬂmonium
2776 1616 2908 1670 fecit.
2958 1616 3097 1686 apud
3143 1615 3448 1677 Elisabeth.

1866 1709 1926 1754 ut
1949 1699 2115 1755 etiam
2167 1704 2535 1758 testimonium
2577 1703 2804 1760 Joannis
2836 1721 2902 1760 ex
2941 1719 3096 1761 utero
3127 1709 3193 1760 de
3224 1707 3451 1761 Domino

162 1791 263 1861 τῆς
314 1791 448 1854 ἰδίας
484 1791 691 1862 μητρὸς
732 1788 1013 1843 Ἐλισάϐετ
1060 1787 1478 1860 πληροφορηθῇ,
1529 1789 1623 1841 καὶ
1674 1788 1755 1840 ἴνα

1865 1806 1958 1859 per
2012 1792 2285 1860 propriam
2347 1804 2577 1848 matrem
2652 1795 3020 1851 Elisabetham
3079 1797 3447 1853 certissimum

166 1882 309 1936 κατὰ
340 1883 441 1954 τὴν
468 1882 563 1935 τοῦ
594 1882 827 1951 ἀγγέλου
848 1880 1030 1952 φωνὴν
1054 1880 1295 1952 ὀψομένη
1317 1881 1416 1951 τὴν
1455 1880 1756 1942 Ἐλισάὸετ,

164 1975 262 2027 καί
292 1974 356 2027 τὸ
388 1976 445 2027 ἐν
478 1974 617 2044 αὐτῇ
649 1973 952 2045 παράδοξον
985 1972 1197 2043 κύημα,
1223 1971 1313 2025 διὰ
1353 1971 1546 2024 τούτου
1582 1970 1761 2023 καὶτὸ

166 2066 354 2136 μεῖζον
375 2066 660 2138 πιστεύσῃ,
676 2066 923 2118 τουτέστι
951 2066 1041 2119 τὸν
1062 2063 1121 2130 ἐξ
1143 2064 1312 2132 αὐτῆς
1337 2080 1478 2133 φημι
1500 2062 1600 2132 τῆς
1623 2079 1762 2134 παρ-

165 2158 322 2210 θένου
354 2158 595 2229 ἄσπορον
636 2157 875 2210 τοκετὸν.
906 2157 1016 2209 Καὶ
1049 2154 1332 2226 συντρέχει
1365 2154 1505 2226 πρὸς
1535 2153 1634 2224 τὴν
1672 2154 1762 2205 πί-

166 2267 285 2303 στιν
310 2249 519 2321 ταύτην
549 2248 645 2302 καὶ
678 2251 705 2302 ὀ
738 2248 893 2316 λόγος
920 2250 948 2301 ὁ
967 2248 1066 2319 τῆς
1113 2246 1414 2309 Ἐλισάόετ,
1460 2244 1754 2316 λεγούσης·

163 2344 277 2397 Καὶ
305 2342 573 2412 μακαρία
596 2343 633 2409 ἡ
681 2341 1088 2404 πιστεύσασα,
1121 2338 1211 2391 ὅτι
1250 2338 1423 2392 ἔσται
1452 2338 1761 2402 τελείωσις

164 2435 290 2500 τοῖς
312 2433 753 2503 λελαλημένοις
772 2432 929 2501 αὐτῇ
961 2430 1122 2499 παρὰ
1141 2431 1386 2499 Κυρίου.
1428 2429 1759 2500 Βεϐαιοτέρα

164 2526 275 2596 γὰρ
300 2526 439 2596 πρὸς
463 2525 561 2596 τὴν
585 2524 771 2577 πίστιν
803 2527 867 2577 ὲκ
894 2523 1100 2577 τούτων
1121 2522 1331 2591 ἐγίνετο
1354 2523 1463 2576 τῶν
1498 2523 1759 2594 ῥημάτων

165 2619 199 2687 ἡ
234 2616 527 2688 παρθένος,
563 2616 1001 2687 μακαριζομένη,
1040 2616 1124 2668 ὃτι
1150 2614 1492 2678 ἐπίστευσεν,
1525 2614 1757 2683 ἀγγέλου

164 2725 225 2761 τε
246 2708 737 2780 προσημαίνοντος,
766 2707 862 2760 καὶ
892 2707 990 2777 τῆς
1011 2705 1326 2775 συγγενίδος
1360 2706 1759 2777 παραπλησίως

165 2799 639 2871 προφητευούσης.

240 2893 355 2946 Τοῦ
393 2892 601 2945 αὑτοῦ.
634 2890 861 2961 Ἱδωμεν
910 2889 1096 2943 λοιπὸν
1156 2889 1492 2962 παρθενικὴν
1544 2907 1758 2961 προφη-

164 2985 338 3039 τείαν.

198 3078 352 3149 Στίχ.
394 3082 509 3147 pg’.
542 3075 879 3145 Μεγαλύνει
908 3074 947 3141 ἠ
980 3074 1153 3144 ψυχή
1179 3091 1299 3144 μου
1340 3073 1448 3127 τὸν
1474 3073 1714 3141 Κυρίον.

1862 1884 2113 1938 evaderet
2145 1924 2161 1947 ,
2191 1893 2246 1939 et
2269 1886 2496 1954 ntjnxta
2525 1887 2700 1957 angeli
2756 1900 2943 1942 vocem
2993 1890 3301 1945 contuitura
3336 1892 3453 1964 (55)

1861 1975 2235 2031 Elisabetham
2264 2018 2280 2043 ,
2324 1988 2379 2033 et
2426 1982 2749 2049 stupendum
2776 1981 2895 2050 ejus
2919 1983 3320 2052 graviditatetn,
3352 1999 3451 2054 per

1865 2070 1969 2122 huc
2000 2077 2054 2123 et
2080 2072 2224 2137 quod
2257 2070 2432 2140 majus
2465 2080 2583 2125 erat
2615 2072 2866 2126 crederet
2895 2112 2910 2135 ,
2951 2089 3017 2127 ex
3048 2085 3221 2130 semet
3253 2089 3449 2145 nempe

1860 2159 2072 2229 virgine
2107 2161 2521 2227 conceptionem
2570 2161 2690 2216 sine
2720 2162 2948 2219 semine.
2989 2163 3283 2218 Concurrit
3314 2180 3452 2234 quo-

1861 2267 1968 2321 que
2000 2252 2067 2306 ad
2100 2252 2239 2306 hanc
2273 2252 2429 2307 (idem
2463 2252 2768 2308 faciendam
2803 2268 2986 2308 sermo
3014 2255 3291 2311 Elisabeth
3315 2296 3330 2321 ,
3357 2257 3449 2311 di-

1861 2340 2071 2395 centis:
2118 2339 2181 2393 Et
2207 2344 2379 2406 beata,
2407 2357 2527 2411 qua:
2566 2343 2865 2409 credidisti,
2901 2345 3151 2414 quoniam
3177 2346 3277 2399 erit
3324 2361 3451 2414 per-

1861 2430 2017 2501 fectio
2050 2432 2204 2487 dictis
2239 2432 2332 2485 tibi
2365 2448 2399 2485 a
2442 2430 2672 2486 Domino
2703 2433 2770 2487 “.
2811 2434 3167 2489 Consmntior
3199 2435 3345 2489 enim
3379 2437 3447 2490 ad

1859 2521 2183 2579 credendum
2210 2538 2277 2578 ex
2312 2524 2397 2577 his
2422 2525 2603 2579 verbis
2634 2523 2776 2581 facta
2805 2535 2888 2582 est
2916 2525 3091 2596 virgo,
3128 2528 3255 2580 dum
3284 2528 3446 2581 beata

1859 2615 2189 2684 praedicatur
2222 2625 2408 2685 utpote
2435 2632 2556 2686 quae
2584 2618 2901 2684 crediderit,
2938 2626 3048 2671 tum
3084 2618 3278 2687 angelo
3308 2633 3450 2688 prm-

1858 2709 2221 2779 signilicante,
2253 2718 2368 2767 tum
2395 2711 2565 2767 etiam
2615 2718 2845 2780 cognata
2891 2710 3037 2765 haud
3071 2710 3232 2767 aliter
3259 2711 3449 2767 vatici-

1859 2811 2046 2857 nante.

1929 2890 2204 2961 Ejusdem.
2235 2892 2530 2951 Videamus
2555 2893 2668 2966 jam
2712 2893 3035 2964 virginalem
3066 2896 3440 2967 prophetiam.

2029 3071 2095 3128 ν.
2125 3072 2217 3129 46.
2255 3071 2568 3143 Magniﬁcat
2609 3074 2790 3128 anima
2825 3091 2941 3129 mea
2972 3075 3276 3130 Dominum.

232 3168 360 3231 Πῶς
389 3169 422 3237 ἡ
450 3167 596 3237 ψυχή
629 3182 727 3236 μου
753 3163 1045 3236 μεγαλύνει
1086 3164 1176 3217 τὸν
1222 3162 1447 3235 Κύριον,
1495 3180 1755 3233 κατανοη-

1928 3168 2213 3233 Quomodo
2243 3166 2422 3221 anima
2456 3180 2574 3221 mea
2620 3167 2934 3235 magniﬁcat
2964 3167 3274 3232 Dominum,
3309 3183 3444 3224 con-

162 3261 305 3314 τέον.
346 3258 475 3312 Ἐὰν
500 3257 667 3324 ἀξίως
696 3254 1105 3326 πολιτευώμεθα
1135 3257 1256 3307 κατ’
1287 3255 1471 3307 είκόνα
1507 3253 1602 3308 τοῦ
1642 3254 1759 3307 κτί-

164 3371 358 3417 σαντος
380 3353 549 3424 ἡμᾶς,
586 3350 681 3404 καὶ
715 3348 1076 3420 ὁμοιωθῶμεν
1104 3347 1183 3419 τῷ
1224 3347 1585 3417 πρωτοτύπῳ,
1619 3346 1759 3400 κατὰ

161 3448 222 3501 τὸ
241 3446 495 3510 δυνατὸν,
526 3446 596 3498 δι’
632 3443 856 3509 ἀγαθῶν
882 3442 1082 3513 ἔργων,
1115 3440 1493 3512 μεγαλύνομεν
1518 3440 1610 3492 τὸν
1642 3438 1756 3491 Κύ-

164 3557 281 3613 ριον
314 3539 522 3606 λόγοις,
550 3537 754 3608 ἔργοις,
784 3536 1043 3605 νοήμασι.
1072 3532 1369 3604 Σμικρύνει
1402 3532 1458 3584 δέ
1488 3548 1570 3595 τις
1597 3530 1757 3585 αὐτὸν

161 3632 467 3699 ἀναλόγως,
506 3630 650 3683 κατά
670 3629 770 3699 τὴν
802 3629 1003 3681 κακίαν
1024 3627 1124 3698 τὴν
1151 3626 1564 3696 ἐνυπάρχουσαν
1588 3623 1754 3693 αὐτῷ.

162 3724 274 3794 Τῆς
308 3719 403 3775 οὖν
427 3721 701 3792 Μαρίαςή
727 3719 872 3791 ψυχὴ
906 3718 1207 3790 ὲμεγάλυνε
1239 3717 1330 3770 τὸν
1354 3715 1579 3787 Κύριον,
1612 3715 1671 3767 τὸ
1700 3715 1757 3768 δὲ

161 3817 383 3887 πνεῦμα
418 3815 589 3885 αὐτῆς
620 3813 990 3885 ἠγαλλιάσατο
1028 3812 1121 3865 ἐπὶ
1142 3809 1221 3881 τῷ
1254 3808 1375 3881 Θεῷ
1405 3810 1485 3879 τῷ
1520 3808 1753 3879 Σωτῆρι.

162 3908 387 3981 Πρῶτον
411 3908 744 3978 ἐμεγάλυνεν
773 3908 807 3979 ή
834 3905 981 3977 ψυχὴ
1020 3905 1211 3976 αὐτῆς,
1243 3899 1361 3957 εἷτα
1392 3902 1758 3973 ἠγαλλιάσατο

161 4000 222 4054 τδ
248 3999 472 4071 πνεῦμα
499 4000 693 4070 αὐτῆς.

230 4177 745 4251 Παρατηρήσασθαι
762 4178 843 4230 δεῖ
866 4179 923 4229 ὲν
951 4177 1047 4247 ὅλῃ
1063 4178 1130 4247 τῇ
1152 4176 1364 4247 Παλαιᾷ
1388 4176 1479 4229 καὶ
1498 4177 1563 4246 τῇ
1582 4176 1752 4245 Καινῇ

161 4275 378 4345 Γραφῇ,
416 4274 468 4325 εἴ
492 4273 595 4325 πού
618 4275 766 4325 ἐστιν
797 4272 979 4341 εὑρεῖν
1012 4272 1103 4322 ἐπὶ
1126 4268 1464 4340 ἁμαρτωλῶν
1491 4268 1755 4335 γενέσεως

161 4367 452 4438 είρημένον
488 4366 576 4418 τό·
628 4363 939 4430 Ἑπλήσθη
961 4365 993 4415 ὀ
1019 4366 1239 4431 χρόνος
1266 4359 1373 4413 τοῦ
1393 4358 1606 4411 τεκεῖν.
1643 4357 1756 4411 Οὐκ

160 4460 227 4512 ἂν
260 4460 369 4527 γάρ
404 4475 488 4520 τις
520 4456 693 4529 εὖροι,
724 4458 799 4520 ὼς
838 4452 1021 4527 οἳμαι’
1073 4453 1189 4507 ἀλλ’
1213 4454 1346 4506 ὅπου
1400 4450 1713 4520 ὠνόμασται
1735 4488 1749 4511 ,

159 4554 242 4606 δτι
272 4506 483 4615 δίκαιός
518 4506 667 4604 ἐστιν
702 4553 729 4603 ὁ
760 4506 1122 4619 γεννῶμενος.
1160 4546 1271 4600 Καὶ
1304 4543 1463 4597 τοῦτο
1483 4543 1538 4596 δὲ
1560 4542 1654 4618 καὶ
1685 4539 1754 4593 τὰ
1784 4506 1827 4561 D

160 4644 331 4698 λοιπά
353 4645 486 4711 (54).

246 4738 314 4790 Ἡ
360 4736 664 4799 Ἐλισάϐετ,
701 4734 971 4806 προφῆτις
999 4730 1154 4799 οὖσα,
1188 4732 1283 4785 καὶ
1322 4730 1419 4800 τὴν
1454 4727 1752 4798 γενομένην

163 4828 242 4898 τῷ
286 4829 444 4900 ἀνδρὶ
489 4828 832 4897 ἀποκάλυψιν
881 4829 955 4900 μὴ
997 4828 1297 4888 ἀκούσασα,
1345 4823 1422 4895 τῷ
1473 4822 1752 4893 Πνεύματι

165 4923 309 4994 ἁγίῳ
334 4922 433 4993 τὴν
474 4922 625 4995 παρά
656 4920 749 4975 τοῦ
788 4921 1021 4989 ἀγγέλου
1056 4918 1312 4990 ῥηθεῖσαν
1354 4917 1748 4989 προσηγορίαν,

164 5018 256 5070 καὶ
299 5016 558 5087 Ἰωάννην
587 5014 794 5083 ἔφασκε
817 5014 879 5066 τὸ
912 5012 1123 5065 παιδίον
1157 5006 1539 5080 ὀνομάσεσθαι.
1580 5009 1667 5071 Ὠς
1693 5005 1751 5059 δὲ

163 5112 255 5162 καὶ
289 5108 446 5180 παρά
480 5108 573 5161 τοῦ
622 5108 827 5179 πατρὸς
860 5106 1045 5176 ἠξίουν
1092 5104 1303 5176 μαθεῖν,
1361 5101 1457 5154 καὶ
1513 5100 1749 5154 διένευον

163 5203 333 5274 αὐτῷ,
376 5203 453 5266 ῶς
486 5202 560 5273 μὴ
595 5200 845 5254 ἀκούοντι
885 5199 918 5269 ἢ
953 5197 1186 5267 λαλῆσαι
1215 5194 1499 5265 δυναμένῳ
1522 5210 1536 5223 ο
1566 5190 1748 5245 λαϐὼν

162 5297 368 5349 δέλτιον
416 5293 624 5364 ἔγραψε
681 5290 985 5363 συμφώνως
1034 5291 1100 5360 τῇ
1144 5284 1338 5340 ἑαυτοῦ
1386 5284 1605 5353 γυναικὶ⁴
1654 5283 1747 5337 τοῦ

166 5390 355 5453 natiiis;
390 5387 489 5457 τὴν
514 5385 907 5459 προσηγορίαν,
943 5384 1018 5446 ὡς
1050 5381 1258 5443 πάντας
1304 5379 1395 5430 ἐπὶ
1427 5376 1630 5429 τούτων
1655 5377 1734 5427 ὲκ-

166 5476 521 5547 πιλήττεσθαι.
577 5472 713 5529 Εἶτά
748 5489 944 5543 φησιν’
992 5469 1280 5539 Ἁνεῴχθη
1328 5466 1395 5520 δὲ
1442 5466 1505 5519 τὸ
1553 5466 1745 5533 στόμα

164 5566 367 5621 αὑτοῦ.
395 5564 553 5619 Μετά
570 5564 633 5616 τὸ
652 5563 859 5636 γράψαι
885 5560 1127 5633 δηλονότι
1156 5561 1212 5611 έν
1228 5557 1419 5627 δέλτῳ,
1447 5558 1526 5608 ὅτι
1561 5554 1748 5607 Ἰωάνα

205 5706 249 5738 ³⁸
276 5704 407 5759 an.
454 5720 494 5765 l,
532 5702 621 5757 45.
700 5700 745 5730 ³⁵
781 5700 907 5752 ibid.
941 5698 1031 5753 57.
1111 5696 1154 5726 ³⁸
1189 5694 1317 5748 ibid.
1344 5693 1434 5745 (ii.

244 5822 359 5887 (5-6)
403 5819 560 5875 Ilom.
593 5836 666 5885 lli,
693 5818 838 5872 Circa
877 5818 1061 5871 ﬁnem.

1859 3260 2207 3313 siderandum
2238 3266 2342 3312 est.
2375 3256 2431 3312 Si
2462 3264 2521 3310 ut
2551 3271 2652 3326 par
2683 3266 2767 3312 est
2790 3258 2953 3320 vitam
2978 3259 3324 3314 traducamus
3358 3275 3445 3315 se-

1858 3350 2092 3404 cundum
2143 3348 2433 3418 imaginem
2493 3347 2609 3416 ejus
2666 3348 2757 3416 qui
2813 3351 3023 3403 creavit
3084 3364 3223 3413 nos,
3280 3359 3444 3417 atque

1857 3439 2154 3511 exemplari
2201 3450 2390 3495 nostro
2422 3439 2811 3507 assimilemur,
2859 3449 3127 3510 quantum
3171 3441 3290 3498 ﬂeri
3346 3457 3445 3512 po-

1860 3542 1985 3596 test,
2024 3547 2120 3601 per
2152 3532 2291 3586 bona
2317 3546 2505 3601 opera,
2544 3541 2674 3586 tunc
2702 3531 3115 3603 magniﬁcamus
3155 3532 3441 3589 Dominum

1859 3624 2062 3689 verbis,
2110 3624 2390 3693 operibus,
2429 3623 2879 3693 cogitationibus.
2937 3624 3208 3680 Extenuat
3256 3635 3439 3680 autem

1858 3714 2006 3769 illmn
2035 3714 2176 3783 quis,
2216 3728 2338 3768 cum
2369 3712 2746 3783 proportione,
2780 3711 2934 3780 juxta
2964 3715 3287 3783 pravitatem
3317 3730 3440 3785 qua:

1857 3810 1958 3864 sibi
1993 3808 2152 3862 inest.
2191 3805 2375 3860 Mariae
2415 3806 2579 3875 igitur
2628 3807 2808 3859 anima
2847 3806 3137 3859 Dominum
3189 3805 3441 3877 magniﬁ-

1856 3899 2017 3952 cabat
2040 3936 2057 3963 ,
2092 3907 2148 3951 et
2192 3896 2417 3966 spiritus
2445 3897 2565 3964 ejns
2609 3895 2923 3951 exsultabat
2959 3896 3011 3949 in
3045 3897 3156 3951 Deo
3191 3896 3439 3953 salutari.

1857 3989 2015 4043 Prius
2048 3986 2438 4059 magniﬁcabat
2468 3988 2649 4042 anima
2697 3986 2875 4055 illius,
2916 3988 3111 4043 deinde
3141 3988 3439 4045 exsultavit

1855 4081 2079 4151 spiritus
2110 4080 2248 4149 ejus.

1925 4172 2477 4226 Animadvertendum
2522 4171 2608 4227 eSt
2662 4173 2715 4226 in
2772 4180 2884 4226 tota
2937 4171 3118 4228 Veteri
3178 4170 3441 4241 Novaque

1856 4262 2179 4333 Scriptura,
2231 4264 2400 4319 sicubi
2455 4264 2701 4319 invenire
2733 4264 2897 4319 liceat.
2936 4264 2990 4319 in
3041 4265 3440 4333 peccatricibus

1857 4356 2540 4427 generationibus-dictum
2568 4357 2734 4412 fuisse
2764 4374 2778 4410 :
2811 4356 3094 4425 Impletum
3130 4365 3203 4409 est
3238 4365 3441 4421 tnnpus

1855 4449 2098 4518 pariendi
2124 4449 2192 4505 ⁸⁸.
2244 4448 2359 4503 Νοη
2392 4450 2537 4504 enim
2571 4451 2696 4518 quis
2727 4448 2971 4503 invenire
3004 4448 3236 4515 poterit,
3261 4458 3321 4501 ut
3346 4464 3438 4500 ar-

1858 4541 2034 4596 bitror
2066 4557 2082 4595 :
2116 4541 2217 4594 nisi
2252 4541 2341 4595 ubi
2380 4541 2721 4609 nominatur,
2750 4542 2959 4610 justum
2985 4554 3108 4595 esse
3141 4540 3231 4610 qui
3261 4540 3438 4594 nasci-

1859 4639 1966 4685 tur.
2002 4631 2068 4685 Et
2093 4631 2197 4685 hoc
2231 4646 2379 4697 vero,
2407 4640 2512 4686 etc.

1928 4720 2201 4776 Elisabeth
2236 4736 2358 4775 cum
2394 4719 2670 4790 prophetis
2696 4728 2860 4785 esset,
2893 4733 2994 4775 nec
3019 4719 3319 4774 audivisset
3347 4732 3435 4773 re-

1856 4813 2178 4867 velationem
2230 4814 2350 4865 viro
2401 4828 2501 4866 suo
2530 4811 2768 4877 factam,
2830 4827 2996 4880 quam
3052 4811 3288 4881 Spiritus
3317 4824 3440 4865 san-

1858 4914 1978 4959 ctus
2030 4919 2128 4974 per
2198 4902 2448 4973 angelum
2511 4904 2980 4958 nomenclatnram
3042 4904 3327 4969 ediderat,
3381 4914 3437 4960 et

1856 4998 2119 5053 Joannem
2150 4999 2453 5051 vocandum
2484 5010 2606 5051 esse
2636 5011 2888 5065 puerum,
2925 4995 3083 5050 dixit.
3119 4995 3215 5050 Ubi
3251 5006 3433 5050 autem

1855 5091 2019 5144 etiam
2070 5105 2101 5143 a
2149 5089 2312 5143 Patre
2360 5088 2504 5142 scire
2545 5086 2842 5152 volebant,
2876 5087 3037 5156 eique
3095 5086 3432 5149 innuebant,

1854 5182 2054 5249 quippe
2084 5194 2188 5233 non
2239 5178 2524 5243 audienti,
2564 5187 2655 5231 aut
2691 5178 2836 5246 loqui
2888 5177 3115 5243 valenti,
3159 5177 3436 5248 accipiens

1858 5274 2108 5329 tabellam
2135 5272 2381 5340 scripsit,
2408 5272 2564 5326 uxori
2598 5285 2710 5326 suae
2735 5271 3110 5336 concordans,
3138 5272 3289 5340 pueri
3337 5284 3435 5339 ap-

1855 5367 2201 5437 pellationem
2235 5382 2248 5417 :
2281 5378 2449 5432 usque
2486 5364 2621 5418 adeo
2661 5371 2719 5416 ut
2764 5376 2956 5418 omnes
2982 5363 3294 5434 {propterea
3327 5370 3433 5417 stu-

1852 5473 1982 5527 pore
2013 5456 2455 5527 percellerentnr.
2503 5455 2707 5510 Deinde
2758 5455 2835 5508 ait
2883 5469 2898 5509 :
2947 5455 3197 5523 Apertum
3227 5464 3302 5507 est
3337 5469 3435 5505 an-

1854 5561 1953 5604 tem
2003 5566 2057 5603 οδ
2105 5549 2216 5617 ejus
2246 5548 2312 5600 ³⁸.
2363 5546 2665 5618 Postquam
2718 5548 2926 5604 scilicet
2956 5546 3010 5603 in
3047 5545 3242 5603 tabella
3291 5544 3434 5599 scri-

1924 5806 2032 5878 (55)
2063 5802 2258 5874 Supplc
2289 5800 2484 5856 Maria.
