  <div class='ocr_page' id='page_1' title='image "/cluster/home/n/w/nwhite01/storage/ocr_20150623/17/nnc1.0046978615/171.png"; bbox 0 0 3888 6214; ppageno 0'>
   <div class='ocr_carea' id='block_1_1' title="bbox 442 288 551 344">
    <p class='ocr_par' dir='ltr' id='par_1_1' title="bbox 442 288 551 344">
     <span class='ocr_line' id='line_1_1' title="bbox 442 288 551 344; baseline -0.009 0"><span class='ocrx_word' id='word_1_1' title='bbox 442 288 551 344; x_wconf 72' lang='lat'><strong>323</strong></span> 
     </span>
    </p>
   </div>
   <div class='ocr_carea' id='block_1_2' title="bbox 1327 287 2822 349">
    <p class='ocr_par' dir='ltr' id='par_1_2' title="bbox 1327 287 2822 349">
     <span class='ocr_line' id='line_1_2' title="bbox 1327 287 2822 349; baseline 0.001 -7"><span class='ocrx_word' id='word_1_2' title='bbox 1327 287 1893 346; x_wconf 75' lang='lat' dir='ltr'><strong>SUPPLEMENTUII</strong></span> <span class='ocrx_word' id='word_1_3' title='bbox 1927 290 2019 346; x_wconf 83' lang='lat' dir='ltr'><strong>AD</strong></span> <span class='ocrx_word' id='word_1_4' title='bbox 2059 287 2385 349; x_wconf 78' lang='lat' dir='ltr'><strong>ORIGENIS</strong></span> <span class='ocrx_word' id='word_1_5' title='bbox 2412 287 2822 345; x_wconf 81' lang='lat' dir='ltr'><strong>EXEGETICA.</strong></span> 
     </span>
    </p>
   </div>
   <div class='ocr_carea' id='block_1_3' title="bbox 3604 294 3709 350">
    <p class='ocr_par' dir='ltr' id='par_1_3' title="bbox 3604 294 3709 350">
     <span class='ocr_line' id='line_1_3' title="bbox 3604 294 3709 350; baseline -0.01 0"><span class='ocrx_word' id='word_1_6' title='bbox 3604 294 3709 350; x_wconf 63' lang='lat'><strong>3‘36</strong></span> 
     </span>
    </p>
   </div>
   <div class='ocr_carea' id='block_1_4' title="bbox 441 402 2048 484">
    <p class='ocr_par' dir='ltr' id='par_1_4' title="bbox 441 402 2023 475">
     <span class='ocr_line' id='line_1_4' title="bbox 441 402 2023 475; baseline -0.001 -14"><span class='ocrx_word' id='word_1_7' title='bbox 441 412 625 475; x_wconf 85' lang='lat' dir='ltr'><strong>pserat</strong></span> <span class='ocrx_word' id='word_1_8' title='bbox 652 444 666 467; x_wconf 92' lang='lat'><strong>.</strong></span> <span class='ocrx_word' id='word_1_9' title='bbox 699 402 827 474; x_wconf 85' lang='lat' dir='ltr'><strong>quia</strong></span> <span class='ocrx_word' id='word_1_10' title='bbox 883 420 1074 460; x_wconf 82' lang='lat' dir='ltr'><strong><em>nomen</em></strong></span> <span class='ocrx_word' id='word_1_11' title='bbox 1122 405 1239 475; x_wconf 89' lang='lat' dir='ltr'><strong>ejus</strong></span> <span class='ocrx_word' id='word_1_12' title='bbox 1269 417 1381 459; x_wconf 86' lang='lat' dir='ltr'><strong>erat</strong></span> <span class='ocrx_word' id='word_1_13' title='bbox 1421 404 1658 460; x_wconf 83' lang='lat' dir='ltr'><strong>Joannes</strong></span> <span class='ocrx_word' id='word_1_14' title='bbox 1683 444 1699 470; x_wconf 94' lang='lat'><strong>,</strong></span> <span class='ocrx_word' id='word_1_15' title='bbox 1729 404 1904 461; x_wconf 89' lang='lat' dir='ltr'><strong>soluta</strong></span> <span class='ocrx_word' id='word_1_16' title='bbox 1938 415 2023 460; x_wconf 90' lang='lat' dir='ltr'><strong>est</strong></span> 
     </span>
    </p>
   </div>
   <div class='ocr_carea' id='block_1_5' title="bbox 2136 402 3704 484">
    <p class='ocr_par' dir='ltr' id='par_1_5' title="bbox 2136 403 3704 484">
     <span class='ocr_line' id='line_1_5' title="bbox 2136 403 3704 484; baseline 0.006 -28"><span class='ocrx_word' id='word_1_17' title='bbox 2136 422 2239 472; x_wconf 68' lang='lat' dir='ltr'><strong>mc</strong></span> <span class='ocrx_word' id='word_1_18' title='bbox 2254 404 2425 458; x_wconf 83' lang='grc' dir='ltr'>ἔσται</span> <span class='ocrx_word' id='word_1_19' title='bbox 2454 404 2519 458; x_wconf 82' lang='grc' dir='ltr'>τὸ</span> <span class='ocrx_word' id='word_1_20' title='bbox 2544 404 2731 475; x_wconf 79' lang='grc' dir='ltr'>ὄνομα</span> <span class='ocrx_word' id='word_1_21' title='bbox 2756 403 2963 465; x_wconf 81' lang='grc' dir='ltr'>αὐτοῦ.</span> <span class='ocrx_word' id='word_1_22' title='bbox 2996 404 3160 476; x_wconf 89' lang='grc' dir='ltr'>ἐλύθη</span> <span class='ocrx_word' id='word_1_23' title='bbox 3186 406 3219 477; x_wconf 78' lang='grc' dir='ltr'>ἡ</span> <span class='ocrx_word' id='word_1_24' title='bbox 3242 406 3501 479; x_wconf 77' lang='grc' dir='ltr'><strong>δεδεμένη</strong></span> <span class='ocrx_word' id='word_1_25' title='bbox 3532 413 3704 484; x_wconf 88' lang='grc' dir='ltr'>φωνή.</span> 
     </span>
    </p>
   </div>
   <div class='ocr_carea' id='block_1_6' title="bbox 443 495 2024 568">
    <p class='ocr_par' dir='ltr' id='par_1_6' title="bbox 443 495 2024 568">
     <span class='ocr_line' id='line_1_6' title="bbox 443 495 2024 568; baseline 0.003 -19"><span class='ocrx_word' id='word_1_26' title='bbox 443 512 589 561; x_wconf 80' lang='lat' dir='ltr'><strong>vox,</strong></span> <span class='ocrx_word' id='word_1_27' title='bbox 643 512 765 566; x_wconf 76' lang='lat' dir='ltr'><strong>qua:</strong></span> <span class='ocrx_word' id='word_1_28' title='bbox 816 495 979 567; x_wconf 86' lang='lat' dir='ltr'><strong>ligata</strong></span> <span class='ocrx_word' id='word_1_29' title='bbox 1015 496 1217 554; x_wconf 87' lang='lat' dir='ltr'><strong>fuerat.</strong></span> <span class='ocrx_word' id='word_1_30' title='bbox 1274 496 1343 552; x_wconf 89' lang='lat' dir='ltr'><strong>Et</strong></span> <span class='ocrx_word' id='word_1_31' title='bbox 1390 498 1733 567; x_wconf 89' lang='lat' dir='ltr'><strong>recuperavit</strong></span> <span class='ocrx_word' id='word_1_32' title='bbox 1786 497 2024 568; x_wconf 80' lang='lat' dir='ltr'><strong>linguam</strong></span> 
     </span>
    </p>
   </div>
   <div class='ocr_carea' id='block_1_7' title="bbox 444 590 2024 659">
    <p class='ocr_par' dir='ltr' id='par_1_7' title="bbox 444 590 2024 659">
     <span class='ocr_line' id='line_1_7' title="bbox 444 590 2024 659; baseline 0.002 -16"><span class='ocrx_word' id='word_1_33' title='bbox 444 605 620 654; x_wconf 87' lang='lat' dir='ltr'><strong>suam,</strong></span> <span class='ocrx_word' id='word_1_34' title='bbox 646 606 751 644; x_wconf 91' lang='lat' dir='ltr'><strong>non</strong></span> <span class='ocrx_word' id='word_1_35' title='bbox 770 590 1003 659; x_wconf 81' lang='lat' dir='ltr'><strong>amplius</strong></span> <span class='ocrx_word' id='word_1_36' title='bbox 1034 599 1093 645; x_wconf 89' lang='lat' dir='ltr'><strong>ut</strong></span> <span class='ocrx_word' id='word_1_37' title='bbox 1114 602 1275 646; x_wconf 90' lang='lat' dir='ltr'><strong>antea</strong></span> <span class='ocrx_word' id='word_1_38' title='bbox 1296 592 1590 647; x_wconf 75' lang='lat' dir='ltr'><strong>revinctam</strong></span> <span class='ocrx_word' id='word_1_39' title='bbox 1619 592 2024 657; x_wconf 87' lang='lat' dir='ltr'><strong>incredulitate,</strong></span> 
     </span>
    </p>
   </div>
   <div class='ocr_carea' id='block_1_8' title="bbox 444 680 2026 755">
    <p class='ocr_par' dir='ltr' id='par_1_8' title="bbox 444 680 2026 755">
     <span class='ocr_line' id='line_1_8' title="bbox 444 680 2026 755; baseline 0.005 -23"><span class='ocrx_word' id='word_1_40' title='bbox 444 680 539 734; x_wconf 89' lang='lat' dir='ltr'><strong>sed</strong></span> <span class='ocrx_word' id='word_1_41' title='bbox 572 680 987 735; x_wconf 89' lang='lat' dir='ltr'><strong>benedicentem</strong></span> <span class='ocrx_word' id='word_1_42' title='bbox 1018 682 1209 749; x_wconf 89' lang='lat' dir='ltr'><strong>Deum,</strong></span> <span class='ocrx_word' id='word_1_43' title='bbox 1235 692 1289 737; x_wconf 91' lang='lat' dir='ltr'><strong>et</strong></span> <span class='ocrx_word' id='word_1_44' title='bbox 1311 683 1706 739; x_wconf 87' lang='lat' dir='ltr'><strong>vaticinantem</strong></span> <span class='ocrx_word' id='word_1_45' title='bbox 1738 698 1858 755; x_wconf 65' lang='lat' dir='ltr'><strong>qua:</strong></span> <span class='ocrx_word' id='word_1_46' title='bbox 1888 684 2026 740; x_wconf 88' lang='lat' dir='ltr'><strong>scri-</strong></span> 
     </span>
    </p>
   </div>
   <div class='ocr_carea' id='block_1_9' title="bbox 444 782 715 844">
    <p class='ocr_par' dir='ltr' id='par_1_9' title="bbox 444 782 715 844">
     <span class='ocr_line' id='line_1_9' title="bbox 444 782 715 844; baseline -0.007 -15"><span class='ocrx_word' id='word_1_47' title='bbox 444 782 535 844; x_wconf 90' lang='lat' dir='ltr'><strong>pta</strong></span> <span class='ocrx_word' id='word_1_48' title='bbox 568 784 715 828; x_wconf 82' lang='lat' dir='ltr'><strong>sunt.</strong></span> 
     </span>
    </p>
   </div>
   <div class='ocr_carea' id='block_1_10' title="bbox 516 865 1346 938">
    <p class='ocr_par' dir='ltr' id='par_1_10' title="bbox 516 865 1346 938">
     <span class='ocr_line' id='line_1_10' title="bbox 516 865 1346 938; baseline 0.001 -15"><span class='ocrx_word' id='word_1_49' title='bbox 516 865 862 938; x_wconf 78' lang='lat' dir='ltr'><strong>Superﬂuum</strong></span> <span class='ocrx_word' id='word_1_50' title='bbox 892 878 975 923; x_wconf 88' lang='lat' dir='ltr'><strong>est</strong></span> <span class='ocrx_word' id='word_1_51' title='bbox 1002 870 1207 937; x_wconf 87' lang='lat' dir='ltr'><strong>dicere,</strong></span> <span class='ocrx_word' id='word_1_52' title='bbox 1238 878 1346 927; x_wconf 91' lang='lat' dir='ltr'><strong>etc.</strong></span> 
     </span>
    </p>
   </div>
   <div class='ocr_carea' id='block_1_11' title="bbox 516 956 2027 1031">
    <p class='ocr_par' dir='ltr' id='par_1_11' title="bbox 516 956 2027 1031">
     <span class='ocr_line' id='line_1_11' title="bbox 516 956 2027 1031; baseline 0.001 -17"><span class='ocrx_word' id='word_1_53' title='bbox 516 958 591 1015; x_wconf 86' lang='lat' dir='ltr'><strong>Ut</strong></span> <span class='ocrx_word' id='word_1_54' title='bbox 626 969 755 1029; x_wconf 92' lang='lat' dir='ltr'><strong>puto</strong></span> <span class='ocrx_word' id='word_1_55' title='bbox 783 999 799 1025; x_wconf 95' lang='lat'><strong>,</strong></span> <span class='ocrx_word' id='word_1_56' title='bbox 834 960 997 1014; x_wconf 89' lang='lat' dir='ltr'><strong>etiam</strong></span> <span class='ocrx_word' id='word_1_57' title='bbox 1031 970 1218 1031; x_wconf 78' lang='lat' dir='ltr'><strong>patres</strong></span> <span class='ocrx_word' id='word_1_58' title='bbox 1250 959 1419 1015; x_wconf 79' lang='lat' dir='ltr'><strong>nostri</strong></span> <span class='ocrx_word' id='word_1_59' title='bbox 1450 959 1729 1015; x_wconf 82' lang='lat' dir='ltr'><strong>Abraham</strong></span> <span class='ocrx_word' id='word_1_60' title='bbox 1775 968 1830 1014; x_wconf 87' lang='lat' dir='ltr'><strong>et</strong></span> <span class='ocrx_word' id='word_1_61' title='bbox 1874 956 2027 1016; x_wconf 87' lang='lat' dir='ltr'><strong>Isaac</strong></span> 
     </span>
    </p>
   </div>
   <div class='ocr_carea' id='block_1_12' title="bbox 444 1049 2028 1123">
    <p class='ocr_par' dir='ltr' id='par_1_12' title="bbox 444 1049 2028 1123">
     <span class='ocr_line' id='line_1_12' title="bbox 444 1049 2028 1123; baseline 0 -16"><span class='ocrx_word' id='word_1_62' title='bbox 444 1049 715 1119; x_wconf 82' lang='lat' dir='ltr'><strong>etJacob,</strong></span> <span class='ocrx_word' id='word_1_63' title='bbox 757 1062 1012 1122; x_wconf 90' lang='lat' dir='ltr'><strong>totusque</strong></span> <span class='ocrx_word' id='word_1_64' title='bbox 1060 1053 1263 1107; x_wconf 89' lang='lat' dir='ltr'><strong>chorus</strong></span> <span class='ocrx_word' id='word_1_65' title='bbox 1291 1060 1603 1106; x_wconf 86' lang='lat' dir='ltr'><strong>sanctorum</strong></span> <span class='ocrx_word' id='word_1_66' title='bbox 1650 1052 1769 1121; x_wconf 82' lang='lat' dir='ltr'><strong>ejus</strong></span> <span class='ocrx_word' id='word_1_67' title='bbox 1798 1054 2028 1123; x_wconf 90' lang='lat' dir='ltr'><strong>prophe-</strong></span> 
     </span>
    </p>
   </div>
   <div class='ocr_carea' id='block_1_13' title="bbox 446 1144 2023 1213">
    <p class='ocr_par' dir='ltr' id='par_1_13' title="bbox 446 1144 2023 1213">
     <span class='ocr_line' id='line_1_13' title="bbox 446 1144 2023 1213; baseline 0.002 -15"><span class='ocrx_word' id='word_1_68' title='bbox 446 1154 622 1199; x_wconf 85' lang='lat' dir='ltr'><strong>tarum</strong></span> <span class='ocrx_word' id='word_1_69' title='bbox 652 1159 717 1199; x_wconf 89' lang='lat' dir='ltr'><strong>ac</strong></span> <span class='ocrx_word' id='word_1_70' title='bbox 742 1147 1040 1213; x_wconf 85' lang='lat' dir='ltr'><strong>justorum,</strong></span> <span class='ocrx_word' id='word_1_71' title='bbox 1079 1144 1229 1199; x_wconf 90' lang='lat' dir='ltr'><strong>fruiti</strong></span> <span class='ocrx_word' id='word_1_72' title='bbox 1256 1156 1386 1199; x_wconf 84' lang='lat' dir='ltr'><strong>sunt</strong></span> <span class='ocrx_word' id='word_1_73' title='bbox 1422 1146 1654 1199; x_wconf 88' lang='lat' dir='ltr'><strong>adventu</strong></span> <span class='ocrx_word' id='word_1_74' title='bbox 1702 1145 1926 1200; x_wconf 72' lang='lat' dir='ltr'><strong>Christi.</strong></span> <span class='ocrx_word' id='word_1_75' title='bbox 1964 1148 2023 1201; x_wconf 80' lang='lat' dir='ltr'><strong>Si</strong></span> 
     </span>
    </p>
   </div>
   <div class='ocr_carea' id='block_1_14' title="bbox 444 1237 2026 1308">
    <p class='ocr_par' dir='ltr' id='par_1_14' title="bbox 444 1237 2026 1308">
     <span class='ocr_line' id='line_1_14' title="bbox 444 1237 2026 1308; baseline 0.001 -17"><span class='ocrx_word' id='word_1_76' title='bbox 444 1237 587 1291; x_wconf 92' lang='lat' dir='ltr'><strong>cnim</strong></span> <span class='ocrx_word' id='word_1_77' title='bbox 619 1238 915 1306; x_wconf 80' lang='lat' dir='ltr'><strong>paciﬁcavit</strong></span> <span class='ocrx_word' id='word_1_78' title='bbox 965 1254 1060 1306; x_wconf 82' lang='lat' dir='ltr'><strong>per</strong></span> <span class='ocrx_word' id='word_1_79' title='bbox 1101 1238 1413 1305; x_wconf 80' lang='lat' dir='ltr'><strong>sanguinem</strong></span> <span class='ocrx_word' id='word_1_80' title='bbox 1447 1237 1617 1291; x_wconf 86' lang='lat' dir='ltr'><strong>crucis</strong></span> <span class='ocrx_word' id='word_1_81' title='bbox 1660 1237 1776 1307; x_wconf 86' lang='lat' dir='ltr'><strong>ejus</strong></span> <span class='ocrx_word' id='word_1_82' title='bbox 1821 1246 1869 1292; x_wconf 90' lang='lat' dir='ltr'><strong>et</strong></span> <span class='ocrx_word' id='word_1_83' title='bbox 1907 1255 2026 1308; x_wconf 67' lang='lat' dir='ltr'><strong>quae</strong></span> 
     </span>
    </p>
   </div>
   <div class='ocr_carea' id='block_1_15' title="bbox 444 1326 2022 1398">
    <p class='ocr_par' dir='ltr' id='par_1_15' title="bbox 444 1326 2022 1398">
     <span class='ocr_line' id='line_1_15' title="bbox 444 1326 2022 1398; baseline 0.002 -16"><span class='ocrx_word' id='word_1_84' title='bbox 444 1330 501 1382; x_wconf 83' lang='lat' dir='ltr'><strong>in</strong></span> <span class='ocrx_word' id='word_1_85' title='bbox 533 1340 674 1383; x_wconf 83' lang='lat' dir='ltr'><strong>terra</strong></span> <span class='ocrx_word' id='word_1_86' title='bbox 704 1340 751 1383; x_wconf 88' lang='lat' dir='ltr'><strong>et</strong></span> <span class='ocrx_word' id='word_1_87' title='bbox 775 1346 892 1398; x_wconf 73' lang='lat' dir='ltr'><strong>qua:</strong></span> <span class='ocrx_word' id='word_1_88' title='bbox 929 1330 983 1382; x_wconf 85' lang='lat' dir='ltr'><strong>in</strong></span> <span class='ocrx_word' id='word_1_89' title='bbox 1009 1328 1135 1384; x_wconf 67' lang='lat' dir='ltr'><strong>caelo</strong></span> <span class='ocrx_word' id='word_1_90' title='bbox 1174 1329 1217 1360; x_wconf 90' lang='grc'><strong>³⁷</strong></span> <span class='ocrx_word' id='word_1_91' title='bbox 1258 1326 1413 1397; x_wconf 84' lang='lat' dir='ltr'><strong>juxta</strong></span> <span class='ocrx_word' id='word_1_92' title='bbox 1442 1329 1625 1383; x_wconf 89' lang='lat' dir='ltr'><strong>divum</strong></span> <span class='ocrx_word' id='word_1_93' title='bbox 1660 1330 1979 1397; x_wconf 84' lang='lat' dir='ltr'><strong>Apostolum</strong></span> <span class='ocrx_word' id='word_1_94' title='bbox 2008 1348 2022 1385; x_wconf 90' lang='lat'><strong>:</strong></span> 
     </span>
    </p>
   </div>
   <div class='ocr_carea' id='block_1_16' title="bbox 445 1420 2025 1490">
    <p class='ocr_par' dir='ltr' id='par_1_16' title="bbox 445 1420 2025 1490">
     <span class='ocr_line' id='line_1_16' title="bbox 445 1420 2025 1490; baseline 0.003 -19"><span class='ocrx_word' id='word_1_95' title='bbox 445 1420 572 1488; x_wconf 86' lang='lat' dir='ltr'><strong>quid</strong></span> <span class='ocrx_word' id='word_1_96' title='bbox 610 1421 887 1489; x_wconf 88' lang='lat' dir='ltr'><strong>pigritaris</strong></span> <span class='ocrx_word' id='word_1_97' title='bbox 917 1421 1207 1475; x_wconf 74' lang='lat' dir='ltr'><strong>admittere</strong></span> <span class='ocrx_word' id='word_1_98' title='bbox 1233 1460 1250 1486; x_wconf 92' lang='lat'><strong>,</strong></span> <span class='ocrx_word' id='word_1_99' title='bbox 1282 1421 1425 1490; x_wconf 90' lang='lat' dir='ltr'><strong>quod</strong></span> <span class='ocrx_word' id='word_1_100' title='bbox 1464 1430 1518 1476; x_wconf 91' lang='lat' dir='ltr'><strong>et</strong></span> <span class='ocrx_word' id='word_1_101' title='bbox 1551 1420 1618 1475; x_wconf 88' lang='lat' dir='ltr'><strong>ad</strong></span> <span class='ocrx_word' id='word_1_102' title='bbox 1666 1431 1851 1490; x_wconf 86' lang='lat' dir='ltr'><strong>patres</strong></span> <span class='ocrx_word' id='word_1_103' title='bbox 1882 1422 2025 1476; x_wconf 89' lang='lat' dir='ltr'><strong>facta</strong></span> 
     </span>
    </p>
   </div>
   <div class='ocr_carea' id='block_1_17' title="bbox 445 1507 2026 1579">
    <p class='ocr_par' dir='ltr' id='par_1_17' title="bbox 445 1507 2026 1579">
     <span class='ocr_line' id='line_1_17' title="bbox 445 1507 2026 1579; baseline 0.004 -20"><span class='ocrx_word' id='word_1_104' title='bbox 445 1507 612 1561; x_wconf 89' lang='lat' dir='ltr'><strong>fuerit</strong></span> <span class='ocrx_word' id='word_1_105' title='bbox 658 1507 940 1573; x_wconf 82' lang='lat' dir='ltr'><strong>visitatio,</strong></span> <span class='ocrx_word' id='word_1_106' title='bbox 994 1510 1154 1578; x_wconf 89' lang='lat' dir='ltr'><strong>idque</strong></span> <span class='ocrx_word' id='word_1_107' title='bbox 1204 1510 1515 1578; x_wconf 72' lang='lat' dir='ltr'><strong>praestiterit</strong></span> <span class='ocrx_word' id='word_1_108' title='bbox 1556 1509 1674 1579; x_wconf 86' lang='lat' dir='ltr'><strong>ejus</strong></span> <span class='ocrx_word' id='word_1_109' title='bbox 1721 1510 1788 1564; x_wconf 87' lang='lat' dir='ltr'><strong>ad</strong></span> <span class='ocrx_word' id='word_1_110' title='bbox 1818 1510 2026 1566; x_wconf 78' lang='lat' dir='ltr'><strong>inferos</strong></span> 
     </span>
    </p>
   </div>
   <div class='ocr_carea' id='block_1_18' title="bbox 447 1599 2027 1673">
    <p class='ocr_par' dir='ltr' id='par_1_18' title="bbox 447 1599 2027 1673">
     <span class='ocr_line' id='line_1_18' title="bbox 447 1599 2027 1673; baseline 0.005 -22"><span class='ocrx_word' id='word_1_111' title='bbox 447 1599 739 1662; x_wconf 81' lang='lat' dir='ltr'><strong>adventus,</strong></span> <span class='ocrx_word' id='word_1_112' title='bbox 778 1609 1003 1670; x_wconf 88' lang='lat' dir='ltr'><strong>propter</strong></span> <span class='ocrx_word' id='word_1_113' title='bbox 1033 1602 1531 1671; x_wconf 79' lang='lat' dir='ltr'><strong>ininvestigahilem</strong></span> <span class='ocrx_word' id='word_1_114' title='bbox 1562 1602 1682 1673; x_wconf 86' lang='lat' dir='ltr'><strong>ejus</strong></span> <span class='ocrx_word' id='word_1_115' title='bbox 1725 1604 2027 1661; x_wconf 85' lang='lat' dir='ltr'><strong>misericor-</strong></span> 
     </span>
    </p>
   </div>
   <div class='ocr_carea' id='block_1_19' title="bbox 443 1690 2023 1765">
    <p class='ocr_par' dir='ltr' id='par_1_19' title="bbox 443 1690 2023 1765">
     <span class='ocr_line' id='line_1_19' title="bbox 443 1690 2023 1765; baseline 0.004 -21"><span class='ocrx_word' id='word_1_116' title='bbox 443 1690 631 1745; x_wconf 86' lang='lat' dir='ltr'><strong>diam?</strong></span> <span class='ocrx_word' id='word_1_117' title='bbox 661 1691 717 1745; x_wconf 89' lang='lat' dir='ltr'><strong>ld</strong></span> <span class='ocrx_word' id='word_1_118' title='bbox 742 1707 906 1760; x_wconf 92' lang='lat' dir='ltr'><strong>porro</strong></span> <span class='ocrx_word' id='word_1_119' title='bbox 936 1694 1189 1763; x_wconf 87' lang='lat' dir='ltr'><strong>quamvis</strong></span> <span class='ocrx_word' id='word_1_120' title='bbox 1226 1710 1368 1749; x_wconf 90' lang='lat' dir='ltr'><strong>nunc</strong></span> <span class='ocrx_word' id='word_1_121' title='bbox 1387 1695 1673 1763; x_wconf 87' lang='lat' dir='ltr'><strong>acciderit,</strong></span> <span class='ocrx_word' id='word_1_122' title='bbox 1702 1696 1812 1765; x_wconf 86' lang='lat' dir='ltr'><strong>jam</strong></span> <span class='ocrx_word' id='word_1_123' title='bbox 1843 1707 2023 1753; x_wconf 84' lang='lat' dir='ltr'><strong>tamen</strong></span> 
     </span>
    </p>
   </div>
   <div class='ocr_carea' id='block_1_20' title="bbox 2128 494 3707 566">
    <p class='ocr_par' dir='ltr' id='par_1_20' title="bbox 2128 494 3707 566">
     <span class='ocr_line' id='line_1_20' title="bbox 2128 494 3707 566; baseline 0.007 -20"><span class='ocrx_word' id='word_1_124' title='bbox 2128 495 2239 548; x_wconf 69' lang='grc' dir='ltr'>Καὶ</span> <span class='ocrx_word' id='word_1_125' title='bbox 2272 494 2509 547; x_wconf 87' lang='grc' dir='ltr'>ἀπέλαϐε</span> <span class='ocrx_word' id='word_1_126' title='bbox 2542 496 2640 566; x_wconf 78' lang='grc' dir='ltr'>τὴν</span> <span class='ocrx_word' id='word_1_127' title='bbox 2671 495 2865 549; x_wconf 78' lang='grc' dir='ltr'>ἑαυτοῦ</span> <span class='ocrx_word' id='word_1_128' title='bbox 2906 495 3178 564; x_wconf 79' lang='grc' dir='ltr'>γλῶσσαν,</span> <span class='ocrx_word' id='word_1_129' title='bbox 3217 497 3398 552; x_wconf 86' lang='grc' dir='ltr'>οὐκέτι</span> <span class='ocrx_word' id='word_1_130' title='bbox 3432 500 3576 555; x_wconf 84' lang='grc' dir='ltr'><strong>καθά</strong></span> <span class='ocrx_word' id='word_1_131' title='bbox 3603 505 3707 557; x_wconf 87' lang='grc' dir='ltr'>πά-</span> 
     </span>
    </p>
   </div>
   <div class='ocr_carea' id='block_1_21' title="bbox 2125 585 3706 660">
    <p class='ocr_par' dir='ltr' id='par_1_21' title="bbox 2125 585 3706 660">
     <span class='ocr_line' id='line_1_21' title="bbox 2125 585 3706 660; baseline 0.006 -22"><span class='ocrx_word' id='word_1_132' title='bbox 2125 585 2212 638; x_wconf 91' lang='grc' dir='ltr'><strong>λαι</strong></span> <span class='ocrx_word' id='word_1_133' title='bbox 2238 586 2528 658; x_wconf 82' lang='grc' dir='ltr'><strong>δεδεμένην</strong></span> <span class='ocrx_word' id='word_1_134' title='bbox 2559 589 2623 658; x_wconf 81' lang='grc' dir='ltr'>τῇ</span> <span class='ocrx_word' id='word_1_135' title='bbox 2654 588 2906 660; x_wconf 69' lang='grc' dir='ltr'>ἀπιστίᾳ,</span> <span class='ocrx_word' id='word_1_136' title='bbox 2938 589 3052 641; x_wconf 80' lang='grc' dir='ltr'>ἀλλ’</span> <span class='ocrx_word' id='word_1_137' title='bbox 3078 590 3410 657; x_wconf 84' lang='grc' dir='ltr'>εύλογοῦσαν</span> <span class='ocrx_word' id='word_1_138' title='bbox 3430 591 3520 645; x_wconf 82' lang='grc' dir='ltr'><strong>τὸν</strong></span> <span class='ocrx_word' id='word_1_139' title='bbox 3545 592 3706 659; x_wconf 80' lang='grc' dir='ltr'>Θεὸν,</span> 
     </span>
    </p>
   </div>
   <div class='ocr_carea' id='block_1_22' title="bbox 2126 678 3305 754">
    <p class='ocr_par' dir='ltr' id='par_1_22' title="bbox 2126 678 3305 754">
     <span class='ocr_line' id='line_1_22' title="bbox 2126 678 3305 754; baseline 0.004 -23"><span class='ocrx_word' id='word_1_140' title='bbox 2126 678 2221 731; x_wconf 73' lang='grc' dir='ltr'>καὶ</span> <span class='ocrx_word' id='word_1_141' title='bbox 2251 678 2698 749; x_wconf 79' lang='grc' dir='ltr'>προφητεύουσαν</span> <span class='ocrx_word' id='word_1_142' title='bbox 2724 680 2792 733; x_wconf 79' lang='grc' dir='ltr'>τὰ</span> <span class='ocrx_word' id='word_1_143' title='bbox 2823 681 3305 754; x_wconf 78' lang='grc' dir='ltr'><strong>ἀναγεγραμμένα.</strong></span> 
     </span>
    </p>
   </div>
   <div class='ocr_carea' id='block_1_23' title="bbox 2199 858 3371 929">
    <p class='ocr_par' dir='ltr' id='par_1_23' title="bbox 2199 858 3371 929">
     <span class='ocr_line' id='line_1_23' title="bbox 2199 858 3371 929; baseline 0.005 -20"><span class='ocrx_word' id='word_1_144' title='bbox 2199 858 2466 929; x_wconf 76' lang='grc' dir='ltr'>Περισσόν</span> <span class='ocrx_word' id='word_1_145' title='bbox 2498 860 2615 912; x_wconf 85' lang='grc' dir='ltr'>ἐστι</span> <span class='ocrx_word' id='word_1_146' title='bbox 2646 858 2706 912; x_wconf 84' lang='grc' dir='ltr'><strong>τὸ</strong></span> <span class='ocrx_word' id='word_1_147' title='bbox 2732 859 2930 929; x_wconf 87' lang='grc' dir='ltr'>λέγειν,</span> <span class='ocrx_word' id='word_1_148' title='bbox 2972 860 3067 915; x_wconf 73' lang='grc' dir='ltr'><strong>καὶ</strong></span> <span class='ocrx_word' id='word_1_149' title='bbox 3091 860 3160 914; x_wconf 86' lang='grc' dir='ltr'><strong>τά</strong></span> <span class='ocrx_word' id='word_1_150' title='bbox 3192 860 3371 916; x_wconf 84' lang='grc' dir='ltr'>λοιπά.</span> 
     </span>
    </p>
   </div>
   <div class='ocr_carea' id='block_1_24' title="bbox 2210 946 3707 1031">
    <p class='ocr_par' dir='ltr' id='par_1_24' title="bbox 2210 946 3707 1031">
     <span class='ocr_line' id='line_1_24' title="bbox 2210 946 3707 1031; baseline 0.006 -29"><span class='ocrx_word' id='word_1_151' title='bbox 2210 949 2298 1013; x_wconf 82' lang='grc' dir='ltr'>Ὦς</span> <span class='ocrx_word' id='word_1_152' title='bbox 2352 946 2503 1022; x_wconf 74' lang='grc' dir='ltr'>οἴμαι</span> <span class='ocrx_word' id='word_1_153' title='bbox 2561 951 2656 1004; x_wconf 76' lang='grc' dir='ltr'>καὶ</span> <span class='ocrx_word' id='word_1_154' title='bbox 2711 952 2760 1004; x_wconf 88' lang='grc' dir='ltr'><strong>οί</strong></span> <span class='ocrx_word' id='word_1_155' title='bbox 2813 951 3045 1024; x_wconf 80' lang='grc' dir='ltr'><strong>πατέρες</strong></span> <span class='ocrx_word' id='word_1_156' title='bbox 3077 953 3233 1023; x_wconf 83' lang='grc' dir='ltr'>ἡμῶν</span> <span class='ocrx_word' id='word_1_157' title='bbox 3297 954 3563 1031; x_wconf 83' lang='grc' dir='ltr'>Ἀϐραὰμ,</span> <span class='ocrx_word' id='word_1_158' title='bbox 3615 959 3707 1013; x_wconf 78' lang='grc' dir='ltr'>καὶ</span> 
     </span>
    </p>
   </div>
   <div class='ocr_carea' id='block_1_25' title="bbox 2139 1038 3702 1114">
    <p class='ocr_par' dir='ltr' id='par_1_25' title="bbox 2139 1038 3702 1114">
     <span class='ocr_line' id='line_1_25' title="bbox 2139 1038 3702 1114; baseline 0.006 -22"><span class='ocrx_word' id='word_1_159' title='bbox 2139 1038 2323 1093; x_wconf 84' lang='grc' dir='ltr'>Ἰσαὰκ</span> <span class='ocrx_word' id='word_1_160' title='bbox 2343 1042 2438 1093; x_wconf 75' lang='grc' dir='ltr'><strong>καὶ</strong></span> <span class='ocrx_word' id='word_1_161' title='bbox 2465 1039 2679 1103; x_wconf 85' lang='grc' dir='ltr'>Ἰακὼϐ,</span> <span class='ocrx_word' id='word_1_162' title='bbox 2699 1042 2794 1094; x_wconf 85' lang='grc' dir='ltr'><strong>καὶ</strong></span> <span class='ocrx_word' id='word_1_163' title='bbox 2821 1042 2939 1105; x_wconf 84' lang='grc' dir='ltr'><strong>ὅλος</strong></span> <span class='ocrx_word' id='word_1_164' title='bbox 2967 1044 2995 1095; x_wconf 92' lang='lat'><strong>6</strong></span> <span class='ocrx_word' id='word_1_165' title='bbox 3016 1042 3175 1113; x_wconf 79' lang='grc' dir='ltr'>χορὸς</span> <span class='ocrx_word' id='word_1_166' title='bbox 3201 1043 3309 1096; x_wconf 88' lang='grc' dir='ltr'><strong>τῶν</strong></span> <span class='ocrx_word' id='word_1_167' title='bbox 3338 1046 3508 1114; x_wconf 83' lang='grc' dir='ltr'><strong>ἁγίων</strong></span> <span class='ocrx_word' id='word_1_168' title='bbox 3539 1049 3702 1103; x_wconf 81' lang='grc' dir='ltr'>αὐτοῦ</span> 
     </span>
    </p>
   </div>
   <div class='ocr_carea' id='block_1_26' title="bbox 2129 1132 3705 1212">
    <p class='ocr_par' dir='ltr' id='par_1_26' title="bbox 2129 1132 3705 1212">
     <span class='ocr_line' id='line_1_26' title="bbox 2129 1132 3705 1212; baseline 0.008 -30"><span class='ocrx_word' id='word_1_169' title='bbox 2129 1132 2421 1202; x_wconf 74' lang='grc' dir='ltr'>προφητῶν</span> <span class='ocrx_word' id='word_1_170' title='bbox 2464 1134 2558 1185; x_wconf 77' lang='grc' dir='ltr'><strong>καὶ</strong></span> <span class='ocrx_word' id='word_1_171' title='bbox 2598 1132 2854 1201; x_wconf 88' lang='grc' dir='ltr'>δικαίων,</span> <span class='ocrx_word' id='word_1_172' title='bbox 2901 1135 3222 1205; x_wconf 79' lang='grc' dir='ltr'>ἀπήλαυσαν</span> <span class='ocrx_word' id='word_1_173' title='bbox 3270 1138 3365 1209; x_wconf 85' lang='grc' dir='ltr'><strong>τῆς</strong></span> <span class='ocrx_word' id='word_1_174' title='bbox 3407 1142 3705 1212; x_wconf 83' lang='grc' dir='ltr'>παρουσίας</span> 
     </span>
    </p>
   </div>
   <div class='ocr_carea' id='block_1_27' title="bbox 2125 1222 3704 1302">
    <p class='ocr_par' dir='ltr' id='par_1_27' title="bbox 2125 1222 3704 1302">
     <span class='ocr_line' id='line_1_27' title="bbox 2125 1222 3704 1302; baseline 0.008 -28"><span class='ocrx_word' id='word_1_175' title='bbox 2125 1222 2220 1275; x_wconf 91' lang='grc' dir='ltr'><strong>τοῦ</strong></span> <span class='ocrx_word' id='word_1_176' title='bbox 2246 1222 2502 1296; x_wconf 78' lang='grc' dir='ltr'><strong>Χριστοῦ.</strong></span> <span class='ocrx_word' id='word_1_177' title='bbox 2538 1225 2601 1277; x_wconf 80' lang='lat' dir='ltr'><strong>El</strong></span> <span class='ocrx_word' id='word_1_178' title='bbox 2628 1225 2737 1296; x_wconf 91' lang='grc' dir='ltr'><strong>γάρ</strong></span> <span class='ocrx_word' id='word_1_179' title='bbox 2763 1228 3183 1294; x_wconf 75' lang='grc' dir='ltr'>εὶρηνοποιήσε</span> <span class='ocrx_word' id='word_1_180' title='bbox 3199 1228 3295 1283; x_wconf 81' lang='grc' dir='ltr'>διὰ</span> <span class='ocrx_word' id='word_1_181' title='bbox 3320 1231 3425 1285; x_wconf 83' lang='grc' dir='ltr'><strong>τοῦ</strong></span> <span class='ocrx_word' id='word_1_182' title='bbox 3458 1233 3704 1302; x_wconf 77' lang='grc' dir='ltr'>αἵματος</span> 
     </span>
    </p>
   </div>
   <div class='ocr_carea' id='block_1_28' title="bbox 2127 1316 3707 1393">
    <p class='ocr_par' dir='ltr' id='par_1_28' title="bbox 2127 1316 3707 1393">
     <span class='ocr_line' id='line_1_28' title="bbox 2127 1316 3707 1393; baseline 0.007 -24"><span class='ocrx_word' id='word_1_183' title='bbox 2127 1316 2233 1369; x_wconf 83' lang='grc' dir='ltr'><strong>τοῦ</strong></span> <span class='ocrx_word' id='word_1_184' title='bbox 2260 1317 2525 1385; x_wconf 84' lang='grc' dir='ltr'>σταυροῦ</span> <span class='ocrx_word' id='word_1_185' title='bbox 2560 1318 2746 1372; x_wconf 81' lang='grc' dir='ltr'>αὐτοῦ</span> <span class='ocrx_word' id='word_1_186' title='bbox 2776 1317 2848 1371; x_wconf 81' lang='grc' dir='ltr'>τά</span> <span class='ocrx_word' id='word_1_187' title='bbox 2887 1336 2949 1372; x_wconf 85' lang='grc' dir='ltr'><strong>τε</strong></span> <span class='ocrx_word' id='word_1_188' title='bbox 2988 1319 3058 1371; x_wconf 79' lang='grc' dir='ltr'><strong>ἐν</strong></span> <span class='ocrx_word' id='word_1_189' title='bbox 3096 1318 3171 1388; x_wconf 81' lang='grc' dir='ltr'>τῇ</span> <span class='ocrx_word' id='word_1_190' title='bbox 3194 1320 3272 1391; x_wconf 75' lang='grc' dir='ltr'>γῇ</span> <span class='ocrx_word' id='word_1_191' title='bbox 3302 1323 3399 1376; x_wconf 77' lang='grc' dir='ltr'>καὶ</span> <span class='ocrx_word' id='word_1_192' title='bbox 3438 1324 3510 1377; x_wconf 83' lang='grc' dir='ltr'>τὰ</span> <span class='ocrx_word' id='word_1_193' title='bbox 3532 1326 3602 1378; x_wconf 79' lang='grc' dir='ltr'>ἐν</span> <span class='ocrx_word' id='word_1_194' title='bbox 3628 1326 3707 1393; x_wconf 82' lang='grc' dir='ltr'>τῷ</span> 
     </span>
    </p>
   </div>
   <div class='ocr_carea' id='block_1_29' title="bbox 2127 1409 3706 1490">
    <p class='ocr_par' dir='ltr' id='par_1_29' title="bbox 2127 1409 3706 1490">
     <span class='ocr_line' id='line_1_29' title="bbox 2127 1409 3706 1490; baseline 0.006 -28"><span class='ocrx_word' id='word_1_195' title='bbox 2127 1409 2380 1475; x_wconf 80' lang='grc' dir='ltr'>οὐρανῷ,</span> <span class='ocrx_word' id='word_1_196' title='bbox 2399 1411 2541 1464; x_wconf 85' lang='grc' dir='ltr'><strong>κατά</strong></span> <span class='ocrx_word' id='word_1_197' title='bbox 2578 1412 2669 1464; x_wconf 82' lang='grc' dir='ltr'><strong>τὸν</strong></span> <span class='ocrx_word' id='word_1_198' title='bbox 2702 1410 2843 1465; x_wconf 91' lang='grc' dir='ltr'>θεῖον</span> <span class='ocrx_word' id='word_1_199' title='bbox 2876 1413 3221 1477; x_wconf 79' lang='grc' dir='ltr'>Ἀπόστολον,</span> <span class='ocrx_word' id='word_1_200' title='bbox 3250 1415 3303 1468; x_wconf 93' lang='grc' dir='ltr'><strong>τί</strong></span> <span class='ocrx_word' id='word_1_201' title='bbox 3333 1417 3511 1481; x_wconf 83' lang='grc' dir='ltr'>ὀκνεῖς</span> <span class='ocrx_word' id='word_1_202' title='bbox 3528 1436 3706 1490; x_wconf 84' lang='grc' dir='ltr'>παρα-</span> 
     </span>
    </p>
   </div>
   <div class='ocr_carea' id='block_1_30' title="bbox 2126 1499 3699 1581">
    <p class='ocr_par' dir='ltr' id='par_1_30' title="bbox 2126 1499 3699 1581">
     <span class='ocr_line' id='line_1_30' title="bbox 2126 1499 3699 1581; baseline 0.007 -28"><span class='ocrx_word' id='word_1_203' title='bbox 2126 1499 2401 1566; x_wconf 79' lang='grc' dir='ltr'>δέξασθαι,</span> <span class='ocrx_word' id='word_1_204' title='bbox 2450 1502 2533 1554; x_wconf 87' lang='grc' dir='ltr'>ὃτι</span> <span class='ocrx_word' id='word_1_205' title='bbox 2578 1502 2672 1554; x_wconf 75' lang='grc' dir='ltr'><strong>καὶ</strong></span> <span class='ocrx_word' id='word_1_206' title='bbox 2706 1503 2841 1572; x_wconf 79' lang='grc' dir='ltr'>πρὸς</span> <span class='ocrx_word' id='word_1_207' title='bbox 2886 1503 3015 1565; x_wconf 80' lang='grc' dir='ltr'><strong>¹τοὺς</strong></span> <span class='ocrx_word' id='word_1_208' title='bbox 3050 1504 3292 1576; x_wconf 84' lang='grc' dir='ltr'>πατέρας</span> <span class='ocrx_word' id='word_1_209' title='bbox 3325 1508 3356 1579; x_wconf 76' lang='grc' dir='ltr'>ἡ</span> <span class='ocrx_word' id='word_1_210' title='bbox 3397 1508 3699 1581; x_wconf 82' lang='grc' dir='ltr'>ἐπισκοπὴ,</span> 
     </span>
    </p>
   </div>
   <div class='ocr_carea' id='block_1_31' title="bbox 2128 1593 3706 1673">
    <p class='ocr_par' dir='ltr' id='par_1_31' title="bbox 2128 1593 3706 1673">
     <span class='ocr_line' id='line_1_31' title="bbox 2128 1593 3706 1673; baseline 0.006 -28"><span class='ocrx_word' id='word_1_211' title='bbox 2128 1593 2222 1646; x_wconf 75' lang='grc' dir='ltr'>καὶ</span> <span class='ocrx_word' id='word_1_212' title='bbox 2248 1594 2457 1665; x_wconf 81' lang='grc' dir='ltr'>τοῦτοή</span> <span class='ocrx_word' id='word_1_213' title='bbox 2493 1596 2574 1658; x_wconf 83' lang='grc' dir='ltr'>εἰς</span> <span class='ocrx_word' id='word_1_214' title='bbox 2606 1595 2698 1647; x_wconf 89' lang='grc' dir='ltr'><strong>τὸν</strong></span> <span class='ocrx_word' id='word_1_215' title='bbox 2732 1594 2866 1666; x_wconf 77' lang='grc' dir='ltr'>ᾅδην</span> <span class='ocrx_word' id='word_1_216' title='bbox 2898 1595 3062 1648; x_wconf 82' lang='grc' dir='ltr'>αὑτοῦ</span> <span class='ocrx_word' id='word_1_217' title='bbox 3098 1596 3281 1665; x_wconf 65' lang='grc' dir='ltr'>ἄφιξις</span> <span class='ocrx_word' id='word_1_218' title='bbox 3326 1601 3706 1673; x_wconf 86' lang='grc' dir='ltr'>ἐπραγματεύ-</span> 
     </span>
    </p>
   </div>
   <div class='ocr_carea' id='block_1_32' title="bbox 2131 1684 3706 1757">
    <p class='ocr_par' dir='ltr' id='par_1_32' title="bbox 2131 1684 3706 1757">
     <span class='ocr_line' id='line_1_32' title="bbox 2131 1684 3706 1757; baseline 0.007 -20"><span class='ocrx_word' id='word_1_219' title='bbox 2131 1702 2262 1738; x_wconf 90' lang='grc' dir='ltr'>σατο</span> <span class='ocrx_word' id='word_1_220' title='bbox 2282 1685 2370 1738; x_wconf 87' lang='grc' dir='ltr'><strong>διά</strong></span> <span class='ocrx_word' id='word_1_221' title='bbox 2399 1684 2459 1737; x_wconf 85' lang='grc' dir='ltr'><strong>τὸ</strong></span> <span class='ocrx_word' id='word_1_222' title='bbox 2493 1686 2899 1757; x_wconf 79' lang='grc' dir='ltr'>ἀνεξιχνίαστον</span> <span class='ocrx_word' id='word_1_223' title='bbox 2932 1688 3097 1741; x_wconf 74' lang='grc' dir='ltr'>αὐτοῦ</span> <span class='ocrx_word' id='word_1_224' title='bbox 3121 1689 3307 1755; x_wconf 58' lang='lat' dir='ltr'><strong>Eleae;</strong></span> <span class='ocrx_word' id='word_1_225' title='bbox 3341 1692 3510 1746; x_wconf 91' lang='grc' dir='ltr'>Τοῦτο</span> <span class='ocrx_word' id='word_1_226' title='bbox 3548 1694 3627 1757; x_wconf 89' lang='grc' dir='ltr'><strong>δέ,</strong></span> <span class='ocrx_word' id='word_1_227' title='bbox 3656 1696 3706 1747; x_wconf 84' lang='grc' dir='ltr'><strong>εἰ</strong></span> 
     </span>
    </p>
   </div>
   <div class='ocr_carea' id='block_1_33' title="bbox 442 1776 2048 1858">
    <p class='ocr_par' dir='ltr' id='par_1_33' title="bbox 442 1784 2021 1858">
     <span class='ocr_line' id='line_1_33' title="bbox 442 1784 2021 1858; baseline 0.004 -20"><span class='ocrx_word' id='word_1_228' title='bbox 442 1784 573 1838; x_wconf 92' lang='lat' dir='ltr'><strong>olim</strong></span> <span class='ocrx_word' id='word_1_229' title='bbox 614 1786 664 1839; x_wconf 90' lang='lat' dir='ltr'><strong>in</strong></span> <span class='ocrx_word' id='word_1_230' title='bbox 718 1795 1063 1841; x_wconf 88' lang='lat' dir='ltr'><strong>antecessum</strong></span> <span class='ocrx_word' id='word_1_231' title='bbox 1110 1788 1506 1858; x_wconf 86' lang='lat' dir='ltr'><strong>proclamatum</strong></span> <span class='ocrx_word' id='word_1_232' title='bbox 1558 1790 1734 1846; x_wconf 84' lang='lat' dir='ltr'><strong>fuerat</strong></span> <span class='ocrx_word' id='word_1_233' title='bbox 1770 1806 1785 1845; x_wconf 90' lang='lat'><strong>:</strong></span> <span class='ocrx_word' id='word_1_234' title='bbox 1818 1806 1883 1845; x_wconf 87' lang='lat' dir='ltr'><strong>ac</strong></span> <span class='ocrx_word' id='word_1_235' title='bbox 1908 1791 2021 1846; x_wconf 82' lang='lat' dir='ltr'><strong>fieri</strong></span> 
     </span>
    </p>
   </div>
   <div class='ocr_carea' id='block_1_34' title="bbox 2136 1776 3704 1858">
    <p class='ocr_par' dir='ltr' id='par_1_34' title="bbox 2136 1776 3704 1855">
     <span class='ocr_line' id='line_1_34' title="bbox 2136 1776 3704 1855; baseline 0.007 -26"><span class='ocrx_word' id='word_1_236' title='bbox 2136 1777 2223 1829; x_wconf 77' lang='grc' dir='ltr'>καὶ</span> <span class='ocrx_word' id='word_1_237' title='bbox 2257 1776 2351 1829; x_wconf 92' lang='grc' dir='ltr'><strong>νῦν</strong></span> <span class='ocrx_word' id='word_1_238' title='bbox 2382 1776 2625 1846; x_wconf 89' lang='grc' dir='ltr'>γέγονεν,</span> <span class='ocrx_word' id='word_1_239' title='bbox 2695 1778 2811 1831; x_wconf 86' lang='grc' dir='ltr'>ἀλλ’</span> <span class='ocrx_word' id='word_1_240' title='bbox 2843 1778 3075 1833; x_wconf 78' lang='grc' dir='ltr'>ἔκπαλαι</span> <span class='ocrx_word' id='word_1_241' title='bbox 3107 1784 3537 1855; x_wconf 77' lang='grc' dir='ltr'>προανεφωνήθη</span> <span class='ocrx_word' id='word_1_242' title='bbox 3557 1803 3570 1815; x_wconf 91' lang='grc'><strong>·</strong></span> <span class='ocrx_word' id='word_1_243' title='bbox 3607 1787 3704 1840; x_wconf 77' lang='grc' dir='ltr'><strong>καὶ</strong></span> 
     </span>
    </p>
   </div>
   <div class='ocr_carea' id='block_1_35' title="bbox 443 1876 2023 1943">
    <p class='ocr_par' dir='ltr' id='par_1_35' title="bbox 443 1876 2023 1943">
     <span class='ocr_line' id='line_1_35' title="bbox 443 1876 2023 1943; baseline 0.003 -14"><span class='ocrx_word' id='word_1_244' title='bbox 443 1890 554 1929; x_wconf 90' lang='lat' dir='ltr'><strong>non</strong></span> <span class='ocrx_word' id='word_1_245' title='bbox 588 1884 819 1943; x_wconf 84' lang='lat' dir='ltr'><strong>poterat,</strong></span> <span class='ocrx_word' id='word_1_246' title='bbox 851 1886 907 1929; x_wconf 89' lang='lat' dir='ltr'><strong>ut</strong></span> <span class='ocrx_word' id='word_1_247' title='bbox 933 1876 1184 1931; x_wconf 78' lang='lat' dir='ltr'><strong>elfectnm</strong></span> <span class='ocrx_word' id='word_1_248' title='bbox 1213 1893 1320 1932; x_wconf 94' lang='lat' dir='ltr'><strong>non</strong></span> <span class='ocrx_word' id='word_1_249' title='bbox 1367 1879 1696 1934; x_wconf 85' lang='lat' dir='ltr'><strong>sortirentur</strong></span> <span class='ocrx_word' id='word_1_250' title='bbox 1726 1880 1875 1934; x_wconf 87' lang='lat' dir='ltr'><strong>hisce</strong></span> <span class='ocrx_word' id='word_1_251' title='bbox 1904 1894 2023 1936; x_wconf 90' lang='lat' dir='ltr'><strong>ser-</strong></span> 
     </span>
    </p>
   </div>
   <div class='ocr_carea' id='block_1_36' title="bbox 443 1965 2025 2040">
    <p class='ocr_par' dir='ltr' id='par_1_36' title="bbox 443 1965 2025 2040">
     <span class='ocr_line' id='line_1_36' title="bbox 443 1965 2025 2040; baseline 0.006 -21"><span class='ocrx_word' id='word_1_252' title='bbox 443 1980 655 2022; x_wconf 86' lang='lat' dir='ltr'><strong>mones.</strong></span> <span class='ocrx_word' id='word_1_253' title='bbox 681 1965 1037 2034; x_wconf 83' lang='lat' dir='ltr'><strong>Jurejurando</strong></span> <span class='ocrx_word' id='word_1_254' title='bbox 1070 1969 1213 2028; x_wconf 90' lang='lat' dir='ltr'><strong>enim</strong></span> <span class='ocrx_word' id='word_1_255' title='bbox 1243 1970 1587 2025; x_wconf 83' lang='lat' dir='ltr'><strong>confirmavit</strong></span> <span class='ocrx_word' id='word_1_256' title='bbox 1618 1972 2025 2040; x_wconf 86' lang='lat' dir='ltr'><strong>promissiones,</strong></span> 
     </span>
    </p>
   </div>
   <div class='ocr_carea' id='block_1_37' title="bbox 444 2060 2028 2133">
    <p class='ocr_par' dir='ltr' id='par_1_37' title="bbox 444 2060 2028 2133">
     <span class='ocr_line' id='line_1_37' title="bbox 444 2060 2028 2133; baseline 0.004 -20"><span class='ocrx_word' id='word_1_257' title='bbox 444 2069 668 2129; x_wconf 90' lang='lat' dir='ltr'><strong>propter</strong></span> <span class='ocrx_word' id='word_1_258' title='bbox 701 2060 1157 2126; x_wconf 84' lang='lat' dir='ltr'><strong>immobilitatem,</strong></span> <span class='ocrx_word' id='word_1_259' title='bbox 1183 2064 1309 2133; x_wconf 88' lang='lat' dir='ltr'><strong>quia</strong></span> <span class='ocrx_word' id='word_1_260' title='bbox 1340 2066 1563 2119; x_wconf 90' lang='lat' dir='ltr'><strong>omnino</strong></span> <span class='ocrx_word' id='word_1_261' title='bbox 1591 2065 1761 2122; x_wconf 80' lang='lat' dir='ltr'><strong>fiet“.</strong></span> <span class='ocrx_word' id='word_1_262' title='bbox 1794 2066 1861 2120; x_wconf 86' lang='lat' dir='ltr'><strong>Et</strong></span> <span class='ocrx_word' id='word_1_263' title='bbox 1881 2081 2028 2121; x_wconf 90' lang='lat' dir='ltr'><strong>nunc</strong></span> 
     </span>
    </p>
   </div>
   <div class='ocr_carea' id='block_1_38' title="bbox 448 2151 2027 2226">
    <p class='ocr_par' dir='ltr' id='par_1_38' title="bbox 448 2151 2027 2226">
     <span class='ocr_line' id='line_1_38' title="bbox 448 2151 2027 2226; baseline 0.008 -22"><span class='ocrx_word' id='word_1_264' title='bbox 448 2151 633 2206; x_wconf 78' lang='lat' dir='ltr'><strong>fideles</strong></span> <span class='ocrx_word' id='word_1_265' title='bbox 660 2152 779 2207; x_wconf 90' lang='lat' dir='ltr'><strong>sine</strong></span> <span class='ocrx_word' id='word_1_266' title='bbox 820 2154 1016 2209; x_wconf 90' lang='lat' dir='ltr'><strong>timore</strong></span> <span class='ocrx_word' id='word_1_267' title='bbox 1066 2154 1133 2209; x_wconf 90' lang='lat' dir='ltr'><strong>de</strong></span> <span class='ocrx_word' id='word_1_268' title='bbox 1170 2172 1335 2211; x_wconf 88' lang='lat' dir='ltr'><strong>ntanu</strong></span> <span class='ocrx_word' id='word_1_269' title='bbox 1372 2157 1740 2226; x_wconf 85' lang='lat' dir='ltr'><strong>spiritualium</strong></span> <span class='ocrx_word' id='word_1_270' title='bbox 1776 2160 2027 2217; x_wconf 85' lang='lat' dir='ltr'><strong>inimico-</strong></span> 
     </span>
    </p>
   </div>
   <div class='ocr_carea' id='block_1_39' title="bbox 444 2242 979 2301">
    <p class='ocr_par' dir='ltr' id='par_1_39' title="bbox 444 2242 979 2301">
     <span class='ocr_line' id='line_1_39' title="bbox 444 2242 979 2301; baseline 0.007 -4"><span class='ocrx_word' id='word_1_271' title='bbox 444 2257 563 2297; x_wconf 87' lang='lat' dir='ltr'><strong>rum</strong></span> <span class='ocrx_word' id='word_1_272' title='bbox 591 2242 892 2298; x_wconf 87' lang='lat' dir='ltr'><strong>liberantur</strong></span> <span class='ocrx_word' id='word_1_273' title='bbox 914 2246 979 2301; x_wconf 82' lang='lat'><strong>”.</strong></span> 
     </span>
    </p>
   </div>
   <div class='ocr_carea' id='block_1_40' title="bbox 516 2332 1419 2407">
    <p class='ocr_par' dir='ltr' id='par_1_40' title="bbox 516 2332 1419 2407">
     <span class='ocr_line' id='line_1_40' title="bbox 516 2332 1419 2407; baseline 0.009 -19"><span class='ocrx_word' id='word_1_274' title='bbox 516 2332 672 2405; x_wconf 78' lang='lat' dir='ltr'><strong>Sa-pe</strong></span> <span class='ocrx_word' id='word_1_275' title='bbox 703 2336 1007 2391; x_wconf 81' lang='lat' dir='ltr'><strong>liberantur</strong></span> <span class='ocrx_word' id='word_1_276' title='bbox 1036 2339 1279 2407; x_wconf 86' lang='lat' dir='ltr'><strong>quidam,</strong></span> <span class='ocrx_word' id='word_1_277' title='bbox 1309 2350 1419 2396; x_wconf 92' lang='lat' dir='ltr'><strong>etc.</strong></span> 
     </span>
    </p>
   </div>
   <div class='ocr_carea' id='block_1_41' title="bbox 513 2426 2022 2502">
    <p class='ocr_par' dir='ltr' id='par_1_41' title="bbox 513 2426 2022 2502">
     <span class='ocr_line' id='line_1_41' title="bbox 513 2426 2022 2502; baseline 0.009 -23"><span class='ocrx_word' id='word_1_278' title='bbox 513 2426 630 2481; x_wconf 82' lang='lat' dir='ltr'><strong>Non</strong></span> <span class='ocrx_word' id='word_1_279' title='bbox 684 2429 752 2481; x_wconf 87' lang='lat' dir='ltr'><strong>ad</strong></span> <span class='ocrx_word' id='word_1_280' title='bbox 799 2427 1109 2483; x_wconf 62' lang='lat' dir='ltr'><strong>Iudaeorum</strong></span> <span class='ocrx_word' id='word_1_281' title='bbox 1142 2448 1473 2502; x_wconf 86' lang='lat' dir='ltr'><strong>synagogam</strong></span> <span class='ocrx_word' id='word_1_282' title='bbox 1521 2435 1574 2489; x_wconf 89' lang='lat' dir='ltr'><strong>in</strong></span> <span class='ocrx_word' id='word_1_283' title='bbox 1621 2434 1920 2491; x_wconf 81' lang='lat' dir='ltr'><strong>Jerusalem</strong></span> <span class='ocrx_word' id='word_1_284' title='bbox 1956 2439 2022 2492; x_wconf 91' lang='lat' dir='ltr'><strong>ad</strong></span> 
     </span>
    </p>
   </div>
   <div class='ocr_carea' id='block_1_42' title="bbox 441 2521 2017 2599">
    <p class='ocr_par' dir='ltr' id='par_1_42' title="bbox 441 2521 2017 2599">
     <span class='ocr_line' id='line_1_42' title="bbox 441 2521 2017 2599; baseline 0.005 -24"><span class='ocrx_word' id='word_1_285' title='bbox 441 2521 777 2584; x_wconf 85' lang='lat' dir='ltr'><strong>sacerdotes,</strong></span> <span class='ocrx_word' id='word_1_286' title='bbox 811 2531 867 2577; x_wconf 91' lang='lat' dir='ltr'><strong>et</strong></span> <span class='ocrx_word' id='word_1_287' title='bbox 898 2524 1110 2578; x_wconf 82' lang='lat' dir='ltr'><strong>scribas</strong></span> <span class='ocrx_word' id='word_1_288' title='bbox 1136 2536 1193 2579; x_wconf 91' lang='lat' dir='ltr'><strong>et</strong></span> <span class='ocrx_word' id='word_1_289' title='bbox 1228 2524 1538 2581; x_wconf 77' lang='lat' dir='ltr'><strong>Phariszeos</strong></span> <span class='ocrx_word' id='word_1_290' title='bbox 1571 2528 1722 2583; x_wconf 88' lang='lat' dir='ltr'><strong>venit</strong></span> <span class='ocrx_word' id='word_1_291' title='bbox 1751 2529 1973 2599; x_wconf 75' lang='lat' dir='ltr'><strong>angelus</strong></span> <span class='ocrx_word' id='word_1_292' title='bbox 2006 2548 2017 2583; x_wconf 91' lang='lat'>:</span> 
     </span>
    </p>
   </div>
   <div class='ocr_carea' id='block_1_43' title="bbox 441 2611 2022 2687">
    <p class='ocr_par' dir='ltr' id='par_1_43' title="bbox 441 2611 2022 2687">
     <span class='ocr_line' id='line_1_43' title="bbox 441 2611 2022 2687; baseline 0.006 -22"><span class='ocrx_word' id='word_1_293' title='bbox 441 2611 538 2666; x_wconf 89' lang='lat' dir='ltr'><strong>sed</strong></span> <span class='ocrx_word' id='word_1_294' title='bbox 564 2622 799 2681; x_wconf 74' lang='lat' dir='ltr'><strong>pastores</strong></span> <span class='ocrx_word' id='word_1_295' title='bbox 828 2616 1021 2683; x_wconf 88' lang='lat' dir='ltr'><strong>reperit</strong></span> <span class='ocrx_word' id='word_1_296' title='bbox 1044 2616 1102 2668; x_wconf 83' lang='lat' dir='ltr'><strong>in</strong></span> <span class='ocrx_word' id='word_1_297' title='bbox 1134 2632 1262 2686; x_wconf 82' lang='lat' dir='ltr'><strong>agro</strong></span> <span class='ocrx_word' id='word_1_298' title='bbox 1293 2618 1558 2687; x_wconf 85' lang='lat' dir='ltr'><strong>degentes,</strong></span> <span class='ocrx_word' id='word_1_299' title='bbox 1588 2628 1639 2672; x_wconf 91' lang='lat' dir='ltr'><strong>et</strong></span> <span class='ocrx_word' id='word_1_300' title='bbox 1670 2622 2022 2675; x_wconf 78' lang='lat' dir='ltr'><strong>custodientes</strong></span> 
     </span>
    </p>
   </div>
   <div class='ocr_carea' id='block_1_44' title="bbox 441 2706 2020 2777">
    <p class='ocr_par' dir='ltr' id='par_1_44' title="bbox 441 2706 2020 2777">
     <span class='ocr_line' id='line_1_44' title="bbox 441 2706 2020 2777; baseline 0.007 -20"><span class='ocrx_word' id='word_1_301' title='bbox 441 2706 713 2759; x_wconf 82' lang='lat' dir='ltr'><strong>custodias</strong></span> <span class='ocrx_word' id='word_1_302' title='bbox 742 2708 907 2759; x_wconf 81' lang='lat' dir='ltr'><strong>noctis</strong></span> <span class='ocrx_word' id='word_1_303' title='bbox 950 2724 1108 2777; x_wconf 87' lang='lat' dir='ltr'><strong>super</strong></span> <span class='ocrx_word' id='word_1_304' title='bbox 1137 2725 1342 2777; x_wconf 86' lang='lat' dir='ltr'><strong>gregem</strong></span> <span class='ocrx_word' id='word_1_305' title='bbox 1385 2727 1540 2764; x_wconf 89' lang='lat' dir='ltr'><strong>suum</strong></span> <span class='ocrx_word' id='word_1_306' title='bbox 1564 2712 1611 2743; x_wconf 74' lang='grc'>⁸⁰</span> <span class='ocrx_word' id='word_1_307' title='bbox 1646 2730 1659 2766; x_wconf 90' lang='lat'><strong>:</strong></span> <span class='ocrx_word' id='word_1_308' title='bbox 1698 2713 1848 2767; x_wconf 91' lang='lat' dir='ltr'><strong>hisce</strong></span> <span class='ocrx_word' id='word_1_309' title='bbox 1877 2727 2020 2768; x_wconf 76' lang='lat' dir='ltr'><strong>enin</strong></span> 
     </span>
    </p>
   </div>
   <div class='ocr_carea' id='block_1_45' title="bbox 440 2798 2022 2875">
    <p class='ocr_par' dir='ltr' id='par_1_45' title="bbox 440 2798 2022 2875">
     <span class='ocr_line' id='line_1_45' title="bbox 440 2798 2022 2875; baseline 0.006 -24"><span class='ocrx_word' id='word_1_310' title='bbox 440 2798 777 2868; x_wconf 77' lang='lat' dir='ltr'><strong>evangelizat</strong></span> <span class='ocrx_word' id='word_1_311' title='bbox 846 2798 1151 2855; x_wconf 85' lang='lat' dir='ltr'><strong>Salvatoris</strong></span> <span class='ocrx_word' id='word_1_312' title='bbox 1221 2803 1586 2857; x_wconf 87' lang='lat' dir='ltr'><strong>nativitatem.</strong></span> <span class='ocrx_word' id='word_1_313' title='bbox 1655 2802 1720 2859; x_wconf 78' lang='lat' dir='ltr'><strong>Hi</strong></span> <span class='ocrx_word' id='word_1_314' title='bbox 1786 2820 2022 2875; x_wconf 85' lang='lat' dir='ltr'><strong>namque</strong></span> 
     </span>
    </p>
   </div>
   <div class='ocr_carea' id='block_1_46' title="bbox 440 2890 2021 2969">
    <p class='ocr_par' dir='ltr' id='par_1_46' title="bbox 440 2890 2021 2969">
     <span class='ocr_line' id='line_1_46' title="bbox 440 2890 2021 2969; baseline 0.007 -27"><span class='ocrx_word' id='word_1_315' title='bbox 440 2890 721 2960; x_wconf 82' lang='lat' dir='ltr'><strong>simplices</strong></span> <span class='ocrx_word' id='word_1_316' title='bbox 770 2902 968 2958; x_wconf 86' lang='lat' dir='ltr'><strong>erant,</strong></span> <span class='ocrx_word' id='word_1_317' title='bbox 1002 2902 1245 2948; x_wconf 83' lang='lat' dir='ltr'><strong>veterem</strong></span> <span class='ocrx_word' id='word_1_318' title='bbox 1289 2896 1505 2951; x_wconf 86' lang='lat' dir='ltr'><strong>vivendi</strong></span> <span class='ocrx_word' id='word_1_319' title='bbox 1556 2898 1821 2953; x_wconf 88' lang='lat' dir='ltr'><strong>rationem</strong></span> <span class='ocrx_word' id='word_1_320' title='bbox 1868 2914 2021 2969; x_wconf 56' lang='lat' dir='ltr'><strong>qua»</strong></span> 
     </span>
    </p>
   </div>
   <div class='ocr_carea' id='block_1_47' title="bbox 442 2984 2021 3059">
    <p class='ocr_par' dir='ltr' id='par_1_47' title="bbox 442 2984 2021 3059">
     <span class='ocr_line' id='line_1_47' title="bbox 442 2984 2021 3059; baseline 0.007 -24"><span class='ocrx_word' id='word_1_321' title='bbox 442 2992 628 3038; x_wconf 88' lang='lat' dir='ltr'><strong>rentes</strong></span> <span class='ocrx_word' id='word_1_322' title='bbox 691 2984 1150 3053; x_wconf 84' lang='lat' dir='ltr'><strong>patriarcharum.</strong></span> <span class='ocrx_word' id='word_1_323' title='bbox 1210 2987 1467 3044; x_wconf 87' lang='lat' dir='ltr'><strong>Pastores</strong></span> <span class='ocrx_word' id='word_1_324' title='bbox 1538 2991 1806 3059; x_wconf 86' lang='lat' dir='ltr'><strong>siquidem</strong></span> <span class='ocrx_word' id='word_1_325' title='bbox 1865 3000 2021 3046; x_wconf 91' lang='lat' dir='ltr'><strong>erant</strong></span> 
     </span>
    </p>
   </div>
   <div class='ocr_carea' id='block_1_48' title="bbox 440 3076 2017 3153">
    <p class='ocr_par' dir='ltr' id='par_1_48' title="bbox 440 3076 2017 3153">
     <span class='ocr_line' id='line_1_48' title="bbox 440 3076 2017 3153; baseline 0.006 -25"><span class='ocrx_word' id='word_1_326' title='bbox 440 3087 498 3129; x_wconf 87' lang='lat' dir='ltr'><strong>et</strong></span> <span class='ocrx_word' id='word_1_327' title='bbox 548 3076 601 3130; x_wconf 88' lang='lat' dir='ltr'><strong>hi</strong></span> <span class='ocrx_word' id='word_1_328' title='bbox 633 3116 649 3140; x_wconf 91' lang='lat'><strong>,</strong></span> <span class='ocrx_word' id='word_1_329' title='bbox 699 3076 793 3145; x_wconf 86' lang='lat' dir='ltr'><strong>qui</strong></span> <span class='ocrx_word' id='word_1_330' title='bbox 847 3078 1011 3131; x_wconf 87' lang='lat' dir='ltr'><strong>etiam</strong></span> <span class='ocrx_word' id='word_1_331' title='bbox 1048 3090 1333 3136; x_wconf 89' lang='lat' dir='ltr'><strong>currentes</strong></span> <span class='ocrx_word' id='word_1_332' title='bbox 1382 3082 1505 3137; x_wconf 89' lang='lat' dir='ltr'><strong>aliis</strong></span> <span class='ocrx_word' id='word_1_333' title='bbox 1558 3098 1775 3153; x_wconf 85' lang='lat' dir='ltr'><strong>quoque</strong></span> <span class='ocrx_word' id='word_1_334' title='bbox 1808 3099 2017 3138; x_wconf 88' lang='lat' dir='ltr'><strong>annun-</strong></span> 
     </span>
    </p>
   </div>
   <div class='ocr_carea' id='block_1_49' title="bbox 2134 1864 3699 1949">
    <p class='ocr_par' dir='ltr' id='par_1_49' title="bbox 2134 1864 3699 1949">
     <span class='ocr_line' id='line_1_49' title="bbox 2134 1864 3699 1949; baseline 0.006 -28"><span class='ocrx_word' id='word_1_335' title='bbox 2134 1868 2389 1923; x_wconf 83' lang='grc' dir='ltr'>ἀδύνατον</span> <span class='ocrx_word' id='word_1_336' title='bbox 2420 1864 2486 1940; x_wconf 77' lang='grc' dir='ltr'>ἦν</span> <span class='ocrx_word' id='word_1_337' title='bbox 2531 1870 2605 1941; x_wconf 83' lang='grc' dir='ltr'>μὴ</span> <span class='ocrx_word' id='word_1_338' title='bbox 2646 1870 2874 1940; x_wconf 83' lang='grc' dir='ltr'>ἐκϐῆναι</span> <span class='ocrx_word' id='word_1_339' title='bbox 2919 1871 3115 1935; x_wconf 74' lang='grc' dir='ltr'>αὐτοὺς</span> <span class='ocrx_word' id='word_1_340' title='bbox 3147 1873 3337 1942; x_wconf 82' lang='grc' dir='ltr'>λόγους</span> <span class='ocrx_word' id='word_1_341' title='bbox 3388 1877 3468 1940; x_wconf 80' lang='grc' dir='ltr'>εἰς</span> <span class='ocrx_word' id='word_1_342' title='bbox 3511 1876 3699 1949; x_wconf 76' lang='grc' dir='ltr'>ἔργον.</span> 
     </span>
    </p>
   </div>
   <div class='ocr_carea' id='block_1_50' title="bbox 2135 1960 3707 2034">
    <p class='ocr_par' dir='ltr' id='par_1_50' title="bbox 2135 1960 3707 2034">
     <span class='ocr_line' id='line_1_50' title="bbox 2135 1960 3707 2034; baseline 0.006 -21"><span class='ocrx_word' id='word_1_343' title='bbox 2135 1960 2320 2031; x_wconf 84' lang='grc' dir='ltr'>Ὀρκῳ</span> <span class='ocrx_word' id='word_1_344' title='bbox 2352 1961 2459 2033; x_wconf 85' lang='grc' dir='ltr'>γὰρ</span> <span class='ocrx_word' id='word_1_345' title='bbox 2507 1961 2801 2014; x_wconf 86' lang='grc' dir='ltr'>ἐϐεϐαίωσε</span> <span class='ocrx_word' id='word_1_346' title='bbox 2843 1962 2942 2026; x_wconf 85' lang='grc' dir='ltr'>τὰς</span> <span class='ocrx_word' id='word_1_347' title='bbox 2978 1964 3311 2034; x_wconf 80' lang='grc' dir='ltr'>ἐπαγγελίας</span> <span class='ocrx_word' id='word_1_348' title='bbox 3343 1966 3431 2020; x_wconf 81' lang='grc' dir='ltr'>διὰ</span> <span class='ocrx_word' id='word_1_349' title='bbox 3476 1967 3537 2021; x_wconf 87' lang='grc' dir='ltr'><strong>τὸ</strong></span> <span class='ocrx_word' id='word_1_350' title='bbox 3566 1972 3707 2022; x_wconf 88' lang='grc' dir='ltr'>ἀπα-</span> 
     </span>
    </p>
   </div>
   <div class='ocr_carea' id='block_1_51' title="bbox 2132 2052 3710 2130">
    <p class='ocr_par' dir='ltr' id='par_1_51' title="bbox 2132 2052 3710 2130">
     <span class='ocr_line' id='line_1_51' title="bbox 2132 2052 3710 2130; baseline 0.007 -26"><span class='ocrx_word' id='word_1_351' title='bbox 2132 2052 2385 2124; x_wconf 78' lang='grc' dir='ltr'>ράϐατον,</span> <span class='ocrx_word' id='word_1_352' title='bbox 2416 2054 2496 2106; x_wconf 83' lang='grc' dir='ltr'><strong>ὃτι</strong></span> <span class='ocrx_word' id='word_1_353' title='bbox 2517 2054 2731 2119; x_wconf 89' lang='grc' dir='ltr'>πάντως</span> <span class='ocrx_word' id='word_1_354' title='bbox 2762 2054 2933 2108; x_wconf 81' lang='grc' dir='ltr'>ἔσται.</span> <span class='ocrx_word' id='word_1_355' title='bbox 2956 2056 3063 2109; x_wconf 78' lang='grc' dir='ltr'><strong>Καὶ</strong></span> <span class='ocrx_word' id='word_1_356' title='bbox 3086 2056 3178 2110; x_wconf 91' lang='grc' dir='ltr'><strong>νῦν</strong></span> <span class='ocrx_word' id='word_1_357' title='bbox 3198 2059 3247 2110; x_wconf 79' lang='lat' dir='ltr'><strong>oi</strong></span> <span class='ocrx_word' id='word_1_358' title='bbox 3280 2060 3461 2113; x_wconf 82' lang='grc' dir='ltr'>πιστοὶ</span> <span class='ocrx_word' id='word_1_359' title='bbox 3490 2061 3710 2130; x_wconf 83' lang='grc' dir='ltr'>ἀφόϐως</span> 
     </span>
    </p>
   </div>
   <div class='ocr_carea' id='block_1_52' title="bbox 2129 2146 3289 2220">
    <p class='ocr_par' dir='ltr' id='par_1_52' title="bbox 2129 2146 3289 2220">
     <span class='ocr_line' id='line_1_52' title="bbox 2129 2146 3289 2220; baseline 0.006 -22"><span class='ocrx_word' id='word_1_360' title='bbox 2129 2148 2195 2199; x_wconf 90' lang='grc' dir='ltr'><strong>ἐκ</strong></span> <span class='ocrx_word' id='word_1_361' title='bbox 2225 2146 2407 2218; x_wconf 79' lang='grc' dir='ltr'>χειρὸς</span> <span class='ocrx_word' id='word_1_362' title='bbox 2437 2146 2546 2200; x_wconf 86' lang='grc' dir='ltr'><strong>τῶν</strong></span> <span class='ocrx_word' id='word_1_363' title='bbox 2568 2147 2773 2219; x_wconf 81' lang='grc' dir='ltr'>νοητῶν</span> <span class='ocrx_word' id='word_1_364' title='bbox 2804 2148 3014 2220; x_wconf 80' lang='grc' dir='ltr'>ἐχθρῶν</span> <span class='ocrx_word' id='word_1_365' title='bbox 3050 2150 3289 2220; x_wconf 78' lang='grc' dir='ltr'>ῥύονται.</span> 
     </span>
    </p>
   </div>
   <div class='ocr_carea' id='block_1_53' title="bbox 2198 2324 3492 2399">
    <p class='ocr_par' dir='ltr' id='par_1_53' title="bbox 2198 2324 3492 2399">
     <span class='ocr_line' id='line_1_53' title="bbox 2198 2324 3492 2399; baseline 0.005 -21"><span class='ocrx_word' id='word_1_366' title='bbox 2198 2324 2311 2397; x_wconf 84' lang='grc'><strong>(57)</strong></span> <span class='ocrx_word' id='word_1_367' title='bbox 2353 2326 2622 2391; x_wconf 84' lang='grc' dir='ltr'>Πολλάκις</span> <span class='ocrx_word' id='word_1_368' title='bbox 2646 2328 2866 2399; x_wconf 82' lang='grc' dir='ltr'>ρύονταί</span> <span class='ocrx_word' id='word_1_369' title='bbox 2894 2346 3060 2395; x_wconf 87' lang='grc' dir='ltr'>τινες,</span> <span class='ocrx_word' id='word_1_370' title='bbox 3095 2330 3190 2383; x_wconf 69' lang='grc' dir='ltr'><strong>καὶ</strong></span> <span class='ocrx_word' id='word_1_371' title='bbox 3212 2329 3280 2384; x_wconf 87' lang='grc' dir='ltr'>τὰ</span> <span class='ocrx_word' id='word_1_372' title='bbox 3311 2331 3492 2385; x_wconf 82' lang='grc' dir='ltr'>λοιπά.</span> 
     </span>
    </p>
   </div>
   <div class='ocr_carea' id='block_1_54' title="bbox 2197 2419 3712 2501">
    <p class='ocr_par' dir='ltr' id='par_1_54' title="bbox 2197 2419 3712 2501">
     <span class='ocr_line' id='line_1_54' title="bbox 2197 2419 3712 2501; baseline 0.007 -29"><span class='ocrx_word' id='word_1_373' title='bbox 2197 2419 2312 2489; x_wconf 84' lang='grc'><strong>(58)</strong></span> <span class='ocrx_word' id='word_1_374' title='bbox 2345 2420 2460 2473; x_wconf 84' lang='grc' dir='ltr'>Οὐκ</span> <span class='ocrx_word' id='word_1_375' title='bbox 2479 2422 2558 2484; x_wconf 84' lang='grc' dir='ltr'><strong>είς</strong></span> <span class='ocrx_word' id='word_1_376' title='bbox 2580 2420 2677 2492; x_wconf 82' lang='grc' dir='ltr'><strong>τὴν</strong></span> <span class='ocrx_word' id='word_1_377' title='bbox 2694 2421 2799 2474; x_wconf 90' lang='grc' dir='ltr'><strong>τῶν</strong></span> <span class='ocrx_word' id='word_1_378' title='bbox 2816 2422 3083 2476; x_wconf 80' lang='grc' dir='ltr'>Ἰουδαίων</span> <span class='ocrx_word' id='word_1_379' title='bbox 3112 2427 3432 2497; x_wconf 83' lang='grc' dir='ltr'>συναγωγὴν</span> <span class='ocrx_word' id='word_1_380' title='bbox 3454 2430 3533 2492; x_wconf 87' lang='grc' dir='ltr'><strong>είς</strong></span> <span class='ocrx_word' id='word_1_381' title='bbox 3547 2425 3712 2501; x_wconf 85' lang='grc' dir='ltr'>Ἰερο-</span> 
     </span>
    </p>
   </div>
   <div class='ocr_carea' id='block_1_55' title="bbox 2127 2512 3712 2595">
    <p class='ocr_par' dir='ltr' id='par_1_55' title="bbox 2127 2512 3712 2595">
     <span class='ocr_line' id='line_1_55' title="bbox 2127 2512 3712 2595; baseline 0.008 -31"><span class='ocrx_word' id='word_1_382' title='bbox 2127 2512 2335 2582; x_wconf 84' lang='grc' dir='ltr'>σόλυμα</span> <span class='ocrx_word' id='word_1_383' title='bbox 2365 2513 2502 2584; x_wconf 80' lang='grc' dir='ltr'>πρὸς</span> <span class='ocrx_word' id='word_1_384' title='bbox 2536 2516 2661 2577; x_wconf 78' lang='grc' dir='ltr'>τοὺς</span> <span class='ocrx_word' id='word_1_385' title='bbox 2689 2516 2855 2585; x_wconf 77' lang='grc' dir='ltr'>ἱερεῖς</span> <span class='ocrx_word' id='word_1_386' title='bbox 2897 2516 2993 2568; x_wconf 77' lang='grc' dir='ltr'>καὶ</span> <span class='ocrx_word' id='word_1_387' title='bbox 3023 2522 3372 2588; x_wconf 87' lang='grc' dir='ltr'>γραμματεῖς</span> <span class='ocrx_word' id='word_1_388' title='bbox 3416 2526 3508 2573; x_wconf 76' lang='grc' dir='ltr'><strong>καὶ</strong></span> <span class='ocrx_word' id='word_1_389' title='bbox 3542 2524 3712 2595; x_wconf 75' lang='grc' dir='ltr'>Φαρι-</span> 
     </span>
    </p>
   </div>
   <div class='ocr_carea' id='block_1_56' title="bbox 2126 2604 3713 2681">
    <p class='ocr_par' dir='ltr' id='par_1_56' title="bbox 2126 2604 3713 2681">
     <span class='ocr_line' id='line_1_56' title="bbox 2126 2604 3713 2681; baseline 0.008 -26"><span class='ocrx_word' id='word_1_390' title='bbox 2126 2604 2306 2669; x_wconf 90' lang='grc' dir='ltr'>σαίους</span> <span class='ocrx_word' id='word_1_391' title='bbox 2336 2604 2638 2677; x_wconf 87' lang='grc' dir='ltr'>ἀπέρχεται</span> <span class='ocrx_word' id='word_1_392' title='bbox 2663 2608 2691 2659; x_wconf 94' lang='lat'><strong>6</strong></span> <span class='ocrx_word' id='word_1_393' title='bbox 2720 2607 3117 2675; x_wconf 58' lang='grc' dir='ltr'>ἀγγελοςάλλά</span> <span class='ocrx_word' id='word_1_394' title='bbox 3143 2611 3427 2679; x_wconf 78' lang='grc' dir='ltr'>ποιμένας</span> <span class='ocrx_word' id='word_1_395' title='bbox 3440 2616 3713 2681; x_wconf 82' lang='grc' dir='ltr'>εὑρίσκει</span> 
     </span>
    </p>
   </div>
   <div class='ocr_carea' id='block_1_57' title="bbox 2123 2697 3712 2775">
    <p class='ocr_par' dir='ltr' id='par_1_57' title="bbox 2123 2697 3712 2775">
     <span class='ocr_line' id='line_1_57' title="bbox 2123 2697 3712 2775; baseline 0.008 -26"><span class='ocrx_word' id='word_1_396' title='bbox 2123 2697 2598 2766; x_wconf 73' lang='grc' dir='ltr'>ἀγραυλοῦντας,</span> <span class='ocrx_word' id='word_1_397' title='bbox 2652 2699 2752 2753; x_wconf 76' lang='grc' dir='ltr'><strong>καὶ</strong></span> <span class='ocrx_word' id='word_1_398' title='bbox 2793 2699 3229 2768; x_wconf 69' lang='grc' dir='ltr'>φυλάσσοντας</span> <span class='ocrx_word' id='word_1_399' title='bbox 3271 2706 3547 2772; x_wconf 70' lang='grc' dir='ltr'>φυλακὰς</span> <span class='ocrx_word' id='word_1_400' title='bbox 3596 2705 3712 2775; x_wconf 79' lang='grc' dir='ltr'>τῆς</span> 
     </span>
    </p>
   </div>
   <div class='ocr_carea' id='block_1_58' title="bbox 2121 2790 3713 2869">
    <p class='ocr_par' dir='ltr' id='par_1_58' title="bbox 2121 2790 3713 2869">
     <span class='ocr_line' id='line_1_58' title="bbox 2121 2790 3713 2869; baseline 0.005 -25"><span class='ocrx_word' id='word_1_401' title='bbox 2121 2790 2343 2856; x_wconf 75' lang='grc' dir='ltr'>νυκτὸς</span> <span class='ocrx_word' id='word_1_402' title='bbox 2357 2790 2456 2844; x_wconf 75' lang='grc' dir='ltr'><strong>ἐπὶ</strong></span> <span class='ocrx_word' id='word_1_403' title='bbox 2476 2790 2591 2869; x_wconf 63' lang='grc' dir='ltr'>τὴν</span> <span class='ocrx_word' id='word_1_404' title='bbox 2618 2792 2881 2859; x_wconf 76' lang='grc' dir='ltr'>ποίμνην</span> <span class='ocrx_word' id='word_1_405' title='bbox 2905 2793 3122 2847; x_wconf 79' lang='grc' dir='ltr'>αὐτῶν·</span> <span class='ocrx_word' id='word_1_406' title='bbox 3155 2794 3364 2859; x_wconf 88' lang='grc' dir='ltr'>τούτοις</span> <span class='ocrx_word' id='word_1_407' title='bbox 3396 2796 3503 2869; x_wconf 81' lang='grc' dir='ltr'>γὰρ</span> <span class='ocrx_word' id='word_1_408' title='bbox 3539 2800 3713 2869; x_wconf 85' lang='grc' dir='ltr'>εὐαγ-</span> 
     </span>
    </p>
   </div>
   <div class='ocr_carea' id='block_1_59' title="bbox 2124 2865 3713 2965">
    <p class='ocr_par' dir='ltr' id='par_1_59' title="bbox 2124 2865 3713 2965">
     <span class='ocr_line' id='line_1_59' title="bbox 2124 2865 3713 2965; baseline 0.008 -31"><span class='ocrx_word' id='word_1_409' title='bbox 2124 2882 2397 2950; x_wconf 75' lang='grc' dir='ltr'>γελίζεται</span> <span class='ocrx_word' id='word_1_410' title='bbox 2429 2865 2522 2935; x_wconf 87' lang='grc' dir='ltr'><strong>τοῦ</strong></span> <span class='ocrx_word' id='word_1_411' title='bbox 2554 2882 2805 2954; x_wconf 56' lang='grc' dir='ltr'>ἃντῆρος</span> <span class='ocrx_word' id='word_1_412' title='bbox 2831 2883 2929 2955; x_wconf 82' lang='grc' dir='ltr'><strong>τὴν</strong></span> <span class='ocrx_word' id='word_1_413' title='bbox 2963 2884 3238 2956; x_wconf 85' lang='grc' dir='ltr'>γέννησιν.</span> <span class='ocrx_word' id='word_1_414' title='bbox 3275 2882 3435 2941; x_wconf 79' lang='grc' dir='ltr'>Οὗτοι</span> <span class='ocrx_word' id='word_1_415' title='bbox 3468 2865 3565 2960; x_wconf 73' lang='grc' dir='ltr'>μὲν</span> <span class='ocrx_word' id='word_1_416' title='bbox 3596 2865 3713 2965; x_wconf 84' lang='grc' dir='ltr'><strong>γάρ</strong></span> 
     </span>
    </p>
   </div>
   <div class='ocr_carea' id='block_1_60' title="bbox 2121 2967 3715 3049">
    <p class='ocr_par' dir='ltr' id='par_1_60' title="bbox 2121 2967 3715 3049">
     <span class='ocr_line' id='line_1_60' title="bbox 2121 2967 3715 3049; baseline 0.006 -24"><span class='ocrx_word' id='word_1_417' title='bbox 2121 2971 2385 3026; x_wconf 79' lang='grc' dir='ltr'>ἄπλαστοι</span> <span class='ocrx_word' id='word_1_418' title='bbox 2406 2967 2566 3044; x_wconf 79' lang='grc' dir='ltr'>ἦσαν,</span> <span class='ocrx_word' id='word_1_419' title='bbox 2594 2972 2693 3044; x_wconf 85' lang='grc' dir='ltr'>τὴν</span> <span class='ocrx_word' id='word_1_420' title='bbox 2722 2972 2955 3027; x_wconf 80' lang='grc' dir='ltr'>παλαιὰν</span> <span class='ocrx_word' id='word_1_421' title='bbox 2982 2975 3258 3029; x_wconf 87' lang='grc' dir='ltr'>πολιτείαν</span> <span class='ocrx_word' id='word_1_422' title='bbox 3287 2976 3575 3049; x_wconf 75' lang='grc' dir='ltr'>ζηλοῦντες</span> <span class='ocrx_word' id='word_1_423' title='bbox 3599 2981 3715 3034; x_wconf 89' lang='grc' dir='ltr'><strong>τῶν</strong></span> 
     </span>
    </p>
   </div>
   <div class='ocr_carea' id='block_1_61' title="bbox 2123 3062 3715 3137">
    <p class='ocr_par' dir='ltr' id='par_1_61' title="bbox 2123 3062 3715 3137">
     <span class='ocr_line' id='line_1_61' title="bbox 2123 3062 3715 3137; baseline 0.005 -20"><span class='ocrx_word' id='word_1_424' title='bbox 2123 3062 2499 3134; x_wconf 85' lang='grc' dir='ltr'>πατριαρχῶν.</span> <span class='ocrx_word' id='word_1_425' title='bbox 2542 3064 2807 3134; x_wconf 87' lang='grc' dir='ltr'>Ποιμένες</span> <span class='ocrx_word' id='word_1_426' title='bbox 2853 3064 2961 3136; x_wconf 82' lang='grc' dir='ltr'>γὰρ</span> <span class='ocrx_word' id='word_1_427' title='bbox 2986 3062 3127 3137; x_wconf 79' lang='grc' dir='ltr'>ἦσαν</span> <span class='ocrx_word' id='word_1_428' title='bbox 3165 3068 3261 3121; x_wconf 76' lang='grc' dir='ltr'>καὶ</span> <span class='ocrx_word' id='word_1_429' title='bbox 3289 3062 3454 3137; x_wconf 76' lang='grc' dir='ltr'>οὗτοι,</span> <span class='ocrx_word' id='word_1_430' title='bbox 3504 3070 3553 3123; x_wconf 74' lang='grc' dir='ltr'>οἳ</span> <span class='ocrx_word' id='word_1_431' title='bbox 3618 3074 3715 3127; x_wconf 81' lang='grc' dir='ltr'>καὶ</span> 
     </span>
    </p>
   </div>
   <div class='ocr_carea' id='block_1_62' title="bbox 443 3148 2048 3242">
    <p class='ocr_par' dir='ltr' id='par_1_62' title="bbox 443 3148 2048 3242">
     <span class='ocr_line' id='line_1_62' title="bbox 443 3148 2048 3242; baseline 0.007 -21"><span class='ocrx_word' id='word_1_432' title='bbox 443 3167 736 3224; x_wconf 88' lang='lat' dir='ltr'><strong>tiaverunt.</strong></span> <span class='ocrx_word' id='word_1_433' title='bbox 795 3166 879 3222; x_wconf 92' lang='lat' dir='ltr'><strong>llli</strong></span> <span class='ocrx_word' id='word_1_434' title='bbox 913 3184 1148 3239; x_wconf 86' lang='lat' dir='ltr'><strong>namque</strong></span> <span class='ocrx_word' id='word_1_435' title='bbox 1202 3173 1400 3242; x_wconf 84' lang='lat' dir='ltr'><strong>quippe</strong></span> <span class='ocrx_word' id='word_1_436' title='bbox 1467 3148 2048 3231; x_wconf 45' lang='lat' dir='ltr'><strong>invidia-tabescen&#39;</strong></span> 
     </span>
    </p>
   </div>
   <div class='ocr_carea' id='block_1_63' title="bbox 2136 3148 3716 3242">
    <p class='ocr_par' dir='ltr' id='par_1_63' title="bbox 2136 3156 3716 3235">
     <span class='ocr_line' id='line_1_63' title="bbox 2136 3156 3716 3235; baseline 0.004 -26"><span class='ocrx_word' id='word_1_437' title='bbox 2136 3156 2415 3227; x_wconf 71' lang='grc' dir='ltr'>ῑραμόντες</span> <span class='ocrx_word' id='word_1_438' title='bbox 2448 3158 2560 3221; x_wconf 91' lang='grc' dir='ltr'>τοῖς</span> <span class='ocrx_word' id='word_1_439' title='bbox 2585 3156 2796 3228; x_wconf 79' lang='grc' dir='ltr'>ἑτέροις</span> <span class='ocrx_word' id='word_1_440' title='bbox 2819 3158 2912 3211; x_wconf 68' lang='grc' dir='ltr'>καὶ</span> <span class='ocrx_word' id='word_1_441' title='bbox 2939 3160 3300 3230; x_wconf 63' lang='grc' dir='ltr'>ἀπήγγελλον.</span> <span class='ocrx_word' id='word_1_442' title='bbox 3351 3162 3575 3216; x_wconf 85' lang='grc' dir='ltr'>Ἐκεῖνοι</span> <span class='ocrx_word' id='word_1_443' title='bbox 3601 3164 3716 3235; x_wconf 82' lang='grc' dir='ltr'>γὰρ</span> 
     </span>
    </p>
   </div>
   <div class='ocr_carea' id='block_1_64' title="bbox 443 3258 2021 3335">
    <p class='ocr_par' dir='ltr' id='par_1_64' title="bbox 443 3258 2021 3335">
     <span class='ocr_line' id='line_1_64' title="bbox 443 3258 2021 3335; baseline 0.007 -26"><span class='ocrx_word' id='word_1_444' title='bbox 443 3267 526 3313; x_wconf 86' lang='lat' dir='ltr'><strong>tes</strong></span> <span class='ocrx_word' id='word_1_445' title='bbox 561 3299 577 3321; x_wconf 92' lang='lat'><strong>,</strong></span> <span class='ocrx_word' id='word_1_446' title='bbox 635 3258 965 3315; x_wconf 88' lang='lat' dir='ltr'><strong>occultaturi</strong></span> <span class='ocrx_word' id='word_1_447' title='bbox 1026 3260 1258 3317; x_wconf 87' lang='lat' dir='ltr'><strong>fuissent</strong></span> <span class='ocrx_word' id='word_1_448' title='bbox 1311 3264 1495 3319; x_wconf 84' lang='lat' dir='ltr'><strong>mundi</strong></span> <span class='ocrx_word' id='word_1_449' title='bbox 1552 3264 1747 3319; x_wconf 88' lang='lat' dir='ltr'><strong>salutis</strong></span> <span class='ocrx_word' id='word_1_450' title='bbox 1803 3275 2021 3335; x_wconf 81' lang='lat' dir='ltr'><strong>myste-</strong></span> 
     </span>
    </p>
   </div>
   <div class='ocr_carea' id='block_1_65' title="bbox 440 3349 605 3403">
    <p class='ocr_par' dir='ltr' id='par_1_65' title="bbox 440 3349 605 3403">
     <span class='ocr_line' id='line_1_65' title="bbox 440 3349 605 3403; baseline 0.006 -1"><span class='ocrx_word' id='word_1_451' title='bbox 440 3349 605 3403; x_wconf 89' lang='lat' dir='ltr'><strong>rium.</strong></span> 
     </span>
    </p>
   </div>
   <div class='ocr_carea' id='block_1_66' title="bbox 512 3439 2021 3515">
    <p class='ocr_par' dir='ltr' id='par_1_66' title="bbox 512 3439 2021 3515">
     <span class='ocr_line' id='line_1_66' title="bbox 512 3439 2021 3515; baseline 0.001 -20"><span class='ocrx_word' id='word_1_452' title='bbox 512 3439 673 3495; x_wconf 88' lang='lat' dir='ltr'><strong>Solus</strong></span> <span class='ocrx_word' id='word_1_453' title='bbox 705 3440 905 3495; x_wconf 85' lang='lat' dir='ltr'><strong>etenim</strong></span> <span class='ocrx_word' id='word_1_454' title='bbox 948 3441 1050 3496; x_wconf 89' lang='lat' dir='ltr'><strong>iste</strong></span> <span class='ocrx_word' id='word_1_455' title='bbox 1090 3442 1303 3511; x_wconf 87' lang='lat' dir='ltr'><strong>aperuit</strong></span> <span class='ocrx_word' id='word_1_456' title='bbox 1332 3442 1547 3497; x_wconf 81' lang='lat' dir='ltr'><strong>vulvam</strong></span> <span class='ocrx_word' id='word_1_457' title='bbox 1578 3460 1644 3499; x_wconf 84' lang='lat' dir='ltr'><strong>ex</strong></span> <span class='ocrx_word' id='word_1_458' title='bbox 1675 3442 1894 3515; x_wconf 77' lang='lat' dir='ltr'><strong>Virgine</strong></span> <span class='ocrx_word' id='word_1_459' title='bbox 1927 3459 2021 3498; x_wconf 85' lang='lat' dir='ltr'><strong>na-</strong></span> 
     </span>
    </p>
   </div>
   <div class='ocr_carea' id='block_1_67' title="bbox 442 3532 2023 3603">
    <p class='ocr_par' dir='ltr' id='par_1_67' title="bbox 442 3532 2023 3603">
     <span class='ocr_line' id='line_1_67' title="bbox 442 3532 2023 3603; baseline 0.001 -17"><span class='ocrx_word' id='word_1_460' title='bbox 442 3542 547 3586; x_wconf 85' lang='lat' dir='ltr'><strong>tus.</strong></span> <span class='ocrx_word' id='word_1_461' title='bbox 580 3532 722 3586; x_wconf 82' lang='lat' dir='ltr'><strong>Nihil</strong></span> <span class='ocrx_word' id='word_1_462' title='bbox 759 3535 904 3587; x_wconf 91' lang='lat' dir='ltr'><strong>enim</strong></span> <span class='ocrx_word' id='word_1_463' title='bbox 932 3545 1056 3590; x_wconf 89' lang='lat' dir='ltr'><strong>ante</strong></span> <span class='ocrx_word' id='word_1_464' title='bbox 1092 3536 1369 3589; x_wconf 85' lang='lat' dir='ltr'><strong>Christum</strong></span> <span class='ocrx_word' id='word_1_465' title='bbox 1402 3536 1622 3591; x_wconf 88' lang='lat' dir='ltr'><strong>vulvam</strong></span> <span class='ocrx_word' id='word_1_466' title='bbox 1658 3536 1806 3590; x_wconf 89' lang='lat' dir='ltr'><strong>illius</strong></span> <span class='ocrx_word' id='word_1_467' title='bbox 1839 3537 2023 3603; x_wconf 78' lang='lat' dir='ltr'><strong>tetige-</strong></span> 
     </span>
    </p>
   </div>
   <div class='ocr_carea' id='block_1_68' title="bbox 441 3620 2020 3697">
    <p class='ocr_par' dir='ltr' id='par_1_68' title="bbox 441 3620 2020 3697">
     <span class='ocr_line' id='line_1_68' title="bbox 441 3620 2020 3697; baseline 0.003 -22"><span class='ocrx_word' id='word_1_468' title='bbox 441 3632 545 3678; x_wconf 85' lang='lat' dir='ltr'><strong>rat.</strong></span> <span class='ocrx_word' id='word_1_469' title='bbox 582 3620 774 3678; x_wconf 86' lang='lat' dir='ltr'><strong>Omnia</strong></span> <span class='ocrx_word' id='word_1_470' title='bbox 803 3639 936 3678; x_wconf 84' lang='lat' dir='ltr'><strong>vero</strong></span> <span class='ocrx_word' id='word_1_471' title='bbox 965 3625 1331 3695; x_wconf 75' lang='lat' dir='ltr'><strong>primogenita</strong></span> <span class='ocrx_word' id='word_1_472' title='bbox 1358 3665 1374 3689; x_wconf 90' lang='lat'><strong>,</strong></span> <span class='ocrx_word' id='word_1_473' title='bbox 1406 3626 1622 3681; x_wconf 91' lang='lat' dir='ltr'><strong>tametsi</strong></span> <span class='ocrx_word' id='word_1_474' title='bbox 1656 3628 2020 3697; x_wconf 81' lang='lat' dir='ltr'><strong>primogenita</strong></span> 
     </span>
    </p>
   </div>
   <div class='ocr_carea' id='block_1_69' title="bbox 440 3712 2021 3784">
    <p class='ocr_par' dir='ltr' id='par_1_69' title="bbox 440 3712 2021 3784">
     <span class='ocr_line' id='line_1_69' title="bbox 440 3712 2021 3784; baseline 0.001 -20"><span class='ocrx_word' id='word_1_475' title='bbox 440 3712 571 3777; x_wconf 88' lang='lat' dir='ltr'><strong>sint,</strong></span> <span class='ocrx_word' id='word_1_476' title='bbox 603 3726 708 3765; x_wconf 90' lang='lat' dir='ltr'><strong>non</strong></span> <span class='ocrx_word' id='word_1_477' title='bbox 746 3723 925 3767; x_wconf 85' lang='lat' dir='ltr'><strong>tamen</strong></span> <span class='ocrx_word' id='word_1_478' title='bbox 957 3714 1206 3784; x_wconf 90' lang='lat' dir='ltr'><strong>aperiunt</strong></span> <span class='ocrx_word' id='word_1_479' title='bbox 1238 3714 1413 3784; x_wconf 90' lang='lat' dir='ltr'><strong>prima</strong></span> <span class='ocrx_word' id='word_1_480' title='bbox 1444 3714 1694 3778; x_wconf 89' lang='lat' dir='ltr'><strong>vulvam,</strong></span> <span class='ocrx_word' id='word_1_481' title='bbox 1725 3716 1820 3769; x_wconf 86' lang='lat' dir='ltr'><strong>sed</strong></span> <span class='ocrx_word' id='word_1_482' title='bbox 1854 3715 2021 3770; x_wconf 82' lang='lat' dir='ltr'><strong>mari-</strong></span> 
     </span>
    </p>
   </div>
   <div class='ocr_carea' id='block_1_70' title="bbox 512 3891 2019 3966">
    <p class='ocr_par' dir='ltr' id='par_1_70' title="bbox 512 3891 2019 3966">
     <span class='ocr_line' id='line_1_70' title="bbox 512 3891 2019 3966; baseline 0.003 -20"><span class='ocrx_word' id='word_1_483' title='bbox 512 3891 589 3946; x_wconf 85' lang='lat' dir='ltr'><strong>Ne</strong></span> <span class='ocrx_word' id='word_1_484' title='bbox 619 3892 757 3948; x_wconf 87' lang='lat' dir='ltr'><strong>forte</strong></span> <span class='ocrx_word' id='word_1_485' title='bbox 807 3893 1116 3963; x_wconf 89' lang='lat' dir='ltr'><strong>reliquisset</strong></span> <span class='ocrx_word' id='word_1_486' title='bbox 1148 3909 1262 3951; x_wconf 88' lang='lat' dir='ltr'><strong>eos.</strong></span> <span class='ocrx_word' id='word_1_487' title='bbox 1316 3895 1574 3951; x_wconf 90' lang='lat' dir='ltr'><strong>Dolentes</strong></span> <span class='ocrx_word' id='word_1_488' title='bbox 1610 3896 1772 3966; x_wconf 85' lang='lat' dir='ltr'><strong>igitur</strong></span> <span class='ocrx_word' id='word_1_489' title='bbox 1808 3910 2019 3960; x_wconf 82' lang='lat' dir='ltr'><strong>quaere-</strong></span> 
     </span>
    </p>
   </div>
   <div class='ocr_carea' id='block_1_71' title="bbox 436 3985 2019 4057">
    <p class='ocr_par' dir='ltr' id='par_1_71' title="bbox 436 3985 2019 4057">
     <span class='ocr_line' id='line_1_71' title="bbox 436 3985 2019 4057; baseline 0.001 -17"><span class='ocrx_word' id='word_1_490' title='bbox 436 3985 571 4040; x_wconf 87' lang='lat' dir='ltr'><strong>bant</strong></span> <span class='ocrx_word' id='word_1_491' title='bbox 606 3985 803 4039; x_wconf 88' lang='lat' dir='ltr'><strong>Filium</strong></span> <span class='ocrx_word' id='word_1_492' title='bbox 838 3985 930 4039; x_wconf 91' lang='lat' dir='ltr'><strong>Dei</strong></span> <span class='ocrx_word' id='word_1_493' title='bbox 966 4004 980 4039; x_wconf 88' lang='lat'><strong>:</strong></span> <span class='ocrx_word' id='word_1_494' title='bbox 1013 3995 1068 4040; x_wconf 91' lang='lat' dir='ltr'><strong>et</strong></span> <span class='ocrx_word' id='word_1_495' title='bbox 1092 3998 1400 4057; x_wconf 67' lang='lat' dir='ltr'><strong>quaerentes</strong></span> <span class='ocrx_word' id='word_1_496' title='bbox 1435 3987 1608 4057; x_wconf 89' lang='lat' dir='ltr'><strong>ipsum</strong></span> <span class='ocrx_word' id='word_1_497' title='bbox 1657 4001 1763 4039; x_wconf 88' lang='lat' dir='ltr'><strong>non</strong></span> <span class='ocrx_word' id='word_1_498' title='bbox 1798 3987 2019 4042; x_wconf 88' lang='lat' dir='ltr'><strong>invene-</strong></span> 
     </span>
    </p>
   </div>
   <div class='ocr_carea' id='block_1_72' title="bbox 438 4076 2015 4148">
    <p class='ocr_par' dir='ltr' id='par_1_72' title="bbox 438 4076 2015 4148">
     <span class='ocr_line' id='line_1_72' title="bbox 438 4076 2015 4148; baseline 0 -17"><span class='ocrx_word' id='word_1_499' title='bbox 438 4086 566 4131; x_wconf 87' lang='lat' dir='ltr'><strong>runt</strong></span> <span class='ocrx_word' id='word_1_500' title='bbox 595 4078 735 4132; x_wconf 87' lang='lat' dir='ltr'><strong>inter</strong></span> <span class='ocrx_word' id='word_1_501' title='bbox 767 4087 1030 4148; x_wconf 85' lang='lat' dir='ltr'><strong>cognatos</strong></span> <span class='ocrx_word' id='word_1_502' title='bbox 1061 4095 1074 4131; x_wconf 92' lang='lat'><strong>:</strong></span> <span class='ocrx_word' id='word_1_503' title='bbox 1101 4085 1221 4131; x_wconf 91' lang='lat' dir='ltr'><strong>erat</strong></span> <span class='ocrx_word' id='word_1_504' title='bbox 1250 4076 1397 4132; x_wconf 89' lang='lat' dir='ltr'><strong>enim</strong></span> <span class='ocrx_word' id='word_1_505' title='bbox 1426 4091 1592 4148; x_wconf 89' lang='lat' dir='ltr'><strong>supra</strong></span> <span class='ocrx_word' id='word_1_506' title='bbox 1638 4078 2015 4148; x_wconf 87' lang='lat' dir='ltr'><strong>cognationem</strong></span> 
     </span>
    </p>
   </div>
   <div class='ocr_carea' id='block_1_73' title="bbox 434 4183 647 4226">
    <p class='ocr_par' dir='ltr' id='par_1_73' title="bbox 434 4183 647 4226">
     <span class='ocr_line' id='line_1_73' title="bbox 434 4183 647 4226; baseline -0.014 0"><span class='ocrx_word' id='word_1_507' title='bbox 434 4183 647 4226; x_wconf 89' lang='lat' dir='ltr'><strong>eorum.</strong></span> 
     </span>
    </p>
   </div>
   <div class='ocr_carea' id='block_1_74' title="bbox 1123 4256 1391 4315">
    <p class='ocr_par' dir='ltr' id='par_1_74' title="bbox 1123 4256 1391 4315">
     <span class='ocr_line' id='line_1_74' title="bbox 1123 4256 1391 4315; baseline -0.007 0"><span class='ocrx_word' id='word_1_508' title='bbox 1123 4257 1276 4315; x_wconf 84' lang='lat' dir='ltr'><strong>CAP.</strong></span> <span class='ocrx_word' id='word_1_509' title='bbox 1326 4256 1391 4313; x_wconf 91' lang='lat' dir='ltr'><strong>ll.</strong></span> 
     </span>
    </p>
   </div>
   <div class='ocr_carea' id='block_1_75' title="bbox 352 4348 2013 4419">
    <p class='ocr_par' dir='ltr' id='par_1_75' title="bbox 352 4348 2013 4419">
     <span class='ocr_line' id='line_1_75' title="bbox 352 4348 2013 4419; baseline -0.001 -14"><span class='ocrx_word' id='word_1_510' title='bbox 352 4382 355 4385; x_wconf 97' lang='lat'><strong><em>-</em></strong></span> <span class='ocrx_word' id='word_1_511' title='bbox 433 4350 501 4411; x_wconf 74' lang='grc' dir='ltr'>γ.</span> <span class='ocrx_word' id='word_1_512' title='bbox 534 4352 622 4409; x_wconf 73' lang='grc'><strong>49.</strong></span> <span class='ocrx_word' id='word_1_513' title='bbox 662 4350 788 4407; x_wconf 87' lang='lat' dir='ltr'><strong>Non</strong></span> <span class='ocrx_word' id='word_1_514' title='bbox 815 4351 1095 4416; x_wconf 82' lang='lat' dir='ltr'><strong>noveratis,</strong></span> <span class='ocrx_word' id='word_1_515' title='bbox 1125 4351 1250 4419; x_wconf 90' lang='lat' dir='ltr'><strong>quia</strong></span> <span class='ocrx_word' id='word_1_516' title='bbox 1288 4352 1343 4404; x_wconf 87' lang='lat' dir='ltr'><strong>in</strong></span> <span class='ocrx_word' id='word_1_517' title='bbox 1373 4351 1463 4416; x_wconf 89' lang='lat' dir='ltr'><strong>iis,</strong></span> <span class='ocrx_word' id='word_1_518' title='bbox 1506 4366 1623 4419; x_wconf 81' lang='lat' dir='ltr'><strong>qua:</strong></span> <span class='ocrx_word' id='word_1_519' title='bbox 1654 4348 1836 4404; x_wconf 88' lang='lat' dir='ltr'><strong>Patris</strong></span> <span class='ocrx_word' id='word_1_520' title='bbox 1863 4361 2013 4419; x_wconf 85' lang='lat' dir='ltr'><strong>sunt,</strong></span> 
     </span>
    </p>
   </div>
   <div class='ocr_carea' id='block_1_76' title="bbox 924 4421 1509 4493">
    <p class='ocr_par' dir='ltr' id='par_1_76' title="bbox 924 4421 1509 4493">
     <span class='ocr_line' id='line_1_76' title="bbox 924 4421 1509 4493; baseline -0.005 -16"><span class='ocrx_word' id='word_1_521' title='bbox 924 4422 1195 4493; x_wconf 80' lang='lat' dir='ltr'><strong>oportebat</strong></span> <span class='ocrx_word' id='word_1_522' title='bbox 1230 4438 1341 4475; x_wconf 87' lang='lat' dir='ltr'><strong>esse</strong></span> <span class='ocrx_word' id='word_1_523' title='bbox 1379 4437 1460 4473; x_wconf 89' lang='lat' dir='ltr'><strong>me</strong></span> <span class='ocrx_word' id='word_1_524' title='bbox 1483 4421 1509 4474; x_wconf 69' lang='lat'><strong>.9</strong></span> 
     </span>
    </p>
   </div>
   <div class='ocr_carea' id='block_1_77' title="bbox 507 4502 2089 4583">
    <p class='ocr_par' dir='ltr' id='par_1_77' title="bbox 507 4502 2089 4583">
     <span class='ocr_line' id='line_1_77' title="bbox 507 4502 2089 4583; baseline -0.004 -9"><span class='ocrx_word' id='word_1_525' title='bbox 507 4516 578 4574; x_wconf 90' lang='lat' dir='ltr'><strong>Ut</strong></span> <span class='ocrx_word' id='word_1_526' title='bbox 611 4519 678 4573; x_wconf 86' lang='lat' dir='ltr'><strong>ad</strong></span> <span class='ocrx_word' id='word_1_527' title='bbox 704 4519 929 4574; x_wconf 80' lang='lat' dir='ltr'><strong>verbum</strong></span> <span class='ocrx_word' id='word_1_528' title='bbox 956 4532 1232 4572; x_wconf 87' lang='lat' dir='ltr'><strong>armemur</strong></span> <span class='ocrx_word' id='word_1_529' title='bbox 1250 4515 1513 4569; x_wconf 88' lang='lat' dir='ltr'><strong>adversus</strong></span> <span class='ocrx_word' id='word_1_530' title='bbox 1535 4513 1732 4583; x_wconf 87' lang='lat' dir='ltr'><strong>impias</strong></span> <span class='ocrx_word' id='word_1_531' title='bbox 1752 4514 2009 4580; x_wconf 68' lang='lat' dir='ltr'><strong>haereses,</strong></span> <span class='ocrx_word' id='word_1_532' title='bbox 2043 4502 2089 4561; x_wconf 84' lang='grc' dir='ltr'><strong>Ι)</strong></span> 
     </span>
    </p>
   </div>
   <div class='ocr_carea' id='block_1_78' title="bbox 2122 3248 3716 3326">
    <p class='ocr_par' dir='ltr' id='par_1_78' title="bbox 2122 3248 3716 3326">
     <span class='ocr_line' id='line_1_78' title="bbox 2122 3248 3716 3326; baseline 0.006 -25"><span class='ocrx_word' id='word_1_533' title='bbox 2122 3248 2512 3321; x_wconf 82' lang='grc' dir='ltr'>διεφθαρμένοι</span> <span class='ocrx_word' id='word_1_534' title='bbox 2555 3250 2709 3314; x_wconf 77' lang='grc' dir='ltr'>ὅντες</span> <span class='ocrx_word' id='word_1_535' title='bbox 2735 3249 2814 3322; x_wconf 83' lang='grc' dir='ltr'>τῷ</span> <span class='ocrx_word' id='word_1_536' title='bbox 2847 3251 3056 3324; x_wconf 82' lang='grc' dir='ltr'>φθόνῳ,</span> <span class='ocrx_word' id='word_1_537' title='bbox 3090 3252 3315 3324; x_wconf 79' lang='grc' dir='ltr'>ἔμελλον</span> <span class='ocrx_word' id='word_1_538' title='bbox 3344 3255 3611 3326; x_wconf 72' lang='grc' dir='ltr'>κρύπτειν</span> <span class='ocrx_word' id='word_1_539' title='bbox 3653 3258 3716 3311; x_wconf 81' lang='grc' dir='ltr'>τὸ</span> 
     </span>
    </p>
   </div>
   <div class='ocr_carea' id='block_1_79' title="bbox 2121 3339 3242 3417">
    <p class='ocr_par' dir='ltr' id='par_1_79' title="bbox 2121 3339 3242 3417">
     <span class='ocr_line' id='line_1_79' title="bbox 2121 3339 3242 3417; baseline 0.006 -24"><span class='ocrx_word' id='word_1_540' title='bbox 2121 3339 2221 3411; x_wconf 80' lang='grc' dir='ltr'><strong>τῆς</strong></span> <span class='ocrx_word' id='word_1_541' title='bbox 2252 3342 2347 3395; x_wconf 88' lang='grc' dir='ltr'><strong>τοῦ</strong></span> <span class='ocrx_word' id='word_1_542' title='bbox 2370 3342 2577 3413; x_wconf 85' lang='grc' dir='ltr'>κόσμου</span> <span class='ocrx_word' id='word_1_543' title='bbox 2612 3345 2889 3416; x_wconf 85' lang='grc' dir='ltr'>σωτηρίας</span> <span class='ocrx_word' id='word_1_544' title='bbox 2925 3346 3242 3417; x_wconf 81' lang='grc' dir='ltr'>μυστήριον.</span> 
     </span>
    </p>
   </div>
   <div class='ocr_carea' id='block_1_80' title="bbox 2194 3429 3714 3514">
    <p class='ocr_par' dir='ltr' id='par_1_80' title="bbox 2194 3429 3714 3514">
     <span class='ocr_line' id='line_1_80' title="bbox 2194 3429 3714 3514; baseline 0.007 -27"><span class='ocrx_word' id='word_1_545' title='bbox 2194 3432 2306 3503; x_wconf 80' lang='grc'><strong>(59)</strong></span> <span class='ocrx_word' id='word_1_546' title='bbox 2329 3434 2505 3498; x_wconf 85' lang='grc' dir='ltr'>Μόνος</span> <span class='ocrx_word' id='word_1_547' title='bbox 2537 3436 2646 3507; x_wconf 77' lang='grc' dir='ltr'><strong>γὰρ</strong></span> <span class='ocrx_word' id='word_1_548' title='bbox 2675 3429 2829 3500; x_wconf 73' lang='grc' dir='ltr'>οὗτος</span> <span class='ocrx_word' id='word_1_549' title='bbox 2849 3436 3080 3509; x_wconf 78' lang='grc' dir='ltr'>διήνοιξε</span> <span class='ocrx_word' id='word_1_550' title='bbox 3106 3441 3317 3511; x_wconf 83' lang='grc' dir='ltr'>μήτραν</span> <span class='ocrx_word' id='word_1_551' title='bbox 3344 3443 3410 3495; x_wconf 84' lang='grc' dir='ltr'><strong>ἐκ</strong></span> <span class='ocrx_word' id='word_1_552' title='bbox 3437 3442 3714 3514; x_wconf 89' lang='grc' dir='ltr'>παρθένου</span> 
     </span>
    </p>
   </div>
   <div class='ocr_carea' id='block_1_81' title="bbox 2120 3525 3713 3607">
    <p class='ocr_par' dir='ltr' id='par_1_81' title="bbox 2120 3525 3713 3607">
     <span class='ocr_line' id='line_1_81' title="bbox 2120 3525 3713 3607; baseline 0.006 -30"><span class='ocrx_word' id='word_1_553' title='bbox 2120 3525 2350 3596; x_wconf 88' lang='grc' dir='ltr'>τεχθείς.</span> <span class='ocrx_word' id='word_1_554' title='bbox 2384 3527 2547 3582; x_wconf 81' lang='grc' dir='ltr'>Οὐδὲν</span> <span class='ocrx_word' id='word_1_555' title='bbox 2586 3528 2695 3599; x_wconf 87' lang='grc' dir='ltr'>γὰρ</span> <span class='ocrx_word' id='word_1_556' title='bbox 2730 3529 2829 3599; x_wconf 85' lang='grc' dir='ltr'><strong>τῆς</strong></span> <span class='ocrx_word' id='word_1_557' title='bbox 2875 3530 3089 3601; x_wconf 88' lang='grc' dir='ltr'>μήτρας</span> <span class='ocrx_word' id='word_1_558' title='bbox 3122 3532 3338 3602; x_wconf 81' lang='grc' dir='ltr'>ἐκείνης</span> <span class='ocrx_word' id='word_1_559' title='bbox 3370 3533 3550 3605; x_wconf 76' lang='grc' dir='ltr'>ἥψατο</span> <span class='ocrx_word' id='word_1_560' title='bbox 3603 3536 3713 3607; x_wconf 88' lang='grc' dir='ltr'><strong>πρὸ</strong></span> 
     </span>
    </p>
   </div>
   <div class='ocr_carea' id='block_1_82' title="bbox 2120 3616 3715 3695">
    <p class='ocr_par' dir='ltr' id='par_1_82' title="bbox 2120 3616 3715 3695">
     <span class='ocr_line' id='line_1_82' title="bbox 2120 3616 3715 3695; baseline 0.008 -27"><span class='ocrx_word' id='word_1_561' title='bbox 2120 3616 2379 3687; x_wconf 83' lang='grc' dir='ltr'>Χριστοῦ.</span> <span class='ocrx_word' id='word_1_562' title='bbox 2409 3618 2595 3672; x_wconf 79' lang='grc' dir='ltr'>Πάντα</span> <span class='ocrx_word' id='word_1_563' title='bbox 2610 3619 2666 3673; x_wconf 86' lang='grc' dir='ltr'><strong>δέ</strong></span> <span class='ocrx_word' id='word_1_564' title='bbox 2686 3620 2754 3672; x_wconf 88' lang='grc' dir='ltr'><strong>τά</strong></span> <span class='ocrx_word' id='word_1_565' title='bbox 2785 3620 3139 3691; x_wconf 86' lang='grc' dir='ltr'>πρωτότοκα,</span> <span class='ocrx_word' id='word_1_566' title='bbox 3172 3624 3221 3675; x_wconf 84' lang='grc' dir='ltr'><strong>εί</strong></span> <span class='ocrx_word' id='word_1_567' title='bbox 3257 3625 3351 3677; x_wconf 79' lang='grc' dir='ltr'><strong>καὶ</strong></span> <span class='ocrx_word' id='word_1_568' title='bbox 3386 3626 3715 3695; x_wconf 80' lang='grc' dir='ltr'>πρωτότοκά</span> 
     </span>
    </p>
   </div>
   <div class='ocr_carea' id='block_1_83' title="bbox 2120 3709 3710 3790">
    <p class='ocr_par' dir='ltr' id='par_1_83' title="bbox 2120 3709 3710 3790">
     <span class='ocr_line' id='line_1_83' title="bbox 2120 3709 3710 3790; baseline 0.009 -30"><span class='ocrx_word' id='word_1_569' title='bbox 2120 3709 2286 3776; x_wconf 84' lang='grc' dir='ltr'>ἐστιν,</span> <span class='ocrx_word' id='word_1_570' title='bbox 2311 3710 2425 3765; x_wconf 82' lang='grc' dir='ltr'>ἀλλ’</span> <span class='ocrx_word' id='word_1_571' title='bbox 2449 3712 2511 3764; x_wconf 88' lang='grc' dir='ltr'><strong>ού</strong></span> <span class='ocrx_word' id='word_1_572' title='bbox 2548 3711 2906 3781; x_wconf 87' lang='grc' dir='ltr'>διανοίγουσιν</span> <span class='ocrx_word' id='word_1_573' title='bbox 2934 3714 3075 3767; x_wconf 85' lang='grc' dir='ltr'>αὐτὰ</span> <span class='ocrx_word' id='word_1_574' title='bbox 3104 3716 3295 3787; x_wconf 89' lang='grc' dir='ltr'>πρῶτα</span> <span class='ocrx_word' id='word_1_575' title='bbox 3323 3716 3420 3788; x_wconf 84' lang='grc' dir='ltr'><strong>τὴν</strong></span> <span class='ocrx_word' id='word_1_576' title='bbox 3454 3718 3677 3790; x_wconf 87' lang='grc' dir='ltr'>μήτραν</span> <span class='ocrx_word' id='word_1_577' title='bbox 3694 3759 3710 3785; x_wconf 93' lang='grc'><strong>,</strong></span> 
     </span>
    </p>
   </div>
   <div class='ocr_carea' id='block_1_84' title="bbox 2119 3798 3617 3874">
    <p class='ocr_par' dir='ltr' id='par_1_84' title="bbox 2119 3798 3617 3874">
     <span class='ocr_line' id='line_1_84' title="bbox 2119 3798 3617 3874; baseline 0.005 -19"><span class='ocrx_word' id='word_1_578' title='bbox 2119 3800 2234 3855; x_wconf 85' lang='grc' dir='ltr'>ἀλλ’</span> <span class='ocrx_word' id='word_1_579' title='bbox 2261 3804 2289 3855; x_wconf 81' lang='lat'><strong>6</strong></span> <span class='ocrx_word' id='word_1_580' title='bbox 2321 3803 2384 3855; x_wconf 87' lang='grc' dir='ltr'><strong>σύ</strong></span> <span class='ocrx_word' id='word_1_581' title='bbox 2392 3803 2465 3874; x_wconf 90' lang='grc' dir='ltr'><strong>μϐ</strong></span> <span class='ocrx_word' id='word_1_582' title='bbox 2473 3821 2569 3867; x_wconf 92' lang='grc' dir='ltr'>ιος.</span> <span class='ocrx_word' id='word_1_583' title='bbox 3614 3798 3617 3801; x_wconf 41' lang='grc'><em>’</em></span> 
     </span>
    </p>
   </div>
   <div class='ocr_carea' id='block_1_85' title="bbox 2193 3892 3713 3970">
    <p class='ocr_par' dir='ltr' id='par_1_85' title="bbox 2193 3892 3713 3970">
     <span class='ocr_line' id='line_1_85' title="bbox 2193 3892 3713 3970; baseline 0.006 -23"><span class='ocrx_word' id='word_1_584' title='bbox 2193 3892 2305 3964; x_wconf 85' lang='grc'><strong>(60)</strong></span> <span class='ocrx_word' id='word_1_585' title='bbox 2334 3896 2548 3966; x_wconf 86' lang='grc' dir='ltr'>Μήπως</span> <span class='ocrx_word' id='word_1_586' title='bbox 2570 3896 2959 3952; x_wconf 82' lang='grc' dir='ltr'>καταλέλοιπεν</span> <span class='ocrx_word' id='word_1_587' title='bbox 2982 3898 3201 3961; x_wconf 87' lang='grc' dir='ltr'>αύτούς.</span> <span class='ocrx_word' id='word_1_588' title='bbox 3221 3899 3579 3970; x_wconf 87' lang='grc' dir='ltr'>Ὀδυνώμενοι</span> <span class='ocrx_word' id='word_1_589' title='bbox 3614 3897 3713 3956; x_wconf 82' lang='grc' dir='ltr'><strong>οῦν</strong></span> 
     </span>
    </p>
   </div>
   <div class='ocr_carea' id='block_1_86' title="bbox 2119 3981 3719 4064">
    <p class='ocr_par' dir='ltr' id='par_1_86' title="bbox 2119 3981 3719 4064">
     <span class='ocr_line' id='line_1_86' title="bbox 2119 3981 3719 4064; baseline 0.004 -27"><span class='ocrx_word' id='word_1_590' title='bbox 2119 3981 2344 4055; x_wconf 77' lang='grc' dir='ltr'>ἐζήτουν</span> <span class='ocrx_word' id='word_1_591' title='bbox 2374 3986 2465 4040; x_wconf 81' lang='grc' dir='ltr'><strong>τὸν</strong></span> <span class='ocrx_word' id='word_1_592' title='bbox 2496 3987 2621 4041; x_wconf 81' lang='grc' dir='ltr'>Υίὸν</span> <span class='ocrx_word' id='word_1_593' title='bbox 2654 3988 2747 4042; x_wconf 89' lang='grc' dir='ltr'><strong>τοῦ</strong></span> <span class='ocrx_word' id='word_1_594' title='bbox 2782 3988 2918 4042; x_wconf 86' lang='grc' dir='ltr'>Θεοῦ</span> <span class='ocrx_word' id='word_1_595' title='bbox 2935 4030 2949 4054; x_wconf 92' lang='grc'><strong>,</strong></span> <span class='ocrx_word' id='word_1_596' title='bbox 2976 3991 3069 4044; x_wconf 73' lang='grc' dir='ltr'>καὶ</span> <span class='ocrx_word' id='word_1_597' title='bbox 3091 3988 3376 4060; x_wconf 45' lang='grc' dir='ltr'>ἐξῃτοῦντες</span> <span class='ocrx_word' id='word_1_598' title='bbox 3400 3992 3585 4056; x_wconf 81' lang='grc' dir='ltr'>αὑτὸν,</span> <span class='ocrx_word' id='word_1_599' title='bbox 3611 3994 3719 4064; x_wconf 85' lang='grc' dir='ltr'><strong>οὐχ</strong></span> 
     </span>
    </p>
   </div>
   <div class='ocr_carea' id='block_1_87' title="bbox 2118 4071 3713 4154">
    <p class='ocr_par' dir='ltr' id='par_1_87' title="bbox 2118 4071 3713 4154">
     <span class='ocr_line' id='line_1_87' title="bbox 2118 4071 3713 4154; baseline 0.006 -24"><span class='ocrx_word' id='word_1_600' title='bbox 2118 4071 2277 4149; x_wconf 74' lang='grc' dir='ltr'>εὗρον</span> <span class='ocrx_word' id='word_1_601' title='bbox 2320 4080 2377 4130; x_wconf 83' lang='grc' dir='ltr'><strong>ἐν</strong></span> <span class='ocrx_word' id='word_1_602' title='bbox 2404 4080 2859 4150; x_wconf 75' lang='grc' dir='ltr'>τοῖςισυγγενέσιν</span> <span class='ocrx_word' id='word_1_603' title='bbox 2878 4099 2892 4112; x_wconf 77' lang='grc'><strong><em>⁸</em></strong></span> <span class='ocrx_word' id='word_1_604' title='bbox 2934 4082 3073 4154; x_wconf 81' lang='grc' dir='ltr'>ὑπὲρ</span> <span class='ocrx_word' id='word_1_605' title='bbox 3102 4082 3211 4152; x_wconf 83' lang='grc' dir='ltr'>γὰρ</span> <span class='ocrx_word' id='word_1_606' title='bbox 3236 4082 3333 4154; x_wconf 79' lang='grc' dir='ltr'><strong>τὴν</strong></span> <span class='ocrx_word' id='word_1_607' title='bbox 3380 4084 3713 4153; x_wconf 88' lang='grc' dir='ltr'>συγγένειαν</span> 
     </span>
    </p>
   </div>
   <div class='ocr_carea' id='block_1_88' title="bbox 2118 4163 2414 4239">
    <p class='ocr_par' dir='ltr' id='par_1_88' title="bbox 2118 4163 2414 4239">
     <span class='ocr_line' id='line_1_88' title="bbox 2118 4163 2414 4239; baseline 0 -18"><span class='ocrx_word' id='word_1_608' title='bbox 2118 4168 2295 4222; x_wconf 83' lang='grc' dir='ltr'>αὐτῶν</span> <span class='ocrx_word' id='word_1_609' title='bbox 2326 4163 2414 4239; x_wconf 79' lang='grc' dir='ltr'><strong>ἧν.</strong></span> 
     </span>
    </p>
   </div>
   <div class='ocr_carea' id='block_1_89' title="bbox 2776 4262 3042 4317">
    <p class='ocr_par' dir='ltr' id='par_1_89' title="bbox 2776 4262 3042 4317">
     <span class='ocr_line' id='line_1_89' title="bbox 2776 4262 3042 4317; baseline 0.004 -1"><span class='ocrx_word' id='word_1_610' title='bbox 2776 4264 2934 4317; x_wconf 78' lang='grc' dir='ltr'><strong>ΚΕΦ.</strong></span> <span class='ocrx_word' id='word_1_611' title='bbox 2966 4262 3042 4317; x_wconf 82' lang='grc' dir='ltr'><strong>Β’.</strong></span> 
     </span>
    </p>
   </div>
   <div class='ocr_carea' id='block_1_90' title="bbox 2120 4354 3716 4430">
    <p class='ocr_par' dir='ltr' id='par_1_90' title="bbox 2120 4354 3716 4430">
     <span class='ocr_line' id='line_1_90' title="bbox 2120 4354 3716 4430; baseline -0.002 -18"><span class='ocrx_word' id='word_1_612' title='bbox 2120 4357 2234 4430; x_wconf 75' lang='grc'><strong>(61)</strong></span> <span class='ocrx_word' id='word_1_613' title='bbox 2266 4356 2414 4425; x_wconf 89' lang='grc' dir='ltr'>Στίχ.</span> <span class='ocrx_word' id='word_1_614' title='bbox 2450 4354 2924 4430; x_wconf 39' lang='grc' dir='ltr'>μθ’.οῠφέ-ᾗδειςε,</span> <span class='ocrx_word' id='word_1_615' title='bbox 2947 4354 3043 4430; x_wconf 25' lang='grc' dir='ltr'>’ὅτι</span> <span class='ocrx_word' id='word_1_616' title='bbox 3072 4355 3142 4407; x_wconf 77' lang='grc' dir='ltr'><strong>ἐν</strong></span> <span class='ocrx_word' id='word_1_617' title='bbox 3176 4354 3299 4421; x_wconf 85' lang='grc' dir='ltr'>τοῖς</span> <span class='ocrx_word' id='word_1_618' title='bbox 3332 4355 3439 4409; x_wconf 81' lang='grc' dir='ltr'><strong>τοῦ</strong></span> <span class='ocrx_word' id='word_1_619' title='bbox 3470 4359 3716 4426; x_wconf 78' lang='grc' dir='ltr'>Πατρός</span> 
     </span>
    </p>
   </div>
   <div class='ocr_carea' id='block_1_91' title="bbox 2653 4423 3097 4494">
    <p class='ocr_par' dir='ltr' id='par_1_91' title="bbox 2653 4423 3097 4494">
     <span class='ocr_line' id='line_1_91' title="bbox 2653 4423 3097 4494; baseline -0.002 -16"><span class='ocrx_word' id='word_1_620' title='bbox 2653 4425 2775 4478; x_wconf 82' lang='grc' dir='ltr'>ἔδει</span> <span class='ocrx_word' id='word_1_621' title='bbox 2801 4423 2957 4479; x_wconf 80' lang='grc' dir='ltr'>εἷναί</span> <span class='ocrx_word' id='word_1_622' title='bbox 2987 4443 3064 4494; x_wconf 83' lang='grc' dir='ltr'><strong>με</strong></span> <span class='ocrx_word' id='word_1_623' title='bbox 3079 4441 3097 4489; x_wconf 91' lang='grc'><strong><em>;</em></strong></span> 
     </span>
    </p>
   </div>
   <div class='ocr_carea' id='block_1_92' title="bbox 2200 4517 3715 4593">
    <p class='ocr_par' dir='ltr' id='par_1_92' title="bbox 2200 4517 3715 4593">
     <span class='ocr_line' id='line_1_92' title="bbox 2200 4517 3715 4593; baseline -0.001 -17"><span class='ocrx_word' id='word_1_624' title='bbox 2200 4524 2288 4586; x_wconf 76' lang='grc' dir='ltr'>Ὠς</span> <span class='ocrx_word' id='word_1_625' title='bbox 2315 4522 2450 4593; x_wconf 86' lang='grc' dir='ltr'>πρὸς</span> <span class='ocrx_word' id='word_1_626' title='bbox 2490 4520 2649 4592; x_wconf 77' lang='grc' dir='ltr'>ῥητὸν</span> <span class='ocrx_word' id='word_1_627' title='bbox 2680 4518 3031 4589; x_wconf 85' lang='grc' dir='ltr'>όπλισώμεθα</span> <span class='ocrx_word' id='word_1_628' title='bbox 3074 4517 3215 4571; x_wconf 86' lang='grc' dir='ltr'><strong>κατά</strong></span> <span class='ocrx_word' id='word_1_629' title='bbox 3254 4518 3365 4572; x_wconf 90' lang='grc' dir='ltr'><strong>τῶν</strong></span> <span class='ocrx_word' id='word_1_630' title='bbox 3405 4518 3586 4572; x_wconf 86' lang='grc' dir='ltr'>ἀθέων</span> <span class='ocrx_word' id='word_1_631' title='bbox 3623 4523 3715 4590; x_wconf 69' lang='lat' dir='ltr'><strong>gl-</strong></span> 
     </span>
    </p>
   </div>
   <div class='ocr_carea' id='block_1_93' title="bbox 436 4607 2048 4685">
    <p class='ocr_par' dir='ltr' id='par_1_93' title="bbox 436 4607 2010 4683">
     <span class='ocr_line' id='line_1_93' title="bbox 436 4607 2010 4683; baseline -0.003 -18"><span class='ocrx_word' id='word_1_632' title='bbox 436 4610 678 4666; x_wconf 74' lang='lat' dir='ltr'><strong>dici-ntes</strong></span> <span class='ocrx_word' id='word_1_633' title='bbox 736 4612 849 4683; x_wconf 75' lang='lat'><strong>(56)</strong></span> <span class='ocrx_word' id='word_1_634' title='bbox 887 4610 1101 4665; x_wconf 87' lang='lat' dir='ltr'><strong>Patrem</strong></span> <span class='ocrx_word' id='word_1_635' title='bbox 1139 4608 1265 4664; x_wconf 82' lang='lat' dir='ltr'><strong>Jesu</strong></span> <span class='ocrx_word' id='word_1_636' title='bbox 1291 4608 1501 4663; x_wconf 90' lang='lat' dir='ltr'><strong>Christi</strong></span> <span class='ocrx_word' id='word_1_637' title='bbox 1530 4622 1633 4661; x_wconf 86' lang='lat' dir='ltr'><strong>non</strong></span> <span class='ocrx_word' id='word_1_638' title='bbox 1666 4620 1788 4662; x_wconf 83' lang='lat' dir='ltr'><strong>esse</strong></span> <span class='ocrx_word' id='word_1_639' title='bbox 1811 4607 2010 4661; x_wconf 84' lang='lat' dir='ltr'><strong>mundi</strong></span> 
     </span>
    </p>
   </div>
   <div class='ocr_carea' id='block_1_94' title="bbox 2136 4607 3713 4685">
    <p class='ocr_par' dir='ltr' id='par_1_94' title="bbox 2136 4609 3713 4683">
     <span class='ocr_line' id='line_1_94' title="bbox 2136 4609 3713 4683; baseline -0.001 -17"><span class='ocrx_word' id='word_1_640' title='bbox 2136 4614 2342 4678; x_wconf 79' lang='grc' dir='ltr'>&gt;έσεων,</span> <span class='ocrx_word' id='word_1_641' title='bbox 2384 4611 2679 4680; x_wconf 87' lang='grc' dir='ltr'>λεγουσῶν,</span> <span class='ocrx_word' id='word_1_642' title='bbox 2712 4612 2794 4665; x_wconf 77' lang='grc' dir='ltr'>ὅτι</span> <span class='ocrx_word' id='word_1_643' title='bbox 2821 4611 2918 4681; x_wconf 86' lang='grc' dir='ltr'><strong>ούχ</strong></span> <span class='ocrx_word' id='word_1_644' title='bbox 2946 4613 2973 4664; x_wconf 98' lang='lat'><strong>6</strong></span> <span class='ocrx_word' id='word_1_645' title='bbox 3000 4609 3331 4681; x_wconf 80' lang='grc' dir='ltr'>δημιουργὸς</span> <span class='ocrx_word' id='word_1_646' title='bbox 3362 4609 3554 4681; x_wconf 77' lang='grc' dir='ltr'>Πατὴρ</span> <span class='ocrx_word' id='word_1_647' title='bbox 3601 4613 3713 4683; x_wconf 84' lang='grc' dir='ltr'><strong>Ἰη-</strong></span> 
     </span>
    </p>
   </div>
   <div class='ocr_carea' id='block_1_95' title="bbox 431 4699 2048 4774">
    <p class='ocr_par' dir='ltr' id='par_1_95' title="bbox 431 4699 2007 4773">
     <span class='ocr_line' id='line_1_95' title="bbox 431 4699 2007 4773; baseline -0.004 -15"><span class='ocrx_word' id='word_1_648' title='bbox 431 4705 771 4758; x_wconf 89' lang='lat' dir='ltr'><strong>conditorem</strong></span> <span class='ocrx_word' id='word_1_649' title='bbox 794 4722 809 4769; x_wconf 87' lang='lat'><strong>;</strong></span> <span class='ocrx_word' id='word_1_650' title='bbox 844 4719 1017 4772; x_wconf 89' lang='lat' dir='ltr'><strong>neque</strong></span> <span class='ocrx_word' id='word_1_651' title='bbox 1044 4703 1210 4757; x_wconf 90' lang='lat' dir='ltr'><strong>Deum</strong></span> <span class='ocrx_word' id='word_1_652' title='bbox 1233 4702 1387 4773; x_wconf 87' lang='lat' dir='ltr'><strong>legis,</strong></span> <span class='ocrx_word' id='word_1_653' title='bbox 1424 4716 1599 4769; x_wconf 87' lang='lat' dir='ltr'><strong>neque</strong></span> <span class='ocrx_word' id='word_1_654' title='bbox 1625 4700 1791 4754; x_wconf 90' lang='lat' dir='ltr'><strong>Deum</strong></span> <span class='ocrx_word' id='word_1_655' title='bbox 1819 4699 2007 4768; x_wconf 89' lang='lat' dir='ltr'><strong>templi</strong></span> 
     </span>
    </p>
   </div>
   <div class='ocr_carea' id='block_1_96' title="bbox 2136 4699 3714 4774">
    <p class='ocr_par' dir='ltr' id='par_1_96' title="bbox 2136 4699 3714 4774">
     <span class='ocr_line' id='line_1_96' title="bbox 2136 4699 3714 4774; baseline -0.001 -18"><span class='ocrx_word' id='word_1_656' title='bbox 2136 4703 2211 4756; x_wconf 75' lang='grc' dir='ltr'><strong>τοῦ</strong></span> <span class='ocrx_word' id='word_1_657' title='bbox 2254 4702 2512 4774; x_wconf 86' lang='grc' dir='ltr'>Χριστοῦ,</span> <span class='ocrx_word' id='word_1_658' title='bbox 2542 4702 2661 4755; x_wconf 80' lang='grc' dir='ltr'>οὐδὲ</span> <span class='ocrx_word' id='word_1_659' title='bbox 2689 4704 2717 4754; x_wconf 91' lang='lat'><strong>6</strong></span> <span class='ocrx_word' id='word_1_660' title='bbox 2743 4700 2874 4763; x_wconf 83' lang='grc' dir='ltr'>Θεὸς</span> <span class='ocrx_word' id='word_1_661' title='bbox 2900 4699 2994 4752; x_wconf 90' lang='grc' dir='ltr'><strong>τοῦ</strong></span> <span class='ocrx_word' id='word_1_662' title='bbox 3026 4699 3212 4770; x_wconf 88' lang='grc' dir='ltr'>νόμου,</span> <span class='ocrx_word' id='word_1_663' title='bbox 3253 4700 3371 4752; x_wconf 75' lang='grc' dir='ltr'>οὐδὲ</span> <span class='ocrx_word' id='word_1_664' title='bbox 3398 4702 3426 4752; x_wconf 94' lang='lat'><strong>6</strong></span> <span class='ocrx_word' id='word_1_665' title='bbox 3445 4700 3581 4763; x_wconf 87' lang='grc' dir='ltr'>Θεὸς</span> <span class='ocrx_word' id='word_1_666' title='bbox 3612 4700 3714 4754; x_wconf 85' lang='grc' dir='ltr'><strong>τοῦ</strong></span> 
     </span>
    </p>
   </div>
   <div class='ocr_carea' id='block_1_97' title="bbox 431 4789 2048 4863">
    <p class='ocr_par' dir='ltr' id='par_1_97' title="bbox 431 4792 2005 4862">
     <span class='ocr_line' id='line_1_97' title="bbox 431 4792 2005 4862; baseline 0 -16"><span class='ocrx_word' id='word_1_667' title='bbox 431 4792 647 4848; x_wconf 83' lang='lat' dir='ltr'><strong>Patrem</strong></span> <span class='ocrx_word' id='word_1_668' title='bbox 705 4808 829 4848; x_wconf 81' lang='lat' dir='ltr'><strong>csse</strong></span> <span class='ocrx_word' id='word_1_669' title='bbox 865 4794 1087 4849; x_wconf 69' lang='lat' dir='ltr'><strong>Christi.</strong></span> <span class='ocrx_word' id='word_1_670' title='bbox 1138 4793 1288 4849; x_wconf 88' lang='lat' dir='ltr'><strong>Hanc</strong></span> <span class='ocrx_word' id='word_1_671' title='bbox 1336 4794 1481 4848; x_wconf 90' lang='lat' dir='ltr'><strong>enim</strong></span> <span class='ocrx_word' id='word_1_672' title='bbox 1517 4793 1633 4862; x_wconf 84' lang='lat' dir='ltr'><strong>ejus</strong></span> <span class='ocrx_word' id='word_1_673' title='bbox 1679 4807 1863 4847; x_wconf 87' lang='lat' dir='ltr'><strong>vocem</strong></span> <span class='ocrx_word' id='word_1_674' title='bbox 1912 4808 2005 4846; x_wconf 89' lang='lat' dir='ltr'><strong>au-</strong></span> 
     </span>
    </p>
   </div>
   <div class='ocr_carea' id='block_1_98' title="bbox 2136 4789 3716 4863">
    <p class='ocr_par' dir='ltr' id='par_1_98' title="bbox 2136 4789 3716 4863">
     <span class='ocr_line' id='line_1_98' title="bbox 2136 4789 3716 4863; baseline -0.004 -16"><span class='ocrx_word' id='word_1_675' title='bbox 2136 4793 2264 4859; x_wconf 71' lang='grc' dir='ltr'>ναοῦ,</span> <span class='ocrx_word' id='word_1_676' title='bbox 2292 4789 2446 4857; x_wconf 76' lang='grc' dir='ltr'>οὗτός</span> <span class='ocrx_word' id='word_1_677' title='bbox 2469 4796 2616 4846; x_wconf 87' lang='grc' dir='ltr'>ἐστιν</span> <span class='ocrx_word' id='word_1_678' title='bbox 2645 4796 2673 4846; x_wconf 89' lang='grc' dir='ltr'><strong>ό</strong></span> <span class='ocrx_word' id='word_1_679' title='bbox 2698 4791 2884 4863; x_wconf 83' lang='grc' dir='ltr'>Πατὴρ</span> <span class='ocrx_word' id='word_1_680' title='bbox 2908 4790 3001 4843; x_wconf 89' lang='grc' dir='ltr'><strong>τοῦ</strong></span> <span class='ocrx_word' id='word_1_681' title='bbox 3029 4789 3282 4861; x_wconf 85' lang='grc' dir='ltr'>Χριστοῦ.</span> <span class='ocrx_word' id='word_1_682' title='bbox 3316 4790 3429 4860; x_wconf 80' lang='grc' dir='ltr'>Τῆς</span> <span class='ocrx_word' id='word_1_683' title='bbox 3451 4789 3561 4861; x_wconf 83' lang='grc' dir='ltr'>γὰρ</span> <span class='ocrx_word' id='word_1_684' title='bbox 3596 4808 3716 4859; x_wconf 73' lang='grc' dir='ltr'><strong>φω-</strong></span> 
     </span>
    </p>
   </div>
   <div class='ocr_carea' id='block_1_99' title="bbox 430 4883 2048 4958">
    <p class='ocr_par' dir='ltr' id='par_1_99' title="bbox 430 4884 2007 4953">
     <span class='ocr_line' id='line_1_99' title="bbox 430 4884 2007 4953; baseline -0.003 -11"><span class='ocrx_word' id='word_1_685' title='bbox 430 4889 640 4942; x_wconf 87' lang='lat' dir='ltr'><strong>dientes</strong></span> <span class='ocrx_word' id='word_1_686' title='bbox 670 4886 1037 4940; x_wconf 77' lang='lat' dir='ltr'><strong>Valentiniani</strong></span> <span class='ocrx_word' id='word_1_687' title='bbox 1064 4888 1421 4952; x_wconf 83' lang='lat' dir='ltr'><strong>erubescant;</strong></span> <span class='ocrx_word' id='word_1_688' title='bbox 1460 4885 1536 4938; x_wconf 90' lang='lat' dir='ltr'><strong>ait</strong></span> <span class='ocrx_word' id='word_1_689' title='bbox 1559 4884 1758 4953; x_wconf 88' lang='lat' dir='ltr'><strong>quippe</strong></span> <span class='ocrx_word' id='word_1_690' title='bbox 1788 4903 1802 4938; x_wconf 88' lang='lat'><strong>:</strong></span> <span class='ocrx_word' id='word_1_691' title='bbox 1838 4884 1908 4937; x_wconf 82' lang='lat' dir='ltr'><strong>In</strong></span> <span class='ocrx_word' id='word_1_692' title='bbox 1941 4884 2007 4937; x_wconf 87' lang='lat' dir='ltr'><strong>iis</strong></span> 
     </span>
    </p>
   </div>
   <div class='ocr_carea' id='block_1_100' title="bbox 2136 4883 3714 4958">
    <p class='ocr_par' dir='ltr' id='par_1_100' title="bbox 2136 4883 3714 4958">
     <span class='ocr_line' id='line_1_100' title="bbox 2136 4883 3714 4958; baseline -0.003 -17"><span class='ocrx_word' id='word_1_693' title='bbox 2136 4888 2210 4958; x_wconf 60' lang='grc' dir='ltr'><strong>’ἧς</strong></span> <span class='ocrx_word' id='word_1_694' title='bbox 2248 4886 2412 4941; x_wconf 79' lang='grc' dir='ltr'>αὐτοῦ</span> <span class='ocrx_word' id='word_1_695' title='bbox 2446 4886 2735 4949; x_wconf 86' lang='grc' dir='ltr'>ἀκούοντες</span> <span class='ocrx_word' id='word_1_696' title='bbox 2776 4889 2823 4938; x_wconf 83' lang='grc' dir='ltr'>οἱ</span> <span class='ocrx_word' id='word_1_697' title='bbox 2859 4885 2966 4938; x_wconf 88' lang='grc' dir='ltr'><strong>ἀπὸ</strong></span> <span class='ocrx_word' id='word_1_698' title='bbox 2997 4884 3369 4947; x_wconf 76' lang='grc' dir='ltr'>Οὐαλεντίνου,</span> <span class='ocrx_word' id='word_1_699' title='bbox 3413 4883 3714 4937; x_wconf 75' lang='grc' dir='ltr'>αἰδείσθω-</span> 
     </span>
    </p>
   </div>
   <div class='ocr_carea' id='block_1_101' title="bbox 426 4970 2048 5048">
    <p class='ocr_par' dir='ltr' id='par_1_101' title="bbox 426 4976 2008 5048">
     <span class='ocr_line' id='line_1_101' title="bbox 426 4976 2008 5048; baseline -0.001 -17"><span class='ocrx_word' id='word_1_700' title='bbox 426 4996 544 5048; x_wconf 70' lang='lat' dir='ltr'><strong>qua</strong></span> <span class='ocrx_word' id='word_1_701' title='bbox 578 4979 756 5032; x_wconf 79' lang='lat' dir='ltr'><strong>Patris</strong></span> <span class='ocrx_word' id='word_1_702' title='bbox 784 4979 881 5032; x_wconf 89' lang='lat' dir='ltr'><strong>mei</strong></span> <span class='ocrx_word' id='word_1_703' title='bbox 912 4988 1035 5033; x_wconf 79' lang='lat' dir='ltr'><strong>sunt</strong></span> <span class='ocrx_word' id='word_1_704' title='bbox 1066 4989 1267 5047; x_wconf 88' lang='lat' dir='ltr'><strong>oportet</strong></span> <span class='ocrx_word' id='word_1_705' title='bbox 1306 4993 1388 5031; x_wconf 85' lang='lat' dir='ltr'><strong>me</strong></span> <span class='ocrx_word' id='word_1_706' title='bbox 1424 4992 1533 5031; x_wconf 89' lang='lat' dir='ltr'><strong>esse</strong></span> <span class='ocrx_word' id='word_1_707' title='bbox 1575 4992 1594 5031; x_wconf 90' lang='lat'><em>:</em></span> <span class='ocrx_word' id='word_1_708' title='bbox 1646 4977 1691 5031; x_wconf 97' lang='lat' dir='ltr'><strong>si</strong></span> <span class='ocrx_word' id='word_1_709' title='bbox 1726 4976 1883 5030; x_wconf 89' lang='lat' dir='ltr'><strong>modo</strong></span> <span class='ocrx_word' id='word_1_710' title='bbox 1909 4976 2008 5029; x_wconf 86' lang='lat' dir='ltr'><strong>ad-</strong></span> 
     </span>
    </p>
   </div>
   <div class='ocr_carea' id='block_1_102' title="bbox 2136 4970 3713 5048">
    <p class='ocr_par' dir='ltr' id='par_1_102' title="bbox 2136 4970 3713 5048">
     <span class='ocr_line' id='line_1_102' title="bbox 2136 4970 3713 5048; baseline -0.001 -17"><span class='ocrx_word' id='word_1_711' title='bbox 2136 4997 2233 5045; x_wconf 70' lang='grc' dir='ltr'>παν,</span> <span class='ocrx_word' id='word_1_712' title='bbox 2268 4981 2547 5048; x_wconf 89' lang='grc' dir='ltr'>λέγοντος·</span> <span class='ocrx_word' id='word_1_713' title='bbox 2589 4979 2686 5032; x_wconf 83' lang='grc' dir='ltr'>Ἐν</span> <span class='ocrx_word' id='word_1_714' title='bbox 2720 4977 2844 5045; x_wconf 87' lang='grc' dir='ltr'>τοῖς</span> <span class='ocrx_word' id='word_1_715' title='bbox 2882 4977 2989 5030; x_wconf 84' lang='grc' dir='ltr'><strong>τοῦ</strong></span> <span class='ocrx_word' id='word_1_716' title='bbox 3010 4977 3237 5044; x_wconf 80' lang='grc' dir='ltr'>Πατρός</span> <span class='ocrx_word' id='word_1_717' title='bbox 3264 4993 3383 5043; x_wconf 86' lang='grc' dir='ltr'><strong>μου</strong></span> <span class='ocrx_word' id='word_1_718' title='bbox 3423 4974 3519 5027; x_wconf 84' lang='grc' dir='ltr'><strong>δεῖ</strong></span> <span class='ocrx_word' id='word_1_719' title='bbox 3543 4970 3713 5029; x_wconf 74' lang='grc' dir='ltr'>εἶναι</span> 
     </span>
    </p>
   </div>
   <div class='ocr_carea' id='block_1_103' title="bbox 429 5063 2048 5146">
    <p class='ocr_par' dir='ltr' id='par_1_103' title="bbox 429 5067 2007 5138">
     <span class='ocr_line' id='line_1_103' title="bbox 429 5067 2007 5138; baseline -0.001 -15"><span class='ocrx_word' id='word_1_720' title='bbox 429 5071 673 5125; x_wconf 88' lang='lat' dir='ltr'><strong>mittunt.</strong></span> <span class='ocrx_word' id='word_1_721' title='bbox 704 5069 916 5138; x_wconf 87' lang='lat' dir='ltr'><strong>Ergone</strong></span> <span class='ocrx_word' id='word_1_722' title='bbox 966 5085 1136 5138; x_wconf 87' lang='lat' dir='ltr'><strong>usque</strong></span> <span class='ocrx_word' id='word_1_723' title='bbox 1178 5070 1316 5125; x_wconf 88' lang='lat' dir='ltr'><strong>adeo</strong></span> <span class='ocrx_word' id='word_1_724' title='bbox 1363 5078 1520 5123; x_wconf 91' lang='lat' dir='ltr'><strong>erant</strong></span> <span class='ocrx_word' id='word_1_725' title='bbox 1558 5067 1763 5132; x_wconf 89' lang='lat' dir='ltr'><strong>stolidi,</strong></span> <span class='ocrx_word' id='word_1_726' title='bbox 1809 5078 1867 5121; x_wconf 91' lang='lat' dir='ltr'><strong>ut</strong></span> <span class='ocrx_word' id='word_1_727' title='bbox 1900 5082 2007 5123; x_wconf 92' lang='lat' dir='ltr'><strong>non</strong></span> 
     </span>
    </p>
   </div>
   <div class='ocr_carea' id='block_1_104' title="bbox 2136 5063 3711 5146">
    <p class='ocr_par' dir='ltr' id='par_1_104' title="bbox 2136 5063 3711 5146">
     <span class='ocr_line' id='line_1_104' title="bbox 2136 5063 3711 5146; baseline -0.003 -21"><span class='ocrx_word' id='word_1_728' title='bbox 2136 5089 2204 5133; x_wconf 83' lang='grc' dir='ltr'><strong>ιε,</strong></span> <span class='ocrx_word' id='word_1_729' title='bbox 2242 5073 2291 5124; x_wconf 84' lang='grc' dir='ltr'><strong>εί</strong></span> <span class='ocrx_word' id='word_1_730' title='bbox 2336 5071 2648 5146; x_wconf 87' lang='grc' dir='ltr'>προσίενται</span> <span class='ocrx_word' id='word_1_731' title='bbox 2681 5070 2741 5123; x_wconf 87' lang='grc' dir='ltr'><strong>τὸ</strong></span> <span class='ocrx_word' id='word_1_732' title='bbox 2779 5070 2961 5142; x_wconf 75' lang='grc' dir='ltr'>ῥητόν.</span> <span class='ocrx_word' id='word_1_733' title='bbox 2998 5065 3141 5139; x_wconf 67' lang='grc' dir='ltr'>’Λρα</span> <span class='ocrx_word' id='word_1_734' title='bbox 3189 5067 3296 5138; x_wconf 90' lang='grc' dir='ltr'><strong>γάρ</strong></span> <span class='ocrx_word' id='word_1_735' title='bbox 3344 5066 3515 5130; x_wconf 77' lang='grc' dir='ltr'>οὕτως</span> <span class='ocrx_word' id='word_1_736' title='bbox 3556 5063 3711 5138; x_wconf 86' lang='grc' dir='ltr'>ἦσαν</span> 
     </span>
    </p>
   </div>
   <div class='ocr_carea' id='block_1_105' title="bbox 427 5161 2048 5237">
    <p class='ocr_par' dir='ltr' id='par_1_105' title="bbox 427 5162 1998 5233">
     <span class='ocr_line' id='line_1_105' title="bbox 427 5162 1998 5233; baseline 0 -18"><span class='ocrx_word' id='word_1_737' title='bbox 427 5162 797 5232; x_wconf 86' lang='lat' dir='ltr'><strong>intelligerent</strong></span> <span class='ocrx_word' id='word_1_738' title='bbox 837 5164 982 5232; x_wconf 83' lang='lat' dir='ltr'><strong>quod</strong></span> <span class='ocrx_word' id='word_1_739' title='bbox 1010 5164 1148 5219; x_wconf 80' lang='lat' dir='ltr'><strong>dixit</strong></span> <span class='ocrx_word' id='word_1_740' title='bbox 1178 5183 1192 5220; x_wconf 88' lang='lat'><strong>:</strong></span> <span class='ocrx_word' id='word_1_741' title='bbox 1227 5163 1376 5218; x_wconf 76' lang='lat' dir='ltr'><strong>Iisiis</strong></span> <span class='ocrx_word' id='word_1_742' title='bbox 1407 5180 1524 5230; x_wconf 70' lang='lat' dir='ltr'><strong>quae</strong></span> <span class='ocrx_word' id='word_1_743' title='bbox 1554 5162 1753 5227; x_wconf 76' lang='lat' dir='ltr'><strong>Patris,</strong></span> <span class='ocrx_word' id='word_1_744' title='bbox 1789 5178 1909 5233; x_wconf 91' lang='lat' dir='ltr'><strong>pro,</strong></span> <span class='ocrx_word' id='word_1_745' title='bbox 1940 5162 1998 5216; x_wconf 90' lang='lat' dir='ltr'><strong>ln</strong></span> 
     </span>
    </p>
   </div>
   <div class='ocr_carea' id='block_1_106' title="bbox 2136 5161 3713 5237">
    <p class='ocr_par' dir='ltr' id='par_1_106' title="bbox 2136 5161 3713 5237">
     <span class='ocr_line' id='line_1_106' title="bbox 2136 5161 3713 5237; baseline -0.002 -18"><span class='ocrx_word' id='word_1_746' title='bbox 2136 5168 2379 5231; x_wconf 76' lang='grc' dir='ltr'>ισύνετοι,</span> <span class='ocrx_word' id='word_1_747' title='bbox 2410 5166 2485 5230; x_wconf 82' lang='grc' dir='ltr'>ὡς</span> <span class='ocrx_word' id='word_1_748' title='bbox 2518 5166 2594 5237; x_wconf 83' lang='grc' dir='ltr'>μὴ</span> <span class='ocrx_word' id='word_1_749' title='bbox 2618 5166 2873 5229; x_wconf 88' lang='grc' dir='ltr'>συνιέναι,</span> <span class='ocrx_word' id='word_1_750' title='bbox 2909 5166 2938 5220; x_wconf 83' lang='lat'><strong>6</strong></span> <span class='ocrx_word' id='word_1_751' title='bbox 2958 5182 3011 5217; x_wconf 87' lang='grc' dir='ltr'><strong>τι</strong></span> <span class='ocrx_word' id='word_1_752' title='bbox 3046 5164 3229 5232; x_wconf 79' lang='grc' dir='ltr'>ἔλεγεν</span> <span class='ocrx_word' id='word_1_753' title='bbox 3252 5178 3264 5191; x_wconf 91' lang='grc'><strong>·</strong></span> <span class='ocrx_word' id='word_1_754' title='bbox 3310 5163 3404 5215; x_wconf 76' lang='grc' dir='ltr'>Ἐν</span> <span class='ocrx_word' id='word_1_755' title='bbox 3429 5161 3555 5227; x_wconf 83' lang='grc' dir='ltr'>τοῖς</span> <span class='ocrx_word' id='word_1_756' title='bbox 3597 5162 3713 5216; x_wconf 85' lang='grc' dir='ltr'><strong>τοῦ</strong></span> 
     </span>
    </p>
   </div>
   <div class='ocr_carea' id='block_1_107' title="bbox 428 5256 2048 5331">
    <p class='ocr_par' dir='ltr' id='par_1_107' title="bbox 428 5256 2005 5327">
     <span class='ocr_line' id='line_1_107' title="bbox 428 5256 2005 5327; baseline 0.001 -18"><span class='ocrx_word' id='word_1_757' title='bbox 428 5257 665 5325; x_wconf 86' lang='lat' dir='ltr'><strong>templo?</strong></span> <span class='ocrx_word' id='word_1_758' title='bbox 695 5258 801 5310; x_wconf 82' lang='lat' dir='ltr'><strong>Aut</strong></span> <span class='ocrx_word' id='word_1_759' title='bbox 832 5272 958 5310; x_wconf 89' lang='lat' dir='ltr'><strong>num</strong></span> <span class='ocrx_word' id='word_1_760' title='bbox 980 5257 1293 5327; x_wconf 74' lang='lat' dir='ltr'><strong>mysterium</strong></span> <span class='ocrx_word' id='word_1_761' title='bbox 1318 5257 1609 5326; x_wconf 87' lang='lat' dir='ltr'><strong>quodpiam</strong></span> <span class='ocrx_word' id='word_1_762' title='bbox 1649 5256 1930 5323; x_wconf 88' lang='lat' dir='ltr'><strong>innuitur;</strong></span> <span class='ocrx_word' id='word_1_763' title='bbox 1961 5256 2005 5311; x_wconf 89' lang='lat' dir='ltr'><strong>si</strong></span> 
     </span>
    </p>
   </div>
   <div class='ocr_carea' id='block_1_108' title="bbox 2136 5256 3713 5331">
    <p class='ocr_par' dir='ltr' id='par_1_108' title="bbox 2136 5256 3713 5331">
     <span class='ocr_line' id='line_1_108' title="bbox 2136 5256 3713 5331; baseline -0.002 -18"><span class='ocrx_word' id='word_1_764' title='bbox 2136 5260 2365 5329; x_wconf 71' lang='grc' dir='ltr'>Πατρός,</span> <span class='ocrx_word' id='word_1_765' title='bbox 2390 5261 2512 5315; x_wconf 78' lang='grc' dir='ltr'>ἀντὶ</span> <span class='ocrx_word' id='word_1_766' title='bbox 2544 5259 2638 5314; x_wconf 91' lang='grc' dir='ltr'><strong>τοῦ</strong></span> <span class='ocrx_word' id='word_1_767' title='bbox 2654 5278 2668 5291; x_wconf 88' lang='grc'><strong>·</strong></span> <span class='ocrx_word' id='word_1_768' title='bbox 2709 5262 2797 5315; x_wconf 85' lang='grc' dir='ltr'>Ἐν</span> <span class='ocrx_word' id='word_1_769' title='bbox 2816 5258 2893 5331; x_wconf 82' lang='grc' dir='ltr'>τῷ</span> <span class='ocrx_word' id='word_1_770' title='bbox 2915 5258 3027 5330; x_wconf 82' lang='grc' dir='ltr'>ναῷ</span> <span class='ocrx_word' id='word_1_771' title='bbox 3044 5301 3058 5327; x_wconf 91' lang='grc'><strong>,</strong></span> <span class='ocrx_word' id='word_1_772' title='bbox 3083 5260 3151 5311; x_wconf 85' lang='grc' dir='ltr'><strong>Ἦ</strong></span> <span class='ocrx_word' id='word_1_773' title='bbox 3176 5256 3385 5329; x_wconf 83' lang='grc' dir='ltr'>μήποτέ</span> <span class='ocrx_word' id='word_1_774' title='bbox 3412 5274 3464 5310; x_wconf 92' lang='grc' dir='ltr'><strong>τι</strong></span> <span class='ocrx_word' id='word_1_775' title='bbox 3488 5258 3713 5329; x_wconf 81' lang='grc' dir='ltr'>μυστή-</span> 
     </span>
    </p>
   </div>
   <div class='ocr_carea' id='block_1_109' title="bbox 496 5368 2048 5439">
    <p class='ocr_par' dir='ltr' id='par_1_109' title="bbox 496 5368 2033 5439">
     <span class='ocr_line' id='line_1_109' title="bbox 496 5368 2033 5439; baseline -0.001 -14"><span class='ocrx_word' id='word_1_776' title='bbox 496 5369 541 5403; x_wconf 73' lang='grc'><strong>³¹¹</strong></span> <span class='ocrx_word' id='word_1_777' title='bbox 574 5370 785 5427; x_wconf 83' lang='lat' dir='ltr'><strong>Coloss.</strong></span> <span class='ocrx_word' id='word_1_778' title='bbox 817 5387 856 5438; x_wconf 85' lang='grc' dir='ltr'><strong>ι,</strong></span> <span class='ocrx_word' id='word_1_779' title='bbox 885 5371 972 5426; x_wconf 73' lang='grc'><strong>20.</strong></span> <span class='ocrx_word' id='word_1_780' title='bbox 1072 5372 1116 5403; x_wconf 83' lang='grc'><strong>⁸⁸</strong></span> <span class='ocrx_word' id='word_1_781' title='bbox 1151 5370 1315 5426; x_wconf 84' lang='lat' dir='ltr'><strong>Ilebr.</strong></span> <span class='ocrx_word' id='word_1_782' title='bbox 1355 5387 1431 5439; x_wconf 76' lang='lat' dir='ltr'><strong>vr,</strong></span> <span class='ocrx_word' id='word_1_783' title='bbox 1463 5370 1551 5437; x_wconf 80' lang='grc'><strong>16,</strong></span> <span class='ocrx_word' id='word_1_784' title='bbox 1582 5370 1671 5427; x_wconf 83' lang='lat' dir='ltr'><strong>l7.</strong></span> <span class='ocrx_word' id='word_1_785' title='bbox 1750 5370 1794 5401; x_wconf 79' lang='lat'><strong>&quot;</strong></span> <span class='ocrx_word' id='word_1_786' title='bbox 1829 5368 1962 5424; x_wconf 88' lang='lat' dir='ltr'><strong>Luc.</strong></span> <span class='ocrx_word' id='word_1_787' title='bbox 1996 5384 2033 5437; x_wconf 90' lang='grc' dir='ltr'><strong>ι,</strong></span> 
     </span>
    </p>
   </div>
   <div class='ocr_carea' id='block_1_110' title="bbox 2136 5368 2631 5439">
    <p class='ocr_par' dir='ltr' id='par_1_110' title="bbox 2136 5368 2631 5438">
     <span class='ocr_line' id='line_1_110' title="bbox 2136 5368 2631 5438; baseline 0.016 -17"><span class='ocrx_word' id='word_1_788' title='bbox 2136 5400 2158 5421; x_wconf 73' lang='grc' dir='ltr'><strong>ι.</strong></span> <span class='ocrx_word' id='word_1_789' title='bbox 2238 5368 2283 5400; x_wconf 78' lang='grc'>⁸⁸</span> <span class='ocrx_word' id='word_1_790' title='bbox 2312 5369 2445 5426; x_wconf 92' lang='lat' dir='ltr'><strong>Luc.</strong></span> <span class='ocrx_word' id='word_1_791' title='bbox 2478 5386 2541 5438; x_wconf 76' lang='lat' dir='ltr'><strong>tt,</strong></span> <span class='ocrx_word' id='word_1_792' title='bbox 2576 5372 2631 5428; x_wconf 90' lang='lat'><strong>8.</strong></span> 
     </span>
    </p>
   </div>
   <div class='ocr_carea' id='block_1_111' title="bbox 499 5487 2048 5567">
    <p class='ocr_par' dir='ltr' id='par_1_111' title="bbox 499 5487 2010 5567">
     <span class='ocr_line' id='line_1_111' title="bbox 499 5487 2010 5567; baseline 0 -25"><span class='ocrx_word' id='word_1_793' title='bbox 499 5487 612 5567; x_wconf 60' lang='grc' dir='ltr'>(ξε)</span> <span class='ocrx_word' id='word_1_794' title='bbox 653 5488 788 5542; x_wconf 90' lang='lat' dir='ltr'><strong>Hinc</strong></span> <span class='ocrx_word' id='word_1_795' title='bbox 818 5487 1029 5567; x_wconf 75' lang='lat' dir='ltr'><strong>videtur</strong></span> <span class='ocrx_word' id='word_1_796' title='bbox 1077 5490 1327 5567; x_wconf 60' lang='lat' dir='ltr'><strong>hausisse</strong></span> <span class='ocrx_word' id='word_1_797' title='bbox 1375 5488 1603 5567; x_wconf 68' lang='lat' dir='ltr'><strong>Pltotius</strong></span> <span class='ocrx_word' id='word_1_798' title='bbox 1634 5488 1787 5567; x_wconf 77' lang='lat' dir='ltr'><strong>plura</strong></span> <span class='ocrx_word' id='word_1_799' title='bbox 1818 5487 2010 5556; x_wconf 87' lang='lat' dir='ltr'><strong>hujus-</strong></span> 
     </span>
    </p>
   </div>
   <div class='ocr_carea' id='block_1_112' title="bbox 2136 5487 3485 5567">
    <p class='ocr_par' dir='ltr' id='par_1_112' title="bbox 2192 5489 3485 5567">
     <span class='ocr_line' id='line_1_112' title="bbox 2192 5489 3485 5567; baseline 0 -24"><span class='ocrx_word' id='word_1_800' title='bbox 2345 5490 2615 5567; x_wconf 57' lang='lat' dir='ltr'><strong>:Avsrrty._</strong></span> <span class='ocrx_word' id='word_1_801' title='bbox 2994 5558 3006 5567; x_wconf 80' lang='lat'><strong>_</strong></span> <span class='ocrx_word' id='word_1_802' title='bbox 3059 5557 3079 5567; x_wconf 77' lang='lat'>_</span> <span class='ocrx_word' id='word_1_803' title='bbox 3180 5558 3193 5567; x_wconf 42' lang='lat'><em>.</em></span> <span class='ocrx_word' id='word_1_804' title='bbox 3362 5559 3376 5567; x_wconf 87' lang='lat'>_</span> <span class='ocrx_word' id='word_1_805' title='bbox 3458 5558 3485 5567; x_wconf 82' lang='lat'><strong>__</strong></span> 
     </span>
    </p>
   </div>
   <div class='ocr_carea' id='block_1_113' title="bbox 425 5557 3706 5630">
    <p class='ocr_par' dir='ltr' id='par_1_113' title="bbox 425 5557 3706 5630">
     <span class='ocr_line' id='line_1_113' title="bbox 425 5557 3706 5630; baseline -0.001 -14"><span class='ocrx_word' id='word_1_806' title='bbox 425 5557 913 5630; x_wconf 41' lang='lat' dir='ltr'><strong>madiy-rgumenta</strong></span> <span class='ocrx_word' id='word_1_807' title='bbox 940 5560 1205 5615; x_wconf 84' lang='lat' dir='ltr'><strong>adversus</strong></span> <span class='ocrx_word' id='word_1_808' title='bbox 1255 5557 1641 5623; x_wconf 83' lang='lat' dir='ltr'><strong>Paullicianos,</strong></span> <span class='ocrx_word' id='word_1_809' title='bbox 1668 5560 1784 5613; x_wconf 89' lang='lat' dir='ltr'><strong>sive</strong></span> <span class='ocrx_word' id='word_1_810' title='bbox 1842 5574 2011 5630; x_wconf 75' lang='lat' dir='ltr'><strong>novos</strong></span> <span class='ocrx_word' id='word_1_811' title='bbox 2190 5557 2305 5630; x_wconf 78' lang='lat' dir='ltr'><strong>(ne)</strong></span> <span class='ocrx_word' id='word_1_812' title='bbox 2337 5560 2558 5615; x_wconf 83' lang='lat' dir='ltr'><strong>Confer.</strong></span> <span class='ocrx_word' id='word_1_813' title='bbox 2603 5560 2750 5616; x_wconf 86' lang='lat' dir='ltr'><strong>hom.</strong></span> <span class='ocrx_word' id='word_1_814' title='bbox 2779 5575 2874 5615; x_wconf 75' lang='lat' dir='ltr'><strong>xu</strong></span> <span class='ocrx_word' id='word_1_815' title='bbox 2908 5567 2964 5615; x_wconf 90' lang='lat' dir='ltr'><strong>et</strong></span> <span class='ocrx_word' id='word_1_816' title='bbox 2994 5557 3136 5615; x_wconf 82' lang='lat' dir='ltr'><strong>infra</strong></span> <span class='ocrx_word' id='word_1_817' title='bbox 3177 5558 3232 5614; x_wconf 89' lang='lat' dir='ltr'><strong>in</strong></span> <span class='ocrx_word' id='word_1_818' title='bbox 3275 5559 3398 5615; x_wconf 87' lang='lat' dir='ltr'><strong>cod.</strong></span> <span class='ocrx_word' id='word_1_819' title='bbox 3454 5558 3588 5627; x_wconf 70' lang='lat'><strong>594,</strong></span> <span class='ocrx_word' id='word_1_820' title='bbox 3634 5559 3706 5614; x_wconf 83' lang='lat' dir='ltr'><strong>ad</strong></span> 
     </span>
    </p>
   </div>
   <div class='ocr_carea' id='block_1_114' title="bbox 424 5621 2048 5701">
    <p class='ocr_par' dir='ltr' id='par_1_114' title="bbox 424 5621 2013 5701">
     <span class='ocr_line' id='line_1_114' title="bbox 424 5621 2013 5701; baseline -0.001 -14"><span class='ocrx_word' id='word_1_821' title='bbox 424 5621 771 5701; x_wconf 44' lang='lat' dir='ltr'><strong>“altiallav‘ﬂs,</strong></span> <span class='ocrx_word' id='word_1_822' title='bbox 793 5645 951 5697; x_wconf 87' lang='lat' dir='ltr'><strong>quem</strong></span> <span class='ocrx_word' id='word_1_823' title='bbox 978 5631 1100 5688; x_wconf 89' lang='lat' dir='ltr'><strong>vide</strong></span> <span class='ocrx_word' id='word_1_824' title='bbox 1122 5632 1174 5686; x_wconf 90' lang='lat' dir='ltr'><strong>in</strong></span> <span class='ocrx_word' id='word_1_825' title='bbox 1190 5641 1334 5689; x_wconf 92' lang='lat' dir='ltr'><strong>tomo</strong></span> <span class='ocrx_word' id='word_1_826' title='bbox 1349 5621 1634 5701; x_wconf 84' lang='lat' dir='ltr'><strong>superiore</strong></span> <span class='ocrx_word' id='word_1_827' title='bbox 1654 5638 1855 5686; x_wconf 64' lang='lat' dir='ltr'><strong>nostra:</strong></span> <span class='ocrx_word' id='word_1_828' title='bbox 1874 5629 2013 5686; x_wconf 85' lang='lat' dir='ltr'><strong>Bibl.</strong></span> 
     </span>
    </p>
   </div>
   <div class='ocr_carea' id='block_1_115' title="bbox 2136 5621 2608 5701">
    <p class='ocr_par' dir='ltr' id='par_1_115' title="bbox 2136 5621 2608 5699">
     <span class='ocr_line' id='line_1_115' title="bbox 2136 5621 2608 5699; baseline 0 -13"><span class='ocrx_word' id='word_1_829' title='bbox 2136 5621 2247 5699; x_wconf 65' lang='lat' dir='ltr'><strong>cap.</strong></span> <span class='ocrx_word' id='word_1_830' title='bbox 2278 5621 2315 5696; x_wconf 86' lang='grc' dir='ltr'>ι’,</span> <span class='ocrx_word' id='word_1_831' title='bbox 2354 5646 2491 5684; x_wconf 79' lang='lat' dir='ltr'><strong>vers.</strong></span> <span class='ocrx_word' id='word_1_832' title='bbox 2520 5631 2608 5686; x_wconf 78' lang='lat'><strong>65.</strong></span> 
     </span>
    </p>
   </div>
   <div class='ocr_carea' id='block_1_116' title="bbox 498 5700 2048 5773">
    <p class='ocr_par' dir='ltr' id='par_1_116' title="bbox 498 5700 1425 5773">
     <span class='ocr_line' id='line_1_116' title="bbox 498 5700 1425 5773; baseline 0 -3"><span class='ocrx_word' id='word_1_833' title='bbox 498 5700 610 5773; x_wconf 69' lang='lat'><strong>(57)</strong></span> <span class='ocrx_word' id='word_1_834' title='bbox 647 5700 827 5773; x_wconf 74' lang='grc' dir='ltr'>,Ὧριγο</span> <span class='ocrx_word' id='word_1_835' title='bbox 1420 5700 1425 5701; x_wconf 25' lang='grc' dir='ltr'><strong>ί</strong></span> 
     </span>
    </p>
   </div>
   <div class='ocr_carea' id='block_1_117' title="bbox 2136 5700 2499 5773">
    <p class='ocr_par' dir='ltr' id='par_1_117' title="bbox 2177 5704 2499 5773">
     <span class='ocr_line' id='line_1_117' title="bbox 2177 5704 2499 5773; baseline 0.019 -25"><span class='ocrx_word' id='word_1_836' title='bbox 2177 5706 2283 5773; x_wconf 80' lang='lat' dir='ltr'><strong>(til)</strong></span> <span class='ocrx_word' id='word_1_837' title='bbox 2334 5704 2499 5773; x_wconf 83' lang='grc' dir='ltr'>Ὠριγ.</span> 
     </span>
    </p>
   </div>
   <div class='ocr_carea' id='block_1_118' title="bbox 490 5770 883 5841">
    <p class='ocr_par' dir='ltr' id='par_1_118' title="bbox 490 5770 883 5841">
     <span class='ocr_line' id='line_1_118' title="bbox 490 5770 883 5841; baseline 0 -16"><span class='ocrx_word' id='word_1_838' title='bbox 490 5772 601 5841; x_wconf 71' lang='grc'><strong>(58)</strong></span> <span class='ocrx_word' id='word_1_839' title='bbox 646 5770 883 5839; x_wconf 82' lang='grc' dir='ltr'>’Λνεπιγ.</span> 
     </span>
    </p>
   </div>
  </div>
