  <div class='ocr_page' id='page_1' title='image "/cluster/home/n/w/nwhite01/storage/ocr_20150623/17/nnc1.0046978615/172.png"; bbox 0 0 3888 6214; ppageno 0'>
   <div class='ocr_carea' id='block_1_1' title="bbox 192 321 291 377">
    <p class='ocr_par' dir='ltr' id='par_1_1' title="bbox 192 321 291 377">
     <span class='ocr_line' id='line_1_1' title="bbox 192 321 291 377; baseline 0 -39"><span class='ocrx_word' id='word_1_1' title='bbox 192 321 291 377; x_wconf 57' lang='lat'><strong>3,3</strong></span> 
     </span>
    </p>
   </div>
   <div class='ocr_carea' id='block_1_2' title="bbox 1455 322 2155 382">
    <p class='ocr_par' dir='ltr' id='par_1_2' title="bbox 1455 322 2155 382">
     <span class='ocr_line' id='line_1_2' title="bbox 1455 322 2155 382; baseline -0.001 -1"><span class='ocrx_word' id='word_1_2' title='bbox 1455 324 1751 382; x_wconf 81' lang='lat' dir='ltr'><strong>SCHOLIA</strong></span> <span class='ocrx_word' id='word_1_3' title='bbox 1786 322 1852 380; x_wconf 87' lang='lat' dir='ltr'><strong>IN</strong></span> <span class='ocrx_word' id='word_1_4' title='bbox 1893 322 2155 380; x_wconf 78' lang='lat' dir='ltr'><strong>LUCAM.</strong></span> 
     </span>
    </p>
   </div>
   <div class='ocr_carea' id='block_1_3' title="bbox 3338 333 3445 389">
    <p class='ocr_par' dir='ltr' id='par_1_3' title="bbox 3338 333 3445 389">
     <span class='ocr_line' id='line_1_3' title="bbox 3338 333 3445 389; baseline 0 0"><span class='ocrx_word' id='word_1_5' title='bbox 3338 333 3445 389; x_wconf 73' lang='lat'><strong><em>5‘26</em></strong></span> 
     </span>
    </p>
   </div>
   <div class='ocr_carea' id='block_1_4' title="bbox 194 436 1769 517">
    <p class='ocr_par' dir='ltr' id='par_1_4' title="bbox 194 436 1769 512">
     <span class='ocr_line' id='line_1_4' title="bbox 194 436 1769 512; baseline 0 -20"><span class='ocrx_word' id='word_1_6' title='bbox 194 456 301 512; x_wconf 89' lang='grc' dir='ltr'>ριον</span> <span class='ocrx_word' id='word_1_7' title='bbox 329 436 657 491; x_wconf 74' lang='grc' dir='ltr'>αἰνίττεται·</span> <span class='ocrx_word' id='word_1_8' title='bbox 691 437 761 492; x_wconf 76' lang='grc' dir='ltr'><strong>Εἴ</strong></span> <span class='ocrx_word' id='word_1_9' title='bbox 794 455 878 503; x_wconf 72' lang='grc' dir='ltr'><strong>τις</strong></span> <span class='ocrx_word' id='word_1_10' title='bbox 915 438 1068 510; x_wconf 81' lang='grc' dir='ltr'>ὑμῶν</span> <span class='ocrx_word' id='word_1_11' title='bbox 1098 438 1193 494; x_wconf 88' lang='grc' dir='ltr'><strong>τοῦ</strong></span> <span class='ocrx_word' id='word_1_12' title='bbox 1216 440 1426 512; x_wconf 87' lang='grc' dir='ltr'><strong>Πατρός</strong></span> <span class='ocrx_word' id='word_1_13' title='bbox 1452 442 1620 505; x_wconf 74' lang='grc' dir='ltr'>ἐστιν,</span> <span class='ocrx_word' id='word_1_14' title='bbox 1658 440 1769 511; x_wconf 76' lang='grc' dir='ltr'>ἔχει</span> 
     </span>
    </p>
   </div>
   <div class='ocr_carea' id='block_1_5' title="bbox 1875 436 3444 517">
    <p class='ocr_par' dir='ltr' id='par_1_5' title="bbox 1875 436 3444 517">
     <span class='ocr_line' id='line_1_5' title="bbox 1875 436 3444 517; baseline 0.006 -23"><span class='ocrx_word' id='word_1_15' title='bbox 1875 441 1994 509; x_wconf 82' lang='lat' dir='ltr'><strong>quis</strong></span> <span class='ocrx_word' id='word_1_16' title='bbox 2025 448 2267 497; x_wconf 87' lang='lat' dir='ltr'><strong>vestrum</strong></span> <span class='ocrx_word' id='word_1_17' title='bbox 2294 436 2473 494; x_wconf 87' lang='lat' dir='ltr'><strong>Patris</strong></span> <span class='ocrx_word' id='word_1_18' title='bbox 2500 448 2607 506; x_wconf 86' lang='lat' dir='ltr'><strong>est,</strong></span> <span class='ocrx_word' id='word_1_19' title='bbox 2631 441 2797 497; x_wconf 88' lang='lat' dir='ltr'><strong>habet</strong></span> <span class='ocrx_word' id='word_1_20' title='bbox 2825 440 3099 500; x_wconf 80' lang='lat' dir='ltr'><strong>Christum</strong></span> <span class='ocrx_word' id='word_1_21' title='bbox 3132 444 3185 500; x_wconf 91' lang='lat' dir='ltr'><strong>in</strong></span> <span class='ocrx_word' id='word_1_22' title='bbox 3223 447 3444 517; x_wconf 84' lang='lat' dir='ltr'><strong>seipso?</strong></span> 
     </span>
    </p>
   </div>
   <div class='ocr_carea' id='block_1_6' title="bbox 188 530 1765 603">
    <p class='ocr_par' dir='ltr' id='par_1_6' title="bbox 188 530 1765 603">
     <span class='ocr_line' id='line_1_6' title="bbox 188 530 1765 603; baseline -0.001 -19"><span class='ocrx_word' id='word_1_23' title='bbox 188 530 277 584; x_wconf 77' lang='grc' dir='ltr'>τὸν</span> <span class='ocrx_word' id='word_1_24' title='bbox 302 531 533 601; x_wconf 80' lang='grc' dir='ltr'>Χριστὸν</span> <span class='ocrx_word' id='word_1_25' title='bbox 563 530 620 582; x_wconf 85' lang='grc' dir='ltr'>ὲν</span> <span class='ocrx_word' id='word_1_26' title='bbox 649 530 860 601; x_wconf 83' lang='grc' dir='ltr'>ὲαυτῷ;</span> <span class='ocrx_word' id='word_1_27' title='bbox 893 531 1108 585; x_wconf 81' lang='grc' dir='ltr'>Μᾶλλον</span> <span class='ocrx_word' id='word_1_28' title='bbox 1134 532 1242 602; x_wconf 83' lang='grc' dir='ltr'><strong>γὰρ</strong></span> <span class='ocrx_word' id='word_1_29' title='bbox 1261 530 1354 584; x_wconf 86' lang='grc' dir='ltr'><strong>τοῦ</strong></span> <span class='ocrx_word' id='word_1_30' title='bbox 1388 531 1598 602; x_wconf 85' lang='grc' dir='ltr'>Πατρὸς</span> <span class='ocrx_word' id='word_1_31' title='bbox 1625 532 1765 603; x_wconf 88' lang='grc' dir='ltr'>ὀρῶν</span> 
     </span>
    </p>
   </div>
   <div class='ocr_carea' id='block_1_7' title="bbox 190 610 1767 694">
    <p class='ocr_par' dir='ltr' id='par_1_7' title="bbox 190 610 1767 694">
     <span class='ocr_line' id='line_1_7' title="bbox 190 610 1767 694; baseline -0.001 -19"><span class='ocrx_word' id='word_1_32' title='bbox 190 621 424 692; x_wconf 72' lang='grc' dir='ltr'>ἔμψυχόν</span> <span class='ocrx_word' id='word_1_33' title='bbox 464 622 609 687; x_wconf 82' lang='grc' dir='ltr'>ναὸν,</span> <span class='ocrx_word' id='word_1_34' title='bbox 646 621 739 674; x_wconf 88' lang='grc' dir='ltr'><strong>τὸν</strong></span> <span class='ocrx_word' id='word_1_35' title='bbox 777 622 941 676; x_wconf 84' lang='grc' dir='ltr'>καλόν</span> <span class='ocrx_word' id='word_1_36' title='bbox 974 639 1035 675; x_wconf 89' lang='grc' dir='ltr'><strong>τε</strong></span> <span class='ocrx_word' id='word_1_37' title='bbox 1068 622 1163 675; x_wconf 73' lang='grc' dir='ltr'><strong>καὶ</strong></span> <span class='ocrx_word' id='word_1_38' title='bbox 1194 623 1417 691; x_wconf 86' lang='grc' dir='ltr'>ἀγαθὸν,</span> <span class='ocrx_word' id='word_1_39' title='bbox 1452 622 1605 694; x_wconf 84' lang='grc' dir='ltr'>ἢτὸν</span> <span class='ocrx_word' id='word_1_40' title='bbox 1642 610 1767 676; x_wconf 78' lang='grc' dir='ltr'>ναὸν</span> 
     </span>
    </p>
   </div>
   <div class='ocr_carea' id='block_1_8' title="bbox 191 714 1767 785">
    <p class='ocr_par' dir='ltr' id='par_1_8' title="bbox 191 714 1767 785">
     <span class='ocr_line' id='line_1_8' title="bbox 191 714 1767 785; baseline 0 -17"><span class='ocrx_word' id='word_1_41' title='bbox 191 718 405 768; x_wconf 67' lang='grc' dir='ltr'>ἐκεῖνον*</span> <span class='ocrx_word' id='word_1_42' title='bbox 442 714 631 784; x_wconf 78' lang='grc' dir='ltr'>ἐξῆλθε</span> <span class='ocrx_word' id='word_1_43' title='bbox 657 714 765 785; x_wconf 77' lang='grc' dir='ltr'><strong>γὰρ</strong></span> <span class='ocrx_word' id='word_1_44' title='bbox 787 716 895 768; x_wconf 86' lang='grc' dir='ltr'>ἀπὸ</span> <span class='ocrx_word' id='word_1_45' title='bbox 923 715 1016 769; x_wconf 91' lang='grc' dir='ltr'><strong>τοῦ</strong></span> <span class='ocrx_word' id='word_1_46' title='bbox 1041 714 1169 769; x_wconf 90' lang='grc' dir='ltr'>ναοῦ</span> <span class='ocrx_word' id='word_1_47' title='bbox 1194 716 1400 769; x_wconf 73' lang='grc' dir='ltr'>ἐκείνου</span> <span class='ocrx_word' id='word_1_48' title='bbox 1433 714 1621 769; x_wconf 83' lang='grc' dir='ltr'>εἰπών·</span> <span class='ocrx_word' id='word_1_49' title='bbox 1655 715 1767 785; x_wconf 67' lang='lat'><strong>(69)</strong></span> 
     </span>
    </p>
   </div>
   <div class='ocr_carea' id='block_1_9' title="bbox 202 805 1767 880">
    <p class='ocr_par' dir='ltr' id='par_1_9' title="bbox 202 805 1767 880">
     <span class='ocr_line' id='line_1_9' title="bbox 202 805 1767 880; baseline 0 -18"><span class='ocrx_word' id='word_1_50' title='bbox 202 809 445 877; x_wconf 60' lang='grc' dir='ltr'>Ἀφίεται</span> <span class='ocrx_word' id='word_1_51' title='bbox 468 807 612 875; x_wconf 79' lang='grc' dir='ltr'>ὑμῖν</span> <span class='ocrx_word' id='word_1_52' title='bbox 645 812 677 862; x_wconf 81' lang='grc' dir='ltr'><em>ὁ</em></span> <span class='ocrx_word' id='word_1_53' title='bbox 715 805 882 874; x_wconf 79' lang='grc' dir='ltr'>οἶκος</span> <span class='ocrx_word' id='word_1_54' title='bbox 902 808 1090 877; x_wconf 74' lang='grc' dir='ltr'>ὑμῶν,</span> <span class='ocrx_word' id='word_1_55' title='bbox 1144 809 1239 862; x_wconf 70' lang='grc' dir='ltr'>καὶ</span> <span class='ocrx_word' id='word_1_56' title='bbox 1280 809 1522 880; x_wconf 80' lang='grc' dir='ltr'>ἀπῆλθεν</span> <span class='ocrx_word' id='word_1_57' title='bbox 1554 809 1646 861; x_wconf 77' lang='grc' dir='ltr'>ἐπὶ</span> <span class='ocrx_word' id='word_1_58' title='bbox 1676 808 1767 862; x_wconf 88' lang='grc' dir='ltr'><strong>τὸν</strong></span> 
     </span>
    </p>
   </div>
   <div class='ocr_carea' id='block_1_10' title="bbox 188 900 1623 973">
    <p class='ocr_par' dir='ltr' id='par_1_10' title="bbox 188 900 1623 973">
     <span class='ocr_line' id='line_1_10' title="bbox 188 900 1623 973; baseline 0.001 -21"><span class='ocrx_word' id='word_1_59' title='bbox 188 902 308 953; x_wconf 79' lang='grc' dir='ltr'>ναὸν</span> <span class='ocrx_word' id='word_1_60' title='bbox 330 900 426 955; x_wconf 85' lang='grc' dir='ltr'><strong>τοῦ</strong></span> <span class='ocrx_word' id='word_1_61' title='bbox 457 901 690 973; x_wconf 81' lang='grc' dir='ltr'>Πατρδς,</span> <span class='ocrx_word' id='word_1_62' title='bbox 715 901 814 965; x_wconf 73' lang='grc' dir='ltr'>τὰς</span> <span class='ocrx_word' id='word_1_63' title='bbox 843 901 1166 972; x_wconf 86' lang='grc' dir='ltr'>Ἐκκλησίας</span> <span class='ocrx_word' id='word_1_64' title='bbox 1197 901 1294 966; x_wconf 87' lang='grc' dir='ltr'>τὰς</span> <span class='ocrx_word' id='word_1_65' title='bbox 1331 901 1623 973; x_wconf 89' lang='grc' dir='ltr'>πανταχοῦ.</span> 
     </span>
    </p>
   </div>
   <div class='ocr_carea' id='block_1_11' title="bbox 189 988 1767 1077">
    <p class='ocr_par' dir='ltr' id='par_1_11' title="bbox 189 988 1767 1077">
     <span class='ocr_line' id='line_1_11' title="bbox 189 988 1767 1077; baseline 0.001 -34"><span class='ocrx_word' id='word_1_66' title='bbox 189 992 471 1061; x_wconf 75' lang='grc' dir='ltr'>Στίχ.’να’.</span> <span class='ocrx_word' id='word_1_67' title='bbox 514 992 623 1045; x_wconf 74' lang='grc' dir='ltr'><strong>Καὶ</strong></span> <span class='ocrx_word' id='word_1_68' title='bbox 651 988 730 1062; x_wconf 74' lang='grc' dir='ltr'><strong>ἦν</strong></span> <span class='ocrx_word' id='word_1_69' title='bbox 765 992 1267 1077; x_wconf 50' lang='grc' dir='ltr'>ὑποτασσόμενος</span> <span class='ocrx_word' id='word_1_70' title='bbox 1312 991 1531 1056; x_wconf 83' lang='grc' dir='ltr'>αὐτοῖς,</span> <span class='ocrx_word' id='word_1_71' title='bbox 1571 992 1665 1044; x_wconf 77' lang='grc' dir='ltr'>καὶ</span> <span class='ocrx_word' id='word_1_72' title='bbox 1697 991 1767 1045; x_wconf 83' lang='grc' dir='ltr'>τὰ</span> 
     </span>
    </p>
   </div>
   <div class='ocr_carea' id='block_1_12' title="bbox 877 1078 1059 1116">
    <p class='ocr_par' dir='ltr' id='par_1_12' title="bbox 877 1078 1059 1116">
     <span class='ocr_line' id='line_1_12' title="bbox 877 1078 1059 1116; baseline 0.011 -2"><span class='ocrx_word' id='word_1_73' title='bbox 877 1078 1059 1116; x_wconf 78' lang='grc' dir='ltr'>Αοιπα.</span> 
     </span>
    </p>
   </div>
   <div class='ocr_carea' id='block_1_13' title="bbox 261 1151 1766 1227">
    <p class='ocr_par' dir='ltr' id='par_1_13' title="bbox 261 1151 1766 1227">
     <span class='ocr_line' id='line_1_13' title="bbox 261 1151 1766 1227; baseline -0.003 -19"><span class='ocrx_word' id='word_1_74' title='bbox 261 1154 520 1227; x_wconf 74' lang='grc' dir='ltr'><strong>(65)Ἐπ“ι</strong></span> <span class='ocrx_word' id='word_1_75' title='bbox 553 1152 651 1223; x_wconf 86' lang='grc' dir='ltr'><strong>μὲν</strong></span> <span class='ocrx_word' id='word_1_76' title='bbox 675 1151 754 1222; x_wconf 85' lang='grc' dir='ltr'>τῷ</span> <span class='ocrx_word' id='word_1_77' title='bbox 790 1152 941 1224; x_wconf 85' lang='grc' dir='ltr'>παρὰ</span> <span class='ocrx_word' id='word_1_78' title='bbox 982 1152 1254 1217; x_wconf 82' lang='grc' dir='ltr'>Ἰουδαίοις</span> <span class='ocrx_word' id='word_1_79' title='bbox 1286 1152 1466 1223; x_wconf 87' lang='grc' dir='ltr'>μόνοις</span> <span class='ocrx_word' id='word_1_80' title='bbox 1500 1169 1766 1224; x_wconf 86' lang='grc' dir='ltr'>κηρυσσο-</span> 
     </span>
    </p>
   </div>
   <div class='ocr_carea' id='block_1_14' title="bbox 191 1244 1763 1317">
    <p class='ocr_par' dir='ltr' id='par_1_14' title="bbox 191 1244 1763 1317">
     <span class='ocr_line' id='line_1_14' title="bbox 191 1244 1763 1317; baseline -0.001 -19"><span class='ocrx_word' id='word_1_81' title='bbox 191 1246 333 1317; x_wconf 83' lang='grc' dir='ltr'><strong>μένῳ</strong></span> <span class='ocrx_word' id='word_1_82' title='bbox 377 1244 699 1316; x_wconf 69' lang='grc' dir='ltr'>προφητικῷ</span> <span class='ocrx_word' id='word_1_83' title='bbox 730 1244 1102 1316; x_wconf 75' lang='grc' dir='ltr'>ἀναγράφεται</span> <span class='ocrx_word' id='word_1_84' title='bbox 1135 1244 1409 1315; x_wconf 81' lang='grc' dir='ltr'>βασιλείας</span> <span class='ocrx_word' id='word_1_85' title='bbox 1434 1245 1592 1315; x_wconf 82' lang='grc' dir='ltr'>μόνον</span> <span class='ocrx_word' id='word_1_86' title='bbox 1632 1245 1763 1299; x_wconf 92' lang='grc' dir='ltr'>Ἰου-</span> 
     </span>
    </p>
   </div>
   <div class='ocr_carea' id='block_1_15' title="bbox 187 1331 1765 1406">
    <p class='ocr_par' dir='ltr' id='par_1_15' title="bbox 187 1331 1765 1406">
     <span class='ocr_line' id='line_1_15' title="bbox 187 1331 1765 1406; baseline -0.001 -17"><span class='ocrx_word' id='word_1_87' title='bbox 187 1336 343 1389; x_wconf 84' lang='grc' dir='ltr'>δαίων</span> <span class='ocrx_word' id='word_1_88' title='bbox 363 1354 376 1365; x_wconf 90' lang='grc'><strong>·</strong></span> <span class='ocrx_word' id='word_1_89' title='bbox 407 1338 655 1403; x_wconf 66' lang='lat' dir='ltr'><strong>&quot;Opaca;</strong></span> <span class='ocrx_word' id='word_1_90' title='bbox 689 1334 820 1405; x_wconf 84' lang='grc' dir='ltr'>γὰρ,</span> <span class='ocrx_word' id='word_1_91' title='bbox 854 1336 1040 1406; x_wconf 80' lang='grc' dir='ltr'>φησὶν,</span> <span class='ocrx_word' id='word_1_92' title='bbox 1070 1334 1150 1403; x_wconf 79' lang='grc' dir='ltr'><strong>ἢν</strong></span> <span class='ocrx_word' id='word_1_93' title='bbox 1173 1331 1332 1388; x_wconf 79' lang='grc' dir='ltr'>εἶδεν</span> <span class='ocrx_word' id='word_1_94' title='bbox 1367 1335 1624 1401; x_wconf 79' lang='grc' dir='ltr'>Ἡσαΐας</span> <span class='ocrx_word' id='word_1_95' title='bbox 1664 1353 1765 1388; x_wconf 79' lang='grc' dir='ltr'><strong>κα·-</strong></span> 
     </span>
    </p>
   </div>
   <div class='ocr_carea' id='block_1_16' title="bbox 188 1424 1767 1495">
    <p class='ocr_par' dir='ltr' id='par_1_16' title="bbox 188 1424 1767 1495">
     <span class='ocr_line' id='line_1_16' title="bbox 188 1424 1767 1495; baseline 0 -16"><span class='ocrx_word' id='word_1_96' title='bbox 188 1429 256 1481; x_wconf 82' lang='grc' dir='ltr'>τὰ</span> <span class='ocrx_word' id='word_1_97' title='bbox 286 1426 395 1495; x_wconf 84' lang='grc' dir='ltr'>τῆς</span> <span class='ocrx_word' id='word_1_98' title='bbox 436 1426 751 1491; x_wconf 82' lang='grc' dir='ltr'><strong>Ἰουδαίας,</strong></span> <span class='ocrx_word' id='word_1_99' title='bbox 796 1426 895 1479; x_wconf 79' lang='grc' dir='ltr'><strong>καὶ</strong></span> <span class='ocrx_word' id='word_1_100' title='bbox 938 1426 1088 1479; x_wconf 83' lang='grc' dir='ltr'>κατὰ</span> <span class='ocrx_word' id='word_1_101' title='bbox 1128 1424 1239 1494; x_wconf 81' lang='grc' dir='ltr'>τῆς</span> <span class='ocrx_word' id='word_1_102' title='bbox 1275 1427 1660 1495; x_wconf 75' lang='grc' dir='ltr'>Ἰερουσαλὴμ</span> <span class='ocrx_word' id='word_1_103' title='bbox 1698 1426 1767 1478; x_wconf 84' lang='grc' dir='ltr'><strong>ἐν</strong></span> 
     </span>
    </p>
   </div>
   <div class='ocr_carea' id='block_1_17' title="bbox 182 1515 1766 1589">
    <p class='ocr_par' dir='ltr' id='par_1_17' title="bbox 182 1515 1766 1589">
     <span class='ocr_line' id='line_1_17' title="bbox 182 1515 1766 1589; baseline -0.003 -16"><span class='ocrx_word' id='word_1_104' title='bbox 182 1519 695 1586; x_wconf 58' lang='grc' dir='ltr'>,ϐασιλείᾳὌζίοω</span> <span class='ocrx_word' id='word_1_105' title='bbox 732 1518 830 1572; x_wconf 76' lang='grc' dir='ltr'><strong>καὶ</strong></span> <span class='ocrx_word' id='word_1_106' title='bbox 862 1517 1105 1573; x_wconf 80' lang='grc' dir='ltr'>Ἶωὰθαν</span> <span class='ocrx_word' id='word_1_107' title='bbox 1135 1519 1230 1571; x_wconf 77' lang='grc' dir='ltr'><strong>καὶ</strong></span> <span class='ocrx_word' id='word_1_108' title='bbox 1275 1515 1453 1587; x_wconf 67' lang='grc' dir='ltr'><strong>Ἇχὰζζ</strong></span> <span class='ocrx_word' id='word_1_109' title='bbox 1487 1517 1599 1589; x_wconf 65' lang='lat' dir='ltr'><strong>nail</strong></span> <span class='ocrx_word' id='word_1_110' title='bbox 1623 1516 1766 1577; x_wconf 64' lang='grc' dir='ltr'><strong>Ἐζε-</strong></span> 
     </span>
    </p>
   </div>
   <div class='ocr_carea' id='block_1_18' title="bbox 186 1604 1767 1679">
    <p class='ocr_par' dir='ltr' id='par_1_18' title="bbox 186 1604 1767 1679">
     <span class='ocr_line' id='line_1_18' title="bbox 186 1604 1767 1679; baseline -0.001 -17"><span class='ocrx_word' id='word_1_111' title='bbox 186 1611 355 1679; x_wconf 83' lang='grc' dir='ltr'>χίου·</span> <span class='ocrx_word' id='word_1_112' title='bbox 393 1609 486 1661; x_wconf 77' lang='grc' dir='ltr'><strong>καὶ</strong></span> <span class='ocrx_word' id='word_1_113' title='bbox 528 1609 717 1662; x_wconf 75' lang='grc' dir='ltr'>οὐδένα</span> <span class='ocrx_word' id='word_1_114' title='bbox 766 1607 922 1661; x_wconf 80' lang='grc' dir='ltr'>ἀλλον</span> <span class='ocrx_word' id='word_1_115' title='bbox 954 1604 1069 1659; x_wconf 77' lang='grc' dir='ltr'>οἶδα</span> <span class='ocrx_word' id='word_1_116' title='bbox 1098 1606 1319 1677; x_wconf 81' lang='grc' dir='ltr'>βασιλέα</span> <span class='ocrx_word' id='word_1_117' title='bbox 1345 1608 1767 1679; x_wconf 83' lang='grc' dir='ltr'>ἀναγεγραμμέ-</span> 
     </span>
    </p>
   </div>
   <div class='ocr_carea' id='block_1_19' title="bbox 184 1700 1759 1773">
    <p class='ocr_par' dir='ltr' id='par_1_19' title="bbox 184 1700 1759 1773">
     <span class='ocr_line' id='line_1_19' title="bbox 184 1700 1759 1773; baseline -0.002 -17"><span class='ocrx_word' id='word_1_118' title='bbox 184 1721 272 1757; x_wconf 87' lang='grc' dir='ltr'><strong>νον</strong></span> <span class='ocrx_word' id='word_1_119' title='bbox 300 1705 359 1756; x_wconf 81' lang='grc' dir='ltr'><strong>ὲν</strong></span> <span class='ocrx_word' id='word_1_120' title='bbox 386 1702 464 1772; x_wconf 80' lang='grc' dir='ltr'>τῷ</span> <span class='ocrx_word' id='word_1_121' title='bbox 492 1702 668 1773; x_wconf 83' lang='grc' dir='ltr'>χρόνῳ</span> <span class='ocrx_word' id='word_1_122' title='bbox 692 1701 791 1771; x_wconf 81' lang='grc' dir='ltr'>τῆς</span> <span class='ocrx_word' id='word_1_123' title='bbox 817 1700 1152 1771; x_wconf 77' lang='grc' dir='ltr'><strong>προφητείας</strong></span> <span class='ocrx_word' id='word_1_124' title='bbox 1180 1700 1323 1769; x_wconf 85' lang='grc' dir='ltr'>ἢτὸν</span> <span class='ocrx_word' id='word_1_125' title='bbox 1347 1700 1448 1769; x_wconf 80' lang='grc' dir='ltr'>τῆς</span> <span class='ocrx_word' id='word_1_126' title='bbox 1474 1700 1728 1764; x_wconf 84' lang='grc' dir='ltr'>Ἰουδαίας</span> <span class='ocrx_word' id='word_1_127' title='bbox 1745 1717 1759 1732; x_wconf 91' lang='grc'><strong>·</strong></span> 
     </span>
    </p>
   </div>
   <div class='ocr_carea' id='block_1_20' title="bbox 1870 531 3442 606">
    <p class='ocr_par' dir='ltr' id='par_1_20' title="bbox 1870 531 3442 606">
     <span class='ocr_line' id='line_1_20' title="bbox 1870 531 3442 606; baseline 0.005 -18"><span class='ocrx_word' id='word_1_128' title='bbox 1870 532 2058 588; x_wconf 80' lang='lat' dir='ltr'><strong>Pelius</strong></span> <span class='ocrx_word' id='word_1_129' title='bbox 2084 533 2231 587; x_wconf 90' lang='lat' dir='ltr'><strong>enim</strong></span> <span class='ocrx_word' id='word_1_130' title='bbox 2281 531 2457 586; x_wconf 79' lang='lat' dir='ltr'><strong>Patris</strong></span> <span class='ocrx_word' id='word_1_131' title='bbox 2502 542 2656 600; x_wconf 83' lang='lat' dir='ltr'><strong>putat</strong></span> <span class='ocrx_word' id='word_1_132' title='bbox 2689 536 2943 606; x_wconf 86' lang='lat' dir='ltr'><strong>templum</strong></span> <span class='ocrx_word' id='word_1_133' title='bbox 2980 552 3101 592; x_wconf 85' lang='lat' dir='ltr'><strong>esse</strong></span> <span class='ocrx_word' id='word_1_134' title='bbox 3145 539 3442 597; x_wconf 87' lang='lat' dir='ltr'><strong>animatum</strong></span> 
     </span>
    </p>
   </div>
   <div class='ocr_carea' id='block_1_21' title="bbox 1871 622 3438 699">
    <p class='ocr_par' dir='ltr' id='par_1_21' title="bbox 1871 622 3438 699">
     <span class='ocr_line' id='line_1_21' title="bbox 1871 622 3438 699; baseline 0.008 -23"><span class='ocrx_word' id='word_1_135' title='bbox 1871 622 2143 679; x_wconf 85' lang='lat' dir='ltr'><strong>hominem</strong></span> <span class='ocrx_word' id='word_1_136' title='bbox 2174 625 2400 694; x_wconf 87' lang='lat' dir='ltr'><strong>probum</strong></span> <span class='ocrx_word' id='word_1_137' title='bbox 2434 640 2499 679; x_wconf 92' lang='lat' dir='ltr'><strong>ac</strong></span> <span class='ocrx_word' id='word_1_138' title='bbox 2538 625 2762 692; x_wconf 86' lang='lat' dir='ltr'><strong>bonum,</strong></span> <span class='ocrx_word' id='word_1_139' title='bbox 2793 642 2955 696; x_wconf 88' lang='lat' dir='ltr'><strong>quam</strong></span> <span class='ocrx_word' id='word_1_140' title='bbox 2993 630 3247 699; x_wconf 85' lang='lat' dir='ltr'><strong>templum</strong></span> <span class='ocrx_word' id='word_1_141' title='bbox 3284 634 3438 688; x_wconf 90' lang='lat' dir='ltr'><strong>illud.</strong></span> 
     </span>
    </p>
   </div>
   <div class='ocr_carea' id='block_1_22' title="bbox 1869 714 3440 789">
    <p class='ocr_par' dir='ltr' id='par_1_22' title="bbox 1869 714 3440 789">
     <span class='ocr_line' id='line_1_22' title="bbox 1869 714 3440 789; baseline 0.006 -20"><span class='ocrx_word' id='word_1_142' title='bbox 1869 714 2013 770; x_wconf 83' lang='lat' dir='ltr'><strong>Exiit</strong></span> <span class='ocrx_word' id='word_1_143' title='bbox 2039 717 2182 771; x_wconf 90' lang='lat' dir='ltr'><strong>enim</strong></span> <span class='ocrx_word' id='word_1_144' title='bbox 2215 719 2281 772; x_wconf 90' lang='lat' dir='ltr'><strong>de</strong></span> <span class='ocrx_word' id='word_1_145' title='bbox 2313 716 2401 771; x_wconf 87' lang='lat' dir='ltr'><strong>illo</strong></span> <span class='ocrx_word' id='word_1_146' title='bbox 2436 720 2635 787; x_wconf 87' lang='lat' dir='ltr'><strong>templo</strong></span> <span class='ocrx_word' id='word_1_147' title='bbox 2663 721 2850 775; x_wconf 89' lang='lat' dir='ltr'><strong>dicens</strong></span> <span class='ocrx_word' id='word_1_148' title='bbox 2878 739 2891 774; x_wconf 91' lang='lat'><strong>:</strong></span> <span class='ocrx_word' id='word_1_149' title='bbox 2934 718 3271 789; x_wconf 73' lang='lat' dir='ltr'><strong>Relinquitur</strong></span> <span class='ocrx_word' id='word_1_150' title='bbox 3299 727 3440 780; x_wconf 81' lang='lat' dir='ltr'><strong>vobis</strong></span> 
     </span>
    </p>
   </div>
   <div class='ocr_carea' id='block_1_23' title="bbox 1868 811 3439 881">
    <p class='ocr_par' dir='ltr' id='par_1_23' title="bbox 1868 811 3439 881">
     <span class='ocr_line' id='line_1_23' title="bbox 1868 811 3439 881; baseline 0.005 -18"><span class='ocrx_word' id='word_1_151' title='bbox 1868 814 2058 864; x_wconf 72' lang='lat' dir='ltr'><strong>domus</strong></span> <span class='ocrx_word' id='word_1_152' title='bbox 2092 820 2265 864; x_wconf 81' lang='lat' dir='ltr'><strong>vestra</strong></span> <span class='ocrx_word' id='word_1_153' title='bbox 2290 812 2359 876; x_wconf 66' lang='grc' dir='ltr'>δι,</span> <span class='ocrx_word' id='word_1_154' title='bbox 2386 822 2441 867; x_wconf 89' lang='lat' dir='ltr'><strong>et</strong></span> <span class='ocrx_word' id='word_1_155' title='bbox 2468 811 2603 866; x_wconf 85' lang='lat' dir='ltr'><strong>abi‘it</strong></span> <span class='ocrx_word' id='word_1_156' title='bbox 2632 812 2698 865; x_wconf 87' lang='lat' dir='ltr'><strong>ad</strong></span> <span class='ocrx_word' id='word_1_157' title='bbox 2733 811 2984 881; x_wconf 85' lang='lat' dir='ltr'><strong>templum</strong></span> <span class='ocrx_word' id='word_1_158' title='bbox 3018 812 3219 880; x_wconf 85' lang='lat' dir='ltr'><strong>Patris,</strong></span> <span class='ocrx_word' id='word_1_159' title='bbox 3247 814 3439 871; x_wconf 78' lang='lat' dir='ltr'><strong>Eccle-</strong></span> 
     </span>
    </p>
   </div>
   <div class='ocr_carea' id='block_1_24' title="bbox 1868 902 3054 973">
    <p class='ocr_par' dir='ltr' id='par_1_24' title="bbox 1868 902 3054 973">
     <span class='ocr_line' id='line_1_24' title="bbox 1868 902 3054 973; baseline 0.003 -15"><span class='ocrx_word' id='word_1_160' title='bbox 1868 902 1980 958; x_wconf 86' lang='lat' dir='ltr'><strong>sias</strong></span> <span class='ocrx_word' id='word_1_161' title='bbox 2007 916 2203 973; x_wconf 82' lang='lat' dir='ltr'><strong>nempe</strong></span> <span class='ocrx_word' id='word_1_162' title='bbox 2229 917 2348 972; x_wconf 77' lang='lat' dir='ltr'><strong>qua:</strong></span> <span class='ocrx_word' id='word_1_163' title='bbox 2384 904 2582 972; x_wconf 88' lang='lat' dir='ltr'><strong>ubique</strong></span> <span class='ocrx_word' id='word_1_164' title='bbox 2611 913 2875 957; x_wconf 89' lang='lat' dir='ltr'><strong>terrarum</strong></span> <span class='ocrx_word' id='word_1_165' title='bbox 2909 914 3054 963; x_wconf 92' lang='lat' dir='ltr'><strong>sunt.</strong></span> 
     </span>
    </p>
   </div>
   <div class='ocr_carea' id='block_1_25' title="bbox 2151 995 3155 1067">
    <p class='ocr_par' dir='ltr' id='par_1_25' title="bbox 2151 995 3155 1067">
     <span class='ocr_line' id='line_1_25' title="bbox 2151 995 3155 1067; baseline 0.008 -19"><span class='ocrx_word' id='word_1_166' title='bbox 2151 995 2216 1048; x_wconf 84' lang='lat' dir='ltr'><strong>V.</strong></span> <span class='ocrx_word' id='word_1_167' title='bbox 2247 996 2336 1051; x_wconf 76' lang='grc'>51.</span> <span class='ocrx_word' id='word_1_168' title='bbox 2363 997 2431 1050; x_wconf 87' lang='lat' dir='ltr'><strong>Et</strong></span> <span class='ocrx_word' id='word_1_169' title='bbox 2461 1007 2571 1051; x_wconf 89' lang='lat' dir='ltr'><strong>erat</strong></span> <span class='ocrx_word' id='word_1_170' title='bbox 2599 998 2861 1067; x_wconf 72' lang='lat' dir='ltr'><strong>subjectus</strong></span> <span class='ocrx_word' id='word_1_171' title='bbox 2889 998 3015 1063; x_wconf 79' lang='lat' dir='ltr'><strong>illis,</strong></span> <span class='ocrx_word' id='word_1_172' title='bbox 3049 1008 3155 1056; x_wconf 86' lang='lat' dir='ltr'><strong>etc.</strong></span> 
     </span>
    </p>
   </div>
   <div class='ocr_carea' id='block_1_26' title="bbox 1939 1154 3442 1229">
    <p class='ocr_par' dir='ltr' id='par_1_26' title="bbox 1939 1154 3442 1229">
     <span class='ocr_line' id='line_1_26' title="bbox 1939 1154 3442 1229; baseline 0.003 -19"><span class='ocrx_word' id='word_1_173' title='bbox 1939 1155 2166 1224; x_wconf 87' lang='lat' dir='ltr'><strong>Quando</strong></span> <span class='ocrx_word' id='word_1_174' title='bbox 2218 1158 2359 1225; x_wconf 90' lang='lat' dir='ltr'><strong>apud</strong></span> <span class='ocrx_word' id='word_1_175' title='bbox 2392 1154 2606 1213; x_wconf 66' lang='lat' dir='ltr'><strong>Judaeos</strong></span> <span class='ocrx_word' id='word_1_176' title='bbox 2639 1158 2781 1213; x_wconf 91' lang='lat' dir='ltr'><strong>solos</strong></span> <span class='ocrx_word' id='word_1_177' title='bbox 2826 1160 3200 1229; x_wconf 87' lang='lat' dir='ltr'><strong>propheticum</strong></span> <span class='ocrx_word' id='word_1_178' title='bbox 3250 1161 3442 1217; x_wconf 88' lang='lat' dir='ltr'><strong>vatici-</strong></span> 
     </span>
    </p>
   </div>
   <div class='ocr_carea' id='block_1_27' title="bbox 1868 1248 3437 1319">
    <p class='ocr_par' dir='ltr' id='par_1_27' title="bbox 1868 1248 3437 1319">
     <span class='ocr_line' id='line_1_27' title="bbox 1868 1248 3437 1319; baseline 0.004 -17"><span class='ocrx_word' id='word_1_179' title='bbox 1868 1248 2015 1303; x_wconf 87' lang='lat' dir='ltr'><strong>nium</strong></span> <span class='ocrx_word' id='word_1_180' title='bbox 2084 1248 2386 1319; x_wconf 77' lang='lat' dir='ltr'><strong>evulgatur,</strong></span> <span class='ocrx_word' id='word_1_181' title='bbox 2439 1250 2765 1306; x_wconf 87' lang='lat' dir='ltr'><strong>describitur</strong></span> <span class='ocrx_word' id='word_1_182' title='bbox 2810 1254 3072 1307; x_wconf 76' lang='lat' dir='ltr'><strong>duntaxat</strong></span> <span class='ocrx_word' id='word_1_183' title='bbox 3129 1252 3437 1308; x_wconf 72' lang='lat' dir='ltr'><strong>Judazorum</strong></span> 
     </span>
    </p>
   </div>
   <div class='ocr_carea' id='block_1_28' title="bbox 1867 1338 3437 1411">
    <p class='ocr_par' dir='ltr' id='par_1_28' title="bbox 1867 1338 3437 1411">
     <span class='ocr_line' id='line_1_28' title="bbox 1867 1338 3437 1411; baseline 0.003 -19"><span class='ocrx_word' id='word_1_184' title='bbox 1867 1354 2115 1409; x_wconf 80' lang='lat' dir='ltr'><strong>regnum.</strong></span> <span class='ocrx_word' id='word_1_185' title='bbox 2159 1338 2315 1405; x_wconf 86' lang='lat' dir='ltr'><strong>Puta,</strong></span> <span class='ocrx_word' id='word_1_186' title='bbox 2354 1338 2518 1401; x_wconf 75' lang='lat' dir='ltr'><strong>Visio,</strong></span> <span class='ocrx_word' id='word_1_187' title='bbox 2568 1341 2763 1409; x_wconf 85' lang='lat' dir='ltr'><strong>inquit,</strong></span> <span class='ocrx_word' id='word_1_188' title='bbox 2794 1358 2950 1411; x_wconf 83' lang='lat' dir='ltr'><strong>quam</strong></span> <span class='ocrx_word' id='word_1_189' title='bbox 2979 1343 3105 1395; x_wconf 79' lang='lat' dir='ltr'><strong>vidit</strong></span> <span class='ocrx_word' id='word_1_190' title='bbox 3139 1342 3316 1397; x_wconf 74' lang='lat' dir='ltr'><strong>Isaias</strong></span> <span class='ocrx_word' id='word_1_191' title='bbox 3338 1344 3437 1397; x_wconf 84' lang='lat' dir='ltr'><strong>ad-</strong></span> 
     </span>
    </p>
   </div>
   <div class='ocr_carea' id='block_1_29' title="bbox 1866 1431 3434 1504">
    <p class='ocr_par' dir='ltr' id='par_1_29' title="bbox 1866 1431 3434 1504">
     <span class='ocr_line' id='line_1_29' title="bbox 1866 1431 3434 1504; baseline 0.003 -19"><span class='ocrx_word' id='word_1_192' title='bbox 1866 1448 2040 1485; x_wconf 77' lang='lat' dir='ltr'><strong>versus</strong></span> <span class='ocrx_word' id='word_1_193' title='bbox 2064 1431 2310 1485; x_wconf 73' lang='lat' dir='ltr'><strong>Judazam</strong></span> <span class='ocrx_word' id='word_1_194' title='bbox 2333 1441 2379 1484; x_wconf 87' lang='lat' dir='ltr'><strong>et</strong></span> <span class='ocrx_word' id='word_1_195' title='bbox 2400 1432 2647 1485; x_wconf 76' lang='lat' dir='ltr'><strong>adversus</strong></span> <span class='ocrx_word' id='word_1_196' title='bbox 2677 1432 2968 1487; x_wconf 80' lang='lat' dir='ltr'><strong>Jerusalem</strong></span> <span class='ocrx_word' id='word_1_197' title='bbox 2989 1435 3044 1487; x_wconf 87' lang='lat' dir='ltr'><strong>in</strong></span> <span class='ocrx_word' id='word_1_198' title='bbox 3074 1450 3230 1504; x_wconf 90' lang='lat' dir='ltr'><strong>regno</strong></span> <span class='ocrx_word' id='word_1_199' title='bbox 3267 1434 3434 1498; x_wconf 74' lang='lat' dir='ltr'><strong>Oziw,</strong></span> 
     </span>
    </p>
   </div>
   <div class='ocr_carea' id='block_1_30' title="bbox 1865 1521 3436 1596">
    <p class='ocr_par' dir='ltr' id='par_1_30' title="bbox 1865 1521 3436 1596">
     <span class='ocr_line' id='line_1_30' title="bbox 1865 1521 3436 1596; baseline 0.003 -21"><span class='ocrx_word' id='word_1_200' title='bbox 1865 1535 1911 1575; x_wconf 90' lang='lat' dir='ltr'><strong>et</strong></span> <span class='ocrx_word' id='word_1_201' title='bbox 1938 1521 2190 1588; x_wconf 85' lang='lat' dir='ltr'><strong>Joathan,</strong></span> <span class='ocrx_word' id='word_1_202' title='bbox 2209 1532 2257 1578; x_wconf 86' lang='lat' dir='ltr'><strong>et</strong></span> <span class='ocrx_word' id='word_1_203' title='bbox 2280 1525 2474 1587; x_wconf 77' lang='lat' dir='ltr'><strong>Achaz,</strong></span> <span class='ocrx_word' id='word_1_204' title='bbox 2505 1534 2553 1577; x_wconf 89' lang='lat' dir='ltr'><strong>et</strong></span> <span class='ocrx_word' id='word_1_205' title='bbox 2574 1523 2811 1579; x_wconf 71' lang='lat' dir='ltr'><strong>Ezechice</strong></span> <span class='ocrx_word' id='word_1_206' title='bbox 2830 1525 2872 1557; x_wconf 70' lang='lat'><strong>&quot;</strong></span> <span class='ocrx_word' id='word_1_207' title='bbox 2892 1543 2905 1579; x_wconf 89' lang='lat'><strong>:</strong></span> <span class='ocrx_word' id='word_1_208' title='bbox 2928 1541 3025 1581; x_wconf 87' lang='lat' dir='ltr'><strong>nec</strong></span> <span class='ocrx_word' id='word_1_209' title='bbox 3056 1527 3217 1580; x_wconf 87' lang='lat' dir='ltr'><strong>alium</strong></span> <span class='ocrx_word' id='word_1_210' title='bbox 3243 1536 3436 1596; x_wconf 85' lang='lat' dir='ltr'><strong>quem-</strong></span> 
     </span>
    </p>
   </div>
   <div class='ocr_carea' id='block_1_31' title="bbox 1868 1615 3435 1689">
    <p class='ocr_par' dir='ltr' id='par_1_31' title="bbox 1868 1615 3435 1689">
     <span class='ocr_line' id='line_1_31' title="bbox 1868 1615 3435 1689; baseline 0.003 -21"><span class='ocrx_word' id='word_1_211' title='bbox 1868 1615 2011 1685; x_wconf 87' lang='lat' dir='ltr'><strong>piam</strong></span> <span class='ocrx_word' id='word_1_212' title='bbox 2065 1616 2188 1671; x_wconf 91' lang='lat' dir='ltr'><strong>novi</strong></span> <span class='ocrx_word' id='word_1_213' title='bbox 2239 1617 2533 1687; x_wconf 90' lang='lat' dir='ltr'><strong>ascriptum</strong></span> <span class='ocrx_word' id='word_1_214' title='bbox 2588 1632 2767 1686; x_wconf 77' lang='lat' dir='ltr'><strong>regem</strong></span> <span class='ocrx_word' id='word_1_215' title='bbox 2816 1627 3056 1687; x_wconf 89' lang='lat' dir='ltr'><strong>tempore</strong></span> <span class='ocrx_word' id='word_1_216' title='bbox 3115 1621 3435 1689; x_wconf 69' lang='lat' dir='ltr'><strong>prophetiae,</strong></span> 
     </span>
    </p>
   </div>
   <div class='ocr_carea' id='block_1_32' title="bbox 1870 1707 3431 1779">
    <p class='ocr_par' dir='ltr' id='par_1_32' title="bbox 1870 1707 3431 1779">
     <span class='ocr_line' id='line_1_32' title="bbox 1870 1707 3431 1779; baseline 0.003 -18"><span class='ocrx_word' id='word_1_217' title='bbox 1870 1717 2232 1778; x_wconf 65' lang='lat' dir='ltr'><strong>praeterquam</strong></span> <span class='ocrx_word' id='word_1_218' title='bbox 2278 1707 2499 1763; x_wconf 68' lang='lat' dir='ltr'><strong>Judaaze.</strong></span> <span class='ocrx_word' id='word_1_219' title='bbox 2540 1709 2596 1764; x_wconf 89' lang='lat' dir='ltr'><strong>In</strong></span> <span class='ocrx_word' id='word_1_220' title='bbox 2627 1710 2951 1779; x_wconf 89' lang='lat' dir='ltr'><strong>quibusdam</strong></span> <span class='ocrx_word' id='word_1_221' title='bbox 2979 1725 3108 1765; x_wconf 91' lang='lat' dir='ltr'><strong>vero</strong></span> <span class='ocrx_word' id='word_1_222' title='bbox 3138 1713 3431 1779; x_wconf 89' lang='lat' dir='ltr'><strong>vaticiniis,</strong></span> 
     </span>
    </p>
   </div>
   <div class='ocr_carea' id='block_1_33' title="bbox 185 1791 1769 1872">
    <p class='ocr_par' dir='ltr' id='par_1_33' title="bbox 185 1791 1759 1863">
     <span class='ocr_line' id='line_1_33' title="bbox 185 1791 1759 1863; baseline -0.002 -16"><span class='ocrx_word' id='word_1_223' title='bbox 185 1795 275 1847; x_wconf 82' lang='grc' dir='ltr'><strong>ἐπί</strong></span> <span class='ocrx_word' id='word_1_224' title='bbox 312 1811 472 1847; x_wconf 88' lang='grc' dir='ltr'>τινων</span> <span class='ocrx_word' id='word_1_225' title='bbox 512 1794 567 1846; x_wconf 85' lang='grc' dir='ltr'>δὲ</span> <span class='ocrx_word' id='word_1_226' title='bbox 601 1791 944 1863; x_wconf 75' lang='grc' dir='ltr'>προφητειῶν</span> <span class='ocrx_word' id='word_1_227' title='bbox 992 1792 1085 1844; x_wconf 74' lang='grc' dir='ltr'><strong>καὶ</strong></span> <span class='ocrx_word' id='word_1_228' title='bbox 1118 1792 1207 1844; x_wconf 84' lang='grc' dir='ltr'><strong>τὸν</strong></span> <span class='ocrx_word' id='word_1_229' title='bbox 1245 1791 1465 1861; x_wconf 80' lang='grc' dir='ltr'>βασιλέα</span> <span class='ocrx_word' id='word_1_230' title='bbox 1509 1791 1602 1844; x_wconf 88' lang='grc' dir='ltr'><strong>τοῦ</strong></span> <span class='ocrx_word' id='word_1_231' title='bbox 1656 1792 1759 1845; x_wconf 90' lang='grc' dir='ltr'>Ἰσ-</span> 
     </span>
    </p>
   </div>
   <div class='ocr_carea' id='block_1_34' title="bbox 1875 1791 3437 1872">
    <p class='ocr_par' dir='ltr' id='par_1_34' title="bbox 1875 1801 3437 1872">
     <span class='ocr_line' id='line_1_34' title="bbox 1875 1801 3437 1872; baseline 0.003 -19"><span class='ocrx_word' id='word_1_232' title='bbox 1875 1801 2031 1854; x_wconf 83' lang='lat' dir='ltr'><strong>etiam</strong></span> <span class='ocrx_word' id='word_1_233' title='bbox 2070 1815 2248 1872; x_wconf 79' lang='lat' dir='ltr'><strong>regem</strong></span> <span class='ocrx_word' id='word_1_234' title='bbox 2278 1801 2457 1855; x_wconf 89' lang='lat' dir='ltr'><strong>Israel.</strong></span> <span class='ocrx_word' id='word_1_235' title='bbox 2492 1803 2559 1856; x_wconf 89' lang='lat' dir='ltr'><strong>At</strong></span> <span class='ocrx_word' id='word_1_236' title='bbox 2591 1804 2804 1869; x_wconf 82' lang='lat' dir='ltr'><strong>quando</strong></span> <span class='ocrx_word' id='word_1_237' title='bbox 2843 1801 3080 1857; x_wconf 83' lang='lat' dir='ltr'><strong>Joannes</strong></span> <span class='ocrx_word' id='word_1_238' title='bbox 3114 1803 3437 1872; x_wconf 70' lang='lat' dir='ltr'><strong>praedicatur-</strong></span> 
     </span>
    </p>
   </div>
   <div class='ocr_carea' id='block_1_35' title="bbox 188 1884 1763 1958">
    <p class='ocr_par' dir='ltr' id='par_1_35' title="bbox 188 1884 1763 1958">
     <span class='ocr_line' id='line_1_35' title="bbox 188 1884 1763 1958; baseline -0.002 -17"><span class='ocrx_word' id='word_1_239' title='bbox 188 1888 348 1958; x_wconf 79' lang='grc' dir='ltr'>ραήλ.</span> <span class='ocrx_word' id='word_1_240' title='bbox 387 1888 514 1940; x_wconf 86' lang='grc' dir='ltr'><strong>Ὅτε</strong></span> <span class='ocrx_word' id='word_1_241' title='bbox 555 1886 612 1939; x_wconf 78' lang='grc' dir='ltr'>δὲ</span> <span class='ocrx_word' id='word_1_242' title='bbox 648 1885 837 1957; x_wconf 72' lang='grc' dir='ltr'>ἔμελλε</span> <span class='ocrx_word' id='word_1_243' title='bbox 874 1884 935 1938; x_wconf 86' lang='grc' dir='ltr'>τὺ</span> <span class='ocrx_word' id='word_1_244' title='bbox 976 1885 1271 1956; x_wconf 87' lang='grc' dir='ltr'>μυστήριον</span> <span class='ocrx_word' id='word_1_245' title='bbox 1304 1884 1397 1937; x_wconf 89' lang='grc' dir='ltr'><strong>τοῦ</strong></span> <span class='ocrx_word' id='word_1_246' title='bbox 1432 1886 1763 1953; x_wconf 85' lang='grc' dir='ltr'>Εὑαγγελίου</span> 
     </span>
    </p>
   </div>
   <div class='ocr_carea' id='block_1_36' title="bbox 199 1976 1767 2050">
    <p class='ocr_par' dir='ltr' id='par_1_36' title="bbox 199 1976 1767 2050">
     <span class='ocr_line' id='line_1_36' title="bbox 199 1976 1767 2050; baseline -0.002 -17"><span class='ocrx_word' id='word_1_247' title='bbox 199 1980 450 2050; x_wconf 83' lang='grc' dir='ltr'>Ἰωάννης</span> <span class='ocrx_word' id='word_1_248' title='bbox 500 1977 822 2049; x_wconf 80' lang='grc' dir='ltr'>κηρύσσειν,</span> <span class='ocrx_word' id='word_1_249' title='bbox 877 1977 1288 2049; x_wconf 79' lang='grc' dir='ltr'>ἀναγέγραπται</span> <span class='ocrx_word' id='word_1_250' title='bbox 1332 1977 1454 2047; x_wconf 77' lang='grc' dir='ltr'>οὐχὶ</span> <span class='ocrx_word' id='word_1_251' title='bbox 1512 1976 1767 2040; x_wconf 79' lang='grc' dir='ltr'>Ἰουδαίας</span> 
     </span>
    </p>
   </div>
   <div class='ocr_carea' id='block_1_37' title="bbox 190 2068 1768 2144">
    <p class='ocr_par' dir='ltr' id='par_1_37' title="bbox 190 2068 1768 2144">
     <span class='ocr_line' id='line_1_37' title="bbox 190 2068 1768 2144; baseline -0.011 -7"><span class='ocrx_word' id='word_1_252' title='bbox 190 2073 348 2144; x_wconf 84' lang='grc' dir='ltr'>μόνος</span> <span class='ocrx_word' id='word_1_253' title='bbox 388 2071 638 2142; x_wconf 77' lang='grc' dir='ltr'>βασιλεὺς</span> <span class='ocrx_word' id='word_1_254' title='bbox 675 2069 940 2141; x_wconf 81' lang='grc' dir='ltr'>Ἡρώδης,</span> <span class='ocrx_word' id='word_1_255' title='bbox 1000 2069 1121 2121; x_wconf 81' lang='grc' dir='ltr'>οὐδὲ</span> <span class='ocrx_word' id='word_1_256' title='bbox 1159 2069 1443 2140; x_wconf 87' lang='grc' dir='ltr'>Ῥωμαίων</span> <span class='ocrx_word' id='word_1_257' title='bbox 1487 2068 1645 2139; x_wconf 82' lang='grc' dir='ltr'>μόνος</span> <span class='ocrx_word' id='word_1_258' title='bbox 1677 2069 1768 2121; x_wconf 90' lang='grc' dir='ltr'>Τι-</span> 
     </span>
    </p>
   </div>
   <div class='ocr_carea' id='block_1_38' title="bbox 186 2164 389 2237">
    <p class='ocr_par' dir='ltr' id='par_1_38' title="bbox 186 2164 389 2237">
     <span class='ocr_line' id='line_1_38' title="bbox 186 2164 389 2237; baseline 0.005 -20"><span class='ocrx_word' id='word_1_259' title='bbox 186 2164 389 2237; x_wconf 76' lang='grc' dir='ltr'>ϐἐριος.</span> 
     </span>
    </p>
   </div>
   <div class='ocr_carea' id='block_1_39' title="bbox 840 2254 1092 2306">
    <p class='ocr_par' dir='ltr' id='par_1_39' title="bbox 840 2254 1092 2306">
     <span class='ocr_line' id='line_1_39' title="bbox 840 2254 1092 2306; baseline 0 0"><span class='ocrx_word' id='word_1_260' title='bbox 840 2254 998 2306; x_wconf 82' lang='grc' dir='ltr'><strong>ΚΕΦ.</strong></span> <span class='ocrx_word' id='word_1_261' title='bbox 1038 2254 1079 2306; x_wconf 87' lang='grc' dir='ltr'><strong>Γ</strong></span> <span class='ocrx_word' id='word_1_262' title='bbox 1080 2259 1092 2281; x_wconf 92' lang='lat'><strong><em>&#39;</em></strong></span> 
     </span>
    </p>
   </div>
   <div class='ocr_carea' id='block_1_40' title="bbox 259 2341 1768 2418">
    <p class='ocr_par' dir='ltr' id='par_1_40' title="bbox 259 2341 1768 2418">
     <span class='ocr_line' id='line_1_40' title="bbox 259 2341 1768 2418; baseline -0.002 -19"><span class='ocrx_word' id='word_1_263' title='bbox 259 2346 372 2418; x_wconf 70' lang='grc'><strong>(64)</strong></span> <span class='ocrx_word' id='word_1_264' title='bbox 405 2347 467 2400; x_wconf 84' lang='lat' dir='ltr'><strong>Ei</strong></span> <span class='ocrx_word' id='word_1_265' title='bbox 491 2344 587 2416; x_wconf 83' lang='grc' dir='ltr'>μὲν</span> <span class='ocrx_word' id='word_1_266' title='bbox 620 2346 668 2399; x_wconf 81' lang='grc' dir='ltr'>οἱ</span> <span class='ocrx_word' id='word_1_267' title='bbox 697 2342 805 2398; x_wconf 83' lang='grc' dir='ltr'>ἀπὸ</span> <span class='ocrx_word' id='word_1_268' title='bbox 829 2342 935 2395; x_wconf 91' lang='grc' dir='ltr'><strong>τῶν</strong></span> <span class='ocrx_word' id='word_1_269' title='bbox 966 2342 1145 2396; x_wconf 82' lang='grc' dir='ltr'>ὲθνῶν</span> <span class='ocrx_word' id='word_1_270' title='bbox 1169 2341 1316 2413; x_wconf 82' lang='grc' dir='ltr'>μόνοι</span> <span class='ocrx_word' id='word_1_271' title='bbox 1344 2341 1564 2414; x_wconf 79' lang='grc' dir='ltr'>ἔμελλον</span> <span class='ocrx_word' id='word_1_272' title='bbox 1604 2342 1768 2407; x_wconf 79' lang='grc' dir='ltr'>σώζε-</span> 
     </span>
    </p>
   </div>
   <div class='ocr_carea' id='block_1_41' title="bbox 190 2435 1767 2508">
    <p class='ocr_par' dir='ltr' id='par_1_41' title="bbox 190 2435 1767 2508">
     <span class='ocr_line' id='line_1_41' title="bbox 190 2435 1767 2508; baseline -0.004 -14"><span class='ocrx_word' id='word_1_273' title='bbox 190 2441 334 2504; x_wconf 87' lang='grc' dir='ltr'>σθαι,</span> <span class='ocrx_word' id='word_1_274' title='bbox 371 2439 548 2508; x_wconf 81' lang='grc' dir='ltr'>πάντη</span> <span class='ocrx_word' id='word_1_275' title='bbox 582 2438 639 2491; x_wconf 86' lang='grc' dir='ltr'><strong>δὲ</strong></span> <span class='ocrx_word' id='word_1_276' title='bbox 678 2438 1094 2492; x_wconf 82' lang='grc' dir='ltr'>ἁποκέκλεισται</span> <span class='ocrx_word' id='word_1_277' title='bbox 1139 2439 1171 2508; x_wconf 79' lang='grc' dir='ltr'>ἡ</span> <span class='ocrx_word' id='word_1_278' title='bbox 1204 2437 1446 2508; x_wconf 87' lang='grc' dir='ltr'>σωτηρία</span> <span class='ocrx_word' id='word_1_279' title='bbox 1490 2435 1600 2489; x_wconf 87' lang='grc' dir='ltr'><strong>τῶν</strong></span> <span class='ocrx_word' id='word_1_280' title='bbox 1638 2435 1767 2488; x_wconf 86' lang='grc' dir='ltr'>υίῶν</span> 
     </span>
    </p>
   </div>
   <div class='ocr_carea' id='block_1_42' title="bbox 198 2527 1769 2603">
    <p class='ocr_par' dir='ltr' id='par_1_42' title="bbox 198 2527 1769 2603">
     <span class='ocr_line' id='line_1_42' title="bbox 198 2527 1769 2603; baseline -0.002 -19"><span class='ocrx_word' id='word_1_281' title='bbox 198 2532 436 2603; x_wconf 81' lang='grc' dir='ltr'>Ἰσραὴλ,</span> <span class='ocrx_word' id='word_1_282' title='bbox 461 2532 620 2602; x_wconf 80' lang='grc' dir='ltr'>ἦρκει</span> <span class='ocrx_word' id='word_1_283' title='bbox 640 2530 721 2597; x_wconf 84' lang='grc' dir='ltr'><strong>τὸ,</strong></span> <span class='ocrx_word' id='word_1_284' title='bbox 760 2531 855 2583; x_wconf 79' lang='grc' dir='ltr'>Ἐν</span> <span class='ocrx_word' id='word_1_285' title='bbox 889 2529 1007 2583; x_wconf 74' lang='grc' dir='ltr'>ἔτει</span> <span class='ocrx_word' id='word_1_286' title='bbox 1037 2536 1101 2582; x_wconf 88' lang='grc' dir='ltr'>ιε’</span> <span class='ocrx_word' id='word_1_287' title='bbox 1124 2527 1235 2597; x_wconf 81' lang='grc' dir='ltr'>τῆς</span> <span class='ocrx_word' id='word_1_288' title='bbox 1262 2528 1584 2597; x_wconf 77' lang='grc' dir='ltr'>ἡγεμονίας</span> <span class='ocrx_word' id='word_1_289' title='bbox 1622 2530 1769 2581; x_wconf 78' lang='grc' dir='ltr'>Τιϐε-</span> 
     </span>
    </p>
   </div>
   <div class='ocr_carea' id='block_1_43' title="bbox 178 2620 1769 2693">
    <p class='ocr_par' dir='ltr' id='par_1_43' title="bbox 178 2620 1769 2693">
     <span class='ocr_line' id='line_1_43' title="bbox 178 2620 1769 2693; baseline -0.003 -16"><span class='ocrx_word' id='word_1_290' title='bbox 178 2625 317 2693; x_wconf 79' lang='grc' dir='ltr'>ρίου</span> <span class='ocrx_word' id='word_1_291' title='bbox 336 2624 636 2691; x_wconf 81' lang='grc' dir='ltr'>Καίσαρος</span> <span class='ocrx_word' id='word_1_292' title='bbox 656 2639 669 2652; x_wconf 73' lang='grc' dir='ltr'><strong><em>ο</em></strong></span> <span class='ocrx_word' id='word_1_293' title='bbox 697 2622 884 2693; x_wconf 82' lang='grc' dir='ltr'>ἐπειδὴ</span> <span class='ocrx_word' id='word_1_294' title='bbox 899 2622 956 2675; x_wconf 83' lang='grc' dir='ltr'><strong>δὲ</strong></span> <span class='ocrx_word' id='word_1_295' title='bbox 975 2621 1056 2673; x_wconf 86' lang='grc' dir='ltr'>δεῖ</span> <span class='ocrx_word' id='word_1_296' title='bbox 1100 2620 1194 2673; x_wconf 79' lang='grc' dir='ltr'>καὶ</span> <span class='ocrx_word' id='word_1_297' title='bbox 1220 2622 1345 2684; x_wconf 81' lang='grc' dir='ltr'>τοὺς</span> <span class='ocrx_word' id='word_1_298' title='bbox 1362 2620 1470 2672; x_wconf 84' lang='grc' dir='ltr'><strong>ἀπὸ</strong></span> <span class='ocrx_word' id='word_1_299' title='bbox 1491 2620 1590 2689; x_wconf 83' lang='grc' dir='ltr'>τῆς</span> <span class='ocrx_word' id='word_1_300' title='bbox 1612 2620 1769 2672; x_wconf 87' lang='grc' dir='ltr'>Γαλι-</span> 
     </span>
    </p>
   </div>
   <div class='ocr_carea' id='block_1_44' title="bbox 184 2712 1769 2786">
    <p class='ocr_par' dir='ltr' id='par_1_44' title="bbox 184 2712 1769 2786">
     <span class='ocr_line' id='line_1_44' title="bbox 184 2712 1769 2786; baseline -0.003 -17"><span class='ocrx_word' id='word_1_301' title='bbox 184 2717 364 2780; x_wconf 85' lang='grc' dir='ltr'>λαίας,</span> <span class='ocrx_word' id='word_1_302' title='bbox 398 2717 491 2770; x_wconf 73' lang='grc' dir='ltr'>καὶ</span> <span class='ocrx_word' id='word_1_303' title='bbox 524 2718 651 2779; x_wconf 81' lang='grc' dir='ltr'>τοὺς</span> <span class='ocrx_word' id='word_1_304' title='bbox 691 2716 798 2769; x_wconf 85' lang='grc' dir='ltr'>ἀπὸ</span> <span class='ocrx_word' id='word_1_305' title='bbox 840 2716 939 2786; x_wconf 82' lang='grc' dir='ltr'>τῆς</span> <span class='ocrx_word' id='word_1_306' title='bbox 984 2714 1282 2785; x_wconf 81' lang='grc' dir='ltr'>Ἰτουραίας</span> <span class='ocrx_word' id='word_1_307' title='bbox 1315 2714 1408 2767; x_wconf 82' lang='grc' dir='ltr'>καὶ</span> <span class='ocrx_word' id='word_1_308' title='bbox 1440 2712 1769 2785; x_wconf 80' lang='grc' dir='ltr'>Τραχωνίτι-</span> 
     </span>
    </p>
   </div>
   <div class='ocr_carea' id='block_1_45' title="bbox 184 2806 1767 2879">
    <p class='ocr_par' dir='ltr' id='par_1_45' title="bbox 184 2806 1767 2879">
     <span class='ocr_line' id='line_1_45' title="bbox 184 2806 1767 2879; baseline -0.004 -16"><span class='ocrx_word' id='word_1_309' title='bbox 184 2809 294 2872; x_wconf 79' lang='grc' dir='ltr'>δος,</span> <span class='ocrx_word' id='word_1_310' title='bbox 317 2810 413 2861; x_wconf 78' lang='grc' dir='ltr'><strong>καὶ</strong></span> <span class='ocrx_word' id='word_1_311' title='bbox 444 2808 710 2879; x_wconf 74' lang='grc' dir='ltr'>Ἀϐιλινῆς</span> <span class='ocrx_word' id='word_1_312' title='bbox 744 2808 1037 2871; x_wconf 85' lang='grc' dir='ltr'>πιστεύειν,</span> <span class='ocrx_word' id='word_1_313' title='bbox 1071 2806 1157 2861; x_wconf 80' lang='grc' dir='ltr'>διὰ</span> <span class='ocrx_word' id='word_1_314' title='bbox 1189 2806 1345 2859; x_wconf 84' lang='grc' dir='ltr'>τοῦτο</span> <span class='ocrx_word' id='word_1_315' title='bbox 1366 2807 1767 2876; x_wconf 84' lang='grc' dir='ltr'>ἀναγράφονται</span> 
     </span>
    </p>
   </div>
   <div class='ocr_carea' id='block_1_46' title="bbox 184 2893 1768 2971">
    <p class='ocr_par' dir='ltr' id='par_1_46' title="bbox 184 2893 1768 2971">
     <span class='ocr_line' id='line_1_46' title="bbox 184 2893 1768 2971; baseline -0.004 -18"><span class='ocrx_word' id='word_1_316' title='bbox 184 2902 281 2953; x_wconf 70' lang='grc' dir='ltr'>καὶ</span> <span class='ocrx_word' id='word_1_317' title='bbox 306 2893 468 2954; x_wconf 75' lang='grc' dir='ltr'>αὗται</span> <span class='ocrx_word' id='word_1_318' title='bbox 497 2901 554 2953; x_wconf 79' lang='lat' dir='ltr'><strong>al</strong></span> <span class='ocrx_word' id='word_1_319' title='bbox 595 2899 879 2970; x_wconf 86' lang='grc' dir='ltr'>βασιλεῖαι.</span> <span class='ocrx_word' id='word_1_320' title='bbox 935 2898 1210 2971; x_wconf 83' lang='grc' dir='ltr'><strong>Ἐμνήσθη</strong></span> <span class='ocrx_word' id='word_1_321' title='bbox 1240 2898 1297 2951; x_wconf 81' lang='grc' dir='ltr'>δὲ</span> <span class='ocrx_word' id='word_1_322' title='bbox 1316 2899 1411 2951; x_wconf 78' lang='grc' dir='ltr'><strong>καὶ</strong></span> <span class='ocrx_word' id='word_1_323' title='bbox 1440 2897 1549 2951; x_wconf 88' lang='grc' dir='ltr'><strong>τῶν</strong></span> <span class='ocrx_word' id='word_1_324' title='bbox 1584 2898 1768 2968; x_wconf 80' lang='grc' dir='ltr'>ἀρχιε-</span> 
     </span>
    </p>
   </div>
   <div class='ocr_carea' id='block_1_47' title="bbox 184 2986 1769 3064">
    <p class='ocr_par' dir='ltr' id='par_1_47' title="bbox 184 2986 1769 3064">
     <span class='ocr_line' id='line_1_47' title="bbox 184 2986 1769 3064; baseline -0.004 -19"><span class='ocrx_word' id='word_1_325' title='bbox 184 2993 329 3064; x_wconf 78' lang='grc' dir='ltr'>ρέων</span> <span class='ocrx_word' id='word_1_326' title='bbox 360 2993 529 3046; x_wconf 83' lang='grc' dir='ltr'>Ἀννα</span> <span class='ocrx_word' id='word_1_327' title='bbox 560 2992 654 3044; x_wconf 70' lang='grc' dir='ltr'><strong>καὶ</strong></span> <span class='ocrx_word' id='word_1_328' title='bbox 685 2991 931 3058; x_wconf 85' lang='grc' dir='ltr'>Καῖάφα,</span> <span class='ocrx_word' id='word_1_329' title='bbox 976 2991 1063 3043; x_wconf 83' lang='grc' dir='ltr'><strong>ἵνα</strong></span> <span class='ocrx_word' id='word_1_330' title='bbox 1084 2988 1251 3063; x_wconf 83' lang='grc' dir='ltr'>δείξῃ,</span> <span class='ocrx_word' id='word_1_331' title='bbox 1278 2989 1360 3042; x_wconf 81' lang='grc' dir='ltr'><strong>ὅτι</strong></span> <span class='ocrx_word' id='word_1_332' title='bbox 1390 2988 1497 3042; x_wconf 88' lang='grc' dir='ltr'><strong>ἀπὸ</strong></span> <span class='ocrx_word' id='word_1_333' title='bbox 1517 2986 1612 3040; x_wconf 86' lang='grc' dir='ltr'><strong>τοῦ</strong></span> <span class='ocrx_word' id='word_1_334' title='bbox 1643 3004 1769 3041; x_wconf 88' lang='grc' dir='ltr'>και-</span> 
     </span>
    </p>
   </div>
   <div class='ocr_carea' id='block_1_48' title="bbox 189 3072 1768 3157">
    <p class='ocr_par' dir='ltr' id='par_1_48' title="bbox 189 3072 1768 3157">
     <span class='ocr_line' id='line_1_48' title="bbox 189 3072 1768 3157; baseline -0.004 -21"><span class='ocrx_word' id='word_1_335' title='bbox 189 3084 307 3157; x_wconf 90' lang='grc' dir='ltr'>ροῦ,</span> <span class='ocrx_word' id='word_1_336' title='bbox 346 3083 470 3136; x_wconf 82' lang='grc' dir='ltr'>καθ’</span> <span class='ocrx_word' id='word_1_337' title='bbox 505 3082 563 3135; x_wconf 83' lang='grc' dir='ltr'>ὃν</span> <span class='ocrx_word' id='word_1_338' title='bbox 584 3078 746 3153; x_wconf 77' lang='grc' dir='ltr'>ἦλθεν</span> <span class='ocrx_word' id='word_1_339' title='bbox 768 3080 795 3136; x_wconf 83' lang='grc' dir='ltr'>ὁ</span> <span class='ocrx_word' id='word_1_340' title='bbox 836 3081 1085 3151; x_wconf 83' lang='grc' dir='ltr'>Ἰωάννης</span> <span class='ocrx_word' id='word_1_341' title='bbox 1119 3078 1429 3150; x_wconf 85' lang='grc' dir='ltr'>κηρύσσων,</span> <span class='ocrx_word' id='word_1_342' title='bbox 1458 3073 1598 3149; x_wconf 79' lang='grc' dir='ltr'>ἦσαν</span> <span class='ocrx_word' id='word_1_343' title='bbox 1625 3072 1768 3131; x_wconf 75' lang='grc' dir='ltr'>οὗτοι</span> 
     </span>
    </p>
   </div>
   <div class='ocr_carea' id='block_1_49' title="bbox 1871 1894 3433 1966">
    <p class='ocr_par' dir='ltr' id='par_1_49' title="bbox 1871 1894 3433 1966">
     <span class='ocr_line' id='line_1_49' title="bbox 1871 1894 3433 1966; baseline 0.002 -20"><span class='ocrx_word' id='word_1_344' title='bbox 1871 1907 1963 1947; x_wconf 87' lang='lat' dir='ltr'><strong>rus</strong></span> <span class='ocrx_word' id='word_1_345' title='bbox 1993 1901 2111 1947; x_wconf 87' lang='lat' dir='ltr'><strong>erat</strong></span> <span class='ocrx_word' id='word_1_346' title='bbox 2159 1896 2474 1966; x_wconf 84' lang='lat' dir='ltr'><strong>mysterium</strong></span> <span class='ocrx_word' id='word_1_347' title='bbox 2507 1894 2806 1964; x_wconf 84' lang='lat' dir='ltr'><strong>Evangelii,</strong></span> <span class='ocrx_word' id='word_1_348' title='bbox 2837 1896 3161 1950; x_wconf 87' lang='lat' dir='ltr'><strong>describitur</strong></span> <span class='ocrx_word' id='word_1_349' title='bbox 3194 1912 3300 1950; x_wconf 92' lang='lat' dir='ltr'><strong>non</strong></span> <span class='ocrx_word' id='word_1_350' title='bbox 3337 1895 3433 1952; x_wconf 90' lang='lat' dir='ltr'><strong>Ju-</strong></span> 
     </span>
    </p>
   </div>
   <div class='ocr_carea' id='block_1_50' title="bbox 1868 1984 3434 2067">
    <p class='ocr_par' dir='ltr' id='par_1_50' title="bbox 1868 1984 3434 2067">
     <span class='ocr_line' id='line_1_50' title="bbox 1868 1984 3434 2067; baseline 0.004 -31"><span class='ocrx_word' id='word_1_351' title='bbox 1868 1984 1997 2067; x_wconf 64' lang='lat' dir='ltr'><strong>daue</strong></span> <span class='ocrx_word' id='word_1_352' title='bbox 2039 1984 2189 2041; x_wconf 81' lang='lat' dir='ltr'><strong>solus</strong></span> <span class='ocrx_word' id='word_1_353' title='bbox 2242 2001 2338 2041; x_wconf 89' lang='lat' dir='ltr'><strong>rex</strong></span> <span class='ocrx_word' id='word_1_354' title='bbox 2386 1985 2649 2053; x_wconf 80' lang='lat' dir='ltr'><strong>Herodes,</strong></span> <span class='ocrx_word' id='word_1_355' title='bbox 2686 2002 2859 2057; x_wconf 87' lang='lat' dir='ltr'><strong>neque</strong></span> <span class='ocrx_word' id='word_1_356' title='bbox 2891 1985 3255 2042; x_wconf 83' lang='lat' dir='ltr'><strong>Romanorum</strong></span> <span class='ocrx_word' id='word_1_357' title='bbox 3290 1987 3434 2044; x_wconf 87' lang='lat' dir='ltr'><strong>solus</strong></span> 
     </span>
    </p>
   </div>
   <div class='ocr_carea' id='block_1_51' title="bbox 1869 2075 2142 2132">
    <p class='ocr_par' dir='ltr' id='par_1_51' title="bbox 1869 2075 2142 2132">
     <span class='ocr_line' id='line_1_51' title="bbox 1869 2075 2142 2132; baseline 0.011 -3"><span class='ocrx_word' id='word_1_358' title='bbox 1869 2075 2142 2132; x_wconf 87' lang='lat' dir='ltr'><strong>Tiberius.</strong></span> 
     </span>
    </p>
   </div>
   <div class='ocr_carea' id='block_1_52' title="bbox 2500 2256 2798 2311">
    <p class='ocr_par' dir='ltr' id='par_1_52' title="bbox 2500 2256 2798 2311">
     <span class='ocr_line' id='line_1_52' title="bbox 2500 2256 2798 2311; baseline 0 0"><span class='ocrx_word' id='word_1_359' title='bbox 2500 2256 2653 2311; x_wconf 83' lang='lat' dir='ltr'><strong>CAP.</strong></span> <span class='ocrx_word' id='word_1_360' title='bbox 2713 2256 2798 2311; x_wconf 90' lang='grc' dir='ltr'><strong>ΙΙΙ.</strong></span> 
     </span>
    </p>
   </div>
   <div class='ocr_carea' id='block_1_53' title="bbox 1941 2348 3433 2420">
    <p class='ocr_par' dir='ltr' id='par_1_53' title="bbox 1941 2348 3433 2420">
     <span class='ocr_line' id='line_1_53' title="bbox 1941 2348 3433 2420; baseline 0.002 -15"><span class='ocrx_word' id='word_1_361' title='bbox 1941 2349 1999 2405; x_wconf 91' lang='lat' dir='ltr'><strong>Si</strong></span> <span class='ocrx_word' id='word_1_362' title='bbox 2027 2350 2259 2420; x_wconf 81' lang='lat' dir='ltr'><strong>gentiles</strong></span> <span class='ocrx_word' id='word_1_363' title='bbox 2292 2348 2392 2404; x_wconf 86' lang='lat' dir='ltr'><strong>soli</strong></span> <span class='ocrx_word' id='word_1_364' title='bbox 2422 2349 2665 2404; x_wconf 89' lang='lat' dir='ltr'><strong>salvandi</strong></span> <span class='ocrx_word' id='word_1_365' title='bbox 2697 2361 2872 2414; x_wconf 82' lang='lat' dir='ltr'><strong>erant,</strong></span> <span class='ocrx_word' id='word_1_366' title='bbox 2901 2359 2956 2404; x_wconf 91' lang='lat' dir='ltr'><strong>et</strong></span> <span class='ocrx_word' id='word_1_367' title='bbox 2978 2365 3204 2419; x_wconf 85' lang='lat' dir='ltr'><strong>prorsus</strong></span> <span class='ocrx_word' id='word_1_368' title='bbox 3229 2352 3433 2408; x_wconf 82' lang='lat' dir='ltr'><strong>exclusi</strong></span> 
     </span>
    </p>
   </div>
   <div class='ocr_carea' id='block_1_54' title="bbox 1869 2439 3434 2505">
    <p class='ocr_par' dir='ltr' id='par_1_54' title="bbox 1869 2439 3434 2505">
     <span class='ocr_line' id='line_1_54' title="bbox 1869 2439 3434 2505; baseline 0.001 -9"><span class='ocrx_word' id='word_1_369' title='bbox 1869 2441 2097 2497; x_wconf 82' lang='lat' dir='ltr'><strong>fuissent</strong></span> <span class='ocrx_word' id='word_1_370' title='bbox 2140 2456 2170 2495; x_wconf 92' lang='lat' dir='ltr'><strong>a</strong></span> <span class='ocrx_word' id='word_1_371' title='bbox 2202 2440 2373 2496; x_wconf 90' lang='lat' dir='ltr'><strong>salute</strong></span> <span class='ocrx_word' id='word_1_372' title='bbox 2411 2440 2505 2494; x_wconf 88' lang='lat' dir='ltr'><strong>ﬁlii</strong></span> <span class='ocrx_word' id='word_1_373' title='bbox 2545 2439 2733 2505; x_wconf 86' lang='lat' dir='ltr'><strong>Israel,</strong></span> <span class='ocrx_word' id='word_1_374' title='bbox 2780 2442 2912 2494; x_wconf 91' lang='lat' dir='ltr'><strong>satis</strong></span> <span class='ocrx_word' id='word_1_375' title='bbox 2946 2441 3134 2497; x_wconf 80' lang='lat' dir='ltr'><strong>fuisset</strong></span> <span class='ocrx_word' id='word_1_376' title='bbox 3170 2443 3337 2498; x_wconf 88' lang='lat' dir='ltr'><strong>illud:</strong></span> <span class='ocrx_word' id='word_1_377' title='bbox 3368 2444 3434 2498; x_wconf 80' lang='lat' dir='ltr'><strong>In</strong></span> 
     </span>
    </p>
   </div>
   <div class='ocr_carea' id='block_1_55' title="bbox 1867 2526 3437 2602">
    <p class='ocr_par' dir='ltr' id='par_1_55' title="bbox 1867 2526 3437 2602">
     <span class='ocr_line' id='line_1_55' title="bbox 1867 2526 3437 2602; baseline 0.001 -17"><span class='ocrx_word' id='word_1_378' title='bbox 1867 2547 2006 2585; x_wconf 73' lang='lat' dir='ltr'><strong>anno</strong></span> <span class='ocrx_word' id='word_1_379' title='bbox 2036 2546 2103 2584; x_wconf 83' lang='lat' dir='ltr'><strong>xv</strong></span> <span class='ocrx_word' id='word_1_380' title='bbox 2132 2530 2338 2599; x_wconf 87' lang='lat' dir='ltr'><strong>imperii</strong></span> <span class='ocrx_word' id='word_1_381' title='bbox 2372 2528 2566 2582; x_wconf 80' lang='lat' dir='ltr'><strong>Tiberii</strong></span> <span class='ocrx_word' id='word_1_382' title='bbox 2609 2526 2837 2583; x_wconf 73' lang='lat' dir='ltr'><strong>Cwsaris</strong></span> <span class='ocrx_word' id='word_1_383' title='bbox 2874 2530 2943 2582; x_wconf 74' lang='lat'><strong>“.</strong></span> <span class='ocrx_word' id='word_1_384' title='bbox 2966 2531 3035 2584; x_wconf 82' lang='lat' dir='ltr'><strong>At</strong></span> <span class='ocrx_word' id='word_1_385' title='bbox 3072 2534 3198 2601; x_wconf 86' lang='lat' dir='ltr'><strong>quia</strong></span> <span class='ocrx_word' id='word_1_386' title='bbox 3223 2541 3437 2602; x_wconf 85' lang='lat' dir='ltr'><strong>Oportet</strong></span> 
     </span>
    </p>
   </div>
   <div class='ocr_carea' id='block_1_56' title="bbox 1870 2620 3436 2692">
    <p class='ocr_par' dir='ltr' id='par_1_56' title="bbox 1870 2620 3436 2692">
     <span class='ocr_line' id='line_1_56' title="bbox 1870 2620 3436 2692; baseline 0.001 -14"><span class='ocrx_word' id='word_1_387' title='bbox 1870 2635 1927 2678; x_wconf 90' lang='lat' dir='ltr'><strong>ut</strong></span> <span class='ocrx_word' id='word_1_388' title='bbox 1956 2624 2184 2678; x_wconf 86' lang='lat' dir='ltr'><strong>credant</strong></span> <span class='ocrx_word' id='word_1_389' title='bbox 2211 2633 2266 2678; x_wconf 93' lang='lat' dir='ltr'><strong>et</strong></span> <span class='ocrx_word' id='word_1_390' title='bbox 2285 2623 2322 2677; x_wconf 89' lang='lat' dir='ltr'><strong>ii</strong></span> <span class='ocrx_word' id='word_1_391' title='bbox 2353 2623 2447 2692; x_wconf 91' lang='lat' dir='ltr'><strong>qui</strong></span> <span class='ocrx_word' id='word_1_392' title='bbox 2474 2630 2598 2676; x_wconf 88' lang='lat' dir='ltr'><strong>sunt</strong></span> <span class='ocrx_word' id='word_1_393' title='bbox 2627 2638 2693 2677; x_wconf 91' lang='lat' dir='ltr'><strong>ex</strong></span> <span class='ocrx_word' id='word_1_394' title='bbox 2720 2620 2931 2687; x_wconf 67' lang='lat' dir='ltr'><strong>Ituraaa,</strong></span> <span class='ocrx_word' id='word_1_395' title='bbox 2964 2634 3020 2678; x_wconf 87' lang='lat' dir='ltr'><strong>et</strong></span> <span class='ocrx_word' id='word_1_396' title='bbox 3048 2623 3436 2680; x_wconf 84' lang='lat' dir='ltr'><strong>Trachouitide</strong></span> 
     </span>
    </p>
   </div>
   <div class='ocr_carea' id='block_1_57' title="bbox 1867 2713 3433 2783">
    <p class='ocr_par' dir='ltr' id='par_1_57' title="bbox 1867 2713 3433 2783">
     <span class='ocr_line' id='line_1_57' title="bbox 1867 2713 3433 2783; baseline 0 -15"><span class='ocrx_word' id='word_1_397' title='bbox 1867 2724 1923 2768; x_wconf 89' lang='lat' dir='ltr'><strong>et</strong></span> <span class='ocrx_word' id='word_1_398' title='bbox 1972 2713 2230 2779; x_wconf 80' lang='lat' dir='ltr'><strong>Abilina;</strong></span> <span class='ocrx_word' id='word_1_399' title='bbox 2280 2721 2567 2783; x_wconf 85' lang='lat' dir='ltr'><strong>propterea</strong></span> <span class='ocrx_word' id='word_1_400' title='bbox 2596 2720 2652 2767; x_wconf 90' lang='lat' dir='ltr'><strong>et</strong></span> <span class='ocrx_word' id='word_1_401' title='bbox 2697 2713 2811 2767; x_wconf 67' lang='lat' dir='ltr'><strong>haec</strong></span> <span class='ocrx_word' id='word_1_402' title='bbox 2861 2727 3026 2782; x_wconf 78' lang='lat' dir='ltr'><strong>regna</strong></span> <span class='ocrx_word' id='word_1_403' title='bbox 3067 2715 3433 2768; x_wconf 88' lang='lat' dir='ltr'><strong>ascribuntur.</strong></span> 
     </span>
    </p>
   </div>
   <div class='ocr_carea' id='block_1_58' title="bbox 1870 2802 3438 2872">
    <p class='ocr_par' dir='ltr' id='par_1_58' title="bbox 1870 2802 3438 2872">
     <span class='ocr_line' id='line_1_58' title="bbox 1870 2802 3438 2872; baseline 0 -14"><span class='ocrx_word' id='word_1_404' title='bbox 1870 2804 2036 2859; x_wconf 87' lang='lat' dir='ltr'><strong>Facta</strong></span> <span class='ocrx_word' id='word_1_405' title='bbox 2063 2813 2147 2859; x_wconf 87' lang='lat' dir='ltr'><strong>est</strong></span> <span class='ocrx_word' id='word_1_406' title='bbox 2188 2813 2369 2862; x_wconf 88' lang='lat' dir='ltr'><strong>autem</strong></span> <span class='ocrx_word' id='word_1_407' title='bbox 2411 2805 2616 2857; x_wconf 88' lang='lat' dir='ltr'><strong>mentio</strong></span> <span class='ocrx_word' id='word_1_408' title='bbox 2643 2803 2805 2857; x_wconf 90' lang='lat' dir='ltr'><strong>etiam</strong></span> <span class='ocrx_word' id='word_1_409' title='bbox 2839 2802 3154 2872; x_wconf 85' lang='lat' dir='ltr'><strong>pontiﬁcum</strong></span> <span class='ocrx_word' id='word_1_410' title='bbox 3184 2806 3352 2859; x_wconf 71' lang='lat' dir='ltr'><strong>Anna:</strong></span> <span class='ocrx_word' id='word_1_411' title='bbox 3382 2816 3438 2858; x_wconf 88' lang='lat' dir='ltr'><strong>et</strong></span> 
     </span>
    </p>
   </div>
   <div class='ocr_carea' id='block_1_59' title="bbox 1869 2895 3437 2967">
    <p class='ocr_par' dir='ltr' id='par_1_59' title="bbox 1869 2895 3437 2967">
     <span class='ocr_line' id='line_1_59' title="bbox 1869 2895 3437 2967; baseline -0.001 -16"><span class='ocrx_word' id='word_1_412' title='bbox 1869 2897 2105 2966; x_wconf 59' lang='lat' dir='ltr'><strong>Caiphae,</strong></span> <span class='ocrx_word' id='word_1_413' title='bbox 2146 2910 2254 2967; x_wconf 86' lang='lat' dir='ltr'><strong>quo</strong></span> <span class='ocrx_word' id='word_1_414' title='bbox 2279 2895 2609 2959; x_wconf 85' lang='lat' dir='ltr'><strong>ostenderet,</strong></span> <span class='ocrx_word' id='word_1_415' title='bbox 2648 2895 2775 2963; x_wconf 87' lang='lat' dir='ltr'><strong>quia</strong></span> <span class='ocrx_word' id='word_1_416' title='bbox 2809 2911 2838 2946; x_wconf 90' lang='lat' dir='ltr'><strong>a</strong></span> <span class='ocrx_word' id='word_1_417' title='bbox 2882 2904 3123 2964; x_wconf 88' lang='lat' dir='ltr'><strong>tempore</strong></span> <span class='ocrx_word' id='word_1_418' title='bbox 3154 2910 3262 2964; x_wconf 89' lang='lat' dir='ltr'><strong>quo</strong></span> <span class='ocrx_word' id='word_1_419' title='bbox 3288 2895 3437 2949; x_wconf 83' lang='lat' dir='ltr'><strong>venit</strong></span> 
     </span>
    </p>
   </div>
   <div class='ocr_carea' id='block_1_60' title="bbox 1869 2986 3437 3056">
    <p class='ocr_par' dir='ltr' id='par_1_60' title="bbox 1869 2986 3437 3056">
     <span class='ocr_line' id='line_1_60' title="bbox 1869 2986 3437 3056; baseline -0.001 -12"><span class='ocrx_word' id='word_1_420' title='bbox 1869 2987 2104 3044; x_wconf 80' lang='lat' dir='ltr'><strong>Joannes</strong></span> <span class='ocrx_word' id='word_1_421' title='bbox 2153 2986 2488 3056; x_wconf 62' lang='lat' dir='ltr'><strong>praedicans,</strong></span> <span class='ocrx_word' id='word_1_422' title='bbox 2520 2986 2574 3039; x_wconf 90' lang='lat' dir='ltr'><strong>in</strong></span> <span class='ocrx_word' id='word_1_423' title='bbox 2623 3000 2687 3040; x_wconf 91' lang='lat' dir='ltr'><strong>eo</strong></span> <span class='ocrx_word' id='word_1_424' title='bbox 2723 2995 2961 3055; x_wconf 88' lang='lat' dir='ltr'><strong>tempore</strong></span> <span class='ocrx_word' id='word_1_425' title='bbox 2998 2996 3281 3055; x_wconf 87' lang='lat' dir='ltr'><strong>coeperunt</strong></span> <span class='ocrx_word' id='word_1_426' title='bbox 3314 3002 3437 3042; x_wconf 88' lang='lat' dir='ltr'><strong>esse</strong></span> 
     </span>
    </p>
   </div>
   <div class='ocr_carea' id='block_1_61' title="bbox 1864 3057 3438 3147">
    <p class='ocr_par' dir='ltr' id='par_1_61' title="bbox 1864 3057 3438 3147">
     <span class='ocr_line' id='line_1_61' title="bbox 1864 3057 3438 3147; baseline 0.001 -17"><span class='ocrx_word' id='word_1_427' title='bbox 1864 3057 1975 3130; x_wconf 80' lang='lat' dir='ltr'><strong>isti.</strong></span> <span class='ocrx_word' id='word_1_428' title='bbox 1999 3075 2308 3145; x_wconf 89' lang='lat' dir='ltr'><strong>pontiﬁces,</strong></span> <span class='ocrx_word' id='word_1_429' title='bbox 2333 3076 2425 3144; x_wconf 92' lang='lat' dir='ltr'><strong>qui</strong></span> <span class='ocrx_word' id='word_1_430' title='bbox 2460 3075 2515 3128; x_wconf 92' lang='lat' dir='ltr'><strong>in</strong></span> <span class='ocrx_word' id='word_1_431' title='bbox 2546 3075 2867 3145; x_wconf 88' lang='lat' dir='ltr'><strong>pontiﬁcatu</strong></span> <span class='ocrx_word' id='word_1_432' title='bbox 2909 3085 3229 3133; x_wconf 81' lang='lat' dir='ltr'><strong>manserunt</strong></span> <span class='ocrx_word' id='word_1_433' title='bbox 3267 3092 3438 3147; x_wconf 87' lang='lat' dir='ltr'><strong>usque</strong></span> 
     </span>
    </p>
   </div>
   <div class='ocr_carea' id='block_1_62' title="bbox 182 3162 1769 3247">
    <p class='ocr_par' dir='ltr' id='par_1_62' title="bbox 182 3171 1767 3247">
     <span class='ocr_line' id='line_1_62' title="bbox 182 3171 1767 3247; baseline -0.004 -18"><span class='ocrx_word' id='word_1_434' title='bbox 182 3176 466 3247; x_wconf 79' lang='grc' dir='ltr'>ἀρχιερεῖς</span> <span class='ocrx_word' id='word_1_435' title='bbox 501 3175 559 3227; x_wconf 79' lang='grc' dir='ltr'>ὲν</span> <span class='ocrx_word' id='word_1_436' title='bbox 602 3174 792 3244; x_wconf 86' lang='grc' dir='ltr'>ὲκείνῳ</span> <span class='ocrx_word' id='word_1_437' title='bbox 816 3172 894 3244; x_wconf 80' lang='grc' dir='ltr'>τῷ</span> <span class='ocrx_word' id='word_1_438' title='bbox 921 3172 1098 3243; x_wconf 82' lang='grc' dir='ltr'>καιρῷ</span> <span class='ocrx_word' id='word_1_439' title='bbox 1136 3172 1453 3243; x_wconf 82' lang='grc' dir='ltr'>ἀρξάμενοι,</span> <span class='ocrx_word' id='word_1_440' title='bbox 1489 3171 1767 3242; x_wconf 83' lang='grc' dir='ltr'>μείναντες</span> 
     </span>
    </p>
   </div>
   <div class='ocr_carea' id='block_1_63' title="bbox 1875 3162 2535 3247">
    <p class='ocr_par' dir='ltr' id='par_1_63' title="bbox 1875 3167 2535 3240">
     <span class='ocr_line' id='line_1_63' title="bbox 1875 3167 2535 3240; baseline -0.002 -18"><span class='ocrx_word' id='word_1_441' title='bbox 1875 3168 2267 3240; x_wconf 85' lang='lat' dir='ltr'><strong>ad_passionem</strong></span> <span class='ocrx_word' id='word_1_442' title='bbox 2301 3167 2535 3223; x_wconf 91' lang='lat' dir='ltr'><strong>Domini.</strong></span> 
     </span>
    </p>
   </div>
   <div class='ocr_carea' id='block_1_64' title="bbox 184 3254 1764 3334">
    <p class='ocr_par' dir='ltr' id='par_1_64' title="bbox 184 3254 1764 3334">
     <span class='ocr_line' id='line_1_64' title="bbox 184 3254 1764 3334; baseline -0.004 -13"><span class='ocrx_word' id='word_1_443' title='bbox 184 3267 243 3321; x_wconf 78' lang='grc' dir='ltr'>δὲ</span> <span class='ocrx_word' id='word_1_444' title='bbox 284 3268 390 3330; x_wconf 85' lang='grc' dir='ltr'>ἓως</span> <span class='ocrx_word' id='word_1_445' title='bbox 422 3264 518 3319; x_wconf 80' lang='grc' dir='ltr'><strong>τοῦ</strong></span> <span class='ocrx_word' id='word_1_446' title='bbox 556 3265 761 3328; x_wconf 83' lang='grc' dir='ltr'>πάθους</span> <span class='ocrx_word' id='word_1_447' title='bbox 788 3264 881 3318; x_wconf 86' lang='grc' dir='ltr'><strong>τοῦ</strong></span> <span class='ocrx_word' id='word_1_448' title='bbox 913 3265 1119 3334; x_wconf 85' lang='grc' dir='ltr'>Κυρίου</span> <span class='ocrx_word' id='word_1_449' title='bbox 1164 3254 1223 3316; x_wconf 74' lang='grc' dir='ltr'>ἓν</span> <span class='ocrx_word' id='word_1_450' title='bbox 1254 3266 1321 3334; x_wconf 81' lang='grc' dir='ltr'>τῇ</span> <span class='ocrx_word' id='word_1_451' title='bbox 1369 3261 1764 3334; x_wconf 73' lang='grc' dir='ltr'>ἀρχιερωσύνη.</span> 
     </span>
    </p>
   </div>
   <div class='ocr_carea' id='block_1_65' title="bbox 261 3354 1770 3426">
    <p class='ocr_par' dir='ltr' id='par_1_65' title="bbox 261 3354 1770 3426">
     <span class='ocr_line' id='line_1_65' title="bbox 261 3354 1770 3426; baseline -0.005 -13"><span class='ocrx_word' id='word_1_452' title='bbox 261 3356 375 3413; x_wconf 85' lang='grc' dir='ltr'><strong>Τοῦ</strong></span> <span class='ocrx_word' id='word_1_453' title='bbox 408 3358 614 3412; x_wconf 73' lang='grc' dir='ltr'>αὑτοῦ;</span> <span class='ocrx_word' id='word_1_454' title='bbox 654 3358 921 3411; x_wconf 81' lang='grc' dir='ltr'>Οὐδέποτε</span> <span class='ocrx_word' id='word_1_455' title='bbox 954 3357 1146 3425; x_wconf 82' lang='grc' dir='ltr'>γέγονε</span> <span class='ocrx_word' id='word_1_456' title='bbox 1174 3355 1325 3426; x_wconf 75' lang='grc' dir='ltr'>ῥῆμα</span> <span class='ocrx_word' id='word_1_457' title='bbox 1363 3354 1499 3407; x_wconf 75' lang='grc' dir='ltr'>Θεοῦ</span> <span class='ocrx_word' id='word_1_458' title='bbox 1530 3354 1621 3407; x_wconf 81' lang='grc' dir='ltr'>ὲπί</span> <span class='ocrx_word' id='word_1_459' title='bbox 1651 3370 1770 3407; x_wconf 83' lang='grc' dir='ltr'>τινα</span> 
     </span>
    </p>
   </div>
   <div class='ocr_carea' id='block_1_66' title="bbox 183 3447 1773 3522">
    <p class='ocr_par' dir='ltr' id='par_1_66' title="bbox 183 3447 1773 3522">
     <span class='ocr_line' id='line_1_66' title="bbox 183 3447 1773 3522; baseline -0.003 -17"><span class='ocrx_word' id='word_1_460' title='bbox 183 3451 297 3505; x_wconf 82' lang='grc' dir='ltr'><strong>τῶν</strong></span> <span class='ocrx_word' id='word_1_461' title='bbox 330 3449 626 3522; x_wconf 77' lang='grc' dir='ltr'>προφητῶν</span> <span class='ocrx_word' id='word_1_462' title='bbox 655 3451 711 3502; x_wconf 79' lang='grc' dir='ltr'><strong>ἐν</strong></span> <span class='ocrx_word' id='word_1_463' title='bbox 732 3452 799 3520; x_wconf 83' lang='grc' dir='ltr'>τῇ</span> <span class='ocrx_word' id='word_1_464' title='bbox 830 3451 1042 3520; x_wconf 75' lang='grc' dir='ltr'>ἐρήμῳ.</span> <span class='ocrx_word' id='word_1_465' title='bbox 1085 3448 1301 3519; x_wconf 83' lang='grc' dir='ltr'>Ἐπειδὴ</span> <span class='ocrx_word' id='word_1_466' title='bbox 1330 3448 1388 3500; x_wconf 85' lang='grc' dir='ltr'>δὲ</span> <span class='ocrx_word' id='word_1_467' title='bbox 1426 3447 1614 3518; x_wconf 75' lang='grc' dir='ltr'>ἔμελλε</span> <span class='ocrx_word' id='word_1_468' title='bbox 1645 3448 1773 3502; x_wconf 89' lang='grc' dir='ltr'>πολ-</span> 
     </span>
    </p>
   </div>
   <div class='ocr_carea' id='block_1_67' title="bbox 162 3534 1771 3613">
    <p class='ocr_par' dir='ltr' id='par_1_67' title="bbox 162 3534 1771 3613">
     <span class='ocr_line' id='line_1_67' title="bbox 162 3534 1771 3613; baseline -0.004 -16"><span class='ocrx_word' id='word_1_469' title='bbox 162 3544 257 3597; x_wconf 58' lang='grc' dir='ltr'>.λά</span> <span class='ocrx_word' id='word_1_470' title='bbox 282 3544 451 3596; x_wconf 77' lang='grc' dir='ltr'>τέκνα</span> <span class='ocrx_word' id='word_1_471' title='bbox 470 3542 569 3613; x_wconf 78' lang='grc' dir='ltr'>τῆς</span> <span class='ocrx_word' id='word_1_472' title='bbox 595 3543 799 3613; x_wconf 80' lang='grc' dir='ltr'>ἐρήμου</span> <span class='ocrx_word' id='word_1_473' title='bbox 830 3541 1027 3611; x_wconf 86' lang='grc' dir='ltr'>μᾶλλον</span> <span class='ocrx_word' id='word_1_474' title='bbox 1052 3534 1190 3594; x_wconf 79' lang='grc' dir='ltr'>εἶναι</span> <span class='ocrx_word' id='word_1_475' title='bbox 1218 3541 1251 3610; x_wconf 85' lang='grc' dir='ltr'>ἢ</span> <span class='ocrx_word' id='word_1_476' title='bbox 1284 3539 1383 3610; x_wconf 85' lang='grc' dir='ltr'><strong>τῆς</strong></span> <span class='ocrx_word' id='word_1_477' title='bbox 1426 3540 1654 3611; x_wconf 73' lang='grc' dir='ltr'>ἐχούσης</span> <span class='ocrx_word' id='word_1_478' title='bbox 1681 3537 1771 3591; x_wconf 81' lang='grc' dir='ltr'>τὸν</span> 
     </span>
    </p>
   </div>
   <div class='ocr_carea' id='block_1_68' title="bbox 186 3628 1771 3701">
    <p class='ocr_par' dir='ltr' id='par_1_68' title="bbox 186 3628 1771 3701">
     <span class='ocr_line' id='line_1_68' title="bbox 186 3628 1771 3701; baseline -0.001 -17"><span class='ocrx_word' id='word_1_479' title='bbox 186 3631 378 3701; x_wconf 71' lang='grc' dir='ltr'>ἄνδρα,</span> <span class='ocrx_word' id='word_1_480' title='bbox 408 3630 495 3683; x_wconf 72' lang='grc' dir='ltr'>διὰ</span> <span class='ocrx_word' id='word_1_481' title='bbox 529 3629 687 3683; x_wconf 86' lang='grc' dir='ltr'>τοῦτο</span> <span class='ocrx_word' id='word_1_482' title='bbox 714 3630 928 3698; x_wconf 73' lang='grc' dir='ltr'>ἐγένετο</span> <span class='ocrx_word' id='word_1_483' title='bbox 968 3630 1117 3700; x_wconf 74' lang='grc' dir='ltr'>ῥῆμα</span> <span class='ocrx_word' id='word_1_484' title='bbox 1138 3628 1272 3682; x_wconf 88' lang='grc' dir='ltr'>Θεοῦ</span> <span class='ocrx_word' id='word_1_485' title='bbox 1313 3630 1405 3682; x_wconf 74' lang='grc' dir='ltr'>ἐπὶ</span> <span class='ocrx_word' id='word_1_486' title='bbox 1436 3630 1684 3699; x_wconf 84' lang='grc' dir='ltr'>Ἰωάννην</span> <span class='ocrx_word' id='word_1_487' title='bbox 1713 3632 1771 3683; x_wconf 84' lang='grc' dir='ltr'>ὲν</span> 
     </span>
    </p>
   </div>
   <div class='ocr_carea' id='block_1_69' title="bbox 188 3719 1772 3793">
    <p class='ocr_par' dir='ltr' id='par_1_69' title="bbox 188 3719 1772 3793">
     <span class='ocr_line' id='line_1_69' title="bbox 188 3719 1772 3793; baseline -0.001 -19"><span class='ocrx_word' id='word_1_488' title='bbox 188 3726 253 3793; x_wconf 76' lang='grc' dir='ltr'>τῇ</span> <span class='ocrx_word' id='word_1_489' title='bbox 288 3724 500 3792; x_wconf 72' lang='grc' dir='ltr'>ἐρήμῳ.</span> <span class='ocrx_word' id='word_1_490' title='bbox 539 3724 602 3774; x_wconf 82' lang='lat' dir='ltr'><strong>El</strong></span> <span class='ocrx_word' id='word_1_491' title='bbox 637 3721 746 3791; x_wconf 85' lang='grc' dir='ltr'><strong>γὰρ</strong></span> <span class='ocrx_word' id='word_1_492' title='bbox 782 3720 855 3793; x_wconf 84' lang='grc' dir='ltr'>μὴ</span> <span class='ocrx_word' id='word_1_493' title='bbox 889 3721 1046 3775; x_wconf 83' lang='grc' dir='ltr'>τοῦτο</span> <span class='ocrx_word' id='word_1_494' title='bbox 1069 3719 1159 3792; x_wconf 79' lang='grc' dir='ltr'>ἦν,</span> <span class='ocrx_word' id='word_1_495' title='bbox 1204 3723 1269 3774; x_wconf 86' lang='grc' dir='ltr'><strong>ὲκ</strong></span> <span class='ocrx_word' id='word_1_496' title='bbox 1296 3719 1559 3792; x_wconf 81' lang='grc' dir='ltr'>περισσοῦ</span> <span class='ocrx_word' id='word_1_497' title='bbox 1600 3721 1772 3773; x_wconf 83' lang='grc' dir='ltr'>ὲποίει</span> 
     </span>
    </p>
   </div>
   <div class='ocr_carea' id='block_1_70' title="bbox 186 3804 1775 3883">
    <p class='ocr_par' dir='ltr' id='par_1_70' title="bbox 186 3804 1775 3883">
     <span class='ocr_line' id='line_1_70' title="bbox 186 3804 1775 3883; baseline -0.004 -19"><span class='ocrx_word' id='word_1_498' title='bbox 186 3811 483 3883; x_wconf 80' lang='grc' dir='ltr'>κηρύσσων</span> <span class='ocrx_word' id='word_1_499' title='bbox 512 3810 570 3862; x_wconf 84' lang='grc' dir='ltr'><strong>ὲν</strong></span> <span class='ocrx_word' id='word_1_500' title='bbox 598 3813 664 3880; x_wconf 85' lang='grc' dir='ltr'>τῇ</span> <span class='ocrx_word' id='word_1_501' title='bbox 700 3810 910 3881; x_wconf 75' lang='grc' dir='ltr'>ἐρήμῳ.</span> <span class='ocrx_word' id='word_1_502' title='bbox 956 3808 1063 3863; x_wconf 83' lang='grc' dir='ltr'><strong>Καὶ</strong></span> <span class='ocrx_word' id='word_1_503' title='bbox 1102 3805 1290 3879; x_wconf 75' lang='grc' dir='ltr'>ἦλθεν</span> <span class='ocrx_word' id='word_1_504' title='bbox 1316 3809 1403 3872; x_wconf 75' lang='grc' dir='ltr'>εἰς</span> <span class='ocrx_word' id='word_1_505' title='bbox 1430 3805 1633 3860; x_wconf 83' lang='grc' dir='ltr'>πᾶσαν</span> <span class='ocrx_word' id='word_1_506' title='bbox 1662 3804 1775 3873; x_wconf 78' lang='grc' dir='ltr'>τὴν</span> 
     </span>
    </p>
   </div>
   <div class='ocr_carea' id='block_1_71' title="bbox 1874 3346 3438 3421">
    <p class='ocr_par' dir='ltr' id='par_1_71' title="bbox 1874 3346 3438 3421">
     <span class='ocr_line' id='line_1_71' title="bbox 1874 3346 3438 3421; baseline 0.003 -21"><span class='ocrx_word' id='word_1_507' title='bbox 1874 3384 1879 3389; x_wconf 87' lang='grc'><strong>-</strong></span> <span class='ocrx_word' id='word_1_508' title='bbox 1940 3346 2215 3416; x_wconf 76' lang='lat' dir='ltr'><strong>Ejusdem.</strong></span> <span class='ocrx_word' id='word_1_509' title='bbox 2248 3346 2495 3403; x_wconf 87' lang='lat' dir='ltr'><strong>Nondum</strong></span> <span class='ocrx_word' id='word_1_510' title='bbox 2544 3348 2722 3403; x_wconf 86' lang='lat' dir='ltr'><strong>fuerat</strong></span> <span class='ocrx_word' id='word_1_511' title='bbox 2754 3350 2978 3404; x_wconf 83' lang='lat' dir='ltr'><strong>verbum</strong></span> <span class='ocrx_word' id='word_1_512' title='bbox 3020 3349 3113 3406; x_wconf 88' lang='lat' dir='ltr'><strong>Dei</strong></span> <span class='ocrx_word' id='word_1_513' title='bbox 3145 3352 3211 3405; x_wconf 87' lang='lat' dir='ltr'><strong>ad</strong></span> <span class='ocrx_word' id='word_1_514' title='bbox 3242 3366 3438 3421; x_wconf 88' lang='lat' dir='ltr'><strong>quem-</strong></span> 
     </span>
    </p>
   </div>
   <div class='ocr_carea' id='block_1_72' title="bbox 1872 3440 3439 3510">
    <p class='ocr_par' dir='ltr' id='par_1_72' title="bbox 1872 3440 3439 3510">
     <span class='ocr_line' id='line_1_72' title="bbox 1872 3440 3439 3510; baseline 0.003 -18"><span class='ocrx_word' id='word_1_515' title='bbox 1872 3440 2012 3509; x_wconf 89' lang='lat' dir='ltr'><strong>piam</strong></span> <span class='ocrx_word' id='word_1_516' title='bbox 2052 3441 2441 3509; x_wconf 83' lang='lat' dir='ltr'><strong>prophetarum</strong></span> <span class='ocrx_word' id='word_1_517' title='bbox 2487 3440 2539 3494; x_wconf 89' lang='lat' dir='ltr'><strong>in</strong></span> <span class='ocrx_word' id='word_1_518' title='bbox 2588 3442 2825 3495; x_wconf 87' lang='lat' dir='ltr'><strong>deserto.</strong></span> <span class='ocrx_word' id='word_1_519' title='bbox 2862 3444 2933 3496; x_wconf 85' lang='lat' dir='ltr'><strong>At</strong></span> <span class='ocrx_word' id='word_1_520' title='bbox 2973 3443 3061 3497; x_wconf 89' lang='lat' dir='ltr'><strong>ubi</strong></span> <span class='ocrx_word' id='word_1_521' title='bbox 3109 3446 3283 3510; x_wconf 75' lang='lat' dir='ltr'><strong>plures</strong></span> <span class='ocrx_word' id='word_1_522' title='bbox 3318 3457 3439 3496; x_wconf 81' lang='lat' dir='ltr'><strong>esse</strong></span> 
     </span>
    </p>
   </div>
   <div class='ocr_carea' id='block_1_73' title="bbox 1870 3531 3439 3604">
    <p class='ocr_par' dir='ltr' id='par_1_73' title="bbox 1870 3531 3439 3604">
     <span class='ocr_line' id='line_1_73' title="bbox 1870 3531 3439 3604; baseline 0.001 -19"><span class='ocrx_word' id='word_1_523' title='bbox 1870 3531 2136 3587; x_wconf 81' lang='lat' dir='ltr'><strong>debebant</strong></span> <span class='ocrx_word' id='word_1_524' title='bbox 2150 3532 2248 3601; x_wconf 84' lang='lat' dir='ltr'><strong>ﬁlii</strong></span> <span class='ocrx_word' id='word_1_525' title='bbox 2264 3533 2499 3597; x_wconf 70' lang='lat' dir='ltr'><strong>decente,</strong></span> <span class='ocrx_word' id='word_1_526' title='bbox 2520 3549 2676 3601; x_wconf 85' lang='lat' dir='ltr'><strong>quam</strong></span> <span class='ocrx_word' id='word_1_527' title='bbox 2691 3534 2802 3604; x_wconf 74' lang='lat' dir='ltr'><strong>ejus</strong></span> <span class='ocrx_word' id='word_1_528' title='bbox 2817 3550 2933 3604; x_wconf 82' lang='lat' dir='ltr'><strong>qua:</strong></span> <span class='ocrx_word' id='word_1_529' title='bbox 2948 3537 3165 3589; x_wconf 83' lang='lat' dir='ltr'><strong>habebat</strong></span> <span class='ocrx_word' id='word_1_530' title='bbox 3190 3537 3235 3589; x_wconf 78' lang='grc' dir='ltr'>ιιὲ</span> <span class='ocrx_word' id='word_1_531' title='bbox 3242 3551 3354 3588; x_wconf 87' lang='lat' dir='ltr'><strong>rum</strong></span> <span class='ocrx_word' id='word_1_532' title='bbox 3369 3536 3439 3603; x_wconf 73' lang='lat'><strong>“,</strong></span> 
     </span>
    </p>
   </div>
   <div class='ocr_carea' id='block_1_74' title="bbox 1870 3622 3440 3695">
    <p class='ocr_par' dir='ltr' id='par_1_74' title="bbox 1870 3622 3440 3695">
     <span class='ocr_line' id='line_1_74' title="bbox 1870 3622 3440 3695; baseline 0.003 -17"><span class='ocrx_word' id='word_1_533' title='bbox 1870 3638 2153 3695; x_wconf 82' lang='lat' dir='ltr'><strong>propterea</strong></span> <span class='ocrx_word' id='word_1_534' title='bbox 2200 3643 2214 3679; x_wconf 89' lang='lat'><strong>:</strong></span> <span class='ocrx_word' id='word_1_535' title='bbox 2262 3622 2489 3677; x_wconf 88' lang='lat' dir='ltr'><strong>Factum</strong></span> <span class='ocrx_word' id='word_1_536' title='bbox 2533 3635 2607 3677; x_wconf 77' lang='lat' dir='ltr'><strong>est</strong></span> <span class='ocrx_word' id='word_1_537' title='bbox 2653 3626 2865 3678; x_wconf 78' lang='lat' dir='ltr'><strong>verbum</strong></span> <span class='ocrx_word' id='word_1_538' title='bbox 2906 3624 3013 3691; x_wconf 83' lang='lat' dir='ltr'><strong>Dei</strong></span> <span class='ocrx_word' id='word_1_539' title='bbox 3056 3628 3123 3679; x_wconf 86' lang='lat' dir='ltr'><strong>ad</strong></span> <span class='ocrx_word' id='word_1_540' title='bbox 3179 3625 3440 3682; x_wconf 83' lang='lat' dir='ltr'><strong>Joannem</strong></span> 
     </span>
    </p>
   </div>
   <div class='ocr_carea' id='block_1_75' title="bbox 1871 3714 3441 3788">
    <p class='ocr_par' dir='ltr' id='par_1_75' title="bbox 1871 3714 3441 3788">
     <span class='ocr_line' id='line_1_75' title="bbox 1871 3714 3441 3788; baseline 0.001 -19"><span class='ocrx_word' id='word_1_541' title='bbox 1871 3718 1924 3769; x_wconf 86' lang='lat' dir='ltr'><strong>in</strong></span> <span class='ocrx_word' id='word_1_542' title='bbox 1954 3717 2158 3770; x_wconf 79' lang='lat' dir='ltr'><strong>deserto</strong></span> <span class='ocrx_word' id='word_1_543' title='bbox 2186 3715 2252 3770; x_wconf 70' lang='grc'>⁸³.</span> <span class='ocrx_word' id='word_1_544' title='bbox 2287 3714 2400 3770; x_wconf 84' lang='lat' dir='ltr'><strong>Nisi</strong></span> <span class='ocrx_word' id='word_1_545' title='bbox 2434 3715 2580 3769; x_wconf 90' lang='lat' dir='ltr'><strong>enim</strong></span> <span class='ocrx_word' id='word_1_546' title='bbox 2608 3715 2710 3768; x_wconf 91' lang='lat' dir='ltr'><strong>hoc</strong></span> <span class='ocrx_word' id='word_1_547' title='bbox 2739 3714 2954 3778; x_wconf 80' lang='lat' dir='ltr'><strong>fuisset,</strong></span> <span class='ocrx_word' id='word_1_548' title='bbox 2992 3716 3263 3770; x_wconf 88' lang='lat' dir='ltr'><strong>incassum</strong></span> <span class='ocrx_word' id='word_1_549' title='bbox 3300 3720 3441 3788; x_wconf 78' lang='lat' dir='ltr'><strong>egis-</strong></span> 
     </span>
    </p>
   </div>
   <div class='ocr_carea' id='block_1_76' title="bbox 1874 3804 3442 3877">
    <p class='ocr_par' dir='ltr' id='par_1_76' title="bbox 1874 3804 3442 3877">
     <span class='ocr_line' id='line_1_76' title="bbox 1874 3804 3442 3877; baseline -0.002 -15"><span class='ocrx_word' id='word_1_550' title='bbox 1874 3817 1954 3862; x_wconf 87' lang='lat' dir='ltr'><strong>set</strong></span> <span class='ocrx_word' id='word_1_551' title='bbox 1982 3808 2283 3877; x_wconf 70' lang='lat' dir='ltr'><strong>praadicans</strong></span> <span class='ocrx_word' id='word_1_552' title='bbox 2308 3807 2360 3859; x_wconf 90' lang='lat' dir='ltr'><strong>in</strong></span> <span class='ocrx_word' id='word_1_553' title='bbox 2385 3807 2622 3861; x_wconf 90' lang='lat' dir='ltr'><strong>deserto.</strong></span> <span class='ocrx_word' id='word_1_554' title='bbox 2645 3804 2710 3858; x_wconf 82' lang='lat' dir='ltr'><strong>Et</strong></span> <span class='ocrx_word' id='word_1_555' title='bbox 2737 3806 2872 3859; x_wconf 79' lang='lat' dir='ltr'><strong>venit</strong></span> <span class='ocrx_word' id='word_1_556' title='bbox 2902 3807 2956 3859; x_wconf 87' lang='lat' dir='ltr'><strong>in</strong></span> <span class='ocrx_word' id='word_1_557' title='bbox 2986 3823 3188 3860; x_wconf 81' lang='lat' dir='ltr'><strong>onmem</strong></span> <span class='ocrx_word' id='word_1_558' title='bbox 3215 3808 3442 3861; x_wconf 80' lang='lat' dir='ltr'><strong>circum-</strong></span> 
     </span>
    </p>
   </div>
   <div class='ocr_carea' id='block_1_77' title="bbox 186 3896 1769 3972">
    <p class='ocr_par' dir='ltr' id='par_1_77' title="bbox 186 3896 1769 3972">
     <span class='ocr_line' id='line_1_77' title="bbox 186 3896 1769 3972; baseline -0.003 -17"><span class='ocrx_word' id='word_1_559' title='bbox 186 3903 527 3972; x_wconf 71' lang='grc' dir='ltr'>περίχωρον</span> <span class='ocrx_word' id='word_1_560' title='bbox 554 3901 660 3954; x_wconf 87' lang='grc' dir='ltr'><strong>τοῦ</strong></span> <span class='ocrx_word' id='word_1_561' title='bbox 678 3899 988 3969; x_wconf 74' lang='grc' dir='ltr'>Ἰορδὰν-ου’</span> <span class='ocrx_word' id='word_1_562' title='bbox 1019 3899 1131 3971; x_wconf 82' lang='grc'><strong>(65)</strong></span> <span class='ocrx_word' id='word_1_563' title='bbox 1168 3896 1272 3951; x_wconf 87' lang='grc' dir='ltr'><strong>ποῦ</strong></span> <span class='ocrx_word' id='word_1_564' title='bbox 1304 3897 1413 3968; x_wconf 86' lang='grc' dir='ltr'><strong>γὰρ</strong></span> <span class='ocrx_word' id='word_1_565' title='bbox 1437 3896 1543 3950; x_wconf 84' lang='grc' dir='ltr'>ἔδει</span> <span class='ocrx_word' id='word_1_566' title='bbox 1565 3896 1654 3949; x_wconf 83' lang='grc' dir='ltr'><strong>τὸν</strong></span> <span class='ocrx_word' id='word_1_567' title='bbox 1678 3897 1769 3950; x_wconf 82' lang='grc' dir='ltr'><strong>Βα-</strong></span> 
     </span>
    </p>
   </div>
   <div class='ocr_carea' id='block_1_78' title="bbox 1875 3896 3442 3972">
    <p class='ocr_par' dir='ltr' id='par_1_78' title="bbox 1875 3898 3442 3968">
     <span class='ocr_line' id='line_1_78' title="bbox 1875 3898 3442 3968; baseline 0 -15"><span class='ocrx_word' id='word_1_568' title='bbox 1875 3901 2131 3966; x_wconf 78' lang='lat' dir='ltr'><strong>iacentem</strong></span> <span class='ocrx_word' id='word_1_569' title='bbox 2165 3900 2427 3968; x_wconf 83' lang='lat' dir='ltr'><strong>regionem</strong></span> <span class='ocrx_word' id='word_1_570' title='bbox 2482 3898 2738 3953; x_wconf 72' lang='lat' dir='ltr'><strong>Jordanis</strong></span> <span class='ocrx_word' id='word_1_571' title='bbox 2765 3899 2830 3951; x_wconf 74' lang='lat'><strong>“.</strong></span> <span class='ocrx_word' id='word_1_572' title='bbox 2873 3898 2992 3965; x_wconf 87' lang='lat' dir='ltr'><strong>Quo</strong></span> <span class='ocrx_word' id='word_1_573' title='bbox 3034 3902 3177 3955; x_wconf 87' lang='lat' dir='ltr'><strong>enim</strong></span> <span class='ocrx_word' id='word_1_574' title='bbox 3216 3901 3442 3956; x_wconf 85' lang='lat' dir='ltr'><strong>debebat</strong></span> 
     </span>
    </p>
   </div>
   <div class='ocr_carea' id='block_1_79' title="bbox 187 3986 1777 4063">
    <p class='ocr_par' dir='ltr' id='par_1_79' title="bbox 187 3986 1777 4063">
     <span class='ocr_line' id='line_1_79' title="bbox 187 3986 1777 4063; baseline -0.004 -18"><span class='ocrx_word' id='word_1_575' title='bbox 187 3992 424 4063; x_wconf 83' lang='grc' dir='ltr'>πτιστὴν</span> <span class='ocrx_word' id='word_1_576' title='bbox 456 3991 836 4063; x_wconf 84' lang='grc' dir='ltr'>προέρχεσθαι,</span> <span class='ocrx_word' id='word_1_577' title='bbox 870 3990 902 4061; x_wconf 79' lang='grc' dir='ltr'><strong>ἢ</strong></span> <span class='ocrx_word' id='word_1_578' title='bbox 936 3992 1014 4053; x_wconf 77' lang='grc' dir='ltr'><strong>εἰς</strong></span> <span class='ocrx_word' id='word_1_579' title='bbox 1045 3989 1142 4061; x_wconf 78' lang='grc' dir='ltr'><strong>τὴν</strong></span> <span class='ocrx_word' id='word_1_580' title='bbox 1167 3989 1472 4059; x_wconf 85' lang='grc' dir='ltr'>περίχωρον</span> <span class='ocrx_word' id='word_1_581' title='bbox 1503 3986 1597 4040; x_wconf 83' lang='grc' dir='ltr'><strong>τοῦ</strong></span> <span class='ocrx_word' id='word_1_582' title='bbox 1646 3988 1777 4059; x_wconf 86' lang='grc' dir='ltr'>Ἰορ-</span> 
     </span>
    </p>
   </div>
   <div class='ocr_carea' id='block_1_80' title="bbox 186 4078 1777 4153">
    <p class='ocr_par' dir='ltr' id='par_1_80' title="bbox 186 4078 1777 4153">
     <span class='ocr_line' id='line_1_80' title="bbox 186 4078 1777 4153; baseline -0.006 -15"><span class='ocrx_word' id='word_1_583' title='bbox 186 4084 374 4149; x_wconf 79' lang='grc' dir='ltr'>δάνου,</span> <span class='ocrx_word' id='word_1_584' title='bbox 410 4084 517 4147; x_wconf 83' lang='grc' dir='ltr'>ἵνα,</span> <span class='ocrx_word' id='word_1_585' title='bbox 556 4083 651 4137; x_wconf 55' lang='lat' dir='ltr'><strong>ea»</strong></span> <span class='ocrx_word' id='word_1_586' title='bbox 683 4099 766 4147; x_wconf 88' lang='grc' dir='ltr'><strong>τις</strong></span> <span class='ocrx_word' id='word_1_587' title='bbox 800 4082 1052 4153; x_wconf 83' lang='grc' dir='ltr'>βούληται</span> <span class='ocrx_word' id='word_1_588' title='bbox 1098 4083 1396 4153; x_wconf 89' lang='grc' dir='ltr'>μετανοεῖν,</span> <span class='ocrx_word' id='word_1_589' title='bbox 1446 4078 1651 4142; x_wconf 84' lang='grc' dir='ltr'>εὐθέως</span> <span class='ocrx_word' id='word_1_590' title='bbox 1688 4079 1777 4129; x_wconf 88' lang='grc' dir='ltr'>εύ-</span> 
     </span>
    </p>
   </div>
   <div class='ocr_carea' id='block_1_81' title="bbox 189 4169 1774 4248">
    <p class='ocr_par' dir='ltr' id='par_1_81' title="bbox 189 4169 1774 4248">
     <span class='ocr_line' id='line_1_81' title="bbox 189 4169 1774 4248; baseline -0.005 -20"><span class='ocrx_word' id='word_1_591' title='bbox 189 4177 410 4248; x_wconf 77' lang='grc' dir='ltr'>πορήσῃ</span> <span class='ocrx_word' id='word_1_592' title='bbox 442 4174 536 4228; x_wconf 86' lang='grc' dir='ltr'><strong>τοῦ</strong></span> <span class='ocrx_word' id='word_1_593' title='bbox 558 4174 801 4245; x_wconf 82' lang='grc' dir='ltr'>ποταμοῦ</span> <span class='ocrx_word' id='word_1_594' title='bbox 832 4190 847 4239; x_wconf 92' lang='grc'>;</span> <span class='ocrx_word' id='word_1_595' title='bbox 881 4173 1234 4227; x_wconf 79' lang='grc' dir='ltr'>Καταὸαίνων</span> <span class='ocrx_word' id='word_1_596' title='bbox 1254 4172 1363 4243; x_wconf 88' lang='grc' dir='ltr'>γάρ</span> <span class='ocrx_word' id='word_1_597' title='bbox 1381 4172 1526 4225; x_wconf 76' lang='grc' dir='ltr'>ἐστιν</span> <span class='ocrx_word' id='word_1_598' title='bbox 1547 4171 1620 4233; x_wconf 86' lang='grc' dir='ltr'>ὡς</span> <span class='ocrx_word' id='word_1_599' title='bbox 1642 4169 1774 4241; x_wconf 86' lang='grc' dir='ltr'>ἀλη-</span> 
     </span>
    </p>
   </div>
   <div class='ocr_carea' id='block_1_82' title="bbox 189 4257 1779 4334">
    <p class='ocr_par' dir='ltr' id='par_1_82' title="bbox 189 4257 1779 4334">
     <span class='ocr_line' id='line_1_82' title="bbox 189 4257 1779 4334; baseline -0.006 -15"><span class='ocrx_word' id='word_1_600' title='bbox 189 4266 303 4328; x_wconf 87' lang='grc' dir='ltr'><strong>θῶς</strong></span> <span class='ocrx_word' id='word_1_601' title='bbox 328 4268 357 4318; x_wconf 85' lang='grc' dir='ltr'>ὁ</span> <span class='ocrx_word' id='word_1_602' title='bbox 391 4264 634 4334; x_wconf 86' lang='grc' dir='ltr'>ποταμὸς</span> <span class='ocrx_word' id='word_1_603' title='bbox 662 4263 755 4316; x_wconf 90' lang='grc' dir='ltr'><strong>τοῦ</strong></span> <span class='ocrx_word' id='word_1_604' title='bbox 784 4262 942 4325; x_wconf 86' lang='grc' dir='ltr'>Θεοῦ,</span> <span class='ocrx_word' id='word_1_605' title='bbox 975 4262 1034 4315; x_wconf 84' lang='grc' dir='ltr'><strong>τὸ</strong></span> <span class='ocrx_word' id='word_1_606' title='bbox 1071 4260 1214 4332; x_wconf 82' lang='grc' dir='ltr'>’ύδωρ</span> <span class='ocrx_word' id='word_1_607' title='bbox 1245 4261 1304 4313; x_wconf 87' lang='grc' dir='ltr'><strong>τὸ</strong></span> <span class='ocrx_word' id='word_1_608' title='bbox 1326 4259 1599 4331; x_wconf 78' lang='grc' dir='ltr'>ἀληθινὸν,</span> <span class='ocrx_word' id='word_1_609' title='bbox 1632 4258 1694 4311; x_wconf 85' lang='grc' dir='ltr'>τὸ</span> <span class='ocrx_word' id='word_1_610' title='bbox 1720 4257 1779 4310; x_wconf 84' lang='grc' dir='ltr'>ῦ-</span> 
     </span>
    </p>
   </div>
   <div class='ocr_carea' id='block_1_83' title="bbox 187 4350 1780 4429">
    <p class='ocr_par' dir='ltr' id='par_1_83' title="bbox 187 4350 1780 4429">
     <span class='ocr_line' id='line_1_83' title="bbox 187 4350 1780 4429; baseline -0.006 -17"><span class='ocrx_word' id='word_1_611' title='bbox 187 4359 303 4429; x_wconf 87' lang='grc' dir='ltr'><strong>δωρ</strong></span> <span class='ocrx_word' id='word_1_612' title='bbox 332 4356 395 4409; x_wconf 85' lang='grc' dir='ltr'><strong>τό</strong></span> <span class='ocrx_word' id='word_1_613' title='bbox 418 4358 701 4428; x_wconf 80' lang='grc' dir='ltr'>σωτήριον.</span> <span class='ocrx_word' id='word_1_614' title='bbox 733 4355 841 4409; x_wconf 81' lang='grc' dir='ltr'><strong>Καὶ</strong></span> <span class='ocrx_word' id='word_1_615' title='bbox 865 4355 1183 4422; x_wconf 80' lang='grc' dir='ltr'>κηρύσσει,</span> <span class='ocrx_word' id='word_1_616' title='bbox 1219 4353 1404 4422; x_wconf 79' lang='grc' dir='ltr'>φησὶν,</span> <span class='ocrx_word' id='word_1_617' title='bbox 1438 4353 1525 4416; x_wconf 83' lang='grc' dir='ltr'><strong>είς</strong></span> <span class='ocrx_word' id='word_1_618' title='bbox 1560 4350 1780 4418; x_wconf 65' lang='grc' dir='ltr'>ἄφεσιν</span> 
     </span>
    </p>
   </div>
   <div class='ocr_carea' id='block_1_84' title="bbox 185 4441 1775 4520">
    <p class='ocr_par' dir='ltr' id='par_1_84' title="bbox 185 4441 1775 4520">
     <span class='ocr_line' id='line_1_84' title="bbox 185 4441 1775 4520; baseline -0.007 -15"><span class='ocrx_word' id='word_1_619' title='bbox 185 4448 495 4520; x_wconf 79' lang='grc' dir='ltr'>ἁμαρτιῶν</span> <span class='ocrx_word' id='word_1_620' title='bbox 521 4448 855 4516; x_wconf 76' lang='grc' dir='ltr'>βάπτισμα.</span> <span class='ocrx_word' id='word_1_621' title='bbox 885 4447 979 4509; x_wconf 70' lang='lat' dir='ltr'><strong>El;</strong></span> <span class='ocrx_word' id='word_1_622' title='bbox 1003 4445 1196 4514; x_wconf 69' lang='grc' dir='ltr'>ἄφεσιν</span> <span class='ocrx_word' id='word_1_623' title='bbox 1220 4444 1276 4497; x_wconf 81' lang='grc' dir='ltr'>δὲ</span> <span class='ocrx_word' id='word_1_624' title='bbox 1304 4441 1606 4514; x_wconf 83' lang='grc' dir='ltr'>ἁμαρτιῶν,</span> <span class='ocrx_word' id='word_1_625' title='bbox 1636 4441 1738 4494; x_wconf 85' lang='grc' dir='ltr'>τίνι</span> <span class='ocrx_word' id='word_1_626' title='bbox 1761 4457 1775 4507; x_wconf 84' lang='grc'>;</span> 
     </span>
    </p>
   </div>
   <div class='ocr_carea' id='block_1_85' title="bbox 186 4532 1769 4611">
    <p class='ocr_par' dir='ltr' id='par_1_85' title="bbox 186 4532 1769 4611">
     <span class='ocr_line' id='line_1_85' title="bbox 186 4532 1769 4611; baseline -0.003 -22"><span class='ocrx_word' id='word_1_627' title='bbox 186 4542 221 4611; x_wconf 74' lang='grc' dir='ltr'>ἦ</span> <span class='ocrx_word' id='word_1_628' title='bbox 255 4541 341 4611; x_wconf 76' lang='grc' dir='ltr'>τῷ</span> <span class='ocrx_word' id='word_1_629' title='bbox 393 4539 587 4611; x_wconf 83' lang='grc' dir='ltr'>μηκέτι</span> <span class='ocrx_word' id='word_1_630' title='bbox 618 4537 1005 4610; x_wconf 81' lang='grc' dir='ltr'>ἁμαρτάνοντι.</span> <span class='ocrx_word' id='word_1_631' title='bbox 1056 4532 1187 4588; x_wconf 83' lang='grc' dir='ltr'>Εἶτα</span> <span class='ocrx_word' id='word_1_632' title='bbox 1220 4533 1309 4587; x_wconf 85' lang='grc' dir='ltr'><strong>τόν</strong></span> <span class='ocrx_word' id='word_1_633' title='bbox 1353 4534 1578 4587; x_wconf 79' lang='grc' dir='ltr'>Ἡσαΐαν</span> <span class='ocrx_word' id='word_1_634' title='bbox 1626 4549 1769 4604; x_wconf 90' lang='grc' dir='ltr'>παρ-</span> 
     </span>
    </p>
   </div>
   <div class='ocr_carea' id='block_1_86' title="bbox 190 4624 1775 4703">
    <p class='ocr_par' dir='ltr' id='par_1_86' title="bbox 190 4624 1775 4703">
     <span class='ocr_line' id='line_1_86' title="bbox 190 4624 1775 4703; baseline -0.005 -18"><span class='ocrx_word' id='word_1_635' title='bbox 190 4633 378 4703; x_wconf 79' lang='grc' dir='ltr'>ίστησι</span> <span class='ocrx_word' id='word_1_636' title='bbox 409 4631 565 4684; x_wconf 86' lang='grc' dir='ltr'>τοῦτο</span> <span class='ocrx_word' id='word_1_637' title='bbox 593 4631 725 4683; x_wconf 81' lang='grc' dir='ltr'>αὐτὸ</span> <span class='ocrx_word' id='word_1_638' title='bbox 759 4628 1001 4700; x_wconf 81' lang='grc' dir='ltr'>βοῶντα;</span> <span class='ocrx_word' id='word_1_639' title='bbox 1035 4629 1100 4681; x_wconf 93' lang='grc' dir='ltr'>Τί</span> <span class='ocrx_word' id='word_1_640' title='bbox 1142 4627 1283 4698; x_wconf 89' lang='grc' dir='ltr'>γάρ;</span> <span class='ocrx_word' id='word_1_641' title='bbox 1314 4643 1446 4697; x_wconf 83' lang='grc' dir='ltr'>φησι</span> <span class='ocrx_word' id='word_1_642' title='bbox 1472 4624 1642 4692; x_wconf 79' lang='grc' dir='ltr'>Φωνὴ</span> <span class='ocrx_word' id='word_1_643' title='bbox 1665 4625 1775 4689; x_wconf 81' lang='grc' dir='ltr'>βο-</span> 
     </span>
    </p>
   </div>
   <div class='ocr_carea' id='block_1_87' title="bbox 186 4710 1775 4789">
    <p class='ocr_par' dir='ltr' id='par_1_87' title="bbox 186 4710 1775 4789">
     <span class='ocr_line' id='line_1_87' title="bbox 186 4710 1775 4789; baseline -0.005 -14"><span class='ocrx_word' id='word_1_644' title='bbox 186 4722 387 4787; x_wconf 77' lang='grc' dir='ltr'>ῶντος</span> <span class='ocrx_word' id='word_1_645' title='bbox 407 4724 478 4775; x_wconf 75' lang='grc' dir='ltr'><strong>ἐν</strong></span> <span class='ocrx_word' id='word_1_646' title='bbox 499 4720 573 4789; x_wconf 80' lang='grc' dir='ltr'>τῇ</span> <span class='ocrx_word' id='word_1_647' title='bbox 592 4721 804 4789; x_wconf 79' lang='grc' dir='ltr'>ἐρήμῳ.</span> <span class='ocrx_word' id='word_1_648' title='bbox 832 4719 1001 4773; x_wconf 87' lang='grc' dir='ltr'>Τοῦτο</span> <span class='ocrx_word' id='word_1_649' title='bbox 1031 4718 1088 4771; x_wconf 78' lang='grc' dir='ltr'>δέ</span> <span class='ocrx_word' id='word_1_650' title='bbox 1122 4734 1284 4789; x_wconf 81' lang='grc' dir='ltr'>φησιν</span> <span class='ocrx_word' id='word_1_651' title='bbox 1303 4735 1315 4748; x_wconf 88' lang='grc'><strong>·</strong></span> <span class='ocrx_word' id='word_1_652' title='bbox 1345 4718 1421 4780; x_wconf 86' lang='grc' dir='ltr'>ὼς</span> <span class='ocrx_word' id='word_1_653' title='bbox 1450 4716 1517 4770; x_wconf 84' lang='grc' dir='ltr'>ἂν</span> <span class='ocrx_word' id='word_1_654' title='bbox 1559 4710 1775 4768; x_wconf 73' lang='grc' dir='ltr'>Ἡσαΐου</span> 
     </span>
    </p>
   </div>
   <div class='ocr_carea' id='block_1_88' title="bbox 188 4808 1777 4881">
    <p class='ocr_par' dir='ltr' id='par_1_88' title="bbox 188 4808 1777 4881">
     <span class='ocr_line' id='line_1_88' title="bbox 188 4808 1777 4881; baseline -0.005 -14"><span class='ocrx_word' id='word_1_655' title='bbox 188 4813 363 4867; x_wconf 79' lang='grc' dir='ltr'>αὐτοῦ</span> <span class='ocrx_word' id='word_1_656' title='bbox 409 4812 699 4876; x_wconf 85' lang='grc' dir='ltr'>ἀκούοντος</span> <span class='ocrx_word' id='word_1_657' title='bbox 757 4813 866 4867; x_wconf 90' lang='grc' dir='ltr'><strong>τῶν</strong></span> <span class='ocrx_word' id='word_1_658' title='bbox 912 4811 1089 4881; x_wconf 88' lang='grc' dir='ltr'>λόγων</span> <span class='ocrx_word' id='word_1_659' title='bbox 1141 4812 1408 4864; x_wconf 84' lang='grc' dir='ltr'>Ἰωάννου.</span> <span class='ocrx_word' id='word_1_660' title='bbox 1468 4808 1777 4870; x_wconf 86' lang='grc' dir='ltr'>Ἐπίλεκτος</span> 
     </span>
    </p>
   </div>
   <div class='ocr_carea' id='block_1_89' title="bbox 189 4900 1780 4976">
    <p class='ocr_par' dir='ltr' id='par_1_89' title="bbox 189 4900 1780 4976">
     <span class='ocr_line' id='line_1_89' title="bbox 189 4900 1780 4976; baseline -0.001 -20"><span class='ocrx_word' id='word_1_661' title='bbox 189 4905 304 4976; x_wconf 78' lang='grc' dir='ltr'><strong>γὰρ</strong></span> <span class='ocrx_word' id='word_1_662' title='bbox 340 4900 408 4975; x_wconf 78' lang='grc' dir='ltr'>ἦν</span> <span class='ocrx_word' id='word_1_663' title='bbox 444 4908 522 4968; x_wconf 87' lang='grc' dir='ltr'><strong>είς</strong></span> <span class='ocrx_word' id='word_1_664' title='bbox 548 4904 848 4976; x_wconf 82' lang='grc' dir='ltr'>ἀποστολὴν</span> <span class='ocrx_word' id='word_1_665' title='bbox 896 4904 1165 4973; x_wconf 89' lang='grc' dir='ltr'>Ἰωάννης,</span> <span class='ocrx_word' id='word_1_666' title='bbox 1210 4903 1304 4955; x_wconf 72' lang='grc' dir='ltr'>καὶ</span> <span class='ocrx_word' id='word_1_667' title='bbox 1336 4902 1538 4964; x_wconf 81' lang='grc' dir='ltr'>τέλειος</span> <span class='ocrx_word' id='word_1_668' title='bbox 1571 4918 1780 4972; x_wconf 82' lang='grc' dir='ltr'>προφη-</span> 
     </span>
    </p>
   </div>
   <div class='ocr_carea' id='block_1_90' title="bbox 188 4989 1776 5069">
    <p class='ocr_par' dir='ltr' id='par_1_90' title="bbox 188 4989 1776 5069">
     <span class='ocr_line' id='line_1_90' title="bbox 188 4989 1776 5069; baseline -0.005 -17"><span class='ocrx_word' id='word_1_669' title='bbox 188 4999 322 5052; x_wconf 79' lang='grc' dir='ltr'>τῶν.</span> <span class='ocrx_word' id='word_1_670' title='bbox 375 4997 590 5069; x_wconf 79' lang='grc' dir='ltr'>Ἐπειδὴ</span> <span class='ocrx_word' id='word_1_671' title='bbox 622 4998 679 5050; x_wconf 85' lang='grc' dir='ltr'>δὲ</span> <span class='ocrx_word' id='word_1_672' title='bbox 702 5000 729 5051; x_wconf 85' lang='grc' dir='ltr'><strong>ό</strong></span> <span class='ocrx_word' id='word_1_673' title='bbox 763 4997 1013 5068; x_wconf 82' lang='grc' dir='ltr'>Ἰωάννης</span> <span class='ocrx_word' id='word_1_674' title='bbox 1044 4996 1345 5067; x_wconf 84' lang='grc' dir='ltr'>πρόδρομος</span> <span class='ocrx_word' id='word_1_675' title='bbox 1372 4989 1438 5064; x_wconf 75' lang='grc' dir='ltr'>ἦν</span> <span class='ocrx_word' id='word_1_676' title='bbox 1466 4993 1559 5046; x_wconf 86' lang='grc' dir='ltr'><strong>τοῦ</strong></span> <span class='ocrx_word' id='word_1_677' title='bbox 1582 4994 1776 5061; x_wconf 85' lang='grc' dir='ltr'>Λόγου,</span> 
     </span>
    </p>
   </div>
   <div class='ocr_carea' id='block_1_91' title="bbox 1873 3987 3440 4061">
    <p class='ocr_par' dir='ltr' id='par_1_91' title="bbox 1873 3987 3440 4061">
     <span class='ocr_line' id='line_1_91' title="bbox 1873 3987 3440 4061; baseline 0.001 -20"><span class='ocrx_word' id='word_1_678' title='bbox 1873 3989 2088 4058; x_wconf 87' lang='lat' dir='ltr'><strong>prodire</strong></span> <span class='ocrx_word' id='word_1_679' title='bbox 2111 3987 2557 4057; x_wconf 86' lang='lat' dir='ltr'><strong>Baptista,quam</strong></span> <span class='ocrx_word' id='word_1_680' title='bbox 2583 3989 2633 4042; x_wconf 94' lang='lat' dir='ltr'><strong>in</strong></span> <span class='ocrx_word' id='word_1_681' title='bbox 2660 3988 3135 4056; x_wconf 89' lang='lat' dir='ltr'><strong>circumjacentem</strong></span> <span class='ocrx_word' id='word_1_682' title='bbox 3165 3991 3440 4061; x_wconf 74' lang='lat' dir='ltr'><strong>regionem</strong></span> 
     </span>
    </p>
   </div>
   <div class='ocr_carea' id='block_1_92' title="bbox 1874 4077 3444 4149">
    <p class='ocr_par' dir='ltr' id='par_1_92' title="bbox 1874 4077 3444 4149">
     <span class='ocr_line' id='line_1_92' title="bbox 1874 4077 3444 4149; baseline 0.002 -16"><span class='ocrx_word' id='word_1_683' title='bbox 1874 4077 2147 4144; x_wconf 90' lang='lat' dir='ltr'><strong>Jordanis,</strong></span> <span class='ocrx_word' id='word_1_684' title='bbox 2180 4088 2238 4133; x_wconf 91' lang='lat' dir='ltr'><strong>ut</strong></span> <span class='ocrx_word' id='word_1_685' title='bbox 2263 4079 2308 4133; x_wconf 91' lang='lat' dir='ltr'><strong>si</strong></span> <span class='ocrx_word' id='word_1_686' title='bbox 2344 4093 2503 4148; x_wconf 88' lang='lat' dir='ltr'><strong>quem</strong></span> <span class='ocrx_word' id='word_1_687' title='bbox 2533 4079 2693 4133; x_wconf 83' lang='lat' dir='ltr'><strong>vellet</strong></span> <span class='ocrx_word' id='word_1_688' title='bbox 2728 4081 3218 4149; x_wconf 69' lang='lat' dir='ltr'><strong>pmnitere,statim</strong></span> <span class='ocrx_word' id='word_1_689' title='bbox 3250 4080 3444 4136; x_wconf 74' lang='lat' dir='ltr'><strong>ﬁurius</strong></span> 
     </span>
    </p>
   </div>
   <div class='ocr_carea' id='block_1_93' title="bbox 1875 4170 3439 4241">
    <p class='ocr_par' dir='ltr' id='par_1_93' title="bbox 1875 4170 3439 4241">
     <span class='ocr_line' id='line_1_93' title="bbox 1875 4170 3439 4241; baseline 0.001 -17"><span class='ocrx_word' id='word_1_690' title='bbox 1875 4171 1928 4224; x_wconf 89' lang='lat' dir='ltr'><strong>in</strong></span> <span class='ocrx_word' id='word_1_691' title='bbox 1953 4184 2199 4241; x_wconf 90' lang='lat' dir='ltr'><strong>promptu</strong></span> <span class='ocrx_word' id='word_1_692' title='bbox 2235 4171 2414 4225; x_wconf 82' lang='lat' dir='ltr'><strong>esset?</strong></span> <span class='ocrx_word' id='word_1_693' title='bbox 2445 4171 2738 4226; x_wconf 88' lang='lat' dir='ltr'><strong>Descendit</strong></span> <span class='ocrx_word' id='word_1_694' title='bbox 2770 4171 2913 4226; x_wconf 89' lang='lat' dir='ltr'><strong>enim</strong></span> <span class='ocrx_word' id='word_1_695' title='bbox 2944 4187 3070 4225; x_wconf 88' lang='lat' dir='ltr'><strong>vere</strong></span> <span class='ocrx_word' id='word_1_696' title='bbox 3100 4170 3296 4226; x_wconf 90' lang='lat' dir='ltr'><strong>ﬁumen</strong></span> <span class='ocrx_word' id='word_1_697' title='bbox 3326 4175 3439 4239; x_wconf 88' lang='lat' dir='ltr'><strong>Dei,</strong></span> 
     </span>
    </p>
   </div>
   <div class='ocr_carea' id='block_1_94' title="bbox 1876 4262 3445 4332">
    <p class='ocr_par' dir='ltr' id='par_1_94' title="bbox 1876 4262 3445 4332">
     <span class='ocr_line' id='line_1_94' title="bbox 1876 4262 3445 4332; baseline 0.001 -16"><span class='ocrx_word' id='word_1_698' title='bbox 1876 4277 2013 4328; x_wconf 86' lang='lat' dir='ltr'><strong>aqua</strong></span> <span class='ocrx_word' id='word_1_699' title='bbox 2045 4277 2231 4329; x_wconf 78' lang='lat' dir='ltr'><strong>verax,</strong></span> <span class='ocrx_word' id='word_1_700' title='bbox 2259 4276 2399 4332; x_wconf 87' lang='lat' dir='ltr'><strong>aqua</strong></span> <span class='ocrx_word' id='word_1_701' title='bbox 2432 4262 2709 4317; x_wconf 90' lang='lat' dir='ltr'><strong>salutaris.</strong></span> <span class='ocrx_word' id='word_1_702' title='bbox 2750 4262 2815 4316; x_wconf 84' lang='lat' dir='ltr'><strong>Et</strong></span> <span class='ocrx_word' id='word_1_703' title='bbox 2840 4264 3118 4332; x_wconf 67' lang='lat' dir='ltr'><strong>praedicat,</strong></span> <span class='ocrx_word' id='word_1_704' title='bbox 3155 4263 3253 4327; x_wconf 90' lang='lat' dir='ltr'><strong>ait,</strong></span> <span class='ocrx_word' id='word_1_705' title='bbox 3282 4265 3335 4317; x_wconf 83' lang='lat' dir='ltr'><strong>in</strong></span> <span class='ocrx_word' id='word_1_706' title='bbox 3363 4282 3445 4317; x_wconf 85' lang='lat' dir='ltr'><strong>re-</strong></span> 
     </span>
    </p>
   </div>
   <div class='ocr_carea' id='block_1_95' title="bbox 1878 4353 3441 4421">
    <p class='ocr_par' dir='ltr' id='par_1_95' title="bbox 1878 4353 3441 4421">
     <span class='ocr_line' id='line_1_95' title="bbox 1878 4353 3441 4421; baseline 0.001 -15"><span class='ocrx_word' id='word_1_707' title='bbox 1878 4353 2172 4406; x_wconf 75' lang='lat' dir='ltr'><strong>missionem</strong></span> <span class='ocrx_word' id='word_1_708' title='bbox 2213 4364 2545 4421; x_wconf 81' lang='lat' dir='ltr'><strong>peccatorum</strong></span> <span class='ocrx_word' id='word_1_709' title='bbox 2593 4353 2851 4421; x_wconf 71' lang='lat' dir='ltr'><strong>baptisma</strong></span> <span class='ocrx_word' id='word_1_710' title='bbox 2882 4354 2955 4412; x_wconf 62' lang='grc' dir='ltr'>δ’.</span> <span class='ocrx_word' id='word_1_711' title='bbox 2979 4353 3034 4408; x_wconf 85' lang='grc' dir='ltr'><strong>1η</strong></span> <span class='ocrx_word' id='word_1_712' title='bbox 3066 4355 3441 4408; x_wconf 82' lang='lat' dir='ltr'><strong>remissionem</strong></span> 
     </span>
    </p>
   </div>
   <div class='ocr_carea' id='block_1_96' title="bbox 1880 4444 3444 4515">
    <p class='ocr_par' dir='ltr' id='par_1_96' title="bbox 1880 4444 3444 4515">
     <span class='ocr_line' id='line_1_96' title="bbox 1880 4444 3444 4515; baseline -0.001 -17"><span class='ocrx_word' id='word_1_713' title='bbox 1880 4454 2244 4512; x_wconf 89' lang='lat' dir='ltr'><strong>peccatorum,</strong></span> <span class='ocrx_word' id='word_1_714' title='bbox 2274 4445 2360 4499; x_wconf 88' lang='lat' dir='ltr'><strong>eui</strong></span> <span class='ocrx_word' id='word_1_715' title='bbox 2380 4444 2403 4498; x_wconf 89' lang='lat'><strong>?</strong></span> <span class='ocrx_word' id='word_1_716' title='bbox 2424 4445 2526 4500; x_wconf 89' lang='lat' dir='ltr'><strong>nisi</strong></span> <span class='ocrx_word' id='word_1_717' title='bbox 2559 4459 2661 4499; x_wconf 90' lang='lat' dir='ltr'><strong>non</strong></span> <span class='ocrx_word' id='word_1_718' title='bbox 2697 4445 2926 4514; x_wconf 89' lang='lat' dir='ltr'><strong>amplius</strong></span> <span class='ocrx_word' id='word_1_719' title='bbox 2948 4446 3213 4515; x_wconf 89' lang='lat' dir='ltr'><strong>peccanti.</strong></span> <span class='ocrx_word' id='word_1_720' title='bbox 3241 4444 3444 4499; x_wconf 85' lang='lat' dir='ltr'><strong>Deinde</strong></span> 
     </span>
    </p>
   </div>
   <div class='ocr_carea' id='block_1_97' title="bbox 1876 4534 3440 4604">
    <p class='ocr_par' dir='ltr' id='par_1_97' title="bbox 1876 4534 3440 4604">
     <span class='ocr_line' id='line_1_97' title="bbox 1876 4534 3440 4604; baseline -0.002 -15"><span class='ocrx_word' id='word_1_721' title='bbox 1876 4534 2065 4589; x_wconf 86' lang='lat' dir='ltr'><strong>Isaiam</strong></span> <span class='ocrx_word' id='word_1_722' title='bbox 2099 4534 2320 4588; x_wconf 84' lang='lat' dir='ltr'><strong>adducit</strong></span> <span class='ocrx_word' id='word_1_723' title='bbox 2354 4535 2455 4589; x_wconf 89' lang='lat' dir='ltr'><strong>hoc</strong></span> <span class='ocrx_word' id='word_1_724' title='bbox 2506 4535 2680 4604; x_wconf 88' lang='lat' dir='ltr'><strong>ipsum</strong></span> <span class='ocrx_word' id='word_1_725' title='bbox 2725 4535 3068 4589; x_wconf 83' lang='lat' dir='ltr'><strong>clamantem.</strong></span> <span class='ocrx_word' id='word_1_726' title='bbox 3103 4535 3240 4602; x_wconf 85' lang='lat' dir='ltr'><strong>Quid</strong></span> <span class='ocrx_word' id='word_1_727' title='bbox 3273 4534 3440 4600; x_wconf 88' lang='lat' dir='ltr'><strong>enim,</strong></span> 
     </span>
    </p>
   </div>
   <div class='ocr_carea' id='block_1_98' title="bbox 1879 4623 3441 4696">
    <p class='ocr_par' dir='ltr' id='par_1_98' title="bbox 1879 4623 3441 4696">
     <span class='ocr_line' id='line_1_98' title="bbox 1879 4623 3441 4696; baseline -0.001 -17"><span class='ocrx_word' id='word_1_728' title='bbox 1879 4624 2090 4694; x_wconf 73' lang='lat' dir='ltr'><strong>inquit?</strong></span> <span class='ocrx_word' id='word_1_729' title='bbox 2128 4623 2244 4679; x_wconf 75' lang='lat' dir='ltr'><strong>Vox</strong></span> <span class='ocrx_word' id='word_1_730' title='bbox 2273 4626 2551 4680; x_wconf 78' lang='lat' dir='ltr'><strong>clamantis</strong></span> <span class='ocrx_word' id='word_1_731' title='bbox 2584 4628 2641 4680; x_wconf 86' lang='lat' dir='ltr'><strong>in</strong></span> <span class='ocrx_word' id='word_1_732' title='bbox 2685 4630 2890 4683; x_wconf 76' lang='lat' dir='ltr'><strong>deserto</strong></span> <span class='ocrx_word' id='word_1_733' title='bbox 2916 4626 2981 4681; x_wconf 72' lang='grc'><strong>⁸⁸.</strong></span> <span class='ocrx_word' id='word_1_734' title='bbox 3010 4627 3122 4681; x_wconf 86' lang='lat' dir='ltr'><strong>Hoc</strong></span> <span class='ocrx_word' id='word_1_735' title='bbox 3152 4642 3314 4696; x_wconf 89' lang='lat' dir='ltr'><strong>porro</strong></span> <span class='ocrx_word' id='word_1_736' title='bbox 3346 4627 3441 4690; x_wconf 85' lang='lat' dir='ltr'><strong>ait,</strong></span> 
     </span>
    </p>
   </div>
   <div class='ocr_carea' id='block_1_99' title="bbox 1880 4716 3447 4788">
    <p class='ocr_par' dir='ltr' id='par_1_99' title="bbox 1880 4716 3447 4788">
     <span class='ocr_line' id='line_1_99' title="bbox 1880 4716 3447 4788; baseline 0.001 -17"><span class='ocrx_word' id='word_1_737' title='bbox 1880 4716 2104 4786; x_wconf 88' lang='lat' dir='ltr'><strong>perinde</strong></span> <span class='ocrx_word' id='word_1_738' title='bbox 2150 4728 2313 4785; x_wconf 85' lang='lat' dir='ltr'><strong>atque</strong></span> <span class='ocrx_word' id='word_1_739' title='bbox 2359 4717 2526 4773; x_wconf 89' lang='lat' dir='ltr'><strong>Isaias</strong></span> <span class='ocrx_word' id='word_1_740' title='bbox 2578 4719 2859 4788; x_wconf 89' lang='lat' dir='ltr'><strong>ipsiusmet</strong></span> <span class='ocrx_word' id='word_1_741' title='bbox 2902 4718 3128 4774; x_wconf 83' lang='lat' dir='ltr'><strong>Joannis</strong></span> <span class='ocrx_word' id='word_1_742' title='bbox 3170 4732 3447 4773; x_wconf 78' lang='lat' dir='ltr'><strong>sermones</strong></span> 
     </span>
    </p>
   </div>
   <div class='ocr_carea' id='block_1_100' title="bbox 1880 4812 3447 4884">
    <p class='ocr_par' dir='ltr' id='par_1_100' title="bbox 1880 4812 3447 4884">
     <span class='ocr_line' id='line_1_100' title="bbox 1880 4812 3447 4884; baseline -0.001 -18"><span class='ocrx_word' id='word_1_743' title='bbox 1880 4814 2197 4868; x_wconf 82' lang='lat' dir='ltr'><strong>audivisset.</strong></span> <span class='ocrx_word' id='word_1_744' title='bbox 2223 4812 2438 4867; x_wconf 87' lang='lat' dir='ltr'><strong>Electus</strong></span> <span class='ocrx_word' id='word_1_745' title='bbox 2466 4814 2608 4867; x_wconf 91' lang='lat' dir='ltr'><strong>enim</strong></span> <span class='ocrx_word' id='word_1_746' title='bbox 2641 4824 2757 4869; x_wconf 86' lang='lat' dir='ltr'><strong>erat</strong></span> <span class='ocrx_word' id='word_1_747' title='bbox 2789 4814 2844 4868; x_wconf 93' lang='lat' dir='ltr'><strong>in</strong></span> <span class='ocrx_word' id='word_1_748' title='bbox 2876 4813 3234 4884; x_wconf 88' lang='lat' dir='ltr'><strong>apostolatum</strong></span> <span class='ocrx_word' id='word_1_749' title='bbox 3278 4812 3447 4867; x_wconf 86' lang='lat' dir='ltr'><strong>Joan-</strong></span> 
     </span>
    </p>
   </div>
   <div class='ocr_carea' id='block_1_101' title="bbox 1879 4902 3448 4974">
    <p class='ocr_par' dir='ltr' id='par_1_101' title="bbox 1879 4902 3448 4974">
     <span class='ocr_line' id='line_1_101' title="bbox 1879 4902 3448 4974; baseline 0.001 -18"><span class='ocrx_word' id='word_1_750' title='bbox 1879 4917 2001 4965; x_wconf 87' lang='lat' dir='ltr'><strong>nes,</strong></span> <span class='ocrx_word' id='word_1_751' title='bbox 2031 4912 2083 4957; x_wconf 91' lang='lat' dir='ltr'><strong>et</strong></span> <span class='ocrx_word' id='word_1_752' title='bbox 2124 4902 2557 4958; x_wconf 86' lang='lat' dir='ltr'><strong>absolutissimus</strong></span> <span class='ocrx_word' id='word_1_753' title='bbox 2582 4905 2988 4974; x_wconf 86' lang='lat' dir='ltr'><strong>prophetarum.</strong></span> <span class='ocrx_word' id='word_1_754' title='bbox 3026 4904 3089 4958; x_wconf 84' lang='lat' dir='ltr'><strong>Et</strong></span> <span class='ocrx_word' id='word_1_755' title='bbox 3132 4904 3254 4974; x_wconf 86' lang='lat' dir='ltr'><strong>quia</strong></span> <span class='ocrx_word' id='word_1_756' title='bbox 3286 4902 3448 4958; x_wconf 85' lang='lat' dir='ltr'><strong>Joan-</strong></span> 
     </span>
    </p>
   </div>
   <div class='ocr_carea' id='block_1_102' title="bbox 1882 4993 3449 5064">
    <p class='ocr_par' dir='ltr' id='par_1_102' title="bbox 1882 4993 3449 5064">
     <span class='ocr_line' id='line_1_102' title="bbox 1882 4993 3449 5064; baseline 0.001 -17"><span class='ocrx_word' id='word_1_757' title='bbox 1882 5006 1977 5049; x_wconf 89' lang='lat' dir='ltr'><strong>nes</strong></span> <span class='ocrx_word' id='word_1_758' title='bbox 2029 5008 2334 5063; x_wconf 67' lang='lat' dir='ltr'><strong>przecursor</strong></span> <span class='ocrx_word' id='word_1_759' title='bbox 2363 5003 2480 5047; x_wconf 87' lang='lat' dir='ltr'><strong>erat</strong></span> <span class='ocrx_word' id='word_1_760' title='bbox 2525 4993 2709 5059; x_wconf 79' lang='lat' dir='ltr'><strong>Verbi,</strong></span> <span class='ocrx_word' id='word_1_761' title='bbox 2754 4996 2948 5050; x_wconf 88' lang='lat' dir='ltr'><strong>merito</strong></span> <span class='ocrx_word' id='word_1_762' title='bbox 2995 5010 3095 5049; x_wconf 90' lang='lat' dir='ltr'><strong>vox</strong></span> <span class='ocrx_word' id='word_1_763' title='bbox 3147 4994 3449 5064; x_wconf 84' lang='lat' dir='ltr'><strong>appellatus</strong></span> 
     </span>
    </p>
   </div>
   <div class='ocr_carea' id='block_1_103' title="bbox 188 5083 1769 5161">
    <p class='ocr_par' dir='ltr' id='par_1_103' title="bbox 188 5083 1769 5161">
     <span class='ocr_line' id='line_1_103' title="bbox 188 5083 1769 5161; baseline -0.004 -18"><span class='ocrx_word' id='word_1_764' title='bbox 188 5091 424 5151; x_wconf 77' lang='grc' dir='ltr'>εἰκότως</span> <span class='ocrx_word' id='word_1_765' title='bbox 444 5091 596 5161; x_wconf 79' lang='grc' dir='ltr'>φωνὴ</span> <span class='ocrx_word' id='word_1_766' title='bbox 622 5090 954 5160; x_wconf 86' lang='grc' dir='ltr'>ὠνόμασται,</span> <span class='ocrx_word' id='word_1_767' title='bbox 988 5088 1049 5140; x_wconf 89' lang='grc' dir='ltr'><strong>ού</strong></span> <span class='ocrx_word' id='word_1_768' title='bbox 1071 5086 1244 5155; x_wconf 82' lang='grc' dir='ltr'>λόγος.</span> <span class='ocrx_word' id='word_1_769' title='bbox 1268 5084 1643 5157; x_wconf 79' lang='grc' dir='ltr'>Προλαμϐἁνει</span> <span class='ocrx_word' id='word_1_770' title='bbox 1671 5083 1769 5155; x_wconf 66' lang='grc' dir='ltr'>γὰρ</span> 
     </span>
    </p>
   </div>
   <div class='ocr_carea' id='block_1_104' title="bbox 1875 5083 3445 5161">
    <p class='ocr_par' dir='ltr' id='par_1_104' title="bbox 1882 5085 3445 5156">
     <span class='ocr_line' id='line_1_104' title="bbox 1882 5085 3445 5156; baseline -0.001 -16"><span class='ocrx_word' id='word_1_771' title='bbox 1882 5094 1988 5149; x_wconf 84' lang='lat' dir='ltr'><strong>est,</strong></span> <span class='ocrx_word' id='word_1_772' title='bbox 2029 5100 2137 5139; x_wconf 92' lang='lat' dir='ltr'><strong>non</strong></span> <span class='ocrx_word' id='word_1_773' title='bbox 2168 5086 2413 5142; x_wconf 89' lang='lat' dir='ltr'><strong>verbum.</strong></span> <span class='ocrx_word' id='word_1_774' title='bbox 2462 5085 2642 5140; x_wconf 86' lang='lat' dir='ltr'><strong>Primo</strong></span> <span class='ocrx_word' id='word_1_775' title='bbox 2674 5088 2815 5140; x_wconf 88' lang='lat' dir='ltr'><strong>enim</strong></span> <span class='ocrx_word' id='word_1_776' title='bbox 2863 5094 3115 5142; x_wconf 90' lang='lat' dir='ltr'><strong>censetur</strong></span> <span class='ocrx_word' id='word_1_777' title='bbox 3156 5103 3258 5141; x_wconf 82' lang='lat' dir='ltr'><strong>vox</strong></span> <span class='ocrx_word' id='word_1_778' title='bbox 3284 5103 3445 5156; x_wconf 86' lang='lat' dir='ltr'><strong>quam</strong></span> 
     </span>
    </p>
   </div>
   <div class='ocr_carea' id='block_1_105' title="bbox 188 5174 1769 5252">
    <p class='ocr_par' dir='ltr' id='par_1_105' title="bbox 188 5176 1769 5252">
     <span class='ocr_line' id='line_1_105' title="bbox 188 5176 1769 5252; baseline -0.002 -19"><span class='ocrx_word' id='word_1_779' title='bbox 188 5181 229 5252; x_wconf 73' lang='grc' dir='ltr'><strong>ἡ</strong></span> <span class='ocrx_word' id='word_1_780' title='bbox 280 5181 437 5251; x_wconf 77' lang='grc' dir='ltr'>φωνὴ</span> <span class='ocrx_word' id='word_1_781' title='bbox 487 5181 577 5234; x_wconf 80' lang='grc' dir='ltr'><strong>τὸν</strong></span> <span class='ocrx_word' id='word_1_782' title='bbox 613 5180 790 5249; x_wconf 82' lang='grc' dir='ltr'>λόγον.</span> <span class='ocrx_word' id='word_1_783' title='bbox 844 5179 916 5232; x_wconf 84' lang='grc' dir='ltr'>Τὸ</span> <span class='ocrx_word' id='word_1_784' title='bbox 948 5178 1003 5231; x_wconf 80' lang='grc' dir='ltr'>δέ</span> <span class='ocrx_word' id='word_1_785' title='bbox 1024 5194 1037 5209; x_wconf 87' lang='grc'><strong>·</strong></span> <span class='ocrx_word' id='word_1_786' title='bbox 1086 5176 1469 5246; x_wconf 81' lang='grc' dir='ltr'>Ἑτοιμάσατε</span> <span class='ocrx_word' id='word_1_787' title='bbox 1500 5176 1614 5244; x_wconf 80' lang='grc' dir='ltr'><strong>τὴν</strong></span> <span class='ocrx_word' id='word_1_788' title='bbox 1638 5176 1769 5230; x_wconf 69' lang='grc' dir='ltr'>ὁδὸν</span> 
     </span>
    </p>
   </div>
   <div class='ocr_carea' id='block_1_106' title="bbox 1875 5174 3446 5252">
    <p class='ocr_par' dir='ltr' id='par_1_106' title="bbox 1887 5174 3446 5247">
     <span class='ocr_line' id='line_1_106' title="bbox 1887 5174 3446 5247; baseline -0.001 -15"><span class='ocrx_word' id='word_1_789' title='bbox 1887 5177 2135 5232; x_wconf 83' lang='lat' dir='ltr'><strong>verbum.</strong></span> <span class='ocrx_word' id='word_1_790' title='bbox 2170 5176 2302 5231; x_wconf 90' lang='lat' dir='ltr'><strong>Illud</strong></span> <span class='ocrx_word' id='word_1_791' title='bbox 2343 5190 2501 5247; x_wconf 89' lang='lat' dir='ltr'><strong>porro</strong></span> <span class='ocrx_word' id='word_1_792' title='bbox 2528 5195 2542 5231; x_wconf 90' lang='lat'>:</span> <span class='ocrx_word' id='word_1_793' title='bbox 2574 5174 2770 5231; x_wconf 88' lang='lat' dir='ltr'><strong>Parate</strong></span> <span class='ocrx_word' id='word_1_794' title='bbox 2801 5179 2939 5231; x_wconf 86' lang='lat' dir='ltr'><strong>viam</strong></span> <span class='ocrx_word' id='word_1_795' title='bbox 2975 5177 3186 5231; x_wconf 84' lang='lat' dir='ltr'><strong>Domini</strong></span> <span class='ocrx_word' id='word_1_796' title='bbox 3215 5178 3280 5244; x_wconf 78' lang='lat'><strong>&quot;,</strong></span> <span class='ocrx_word' id='word_1_797' title='bbox 3318 5178 3446 5247; x_wconf 72' lang='lat' dir='ltr'><strong>quid</strong></span> 
     </span>
    </p>
   </div>
   <div class='ocr_carea' id='block_1_107' title="bbox 265 5341 1769 5409">
    <p class='ocr_par' dir='ltr' id='par_1_107' title="bbox 265 5341 1769 5409">
     <span class='ocr_line' id='line_1_107' title="bbox 265 5341 1769 5409; baseline -0.002 -10"><span class='ocrx_word' id='word_1_798' title='bbox 265 5344 311 5376; x_wconf 71' lang='grc' dir='ltr'><strong>δ’</strong></span> <span class='ocrx_word' id='word_1_799' title='bbox 358 5344 548 5399; x_wconf 73' lang='lat' dir='ltr'><strong>Matth.</strong></span> <span class='ocrx_word' id='word_1_800' title='bbox 593 5359 749 5409; x_wconf 64' lang='grc' dir='ltr'>χχιιι,</span> <span class='ocrx_word' id='word_1_801' title='bbox 781 5343 867 5399; x_wconf 82' lang='grc'>58.</span> <span class='ocrx_word' id='word_1_802' title='bbox 983 5342 1028 5375; x_wconf 75' lang='grc'><strong>⁴²</strong></span> <span class='ocrx_word' id='word_1_803' title='bbox 1059 5341 1160 5399; x_wconf 88' lang='lat' dir='ltr'><strong>Isa.</strong></span> <span class='ocrx_word' id='word_1_804' title='bbox 1196 5357 1235 5407; x_wconf 92' lang='grc' dir='ltr'><strong>ι,</strong></span> <span class='ocrx_word' id='word_1_805' title='bbox 1278 5341 1330 5398; x_wconf 89' lang='lat' dir='ltr'><strong>I.</strong></span> <span class='ocrx_word' id='word_1_806' title='bbox 1439 5341 1484 5373; x_wconf 79' lang='grc'>⁸³</span> <span class='ocrx_word' id='word_1_807' title='bbox 1524 5341 1656 5397; x_wconf 80' lang='lat' dir='ltr'><strong>Luc.</strong></span> <span class='ocrx_word' id='word_1_808' title='bbox 1690 5357 1769 5409; x_wconf 88' lang='grc' dir='ltr'>ιιι,</span> 
     </span>
    </p>
   </div>
   <div class='ocr_carea' id='block_1_108' title="bbox 1875 5341 3446 5409">
    <p class='ocr_par' dir='ltr' id='par_1_108' title="bbox 2009 5341 3446 5409">
     <span class='ocr_line' id='line_1_108' title="bbox 2009 5341 3446 5409; baseline 0.003 -15"><span class='ocrx_word' id='word_1_809' title='bbox 2009 5341 2056 5373; x_wconf 66' lang='grc'><strong>⁵⁸</strong></span> <span class='ocrx_word' id='word_1_810' title='bbox 2100 5341 2205 5396; x_wconf 90' lang='lat' dir='ltr'><strong>Isa.</strong></span> <span class='ocrx_word' id='word_1_811' title='bbox 2247 5357 2355 5409; x_wconf 77' lang='lat' dir='ltr'><strong>Liv,</strong></span> <span class='ocrx_word' id='word_1_812' title='bbox 2406 5342 2460 5396; x_wconf 93' lang='grc'><strong>1.</strong></span> <span class='ocrx_word' id='word_1_813' title='bbox 2570 5343 2617 5375; x_wconf 72' lang='grc'>⁴⁸</span> <span class='ocrx_word' id='word_1_814' title='bbox 2658 5342 2784 5399; x_wconf 82' lang='lat' dir='ltr'><strong>Luc.</strong></span> <span class='ocrx_word' id='word_1_815' title='bbox 2842 5359 2926 5409; x_wconf 93' lang='grc' dir='ltr'>ιιι,</span> <span class='ocrx_word' id='word_1_816' title='bbox 2984 5343 3037 5398; x_wconf 76' lang='lat'><strong>2.</strong></span> <span class='ocrx_word' id='word_1_817' title='bbox 3138 5343 3185 5375; x_wconf 80' lang='lat'><strong>“</strong></span> <span class='ocrx_word' id='word_1_818' title='bbox 3216 5342 3341 5398; x_wconf 90' lang='lat' dir='ltr'><strong>ibid.</strong></span> <span class='ocrx_word' id='word_1_819' title='bbox 3393 5342 3446 5398; x_wconf 75' lang='grc'>5.</span> 
     </span>
    </p>
   </div>
   <div class='ocr_carea' id='block_1_109' title="bbox 1439 5340 1867 5411">
    <p class='ocr_par' dir='ltr' id='par_1_109' title="bbox 1439 5340 1867 5411">
     <span class='ocr_line' id='line_1_109' title="bbox 1439 5340 1867 5411; baseline -0.002 -15"><span class='ocrx_word' id='word_1_820' title='bbox 1439 5341 1484 5373; x_wconf 79' lang='grc'>⁸³</span> <span class='ocrx_word' id='word_1_821' title='bbox 1524 5340 1656 5397; x_wconf 80' lang='lat' dir='ltr'><strong>Luc.</strong></span> <span class='ocrx_word' id='word_1_822' title='bbox 1690 5357 1773 5411; x_wconf 90' lang='grc' dir='ltr'>ιιι,</span> <span class='ocrx_word' id='word_1_823' title='bbox 1816 5341 1867 5396; x_wconf 93' lang='grc'><strong>1.</strong></span> 
     </span>
    </p>
   </div>
   <div class='ocr_carea' id='block_1_110' title="bbox 190 5412 1025 5475">
    <p class='ocr_par' dir='ltr' id='par_1_110' title="bbox 190 5412 1025 5475">
     <span class='ocr_line' id='line_1_110' title="bbox 190 5412 1025 5475; baseline -0.002 -5"><span class='ocrx_word' id='word_1_824' title='bbox 190 5414 396 5475; x_wconf 72' lang='lat' dir='ltr'><strong>&quot;ibid.</strong></span> <span class='ocrx_word' id='word_1_825' title='bbox 469 5414 753 5470; x_wconf 68' lang='lat' dir='ltr'><strong>“ibid.4.</strong></span> <span class='ocrx_word' id='word_1_826' title='bbox 826 5412 1025 5469; x_wconf 76' lang='lat' dir='ltr'><strong>&quot;ibid.</strong></span> 
     </span>
    </p>
   </div>
   <div class='ocr_carea' id='block_1_111' title="bbox 2009 5339 3037 5411">
    <p class='ocr_par' dir='ltr' id='par_1_111' title="bbox 2009 5339 3037 5411">
     <span class='ocr_line' id='line_1_111' title="bbox 2009 5339 3037 5411; baseline 0.003 -17"><span class='ocrx_word' id='word_1_827' title='bbox 2009 5340 2056 5373; x_wconf 64' lang='grc' dir='ltr'><strong>ιδ</strong></span> <span class='ocrx_word' id='word_1_828' title='bbox 2100 5339 2205 5396; x_wconf 90' lang='lat' dir='ltr'><strong>Isa.</strong></span> <span class='ocrx_word' id='word_1_829' title='bbox 2247 5357 2355 5409; x_wconf 77' lang='lat' dir='ltr'><strong>Liv,</strong></span> <span class='ocrx_word' id='word_1_830' title='bbox 2406 5342 2460 5396; x_wconf 93' lang='grc'><strong>1.</strong></span> <span class='ocrx_word' id='word_1_831' title='bbox 2570 5343 2617 5375; x_wconf 72' lang='grc'>⁴⁸</span> <span class='ocrx_word' id='word_1_832' title='bbox 2658 5342 2784 5399; x_wconf 82' lang='lat' dir='ltr'><strong>Luc.</strong></span> <span class='ocrx_word' id='word_1_833' title='bbox 2842 5359 2926 5411; x_wconf 92' lang='grc' dir='ltr'>ιιι,</span> <span class='ocrx_word' id='word_1_834' title='bbox 2984 5343 3037 5398; x_wconf 76' lang='lat'><strong>2.</strong></span> 
     </span>
    </p>
   </div>
   <div class='ocr_carea' id='block_1_112' title="bbox 268 5552 1769 5637">
    <p class='ocr_par' dir='ltr' id='par_1_112' title="bbox 268 5560 1517 5637">
     <span class='ocr_line' id='line_1_112' title="bbox 268 5560 1517 5637; baseline 0 0"><span class='ocrx_word' id='word_1_835' title='bbox 268 5560 870 5637; x_wconf 52' lang='lat' dir='ltr'><strong>(GziYJdeliqazm</strong></span> <span class='ocrx_word' id='word_1_836' title='bbox 969 5632 981 5637; x_wconf 92' lang='lat'><em>_</em></span> <span class='ocrx_word' id='word_1_837' title='bbox 1143 5626 1295 5637; x_wconf 76' lang='lat'><strong>.--.</strong></span> <span class='ocrx_word' id='word_1_838' title='bbox 1425 5624 1438 5637; x_wconf 92' lang='lat'><strong>.</strong></span> <span class='ocrx_word' id='word_1_839' title='bbox 1510 5636 1517 5637; x_wconf 63' lang='lat'><strong><em>,</em></strong></span> 
     </span>
    </p>
   </div>
   <div class='ocr_carea' id='block_1_113' title="bbox 1875 5552 2289 5637">
    <p class='ocr_par' dir='ltr' id='par_1_113' title="bbox 1953 5552 2289 5637">
     <span class='ocr_line' id='line_1_113' title="bbox 1953 5552 2289 5637; baseline 0 0"><span class='ocrx_word' id='word_1_840' title='bbox 1953 5552 2064 5637; x_wconf 61' lang='grc' dir='ltr'><strong>(βξ)</strong></span> <span class='ocrx_word' id='word_1_841' title='bbox 2098 5555 2289 5637; x_wconf 51' lang='lat' dir='ltr'><strong>fere“:</strong></span> 
     </span>
    </p>
   </div>
   <div class='ocr_carea' id='block_1_114' title="bbox 267 5624 3389 5758">
    <p class='ocr_par' dir='ltr' id='par_1_114' title="bbox 267 5624 3389 5758">
     <span class='ocr_line' id='line_1_114' title="bbox 267 5624 3389 5756; baseline 0.001 -71"><span class='ocrx_word' id='word_1_842' title='bbox 267 5624 385 5702; x_wconf 73' lang='lat'><strong>(65)</strong></span> <span class='ocrx_word' id='word_1_843' title='bbox 427 5633 599 5756; x_wconf 39' lang='lat'><strong>319:7.</strong></span> <span class='ocrx_word' id='word_1_844' title='bbox 627 5631 761 5686; x_wconf 68' lang='lat' dir='ltr'><strong>Vide</strong></span> <span class='ocrx_word' id='word_1_845' title='bbox 789 5630 929 5686; x_wconf 80' lang='lat' dir='ltr'><strong>infra</strong></span> <span class='ocrx_word' id='word_1_846' title='bbox 968 5632 1021 5687; x_wconf 89' lang='lat' dir='ltr'><strong>in</strong></span> <span class='ocrx_word' id='word_1_847' title='bbox 1051 5631 1173 5687; x_wconf 88' lang='lat' dir='ltr'><strong>cod.</strong></span> <span class='ocrx_word' id='word_1_848' title='bbox 1198 5626 1325 5693; x_wconf 62' lang='lat' dir='ltr'><strong>29L,</strong></span> <span class='ocrx_word' id='word_1_849' title='bbox 1373 5624 1440 5681; x_wconf 89' lang='lat' dir='ltr'><strong>ad</strong></span> <span class='ocrx_word' id='word_1_850' title='bbox 1498 5636 1617 5694; x_wconf 85' lang='lat' dir='ltr'><strong>cap.</strong></span> <span class='ocrx_word' id='word_1_851' title='bbox 1684 5637 1770 5692; x_wconf 86' lang='grc' dir='ltr'>ιιι,</span> <span class='ocrx_word' id='word_1_852' title='bbox 1955 5626 2065 5697; x_wconf 73' lang='grc'><strong>(65)</strong></span> <span class='ocrx_word' id='word_1_853' title='bbox 2098 5626 2231 5684; x_wconf 83' lang='lat' dir='ltr'><strong>Vide</strong></span> <span class='ocrx_word' id='word_1_854' title='bbox 2262 5625 2399 5684; x_wconf 75' lang='lat' dir='ltr'><strong>infra</strong></span> <span class='ocrx_word' id='word_1_855' title='bbox 2422 5628 2490 5685; x_wconf 90' lang='lat' dir='ltr'><strong>ad</strong></span> <span class='ocrx_word' id='word_1_856' title='bbox 2515 5643 2635 5701; x_wconf 87' lang='lat' dir='ltr'><strong>cap.</strong></span> <span class='ocrx_word' id='word_1_857' title='bbox 2663 5645 2747 5698; x_wconf 88' lang='grc' dir='ltr'>ιιι,</span> <span class='ocrx_word' id='word_1_858' title='bbox 2776 5646 2916 5689; x_wconf 90' lang='lat' dir='ltr'><strong>vers.</strong></span> <span class='ocrx_word' id='word_1_859' title='bbox 2952 5631 3009 5698; x_wconf 80' lang='grc'><strong>’5,</strong></span> <span class='ocrx_word' id='word_1_860' title='bbox 3033 5632 3086 5686; x_wconf 92' lang='lat' dir='ltr'><strong>in</strong></span> <span class='ocrx_word' id='word_1_861' title='bbox 3115 5634 3234 5690; x_wconf 84' lang='lat' dir='ltr'><strong>cod.</strong></span> <span class='ocrx_word' id='word_1_862' title='bbox 3264 5630 3389 5689; x_wconf 67' lang='lat'><strong>594.</strong></span> 
     </span>
     <span class='ocr_line' id='line_1_115' title="bbox 270 5720 494 5758; baseline -0.009 0"><span class='ocrx_word' id='word_1_863' title='bbox 270 5720 402 5758; x_wconf 70' lang='lat' dir='ltr'><strong>\‘CI&#39;S</strong></span> <span class='ocrx_word' id='word_1_864' title='bbox 482 5743 494 5756; x_wconf 88' lang='lat'><strong>.</strong></span> 
     </span>
    </p>
   </div>
  </div>
