3888 6214
424 298 529 355 5ῗῖ

1284 275 1850 339 ειτΡΡιΕΜΕΝΤυΜ
1882 275 1973 331 AD
2006 268 2331 330 ORlGENIS
2368 264 2778 322 EYEGETICA.

3586 253 3691 308 528

420 429 529 485 est,
560 418 661 472 nisi
693 429 811 486 pro,
849 410 1131 481 Disponite
1162 424 1258 463 vos
1298 410 1364 461 ad
1404 402 1753 474 suscipienda
1786 415 1851 454 ea
1882 413 2003 466 qua:
2032 436 2041 457 ι

2132 393 2347 460 ιὐρίου,
2376 389 2427 443 τί
2462 390 2630 444 ἐστιν,
2660 388 2709 439 εί
2738 384 2811 455 μὴ
2838 360 2957 437 ἀντι
2976 379 3091 445 τοῦ,
3122 375 3524 451 Εύτρεπίσθητε
3556 374 3693 446 πρὸς

421 513 540 581 lege
567 503 1085 564 sanciresvoluerit?
1127 500 1313 554 Rectas
1347 500 1506 569 facite
1532 496 1745 551 semitas
1779 494 1893 563 ejus
1919 493 1965 524 ⁵ο
1990 509 2002 546 :

424 618 547 675 pro,
578 598 821 655 Desinite
853 610 1016 667 agere
1048 608 1328 665 perversa.

500 779 674 836 Vallis
699 779 744 812 "
781 787 863 834 est
910 775 1177 846 profunda
1225 780 1281 827 et
1325 786 1481 832 cava,
1520 768 1701 824 omnis
1751 764 2006 830 inﬁdelis,

426 875 517 944 qui
542 876 773 929 credens
797 871 850 923 in
874 870 1171 929 Christum,
1192 865 1434 933 repletur
1459 861 1725 915 fructibus
1750 859 2006 929 Spiritus,

430 967 480 1020 id
521 977 604 1021 est
637 964 951 1018 virtutibus.
988 958 1143 1013 Mons
1190 966 1239 1011 et
1270 954 1420 1009 collis
1448 952 1782 1015 humiliatus,
1806 959 1887 1005 est
1911 948 2007 1004 Juv

2113 478 2427 550 παραδοχὴν
2477 471 2553 531 ὧν
2608 476 2674 529 ἂν
2733 473 2971 545 βούλοιτο
3033 468 3383 540 νομοθετεῖν;
3442 466 3693 529 Εὐθείας

2112 571 2329 625 ποιεῖτε
2368 570 2474 635 τὰς
2522 569 2758 637 τρίϐους
2801 564 3008 628 αὑτοῦ,
3053 562 3175 616 ἀντὶ
3205 558 3297 613 τοῦ
3322 599 3337 625 ,
3403 555 3693 611 Παύσασθε

2110 667 2286 716 ποιεῖν
2318 662 2389 715 τὰ
2413 658 2822 732 διεστραμμένα

2186 754 2302 825 (66)
2338 750 2575 821 Φάραγξ
2612 751 2737 819 ,ἐστὶ
2784 749 2969 820 βαθεῖα
3003 747 3097 801 καὶ
3130 745 3283 815 κοίλη
3318 746 3423 805 πᾶς
3440 736 3695 803 ἄπιστος,

2110 847 2189 911 ὃς,
2220 844 2515 907 πιστεύσας
2544 845 2622 907 είς
2652 843 2906 913 Χριστὸν,
2945 839 3243 911 πληροῦται
3273 836 3378 889 τῶν
3401 834 3493 888 τοῦ
3529 833 3699 886 Πνεύ-

2115 960 2282 1015 ματος
2314 940 2566 1013 καρπῶν,
2603 939 2849 992 τουτέστι
2882 937 2988 991 τῶν
3039 932 3270 1006 ἀρετῶν.
3305 934 3480 999 Ὄρος
3505 929 3560 982 δέ
3596 928 3694 980 καὶ

429 1061 667 1113 dzeorum
708 1056 939 1123 superbe
984 1051 1202 1120 sapiens
1232 1047 1558 1118 populus....
1597 1043 1692 1095 νει
1723 1050 1926 1095 montes
1959 1048 2008 1093 et

2132 1035 2337 1100 3ovr6c
2378 1032 2760 1096 ταπεινωθείς
2795 1031 2940 1081 ἐστιν
2974 1029 3002 1080 6
3044 1026 3149 1079 τῶν
3195 1024 3463 1077 Ἰουδαίων
3498 1020 3696 1090 ὑψηλὸ-

429 1150 608 1215 colles,
645 1160 769 1202 sunt
799 1144 1093 1201 contraria:
1129 1142 1385 1204 virtutes,
1410 1153 1533 1208 quae
1562 1151 1658 1205 per
1688 1134 1888 1189 Christi
1915 1149 2009 1188 cu-

430 1257 546 1296 ram
580 1239 876 1295 liumiliata:
915 1245 1042 1289 sunt
1073 1253 1087 1289 :
1127 1244 1182 1287 et
1218 1230 1403 1295 valles,
1449 1235 1577 1282 sunt
1619 1224 1883 1287 homines,
1918 1223 2010 1293 qui

433 1333 624 1405 repleti
652 1339 779 1387 sunt
806 1328 1064 1399 operibus
1095 1325 1274 1379 bouis.

500 1513 708 1580 Aspera
727 1519 847 1562 erat
871 1507 977 1559 vita
1005 1512 1214 1570 nostra,
1233 1513 1288 1559 et
1312 1501 1498 1570 iniqua
1521 1498 1679 1552 ratio.
1698 1492 2011 1549 Adveniens

441 1622 570 1659 vero
614 1601 876 1657 Dominus
918 1610 1104 1654 noster
1145 1597 1293 1650 laevia
1331 1594 1457 1649 fecit
1489 1592 1771 1645 universa.
1804 1590 1866 1643 Et
1896 1589 2011 1642 haec

441 1697 661 1767 quidem
698 1695 752 1747 in
785 1692 1022 1747 ethnicis
1065 1689 1255 1744 fuere:
1289 1699 1342 1741 at
1378 1687 1428 1740 in
1463 1683 1660 1754 populo
1704 1681 2002 1750 repudiato,

2113 1144 2262 1199 φρων
2285 1125 2413 1189 λαός
2612 1122 2723 1193 (67)
2757 1123 2826 1174 Ἢ
2861 1120 2966 1188 ὅρη
3000 1118 3097 1171 καὶ
3127 1116 3342 1182 ,βουνοί
3382 1116 3438 1168 αἱ
3466 1111 3697 1167 ἀντικεί-

2116 1234 2273 1289 μεναι
2303 1217 2579 1288 δυνάμεις,
2616 1215 2670 1268 αἳ
2704 1213 2789 1266 διὰ
2828 1213 2925 1283 τῆς
2957 1208 3190 1282 Χριστοῦ
3219 1206 3529 1279 ἐπιμελείας
3560 1208 3687 1258 ἐτα-

2115 1308 2490 1379 πεινώθησαν·
2522 1304 2820 1377 φάραγγες
2862 1303 2919 1356 δὲ
2951 1303 3001 1355 οἱ
3041 1300 3334 1371 ἄνθρωποι,
3387 1296 3436 1349 οἳ
3484 1294 3697 1365 πεπλή-

2116 1418 2319 1472 ρωνται
2350 1399 2529 1471 ἔργοις
2559 1396 2804 1466 ἀγαθοῖς.

2184 1492 2296 1563 (68)
2316 1491 2533 1562 Τραχὺς
2558 1484 2626 1559 ἦν
2644 1488 2841 1558 ἡμῶνὸ
2867 1485 2999 1555 βίος,
3033 1483 3125 1535 καὶ
3149 1478 3432 1551 ἀνώμαλος
3461 1481 3489 1532 ὁ
3516 1479 3690 1547 λόγος.

2126 1580 2323 1636 Ἐλθὼν
2356 1581 2412 1633 δὲ
2445 1583 2472 1633 ὁ
2506 1579 2710 1650 Κύριος
2739 1576 2894 1647 ἡμῶν
2921 1575 3038 1627 λεῖα
3066 1573 3242 1625 πάντα
3270 1570 3555 1640 πεποίηκε.
3586 1569 3697 1621 Καὶ

2113 1674 2206 1727 ἐπὶ
2232 1674 2330 1745 μέν
2363 1672 2470 1725 τῶν
2504 1670 2669 1723 ἐθνῶν
2695 1669 2864 1722 ταῦτα
2897 1666 3187 1735 γεγένηται
3205 1680 3220 1694 °
3250 1664 3341 1715 ἐπὶ
3363 1662 3419 1714 δὲ
3444 1661 3538 1715 τοῦ
3567 1660 3696 1714 λαοῦ

434 1786 599 1840 omnis
638 1801 784 1837 mons
814 1794 860 1835 et
895 1782 1042 1835 collis
1076 1780 1467 1834 humiliabimr.
1516 1778 1671 1834 Mons
1719 1780 1861 1833 enim
1911 1778 2011 1832 I'uit

2132 1743 2525 1836 ιαθαιρεθέντος
2551 1761 2611 1815 τὸ
2629 1759 2751 1816 πᾶν
2764 1761 2899 1828 ὅρος
2916 1758 3009 1812 καὶ
3019 1755 3246 1822 βουνὸς
3260 1754 3698 1822 ταπεινωθήσε-

435 1879 726 1947 aliquando
767 1884 824 1929 et
872 1874 1027 1928 collis
1061 1895 1072 1928 :
1104 1872 1197 1928 sed
1242 1872 1510 1943 proﬂigati
1558 1881 1685 1927 sunt
1728 1881 1783 1926 et
1830 1872 2010 1925 Immi-

434 1970 576 2023 liati.

510 2061 700 2115 Merito
752 2059 1017 2129 genimina
1068 2057 1365 2121 viperarum
1408 2055 1477 2121 δ’,
1525 2068 1716 2109 omnes
1770 2052 2015 2109 inﬁdeles

434 2166 615 2209 vocat.
666 2152 767 2221 Qui
812 2151 957 2206 enim
998 2147 1425 2204 consuetudines
1464 2162 1591 2202 suas
1638 2162 1744 2202 non
1791 2146 2011 2210 deserit,

436 2264 543 2303 non
572 2247 712 2301 bene
748 2243 949 2313 accipit
982 2241 1270 2311 baptisma,
1320 2240 1413 2295 sed
1450 2240 1632 2295 adhuc
1658 2239 1907 2310 genimen
1935 2238 2016 2293 vi-

435 2356 578 2412 pera:
600 2348 704 2402 est,
736 2339 789 2393 in
819 2339 1001 2407 seipso
1030 2350 1299 2391 venenum
1330 2333 1623 2403 pravitatis
1657 2332 1886 2386 habens.

506 2426 783 2497 Ejusdem.
813 2426 1038 2495 Lapides
1072 2423 1119 2457 ⁵⁸
1158 2424 1401 2478 nominat
1448 2420 1703 2492 gentiles,
1748 2421 1838 2490 qui
1885 2420 2018 2490 lapi-

439 2522 597 2577 deum
655 2524 856 2578 habent
907 2537 1022 2585 cor,
1063 2530 1226 2589 atque
1269 2534 1336 2573 ex
1378 2518 1543 2571 nimia
1602 2515 2019 2572 insensibilitate

440 2624 707 2670 creaturae
735 2613 977 2669 serviunt
996 2627 1107 2681 pra:
1134 2611 1414 2673 Creatore,
1435 2608 1743 2678 lapidesque
1767 2607 2018 2664 adorant.

444 2704 781 2759 Vaticinatur
823 2718 954 2770 ergo
1000 2701 1290 2756 dolendum
1324 2700 1578 2768 populum
1619 2700 1790 2761 illum,
1824 2708 1881 2752 et
1926 2713 2020 2750 vo-

441 2794 643 2848 caudas
664 2802 873 2862 gentes.
917 2793 1025 2846 Illis
1060 2792 1205 2845 enim
1252 2790 1319 2844 de
1347 2790 1619 2844 Abraham
1660 2789 2021 2859 gloriantibus

444 2885 619 2939 dixit:
660 2883 743 2938 Nc
776 2883 1072 2949 inceperitis
1108 2883 1281 2936 dicere
1324 2882 1379 2935 in
1416 2881 1560 2934 vobis
1582 2880 1769 2948 ipsis:
1802 2877 2020 2934 Patrem

442 2978 693 3031 habemus
724 2976 992 3029 Abraham
1016 2990 1036 3039 ;
1066 2990 1215 3043 posse
1244 2988 1360 3029 vero
1397 2971 1566 3026 Deum
1595 2971 1792 3042 efﬁcere
1839 2981 2019 3041 gentes

443 3068 583 3134 ﬁlios
613 3068 901 3121 Abrahami
922 3066 992 3122 ”.

518 3159 596 3213 Ex
627 3159 824 3228 quibus
861 3157 1173 3225 lapidibus?
1207 3156 1323 3211 Non
1357 3154 1566 3224 lapides
1603 3155 1868 3210 innuebat
1903 3154 2021 3210 ina-

446 3253 628 3306 nimos
650 3290 666 3315 ,
701 3250 792 3305 sed
821 3251 1069 3305 homines
1099 3247 1471 3315 insensibiles,
1491 3249 1583 3318 qui
1620 3248 1824 3318 lapides
1846 3259 2022 3314 erant,

449 3352 731 3413 propterea
772 3343 916 3411 quod
951 3342 1155 3412 lapides
1185 3341 1503 3395 adorabaut.
1542 3341 1620 3395 Ac
1650 3342 1717 3396 de
1745 3340 1853 3395 illis
1881 3341 2026 3395 obti-

450 3437 609 3491 nebat
642 3436 787 3504 quod
830 3434 1094 3504 scriptum
1137 3442 1259 3488 est:
1293 3430 1507 3485 Similes
1537 3432 1895 3501 eorum’ﬁant
1936 3434 2027 3499 qui

452 3529 656 3598 faciunt
684 3545 766 3593 ea,
801 3535 851 3581 et
890 3542 1071 3580 omnes
1092 3525 1411 3594 conﬁdentes
1437 3526 1491 3577 in
1527 3524 1633 3577 illis
1654 3524 1722 3579 ⁸⁸.
1761 3524 2025 3579 Praeterea

452 3623 519 3675 de
556 3621 831 3690 lapidibus
862 3619 1123 3688 scriptum
1154 3629 1240 3672 est
1280 3618 1332 3671 in
1374 3618 1587 3672 cantico
1621 3618 1789 3673 Exodi
1819 3635 1833 3673 :
1869 3617 2026 3686 Lapi-

452 3713 668 3766 descant
699 3720 894 3779 gentes,
922 3711 1086 3765 donec
1118 3720 1447 3777 pertranseat
1478 3716 1700 3778 populus
1726 3711 1845 3775 iste,
1872 3726 2026 3778 quem

453 3802 778 3870 acquisivisti
808 3802 877 3855 '°.
909 3802 1074 3869 Quasi
1107 3803 1253 3856 clare
1282 3802 1535 3871 postulet,
1569 3802 1708 3871 quod
1740 3811 2025 3870 postquam

456 3895 684 3963 populus
714 3895 1013 3958 transierit,
1044 3909 1153 3949 non
1189 3896 1425 3966 amplius
1453 3894 1814 3964 lapidescant.

460 3984 524 4039 V.
552 3985 640 4041 10.
670 3984 740 4039 Et
770 3987 1162 4055 interrogabant
1204 4001 1324 4039 eum
1352 3986 1538 4051 turbat,
1580 3986 1809 4041 dicentes
1835 4004 1853 4041 :
1887 3986 2027 4053 Quid

1015 4073 1138 4125 ergo
1172 4057 1427 4124 faciemus
1447 4056 1470 4108 7

2112 1874 2226 1911 ται.
2261 1859 2424 1927 Ὄρος
2460 1855 2567 1925 γὰρ
2597 1848 2666 1923 ἦν
2697 1869 2824 1905 ποτε
2862 1850 2957 1903 καὶ
2983 1848 3197 1920 βουνός’
3233 1846 3612 1919 καθῃρέθησαν
3642 1844 3700 1898 δὲ

2117 1950 2213 2003 καὶ
2243 1948 2685 2002 τεταπείνωνται.

2186 2040 2277 2111 (69
2282 2037 2553 2111 )Είκότως
2581 2034 2919 2105 γεννήματα
2939 2030 3192 2103 ἐχιδνῶν
3214 2030 3419 2092 πάντας
3434 2030 3559 2091 τοὺς
3579 2027 3703 2082 ἀπί-

2118 2149 2274 2195 στους
2316 2128 2489 2184 καλεῖ.
2538 2128 2594 2181 ’0
2627 2126 2735 2198 γὰρ
2785 2126 2858 2197 μὴ
2892 2123 3319 2195 καταλιμπάνων
3343 2120 3412 2174 τὰ
3454 2122 3510 2173 ἐν
3552 2118 3702 2190 αὐτῷ

2116 2224 2233 2293 ἔθη,
2263 2222 2323 2275 ού
2346 2220 2610 2291 λαμϐάνει
2637 2217 2817 2280 καλῶς
2846 2215 2905 2269 τὸ
2933 2216 3232 2286 βάπτισμα·
3264 2212 3377 2267 ἀλλ’
3407 2211 3486 2265 ἔτι
3506 2212 3703 2282 γέννη-

2119 2331 2197 2385 μα
2217 2313 2453 2385 ἐχίδνης,
2484 2312 2541 2365 ἐν
2565 2307 2742 2379 ἐαυτῷ
2764 2308 2855 2361 τὸν
2889 2306 2964 2360 ίὸν
2988 2309 3085 2377 τῆς
3112 2304 3374 2376 πονηρίας
3397 2303 3554 2374 ἔχων.

2194 2404 2302 2458 Τοῦ
2324 2402 2530 2457 αὑτοῦ.
2554 2400 2748 2463 Λίθους
2768 2396 3021 2468 ὀνομάζει
3039 2397 3163 2458 τοὺς
3192 2394 3455 2457 ἐθνιχοὺς,
3483 2392 3605 2453 τοὺς
3628 2389 3706 2442 λι-

2120 2496 2274 2568 θίνην
2296 2495 2516 2566 ἔχοντας
2545 2491 2790 2563 καρδίαν,
2816 2491 2911 2543 καὶ¹
2938 2491 3002 2542 ἐκ
3033 2486 3232 2557 πολλῆς
3256 2484 3609 2554 ἀναισθησίας
3633 2484 3702 2553 τῇ

2120 2587 2289 2641 κτίσει
2301 2584 2453 2658 παρὰ
2463 2584 2551 2637 τὸν
2568 2582 2831 2636 κτίσαντα
2849 2577 3214 2641 δουλεύοντας,
3234 2577 3327 2629 καὶ
3346 2575 3521 2637 λίθους
3537 2588 3707 2644 προσ-

2119 2678 2432 2740 κυνοῦντας.
2464 2672 2804 2746 Προφητεύει
2825 2672 3004 2725 τοίνυν
3033 2672 3131 2741 τὴν
3159 2667 3475 2739 καθαίρεσιν
3494 2666 3709 2718 ἐκείνου

2119 2773 2212 2826 τοῦ
2232 2771 2362 2826 λαοῦ
2388 2770 2481 2824 καὶ
2500 2769 2599 2839 τὴν
2624 2767 2815 2836 κλῆσιν
2840 2764 2947 2818 τῶν
2969 2762 3157 2817 ἐθνῶν.
3200 2762 3454 2823 Ἐκείνοις
3482 2758 3589 2829 γὰρ
3610 2758 3711 2811 αύ-

2120 2866 2277 2938 χοῦσι
2292 2865 2381 2918 τὸν
2397 2861 2647 2934 Ἀϐραάμ
2664 2875 2796 2931 φησι
2816 2873 2830 2889 ’
2864 2856 2961 2923 Μὴ
2981 2854 3245 2924 ἄρξησθε
3262 2853 3461 2923 λέγειν
3482 2850 3550 2903 ὲν
3572 2849 3713 2903 ἐαυ-

2120 2959 2245 3025 τοῒς
2266 2976 2279 2990 ο
2320 2957 2551 3024 Πατέρα
2574 2954 2793 3022 ἔχομεν
2816 2950 2922 3003 τὸν
2955 2946 3205 3017 Ἀϐραάμ
3225 2964 3238 2977 °
3271 2945 3343 2999 τὰ
3368 2944 3435 2998 δέ
3463 2960 3528 3014 γε
3559 2944 3710 3010 ἔθνη

2121 3051 2416 3106 δύνασθαι
2438 3050 2546 3101 τὸν
2572 3044 2719 3100 Θεὸν
2752 3039 2996 3109 ποιῆσαι
3029 3039 3211 3093 τέκνα
3235 3036 3341 3091 τοῦ
3369 3034 3635 3105 Ἀϐραάμ.

2195 3143 2309 3216 (70)
2368 3141 2544 3194 Ποίων
2574 3138 2767 3201 λίθων;
2814 3136 2887 3190 Οὐ
2922 3133 3101 3195 λίθους
3148 3130 3415 3183 ἐδείκνυεν
3444 3127 3712 3198 ἀψύχους,

2127 3236 2240 3292 ἀλλ’
2268 3229 2592 3303 ἀνθρώπους
2616 3227 2974 3297 ἀναισθήτους
3005 3223 3164 3285 ὂντας
3187 3221 3387 3286 λίθους,
3410 3218 3715 3290 ἐπειδήπερ

2124 3327 2293 3391 λίθοις
2337 3320 2728 3395 προσεκύνουν.
2772 3319 2884 3373 Καὶ
2927 3316 3144 3385 ἐγένετο
3183 3313 3270 3366 ἐπ’
3306 3310 3487 3365 αὐτῶν
3512 3309 3574 3395 το
3611 3326 3715 3376 γε·

2125 3393 2443 3487 γραμμένον
2468 3428 2482 3442 ·
2518 3411 2751 3479 Ὅμοιοι
2770 3402 2968 3461 αὐτῶν
3010 3401 3278 3473 γένοιντο
3308 3401 3362 3452 οί
3396 3393 3717 3460 ποιοῦντες

2126 3485 2299 3566 αὐτὰ,
2334 3500 2434 3555 καί
2473 3497 2695 3564 πάντες
2728 3498 2780 3549 οί
2820 3493 3170 3558 πεποιθότες
3210 3490 3302 3543 ἐπ’
3329 3485 3549 3552 αὐτοῖς.
3588 3485 3718 3552 Ἔτι

2126 3590 2182 3644 δὲ
2208 3591 2301 3643 καὶ
2333 3589 2460 3660 περὶ
2491 3585 2598 3640 τῶν
2634 3583 2796 3637 λίθων
2834 3582 3141 3652 γέγραπται
3174 3580 3231 3633 ἐν
3279 3580 3350 3649 τῇ
3396 3576 3505 3647 ᾠδῇ
3548 3577 3612 3645 τῇ
3652 3577 3716 3626 ἐν

2126 3686 2192 3755 τῇ
2229 3680 2420 3751 Ἐξόδῳ
2440 3696 2453 3710 ·
2485 3674 3041 3745 Ἀπολιθωθήτωσαν
3063 3674 3133 3727 τὰ
3154 3674 3319 3739 ἔθνη,
3340 3671 3449 3736 ἕως
3468 3665 3537 3724 οὗ
3564 3684 3720 3735 παρ-

2127 3776 2277 3842 ἐλθῃ
2326 3777 2359 3827 ὁ
2390 3771 2541 3837 ,λαὸς
2568 3764 2766 3834 οὗτος,
2797 3766 2868 3820 ὃν
2891 3764 3157 3834 ἐκτιήσωο
3192 3764 3266 3827 ὡς
3290 3762 3469 3831 δῆλον,
3502 3761 3582 3813 ὅτι
3623 3775 3723 3828 με·-

2128 3866 2198 3920 τά
2223 3865 2285 3919 τὸ
2314 3861 2604 3936 παρελθεῖν
2624 3860 2716 3913 τὸν
2743 3857 2869 3912 λαὸν
2903 3855 3099 3928 μηκέτι
3127 3852 3615 3923 ἀπολιθωθείησαν.

2128 3958 2277 4027 Στίχ.
2310 3962 2361 4009 ι’.
2404 3953 2515 4009 Καὶ
2542 3948 2859 4021 ἐπηρώτων
2877 3946 3064 4002 αὐτὸν
3093 3948 3146 3999 οἱ
3179 3945 3370 4016 ὄχλοι,
3392 3942 3679 4012 λέγοντες
3699 3956 3713 3969 ·

2660 4042 2722 4099 Τί
2746 4036 2859 4098 οὖν
2882 4039 3213 4110 ποιήσομεν
3237 4054 3256 4102 ;

461 4144 523 4201 ν.
556 4146 644 4202 ll.
682 4145 1019 4228 Respondeas
1044 4147 1372 4228 autem‘dicit
1399 4145 1552 4228 illis:
1585 4145 1688 4226 Qui
1712 4145 1865 4199 habet
1896 4144 2029 4199 duas

2132 4143 2278 4214 Στίχ.
2315 4140 2405 4228 ξας.
2456 4134 2819 4218 Ἀπρκριθείς
2851 4134 2945 4228 δὲ
2962 4131 3126 4210 λέγει
3166 4128 3396 4228 αιῢτὲιῖςο
3453 4128 3507 4180 Ὁ
3557 4126 3726 4195 ἔχων

823 4218 1048 4279 tunicas,
1074 4218 1267 4269 tradito
1298 4233 1401 4270 non
1429 4200 1659 4268 liabenii.

2226 4200 2258 4214 n
2314 4212 2423 4265 δύο
2444 4200 2699 4280 χιτῶνας
2726 4200 3024 4275 μεταδότω
3048 4200 3129 4267 τῷ
3152 4200 3237 4270 μὴ
3269 4200 3490 4269 ἔχοντι.

527 4307 683 4376 Quod
716 4306 906 4363 dicunt
937 4308 1042 4362 tale
1076 4315 1158 4361 est
1188 4322 1203 4361 :
1243 4306 1495 4362 Traditos
1520 4305 1682 4360 nobis
1710 4321 1740 4359 a
1767 4304 1948 4376 Moyse
1978 4315 2031 4361 et

2202 4305 2315 4376 (71)
2348 4305 2412 4357 Ὃ
2430 4302 2666 4371 λέγουσι,
2692 4298 2928 4354 τοιοῦτόν
2948 4294 3191 4359 ἐστικΤά
3213 4292 3465 4363 δεδομένα
3490 4291 3621 4361 ἡμῖν
3654 4290 3725 4343 ὲκ

457 4401 707 4471 patribus
749 4414 929 4453 mores
964 4400 1107 4452 circa
1140 4397 1433 4460 sacriﬁcia,
1463 4397 1721 4450 autcirca
1754 4395 2029 4466 aspersio-

2134 4394 2413 4458 Μωῦσέως
2442 4394 2536 4447 καὶ
2565 4391 2671 4445 τῶν
2712 4389 2964 4461 πατέρων
2992 4387 3089 4458 ἔθη
3117 4386 3245 4456 περ)¹
3269 4383 3487 4445 θυσιῶν,
3518 4383 3552 4436 ἂ
3588 4383 3727 4453 περὶ

460 4510 556 4548 nes
612 4492 1049 4554 observabimus,
1091 4489 1175 4544 vel
1216 4488 1351 4544 alias
1414 4488 1570 4542 nobis
1619 4488 1745 4542 vita:
1794 4487 2034 4541 rationes

2142 4487 2533 4559 ραντιστηρίων
2550 4484 2867 4554 ποιήσομεν,
2891 4481 2924 4552 ἢ
2951 4480 3138 4550 ἐτέρας
3158 4480 3290 4548 ἡμῖν
3313 4474 3583 4538 πολιτείας
3609 4475 3727 4526 είσ-

459 4586 682 4654 agendae
731 4583 980 4639 inducis?
1009 4573 1066 4637 Si
1113 4581 1259 4637 enim
1294 4579 1517 4634 Judaica
1551 4578 1686 4634 nihil
1720 4577 1878 4634 nobis
1911 4592 2039 4645 pro-

2141 4583 2297 4650 άγεις
2339 4579 2490 4643 ὁδόν;
2524 4577 2589 4630 Εἰ
2618 4575 2746 4647 ,γὰρ
2777 4573 2927 4628 οὐδὲν
2962 4575 3109 4644 ἡμᾶς
3154 4571 3223 4624 τὰ
3268 4567 3534 4623 Ἰουδαῖκά
3573 4566 3725 4634 ὠφε-

462 4684 608 4734 sunt,
666 4673 755 4727 die
808 4674 986 4742 nobis,
1027 4673 1156 4743 quid
1207 4673 1392 4728 facere
1433 4670 1682 4741 Oportet?
1722 4668 1841 4723 Non
1890 4668 2035 4722 enim

2140 4671 2242 4736 λεῖ,
2281 4670 2402 4724 εἰπὲ
2429 4670 2581 4739 ἡμῖν,
2622 4666 2675 4719 τί
2708 4665 2813 4737 χρὴ
2851 4667 3052 4729 ποιεῖν;
3081 4662 3155 4716 Ού
3196 4661 3304 4732 γάρ
3329 4659 3484 4729 ἴσμεν
3522 4656 3723 4728 ἐτέρας

463 4765 781 4833 agnovimus
807 4764 967 4819 aliam
1000 4766 1122 4819 vitae
1150 4765 1437 4819 rationem.
1457 4762 1595 4830 Quid
1620 4778 1749 4833 ergo
1775 4762 2041 4832 Baptista?

2144 4760 2417 4823 πολιτείας
2446 4758 2582 4811 ὁδόν.
2618 4754 2683 4808 Τί
2717 4750 2807 4808 οὖν
2835 4756 2864 4807 6
2901 4753 3243 4823 Βαπτιστής;
3280 4748 3371 4821 Μὴ
3403 4747 3613 4818 τολμῶν
3641 4748 3723 4811 ὡς

461 4858 596 4910 Cum
623 4872 729 4911 non
753 4860 995 4923 auderet,
1014 4860 1213 4929 quippe
1236 4873 1450 4920 servus,
1469 4871 1751 4912 removere
1765 4858 2037 4919 umbram,

2144 4853 2359 4923 οἰκέτης
2397 4850 2725 4920 ἀποκινῆσαι
2764 4848 2862 4918 τὴν
2907 4845 3083 4909 σκιὰν,
3118 4845 3211 4898 καὶ
3240 4842 3333 4915 τὴν
3367 4844 3422 4895 ἐν
3450 4839 3725 4911 πνεύματι

462 4948 781 5018 cultumque
814 4950 1158 5005 introducere
1200 4951 1253 5005 in
1293 4950 1497 5019 Spiritu
1539 4958 1595 5003 et
1627 4947 1859 5004 veritate
1891 4967 1904 5003 :
1938 4948 2036 5002 ad-

465 5038 611 5089 ducit
628 5051 722 5090 eos
741 5038 805 5090 ad
824 5039 1213 5106 plenitudinem
1240 5039 1398 5103 legis,
1422 5038 1475 5092 id
1497 5046 1582 5093 est
1606 5038 1671 5093 ad
1691 5038 2035 5100 cbaritatem,

464 5129 619 5197 cujus
647 5127 857 5184 fructus
883 5139 989 5195 est,
1025 5142 1085 5185 ut
1114 5132 1184 5185 sit
1218 5131 1343 5199 quis
1384 5129 1662 5185 sociabilis
1690 5139 1743 5184 et
1775 5128 2035 5194 liberalis,

2148 4949 2244 5001 καὶ
2275 4945 2503 5015 ἀληθείᾳ
2529 4942 2783 5013 λατρείαν
2804 4942 3134 5010 εἰσαγαγεῖν,
3159 4939 3279 5008 ἄγει
3312 4937 3508 5000 αὐτοὺς
3540 4937 3631 4989 ἐπὶ
3659 4936 3725 4988 τὸ

2151 5040 2421 5110 πλήρωμα
2441 5035 2533 5088 τοῦ
2558 5035 2744 5105 νόμου,
2763 5033 3005 5087 τουτέστι
3032 5033 3130 5102 τὴν
3150 5032 3389 5101 ἀγάπην,
3441 5025 3510 5102 ἧς
3537 5031 3565 5082 ὁ
3594 5046 3725 5099 καρ-

2151 5131 2251 5195 πὸς
2280 5130 2342 5183 τὸ
2373 5127 2684 5183 κοινωνικὸν
2719 5120 2855 5179 εἶναι
2895 5124 2989 5179 καὶ
3026 5122 3396 5194 εύμετάδοτον,
3441 5120 3537 5173 καὶ
3566 5118 3726 5189 φιλόα

464 5236 528 5274 ac
555 5234 849 5288 pauperum
893 5228 1123 5275 amator.
1157 5219 1546 5275 Gloriabantur
1582 5219 1729 5272 enim
1760 5216 1933 5273 Judaei
1973 5220 2040 5275 de

2150 5208 2387 5291 πτωχον.
2415 5216 2524 5271 τΗν
2555 5218 2662 5287 γὰρ
2695 5219 2805 5280 τοῖς
2837 5214 3107 5279 Ἰουδαίοις
3131 5215 3221 5267 ἐπὶ
3247 5212 3486 5281 ἀδελφῶν
3508 5210 3727 5281 ἀγαπή-

464 5315 698 5368 tratrum
726 5310 1036 5377 dilectione,
1067 5321 1121 5368 et
1168 5312 1234 5368 de
1274 5311 1530 5367 sectanda
1569 5310 1804 5365 maxime
1838 5326 2038 5380 paupe-

535 5474 924 5541 ui.uc.m,t.
998 5458 1203 5531 “ibid.
1240 5474 1293 5530 5.
1368 5475 1563 5531 "ibid.
1607 5474 1661 5528 7.

694 5609 940 5693 Ἀνεπιγ,
977 5609 1043 5663 Ει
1068 5610 1260 5693 confer
1287 5610 1434 5664 hom.
1468 5623 1604 5693 XLII.

539 5677 653 5748 (67)
694 5679 823 5732 Vide
852 5677 989 5735 intra
1014 5683 1081 5737 ad
1110 5697 1227 5751 cap.
1256 5697 1289 5745 ι,
1319 5695 1458 5735 vers.
1495 5680 1563 5733 65
1592 5693 1655 5733 ex
1689 5677 1809 5734 cod.
1840 5677 1963 5733 594.

541 5750 656 5817 (68)
698 5749 868 5821 Ὠριγ.

2149 5328 2229 5366 σει
2254 5313 2543 5381 καύχησις,
2576 5307 2670 5360 καὶ
2696 5307 2757 5359 τὸ
2786 5306 2885 5376 τῆς
2915 5303 3278 5375 φιλοπτωχίας
3308 5301 3582 5373 ἐξαίρετον
3606 5318 3621 5334 ο
3658 5298 3727 5352 τὸ

1761 5475 2026 5530 l"ibid.8.
2102 5476 2149 5508 "'
2177 5474 2309 5530 ibid.
2385 5472 2430 5504 ⁸⁵
2454 5470 2597 5527 Psal.
2635 5485 2854 5535 cxxxiv,
2884 5469 2971 5524 l8.
3047 5468 3092 5500 “
3124 5467 3273 5523 Exod
3330 5482 3418 5532 xv,
3453 5464 3538 5518 16.

2229 5605 2341 5675 ((39)
2383 5605 2564 5657 Ἀνεπ.
2600 5602 2733 5658 Vide
2759 5604 2902 5657 hom.
2938 5619 3072 5659 χχιι.

2226 5676 2336 5745 (70)
2374 5675 2545 5745 ᾫριγ.

2226 5742 2335 5815 (71)
2367 5742 2509 5800 Siue
2528 5744 2761 5799 auctoris
2783 5742 3017 5799 nomine.
