3888 6214
228 324 334 378 329
1499 319 1787 377 SCHOLIA
1826 320 1893 375 IN
1932 318 2163 376 LUCAM
2176 363 2188 375 .
3380 313 3483 367 5'50

232 444 329 512 μὲν
357 441 647 513 ὁλόκληρον
678 441 771 495 τοῦ
795 406 1127 511 Εὐαγγέλίου
1152 444 1252 496 οὐκ
1299 442 1513 514 ἔχουσα,
1546 443 1717 514 ἀρχὴν
1752 444 1767 496 ὶ

1948 457 2035 496 um
2076 456 2280 496 amore.
2308 441 2437 509 Quae
2462 440 2682 509 quidem
2709 438 2946 494 charitas
2968 451 3071 492 non
3107 428 3338 492 habebat
3362 450 3483 500 prn-

227 537 327 606 τῆς
358 534 567 605 Καινῆς
587 533 863 606 Διαθήκης
894 535 1209 602 εἰσάγουσα.

1949 543 2061 589 ecto
2088 534 2357 601 integram
2386 531 2659 601 Evangelii
2692 530 3080 600 perfectionem
3115 548 3129 582 :
3157 527 3369 582 initium
3400 538 3484 581 ta—

1918 638 2040 678 men
2076 623 2461 679 introducebat
2488 624 2619 678 Novi
2652 621 3004 678 Testamenti.

299 715 439 787 Τρία
464 714 763 787 πράγματα
789 715 1019 785 εἰσάγει,
1054 718 1146 771 καὶ
1177 717 1245 771 τά
1273 715 1451 770 λοιπά.

1072 718 1146 771 cati.
1177 717 1245 771 τά
1273 715 1451 770 λοιπά.
1988 714 2116 770 Tria
2147 715 2459 781 introducit,
2500 727 2607 770 etc.

242 867 3491 901 Μ

1243 1035 1787 1128 EJUSDEM
1863 1038 1991 1126 IN
2066 1037 2498 1129 LUCAM.

1384 1229 1486 1303 [Ex
1518 1233 1639 1286 cod.
1678 1229 1865 1285 Venet.
1892 1231 1997 1288 394
2024 1232 2301 1305 (7245).]

880 1530 1038 1583 ΚΕΦ.
1084 1529 1158 1582 A'.
1851 1537 1895 1591 Β

1851 1537 1895 1591 Β
2592 1526 2743 1583 CAP.
2780 1527 2821 1583 Ι.

302 1622 450 1693 Στίχ.
488 1621 590 1686 κδ’.
1992 1623 2057 1677 ν.
2084 1622 2176 1676 22.
2687 1628 2691 1631 ⁷

311 1718 423 1788 (74)
462 1716 636 1770 Βλέπε
668 1715 757 1769 τὸν
786 1714 955 1769 τύπον
981 1716 1038 1768 ὲν
1061 1712 1139 1784 τῷ
1164 1714 1427 1787 Ζαχαρία.
1468 1713 1821 1778 Ἑκόαλόντες

1996 1716 2129 1771 Vide
2166 1715 2390 1785 figuram
2421 1714 2474 1769 in
2502 1712 2785 1768 Zacharia.
2821 1713 3168 1772 Proferentes
3198 1715 3340 1777 enim
3372 1728 3492 1772 ser-

236 1806 349 1878 γάρ
368 1806 458 1860 τὸν
485 1807 641 1874 λόγον
667 1806 750 1874 ἐφ’
775 1805 1001 1862 ἑαυτῶν.
1024 1805 1121 1859 καὶ
1152 1804 1227 1876 μὴ
1254 1805 1542 1876 δυνάμενοι
1564 1806 1691 1876 περὶ
1725 1823 1771 1876 με

1960 1824 2137 1864 tonent
2170 1819 2362 1863 contra
2390 1808 2617 1877 seipsos,
2662 1824 2763 1864 nec
2804 1809 3050 1865 valentes
3072 1810 3338 1864 rationem
3372 1810 3495 1864 red-

236 1899 388 1963 δενὸς
424 1898 583 1966 λόγον
612 1896 906 1952 ἀποδοῦναι
937 1896 1160 1968 νομικοῦ
1195 1896 1229 1967 ἢ
1270 1895 1610 1969 προφητικοῦ
1638 1896 1771 1965 λόγο

1956 1904 2051 1955 fere
2079 1901 2148 1956 de
2197 1900 2308 1955 ullo
2346 1915 2600 1957 sermone
2626 1918 2691 1957 ex
2726 1902 2841 1973 lege
2891 1912 2986 1957 aut
3028 1902 3327 1972 prophetis,
3358 1903 3491 1956 muti

243 1990 420 2058 κωφοὶ
453 1991 549 2043 καὶ
590 1989 772 2058 ἄλογοι
810 1991 1049 2060 μένουσι.

967 2006 1049 2042 σι.
1925 2003 1980 2047 et
2002 1991 2235 2047 infantes
2265 2000 2502 2047 manent.

274 2080 424 2153 Στίχ.
479 2082 579 2161 ξγςΣ
642 2081 753 2161 βαὶ
810 2081 1071 2161 αζτήρνας
1116 2078 1455 2161 Ξτινακίδιρν
1488 2080 1787 2161 emergi-er,

1957 2085 1991 2138 ί.
2021 2084 2110 2141 65.
2160 2086 2227 2139 Et
2270 2085 2544 2155 postulans
2573 2086 2819 2161 tabellam
2864 2088 3072 2153 scripsit
3099 2101 3117 2139 .'
3143 2088 3379 2143 Joannes
3420 2099 3492 2142 est

537 2149 812 2218 Ἰωάννης
839 2151 1012 2205 ἐστὶν
1036 2151 1299 2219 τοῦνομα
1330 2150 1537 2204 αὐτοῦ.

1363 2150 1537 2204 ιύτοῦ.
2270 2149 2280 2155 ’
2532 2173 2718 2211 nomen
2762 2156 2898 2226 ejus.

322 2241 541 2312 Ἐπειδὴ
586 2240 696 2312 γὰρ
747 2240 1108 2312 ἑρμηνεύεται
1159 2240 1434 2313 Ζαχαρίας
1485 2241 1582 2311 μὲν
1618 2238 1824 2310 μνήμη

1998 2246 2132 2315 Quia
2195 2247 2586 2317 interpretatur
2628 2247 2929 2303 Zacharias
2970 2248 3223 2302 memoria
3270 2249 3390 2315 Dei,
3439 2260 3495 2302 ct

241 2331 394 2387 οεοῦ
419 2372 434 2397 ,
476 2332 730 2403 Ἰωάννης
757 2334 814 2387 δὲ
842 2337 875 2387 ὀ
901 2333 1173 2401 δεικνύς·
1213 2335 1484 2406 μέμνηται
1522 2333 1580 2386 δέ
1618 2351 1703 2397 τις
1734 2351 1776 2386 τι

1960 2355 2183 2407 oannes,
2210 2341 2299 2405 qui
2324 2341 2591 2405 ostendit;
2624 2354 2687 2394 ac
2714 2340 3039 2394 recordatur
3075 2341 3198 2410 quis
3229 2340 3493 2404 abSentis,

240 2424 511 2491 ἀπόντος,
547 2425 786 2479 δείκνυσι
821 2426 879 2479 δὲ
912 2426 982 2480 τά
1011 2426 1253 2498 παρόντα
1279 2442 1293 2456 ·
1337 2426 1426 2479 διὰ
1457 2424 1615 2478 τοῦτο
1648 2426 1698 2479 οί
1735 2442 1775 2477 τι

1966 2431 2169 2487 stendit
2222 2446 2348 2485 vero
2403 2431 2735 2499 praesentia:
2776 2429 2983 2487 idcirco
3038 2440 3289 2499 parentes
3341 2431 3499 2502 hujus

244 2514 436 2577 παιδὸς
484 2515 675 2568 τούτου
718 2516 1041 2588 γεννήτορες
1073 2516 1173 2568 οὐκ
1205 2515 1430 2585 ἀνέσχον
1458 2514 1618 2568 αὐτὸν
1647 2513 1777 2567 καλε

1966 2524 2093 2578 uelli
2126 2539 2232 2578 non
2272 2522 2511 2578 tulerunt
2542 2521 2818 2592 appellare
2850 2538 2974 2587 eum
3022 2521 3366 2590 Zachariam,
3403 2526 3498 2576 sed

244 2608 521 2678 Ζαχαρίαν
547 2647 561 2671 ,
597 2607 732 2661 ἀλλὰ
775 2607 973 2678 μᾶλλον
1013 2607 1265 2678 Ἰωάννην
1297 2606 1583 2676 ὀνομάζειν
1620 2605 1777 2677 ἧθελο

1962 2618 2108 2671 ιοιίυε
2152 2616 2413 2672 Joannem
2452 2616 2735 2671 nominare
2788 2614 3094 2671 voluerunt.
3155 2607 3497 2685 Quippe'qui

244 2701 389 2753 Διότι
427 2700 651 2771 ἔμελλεν
693 2702 971 2772 μονονουχὶ
1007 2700 1364 2772 μνημονεύειν
1391 2699 1525 2753 Θεοῦ
1560 2700 1637 2763 ὡς
1662 2698 1779 2753 άπόε

1962 2721 2037 2760 ιοη
2068 2715 2273 2761 tantum
2305 2714 2828 2761 commemoraturus
2850 2714 2970 2759 erat
2998 2703 3165 2758 Deum
3198 2703 3497 2767 absentem,

243 2811 372 2858 τος,
417 2794 531 2848 ἀλλ’
558 2794 721 2848 αὐτὸν
749 2797 953 2848 ἐκεῖνον
986 2793 1063 2864 τῷ
1098 2792 1345 2864 δακτύλῳ
1386 2792 1649 2847 δεικνύειν
1695 2810 1778 2864 παι

1968 2798 2027 2852 ed
2078 2796 2226 2851 illum
2276 2798 2453 2867 ipsum
2491 2797 2657 2868 digito
2706 2805 3028 2851 ostensurus
3072 2805 3415 2865 praesentem,
3447 2805 3503 2849 et

242 2885 377 2938 ὄντα
406 2885 501 2937 καὶ
526 2883 702 2953 λέγειν
729 2901 745 2916 ο
778 2883 901 2939 Ἴδε
931 2887 965 2937 ὁ
1006 2883 1211 2953 Ἁμνὸς
1240 2883 1346 2938 τοῦ
1378 2883 1547 2938 Θεοῦ.

1275 2883 1346 2938 οῦ
1378 2883 1547 2938 Θεοῦ.
1855 2880 1899 2938 C
1932 2888 2174 2944 dicturus
2202 2907 2215 2943 :
2250 2888 2385 2943 Ecce
2414 2889 2593 2959 Agnus
2617 2887 2714 2942 Dei
2744 2883 2810 2943 "".

322 2975 475 3047 ’ᾘδει
513 2974 611 3045 μὲν
653 2976 686 3046 ἡ
732 2974 971 3044 παναγία
1001 2973 1306 3046 Παρθένος,
1343 2976 1417 3047 μὴ
1449 2975 1643 3039 τέκνον
1667 2975 1830 3029 αὐτὸν

2007 2978 2226 3034 Sciebat
2252 2980 2471 3049 quidem
2497 2978 2841 3035 sanctissima
2865 2976 3031 3046 Virgo
3055 2993 3161 3032 non
3189 2976 3359 3031 ﬁlium
3382 2991 3503 3032 esse

244 3064 388 3121 εἶναι
415 3067 509 3120 τοῦ
549 3064 764 3137 Ἰωσὴφ,
796 3066 909 3120 ἀλλ’
940 3068 1020 3130 εἰς
1055 3067 1321 3137 πρόσωπα
1347 3067 1550 3120 τούτων
1581 3068 1672 3121 τὸν
1702 3069 1779 3121 ὲαι

1967 3088 2056 3127 um
2087 3071 2331 3141 Josephi,
2378 3073 2472 3129 sed
2503 3074 2554 3127 in
2586 3073 2778 3127 faciem
2816 3086 3003 3126 eorum
3051 3070 3312 3140 approbat
3338 3085 3501 3138 spon-

240 3158 349 3227 τῆς
377 3158 617 3229 ἐγκρίνει
661 3157 947 3229 μνηστῆρα
987 3157 1077 3211 διὰ
1116 3158 1214 3228 τὴν
1255 3157 1365 3210 τῶν
1411 3158 1681 3212 Ἰουδαίων
1726 3161 1775 3213 ὑτ

1967 3180 2079 3229 um,
2123 3174 2346 3234 propter
2378 3165 2740 3233 suspicionem
2780 3162 3095 3217 Judaeorum
3134 3162 3499 3231 reputantium

244 3251 451 3320 οψίαν,
504 3250 766 3321 οἰομένων
821 3249 985 3303 αὑτὸν
1042 3250 1105 3302 ὲκ
1149 3249 1405 3321 πορνείας
1456 3250 1779 3322 γεγεννῆσθα

1970 3270 2056 3309 um
2089 3269 2157 3308 ex
2196 3256 2558 3310 fornicatione
2590 3266 2772 3309 natum
2808 3253 2997 3309 fuisse.
3032 3253 3345 3322 Simplicius
3374 3267 3504 3308 vero

259 3341 657 3413 ’Δπλούστερον
692 3342 789 3412 μὲν
822 3337 915 3395 οὖν
947 3340 1157 3410 λέγοιτο
1191 3342 1289 3405 ἂν,
1335 3342 1417 3394 ὅτι
1449 3342 1706 3412 ἐτίμησεν
1739 3342 1794 3394 αἰ

1969 3347 2043 3402 ἒίοἰ
2073 3356 2276 3418 posset,
2296 3348 2439 3417 quod
2467 3347 2840 3402 honestaverit
2865 3362 2986 3399 eum
3016 3344 3254 3414 Spiritus
3279 3357 3504 3400 sanctus

246 3434 344 3487 τὸν
374 3434 436 3487 τὸ
479 3433 701 3504 Πνεῦμα
749 3433 809 3486 τὸ
845 3434 999 3502 ἅγιον
1027 3436 1092 3505 τῇ
1130 3432 1224 3486 τοῦ
1257 3435 1463 3504 πατρὸς
1497 3451 1776 3505 προσηγορ

1966 3436 2109 3491 »διε-ῖς
2147 3426 2525 3506 appellatione,
2550 3444 2681 3501 etc.,
2716 3449 2783 3488 ne
2812 3433 2952 3489 forte
2988 3433 3109 3486 illos
3150 3432 3501 3487 deseruisset.

245 3528 347 3581 atat
396 3525 464 3579 τά
516 3525 749 3579 λοιπά...
809 3525 964 3595 (75),
1029 3527 1225 3597 μήπως
1285 3526 1482 3589 αὐτοὺς
1530 3525 1780 3579 καταλέλι

1937 3531 2009 3583 At
2041 3529 2297 3583 Dominus
2329 3544 2450 3583 cum
2475 3528 2665 3583 liceret
2694 3530 2991 3583 humanum
3015 3525 3245 3580 reddere
3275 3538 3472 3593 respon

247 3636 374 3671 πεν.
423 3619 480 3671 Ὀ
525 3617 582 3670 δὲ
614 3615 852 3688 Κύριος,
895 3617 1055 3685 ἀφεὶς
1100 3617 1445 3689 ἀνθρωπίνην
1492 3615 1674 3671 δοῦναι
1711 3617 1782 3671 ἀπ

1974 3635 2082 3683 um,
2122 3620 2361 3673 divinum
2413 3620 2593 3689 potius
2641 3618 2905 3683 reddidit,
2954 3616 3162 3688 liquido
3220 3616 3509 3671 ostendens

249 3727 470 3782 κρισιν,
519 3708 670 3762 θείαν
720 3708 933 3773 δίδωσι,
978 3708 1407 3780 παρεμφαίνων,
1459 3708 1706 3772 ὅτιθεὸς
1751 3725 1777 3761 ε

1241 3708 1407 3772 ίνων,
1459 3710 1541 3761 ὅτι
1573 3708 1706 3772 Θεὸς
1751 3708 1838 3777 εἴη
1940 3711 2084 3780 quod
2116 3709 2258 3765 Deus
2286 3721 2405 3764 erat
2443 3712 2776 3765 incarnatus.

253 3800 694 3873 σεσαρκωμένος.

331 3894 400 3945 Ἦ
435 3892 611 3945 τοίνυν
641 3892 783 3944 οὕτω
810 3892 1051 3963 νοήσειςο
1092 3891 1175 3944 ὅτι
1210 3891 1315 3959 ὅρη
1368 3891 1464 3961 μὲν
1496 3892 1594 3945 καὶ
1620 3891 1838 3955 ,βουνοί

2012 3889 2109 3945 Vel
2155 3890 2319 3961 igitur
2359 3890 2439 3945 sic
2485 3889 2797 3960 intelliges:
2834 3887 3039 3944 Montes
3080 3898 3128 3944 et
3161 3888 3339 3950 colles,
3385 3902 3508 3942 esse

250 3985 310 4037 αἱ
336 3983 706 4054 άντικείμεναι
739 3983 998 4053 δυνάμεις
1024 3982 1112 4035 διὰ
1147 3983 1247 4051 τῆς
1274 3982 1510 4053 Χριστοῦ
1542 3982 1785 4053 ὲπιδημίι

1975 3982 2283 4038 dversarias
2316 3983 2564 4047 virtutes,
2614 3997 2735 4053 quae
2787 3996 2884 4051 per
2925 3980 3125 4036 Christi
3166 3982 3504 4050 praesentiam

252 4076 734 4147 ἐταπεινώθησαν
787 4078 846 4129 αἱ
887 4073 945 4127 δὲ
992 4073 1294 4143 φάραγγες
1335 4076 1382 4126 oi
1424 4072 1699 4141 ἄνθρωποι
1744 4091 1787 4126 π

1970 4075 2240 4130 tumiliataa
2284 4085 2427 4131 sunt.
2471 4074 2665 4139 Valtes,
2704 4090 2824 4130 esse
2858 4075 3124 4137 homines,
3173 4074 3265 4144 qui
3317 4073 3505 4142 repleti

252 4167 567 4238 πλήρωνται
614 4168 698 4219 ἐπ’
731 4167 914 4237 ἔργοις
945 4164 1189 4234 ἀγαθοῖς.
1245 4165 1540 4237 Γεγένηται
1572 4166 1626 4218 δὲ
1662 4166 1787 4219 πάνιι

1976 4179 2070 4223 unt
2099 4170 2357 4240 operibus
2408 4171 2587 4229 bonis.
2638 4170 2941 4225 Evaserunt
2986 4183 3150 4237 porro
3178 4181 3511 4236 quaecunque

253 4256 449 4311 σκολιὰ
481 4259 560 4320 εἰς
586 4256 822 4310 εὐθεῖαν.
854 4257 1119 4319 Ἕκαστος
1152 4256 1257 4327 γὰρ
1292 4256 1446 4327 ἡμῶν
1491 4256 1700 4319 σκολιὸς
1728 4252 1788 4327 ἦν

1977 4270 2097 4315 rant
2118 4262 2335 4332 obliqua
2368 4262 2420 4315 in
2458 4273 2687 4317 rectum.
2722 4259 2908 4327 Quivis
2931 4259 3074 4314 enim
3104 4268 3348 4315 nostrum
3373 4257 3510 4311 obli-

265 4350 359 4402 Ἐν
406 4350 504 4419 μὲν
545 4350 721 4402 τοίνυν
762 4353 828 4419 τῇ
860 4346 1097 4420 Χριστοῦ
1150 4347 1414 4419 ἐπιδημίᾳ
1459 4352 1525 4419 τῇ
1571 4348 1798 4418 γενομέν

1971 4368 2079 4422 ,υιιε
2124 4364 2262 4408 erat.
2312 4353 2366 4406 lu
2413 4354 2644 4409 adventu
2690 4353 2874 4422 itaque
2911 4351 3110 4407 Christi
3158 4350 3211 4403 in
3249 4348 3506 4413 animam,

250 4444 338 4505 εἰς
385 4443 485 4513 τὴν
533 4441 710 4512 ψυχὴν
753 4442 959 4510 γίνεται
990 4440 1060 4493 τὰ
1100 4440 1285 4492 σκολιά
1326 4442 1406 4503 εἰς
1450 4439 1682 4493 εὐθεῖαν.
1728 4442 1785 4493 Κι

1971 4458 2076 4500 lunt.
2125 4447 2346 4516 obliqua
2381 4446 2432 4499 in
2468 4456 2699 4500 rectum.
2742 4444 2974 4509 Rursus,
3018 4457 3206 4511 aspera
3248 4449 3365 4494 erat
3402 4440 3506 4493 vita

254 4534 422 4587 πάλιν
448 4535 655 4605 τραχὺς
677 4528 745 4604 ἦν
772 4531 929 4604 ἡμῶν
952 4535 979 4585 ὁ
1015 4518 1147 4603 βίος,
1180 4532 1275 4585 καὶ
1299 4534 1327 4584 ὁ
1349 4531 1506 4599 λόγος
1531 4531 1789 4603 ἀνώμαλα

1972 4549 2149 4604 nostra,
2175 4547 2230 4591 et
2261 4537 2603 4607 ratioiniqua
2628 4555 2640 4589 :
2668 4549 2722 4590 at
2753 4536 3047 4591 adveniens
3076 4533 3336 4589 Dominus
3353 4532 3507 4600 plana

253 4626 427 4682 ὲλθὼν
458 4627 515 4679 δὲ
550 4629 578 4680 ὁ
608 4626 833 4697 Κύριος,
866 4625 981 4678 λεῖα
1013 4626 1190 4679 πάντα
1223 4623 1510 4694 πεποίηκε.

866 4625 981 4678 λεῖα
1013 4626 1190 4679 πάντα
1223 4623 1510 4694 πεποίηκε.
1942 4629 2069 4684 fecit
2100 4630 2368 4684 universa.

922 4719 1080 4772 ΚΕΦ.
1109 4718 1184 4770 Γν.

2584 4718 2737 4774 CAP.
2778 4715 2865 4770 III.

255 4814 409 4884 Στίχ.
446 4819 517 4866 α’.
576 4813 677 4866 Ἐν
704 4811 1049 4884 ἔτει-πέντε
1078 4811 1175 4864 καὶ
1214 4810 1446 4884 ,δεκάτῳ
1492 4809 1603 4879 τῆς
1634 4812 1790 4881 ﬁrmi

1980 4807 2043 4861 V.
2079 4807 2130 4864 I.
2181 4807 2249 4862 In
2299 4824 2439 4862 anno
2476 4808 2663 4884 quinto
2707 4818 2755 4860 et
2791 4806 2995 4884 decimo
3039 4803 3243 4873 imperii
3288 4800 3481 4855 Tiberii

658 4884 793 4948 νίας
827 4882 1087 4950 Τιϐερίου
1113 4883 1429 4950 Καίσαρος.
1553 4877 1560 4879 ⁷
1662 4877 1669 4880 “
1738 4877 1750 4881 ’

1315 4899 1429 4947 ρος.
1553 4877 1560 4879 “
1662 4877 1669 4880 ἢ
1738 4877 1750 4881 ⁷
2489 4877 2495 4878 ⁷
2602 4877 2850 4931 Cwsaris.

340 4977 463 5029 Ἐπὶ
497 4975 596 5046 μὲν
623 4972 715 5029 οῦν
748 4975 826 5046 τῷ
857 4975 1007 5046 παρὰ
1042 4974 1311 5038 Ἰουδαίοις
1344 4974 1524 5044 μόνοις
1566 4990 1837 5045 κηρυσσο-

2017 4968 2073 5022 In
2123 4968 2440 5038 prophetico
2475 4982 2745 5033 sermone,
2794 4966 2881 5036 qui
2928 4966 3068 5032 apud
3113 4963 3330 5019 Judazos
3369 4965 3512 5017 solos

258 5070 410 5140 μένῳ
432 5068 577 5138 λόγῳ
608 5067 929 5139 προφητικῷ
960 5068 1204 5137 βασιλεία
1237 5067 1395 5138 μόνον
1431 5066 1684 5127 Ἰουδαίας
1717 5066 1793 5118 ἀνι

1972 5061 2334 5130 :rulgabatur,
2388 5074 2615 5129 regnum
2664 5060 2929 5111 duntaxat
2961 5055 3162 5110 .Iuilzra:
3197 5056 3507 5110 ascribitnr.

254 5160 549 5230 γράφεται.
585 5159 824 5225 ’Ὀρασις
851 5158 979 5229 γάρ,
1009 5158 1193 5227 φησιν,
1223 5155 1303 5223 ἣν·
1332 5153 1490 5209 εἶδεν
1522 5159 1554 5209 ό
1594 5156 1789 5209 Ἦσαΐο

1976 5153 2127 5219 ’ist'o,
2178 5163 2302 5220 puta
2349 5152 2543 5217 inquit,
2590 5168 2747 5220 quant
2794 5151 2922 5204 vidit
2999 5149 3173 5203 Isaias
3227 5150 3281 5200 in
3331 5148 3511 5201 diebus

252 5254 325 5305 ὲν
354 5251 598 5321 ἡμέραις
632 5250 817 5309 Ὀζῖου
844 5250 941 5303 καὶ
989 5249 1223 5303 Ἰωὰθαν
1251 5250 1348 5301 καὶ
1386 5248 1581 5316 Ἇχὰζ,
1617 5248 1673 5302 οἳ
1706 5248 1787 5300 ἑϐι

1975 5245 2109 5310 lziw,
2138 5254 2189 5298 et
2220 5244 2455 5299 Joathan
2483 5255 2533 5299 et
2564 5246 2763 5311 Achaz,
2797 5246 2887 5309 qui
2916 5252 3260 5313 regnaverunt
3306 5243 3361 5294 in
3407 5240 3510 5291 Ju-

254 5344 563 5397 σίλευσαγ
606 5341 715 5411 τῆς
763 5342 967 5396 Ἰούδα.
1028 5342 1150 5394 Ἐπὶ
1192 5341 1249 5393 δὲ
1294 5338 1371 5410 τῷ
1414 5340 1693 5411 μυστηρίῳ
1742 5355 1789 5392 τι

1973 5339 2011 5391 'a
2038 5338 2106 5391 ⁵⁸.
2134 5337 2203 5391 At
2242 5337 2295 5391 in
2348 5337 2608 5407 mysterio
2639 5336 2940 5405 Evangelii,
2982 5334 3124 5403 quod
3178 5349 3274 5403 per
3322 5333 3508 5386 orbem

340 5461 385 5492 ⁸⁷
416 5460 572 5515 Joan.
620 5476 660 5525 ι,
707 5460 798 5527 29,
840 5460 929 5514 56.
1008 5460 1053 5491 ⁵⁸
1094 5459 1221 5513 Isai.
1268 5475 1306 5522 ι,
1361 5459 1413 5512 I.

329 5599 533 5669 (72-73)
567 5598 1264 5669 ΙηςοτίὺίιιιιιεΕύαγγέλιον
1294 5598 1435 5669 κατὰ
1470 5598 1837 5669 ᾼουκᾶνηήρ-

2014 5589 2124 5669 (74)
2163 5587 2481 5669 Prmcetlunt
2510 5606 2628 5669 qua:
2665 5605 2826 5660 supra
2852 5588 3102 5657 leguntur
3159 5598 3223 5637 ex
3248 5578 3370 5636 cod.
3420 5574 3510 5628 28·

259 5661 602 5740 μηνευμένον
627 5670 691 5721 ὲκ
716 5668 986 5739 διαφόρων
1013 5661 1385 5740 spemspem,
1420 5667 1511 5721 τοῦ
1539 5661 1794 5738 τετραὸαῆ

1651 5661 1839 5735 ›α6άγ-
1944 5661 2381 5740 desinitqu_e_hoc
2409 5661 2585 5717 modo.
2621 5733 2634 5740 _
2681 5730 2747 5740 η
2808 5732 2819 5740 .
2894 5729 2918 5740 Δ
3130 5723 3186 5735 ο,

254 5729 418 5811 γέλου
443 5729 556 5811 ’τὴν
580 5729 888 5810 ὲρμηνείὰν’
908 5729 1158 5805 εἰσάγων’
1171 5737 1334 5792 ἔνδον.
1373 5729 1380 5733 ’
1638 5729 1648 5738 ’

1790 5729 1800 5735 ’
2014 5730 2126 5797 I75)
2162 5729 2294 5785 Vide
2332 5746 2493 5800 supra
2536 5733 2655 5786 cod.
2679 5730 2771 5794 9.8,
2807 5732 2860 5785 in
2890 5729 2993 5783 line
3026 5729 3221 5793 capitis
3253 5758 3293 5774 ..

544 5830 816 5890 ΡΑτιιοι..
865 5828 984 5888 Gn.
1035 5827 1233 5887 XVII.

3236 5817 3304 5876 11
