3888 6214
419 347 519 405 551

1310 326 1867 389 δυΡΡιΕιιΕΜυιι
1907 324 1998 379 AD
2027 320 2353 379 ORIGENIS
2380 318 2792 376 EXEGETICA.

3546 320 3651 374 552

422 466 732 519 universum
776 454 1174 528 praedicandum
1234 461 1389 514 erat,
1441 448 1726 518 imperium
1777 441 1979 497 Tiberii

2104 438 2414 508 Ξύαγγελίου
2444 437 2688 509 μέλλοντι
2710 439 2769 490 ἐν
2794 437 2899 507 ὅλῳ
2923 436 3111 507 κόσμῳ
3135 453 3203 507 κη
3211 433 3500 506 ρύσσεσθαι
3531 438 3654 508 ἡγε-

420 555 651 611 Caasaris
684 550 995 611 ascribitur,
1023 547 1112 614 qu’i
1144 545 1307 599 totius
1337 542 1519 596 mundi
1554 540 1835 593 videbatur
1862 550 1982 589 esse

418 666 538 705 rex.
568 649 646 702 Ac
678 647 721 700 si
758 644 975 714 quidem
1011 639 1240 710 gentiles
1273 637 1430 691 modo
1454 632 1698 689 salvandi
1731 630 1981 690 fuissent,

416 742 669 798 omnibus
701 751 828 791 vero
862 734 988 789 ﬁliis
1012 730 1175 786 Israel
1200 730 1345 783 salus
1374 727 1561 781 clausa
1591 724 1817 788 fuisset;
1853 720 1985 775 satis

417 839 1008 890 eratcommemorasse
1037 824 1193 877 modo
1208 820 1505 873 Tiberium.
1534 817 1602 869 At
1625 814 1747 883 quia
1774 818 1985 881 oportet

422 937 481 979 ut
514 924 738 978 credant
784 928 841 975 et
902 916 1148 978 Galilaai,
1193 926 1246 967 et
1299 909 1473 963 Iturzei
1516 917 1570 961 et
1608 902 1981 966 Tracltouitae;

420 1026 706 1086 propterea
734 1011 1082 1067 ascribuntur
1111 1007 1223 1060 lucc
1250 1019 1434 1073 regna,
1464 1011 1556 1052 aut
1584 996 1761 1066 potius
1786 1003 1987 1047 tetrar-

420 1085 577 1161 cbite.
613 1101 898 1171 Nunquam
954 1111 1081 1151 vero
1110 1094 1282 1148 fuerat
1312 1092 1533 1144 verbum
1564 1086 1657 1140 Dei
1692 1085 1759 1138 ad
1795 1096 1987 1152 quem-

421 1196 569 1267 piatn
597 1193 983 1264 prophetarum
1014 1189 1066 1242 in
1096 1187 1339 1249 deserto,
1380 1181 1484 1235 nisi
1537 1192 1680 1233 nunc
1723 1176 1988 1229 duntaxat

420 1265 643 1360 propter
687 1285 974 1355 quamdam
1023 1279 1310 1348 mysticam
1364 1270 1796 1342 intelligentiam.
1847 1265 1987 1332 Quia

422 1358 613 1448 nempe
634 1377 805 1447 phtres
827 1374 993 1444 futuri
1020 1380 1167 1425 erant
1190 1368 1289 1437 ﬁlii
1318 1363 1616 1428 desertw,id
1640 1372 1721 1416 est
1740 1358 1989 1414 Ecclesia:

423 1469 698 1542 gentium,
750 1480 906 1536 quam
962 1464 1075 1532 ejus
1110 1476 1227 1530 qua:
1266 1457 1486 1511 habebat
1527 1455 1694 1509 virum
1721 1452 1789 1520 ⁸³,
1817 1450 1985 1519 legem

422 1540 544 1616 volo
614 1561 793 1614 dicere
861 1555 1163 1625 Synagoga:
1214 1548 1546 1605 Judmornm.
1596 1544 1747 1611 Quod
1820 1540 1986 1595 dicit:

425 1650 651 1705 Factum
707 1659 779 1702 est
819 1647 1028 1701 verbum
1076 1641 1172 1696 Dei
1214 1642 1282 1694 ad
1322 1636 1583 1692 Joannem
1633 1634 1702 1699 ⁶⁰,
1751 1632 1992 1700 intelligo

422 1753 771 1815 prteceptutn.

425 1922 491 1979 Ἴ.
532 1923 587 1978 3.
629 1920 698 1974 Et
731 1918 869 1974 venit
898 1916 954 1969 in
989 1929 1201 2037 omium;
1224 1909 1684 1991 circumjacentem
1723 1904 1984 1974 regionem

1108 2000 1165 2036 or
1205 1998 1343 2035 ams.

1108 1998 1343 2036 oraants.

501 2083 599 2140 Ubi
633 2080 914 2153 oportebat
942 2075 1245 2144 Baptistam
1297 2066 1816 2128 circumambulare,
1872 2062 1981 2117 nisi

428 2179 481 2233 in
518 2174 895 2244 circumposita
920 2170 1173 2226 Iordanis
1192 2166 1429 2235 regione,
1462 2160 1588 2215 utsi
1622 2173 1780 2230 quem
1812 2156 1988 2226 poeni—

430 2279 543 2322 tere
584 2265 763 2328 vellet,
792 2263 975 2319 statim
1006 2260 1199 2313 ﬂuvius
1229 2259 1281 2310 in
1318 2261 1566 2325 promptu
1607 2248 1989 2305 essetilntcr-

425 2365 670 2428 pretatur
732 2370 894 2425 porro
942 2351 1245 2415 Jordanis,
1317 2347 1620 2399 decurrens.
1688 2341 1991 2395 Decurreus

427 2450 569 2504 enim
598 2459 684 2505 est
716 2464 842 2505 vere
868 2449 1070 2502 llutuen
1106 2445 1221 2503 Dei.
1270 2455 1412 2511 aqua
1458 2452 1645 2501 verax,
1678 2448 1816 2504 aqua
1844 2432 1991 2487 salu—

430 2540 582 2596 taris.

502 2632 568 2688 ν.
608 2632 659 2685 7.

501 2723 719 2788 Dicunt,
752 2721 991 2792 viperam
1016 2720 1141 2775 dum
1167 2717 1409 2786 concipit
1434 2713 1740 2769 interﬁcere
1763 2719 1991 2770 marem,

429 2828 499 2869 ex
530 2827 637 2882 quo
654 2811 904 2882 .concipit
937 2827 952 2865 :
987 2809 1143 2879 cujus
1188 2823 1373 2863 semen
1416 2807 1808 2860 incrementum
1850 2796 1994 2851 acci-

432 2904 609 2971 piens,
664 2900 1064 2968 concipientem
1106 2896 1326 2961 oecidit,
1376 2904 1540 2963 atque
1586 2893 1664 2946 sic
1714 2891 1767 2944 in
1818 2887 1993 2942 lucem

434 2993 631 3063 prodit,
651 2992 944 3046 dilacerato
962 2987 1148 3042 matris
1170 2998 1346 3052 utero,
1362 2984 1513 3054 quasi
1542 2996 1753 3053 poenam
1773 2991 1995 3033 sumens

434 3083 700 3139 interfecti
732 3080 989 3152 parentis.
1018 3078 1175 3134 Tales
1218 3088 1271 3133 et
1310 3076 1500 3132 Judaei.
1535 3070 1856 3144 Spirituales
1894 3083 1993 3137 pa-

2088 532 2245 601 μονία
2289 531 2539 601 Τιβερίου
2584 530 2859 600 Καίσαρος
2908 528 3315 599 άναγράφεται,
3371 527 3429 591 ὃς
3478 528 3652 581 ἐδόκει

2084 624 2206 677 ὅλου
2238 622 2330 677 τοῦ
2371 623 2576 692 κόσμου
2616 618 2753 673 εἶναι
2804 619 3075 691 βασιλεύς.
3113 620 3225 673 Καὶ
3257 621 3305 672 εί
3342 619 3441 689 μὲν
3471 621 3519 672 οἱ
3546 620 3653 673 ἀπὸ

2084 716 2250 770 ἐθνῶν
2280 716 2431 788 μόνοι
2460 713 2691 786 ἧμελλον
2725 712 3008 780 σῶξεσθαι,
3043 712 3204 766 παντὶ
3234 712 3290 765 δὲ
3333 713 3653 765 ἀπεκέκλει-

2086 810 2245 879 στοή
2295 806 2535 877 σωτηρία
2572 805 2679 858 τῶν
2730 804 2859 857 υἱῶν
2913 804 3165 876 Ἰσραὴλ,
3208 805 3367 874 ἤρκει
3411 803 3472 855 τὸ
3521 822 3655 874 μνη-

2086 897 2277 969 σθῆναι
2314 897 2473 968 μόνον
2501 896 2771 967 Τιὸερίου.
2818 895 3034 967 Ἐπειδὴ
3066 895 3120 947 δὲ
3158 894 3238 947 δεῖ
3270 896 3362 948 καὶ
3392 896 3516 959 τοὺς
3543 896 3653 949 ἀπὸ

2083 991 2184 1060 τῆς
2231 988 2518 1052 Γαλιλαίας
2560 989 2653 1042 καὶ
2696 987 2990 1059 Ἰτουραίας
3024 986 3117 1039 καὶ
3142 986 3534 1058 Τραχωνίτιδος
3566 1006 3654 1040 πι-

2088 1080 2316 1144 στεύειν,
2344 1080 2431 1133 διὰ
2467 1079 2623 1132 τοῦτο
2648 1079 3051 1151 άναγράφονται
3079 1073 3235 1133 αὗται
3269 1079 3325 1131 αἱ
3369 1078 3651 1148 βασιλεῖαι,

2085 1175 2204 1245 ἤτοι
2238 1172 2576 1244 τετραρχίαι.
2612 1172 2875 1224 Οὐδέποτε
2916 1171 2973 1225 δὲ
2998 1170 3186 1239 γέγονε
3221 1170 3372 1241 ῥῆμα
3397 1169 3529 1224 Θεοῦ
3564 1170 3655 1223 ὲπί

2085 1284 2208 1321 τινα
2238 1266 2345 1318 τῶν
2387 1264 2677 1335 προφητῶν
2718 1266 2775 1317 ὲν
2813 1266 2880 1335 τῇ
2928 1264 3152 1334 ἐρήμῳ,
3186 1266 3233 1315 εἱ
3268 1263 3341 1333 μὴ
3372 1262 3465 1316 νῦν
3497 1264 3656 1334 μόνον

2086 1358 2173 1411 διά
2222 1373 2342 1410 τινα
2395 1356 2656 1427 μυστικὴν
2708 1354 2956 1427 Θεωρίαν.
3021 1354 3238 1425 Ἐπειδὴ
3282 1354 3391 1424 γὰρ
3440 1354 3658 1423 ἔμελλε

2090 1447 2287 1503 πολλὰ
2322 1446 2395 1501 τὰ
2424 1446 2603 1500 τέκνα
2642 1445 2753 1513 τῆς
2780 1444 3000 1515 ἐρήμου
3022 1444 3262 1515 μᾶλλον
3289 1441 3469 1511 εἶναι,
3505 1462 3657 1498 τουτ-

2090 1542 2205 1594 έστι
2234 1540 2332 1610 τῆς
2369 1540 2430 1604 ἐξ
2467 1538 2634 1592 ἐθνῶν
2675 1537 3030 1609 Ἐκκλησίας,
3075 1537 3228 1605 ἤπερ
3261 1534 3368 1605 τῆς
3394 1538 3659 1607 ἐχούσης

2089 1633 2199 1687 τὸν
2245 1632 2465 1701 ἄνδρα,
2518 1632 2607 1685 τὸν
2653 1632 2814 1702 νόμον
2857 1631 2958 1701 τῆς
3016 1631 3283 1684 Ἰουδαίων
3337 1627 3660 1695 συναγωγῆς

2093 1740 2254 1794 φημι.
2289 1721 2361 1776 Τὸ
2389 1722 2444 1776 δὲ
2477 1724 2676 1789 εἰπεῖν,
2712 1722 2795 1775 ὅτι
2841 1721 3105 1790 Ἐγένετο
3133 1719 3300 1790 ῥῆμα
3331 1718 3478 1774 Θεοὗ
3511 1716 3661 1786 πρὸς

2018 1804 2061 1859 Β
2102 1814 2406 1883 Ἰωάννην,
2438 1815 2685 1868 τουτέστι
2717 1815 3060 1886 πρόσταγμα.

2135 1907 2280 1978 Στίχ.
2309 1913 2377 1975 γ’.
2422 1907 2531 1961 Καὶ
2577 1902 2762 1978 ἦλθεν
2792 1909 2878 1971 είς
2902 1975 2918 1978 _
2939 1904 3145 1978 mitra?
3180 1903 3296 1974 τὴν
3331 1902 3663 1972 περίχωρον

2619 1977 2725 2031 τοῦ
2784 1975 3099 2042 Ἰορδάνου.

2164 2071 2275 2145 (76)
2302 2069 2412 2124 Ποῦ
2435 2069 2538 2123 ἔδει
2564 2070 2652 2122 τὸν
2668 2066 2974 2138 Βαπτιστὴν
3002 2065 3382 2137 περιέρχεσθαι
3405 2064 3439 2133 ἢ
3462 2066 3541 2127 εἰς
3562 2080 3663 2135 την

2094 2166 2397 2238 περίχωρον
2438 2162 2531 2216 τοῦ
2572 2160 2863 2233 Ἰορδάνου,
2900 2160 3018 2224 ἵνα,
3055 2159 3148 2213 ὲάν
3185 2174 3268 2221 τις
3301 2156 3539 2227 βούλοιτο
3572 2173 3667 2226 με-

2094 2261 2322 2322 τανοεῖν,
2350 2256 2549 2318 εὐθέως
2569 2254 2851 2325 εὐπορήσῃ
2875 2250 2967 2305 τοῦ
2990 2250 3235 2322 ποταμοῦ
3260 2267 3275 2315 ;
3302 2248 3665 2321 ἑρμηνεύεται

2094 2348 2151 2401 δὲ
2197 2347 2464 2417 Ἰορδάνης
2506 2342 2894 2398 καταϐαίνων.
2953 2339 3309 2394 Καταόαίνων
3358 2341 3466 2410 γάρ
3512 2340 3666 2391 ὲστιν

2095 2437 2308 2508 ἀληθῶς
2329 2438 2357 2490 ὁ
2387 2434 2628 2505 ποταμὸς
2651 2431 2745 2486 τοῦ
2772 2431 2927 2497 Θεοῦ,
2947 2432 3007 2484 τὸ
3037 2430 3181 2504 ὕδωρ
3212 2431 3274 2485 τὸ
3301 2430 3579 2501 ἀληθινὸν,
3604 2429 3668 2481 τὸ

2098 2528 2243 2599 ὕδωρ
2268 2526 2328 2580 τὸ
2363 2526 2648 2597 σωτήριον.

2170 2618 2316 2689 Στίχ.
2348 2616 2412 2682 ζ’.

2169 2709 2279 2778 (77)
2307 2707 2441 2759 Φασὶ
2461 2704 2518 2757 δὲ
2545 2706 2641 2777 τὴν
2668 2704 2874 2775 ἔχιδναν
2907 2706 2965 2757 ἐν
2988 2703 3066 2775 τῷ
3091 2703 3479 2774 συλλαμϐάνειν
3511 2704 3671 2756 ἀναι-

2101 2803 2213 2872 ρεῖν
2241 2799 2329 2853 τὸν
2355 2797 2415 2862 ἐξ
2446 2790 2506 2851 οὗ
2536 2795 2897 2866 συλλαμϐάνει
2925 2796 3157 2868 ἄρρενα·
3187 2790 3247 2849 οὗ
3282 2797 3315 2866 ἡ
3349 2794 3525 2864 σπορὰ
3563 2795 3669 2847 αὐ-

2102 2891 2351 2956 ξάνουσα,
2380 2889 2479 2960 τὴν
2501 2886 2864 2941 συλλαϐοῦσαν
2890 2887 3101 2957 ἀναιρεῖ
3125 2886 3219 2939 καὶ
3242 2885 3413 2949 οὔτως
3450 2887 3530 2949 είς
3550 2886 3672 2954 φῶς

2099 2983 2395 3054 ἐξέρχεται,
2428 2978 2763 3049 διαρῤήξασα
2786 2978 2883 3048 τῆς
2919 2978 3120 3048 μητρὸς
3142 2977 3240 3048 τὴν
3263 2976 3520 3046 γαστέρα,
3547 2993 3674 3029 ποι-

2100 3075 2195 3147 νὴν
2221 3074 2408 3141 ὥσπερ
2444 3069 2537 3124 τοῦ
2577 3068 2963 3140 διαφθαρέντος
3006 3068 3212 3138 πατρός
3252 3062 3265 3120 .
3292 3109 3305 3121 .
3324 3110 3337 3123 .
3358 3104 3372 3120 .
3389 3107 3402 3118 .
3426 3107 3439 3119 .
3457 3108 3470 3120 .
3491 3106 3505 3119 .
3542 3068 3673 3121 Τοι-

436 3188 544 3231 tres
572 3188 699 3228 suos
727 3188 793 3227 ac
835 3173 1084 3227 doctores
1110 3168 1358 3222 manibus
1401 3164 1736 3222 occiderunt.
1780 3159 1991 3215 Dictum

2104 3168 2241 3223 σῦτθι
2271 3166 2363 3219 καλ⁵
2386 3166 2434 3217 oi.
2473 3163 2738 3226 Ἰουδαῖοι,
2765 3163 2889 3224 τοὺς
2922 3161 3320 3231 πνευματικοὺς
3352 3159 3531 3212 αὐτῶν
3565 3177 3677 3213 πα-

432 3277 518 3323 est
546 3267 613 3320 de
637 3265 722 3320 his
748 3264 801 3318 in
829 3261 1082 3316 Mattbazo
1108 3260 1292 3314 latius.

1084 3455 1235 3512 CAP.
1264 3454 1356 3510 1V.

438 3554 579 3611 v.9.
615 3552 686 3607 Et
725 3552 877 3606 duxit
920 3564 1037 3602 eum
1081 3549 1138 3601 in
1181 3544 1500 3609 Jerusalem,
1556 3550 1607 3596 et
1652 3540 1834 3595 statuit
1881 3508 1999 3592 eum

852 3635 1008 3687 super
1036 3621 1378 3687 pinnaculunt
1402 3615 1599 3682 templi.

507 3711 741 3768 Attende
779 3722 942 3779 porro
984 3704 1252 3776 quomodo
1292 3701 1563 3757 malitiose
1599 3708 1880 3766 astuteque
1906 3710 2002 3765 per

436 3803 743 3860 testimonia
774 3800 1179 3869 Scripturarum
1227 3794 1353 3848 velit
1399 3792 1745 3863 pessumdare
1777 3788 2000 3859 gloriam

437 3896 674 3962 Domini,
708 3903 962 3960 tanquam
986 3890 1077 3958 qui
1110 3887 1375 3956 indigeret
1397 3883 1641 3954 angelica
1663 3896 1787 3952 ope,
1819 3887 2003 3948 utpote

431 3988 765 4049 oll'ensurus,
798 3985 843 4039 si
874 3982 922 4035 ei
951 3980 1126 4049 angeli
1160 3976 1427 4032 auxilium
1476 3990 1581 4029 non
1626 3973 1852 4027 ferrent.
1881 3968 1997 4023 Non

436 4080 578 4133 enim
604 4078 672 4130 de
698 4074 920 4129 Cbristo
958 4072 1165 4124 dictum
1213 4067 1312 4119 luit
1360 4061 1731 4118 testimonium
1781 4056 1997 4127 psalmi.

430 4168 591 4222 Haud
634 4178 869 4234 namque
915 4176 1052 4230 opus
1091 4160 1257 4213 habet
1294 4154 1525 4224 angelis,
1561 4152 1652 4221 qui
1683 4149 2000 4219 angelorum

436 4260 696 4315 Dominus
730 4266 833 4311 est.
881 4254 993 4324 Ego
1034 4265 1162 4306 vero
1203 4257 1418 4309 contra,
1455 4246 1577 4298 dico
1612 4242 1731 4305 tibi,
1764 4238 1998 4303 diabole,

434 4354 577 4422 quod
636 4349 742 4405 nisi
774 4348 931 4402 Jesus
966 4344 1175 4412 angelis
1217 4338 1533 4410 opituletur,
1568 4332 1859 4389 oll‘endent.
1892 4329 2003 4383 Tu-

2098 3257 2261 3328 τέρας
2285 3254 2379 3309 καὶ
2399 3252 2746 3314 διδασκάλους
2772 3249 3173 3320 διαφθείροντες
3201 3248 3406 3320 χερσίν.
3438 3249 3675 3320 Εἴρηται

2100 3348 2456 3422 περὶτούτων
2489 3348 2547 3400 ὲν
2575 3344 2651 3416 τῷ
2677 3342 2940 3412 Ματθαίῳ
2968 3340 3320 3413 πλατύτερον.

2752 3436 2911 3488 ΚΕΦ.
2951 3436 3024 3487 Δ’.

2101 3532 2245 3602 Στίχ.
2294 3530 2358 3586 θ’.
2416 3528 2526 3585 Καὶ
2551 3528 2771 3602 ἤγαγεν
2798 3527 2981 3602 αὐτὸν
3017 3528 3104 3602 είς
3136 3524 3540 3602 Ἰερουσαλὴμ,
3556 3526 3675 3602 3m!

2158 3593 2420 3670 ἔστησεν
2450 3593 2634 3654 αὐτὸν
2668 3593 2766 3651 ἐπὶ
2810 3597 2874 3650 τὸ
2908 3597 3224 3665 πτερύγιον
3273 3593 3379 3648 τοῦ
3425 3594 3608 3663 ἱεροῦ.

2172 3694 2315 3764 Ὅρα
2357 3691 2416 3744 δὲ
2461 3689 2579 3752 πῶς
2625 3686 2947 3760 κακούργως
2987 3686 3075 3739 διὰ
3116 3688 3214 3757 τῆς
3266 3687 3515 3757 χρήσεως
3560 3685 3677 3739 τῶν

2100 3784 2332 3855 Γραφῶν
2381 3782 2523 3835 θέλει
2546 3781 2791 3834 καθελεῖν
2815 3779 2914 3850 τὴν
2942 3777 3098 3844 δόξαν
3127 3778 3351 3848 Κυρίου,
3382 3777 3457 3839 ὡς
3482 3776 3678 3846 δεομέ-

2101 3894 2192 3930 νου
2217 3876 2512 3947 ὰγγελικῆς
2544 3873 2792 3944 βοηθείας
2814 3911 2829 3937 ,
2857 3872 2933 3935 ὼς
2963 3870 3243 3941 μέλλοντος
3284 3868 3674 3938 προσκόπτειν,

2101 3969 2150 4020 εί
2186 3967 2259 4038 μὴ
2291 3966 2508 4035 ἄγγελοι
2537 3964 2684 4035 αὐτῷ
2711 3962 2970 4035 βοηθεῖεν.
3013 3962 3087 4014 Οὐ
3119 3961 3225 4031 γὰρ
3254 3960 3382 4031 περὶ
3410 3958 3505 4011 τοῦ
3532 3961 3677 4030 Χρι-

2105 4060 2229 4113 στοῦ
2265 4059 2477 4131 εἴρηται
2518 4059 2553 4129 ή
2600 4059 2791 4128 χρῆσις
2832 4053 2927 4108 τοῦ
2974 4052 3210 4124 ψαλμοῦ.
3254 4053 3329 4105 Οὐ
3362 4051 3469 4121 γὰρ
3498 4051 3677 4104 δεῖται

2102 4151 2345 4222 ἀγγέλων
2376 4154 2404 4204 ὁ
2432 4150 2538 4204 τῶν
2570 4149 2814 4219 ἀγγέλων
2836 4146 3119 4217 δεσπότης.
3163 4142 3302 4213 Ἐγὼ
3338 4143 3395 4197 δὲ
3439 4143 3500 4195 τὸ
3537 4143 3677 4196 ἀνά-

2105 4245 2262 4298 παλίν
2291 4261 2430 4315 φημι
2464 4243 2598 4313 πρὸς
2628 4242 2687 4295 σὲ
2708 4281 2722 4307 ,
2757 4235 2802 4294 ὦ
2832 4238 3040 4293 διάὸολε
3060 4278 3074 4302 ,
3110 4238 3157 4289 εί
3188 4237 3262 4308 μὴ
3303 4233 3509 4307 Ἰησοῦς
3540 4233 3680 4305 βοη-

2105 4335 2256 4406 θήσει
2282 4338 2395 4398 τοίς
2421 4333 2690 4402 ἀγγέλοις,
2723 4330 3145 4402 προσκόπτουσι.
3179 4327 3286 4378 Καὶ
3312 4326 3377 4378 σὺ
3409 4324 3494 4377 διὰ
3515 4323 3682 4393 τοῦτο

434 4461 540 4514 que
571 4454 853 4514 propterea
882 4437 1125 4492 cecidisti
1171 4437 1239 4489 de
1277 4433 1439 4496 ρωιο,
1489 4428 1615 4498 quia
1659 4436 1712 4480 te
1750 4425 1845 4480 tibi
1885 4435 2003 4477 esse

2106 4424 2399 4487 πέπτωκας
2455 4423 2514 4487 ἐξ
2560 4421 2789 4492 οὐρανοῦ
2818 4460 2832 4483 ,
2884 4417 3070 4489 ἐπειδὴ
3117 4416 3363 4487 αὐτάρκη
3416 4413 3683 4485 ἐνόμισας

442 4491 540 4514 1""
572 4491 850 4514 r"r"—'"
892 4491 937 4492 ”
1426 4491 1436 4496 ι
1507 4491 1521 4498 -

435 4539 784 4592 sullicientent
849 4532 1142 4585 arbitratus
1187 4542 1285 4590 es,
1358 4539 1459 4578 nec
1506 4522 1750 4589 indigere
1801 4516 2002 4570 auxilio

2107 4516 2295 4569 ἑαυτὸν
2322 4512 2476 4578 εἶναι,
2504 4514 2596 4567 καὶ
2620 4491 2694 4583 μὴ
2718 4511 2922 4565 δεῖσθαι
2946 4512 3043 4580 τῆς
3067 4506 3160 4560 τοῦ
3195 4506 3369 4577 Ἰησοῦ
3398 4504 3679 4575 βοηθείας.

436 4629 584 4684 Jesu.
643 4631 759 4691 Quo
820 4638 949 4676 vero
1021 4634 1304 4689 agnoscas,
1369 4615 1792 4681 haudquaquam
1852 4607 2001 4661 dicta

434 4725 606 4780 fuisse
646 4724 712 4775 de
748 4719 874 4774 Jcsn
911 4732 973 4770 ea
1016 4729 1135 4783 qua:
1176 4712 1377 4778 scripta
1405 4717 1568 4769 sunt;
1598 4706 1693 4759 sed
1742 4703 1794 4755 in
1830 4701 2001 4754 horni-

438 4833 559 4871 nent
593 4817 795 4884 justum
819 4812 931 4865 tunc
955 4806 1173 4870 referri,
1204 4804 1325 4857 audi
1354 4818 1367 4854 :
1402 4798 1675 4866 Scriptum
1702 4805 1784 4849 est
1813 4793 1998 4856 enim;

2110 4609 2226 4660 Ἵνα
2257 4606 2314 4659 δὲ
2344 4605 2485 4676 γνῷς
2517 4604 2591 4675 μὴ
2627 4603 2754 4674 περὶ
2792 4600 2885 4655 τοῦ
2925 4599 3096 4672 Ἰησοῦ
3140 4597 3386 4667 λελέχθαι
3431 4596 3498 4649 τὰ
3548 4599 3684 4649 ἀνα-

2106 4698 2497 4771 γεγραμμένα,
2544 4694 2656 4748 ἀλλ’
2689 4696 2768 4757 εἰς
2809 4693 3011 4746 δίκαιον
3051 4689 3218 4761 ἄνδρα
3262 4687 3433 4741 ταῦτα
3475 4688 3685 4757 ἀναφέ-

2110 4784 2315 4856 ρεσθαι,
2369 4783 2565 4837 ἄκουεο
2623 4781 2933 4851 Γέγραπται
2976 4778 3123 4849 γάρ·
3173 4778 3233 4829 '0
3272 4776 3564 4831 κατοικῶν
3609 4778 3687 4831 ἐν

2100 4876 2351 4944 βοηθείᾳ
2391 4875 2496 4931 τοῦ
2532 4874 2855 4940 Ὑψίστου,
2897 4871 2968 4924 ἐν
2994 4869 3206 4924 σκέπει
3232 4868 3340 4922 τοῦ
3376 4868 3524 4923 Θεοῦ
3568 4869 3685 4922 τοῦ

438 4910 541 4973 Qui
563 4880 760 4960 habitat
795 4902 848 4956 in
876 4899 1140 4961 adiutorio
1195 4892 1480 4954 Altissimi,
1531 4890 1586 4940 in
1628 4884 1854 4955 tegmine
1902 4880 2000 4934 Dei

437 4959 553 5053 ἕωίὶ
579 4994 904 5049 domicilium
937 4959 1138 5040 Itabebit
1168 4985 1234 5036 εί.
1270 4982 1383 5036 Hoc
1416 4981 1533 5032 viro
1576 4980 1724 5044 justo
1753 4971 2002 5040 congruit

2104 4967 2359 5035 οὐρανοῦ
2403 4962 2859 5028 αὺλισθήσεται.
2906 4961 3078 5014 Τοῦτο
3114 4960 3304 5031 δικαίῳ
3353 4959 3552 5031 μᾶλλον
3579 4961 3686 5030 ἁρ-

438 5091 635 5160 potius,
665 5101 825 5153 quam
858 5083 994 5135 Filio
1024 5078 1140 5131 Dei.
1178 5076 1241 5129 Et
1283 5088 1505 5129 rursus:
1534 5067 1738 5123 Cadent
1770 5078 1833 5118 ea:
1876 5062 2006 5114 lwva

2113 5058 2263 5128 μόζει
2305 5056 2338 5127 ἢ
2371 5055 2448 5126 τῷ
2477 5053 2590 5125 Υἱῷ
2626 5054 2719 5106 τοῦ
2748 5052 2883 5106 Θεοῦ
2906 5069 2920 5083 ·
2956 5054 3049 5105 καὶ
3076 5048 3230 5114 αὖθις
3252 5069 3265 5081 ·
3302 5051 3577 5104 Πεσεῖται
3607 5051 3685 5104 ἐκ

2186 5148 2211 5158 -
2302 5148 2347 5160 -,
2734 5149 2753 5160 ,
2792 5144 2804 5160 ι
2978 5144 2989 5160 .
3180 5144 3189 5160 ,
3370 5143 3384 5160 ,
3469 5142 3480 5160 ,
3537 5140 3621 5160 ι...

440 5140 533 5235 ina
562 5179 786 5243 ntitleni,
809 5185 858 5229 et
883 5176 1054 5227 decem
1090 5168 1313 5233 milleni,
1346 5176 1453 5222 etc.
1475 5164 1541 5227 ⁸³,
1567 5176 1683 5230 qua:
1704 5170 1916 5227 quoque
1940 5151 2005 5206 ad

2107 5148 2214 5202 τοῦ
2245 5148 2487 5213 κλίτους
2512 5161 2627 5201 σου
2656 5144 2871 5215 χιλιὰς,
2897 5144 2994 5198 καὶ
3020 5144 3257 5213 μυριὰς,
3298 5143 3393 5197 καὶ
3424 5142 3494 5196 τὰ
3531 5140 3686 5211 ἑξῆς,

2108 5240 2144 5294 ἃ
2172 5242 2265 5294 καὶ
2295 5239 2434 5293 αὐτὰ
2460 5240 2553 5292 ἐπὶ
2577 5239 2668 5291 τὸν
2693 5238 2898 5292 δίκαιον
2925 5237 3204 5306 ἀνάγεται.

2109 5354 2254 5422 Στίχ.
2300 5359 2371 5423 μ’.
2418 5352 2716 5423 Δύνοντος
2768 5349 2835 5402 δὲ
2877 5348 2984 5423 τοῦ
3026 5349 3205 5417 ἡλίου
3229 5346 3516 5423 ,πάντες
3547 5343 3689 5397 ὅσοι

2180 5416 2344 5492 εἶχον
2385 5421 2790 5485 ἀσθενοῦντας
2826 5420 3035 5484 νόσοις
3056 5416 3377 5483 ποικίλαις
3395 5457 3410 5481 ,
3453 5416 3691 5485 ἤγαγον

440 5278 613 5329 viruin
634 5271 838 5342 justum
878 5266 1213 5332 referuntur.

453 5390 513 5442 ν.
544 5388 635 5441 40.
670 5386 801 5438 Cum
842 5383 1116 5437 occidisset
1148 5395 1264 5433 vero
1299 5376 1597 5441 sol,.omnes
1625 5373 1872 5442 quotquot
1905 5365 2003 5442 Ita:

509 5432 1257 5525 suis»?Egréfdniet'moibn
1285 5432 1467 5509 variis,
1497 5432 1753 5494 ducebant
1778 5435 1896 5487 illos
1934 5432 2000 5484 ad

503 5636 550 5669 "
588 5634 705 5691 Gal.
739 5650 811 5700 tv,
839 5630 930 5687 27.
1007 5629 1054 5662 ⁸⁸
1084 5627 1215 5683 Luc.
1254 5641 1337 5692 ιιι,
1368 5624 1425 5680 2.
1501 5621 1543 5652 ⁸⁸
1580 5617 1720 5672 l’sal.
1747 5630 1835 5679 xc,
1878 5612 1929 5667 1.
2006 5618 2012 5645 ⁴

2105 5611 2210 5668 bid.
2240 5609 2294 5662 7.

511 5754 622 5826 (3'6)
654 5754 785 5810 Vide
819 5766 979 5822 supra
1007 5750 1076 5805 ad
1116 5763 1234 5819 cap.
1275 5747 1337 5809 Il,
1371 5744 1461 5809 5l,
1499 5755 1563 5795 ex
1599 5737 1719 5793 cod.
1748 5732 1840 5789 23.
2006 5732 2116 5805 (77)
2150 5728 2395 5799 Origenis
2412 5738 2464 5781 et
2486 5722 2731 5795 Gregorii
2749 5720 3031 5791 Tbeologi.
