3888 6214
228 362 338 418 533

1488 364 1783 421 SCHOLIA
1821 365 1887 420 IN
1928 364 2187 422 LUCAM.

3368 364 3473 420 534

301 483 530 558 at:st
562 483 715 558 πρὸς
751 485 977 558 αὐτόν.
1012 485 1074 537 '0
1111 484 1180 558 δὲ
1216 485 1305 538 ἑνί
1351 484 1587 558 ἑκάστῳ
1614 485 1800 540 αὐτῶν

1986 504 2126 541 eum.
2156 488 2222 540 At
2250 488 2360 556 ipse
2390 489 2669 558 unicuique
2711 502 2891 541 eorum
2942 502 3129 541 manus
3179 484 3472 554 imponens,

300 554 405 618 τὰς
440 554 641 621 χεῖρας
672 555 922 619 ἐπιθείς,
953 554 1357 623 ἐθεράπευσεν
1389 556 1630 620 αὐτούς.

302 644 436 715 Περὶ
466 644 677 715 δυσμὰς
700 645 756 697 δὲ
779 644 997 709 τούτους
1026 646 1300 716 προσῆγον
1318 685 1333 709 ,
1367 647 1485 717 ἦτοι
1515 646 1632 716 μεθ’
1666 646 1805 717 ἡμέ-

230 752 354 806 ραν,
406 735 820 805 αἰσχυνόμενοι,
868 737 901 807 ἢ
947 737 1073 799 τοὺς
1096 738 1419 809 Φαρισαίους
1462 730 1804 807 φοϐούμενοι,

230 828 325 878 καὶ
350 827 459 895 (78)
491 829 619 899 περὶ
640 828 801 899 ἕτερα
834 829 1237 900 ἀσχολούμενοι,
1275 829 1307 901 ἦ
1331 830 1471 901 τάχα
1497 829 1807 899 νομίζοντες

229 919 430 982 ἐξεῖναι
465 919 791 990 θεραπεύειν
841 922 1118 994 Σαϐϐάτῳ.
1173 924 1586 995 Ἐπεσημήνατο
1627 923 1735 995 γὰρ
1779 926 1807 975 ὁ

228 1013 654 1084 εύαγγελιστὴς,
698 1014 777 1067 ὅτι
832 1010 901 1085 ἦν
954 1014 1220 1068 διδάσκων
1288 1016 1487 1079 αὐτοὺς
1547 1016 1616 1069 ἐν
1662 1017 1808 1069 Σαϐ-

231 1104 409 1167 ϐάτῳ.
454 1104 554 1156 Διά
585 1104 746 1157 τοῦτο
774 1122 840 1156 πε
851 1105 901 1176 ρ).
924 1105 1075 1158 δύσιν
1101 1105 1252 1175 ἡλίου
1278 1106 1405 1168 τοὺς
1441 1105 1626 1169 κακῶς
1655 1105 1805 1176 ἔχον-

229 1210 327 1257 τας
360 1195 694 1265 προσέφερον
729 1196 778 1246 οί
809 1196 1205 1265 προσήκοντεςδ
1228 1198 1257 1248 ὁ
1284 1196 1340 1248 δὲ
1380 1196 1574 1259 αὐτοὺς
1614 1195 1806 1267 ἐθερά-

227 1302 420 1340 πευσε.

897 1380 1054 1435 ΚΕΦ.
1106 1379 1178 1435 Z'.

301 1468 452 1538 Στίχ.
488 1465 596 1521 κδ’.

305 1559 417 1630 (79)
457 1560 767 1633 Ἱστορικῶς
796 1562 853 1615 δέ
875 1574 888 1589 ⁸
920 1563 1072 1616 Μετὰ
1094 1563 1191 1635 τὴν
1219 1564 1519 1636 ἀποστολὴν
1542 1564 1635 1618 τοῦ
1661 1565 1804 1636 ὀρνι-

226 1649 366 1713 θίου,
398 1651 610 1721 πρῶτον
638 1653 705 1706 τά
737 1655 927 1724 ἱμάτια
952 1655 1210 1709 πλύνεται
1239 1657 1266 1708 ὁ
1289 1656 1657 1728 καθαρισθεὶς,
1685 1654 1801 1711 εἶτα

226 1744 410 1796 πᾶσαν
441 1745 599 1816 τρίχα
632 1747 884 1818 ξυρᾶται,
910 1750 1002 1803 καὶ
1036 1751 1127 1803 ἐπὶ
1148 1750 1353 1816 τούτοις
1387 1751 1600 1805 λούεται
1629 1753 1798 1819 ὕδατι,

1985 558 2203 610 curabat
2243 574 2347 611 eos.

1979 649 2133 704 Circa
2184 664 2437 703 occasum
2477 664 2607 704 vero
2649 649 2746 704 hos
2788 647 3147 712 adducebant,
3196 646 3311 701 sive
3356 656 3479 714 post

1913 740 2084 805 diem,
2127 742 2366 804 reveriti,
2390 750 2477 794 aut
2519 739 2824 795 Pharisaros
2857 746 3184 803 metuentes,
3210 744 3305 790 aut
3331 736 3475 789 circa

1910 831 2013 884 alia
2054 833 2300 901 occupati
2348 832 2582 901 negotia.
2635 842 2733 886 aut
2781 831 2943 886 facile
2993 829 3094 884 rati
3145 844 3251 882 non
3311 829 3477 881 licere

1909 920 2150 976 Sabbato
2170 937 2380 976 curare.
2416 924 2757 977 lndicavorat
2792 921 2937 976 enim
2966 920 3322 989 evangelista,
3350 934 3477 973 enm

1908 1013 2158 1068 docuisse
2187 1014 2305 1069 illos
2328 1014 2382 1069 in
2399 1013 2711 1069 Sabbato”.
2743 1013 3030 1082 Propterea
3054 1011 3197 1066 circa
3224 1025 3476 1064 occasum

1908 1104 2043 1159 solis
2071 1119 2164 1159 eos
2188 1107 2278 1175 qui
2310 1107 2451 1161 male
2481 1108 2776 1173 habebant,
2806 1106 3149 1161 adducebant
3175 1102 3383 1170 amnes,
3420 1110 3477 1156 et

1908 1193 2030 1249 illos
2062 1195 2176 1264 ipse
2202 1195 2433 1250 curavit.

2528 1375 2685 1432 CAP.
2738 1374 2849 1432 VII.

1914 1508 1919 1515 .
1980 1466 2046 1520 V.
2083 1466 2174 1520 22.

1908 1603 1916 1610 .
1978 1557 2247 1615 llistorice
2270 1574 2444 1617 vero:
2479 1560 2773 1631 Postquam
2807 1559 3017 1616 avicula
3041 1559 3238 1614 emissa
3272 1556 3470 1621 fuerat,

1904 1650 2135 1719 primum
2168 1653 2495 1709 vestimenta
2541 1654 2689 1710 lavat
2730 1655 2821 1723 qui
2875 1652 3194 1723 purificatnr
3220 1669 3246 1706 ι
3278 1650 3472 1705 deinde

1906 1756 2097 1795 omnes
2123 1742 2261 1810 pilos
2289 1744 2428 1798 radit
2458 1762 2471 1798 :
2512 1746 2750 1814 posthaec
2779 1745 3018 1800 abluitur
3056 1758 3217 1814 aqua,
3248 1742 3465 1796 tandem

228 1834 351 1903 μεθ’
389 1835 419 1887 ὃ
462 1838 781 1909 ἐπιφέρεται
823 1841 922 1905 τὸ,
972 1843 1242 1911 Καθαρὸς
1283 1845 1473 1899 ἔσται.
1513 1845 1611 1918 Eii]
1655 1846 1697 1898 δ’
1738 1845 1800 1899 ἂν

1912 1833 2251 1904 subjungitur
2293 1835 2422 1890 illud
2461 1836 2737 1892 :Mundus
2760 1838 2858 1891 erit
2891 1836 2961 1893 σι.
2992 1834 3112 1891 Jam
3145 1835 3467 1890 vestimenta

226 1924 299 1977 τὰ
341 1925 532 1996 ίμάτια
577 1929 816 1984 πολιτεία
862 1932 937 2003 μὴ
988 1933 1204 1997 πάντως
1256 1936 1441 2000 κακῶς
1491 1937 1798 2009 ύφασμένη,

224 2018 352 2070 ἐπεὶ
404 2019 507 2073 κᾶν
550 2022 780 2075 ἀπέθετο
816 2025 1006 2079 ταῦτα.
1042 2027 1214 2097 Τρίχα
1238 2027 1298 2079 δὲ
1330 2026 1399 2081 τά
1438 2027 1803 2099 ἐξανθήσαντα

226 2108 397 2180 νεκρά
426 2113 489 2181 τῇ
519 2111 660 2182 ψυχῇ
713 2114 849 2183 (80),
901 2109 987 2179 αἶς
1014 2116 1248 2170 ἐναντίαι
1288 2116 1495 2170 αίτοῦσι
1530 2118 1799 2189 Σαμουὴλ,

222 2200 319 2252 καὶ
352 2201 461 2254 τῶν
488 2202 801 2275 Ναζιραίων
836 2207 927 2259 καὶ
968 2207 1145 2260 αὐτῶν
1184 2207 1439 2279 μαθητῶν
1484 2208 1799 2280 ἠριθμημέ-

222 2310 335 2346 ναι.
382 2294 503 2348 Τῶν
535 2297 642 2367 γὰρ
678 2296 992 2370 Ναζιραίων
1037 2300 1252 2371 σίδηρος
1294 2302 1386 2355 ἐπὶ
1428 2301 1525 2373 τὴν
1564 2304 1801 2375 κεφαλὴν

219 2386 325 2439 οὐκ
380 2387 648 2441 ἀνέϐαινε.
724 2390 888 2444 Πάνθ’
932 2391 1031 2444 ὅσα
1086 2391 1150 2445 ἂν
1201 2393 1428 2446 ποιῶσιν
1481 2394 1802 2465 εύοδούμενα

221 2478 593 2549 πραττόντων,
625 2480 702 2543 ὡς
736 2481 867 2551 μηδὲ
902 2480 1076 2550 φύλλα
1103 2482 1282 2535 αὐτῶν
1315 2484 1802 2556 καρποφορούντων

217 2569 508 2639 ἀπορρεῖν.
548 2568 686 2637 Ἤδη
734 2568 791 2621 δὲ
830 2569 938 2621 ἀπὸ
974 2569 1065 2622 τοῦ
1110 2569 1358 2640 σώματος
1393 2568 1547 2624 ὕδατι
1580 2571 1669 2623 τὸν
1703 2588 1803 2641 μο-

220 2658 428 2729 λυσμὸν
466 2659 797 2721 ἀποτίθεται,
830 2659 919 2712 τοῦ
971 2660 1346 2731 βαπτίσματος
1388 2662 1445 2713 ὲν
1497 2661 1669 2732 τούτῳ
1716 2662 1803 2732 δη-

217 2746 504 2815 λουμένου.
549 2747 702 2800 Μετὰ
734 2747 791 2800 δὲ
820 2747 976 2801 τοῦτο
1003 2750 1103 2819 τῆς
1137 2750 1236 2821 μὲν
1280 2750 1630 2821 παρεμϐολῆς
1656 2748 1803 2816 ἄξιος

216 2837 452 2905 γίνεται,
484 2828 565 2901 είς
590 2838 648 2891 δὲ
684 2839 776 2893 τὸν
808 2839 937 2893 ἴδιον
966 2836 1113 2893 οἷκον
1153 2841 1253 2894 οὐκ
1284 2841 1506 2894 εἴσεισιν
1535 2842 1639 2905 ἕως
1664 2847 1696 2914 ἡ
1708 2861 1803 2913 με-

218 2930 333 3000 ρῶν
364 2931 504 2983 ἑπτὰ
530 2970 544 2993 ,
583 2931 675 2984 καὶ
721 2932 816 2984 τοῦ
862 2933 1023 2986 πάλιν
1059 2933 1380 3005 ξυρανθῆναι
1408 2934 1507 3005 τὴν
1540 2936 1797 3007 κεφαλήν.

215 3021 318 3075 Διά
361 3022 428 3075 τὰ
468 3023 575 3075 τῶν
599 3023 885 3093 δογμάτων
916 3026 1353 3096 κεραιωδέστερα
1403 3024 1538 3097 (81),
1579 3026 1674 3080 καὶ
1702 3029 1802 3099 τὴν

1903 1929 2213 1998 signiﬁcare
2267 1939 2493 1999 possunt
2547 1930 2976 1987 vitaestenorem
3050 1929 3190 1984 haud
3247 1944 3471 1997 prorsus

1903 2020 2043 2074 male
2084 2028 2423 2087 contextum,
2468 2022 2592 2090 quia
2619 2036 2813 2090 nempe
2842 2021 2932 2076 illa
2972 2020 3331 2091 deponebat.-
3368 2018 3464 2073 Pili

1904 2112 2130 2169 innuere
2196 2124 2422 2184 possunt
2490 2113 2765 2168 mortifera
2841 2113 3088 2183 quaedam
3163 2113 3213 2165 in
3284 2111 3466 2165 anima

1904 2205 2332 2267 succrescentia,
2373 2203 2569 2270 quibus
2615 2203 2904 2257 contraria:
2921 2201 3193 2270 postulant
3222 2199 3465 2266 Samuel,

1903 2304 1958 2347 et
1989 2292 2376 2359 Naziraaorum,
2415 2296 2763 2365 ipsorumque
2811 2294 3197 2363 discipulorum
3225 2308 3459 2348 enume-

1904 2396 2053 2440 ratae.
2074 2385 2299 2440 Ferrum
2325 2401 2557 2455 namque
2580 2394 2738 2455 caput
2760 2383 3121 2439 Naziraeorum
3138 2399 3244 2439 non
3269 2399 3465 2439 ascen-

1903 2478 2082 2531 debat.
2139 2477 2482 2549 anecunque
2550 2482 2723 2533 enim"
2755 2477 2957 2533 faciant
2997 2492 3249 2549 prospera
3308 2487 3469 2534 erunt

1904 2566 2252 2631 facientibus,
2288 2568 2424 2622 adeo
2454 2576 2512 2621 ut
2539 2582 2605 2621 ne
2628 2565 2865 2623 deﬂuant
2896 2567 3029 2637 ipsis
3071 2566 3201 2621 folia
3242 2566 3460 2636 quidem

1903 2659 2345 2727 producentibus.
2381 2657 2500 2713 Jam
2540 2674 2669 2715 vero
2703 2673 2733 2712 a
2771 2672 2999 2729 corpore
3032 2672 3172 2728 aqua
3219 2658 3468 2729 coinqui-

1904 2761 2216 2805 namentum
2271 2751 2538 2819 deponit:
2582 2750 2906 2820 baptismate
2950 2750 3007 2804 in
3054 2751 3155 2805 hoc
3202 2750 3464 2804 indicato.

1903 2841 2097 2897 Postea
2142 2858 2271 2898 vero
2312 2840 2509 2896 castris
2548 2842 2739 2912 dignus
2777 2840 3050 2895 habetur:
3090 2850 3145 2894 at
3190 2840 3463 2911 propriam

1902 2934 2120 2988 domum
2147 2950 2254 2988 non
2282 2936 2581 3005 ingreditur
2614 2941 2742 2988 ante
2777 2934 2891 2987 dies
2939 2941 3167 3003 septem,
3212 2942 3267 2986 et
3309 2941 3462 2986 ante-

1901 3037 2061 3093 quam
2086 3040 2274 3080 rursus
2295 3024 2578 3079 tondeatur
2592 3023 2789 3092 capite.
2813 3020 2918 3077 Per
2939 3022 3245 3091 dogmatum
3264 3036 3463 3092 oppor-

214 3111 425 3179 γνῶσιν
465 3112 783 3176 ἀποθέσθαι,
826 3113 894 3167 τὰ
923 3115 1015 3167 τοῦ
1049 3100 1242 3187 ἀνδρὸς
1277 3116 1682 3187 ἁμαρτήματα·
1712 3118 1799 3172 διὰ

1912 3116 2189 3170 tunitatem
2224 3126 2277 3171 et
2305 3116 2694 3186 depositionem
2725 3113 2984 3177 scientias,
3018 3112 3253 3167 hominis
3281 3128 3466 3182 pecca-

213 3201 277 3254 δὲ
304 3201 415 3254 τῶν
442 3203 679 3274 ὀφρύων,
716 3204 931 3258 ἃπασαν
959 3205 1153 3277 οἴησιν.

291 3378 404 3456 (82)
438 3379 536 3432 Διά
569 3380 620 3433 τί
648 3380 704 3434 δὲ
737 3379 831 3434 τοῦ
851 3380 1051 3453 λεπροῦ
1081 3382 1389 3436 ἀκάλυπτον
1416 3378 1553 3437 εἶναι
1580 3383 1678 3455 τὴν
1706 3400 1800 3437 κε-

214 3469 428 3540 φαλήν;
459 3472 575 3524 Ἵνα
601 3471 876 3543 γνώριμος
910 3468 965 3546 ᾖ,
994 3473 1088 3526 καὶ
1117 3474 1190 3544 μὴ
1226 3474 1675 3543 μεταλαγχάνωσι
1700 3473 1801 3543 τῆς

216 3563 562 3635 ἀκαθαρσίας
608 3566 657 3617 oi
699 3562 993 3628 πλάζοντες
1040 3563 1174 3636 (85).
1210 3566 1283 3617 Τὸ
1319 3566 1377 3618 δὲ
1426 3567 1598 3637 στόμα
1628 3582 1797 3618 κεκα-

214 3654 419 3723 λύφθαι
441 3656 609 3725 δηλοῖ,
634 3658 715 3709 ὅτι
739 3657 843 3729 χρὴ
871 3658 1062 3710 ἑαυτὸν
1093 3656 1476 3721 καταδικάζειν
1504 3660 1571 3728 τῇ
1596 3659 1795 3728 σιωπῇ,

218 3746 418 3817 μέχρις
449 3746 513 3799 ἂν
550 3748 899 3818 ὑποστρέψας
937 3748 1266 3820 καθαρισθῇ.

290 3924 449 3977 Κατά
488 3924 543 3977 δέ
574 3943 723 3988 τινας
751 3925 931 3989 πάλιν,
964 3924 1052 3979 τὸν
1087 3925 1175 3978 ὀλὸ
1203 3924 1319 3994 (84)
1360 3922 1557 3993 λεπρὸν
1601 3922 1797 3992 ὀνομά-

215 4033 341 4081 σας,
379 4016 690 4088 καθαρίζει⁹
728 4018 959 4081 δεικνὺς,
995 4018 1070 4081 ὼς
1108 4018 1135 4069 ὁ
1170 4016 1301 4079 Θεὸς
1332 4017 1391 4068 τὸ
1432 4014 1674 4067 ποικίλον
1705 4031 1794 4084 μι-

216 4111 321 4161 σεῖ.
356 4109 697 4181 Σαφέστερον
736 4110 793 4163 δὲ
831 4108 1033 4180 προῖὼν
1064 4107 1219 4161 τοῦτο
1252 4107 1399 4178 δηλοί
1429 4108 1485 4159 ἐν
1524 4106 1602 4177 τῷ
1624 4123 1636 4136 ·
1688 4105 1797 4159 Τὸν

212 4199 542 4269 ἀμπελῶνά
601 4216 717 4255 σου
771 4203 843 4255 οὐ
892 4199 1284 4268 καταστεφεῖς
1344 4197 1617 4267 διάφορα.
1683 4198 1789 4251 Καὶ

210 4288 448 4358 ιμάτιον
478 4291 544 4343 ἐκ
570 4290 678 4344 δύο
707 4291 1080 4361 ὑφασμένον.
1114 4292 1221 4345 Καὶ
1254 4290 1325 4343 τὰ
1354 4289 1541 4358 κτήνη
1576 4304 1691 4343 σου
1721 4292 1792 4343 οὐ

214 4384 670 4450 κατοχετεύσεις
696 4382 1029 4453 ἑτεροζύγφ.
1061 4381 1341 4452 Πανταχοῦ
1372 4381 1652 4453 προτιμῶν
1684 4382 1781 4453 τὴν

210 4474 512 4543 ἁπλότητα,
551 4476 671 4545 ἥτις
698 4477 755 4528 ἐν
788 4474 866 4545 τῷ
892 4475 1166 4546 ὁλολέπρῳ
1202 4473 1501 4544 θεωρεῖται.

211 4737 365 4808 Στίχ.
410 4747 505 4802 ις’.
543 4739 754 4805 οὐδεὶς
798 4741 1030 4809 λύχνον
1067 4739 1227 4807 ἅψας
1275 4739 1559 4792 καλύπτει
1599 4736 1787 4809 αὑτὸν·

284 4806 515 4872 σκεύει,
552 4810 588 4877 ἢ
631 4806 915 4863 ὐποκὰτῶ
953 4806 1167 4875 κλίνης
1198 4809 1455 4876 τίθησιν,
1502 4807 1638 4861 ἀλλ’
1685 4806 1783 4877 ἐπί

282 4876 583 4958 .hlzrlac,
610 4881 711 4934 ἵνα
761 4883 814 4934 οἱ
862 4880 1345 4949 εἰσπορευόμενοι
1390 4877 1667 4943 βλέπωσι
1719 4876 1786 4928 τὸ

282 4968 433 5017 φως.

211 5040 362 5110 Στίχ.
406 5039 492 5103 ιζ’.
522 5043 606 5093 Οὐ
657 5040 767 5110 γάρ
808 5042 939 5094 ἐστι
981 5041 1281 5109 κρυπτὸν,
1323 5039 1355 5092 ὃ
1399 5039 1471 5091 οὐ
1520 5035 1784 5110 φανερὸν

284 5106 603 5179 Ίὲὲνήσεται
623 5128 635 5138 ·
665 5106 817 5163 ὀὐδὲ
850 5106 1220 5178 ἀπόκρυφον,
1262 5110 1293 5163 ὃ
1322 5110 1394 5162 οὺ
1438 5106 1780 5177 γνωσθήσε-

285 5198 400 5246 ται,
429 5182 531 5235 καὶ
564 5183 652 5245 εἰς
679 5181 939 5248 φανερὸν
969 5181 1137 5249 ἔλθῃ.

1828 3182 1871 3240 C
1914 3215 2002 3259 ta:
2027 3223 2124 3277 per
2152 3206 2437 3277 supercilia
2462 3220 2614 3267 vero.
2640 3218 2855 3260 omnem
2875 3203 2956 3258 sui
2981 3203 3457 3268 existimationem,

1902 3296 2116 3350 innuere
2136 3300 2320 3365 possit.

1972 3385 2172 3453 thuid
2200 3401 2328 3440 vero
2360 3385 2552 3454 leprosi
2594 3391 2757 3453 caput
2789 3391 3032 3452 apertum
3089 3397 3210 3438 esse
3240 3393 3459 3453 oporte-

1900 3478 2034 3532 bat?
2064 3477 2135 3532 Ut
2163 3479 2543 3541 innotesceret,
2580 3484 2636 3531 et
2666 3474 2856 3545 reliqui
2887 3474 3177 3544 participes
3211 3491 3314 3529 non
3365 3477 3459 3529 tie-

1901 3578 2023 3625 rent
2050 3570 2403 3640 impuritatis,
2437 3569 2529 3638 qui
2577 3568 2644 3623 ad
2681 3583 2803 3622 eum
2846 3578 3050 3622 temere
3080 3567 3459 3622 accessissent.

1900 3662 2050 3729 Quod
2079 3670 2254 3715 autem
2286 3676 2347 3715 os
2373 3660 2731 3716 obvelandnm
2764 3659 2970 3725 fuerit,
3009 3660 3280 3726 declarat,
3315 3664 3459 3728 quod

1898 3764 2151 3823 oporteat
2209 3755 2444 3823 seipsum
2496 3754 2759 3807 damnare
2808 3752 3047 3816 silentio,
3108 3751 3463 3821 quoadusque

1898 3858 2201 3898 conversus
2240 3842 2557 3911 puriﬁcetur
2586 3841 2726 3910 quis.

1964 3933 2124 3989 Juxta
2154 3934 2286 3989 alios
2317 3949 2524 3997 rursus,
2569 3948 2729 4002 quem
2777 3941 2948 3988 totum
2979 3932 3249 4002 leprosum
3286 3934 3461 3988 nomi-

1897 4034 2147 4090 naverat,
2177 4026 2431 4091 mundat;
2462 4025 2777 4091 ostendens,
2809 4024 2949 4093 quod
2978 4025 3189 4079 varium
3234 4026 3305 4079 sit
3354 4026 3462 4079 Deo

1895 4119 2019 4173 odio
2045 4132 2185 4174 esse.
2241 4116 2586 4172 Manifestius
2613 4126 2792 4170 autem
2822 4116 3101 4185 aliquanto
3147 4116 3284 4170 infra
3317 4118 3457 4170 istud

1894 4212 2153 4274 declarat,
2185 4210 2462 4280 inquiens:
2499 4207 2714 4262 Vineam
2738 4220 2886 4262 tuam
2914 4225 3015 4261 non
3041 4209 3319 4263 seminabis
3353 4210 3459 4263 alia

1893 4311 2047 4371 atque
2077 4300 2185 4354 alia
2229 4302 2413 4366 specie.
2458 4295 2761 4352 Etvestem
2801 4314 2866 4352 ea:
2895 4299 3097 4351 duobus
3132 4307 3345 4353 textam.
3390 4300 3459 4353 Et

1893 4392 2134 4459 jumenta
2161 4401 2251 4444 tua
2275 4406 2376 4443 non
2404 4389 2564 4458 {acies
2591 4389 2731 4442 coire
2777 4405 2893 4442 cum
2921 4392 3136 4445 alterius
3169 4392 3355 4457 speciei
3390 4390 3456 4445 ".

1907 4480 2114 4548 Unique
2176 4480 2469 4549 praeferens
2521 4479 2924 4549 simplicitatem
2962 4521 2977 4544 ,
3063 4497 3181 4550 quae
3231 4483 3282 4534 in
3346 4492 3461 4537 toto

1897 4576 2104 4644 leproso
2143 4574 2492 4643 conspicitur.

2616 4669 2632 4697 )

1898 4735 1961 4788 ν.
2006 4735 2092 4793 16.
2128 4733 2322 4788 Nullus
2357 4736 2447 4799 qui
2473 4664 3029 4797 (fciiaatxltlttcendit,
3055 4735 3285 4789 occultat
3308 4737 3453 4791 illam

1966 4822 2102 4871 vase,
2146 4806 2219 4858 vel
2256 4805 2398 4871 infra
2430 4805 2617 4857 lectum
2648 4806 2827 4873 ponit,
2877 4807 2968 4857 sed
3016 4822 3173 4858 suuer
3207 4807 3457 4862 candela-

1966 4878 2078 4940 bro,
2104 4886 2158 4928 ut
2181 4875 2528 4944 ingredientes
2553 4876 2756 4929 videant
2783 4874 3002 4929 lumeu.‘
3472 4888 3475 4891 ‘

1895 5031 1958 5085 ν.
2006 5032 2087 5086 17.
2148 5032 2269 5085 Non
2300 5041 2373 5085 est
2399 5032 2536 5085 enim
2568 5030 2829 5083 occultum
2855 5071 2870 5095 ,
2898 5028 3037 5099 quod
3081 5047 3180 5084 non
3220 5034 3460 5100 manife-

1962 5112 2100 5155 stum
2133 5103 2218 5169 ﬁet
2256 5117 2271 5152 :
2300 5118 2461 5170 neque
2501 5102 2749 5167 celatum,
2780 5103 2918 5171 quod
2959 5117 3061 5154 non
3090 5115 3456 5169 cognoscatur,

1962 5183 2011 5226 et
2042 5173 2096 5224 in
2125 5172 2460 5240 manifestum
2489 5173 2681 5224 veniat.

211 5273 361 5343 Στίχ.
396 5280 485 5342 ιη’.
527 5270 788 5326 Βλέπετε
820 5268 933 5326 οὖν
970 5271 1095 5337 πῶς
1140 5271 1405 5325 ἀκούετε.
1444 5271 1543 5335 Ὃς
1568 5268 1677 5338 γὰρ
1709 5267 1786 5322 ἂν

1912 5263 1963 5319 ν.
2014 5264 2101 5320 18.
2150 5265 2415 5318 Attendite
2448 5264 2612 5333 igitur
2651 5264 2912 5334 quomodo
2932 5262 3167 5334 :audttis.
3216 5262 3456 5329 Quicun-

283 5433 330 5465 ⁸³
359 5431 492 5487 Luc.
514 5448 585 5497 tv,
619 5431 703 5497 16,
735 5430 823 5487 51.
900 5430 945 5462 ⁸⁸
978 5429 1148 5485 Levit.
1176 5445 1283 5485 xu.
1362 5430 1406 5461 “
1439 5429 1611 5485 Levit.
1644 5443 1757 5494 xIx,
1798 5424 1886 5481 l9.

277 5548 392 5619 (78)
424 5548 654 5603 Omnino
684 5550 897 5605 videtur
917 5552 1105 5609 deesse
1135 5552 1218 5606 ού.
2092 5539 2417 5619 ξζίιεοόοτοῑ.
2442 5536 2744 5619 et‘Q‘rigen.

277 5548 392 5684 (78)
424 5548 654 5603 Omnino
684 5550 897 5605 videtur
917 5552 1105 5609 deesse
1135 5552 1218 5606 ού.

274 5620 365 5690 (79
420 5620 473 5672 In
510 5624 631 5673 cod.
663 5635 786 5688 pag.
816 5622 903 5676 14.

1975 5543 2063 5605 82)
2092 5543 2417 5595 Theodoret.
2442 5547 2496 5591 et
2524 5543 2744 5605 Origen.

1930 5543 2253 5690 ⁸(8⁸5)]ξοιηιι
2280 5607 2765 5680 προσπελάζοντες,
2832 5615 2924 5660 aut
2968 5605 3312 5671 πελάζοντες,
3369 5612 3451 5661 vei

273 5680 389 5760 (80)
427 5690 602 5760 Locus
631 5680 866 5747 vitia-tus.

1912 5680 2297 5760 eaedem

282 5744 395 5833 isi)
426 5759 539 5816 Vox
570 5744 841 5815 vitiata.”

1957 5744 2068 5824 (84)
2101 5751 2260 5807 Forte
2288 5748 2598 5820 ὁλόλεπρον,
2621 5753 2678 5800 ut
2710 5744 2873 5799 infra.
