3888 6214
411 338 518 395 3'55

1302 337 1860 396 SUPPLEMENTUM
1894 338 1987 394 AD
2024 335 2349 395 ORIGENIS
2384 336 2802 393 EXEGETICA.

3563 341 3667 395 556

473 470 574 535 que
620 453 761 509 enim
811 454 999 535 nubet,
1045 455 1258 535 dabitur
1296 458 1346 508 ei
1379 472 1399 510 :
1431 466 1479 535 et
1524 457 1822 535 quicunque
1877 474 1978 511 non

2149 456 2283 535 ξχῃ,
2300 454 2630 535 δοθήσεται
2652 451 2813 535 αῖς)τῷ
2831 469 2845 483 ⁸
2890 452 2989 535 καὶ
3007 448 3312 535 ’,ὅςᾶν-μὴ
3336 449 3468 521 ἔχῃ,
3506 457 3604 507 καὶ
3635 451 3667 507 ὃ
3690 468 3697 474 '

474 524 647 592 habet,
667 536 714 579 et
745 524 885 593 quod
910 528 1119 579 videtur
1145 528 1351 587 habere,
1380 526 1596 579 tolletur
1617 530 1680 580 ab
1702 528 1836 594 ipso.

474 617 576 685 Qui
611 628 791 672 tamen
820 618 935 673 vult
967 620 1245 673 lucernam
1271 620 1532 687 adaptare
1572 619 1983 688 perfectissimis

404 711 797 781 discipulorum
843 710 994 777 Jesu,
1045 711 1305 781 pereellet
1359 727 1457 766 nos
1504 726 1573 766 ex
1625 712 1692 766 iis
1745 728 1868 781 quae
1917 713 1984 767 de

402 802 615 859 Joanne
639 805 783 858 dicta
815 812 945 858 sunt
984 821 998 858 :
1030 804 1154 870 quia
1185 802 1275 857 ille
1303 811 1418 857 erat
1450 806 1667 857 lucerna
1700 805 1892 857 ardens
1932 812 1982 858 et

405 896 713 950 illuminans
758 896 825 950 “.
855 895 965 950 Sed
998 904 1051 949 et
1078 895 1297 948 lucerna
1324 895 1584 962 corporis,
1610 905 1685 948 est
1710 895 1890 949 oculus
1913 894 1981 957 ⁸⁷.

408 988 612 1042 relatus
642 988 708 1040 ad
744 996 979 1041 mentem
1026 985 1313 1054 cujusque.
1368 985 1515 1052 Quin
1565 996 1620 1040 et
1658 986 1785 1039 illud
1818 1005 1830 1039 :
1865 984 1984 1040 Sint

406 1088 591 1134 uestra
624 1081 852 1134 lucerna:
900 1079 1143 1133 ardentes
1168 1078 1213 1110 ⁸⁸
1276 1078 1343 1132 ad
1395 1093 1584 1133 omnes
1646 1079 1852 1133 dictum
1900 1086 1984 1133 est

408 1168 706 1238 discipulos
766 1168 917 1224 .Iesu.
965 1166 1082 1222 Non
1117 1168 1275 1222 debet
1336 1168 1497 1237 igitur
1558 1168 1649 1237 qui
1707 1169 1981 1223 lucernam

409 1263 683 1327 accendit,
717 1262 771 1315 in
807 1262 989 1316 anima
1042 1260 1295 1315 rationali
1356 1260 1629 1314 occultare
1680 1260 1846 1326 illam,
1889 1262 1984 1317 sed

409 1356 854 1426 superimponere
876 1352 1238 1408 candelabro:
1261 1352 1420 1422 cujus
1444 1354 1744 1425 symbolum
1776 1353 1984 1427 Moyses

408 1448 650 1518 reposuit
686 1448 739 1501 in
790 1446 1142 1501 tabernaculo
1188 1447 1504 1500 testimonii.
1549 1445 1725 1501 Medio
1763 1449 1983 1516 quidem

408 1537 681 1593 frumenta
747 1545 1062 1592 mensurata
1122 1537 1396 1605 accipiant
1452 1551 1482 1590 a
1530 1551 1689 1592 servo
1738 1536 1899 1592 fidele
1931 1547 1987 1592 et

408 1631 697 1700 prudente,
760 1629 1135 1683 conservi:at
1182 1628 1403 1681 videant
1454 1627 1696 1697 fulgores
1749 1628 1984 1684 lucernas

409 1718 679 1786 impositae
705 1718 1054 1780 candelabro,
1081 1716 1131 1770 id
1164 1728 1247 1771 est
1282 1717 1537 1772 Ecclesia:
1579 1719 1843 1772 omnium.
1874 1720 1980 1774 Sed

2156 525 2325 579 δοκεῖ
2342 526 2527 594 ἐχειν,
2572 524 2895 593 ἀρθήσεται
2918 526 3019 578 ἀπ’
3049 525 3257 578 αὐτοῦ.

2158 616 2226 670 '0
2254 633 2317 685 γε
2350 617 2455 688 μὴν
2495 616 2817 687 βουλόμενος
2847 615 2937 670 τὸν
2967 615 3159 686 λύχνον
3191 617 3523 689 ἐφαρμόζειν
3558 620 3669 679 τοῖς

2086 706 2421 772 πλειοτάτοις
2470 708 2580 761 τῶν
2644 708 2900 779 μαθητῶν
2958 707 3053 761 τοῦ
3132 709 3307 779 Ἰησοῦ
3358 710 3667 779 δυσωπήσει

2087 798 2235 868 ἡμᾶς
2272 798 2380 851 ἀπὸ
2402 798 2510 852 τῶν
2538 798 2669 869 περὶ
2714 799 2959 852 Ἰωάννου
2988 799 3313 870 είρημένωψ
3352 802 3481 854 Ὅτι
3512 800 3664 854 ἐκεῖ·

2084 905 2191 955 νος
2230 885 2309 959 ἦν
2327 894 2365 954 ,ό
2394 892 2646 959 λύχνος,
2673 894 2705 945 ό
2730 892 3045 961 καιόμενος
3069 892 3166 944 καὶ
3194 892 3443 960 φαίνων.
3494 892 3669 947 Ἀλλὰ

2100 984 2133 1035 ό
2165 985 2397 1052 λύχνος
2437 985 2546 1039 τοῦ
2586 986 2860 1054 σώματός
2885 985 3060 1039 ἐστιν
3090 988 3123 1039 ό
3168 984 3499 1055 ὀφθαλμὸς,
3533 988 3665 1039 ἀνα-

2085 1076 2387 1147 φερόμενος
2417 1078 2511 1130 ἐπὶ
2550 1078 2643 1131 τὸν
2684 1080 2743 1131 ὲν
2788 1078 3004 1150 ἑκάστῳ
3051 1079 3193 1134 νοῦν.
3249 1078 3409 1132 Ἀλλὰ
3442 1082 3535 1134 καὶ
3570 1081 3662 1134 τό·

2089 1168 2411 1222 Ἔστωσαν
2438 1168 2604 1238 ὑμῶν
2634 1174 2687 1224 οὶ
2718 1171 2935 1239 λύχνοι
2980 1174 3308 1240 καιόμενοι,
3348 1170 3484 1243 πρὸς
3528 1172 3665 1225 πάν-

2083 1276 2181 1322 τας
2224 1260 2435 1331 εἴρηται
2464 1261 2591 1323 τοὺς
2621 1260 2868 1333 μαθητὰς
2899 1261 2991 1315 τοῦ
3038 1263 3235 1333 Ἰησοῦ.
3271 1264 3345 1316 Οὐ
3377 1263 3458 1315 δεῖ
3489 1264 3666 1317 τοίνυν

2083 1346 2176 1399 τὸν
2211 1347 2422 1417 ἂψαντα
2464 1348 2657 1418 λύχνον
2685 1350 2744 1403 ὲν
2778 1350 2923 1422 ψυχῇ
2959 1350 3152 1423 λογικῇ
3187 1352 3451 1422 κρύπτειν
3482 1354 3663 1419 αὐτὸν,

2088 1438 2201 1491 ἀλλ’
2229 1441 2524 1495 ἐπιτιθέναι
2554 1441 2745 1513 λυχνίᾳ
2769 1460 2781 1473 ⁸
2811 1439 2879 1516 ἦς
2901 1443 3167 1514 σύμϐολον
3198 1446 3403 1516 Μωσῆς
3434 1446 3669 1501 ἀπέθετο

2085 1531 2143 1582 ὲν
2174 1534 2239 1602 τῇ
2275 1535 2445 1603 σκηνῇ
2504 1534 2823 1606 μαρτυρίου.
2857 1535 3046 1606 Μοδίῳ
3081 1537 3178 1607 μὲν
3208 1536 3315 1608 γὰρ
3347 1540 3667 1610 σιτομετρή-

2088 1620 2300 1675 σθωσαν
2332 1623 2436 1675 ὑπὸ
2463 1623 2556 1676 τοῦ
2590 1624 2781 1678 πιστοῦ
2809 1626 2901 1679 καὶ
2918 1626 3181 1696 φρονίμου
3214 1627 3424 1680 οἰκέτου
3458 1630 3507 1682 oi
3541 1628 3667 1682 σύν-

2083 1714 2294 1767 δουλοι·
2331 1715 2679 1785 βλεπέτωσαν
2721 1716 2778 1770 δὲ
2810 1716 2911 1781 τὰς
2958 1716 3134 1786 αὐγὰς
3170 1717 3266 1771 τοῦ
3300 1718 3495 1790 λύχνου
3540 1723 3665 1773 ἐπι-

409 1825 574 1879 neque
592 1810 687 1864 sub
707 1809 837 1864 lecto
864 1822 1063 1878 ponunt
1092 1809 1383 1873 lucernam,
1402 1811 1493 1864 ubi
1517 1811 1639 1878 quis
1674 1811 1983 1880 requiescit,

2092 1806 2337 1877 κειμένου
2382 1810 2450 1879 τῇ
2500 1806 2722 1880 λυχνίᾳ,
2766 1809 2933 1879 ἦτουν
2972 1812 3038 1880 τῇ
3088 1809 3382 1882 Ἐκκλησία
3426 1811 3663 1868 πάντων.

408 1916 509 1956 nec
531 1901 721 1956 subtus
749 1900 857 1956 alio
888 1902 1145 1971 quopiam
1179 1916 1327 1956 vase.
1358 1900 1459 1969 Qui
1486 1902 1629 1955 enim
1666 1902 1807 1957 istud
1830 1903 1981 1969 facit,

409 2008 516 2046 non
558 1992 790 2048 consulit
816 1993 1247 2059 ingredientibus
1276 1995 1496 2049 domum
1525 2013 1539 2049 :
1567 1995 1762 2063 quibus
1787 1996 1985 2051 debent

408 2099 611 2155 ponere
640 2085 918 2139 lucernam
951 2087 1268 2157 quicunque
1310 2088 1487 2143 veraci
1550 2087 1749 2142 lumine
1784 2097 1839 2142 et
1874 2087 1982 2142 ful-

409 2188 570 2247 gente
586 2177 818 2246 ratione,
849 2189 904 2234 et
933 2179 1101 2234 radiis
1126 2180 1405 2248 sapientiae
1436 2180 1488 2234 in
1520 2180 1712 2249 seipsis
1749 2190 1981 2233 mentem

408 2285 563 2325 suam
598 2271 918 2336 accendunt,
951 2286 1016 2326 ea
1048 2280 1241 2326 natura
1275 2282 1666 2340 comparatam,
1694 2287 1799 2340 qua
1835 2271 1979 2325 illam

407 2360 653 2414 condidit
688 2360 873 2430 opifex
901 2376 1083 2417 rerum
1112 2404 1126 2426 ,
1162 2362 1400 2416 lucerna:
1430 2362 1649 2429 inquam
1687 2361 1982 2429 indigentis

412 2451 615 2506 habere
646 2451 701 2505 in
745 2450 923 2504 anima
960 2459 1196 2505 mentem
1251 2452 1319 2505 de
1374 2451 1440 2504 iis
1484 2466 1603 2519 quae
1651 2450 1982 2507 consulendo

409 2550 537 2596 sunt
584 2539 1109 2609 perspicaeissimam
1140 2579 1158 2605 ,
1225 2551 1280 2596 et
1328 2542 1645 2610 participem
1699 2540 1819 2610 ejus
1890 2545 1982 2613 qui

408 2632 550 2688 dixit
584 2651 597 2687 :
634 2631 747 2703 Ego
803 2632 977 2688 lumen
1006 2634 1062 2686 in
1093 2634 1349 2687 mundum
1398 2634 1517 2687 ueni
1567 2634 1635 2688 ⁸⁸.
1676 2633 1777 2701 Qui
1835 2636 1982 2691 enim

408 2726 713 2780 accendunt
740 2724 1022 2779 lucernam
1056 2734 1110 2778 et
1134 2732 1345 2794 ponunt
1369 2738 1532 2794 supra
1561 2725 1948 2781 candelabrum
1965 2766 1980 2790 ,

410 2826 470 2870 ιιι
501 2814 708 2887 fulgeat
738 2816 993 2870 omnibus
1038 2815 1130 2885 qui
1183 2824 1311 2871 sunt
1342 2816 1397 2870 in
1429 2816 1593 2870 domo
1618 2857 1633 2879 .
1666 2817 1985 2872 excitabunt

407 2917 465 2961 et
492 2922 585 2965 eos
608 2908 698 2977 qui
730 2907 782 2961 in
812 2907 971 2961 domo
1003 2908 1182 2962 vident
1232 2910 1467 2962 lucernae
1500 2908 1840 2978 splendorem
1865 2948 1881 2974 ,
1925 2918 1982 2964 ut

408 3010 464 3055 et
505 3000 603 3070 ipsi
630 3015 784 3055 suum
812 3000 1199 3055 candelabrum
1232 3002 1553 3055 accendant.

413 3178 482 3231 Υ.
521 3178 611 3235 '58.
656 3179 869 3233 Dimisit
901 3188 1075 3232 autem
1125 3179 1277 3233 illum
1306 3180 1485 3247 Iesus,
1528 3184 1750 3239 dicens:

416 3248 609 3321 v.59.
654 3248 786 3303 Redi
803 3253 880 3321 _in
923 3252 1135 3321 domum
1180 3260 1348 3321 tuam,
1382 3261 1430 3305 et
1465 3271 1625 3307 narra
1656 3272 1980 3321 qumcunque

478 3319 601 3389 fecit
644 3320 739 3372 tibi
788 3318 949 3373 Deus.
999 3318 1062 3373 Et
1121 3320 1288 3383 abiit,
1364 3339 1456 3389 per
1505 3318 1675 3377 totam
1719 3318 1982 3380 civitatem

483 3390 760 3459 divulgans
791 3405 1113 3459 quaecunque
1136 3390 1255 3457 fecit
1286 3390 1367 3445 illi
1396 3394 1572 3446 Jesus.

480 3548 645 3604 Mittit
671 3564 794 3604 eum
829 3549 1067 3603 domum.
1099 3548 1213 3603 Non
1250 3550 1396 3605 enim
1432 3561 1633 3605 tantam
1668 3569 1981 3608 mensuram

409 3642 648 3696 habebat
674 3642 757 3695 vir
790 3640 897 3704 ille,
928 3650 985 3696 nt
1028 3640 1247 3696 indutus
1275 3642 1551 3698 conferret
1593 3660 1655 3699 se
1689 3647 1755 3699 ad
1792 3648 1985 3702 seden-

410 3737 535 3789 dum
570 3735 635 3788 ad
677 3734 840 3804 pedes
871 3732 1023 3789 Jesu.
1084 3734 1148 3788 Et
1195 3737 1321 3789 dum
1358 3752 1481 3790 cum
1516 3738 1607 3792 illo
1660 3752 1821 3805 esset,
1876 3757 1983 3798 non

410 3828 747 3898 capientibus
795 3829 884 3896 qui
939 3842 1004 3880 ex
1058 3826 1479 3895 circumjacente
1532 3832 1754 3900 regione
1802 3843 1981 3898 erant,

409 3922 695 3975 adventum
729 3918 878 3980 Jesn,
913 3918 1080 3972 nihilo
1113 3928 1289 3972 tamen
1338 3919 1519 3974 minus
1561 3922 1795 3989 providit
1820 3924 1981 3977 saluti

408 4026 596 4065 eorum
625 4012 716 4079 qui
750 4010 822 4064 ibi
872 4010 1015 4064 istud
1064 4017 1335 4078 poterant,
1382 4011 1666 4067 dimittens
1719 4028 1839 4066 etim
1893 4018 1981 4079 qui

409 4104 544 4158 satis
570 4105 637 4156 ad
675 4103 837 4171 pedes
870 4101 1169 4162 assederat,
1214 4111 1274 4156 ut
1308 4107 1532 4157 doceret
1564 4118 1682 4171 qua:
1707 4104 1808 4158 sibi
1843 4104 1985 4160 fece-

409 4207 494 4250 rat
538 4196 695 4251 Dens.
745 4194 972 4251 Fuerint
1012 4210 1144 4249 vero
1166 4195 1385 4263 quidam
1440 4195 1598 4249 istius
1628 4197 1906 4250 auditores
1931 4207 1984 4251 et

405 4288 681 4359 discipuli,
719 4288 874 4356 plura
912 4286 1132 4355 quidem
1180 4302 1287 4339 non
1336 4286 1722 4356 distinguentis
1754 4303 1821 4340 ex
1853 4303 1985 4355 pan-

404 4383 519 4445 cis,
567 4388 623 4434 et
652 4394 771 4447 quae
805 4376 996 4433 didicit
1030 4377 1395 4446 praedicantis.
1455 4378 1524 4432 At
1570 4376 1777 4432 referre
1806 4379 1985 4447 possis

406 4486 713 4525 sermonem
750 4472 915 4524 etiam
968 4470 1034 4521 ad
1082 4467 1318 4522 hominis
1350 4477 1638 4535 naturam,
1694 4469 1983 4523 exterioris

406 4559 622 4614 lsraelis
651 4576 665 4610 :
696 4576 788 4626 per
809 4574 968 4628 quem
1018 4559 1232 4625 navigat
1261 4555 1419 4611 Jesns
1465 4557 1519 4611 in
1553 4558 1826 4628 regionem
1874 4560 1981 4614 Ga-
2018 4534 2056 4587 θ

408 4656 753 4714 darenorum,
811 4660 865 4705 et
899 4652 963 4704 ad
990 4666 1151 4719 quem
1199 4649 1310 4705 exit
1348 4649 1507 4705 Jesus
1553 4653 1604 4704 in
1656 4660 1853 4707 terram
1909 4654 1978 4706 "°.

408 4743 724 4797 Indumenta
758 4752 956 4810 autem,
1007 4743 1204 4811 inquit,
1265 4760 1367 4798 non
1418 4743 1734 4798 uestiebatur
1766 4745 1854 4800 ille
1886 4746 1980 4800 lm-

410 4852 497 4890 mo
521 4836 589 4887 ".
620 4834 736 4889 Non
775 4836 917 4889 enim
952 4836 1201 4890 induerat
1228 4836 1371 4904 quod
1417 4846 1623 4904 tegeret
1661 4835 1778 4903 ejus
1810 4840 1978 4906 turpi-

409 4928 672 4982 tudinem.
704 4926 771 4979 Et
823 4930 876 4982 in
916 4930 1069 4983 domo
1096 4946 1200 4983 non
1239 4930 1481 4982 manebat
1543 4930 1609 4982 τ’.
1671 4928 1786 4982 Non
1832 4930 1974 4983 enim

406 5030 545 5085 erat,
569 5020 713 5075 velut
749 5020 939 5083 Jacob,
972 5023 1132 5077 homo
1173 5022 1405 5092 simplex
1448 5021 1694 5076 incolens
1733 5023 1974 5074 domum.

407 5111 702 5181 Propterea
734 5122 789 5167 et
821 5113 971 5165 hunc
1025 5114 1199 5183 ipsum
1237 5115 1481 5178 dimisit,
1519 5113 1809 5181 inquiens:
1849 5111 1978 5165 Redi

408 5208 464 5261 in
482 5208 692 5260 domum
716 5217 881 5259 luam.
923 5208 970 5261 ls
997 5222 1155 5276 porro
1191 5216 1238 5259 et
1265 5208 1318 5260 in
1356 5206 1604 5272 sepulcris
1638 5205 1879 5258 manebat
1909 5205 1974 5258 7’:

410 5312 515 5350 non
543 5311 664 5350 cum
695 5296 855 5359 vivis.
897 5300 989 5351 sed
1022 5313 1140 5350 cum
1175 5298 1421 5353 mortuis.
1467 5295 1597 5349 Erat
1629 5308 1801 5351 autem
1827 5337 1841 5359 ,
1893 5297 1977 5350 in~

408 5390 545 5457 quit,
593 5404 720 5457 grex
767 5405 1046 5457 porcorum
1107 5390 1239 5443 bono
1284 5404 1515 5450 numero,
1548 5390 1871 5455 pascentium
1922 5390 1975 5441 in

408 5490 580 5535 monte
636 5480 701 5533 7".
762 5480 914 5536 Haud
963 5482 1077 5537 scio
1129 5497 1196 5535 an
1251 5480 1463 5535 soleant
1500 5480 1653 5549 porci
1702 5481 1848 5551 pasci
1919 5481 1971 5534 in

479 5643 524 5674 “
570 5641 725 5695 Joan.
765 5656 815 5706 ν,
846 5640 936 5696 55.
1013 5640 1056 5671 ⁸⁷
1090 5638 1281 5693 Matth.
1326 5654 1399 5696 νι.
1442 5636 1533 5692 9'2.
1611 5638 1654 5668 ⁸⁸
1684 5635 1816 5693 Luc.
1866 5655 1961 5707 ιη,
2003 5644 2091 5698 55.

408 5713 495 5765 27.
574 5713 618 5743 ⁷³
652 5712 777 5765 ibid.
854 5712 1058 5767 "ibid.
1120 5708 1167 5741 "‘
1198 5709 1333 5764 ibid.
1360 5707 1447 5764 52.

475 5805 587 5875 (85)
615 5803 724 5859 Hoc
752 5805 1105 5875 fragmentum
1133 5814 1214 5858 est
1240 5816 1303 5855 ex
1341 5800 1459 5857 cod.
1490 5800 1583 5865 27,
1615 5816 1665 5869 p.
1704 5800 1827 5854 195.

2102 1897 2238 1950 Ἀλλ’
2276 1898 2419 1952 οὐδὲ
2448 1898 2568 1953 ὑπὸ
2597 1898 2712 1968 τὴν
2744 1901 2964 1968 κλίνην
3001 1901 3229 1955 τιθέασι
3263 1900 3371 1954 τὸν
3408 1904 3665 1971 λύχνον,

2088 1985 2217 2040 ἔνθα
2243 2005 2327 2052 τις
2353 1989 2715 2057 ἀναπαύεται,
2748 1990 2869 2044 οὐδὲ
2898 1989 3058 2045 ἄλλου
3094 1991 3241 2055 τινὸς
3271 1991 3498 2057 σκεύους
3531 1994 3668 2046 ὑπο-

2088 2079 2255 2133 κάτω.
2288 2079 2458 2135 Τοῦτο
2484 2080 2592 2153 γὰρ
2617 2084 2645 2135 6
2675 2082 2844 2137 ποιῶν
2882 2084 2943 2135 ού
2983 2089 3289 2155 προνοεῖται
3332 2088 3445 2149 τοῖς
3484 2087 3671 2140 elemo-

2092 2166 2399 2238 ρευομένοις
2424 2170 2501 2232 είς
2529 2170 2628 2239 τὴν
2656 2169 2833 2223 οἰκίαν
2854 2189 2866 2201 ·
2900 2167 2981 2234 οἷς
3011 2172 3092 2225 δεῖ
3121 2173 3328 2227 τιθέναι
3356 2175 3447 2228 τὸν
3476 2174 3671 2247 λύχνον

2086 2260 2135 2310 οἱ
2168 2258 2246 2329 τῷ
2277 2258 2513 2331 ἀληθινῷ
2538 2262 2677 2330 φωτὶ
2714 2262 2807 2315 καὶ
2837 2263 2982 2334 λόγῳ
3012 2264 3088 2335 τῷ
3123 2264 3382 2338 λαμπρῷ,
3420 2269 3515 2321 καὶ
3546 2272 3672 2332 ταῖς

2087 2350 2270 2403 ἀκτῖσι
2307 2350 2408 2423 τῆς
2452 2352 2643 2421 σοφίας
2686 2355 3018 2419 ἁνάπτοντες
3059 2356 3149 2411 τὸν
3186 2358 3243 2411 ὲν
3288 2359 3470 2422 αὐτοῖς
3516 2359 3669 2425 νοῦν,

2088 2441 2250 2510 φύσιν
2278 2441 2469 2513 ἔχοντα
2522 2443 2645 2497 καθ’
2688 2447 2754 2515 ἣν
2797 2446 3203 2502 κατεσκεύασεν
3249 2449 3413 2503 αὐτὸν
3443 2451 3471 2503 6
3506 2449 3673 2522 δημι-

2087 2535 2301 2605 ουργὸς,
2333 2534 2523 2605 λύχνου
2563 2536 2815 2607 δεομένου
2858 2538 2956 2609 τῆς
3010 2540 3118 2593 ἀπὸ
3178 2540 3286 2594 τῶν
3334 2545 3673 2615 προνοουμέ-

2087 2644 2191 2680 νων
2220 2626 2363 2698 ἒχειν
2388 2628 2445 2681 ἐν
2482 2630 2548 2699 τῇ
2585 2628 2729 2700 ψυχῇ
2765 2629 2855 2682 τὸν
2894 2630 3019 2683 νοῦν
3057 2631 3527 2703 διορατικώτατον,
3573 2637 3672 2689 καὶ

2091 2718 2385 2789 μετέχοντα
2417 2719 2511 2773 τοῦ
2543 2721 2787 2785 εἰπόντος
2806 2738 2818 2751 ·
2864 2722 3010 2792 Ἐγὼ
3035 2722 3160 2792 φῶς
3187 2725 3275 2789 εις
3306 2723 3412 2778 τὸν
3435 2726 3674 2794 κόσμον

2086 2810 2376 2879 ἐλήλυθα.
2408 2814 2471 2866 Οί
2501 2812 2609 2884 γὰρ
2638 2813 2882 2879 καίοντες
2912 2815 3004 2868 τὸν
3041 2814 3253 2885 λύχνον,
3292 2816 3387 2868 καὶ
3427 2816 3675 2884 τιθέντες

2088 2902 2179 2955 ἐπὶ
2209 2901 2307 2974 τὴν
2325 2904 2544 2975 λυχνίαν
2574 2905 2659 2958 ἵνα
2676 2905 2866 2979 λάμπῃ
2889 2908 3147 2969 πᾶσιτοῖς
3175 2908 3233 2961 ὲν
3256 2911 3319 2979 τῇ
3344 2906 3508 2979 οἰκία,
3534 2926 3676 2979 προ·

2088 2993 2373 3065 τρέψονται
2400 2996 2524 3061 τοὺς
2554 2998 2611 3051 ἐν
2634 3000 2700 3068 τῇ
2724 2997 2869 3069 οἰκίᾳ
2895 2998 3190 3069 βλέποντας
3213 2998 3311 3071 τὴν
3346 2999 3437 3052 τοῦ
3469 2999 3672 3071 λύχνου

2086 3085 2444 3158 λαμπρότητα
2492 3088 2586 3141 καὶ
2628 3088 2824 3152 αὐτοὺς
2852 3089 3028 3143 καίειν
3057 3089 3155 3160 τὴν
3184 3089 3392 3143 ἑαυτῶν
3419 3089 3671 3161 λυχνίαν.

2010 3183 2051 3239 C
2226 3179 2376 3252 Στίχ.
2404 3178 2503 3252 λη’.
2538 3180 2824 3252 ᾎπέλυσε
2839 3181 2908 3233 δὲ
2928 3181 3160 3252 αὐτὸνό
3190 3183 3427 3249 Ἰησοῦς
3450 3182 3671 3252 λέγων’

2128 3248 3027 3345 τίκέὲθξζϊσξέίῑξξξειεξές,τιέξ
3038 3248 3245 3345 ﬁeri:
3267 3248 3571 3345 signaret-
3582 3253 3675 3345 ea:

2156 3318 2309 3386 ηγοῦ
2345 3318 2463 3373 ὅσα
2484 3320 2736 3387 ἐποίησέ
2762 3337 2859 3375 σοι
2890 3324 2922 3375 ὀ
2954 3325 3116 3387 Θεός.
3140 3323 3247 3376 Kal
3262 3322 3517 3391 ἀπῆλθε,
3535 3324 3674 3377 καθ’

2154 3388 2467 3512 3.13}:
2478 3391 2657 3443 πόλιν
2685 3393 3011 3460 κηρύσσων
3045 3391 3163 3446 ὅσα
3186 3393 3476 3460 ἐποίησεν
3501 3392 3674 3460 αὐτῷ

2273 3474 2485 3526 ησους.

2155 3547 2372 3617 Πέμπει
2414 3547 2577 3601 αὑτὸν
2619 3550 2697 3613 εἰς
2729 3549 2821 3603 τὸν
2849 3547 3014 3603 οἷκον.
3048 3550 3121 3603 Οὐ
3153 3550 3262 3622 γὰρ
3302 3550 3525 3605 τοσοῦτο
3570 3552 3677 3622 μέ-

2085 3655 2212 3710 τρον
2240 3636 2382 3708 εἶχεν
2422 3639 2451 3690 ὁ
2493 3640 2653 3713 ἀνὴρ,
2688 3642 2774 3695 ἵνα
2804 3641 2943 3714 πρὸς
2969 3642 3029 3696 τὸ
3067 3643 3333 3713 καθῆσθαι
3361 3642 3513 3714 παρὰ
3538 3644 3677 3707 τοὺς

2087 3731 2251 3791 πόδας
2294 3732 2467 3803 Ἰησοῦ
2506 3733 2859 3804 ίματισμένος
2881 3735 3128 3805 χωρήσῃ.
3160 3736 3268 3787 Καὶ
3298 3734 3376 3804 τῷ
3400 3730 3537 3788 εἶναι
3568 3735 3674 3788 σὺν

2086 3822 2252 3892 αύτῷ,
2284 3822 2393 3877 τῶν
2422 3823 2530 3877 ἀπὸ
2558 3825 2656 3895 τῆς
2681 3823 2988 3897 περιχώρου
3021 3826 3119 3897 τὴν
3159 3825 3329 3896 Ἰησοῦ
3362 3827 3675 3897 παρουσίαν

2085 3915 2146 3967 ού
2174 3915 2513 3987 χωρούντων,
2548 3916 2702 3969 οὐδὲν
2727 3913 2888 3987 ἧττον
2918 3918 3282 3987 προενοήσατο
3308 3916 3409 3986 τῆς
3436 3916 3547 3969 τῶν
3581 3917 3676 3969 δυ-

2085 4007 2331 4076 ναμένων
2377 4008 2492 4061 ἐκεῖ
2540 4007 2833 4079 σωτηρίας,
2881 4008 2971 4060 τὸν
3018 4007 3308 4079 αὐτάρκως
3352 4007 3675 4079 παρακαθί-

2088 4115 2255 4152 σαντα
2296 4101 2407 4163 τοῖς
2460 4101 2618 4153 ποσὶν
2668 4099 2830 4152 αὑτοῦ
2878 4099 3174 4164 ἀπολύσας,
3229 4100 3316 4153 ἵνα
3361 4100 3588 4172 διδάσκῃ
3624 4101 3668 4155 ἃ

2086 4190 2338 4261 ἐποίησεν
2375 4190 2524 4261 αύτῷ
2546 4193 2575 4243 6
2609 4190 2759 4255 Θεός.
2797 4186 2923 4245 Εἶεν
2948 4191 2990 4245 δ’
3020 4190 3085 4245 ἄν
3114 4207 3260 4254 τινες
3287 4190 3382 4244 τοῦ
3418 4192 3679 4247 τοιούτου

2087 4283 2388 4355 ἀκροασταὶ
2430 4284 2524 4336 καὶ
2569 4283 2828 4355 μαθηταὶ,
2878 4283 3092 4337 πλείονα
3139 4283 3239 4354 μὲν
3285 4283 3345 4335 οὐ
3382 4286 3682 4354 χωρήσαν-

2085 4390 2175 4436 τος
2199 4373 2382 4444 (86)ὲξ
2410 4374 2603 4443 ὀλίγων
2628 4368 2703 4428 ὧν
2732 4374 2920 4446 εἴληφε
2946 4394 3014 4446 κη
3025 4375 3330 4447 ρύσσοντος.
3349 4373 3682 4447 Ἀναφέροις

2086 4464 2129 4517 δ’
2158 4464 2222 4519 ἂν
2254 4465 2344 4518 τὸν
2372 4465 2529 4534 λόγον
2555 4467 2648 4519 καὶ
2675 4467 2765 4520 ἐπὶ
2794 4468 2891 4537 τὴν
2917 4466 3008 4519 τοῦ
3042 4465 3328 4541 ἀνθρώπου
3355 4466 3537 4537 φύσιν,
3566 4468 3678 4522 τοῦ

2086 4555 2189 4622 ἔξω
2227 4556 2461 4627 Ἰσραὴλ,
2495 4557 2560 4610 δι’
2596 4558 2655 4610 ὃν
2691 4557 2956 4611 καταπλεῖ
3005 4556 3211 4627 Ἰησοῦς
3241 4557 3454 4627 ὲπ“ι,τὴν
3478 4556 3678 4628 χώραν

2081 4649 2190 4702 τῶν
2235 4649 2581 4721 Γαδαρηνῶν,
2619 4652 2711 4703 καί
2757 4651 2894 4722 πρὸς
2920 4650 2977 4703 ὃν
3014 4648 3208 4715 ἔξεισιν
3251 4650 3280 4700 6
3321 4648 3525 4718 Ἰησοῦς
3570 4651 3679 4703 ἐπὶ

2079 4741 2177 4811 τὴν
2213 4742 2334 4812 γῆν.
2375 4742 2631 4811 Ἰμάτιον
2663 4740 2760 4804 δὲ,
2796 4743 2979 4813 φησὶν,
3026 4743 3136 4794 οὐκ
3184 4739 3607 4793 ἐνεδιδύσκετο
3647 4745 3680 4794 ὁ

2079 4832 2381 4904 ἄνθρωπος.
2437 4836 2549 4888 Οὐκ
2597 4834 2881 4889 ἐνεδύσατο
2926 4833 3033 4905 γὰρ
3073 4833 3134 4886 τὸ
3182 4831 3450 4886 καλύπτον
3496 4831 3677 4885 αὐτοῦ

2078 4927 2175 4999 τὴν
2204 4928 2608 5000 ἀσχημοσύνην.
2642 4929 2752 4983 Καὶ
2772 4929 2843 4981 ἐν
2867 4930 3025 4995 οἰκίᾳ
3055 4930 3166 4982 οὐκ
3197 4926 3425 4996 ἔμενεν.
3453 4926 3527 4979 Ού
3551 4926 3679 4998 γὰρ

2079 5018 2167 5093 ἦν,
2216 5022 2292 5085 ὡς
2343 5021 2556 5085 Ἰακὼϐ,
2603 5022 2887 5095 ἄνθρωπος
2940 5019 3211 5082 ἄπλαστος
3250 5018 3413 5071 οἰκῶν
3456 5016 3674 5072 οἰκίαν.

2081 5114 2173 5167 Διὸ
2200 5116 2292 5166 καὶ
2320 5114 2482 5167 αὐτὸν
2512 5114 2698 5167 τοῦτον
2733 5114 2966 5167 ἀπέλυσε
2988 5153 3001 5177 ,
3034 5112 3236 5180 λέγων·
3290 5111 3679 5178 ’Υπόστρεερε

2079 5208 2167 5270 εὶς
2204 5205 2311 5259 τὸν
2336 5201 2505 5260 οἶκόν
2532 5223 2669 5262 σου.
2699 5206 2809 5259 Καὶ
2836 5206 2906 5258 ἐν
2934 5204 3055 5270 τοῖς
3086 5202 3393 5271 μνήμασιν
3422 5202 3677 5272 ἔμενεν,

2080 5300 2140 5352 οὐ
2184 5300 2320 5370 μετὰ
2354 5299 2590 5365 ζώντων,
2638 5298 2775 5369 μετὰ
2824 5297 3031 5368 νεκρῶν
3069 5296 3143 5348 δέ.
3184 5291 3295 5349 Ἦν
3338 5293 3423 5357 δὲ,
3471 5293 3674 5362 φησὶν,

2080 5391 2268 5460 ἀγέλη
2310 5392 2529 5461 χοίρων
2576 5389 2797 5444 ἱκανῶν
2838 5388 3232 5457 βοσκομένων
3274 5387 3344 5439 ἐν
3396 5384 3475 5450 τῷ
3514 5384 3675 5452 ὄρει.

2079 5485 2308 5556 Μήποτε
2337 5484 2392 5537 δὲ
2418 5486 2588 5556 χοῖροι
2631 5485 2690 5537 ού
2729 5484 3008 5556 βόσκονται
3038 5484 3095 5535 ὲν
3122 5479 3197 5550 τῷ
3224 5479 3357 5550 ὄρει.
3403 5476 3526 5540 Πῶς
3564 5474 3681 5533 οὖν

2205 5642 2250 5673 θ’
2299 5640 2457 5696 Joan.
2486 5656 2583 5706 χιι,
2621 5640 2707 5695 46.
2822 5641 2867 5671 ⁷ο
2901 5638 3032 5694 Luc.
3090 5655 3217 5702 vin,
3263 5634 3355 5691 '57.
3428 5634 3473 5667 τ’
3515 5634 3675 5692 ibid.

2151 5798 2261 5870 (86)
2295 5796 2454 5855 Forte
2481 5797 2858 5867 χωρήσαντας.
