3888 6214
240 335 343 391 337

1515 313 1814 372 SCHOLIA
1853 311 1920 367 lN
1959 308 2212 368 LUCAM.

3390 294 3493 348 35?

246 453 383 526 μετά
411 451 505 506 τοῦ
534 446 781 522 κρημνοῦ
812 446 1070 519 ὥρμησεν
1097 445 1131 514 ἡ
1159 442 1359 511 ἀγέλη;
1392 439 1620 510 Μήποτε
1649 433 1742 491 οὖν
1772 437 1819 489 οἱ

1951 442 2124 488 nonte.
2174 428 2453 498 Quomodo
2511 440 2640 495 ergo
2701 422 3099 495 praecipitanter
3154 417 3364 473 delatus
3411 422 3486 471 (Pet

245 547 515 617 φιλήδονοι
537 585 551 608 ,
581 544 676 597 καὶ
712 540 948 611 γαστρὸς
981 536 1208 591 καὶτῶν
1243 533 1349 588 ὑπὸ
1373 531 1616 602 γαστέρα
1658 529 1822 598 φίλοι,

244 642 379 694 ὅπου
407 638 477 692 τά
510 637 747 708 μνημεῖα
786 635 881 687 καὶ
910 629 1137 702 πλησίον
1169 627 1263 681 τοῦ
1291 623 1555 692 λεγεῶνος
1584 622 1689 676 τῶν
1721 621 1828 675 δαι-

251 732 428 802 μόνων
454 728 758 800 βόσκονται·
790 722 1087 793 ἀγαθὸτητι
1110 720 1167 772 δὲ
1205 715 1411 788 Ἰησοῦς
1444 714 1541 786 τὴν
1573 712 1680 765 τῶν
1714 712 1828 765 δαι-

254 824 430 894 μόνων
455 820 709 886 ἀφανίζει
738 818 835 871 σὺν
856 818 968 878 τοῖς
995 812 1199 884 χοίροις
1229 812 1286 864 ὲν
1315 808 1393 880 τῷ
1421 807 1574 861 ’ὐδατι
1604 803 1826 874 ἀγέλην,

251 916 346 969 καὶ
376 914 485 967 τῶν
525 909 821 982 φιληδόνων
858 907 955 960 καὶ
1002 901 1395 974 φιλοσωμάτων
1430 900 1614 979 κακῶν
1660 899 1831 967 ἐμπο-

250 1005 384 1069 δίζει
417 1006 483 1074 τῇ
516 976 759 1071 ἀναπνοῇ
795 998 885 1052 διά
924 996 1191 1067 δαιμόνων
1231 993 1406 1065 τάχα,
1439 992 1531 1045 καὶ
1565 976 1832 1059 σωφρονεῖ

251 1097 281 1148 ὁ
338 1092 608 1155 τοιοῦτος;
660 1090 728 1142 Εἴ
769 1089 852 1151 τίς
885 1104 946 1140 τε
995 1086 1285 1156 σωφρονεῖ,
1333 1080 1483 1154 παρὰ
1519 1078 1598 1150 τῷ
1654 1075 1826 1147 Ἰησοῦ

253 1186 401 1237 ἐστιν
421 1201 437 1215 ο
472 1183 587 1235 ἀλλ’
621 1182 650 1233 ὁ
686 1178 985 1251 ἀρχόμενος
1016 1177 1313 1247 σωφρονεῖν
1342 1170 1490 1243 παρά
1512 1171 1639 1233 τούς
1665 1167 1829 1226 πόδας

254 1276 422 1329 αὑτοῦ
466 1275 633 1327 ἐστιν.

254 1453 404 1524 Στίχ.
435 1458 546 1523 μη’.
582 1446 731 1524 Elge
764 1447 831 1524 δε
861 1443 1163 1524 πρὸς-τὴν.
1184 1438 1440 1524 γυναῖκα
1460 1438 1587 1524 ’,Ἡ
1628 1436 1831 1500 πίστις

447 1508 563 1576 σὸυ
592 1518 824 1575 σέσωκέ
861 1508 954 1571 σε.
984 1508 1247 1582 Πορεύου
1269 1515 1356 1576 είς
1376 1508 1643 1577 εἰρήνην.

338 1615 402 1667 Ἦ
434 1614 531 1685 μὲν
557 1608 649 1666 οὖν
678 1608 965 1679 πλειοτέρα
995 1604 1162 1676 ψυχὴ,
1187 1602 1367 1665 καλῶς
1393 1598 1734 1670 λατρεύσασα
1754 1594 1833 1665 τῷ

256 1708 416 1777 Λόγῳ
443 1704 537 1759 τοῦ
570 1702 727 1768 Θεοῦ,
761 1698 1073 1772 παρρησίαν
1096 1696 1209 1766 ἔχει
1235 1696 1320 1747 ἐπ’
1346 1691 1513 1762 αὐτὴν
1541 1690 1639 1761 τὴν
1668 1704 1835 1757 κεφα-

1928 522 2098 595 grex?
2158 522 2236 576 An
2289 520 2428 575 forte
2475 518 2638 589 igitur
2676 515 2925 569 homines
2982 507 3306 578 voluptuosi,
3365 519 3467 558 ven

1931 617 2133 685 trisque
2163 622 2220 668 et
2251 625 2436 667 eorum
2463 623 2581 678 quae
2604 605 2743 661 infra
2765 611 3007 659 ventrem
3032 605 3180 662 sunt,
3203 603 3493 655 amatores,

1929 692 2019 761 ιιίιί
2047 684 2185 760 sunt
2210 711 2580 761 monumenta,
2608 705 2662 751 et
2688 708 2857 766 prope
2884 692 3185 745 darmonum
3227 684 3495 753 legionem

1929 796 2076 867 pasci
2100 792 2313 850 dicendi
2349 791 2495 856 sint;
2531 787 2781 842 bonitate
2804 798 2933 838 vero
2960 795 3055 835 sua
3081 772 3237 833 Iesus
3276 788 3494 845 gregem

1929 864 2235 943 dzemonum
2270 897 2395 937 cum
2432 878 2611 949 porcis
2659 874 2837 946 perdit
2872 872 2926 927 in
2960 883 3153 937 aquam
3183 881 3198 920 :
3235 880 3299 919 ac
3342 864 3496 915 volu-

1930 987 2248 1048 ptuosorum
2277 982 2331 1027 et
2363 985 2559 1038 corpus
2595 965 2889 1020 amantium
2937 960 3221 1023 malorum,
3260 956 3498 1025 respira-

1933 1069 2066 1125 tioni
2096 1066 2537 1138 impedimentum
2565 1059 2716 1130 ponit
2756 1072 2852 1128 per
2874 1056 3143 1110 daemones
3176 1050 3403 1113 scilicet,
3436 1062 3499 1101 ac

1929 1162 2020 1231 qui
2064 1155 2372 1229 hujusmodi
2421 1161 2504 1208 est
2536 1150 2601 1205 ad
2634 1151 2830 1205 bonam
2876 1145 3083 1215 frugem
3125 1140 3311 1196 redit?
3343 1139 3407 1194 Et
3452 1138 3498 1192 si

1930 1230 2053 1323 quis
2081 1255 2147 1306 ad
2187 1250 2383 1304 bonam
2414 1246 2552 1300 redit
2582 1243 2817 1311 frugem,
2841 1253 3007 1308 penes
3031 1233 3212 1289 Jesum
3248 1242 3330 1288 est
3360 1250 3373 1286 :
3406 1230 3500 1301 qui

1932 1354 2112 1397 tamen
2143 1338 2333 1409 incipit
2362 1335 2707 1405 resipiscere,
2736 1332 2802 1385 ad
2833 1329 2993 1400 pedes
3017 1328 3133 1394 ejus
3158 1325 3325 1395 jacet.

1933 1434 1999 1489 ν.
2039 1431 2129 1487 48.
2170 1431 2257 1486 Ait
2297 1436 2470 1482 autem
2501 1427 2569 1481 ad
2601 1424 2869 1479 mulierem
2903 1437 2921 1474 :
2954 1418 3116 1474 Fides
3160 1427 3250 1471 tua
3283 1414 3501 1469 saluauit

2420 1510 2488 1550 te.
2542 1495 2687 1549 Vade
2716 1495 2769 1546 in
2803 1506 3003 1561 pacem.

2004 1594 2196 1649 Anima
2226 1608 2347 1660 quae
2387 1592 2680 1660 perfectior
2706 1598 2810 1648 est,
2851 1587 2988 1640 bene
3027 1581 3283 1637 famulata
3326 1579 3500 1634 Verbo

1932 1688 2050 1752 Dei,
2098 1686 2347 1740 ﬁduciam
2410 1683 2573 1736 habet
2618 1678 2871 1733 veniendi
2927 1676 2993 1729 ad
3054 1684 3215 1744 caput
3272 1673 3498 1741 ipsum:

257 1761 359 1871 λὴν
388 1761 570 1852 ⁸ιέλθεῖν
588 1814 600 1827 ·
645 1761 890 1864 κεφαλὴ.
909 1761 977 1844 δὲ
1000 1761 1259 1857 Χριστοῦ
1285 1788 1317 1839 ὁ
1361 1761 1504 1848 Θεός
1524 1799 1537 1811 ·
1565 1780 1706 1834 ὥστε
1734 1794 1834 1833 κα-

1951 1782 2105 1847 Saput
2137 1788 2254 1830 vero
2279 1774 2499 1838 Christi,
2546 1771 2683 1825 Deus
2722 1769 2767 1799 "
2795 1785 2809 1831 ;
2842 1767 2975 1821 adeo
3004 1774 3063 1818 ut
3095 1763 3339 1818 infundat
3370 1761 3501 1815 illud

257 1868 448 1962 ταχέαι
479 1888 647 1960 μύρον
686 1885 875 1953 αὐτῆς,
911 1881 1006 1935 καὶ
1043 1877 1267 1931 εὐωδίαν
1307 1878 1374 1946 τῇ
1418 1873 1544 1945 δόξῃ
1576 1870 1667 1923 τοῦ
1699 1868 1837 1923 Θεοῦ

260 1960 612 2051 πεποιῆσθαι.
643 1976 932 2042 Δοξάζεται
959 1973 1016 2027 δὲ
1044 1974 1072 2024 ὁ
1096 1970 1226 2032 Θεὸς
1251 1967 1340 2020 διὰ
1366 1967 1464 2037 τῆς
1490 1963 1715 2026 εὐωδίας
1742 1960 1837 2015 τοῦ

262 2074 377 2146 βίου
408 2072 518 2125 τῶν
562 2069 807 2125 δικαίων.
861 2066 926 2118 Ἡ
953 2063 1009 2116 δὲ
1046 2058 1371 2130 ἁτελεστέρα
1402 2056 1540 2126 γυνὴ
1575 2051 1837 2123 καὶψυχὴ

261 2138 414 2238 παρὰ
440 2165 567 2226 τοὺς
599 2162 767 2223 πόδας
807 2159 903 2212 καὶ
934 2156 1003 2209 τά
1038 2147 1738 2222 ταπεινότεραιστρέφεται,
1772 2138 1839 2214 ἧς

261 2229 430 2325 ἐγγύς
458 2257 623 2324 ἐσμεν
650 2252 829 2323 ἡμεῖς.
862 2246 995 2300 Οὐδὲ
1025 2241 1132 2314 γὰρ
1162 2241 1563 2312 μετενοήσαμεν
1592 2232 1702 2286 ἀπὸ
1731 2229 1839 2283 τῶν

261 2323 674 2420 ἁμαρτημάτων
715 2340 892 2414 ἡμῶν.
928 2337 1039 2391 Ποῦ
1080 2333 1239 2406 ἡμῶν
1288 2331 1357 2385 τά
1399 2330 1648 2397 δάκρυα;
1680 2323 1781 2377 ποῦ
1812 2326 1841 2376 ὁ

261 2417 572 2511 κλαύθμός;
605 2437 693 2489 ἴνα
733 2434 839 2488 κᾶν
874 2429 1025 2501 παρά
1062 2430 1189 2491 τοὺς
1220 2424 1387 2487 πόδας
1444 2419 1619 2492 Ἰησοῦ
1666 2417 1839 2471 ἐλθεῖν

260 2509 598 2603 δυνηθῶμεν.
641 2526 755 2581 Ἐπ’
788 2524 957 2594 αὐτὴν
982 2520 1091 2593 γὰρ
1127 2517 1280 2572 οῦπω
1318 2511 1598 2583 δυνάμεθα
1638 2509 1841 2581 φθάσαι

260 2625 360 2697 τὴν
412 2622 676 2693 κεφαλήν.
738 2613 1046 2684 Ἀγαπητδν
1093 2611 1150 2664 δὲ
1189 2607 1327 2681 μετά
1360 2606 1427 2659 τά
1470 2604 1841 2676 ἁμαρτήματα

263 2692 452 2788 φέρειν
486 2692 774 2785 μετανοίας
804 2707 1052 2768 εὐωδίαν,
1081 2704 1168 2757 ’ίνα
1191 2719 1274 2764 τις
1296 2696 1550 2769 δυνηθείη
1577 2692 1843 2763 δευτέρως

264 2785 405 2864 εἶναι
434 2809 468 2879 ή
494 2807 621 2867 τοὺς
646 2802 812 2865 πόδας
841 2798 1155 2868 ἀλείφουσα,
1177 2792 1311 2847 ἀλλά
1343 2790 1416 2861 μὴ
1446 2788 1543 2860 τὴν
1575 2785 1839 2856 κεφαλήνο

262 2877 540 2953 τουτέστιν
567 2897 601 2966 ἡ
645 2893 720 2965 μὴ
748 2889 1028 2961 ἁπτομένη
1063 2886 1171 2940 τῶν
1198 2882 1539 2965 τελεωτέρων
1574 2882 1667 2933 καὶ
1707 2877 1844 2948 ὑψη-

262 2991 523 3062 λοτέρων,
707 2960 817 3038 τῶν
840 2983 1026 3055 ἄκρων
1048 2980 1142 3037 καὶ
1162 2960 1506 3031 τελευταίων.

263 3124 415 3195 Στίχ.
445 3120 552 3195 νϐ’.
574 3122 863 3195 Tag/lator
893 3115 1235 3195 δῤ-ςτάνζες,
1266 3108 1713 3195 aenigmate/Offa
1738 3104 1844 3157 αὐ-

338 3176 476 3261 ἕῆν.
533 3176 604 3245 ’⁸0
639 3190 707 3243 δὲ
726 3185 869 3261 εἷπε
888 3206 902 3219 ·
931 3185 1030 3255 Μὴ
1071 3176 1310 3238 κλαίετε
1330 3198 1342 3211 ·
1368 3181 1492 3234 Οὐκ
1518 3176 1841 3237 ἀπέθανεν,

339 3259 504 3321 ἀλλὰ
528 3259 828 3317 καθεύδει.

574 3353 683 3408 Καὶ
710 3349 1044 3418 κατεγέλων
1080 3344 1290 3409 αὐτοῦ,
1326 3340 1550 3406 ειδότες
1590 3337 1680 3391 ὅτι
1733 3336 1846 3390 ἀπ-

330 3557 455 3628 ’(87)
494 3556 642 3626 Πλὴν
671 3552 809 3608 ἀλλά
842 3550 1065 3622 τοιαύτη
1096 3549 1193 3621 μὲν
1217 3550 1252 3619 ὴ
1282 3546 1376 3601 τοῦ
1402 3543 1677 3615 θαύματος
1709 3541 1850 3593 ἱστο-

274 3650 383 3722 ρία.
410 3647 533 3719 Χρὴ
559 3647 618 3701 δὲ
646 3646 777 3709 ῐσως
800 3645 894 3700 καὶ
921 3642 1227 3714 ἰσχνότερον
1252 3637 1422 3709 αὐτὴν
1450 3634 1724 3708 θεωρῆσαι
1754 3630 1849 3685 καὶ

273 3721 625 3808 ὐψηλὸτερον.
655 3736 718 3789 Οἱ
755 3734 853 3806 μὲν
884 3728 976 3787 οῦν
1013 3728 1370 3799 άπλούστεροι
1401 3725 1495 3779 καλ⁸
1534 3721 1851 3795 ἀκεραιότε-

278 3846 360 3901 ροι
388 3826 817 3899 θαυμαζέτωσαν
838 3825 907 3878 τὰ
931 3823 1193 3894 μεγαλεῖα
1214 3818 1310 3874 τοῦ
1337 3816 1472 3872 Θεοῦ
1498 3814 1639 3869 κατὰ
1657 3813 1846 3867 ταῦτα·

273 3919 548 3989 οἰκοδομεῖ
574 3916 685 3988 γάρ
730 3915 823 3968 καὶ
861 3911 1186 3984 σωματικῶς
1214 3908 1501 3979 νοούμενα·
1529 3906 1577 3957 οἱ
1609 3903 1665 3957 δὲ
1695 3901 1853 3955 δυνά-

279 4026 431 4082 μενοι
459 4008 755 4062 διαϐαίνειν
791 4006 884 4059 ἐπὶ
910 4006 973 4059 τὸ
1023 4003 1258 4075 βλέπειν,
1305 4001 1387 4054 ὅτι
1426 3998 1520 4052 καὶ
1546 3996 1720 4049 ταῦτα
1760 4011 1855 4047 τυ-

280 4081 467 4167 πικῶς
493 4100 850 4153 συνέϐαινεν
890 4096 1171 4160 ἐκείνοις,
1208 4090 1437 4162 ἐγράφη
1466 4087 1534 4141 δὲ
1565 4086 1638 4139 δι’
1674 4081 1851 4152 ἡμᾶς,

277 4192 564 4263 εὐξάμενοι
596 4190 675 4261 τῷ
710 4189 851 4261 Θεῷ,
876 4189 1186 4259 αἰτήσωμεν
1219 4182 1377 4251 λόγον
1403 4180 1494 4233 τὸν
1532 4175 1855 4247 σαφηνίζον-

278 4302 347 4338 τα
371 4286 467 4337 καὶ
498 4282 693 4337 ταῦτα.

351 4375 476 4438 Πῶς
509 4377 538 4428 ὁ
581 4372 789 4445 Ἰησοῦς
813 4372 949 4443 πρὸς
976 4370 1073 4441 τὴν
1100 4363 1551 4440 ἀρχισυναγώγου
1582 4358 1856 4430 θυγατέρα

283 4465 707 4537 προηγουμένως
750 4465 986 4525 ἄπεισιν,
1017 4461 1078 4513 οὐ
1123 4458 1256 4529 πρὸς
1283 4454 1381 4527 τὴν
1413 4448 1815 4524 αἱμορῥοοῦσαν
1836 4464 1851 4477 ο
1886 4500 1930 4554 D

282 4556 379 4609 Ital.
407 4557 464 4609 ὲν
500 4558 566 4626 τῇ
742 4552 889 4624 αὐτῷ
939 4547 1235 4604 ἀπαντῶσα
1281 4543 1471 4617 πρώτη
1520 4540 1660 4611 αὐτὴ
1690 4538 1854 4609 θερα-

284 4645 543 4709 πεύεταις
578 4640 709 4714 ἦλθε
756 4641 864 4713 γὰρ
901 4644 929 4695 ὁ
969 4641 1095 4702 Υἱὸς
1136 4635 1230 4690 τοῦ
1260 4632 1395 4687 Θεοῦ
1432 4628 1858 4702 προηγουμένως

283 4738 366 4799 είς
397 4736 497 4805 τὴν
541 4733 803 4787 Ἰουδαίων
850 4728 1199 4799 συναγωγὴν,
1240 4726 1332 4780 καὶ
1368 4717 1525 4795 εὗρεν
1568 4719 1734 4789 αὐτὴν
1768 4735 1856 4771 νο-

286 4829 490 4883 σοῦσαν
514 4827 609 4879 καὶ
637 4823 1034 4878 ἀποθανοῦσαν.
1069 4820 1149 4873 Τὰ
1174 4819 1284 4890 γὰρ
1315 4812 1736 4891 παραπτώματα
1762 4809 1858 4863 τοῦ

298 4902 517 4990 ’Ῑσραὴλ
550 4916 848 4985 πεποίηκεν
885 4914 1053 4983 αὐτὴν
1098 4912 1406 4965 ἀποθανεῖν.
1461 4909 1524 4961 Ἡ
1566 4906 1624 4959 δὲ
1666 4905 1861 4975 αἱμορο

287 5010 506 5085 ροοῦσα,
534 5010 567 5080 ἡ
603 5010 661 5061 ὲν
692 5010 757 5078 τῇ
786 5005 911 5076 ὁδῷ,
937 5007 970 5074 ἡ
997 5002 1336 5074 ἀκαθαρσίας
1368 4998 1793 5071 πεπληρωμένη,
1827 4996 1860 5066 ἡ

289 5104 490 5175 ῥέουσα
512 5103 612 5155 οὐκ
637 5101 695 5153 ὲν
725 5098 902 5170 καιρῷ
935 5096 1189 5167 ἁφέδρου,
1228 5093 1342 5147 ἀλλ’
1377 5094 1462 5146 ἀεὶ
1492 5088 1862 5162 αἱμορροοῦσα

285 5197 382 5246 καὶ
422 5192 676 5254 νοσοῦσα,
720 5190 859 5261 αὐτὴ
903 5188 1011 5259 πρὸ
1047 5188 1260 5258 ἐκείνης
1309 5184 1586 5238 πιστεύσει
1622 5182 1700 5253 τῷ
1744 5180 1858 5251 Υἱῷ

284 5285 381 5340 τοῦ
408 5283 566 5340 Θεοῦ.
600 5283 711 5337 Καὶ
752 5284 868 5335 ἐκεῖ
910 5281 1006 5353 μὲν
1051 5272 1204 5342 οὗτος
1251 5277 1571 5348 ἀπέρχεται,
1620 5273 1758 5343 αὐτὴ
1803 5274 1860 5326 δὲ

284 5377 379 5432 τοῦ
429 5376 733 5449 κρασπέδου
782 5373 875 5427 τοῦ
928 5372 1143 5443 ἱματίου
1195 5369 1433 5440 ἅψασθαι
1485 5367 1649 5421 θέλει.
1707 5366 1765 5417 '0
1805 5363 1862 5416 δὲ

285 5471 503 5532 Λουκᾶς
542 5469 570 5521 ὃ
605 5467 680 5539 μὴ
718 5461 839 5519 εἷπε
881 5462 1158 5526 Ματθαῖος
1195 5460 1552 5531 προσέθηκεν,
1591 5458 1673 5511 ὅτι
1703 5455 1864 5509 δωδε-

285 5563 491 5632 καετὴς
520 5556 589 5631 ἦν
623 5562 656 5631 ἠ
683 5558 777 5612 τοῦ
812 5555 1259 5629 ἀρχισυναγώγου
1295 5553 1559 5624 θυγάτηρ,
1589 5550 1684 5606 καὶ
1712 5551 1747 5620 ἡ
1776 5548 1860 5601 αἱ-

357 5657 405 5688 "
436 5656 456 5709 ι
485 5656 612 5719 Cor,
650 5667 726 5718 ιι,
754 5653 809 5706 3.
885 5652 930 5683 ⁷⁸
959 5648 979 5704 l
1005 5649 1132 5703 Cor.
1177 5663 1232 5715 Χ,
1271 5646 1355 5701 ll.

352 5748 465 5819 (87)
518 5748 685 5816 Ὧριγ.
731 5746 822 5799 καὶ
848 5743 1135 5817 Κυρίλλου.

1939 1876 2235 1936 unguento,
2278 1877 2334 1921 et
2382 1864 2733 1934 fragrantiam
2767 1858 2965 1916 efﬁciat
3001 1857 3255 1927 opinione
3295 1854 3409 1909 Dei.
3445 1854 3500 1906 In

1937 1961 2246 2029 opinionem
2280 1972 2410 2013 vero
2439 1956 2588 2009 venit
2629 1952 2769 2007 Deus
2792 1989 2808 2015 ,
2853 1964 2951 2020 per
2993 1946 3348 2018 fragrantiam
3382 1943 3504 2003 vitae

1934 2054 2223 2124 iustorum.
2265 2049 2336 2103 At
2392 2048 2584 2102 mulier
2624 2059 2745 2114 quae
2786 2039 3154 2111 imperfectior
3204 2046 3334 2103 est,
3389 2039 3506 2108 sive

1939 2148 2143 2210 anima,
2176 2146 2323 2200 circa
2354 2144 2519 2215 pedes
2540 2150 2598 2197 et
2624 2139 2912 2194 humiliora
2942 2147 3211 2200 versatur,
3242 2135 3308 2193 ad
3341 2146 3503 2201 quam

1941 2241 2165 2311 propius
2208 2240 2467 2293 absumus
2504 2248 2623 2288 nos.
2667 2232 2912 2286 Nondum
2945 2230 3088 2285 enim
3124 2224 3375 2297 paenituit
3407 2238 3508 2277 nos

1940 2341 2286 2403 peccatorum
2315 2339 2647 2384 nostrorum.
2697 2324 2795 2380 Ubi
2824 2332 2951 2379 sunt
2986 2322 3237 2392 Iacrymae
3273 2315 3509 2371 nostrae?

1942 2425 2032 2478 ubi
2081 2421 2354 2494 ejulatus?
2391 2428 2449 2472 ut
2488 2417 2678 2473 saltem
2734 2415 2803 2470 ad
2850 2413 3016 2484 pedes
3073 2411 3200 2465 Jesu
3250 2408 3509 2462 accedere

1940 2516 2237 2571 valeamus.
2271 2512 2511 2566 Necdum
2553 2511 2696 2565 enirn
2730 2508 2794 2563 ad
2825 2513 2987 2573 caput
3018 2504 3193 2571 ipsum
3225 2498 3510 2561 pervenire

1940 2607 2183 2677 quimus.
2224 2603 2372 2659 Satis
2397 2616 2563 2672 porro
2594 2602 2667 2656 sit
2689 2597 2846 2653 nobis
2868 2603 2987 2665 post
3013 2600 3259 2662 peccata,
3292 2598 3351 2642 ut
3391 2603 3509 2657 pm-

1942 2698 2183 2754 nitentim
2231 2694 2586 2765 fragrantiam
2640 2690 2933 2745 aﬂ'eramus
2964 2701 2980 2739 :
3010 2698 3115 2754 quo
3165 2684 3288 2753 quis
3339 2680 3515 2751 possit

1942 2791 2179 2846 secundo
2208 2788 2327 2842 loco
2355 2802 2477 2841 esse
2504 2787 2572 2840 ab
2608 2799 2670 2840 ea
2699 2796 2818 2852 quae
2852 2781 3014 2850 pedes
3045 2776 3220 2846 ungit,
3244 2790 3348 2829 non
3381 2785 3513 2825 vero

1943 2890 2136 2953 caput;
2172 2880 2225 2935 id
2247 2888 2330 2934 est
2358 2893 2475 2947 qua:
2501 2892 2608 2931 non
2636 2876 2855 2943 attingit
2891 2870 3214 2944 perfectiora
3254 2875 3309 2921 et
3342 2861 3511 2919 subli-

1943 2976 2138 3039 miora,
2168 2970 2264 3028 sed
2292 2971 2399 3025 ima
2427 2978 2482 3023 et
2514 2978 2783 3024 extrema.

1946 3106 2011 3162 Ἴ.
2055 3105 2147 3160 52.
2189 3102 2412 3157 Flebant
2442 3110 2618 3157 autem
2648 3114 2845 3163 omnes,
2894 3107 2944 3151 et
2988 3094 3305 3165 plangebant
3341 3090 3509 3144 illam.

1871 3146 1915 3206 Ο
1963 3146 1979 3162 1
2176 3146 2311 3228 υενον
2323 3146 2971 3238 “dimi—:"Newfleuer'iti;:
2988 3146 3143 3220 ’Nb'i.‘
3157 3146 3247 3218 Vest
3280 3173 3513 3223 mortua,

2019 3246 2111 3300 sed
2140 3245 2354 3298 dormit.

1951 3338 2014 3393 ν.
2064 3337 2153 3458 δ’ὅὶ
2205 3333 2273 3389 Ει
2327 3334 2635 3389 deridebant
2686 3347 2844 3398 eum,
2909 3329 3141 3386 ridentes
3205 3325 3342 3380 auod
3400 3332 3516 3378 erat

2018 3423 2133 3458 mor
2159 3422 2245 3458 ua.

2018 3422 2245 3460 mortua.

2020 3542 2166 3597 Talis
2196 3541 2382 3609 utique
2404 3548 2488 3595 est
2516 3537 2761 3593 miraculi
2790 3537 3041 3593 historia.
3061 3535 3132 3588 At
3152 3538 3367 3602 oportet
3406 3528 3519 3585 for-

1952 3646 2099 3691 tasse
2126 3634 2273 3689 illam
2309 3640 2364 3687 et
2397 3632 2647 3686 subtilius
2688 3628 3043 3697 contemplari
3097 3637 3153 3682 et
3207 3621 3514 3680 sublimius.

1949 3729 2302 3782 Admirentur
2348 3722 2707 3793 simpliciores
2769 3730 2826 3776 et
2876 3719 3186 3776 hebetiores
3250 3714 3523 3785 magnalia

1953 3822 2044 3876 Dei
2095 3834 2189 3890 per
2228 3820 2366 3875 haec.
2426 3818 2719 3875 Ediﬁcant
2768 3815 2911 3870 enim
2959 3815 3120 3869 etiam
3165 3810 3524 3880 corporaliter

1953 3913 2248 3968 intellecta.
2272 3911 2342 3964 At
2367 3910 2457 3980 qui
2493 3922 2779 3979 possumus
2805 3920 2870 3960 eo
2900 3905 3231 3974 contingere,
3256 3911 3314 3954 ut
3341 3900 3525 3953 videa-

1958 4021 2101 4069 mus,
2131 4006 2260 4075 quia
2288 4014 2342 4058 et
2371 4003 2487 4057 haec
2524 4017 2617 4071 per
2655 4000 2881 4070 ﬁguram
2914 3996 3213 4051 acciderunt
3246 3992 3355 4047 illis
3377 4032 3394 4057 ,
3432 3990 3523 4043 sed

1956 4107 2167 4167 propter
2225 4113 2318 4150 nos
2376 4097 2572 4163 scripta
2636 4104 2756 4147 sunt
2787 4093 2832 4124 ⁷⁸
2865 4107 2880 4144 :
2917 4091 3273 4157 deprecantes
3348 4085 3525 4140 Deum

1958 4187 2289 4256 postulemus
2318 4201 2623 4244 sermonem
2662 4184 2853 4241 isthaec
2878 4181 3269 4237 declarantem.

2026 4368 2310 4434 Quomodo
2339 4364 2497 4420 Jesus
2538 4362 2605 4417 ad
2653 4359 3067 4431 arcbisynagogi
3106 4358 3274 4412 tiliam
3318 4354 3528 4425 prinei:

1962 4459 2159 4528 paliter
2188 4457 2342 4519 abiit,
2385 4471 2492 4510 non
2519 4455 2647 4509 item
2689 4453 2757 4508 ad
2797 4467 2918 4506 eam
2953 4465 3072 4520 quae
3101 4447 3363 4516 sanguine
3392 4445 3527 4500 lineo

1961 4554 2099 4607 bat:
2131 4562 2294 4620 atque
2345 4565 2411 4605 ex
2476 4550 2672 4603 itinere
2728 4558 3023 4601 occurrens
3077 4541 3126 4596 ei
3183 4541 3300 4595 haec
3354 4540 3528 4609 prima

1960 4641 2234 4696 curatur?-
2258 4639 2393 4706 Quia
2423 4639 2572 4693 venit
2607 4636 2774 4690 Filius
2815 4634 2905 4689 Dei
2939 4631 3203 4703 primario
3220 4631 3285 4683 ad
3312 4627 3529 4683 1υάωο-

1961 4748 2081 4787 rum
2132 4744 2485 4801 synagogam,
2516 4738 2571 4782 et
2605 4726 2813 4781 invenit
2834 4739 2952 4779 eam
3000 4729 3348 4792 aegrotantem
3372 4759 3388 4785 ,
3422 4718 3531 4772 imo

1960 4823 2292 4879 defunctam.
2340 4822 2555 4877 Scelera
2597 4833 2833 4889 namque
2884 4816 3097 4873 lsraelis
3128 4812 3425 4868 clfeccrant
3471 4819 3532 4863 ut

1964 4923 2266 4968 moreretur
2299 4911 2411 4968 illa.
2462 4912 2534 4965 At
2569 4905 2962 4979 sanguinillua,
3006 4918 3127 4974 quae
3168 4907 3219 4956 in
3246 4900 3335 4955 via
3370 4907 3488 4954 erat
3513 4939 3530 4965 ,

1963 5021 2082 5075 qute
2118 5005 2274 5074 plena
2308 5013 2427 5060 erat
2477 5002 2810 5073 impuritate,
2844 5012 2965 5068 qua:
3014 4994 3255 5051 stillabat
3308 5008 3414 5048 non
3475 4993 3528 5045 in

1966 5105 2203 5164 tempore
2244 5094 2512 5164 puerperii
2562 5102 2656 5147 aut
2689 5077 2973 5153 menstrui,
3017 5086 3111 5141 sed
3155 5098 3368 5153 semper
3398 5096 3531 5135 san-

1966 5187 2127 5254 guine
2157 5184 2355 5239 ﬂuebat
2380 5194 2435 5239 et
2457 5183 2755 5253 aegrotabat
2785 5198 2800 5234 :
2832 5181 2947 5237 hac
2988 5186 3112 5233 ante
3158 5176 3300 5230 illam
3345 5174 3534 5228 credet

1966 5277 2103 5333 Filio
2123 5278 2234 5332 Dei.
2267 5276 2332 5330 Et
2362 5275 2436 5330 ibi
2472 5276 2687 5345 quidem
2714 5273 2829 5344 ipse
2861 5271 3078 5335 incedit,
3112 5269 3224 5339 ipsa
3256 5280 3385 5321 vero
3413 5264 3547 5317 fitn-‘

1968 5371 2143 5425 briam
2171 5368 2475 5425 vestimenti
2530 5368 2801 5437 attingere
2834 5365 3002 5435 cupit.
3054 5361 3124 5416 At
3159 5360 3334 5415 Lucas
3386 5354 3531 5425 quod

1969 5461 2250 5517 Mattharus
2290 5478 2397 5516 non
2439 5460 2595 5526 dixit,
2640 5459 2877 5530 adjecit,
2936 5456 3217 5511 duodecim
3264 5461 3531 5505 annorum

1968 5552 2139 5611 fuisse
2161 5554 2570 5625 arcbisyuagogi
2604 5551 2793 5620 tiliam,
2845 5560 2899 5607 et
2943 5544 3355 5619 sanguiniﬂuam
3394 5542 3530 5597 duo-
