3888 6214
372 270 477 325 539

1222 268 1778 328 SUPPLEMENTUM
1813 271 1906 327 AD
1938 269 2263 327 ORIGENIS
2292 272 2702 328 EXEGETICA.

3494 269 3602 323 540

366 386 539 442 decim
565 400 914 443 enumerasse
952 385 1303 442 inﬁrmitatis
1344 401 1538 444 annos.
1592 388 1759 460 lgitur
1810 390 1924 444 haec

2032 387 2337 459 μορῤοοῦσα
2379 387 2583 443 δώδεκα
2620 385 2713 455 ἔτη
2766 380 2911 457 εἶχεν
2957 382 3351 455 αἱμορροοῦσα·
3401 382 3600 437 οὐκοῦν

366 476 534 544 coepit
564 477 827 544 sanguine
871 474 1039 529 ﬂuere
1067 491 1175 545 quo
1203 476 1290 529 illa
1327 491 1472 532 anno
1500 477 1553 531 in
1581 476 1757 533 lucem
1784 479 1927 533 edita

363 575 467 620 est.
500 566 629 620 Sine
657 564 944 621 affectione
973 568 1119 621 enim
1151 576 1236 623 est
1261 568 1347 622 illa
1376 570 1613 637 quandiu
1651 584 1925 641 synagoga

367 654 498 707 vivit
530 669 547 709 :
590 663 646 707 et
673 670 811 710 unus
837 655 1089 726 idemque
1120 667 1206 712 est
1228 663 1491 713 terminus
1524 661 1786 729 temporis
1812 699 1829 726 ,
1870 670 1926 715 et

366 744 491 799 ﬁnis
524 745 688 811 illius,
727 754 784 800 et
837 746 975 801 initii
1018 748 1210 803 salutis
1238 750 1415 804 istius.
1467 750 1775 806 Duodennis
1835 751 1923 806 illa

290 836 295 845 ‘
366 838 613 899 moritur,
663 846 719 891 et
768 838 883 892 haec
931 847 1055 907 post
1107 839 1390 893 duodecim
1431 853 1542 894 suae
1596 840 1925 895 inﬁrmitatis

362 941 536 983 annos
555 928 783 983 credens
827 938 1075 993 sanatur,
1137 945 1258 999 qua:
1308 946 1338 983 a
1397 930 1542 984 nullo
1594 932 1921 987 medicorum

363 1019 543 1072 sanari
573 1028 840 1087 potuerat.
883 1019 1031 1074 Multi
1058 1022 1202 1075 enim
1238 1031 1364 1076 sunt
1400 1023 1635 1089 medici,
1670 1022 1761 1091 qui
1794 1038 1923 1092 gen-

362 1108 506 1162 tibus
550 1109 775 1164 salutem
820 1124 881 1165 se
930 1110 1191 1166 allaturos
1232 1112 1577 1182 pollicentur.
1640 1112 1697 1168 Si
1722 1112 1922 1168 videris

359 1198 711 1269 philosophos
765 1200 1053 1256 veritatem
1110 1204 1476 1271 proﬁtentes:
1520 1205 1709 1259 medici
1759 1215 1917 1270 sunt,

357 1290 448 1352 qui
496 1304 693 1344 sanare
748 1292 1013 1347 nituntur.
1073 1293 1144 1347 At
1192 1294 1453 1365 impensis
1502 1296 1752 1350 omnibus
1798 1312 1921 1366 quae

356 1380 591 1436 habebat
615 1384 667 1436 in
696 1382 847 1445 illos,
900 1384 1320 1454 haudquaquam
1356 1387 1529 1456 potuit
1563 1389 1631 1443 ab
1666 1388 1777 1442 ullo
1807 1404 1919 1443 me-

355 1473 597 1527 dicorum
630 1476 837 1529 sanari.
880 1476 1083 1543 Tetigit
1110 1492 1177 1532 ex
1212 1479 1317 1532 fide
1362 1478 1629 1531 ﬁmbriam
1665 1476 1815 1543 Jesu,
1865 1488 1921 1535 et

355 1564 652 1619 convaluit.
680 1566 735 1621 Si
759 1567 1167 1622 consideremus
1201 1568 1359 1623 ﬁdem
1382 1578 1625 1622 nostram
1654 1569 1705 1623 in
1733 1569 1915 1624 .lesum

352 1653 652 1721 Christum,
678 1666 734 1712 et
780 1660 1080 1727 cogitemus
1132 1669 1363 1727 quantus
1392 1669 1475 1714 est
1507 1658 1675 1715 Filius
1709 1660 1832 1726 Dei,
1864 1673 1918 1718 et

352 1760 642 1815 quemnam
688 1749 859 1819 ipsum
895 1758 1218 1820 tangamus:
1259 1752 1563 1809 videbimus
1589 1794 1604 1818 ,
1655 1754 1800 1823 quod
1847 1754 1914 1808 ad
1948 1740 1991 1795 Β

353 1843 811 1912 comparationem
847 1844 1179 1899 ﬁmbriarum
1210 1860 1331 1915 quze
1366 1845 1424 1901 in
1461 1848 1577 1917 ipso
1608 1858 1755 1916 sunt,
1793 1848 1917 1902 ﬁm—

352 1934 527 1989 briam
554 1951 714 1989 unam
738 1936 1027 2004 tetigimus.
1061 1936 1186 1992 Haec
1218 1938 1430 1992 ﬁmbria
1463 1940 1709 1993 medetur
1739 1941 1914 2005 nobis,

349 2035 404 2080 et
440 2026 571 2081 facit
604 2038 663 2082 ut
690 2028 757 2083 ab
785 2028 907 2084 lesu
934 2030 1218 2085 audiamus
1252 2049 1265 2085 :
1298 2028 1471 2096 Filia,
1510 2030 1641 2099 ﬁdes
1676 2040 1769 2085 tua
1809 2033 1918 2087 sal-

348 2122 485 2175 vavit
513 2131 561 2175 te
582 2122 652 2185 ⁷⁷,
677 2132 732 2177 et
756 2138 1032 2178 curemur.
1060 2123 1127 2178 Et
1156 2125 1571 2195 archisynagogi
1596 2124 1707 2180 ﬁlia
1734 2140 1917 2180 resur-

350 2222 456 2277 get.
486 2214 711 2279 Quando
740 2220 882 2270 enim
908 2218 1190 2271 multitudo
1214 2219 1444 2287 gentium
1472 2219 1707 2288 ingressa
1730 2219 1909 2288 fuerit,

347 2318 471 2358 tunc
501 2309 670 2361 omnis
701 2308 875 2364 Israel
913 2311 1201 2365 salvabilur
1228 2314 1276 2344 ’⁸

985 2488 1139 2544 CAP.
1179 2489 1273 2543 IX.

352 2578 415 2630 ν.
584 2579 717 2651 Dico
753 2589 927 2632 autem
950 2581 1089 2633 vobis
1117 2598 1235 2635 uere
1266 2595 1285 2632 .'
1319 2580 1455 2634 Sunt
1484 2581 1703 2651 quidam
1729 2598 1911 2636 eorum

412 2649 505 2715 qui
540 2650 623 2701 hic
667 2658 941 2721 steterunt,
974 2651 1064 2719 qui
1102 2667 1426 2721 nequaquam
1460 2649 1739 2720 gustabunt
1768 2669 1911 2706 mor-

413 2727 538 2781 tem,
573 2734 840 2787 quousque
879 2720 1085 2773 videant
1120 2720 1337 2788 regnum
1366 2721 1481 2774 Dei.

413 2808 539 2864 Haec
563 2809 629 2863 ad
651 2807 867 2864 Petrum
897 2819 951 2864 et
984 2807 1243 2864 Jacobum
1278 2820 1334 2865 et
1372 2808 1638 2867 Joannem
1670 2811 1910 2867 nonnulli

346 2897 607 2963 referunt,
654 2898 748 2970 qui
794 2914 901 2953 una
933 2915 1054 2953 cum
1102 2900 1319 2955 Christo
1350 2902 1403 2955 in
1440 2902 1717 2957 excelsum
1758 2919 1910 2958 mon-

348 2997 454 3040 tem
481 2988 846 3042 ascenderunt
871 3004 886 3041 :
928 2988 1018 3056 qui
1044 2998 1099 3042 et
1129 2998 1356 3045 mortem
1399 3006 1507 3045 non
1532 3001 1906 3062 gustaverunt,

2029 480 2147 549 ἅμα
2180 482 2244 550 τῇ
2275 480 2485 547 γενέσει
2515 479 2698 551 ἐκείνῃ
2732 478 2869 547 αὕτη
2897 479 3197 548 αἰμοῤῥοεῖ.
3240 477 3327 528 Ἐν
3361 475 3599 547 ἀπαθείᾳ.

2027 570 2136 641 γάρ
2166 572 2314 622 ἐστιν
2347 569 2527 638 ἐκείνη
2560 569 2682 621 ὅσον
2711 568 2900 638 χρόνον
2942 568 3009 639 ζῇ
3052 569 3084 637 ἠ
3138 567 3423 635 συναγωγή
3450 583 3461 595 ·
3499 566 3597 619 καὶ

2026 661 2055 712 ό
2081 660 2241 723 αὐτὸς
2273 660 2397 731 ὄρος
2430 658 2524 711 τοῦ
2567 659 2758 729 χρόνου
2796 656 2889 710 τοῦ
2923 657 3106 719 τέλους
3138 656 3349 727 ἐκείνης
3374 655 3466 708 καὶ
3494 654 3597 724 τῆς

2025 752 2197 822 ἀρχῆς
2222 753 2320 823 τῆς
2348 751 2616 821 σωτηρίας
2635 750 2838 819 ταύτης
2858 750 2991 803 ἐστί.
3017 749 3228 801 Δώδεκα
3250 748 3385 800 ἐτῶν
3409 747 3593 819 ἐκείνη

2025 840 2378 912 ἀποθνήσκει,
2410 842 2502 893 καὶ
2532 840 2737 894 δώδεκα
2775 841 2909 894 ἐτῶν
2943 840 3081 910 αὕτη
3121 839 3215 893 τοῦ
3260 839 3462 901 πάθους
3498 856 3591 890 πι-

2027 934 2297 989 στεύσασα
2328 934 2706 1006 θεραπεύεται,
2739 934 2859 1004 ἥτις
2879 934 2976 986 ούκ
3008 933 3223 1003 ἴσχυσεν
3257 933 3347 984 ὑπ’
3382 930 3592 993 οὐδενὸς

2022 1025 2131 1077 τῶν
2170 1025 2368 1097 ἰατρῶν
2407 1024 2826 1096 θεραπευθῆναι.
2872 1023 3062 1076 Πολλοὶ
3116 1024 3222 1093 γάρ
3270 1022 3442 1093 ἰατροί
3464 1023 3590 1085 τοὺς

2022 1116 2129 1172 ἀπὸ
2178 1116 2345 1169 ἐθνῶν
2389 1116 2686 1187 ὑπέσχοντο
2728 1114 3082 1186 θεραπεῦσαι.
3140 1114 3265 1165 Ἐὰν
3306 1112 3421 1184 ἴδῃς
3461 1112 3589 1174 τοὺς

2022 1208 2440 1277 φιλοσοφοῦντας
2466 1208 2961 1278 ἐπαγγελλομένους
2988 1206 3259 1276 ἀλήθειαν,
3289 1206 3459 1275 ἰατροί
3482 1205 3589 1257 εἰσι

2022 1297 2349 1369 θεραπεῦσαι
2364 1299 2711 1371 πειρώμενοι.
2730 1299 2866 1351 Ἀλλ’
2891 1298 3001 1369 (89)
3017 1298 3211 1359 αὐτοὺς
3233 1297 3589 1367 δαπανήσασα

2020 1390 2089 1443 τά
2119 1392 2246 1460 παρ’
2280 1393 2477 1463 ἐαυτῆς
2507 1393 2702 1456 πάντα,
2735 1391 2833 1443 οὐκ
2860 1388 3075 1459 ἴσχυσεν
3107 1391 3198 1442 ὑπ’
3226 1388 3439 1451 οὐδενὸς
3478 1387 3590 1439 τῶν

2024 1482 2220 1552 ἰατρῶν
2256 1482 2678 1553 θεραπευθῆναι.
2706 1482 2919 1550 ’Ἥψατο
2945 1481 2999 1534 δὲ
3022 1480 3113 1533 τοῦ
3156 1479 3460 1551 κρασπέδου
3491 1477 3588 1531 τοῦ

2032 1573 2204 1643 Ἰησοῦ
2233 1574 2319 1627 διὰ
2348 1574 2601 1637 πίστεως,
2632 1575 2724 1626 καὶ
2755 1572 2897 1643 ἰάθη.
2957 1571 3082 1624 Ἐἀν
3124 1570 3321 1640 ἴδωμεν
3359 1569 3457 1640 τὴν
3494 1568 3587 1621 πί-

2020 1681 2137 1717 στιν
2169 1664 2321 1735 ήμῶν
2354 1666 2451 1735 τὴν
2493 1667 2572 1728 εἰς
2620 1664 2825 1735 Ἰησοῦν
2863 1662 3129 1734 Χριστὸν,
3170 1661 3263 1712 καὶ
3304 1661 3587 1731 νοήσωμεν

2019 1755 2244 1826 πηλίκος
2275 1757 2421 1808 ἐστὶν
2454 1758 2482 1809 ό
2521 1756 2647 1819 Yth;
2678 1755 2771 1807 τοῦ
2818 1754 2976 1816 Θεοῦ,
3011 1753 3103 1806 καὶ
3143 1752 3286 1815 τίνος
3328 1750 3588 1821 ἡψάμεθα

2018 1848 2204 1913 αὑτοῦ,
2243 1848 2502 1919 ὀψόμεθα,
2553 1849 2633 1902 ὅτι
2679 1848 2817 1919 πρὸς
2866 1847 3150 1917 σύγκρισιν
3195 1844 3302 1897 τῶν
3335 1847 3391 1896 ἐν
3437 1842 3587 1912 αύτῷ

2018 1937 2334 2011 κρασπέδων
2364 1938 2666 2008 κρασπέδου
2700 1936 2978 2009 ἡψάμεθα.
3002 1935 3170 1989 Τοῦτο
3191 1937 3251 1988 τὸ
3280 1934 3583 2006 κράσπεδον

2019 2026 2313 2100 θεραπεύει
2353 2030 2519 2099 ἡμᾶς,
2565 2028 2659 2081 καὶ
2691 2032 2833 2081 ποιεί
2861 2028 3076 2081 ἀκούειν
3107 2025 3215 2080 ἀπὸ
3242 2025 3334 2077 τοῦ
3372 2025 3543 2095 Ἰησοῦ
3564 2039 3579 2052 θ

2019 2120 2297 2188 Θύγατερ,
2342 2122 2380 2189 ὴ
2412 2121 2616 2186 πίστις
2648 2135 2761 2173 σου
2794 2118 3028 2173 σέσωκέ
3058 2134 3150 2180 σε,
3187 2119 3280 2169 καὶ
3316 2116 3587 2187 θεραπευ-

2017 2208 2215 2279 θῶμεν.
2247 2210 2409 2282 Καλή
2442 2210 2685 2281 θυγάτηρ
2709 2210 3067 2280 ἀναστήσεται
3089 2208 3180 2260 τοῦ
3210 2204 3581 2278 ἀρχισυναγώ-

2015 2316 2133 2368 γου.
2180 2301 2363 2354 Ὅταν
2398 2302 2506 2370 γὰρ
2546 2301 2613 2354 τὸ
2646 2299 2875 2368 πλῆθος
2908 2299 3028 2354 τῶν
3075 2297 3267 2353 ἐθνῶν
3309 2297 3577 2363 εἰσέλθῃ,

2015 2390 2147 2442 τότε
2180 2386 2299 2455 πᾶς
2334 2388 2567 2457 Ἰσραὴλ
2597 2390 2950 2457 σωθήσεται.

2666 2480 2822 2532 ΚΕΦ.
2864 2479 2939 2532 Θ’.

2021 2570 2176 2637 Στίχ.
2214 2569 2315 2635 κζ’.
2352 2570 2514 2637 Λέγω
2539 2569 2606 2623 δὲ
2635 2571 2777 2637 ὑμῖν
2798 2572 3037 2637 ἀληθῶς
3058 2586 3071 2600 ·
3109 2569 3246 2623 Εἰσί
3277 2584 3435 2635 τινες
3462 2565 3585 2622 τῶν

2081 2636 2196 2694 ὧδε
2234 2636 2593 2707 ἑστηκότων,
2632 2636 2689 2691 οἳ
2719 2642 2790 2692 οὺ
2818 2636 2913 2709 μὴ
2942 2642 3267 2708 γεύσωνται
3295 2638 3579 2704 θανάτου,

2082 2710 2192 2777 ἕως
2218 2709 2294 2763 ἂν
2320 2710 2487 2763 ἴδωσι
2528 2709 2641 2777 τὴν
2664 2711 2991 2774 βασιλείαν
3022 2710 3128 2763 τοῦ
3163 2709 3332 2764 Θεοῦ.

2080 2802 2267 2856 Ταῦτα
2299 2803 2390 2854 ἐλιιί⁵
2416 2802 2619 2873 Πέτρον
2650 2802 2743 2854 καὶ
2786 2801 3037 2857 Ἰάκωϐον
3074 2801 3167 2855 καί¹
3217 2800 3469 2887 Ἰωάννην
3495 2816 3580 2852 τι-

2011 2895 2099 2958 νὲς
2137 2894 2495 2965 ἀναφέρουσι,
2542 2893 2935 2957 συναναϐάντες
2984 2894 3062 2956 εἰς
3106 2893 3168 2946 τὸ
3212 2892 3411 2963 ὑψηλὸν
3452 2892 3579 2963 ὅρος

2009 2988 2248 3059 Χριστῷ,
2275 2987 2323 3041 οἳ
2354 2986 2448 3041 καὶ
2470 2986 2697 3040 θανάτου
2726 2988 2824 3039 οὐκ
2852 2986 3162 3053 ἐγεύσαντο,
3194 2986 3299 3057 πρὸ
3324 2984 3418 3052 τοῦ
3449 2985 3578 3037 ἰδεῖν

344 3086 635 3147 antequam
685 3078 942 3133 viderunt
978 3078 1175 3133 Filium
1228 3079 1466 3136 hominis
1523 3083 1807 3139 advenisse
1854 3084 1906 3138 in

2015 3081 2100 3135 τὸν
2140 3081 2267 3134 Υἰὸν
2303 3079 2398 3133 τοῦ
2437 3077 2723 3149 ἀνθρώπου
2752 3077 2969 3131 ἐλθόντα
3000 3078 3057 3131 ἐν
3095 3081 3162 3149 τῇ
3206 3076 3449 3149 βασιλεία
3479 3078 3581 3129 αὒ-

343 3183 509 3235 regno
541 3184 661 3233 suo,
695 3170 809 3224 sive
836 3170 889 3224 in
918 3171 1090 3239 gloria
1126 3172 1618 3237 transﬁgurationis
1644 3174 1780 3244 ejus.

409 3250 562 3327 Quod
585 3262 628 3315 si
659 3261 785 3330 quid
813 3262 1080 3319 curiosius
1113 3264 1294 3319 dicere
1320 3264 1464 3331 licet,
1492 3276 1547 3320 et
1579 3266 1644 3319 de
1677 3282 1741 3321 eo
1765 3268 1906 3337 quod

340 3354 410 3407 sit
438 3362 581 3408 stare
608 3369 730 3408 cum
756 3353 1008 3417 Christo,
1042 3365 1111 3411 ‘et
1146 3356 1212 3412 de
1244 3372 1311 3413 eo
1354 3359 1496 3426 quod
1550 3360 1622 3413 sit
1671 3370 1902 3415 mortem

339 3453 557 3507 gustare
590 3464 601 3498 :
629 3444 843 3500 fuerunt
878 3447 1096 3516 quidam
1145 3448 1237 3518 qui
1286 3457 1555 3504 steterunt
1604 3450 1692 3503 ubi
1722 3448 1903 3514 Jesus,

338 3535 524 3589 anima
564 3536 732 3590 innixi
758 3552 920 3607 super
943 3538 1073 3606 illo;
1121 3548 1350 3609 eratque
1384 3554 1570 3595 eorum
1602 3541 1767 3596 statio
1797 3558 1903 3595 non

340 3628 627 3684 admodum
674 3629 935 3684 abludens
997 3645 1028 3684 a
1090 3630 1291 3701 Moysis
1361 3630 1617 3688 statione.
1690 3632 1902 3686 Etenim

340 3719 513 3789 inquit
536 3718 749 3791 Moyses
776 3739 789 3774 :
815 3720 1038 3792 Egoque
1060 3724 1184 3778 steti
1210 3724 1263 3777 in
1300 3731 1482 3778 monte
1518 3724 1634 3779 dies
1666 3726 1905 3793 quadra-

335 3812 480 3878 ginta
503 3820 559 3866 et
583 3822 768 3867 noctes
796 3813 1175 3883 quadraginta,
1198 3815 1392 3885 dignus
1413 3816 1665 3871 audiendi
1691 3816 1864 3871 factus
1888 3836 1900 3871 :

338 3909 417 3965 Tu
448 3924 577 3965 vero
605 3911 676 3966 ibi
716 3919 797 3966 sta
833 3926 1047 3966 mecum
1082 3911 1149 3964 "’.
1183 3907 1349 3963 Pauci
1394 3922 1558 3977 porro
1587 3917 1716 3962 sunt
1743 3908 1901 3962 amici

339 4000 451 4065 Dei,
481 4000 569 4067 qui
604 4000 892 4054 stationem
943 4000 1145 4055 habent
1181 3999 1237 4052 in
1274 3999 1417 4053 bono
1442 4036 1460 4062 ,
1490 3998 1629 4052 sicut
1659 3995 1901 4065 Baptista

338 4093 449 4155 ipse
476 4090 541 4142 de
570 4104 630 4144 se
657 4091 786 4145 dicit
810 4104 825 4142 :
852 4091 921 4143 At
952 4090 1154 4143 anticus
1177 4088 1353 4156 sponsi
1383 4096 1528 4139 stans
1555 4086 1748 4155 gaudio
1772 4103 1904 4155 gau-

333 4184 418 4231 det
458 4177 525 4231 ⁸⁸.
572 4178 639 4233 Et
679 4179 714 4233 ii
754 4179 919 4248 igitur
959 4179 1054 4248 qui
1108 4184 1377 4233 steterunt
1434 4174 1574 4243 apud
1642 4172 1901 4239 Verbum,

335 4268 535 4324 habent
561 4270 860 4325 stationum
896 4270 1263 4325 diversitates.
1301 4268 1480 4335 Quare
1525 4267 1669 4321 haud
1712 4280 1902 4321 omnes

331 4362 422 4429 qui
455 4376 622 4433 penes
649 4360 988 4417 Salvatorem
1015 4370 1238 4426 stetere,
1273 4362 1369 4417 sed
1395 4360 1615 4430 quidam
1643 4373 1707 4413 ex
1742 4358 1893 4428 ipsis,

2009 3172 2125 3236 τοῦ,
2156 3173 2274 3243 ἢτοι
2299 3173 2355 3225 ἐν
2379 3175 2446 3244 τῇ
2475 3172 2601 3245 δόξῃ
2632 3172 2729 3241 τῆς
2760 3170 3231 3241 μεταμορφώσεως
3268 3168 3453 3223 αὐτοῦ.

2078 3266 2139 3318 Εἰ
2165 3266 2221 3318 δέ
2248 3266 2350 3336 χρή
2378 3283 2430 3317 τι
2456 3266 2546 3317 καὶ
2576 3264 2991 3335 περιεργότερον
3029 3265 3200 3315 εἰπεῖν
3236 3260 3362 3332 περί
3392 3278 3452 3313 τε
3479 3259 3576 3313 τοῦ

2008 3355 2224 3409 ἑστάναι
2252 3354 2390 3426 μετὰ
2427 3354 2619 3425 Ἰησοῦ,
2646 3356 2737 3407 καὶ
2764 3354 2889 3425 περὶ
2918 3352 3014 3405 τοῦ
3042 3352 3297 3422 γεύεσθαι
3322 3351 3575 3405 θανάτου⁸

2005 3446 2144 3520 ἦσάν
2178 3466 2322 3513 τινες
2366 3448 2597 3511 ἑστῶτες
2629 3449 2759 3501 ὅπου
2806 3447 3045 3518 Ἰησοῦς,
3088 3445 3466 3518 ἐρηρεισμένοι
3504 3445 3573 3514 τῇ

2002 3543 2148 3613 ψυχῇ
2180 3542 2309 3613 παρ’
2335 3539 2497 3610 αὐτῷ.
2534 3536 2641 3593 Ἦν
2684 3540 2865 3602 αὖτοίς
2905 3540 2939 3609 ἡ
2980 3538 3167 3601 στάσις
3206 3538 3470 3609 συγγενὴς
3504 3539 3571 3608 τῇ

2002 3634 2096 3688 τοῦ
2137 3636 2327 3705 Μωσῆ.
2362 3631 2534 3702 Κάγὼ
2568 3633 2695 3704 γάρ,
2732 3632 2895 3703 φησὶν
2926 3632 2955 3683 ό
2997 3629 3259 3700 Μωῦσῆς,
3299 3628 3462 3699 ἔστην
3513 3629 3573 3680 ἐν

2003 3726 2081 3797 τῷ
2107 3726 2222 3797 ὅρει
2252 3726 2462 3797 ἡμέρας
2497 3720 2901 3795 τεσσαράκοντα
2930 3723 3023 3776 καὶ
3065 3724 3265 3784 νύκτας
3303 3719 3571 3790 τεσσαρά-

2003 3834 2188 3878 κοντα,
2220 3816 2467 3882 ἀξιωθεὶς
2490 3816 2745 3869 ἀκοῦσαι·
2775 3815 2869 3868 καὶ
2901 3816 2963 3867 σὺ
2989 3815 3044 3867 δέ
3077 3812 3238 3866 αὑτοῦ
3271 3811 3424 3883 στῆθι
3456 3811 3573 3881 μετἰ

2002 3906 2153 3977 ἐμοῦ.
2202 3905 2399 3973 Ὀλίγοι
2424 3906 2479 3958 δὲ
2510 3906 2604 3959 καὶ
2644 3905 2786 3974 φίλοι
2809 3905 2964 3968 Θεοῦ,
3008 3906 3121 3957 ὅσοι
3156 3904 3254 3974 τὴν
3297 3904 3483 3955 στάσιν
3514 3901 3573 3953 ἐν

2001 3998 2080 4069 τῷ
2109 3998 2258 4068 καλῷ
2292 3998 2525 4069 ἔχουσιν,
2560 3998 2637 4061 ὼς
2661 4001 2689 4051 ὁ
2719 3996 3027 4067 Βαπτιστὴς
3058 3995 3217 4058 αὐτὸς
3252 3994 3379 4065 περί
3408 3991 3572 4045 αὑτοῦ

2000 4088 2147 4155 λέγει
2169 4105 2182 4117 ·
2219 4087 2280 4142 '0
2307 4087 2377 4140 δὲ
2403 4088 2580 4155 φίλος
2609 4086 2715 4140 τοῦ
2754 4087 3015 4155 νυμφίου
3047 4083 3254 4149 ιὲστὼςΔ
3264 4080 3435 4162 χαρᾷ.
3445 4082 3573 4150 χαί-

1993 4199 2107 4250 ρει.
2152 4182 2261 4235 Καὶ
2294 4182 2342 4233 οἱ
2386 4180 2675 4250 ἑστηκότες
2722 4178 2851 4248 γοῦν
2900 4178 3051 4248 παρά
3081 4176 3160 4246 τῷ
3197 4176 3355 4244 Λόγῳ
3392 4173 3568 4243 έχουσι

2000 4271 2140 4326 κατὰ
2177 4271 2274 4341 τὴν
2315 4269 2501 4323 στάσιν
2531 4267 2813 4339 διαφοράς.
2852 4266 2943 4319 Διὸ
2982 4265 3042 4317 οὑ
3086 4265 3285 4326 πάντες
3320 4263 3369 4315 οἱ
3400 4260 3571 4313 ἑστῶ-

1998 4380 2089 4425 τες
2128 4362 2277 4434 παρά
2302 4360 2379 4431 τῷ
2410 4360 2642 4430 Σωτῆρι,
2673 4358 2809 4411 ἀλλά
2839 4374 2980 4420 τινες
3016 4355 3213 4417 αὐτῶν,
3242 4353 3318 4416 ὡς
3365 4351 3571 4423 βέλτιον

330 4421 586 4520 ιπηηύειη
611 4451 701 4519 qui
727 4451 919 4506 melius
952 4451 1223 4518 steterint,
1253 4461 1483 4505 mortem
1514 4465 1620 4504 non
1654 4458 1892 4518 gustant,

2015 4421 2311 4521 ἑστηκότες,
2352 4421 2412 4502 ού
2460 4421 2711 4517 γεύονται
2750 4448 3003 4509 θανάτου,
3040 4444 3145 4508 ἕως
3186 4442 3250 4496 ἂν
3294 4421 3443 4495 ἴδωσι
3479 4440 3572 4493 τὸν

329 4542 502 4597 donec
540 4543 759 4598 videant
806 4543 1044 4599 Verbum
1076 4558 1199 4597 cum
1250 4542 1563 4598 hominibus
1601 4556 1898 4597 conversa-

329 4644 466 4702 tum,
529 4645 584 4690 et
640 4646 928 4707 propterea
998 4634 1195 4690 Filium
1251 4636 1486 4691 hominis
1544 4636 1894 4705 appellatum,

329 4728 636 4783 venientem
662 4731 714 4785 in
748 4744 917 4800 regno
949 4743 1069 4783 suo.
1100 4727 1218 4783 Non
1242 4731 1389 4782 enim
1416 4727 1617 4798 jugiter
1649 4730 1701 4782 in
1728 4742 1895 4797 regno

326 4831 424 4871 suo
478 4819 671 4883 venit,
738 4828 998 4889 quantum
1072 4821 1138 4873 ad
1218 4833 1312 4873 eos
1382 4818 1473 4887 qui
1540 4818 1896 4872 introducun-

324 4916 413 4960 tur
469 4907 581 4978 (88)
638 4909 870 4975 attinet,
924 4910 1015 4979 qui
1078 4908 1237 4965 facile
1301 4910 1583 4971 dicerent,
1650 4926 1752 4962 non
1798 4910 1897 4962 Ita-

324 4999 446 5052 bere
464 5015 583 5052 eum
607 5001 849 5068 speciem,
883 5017 1044 5071 neque
1076 5000 1524 5069 pulchritudinem
1553 5000 1619 5053 ⁸⁸.
1650 5000 1719 5053 At
1748 5000 1891 5053 enim

324 5092 463 5164 apud
492 5107 587 5147 eos
627 5092 718 5160 qui
757 5092 866 5160 jam
902 5091 1125 5162 perfecti
1177 5103 1336 5159 sunt,
1372 5091 1664 5145 secundum
1698 5091 1887 5155 David,

324 5191 549 5249 apparet
579 5182 841 5251 speciosus
880 5182 1052 5250 forma
1093 5199 1202 5251 pra:
1234 5183 1360 5249 [iliis
1390 5182 1664 5235 hominum
1692 5182 1760 5235 ⁸¹.
1790 5179 1891 5234 Ha-

325 5271 415 5325 bet
458 5272 619 5343 igitur
662 5273 867 5339 regiam
925 5273 1212 5326 admodum
1256 5272 1575 5339 dignitatem
1628 5268 1889 5335 Verbum,

321 5364 450 5417 dum
513 5364 725 5419 videtur
786 5365 1113 5432 quibusdam
1167 5364 1427 5419 stantium
1494 5362 1633 5432 apud
1681 5359 1887 5428 Iesum,

2005 4541 2309 4613 ἀνθρώποις
2335 4542 2750 4612 ἐπιδημήσαντα
2786 4539 2975 4606 Λόγον,
3012 4537 3106 4591 καὶ
3137 4534 3224 4588 διὰ
3259 4533 3415 4587 τοῦτο
3444 4532 3572 4585 Υἱὸν

2004 4634 2287 4705 ἀνθρώπου
2318 4633 2739 4705 χρηματίζοντα,
2779 4632 3067 4704 ἐρχόμενον
3104 4630 3161 4681 ἐν
3185 4630 3249 4697 τῇ
3274 4625 3439 4678 αὑτοῦ
3478 4624 3575 4694 βα-

2005 4726 2194 4797 σιλείᾳ.
2222 4727 2296 4778 Ού
2330 4726 2436 4797 γάρ
2461 4725 2547 4778 ἀεὶ
2569 4725 2628 4777 ἐν
2648 4726 2713 4795 τῇ
2740 4723 2906 4777 αὑτοῦ
2940 4720 3181 4792 βασιλεία
3216 4718 3467 4789 ἔρχεται,
3495 4715 3571 4777 ὡς

1994 4817 2089 4870 ἐπὶ
2110 4821 2222 4880 τοῖς
2249 4816 2640 4887 εἰσαγομένοις,
2671 4815 2719 4868 οἳ
2747 4815 2841 4868 καὶ
2872 4814 2957 4884 μὴ
2993 4813 3158 4880 ἔχειν
3186 4810 3373 4864 αὐτόν
3409 4804 3570 4872 εἶδος

1997 4909 2035 4976 ἢ
2084 4909 2309 4975 κάλλος
2357 4908 2567 4975 λέξαιεν
2610 4908 2695 4961 ἀν.
2741 4908 2864 4970 Τοῖς
2910 4906 2967 4957 δὲ
3006 4904 3250 4965 τελείοις,
3297 4900 3437 4953 κατά
3478 4898 3568 4951 τὸν

1996 4998 2177 5062 Δαυῒδ,
2215 4998 2427 5068 ὡραῖος
2458 4999 2727 5067 φαίνεται
2759 4996 2970 5051 κάλλει
3015 4994 3174 5062 παρὰ
3212 4992 3353 5057 τοὺς
3400 4988 3568 5053 υἱοὺς

1996 5090 2114 5142 τῶν
2154 5091 2496 5158 ἀνθρώπων.
2542 5092 2727 5142 Ἔστιν
2762 5084 2856 5142 οὖν
2891 5085 3310 5158 βασιλικώτατον
3351 5081 3568 5150 ἀξίωμα

1997 5180 2074 5251 τῷ
2107 5182 2284 5252 Λόγῳ,
2317 5182 2643 5253 βλεπόμενόν
2682 5199 2791 5234 τισι
2828 5180 2935 5233 τῶν
2964 5179 3269 5248 ἑστηκότων
3300 5174 3453 5245 παρὰ
3488 5171 3569 5243 τῷ

2010 5271 2206 5344 Ἰησοῦ,
2238 5273 2545 5327 ἀκολουθεῖν
2584 5271 2730 5343 αὐτῷ
2760 5270 3082 5341 δυνηθεῖσιν,
3118 5267 3459 5321 ἀναϐαίνοντι
3487 5266 3565 5326 εἰς

1998 5364 2058 5417 τὸ
2081 5364 2281 5443 ὑψηλὸν
2298 5364 2398 5436 τῆς
2420 5364 2774 5437 φανερώσεως
2799 5362 2963 5418 αὐτοῦ
2992 5362 3115 5425 ὖοος
3135 5377 3149 5390 ⁶
3177 5353 3237 5413 οὗ
3272 5375 3358 5423 τις
3388 5354 3568 5423 ἀξιοῦ-

390 5551 436 5581 ”
464 5547 652 5605 Matth.
686 5562 765 5609 ιι,
798 5545 890 5600 22.
964 5544 1009 5575 ⁷⁸
1038 5542 1193 5599 Rom.
1226 5558 1301 5608 XI,
1327 5540 1418 5608 25,
1448 5539 1539 5595 26.
1617 5540 1662 5571 ⁷³
1683 5539 1839 5595 Deut.
1880 5556 1924 5596 η

2029 5545 2075 5578 ⁸⁸
2115 5546 2273 5605 Joan.
2298 5561 2385 5618 ut,
2408 5545 2493 5603 '29.
2543 5543 2764 5624 _“__lsa.
2790 5559 2910 5613 ιλιι,
2940 5542 2995 5600 2.
3086 5539 3295 5599 “Psal.
3324 5553 3471 5604 mv,
3504 5535 3562 5591 '5.

388 5666 844 5739 (88),Ijespicitur
881 5665 951 5739 ad
1007 5665 1277 5739 lsagngas,
1334 5662 2082 5735 primasque"institutiones.

392 5739 503 5807 \89)
533 5736 694 5793 Pone
727 5738 879 5793 deest
910 5738 1011 5800 εἰς.
