3888 6214
292 287 389 341 541

1571 281 1865 338 SCHOLIA
1905 283 1973 338 IN
2011 282 2267 340 LUCAM.

3439 282 3542 337 542

289 415 385 451 ται
410 395 615 467 Πέτρος
653 394 749 460 ῶν,
788 396 882 449 καὶ
912 396 974 448 τὸ
1006 395 1255 450 ἄσειστον
1290 394 1428 465 ἔχων
1475 396 1532 447 ἐν
1562 397 1630 466 τῇ
1662 394 1864 449 πίστει·

1977 399 2065 466 qui
2125 413 2247 452 eum
2297 397 2447 465 sequi
2488 397 2673 451 valent
2725 395 3110 451 ascendentem
3160 394 3213 449 in
3264 394 3543 450 excelsum

290 490 325 562 ἦ
355 491 457 543 υἱοὶ
489 489 680 561 ίροτῶν
709 487 844 559 (90),
872 488 929 541 οἳ
951 489 1048 543 καὶ
1067 487 1327 543 θανάτου
1352 490 1425 542 οὐ
1448 489 1742 557 γεύονται,
1760 488 1872 554 ἕως

1977 501 2214 546 montem
2276 487 2729 544 manifestationis
2782 503 2895 543 suae
2950 505 2965 541 :
3017 502 3124 557 quo
3174 486 3301 556 quis
3348 486 3543 555 dignus

291 582 372 635 ἂν
405 581 573 635 ιδωσι
613 580 722 634 τόν
762 581 901 635 Υἱὸν
945 580 1052 636 τοῦ
1093 579 1409 649 ἀνθρώπου
1436 581 1763 650 ἐρχόμενον
1802 580 1864 634 ἐν

1977 580 2205 634 habetur
2243 579 2289 634 si
2342 578 2537 634 Petrus
2584 578 2771 646 fuerit,
2802 578 3108 647 habeatque
3136 624 3141 631 .
3166 578 3540 632 inconcussam

290 671 369 742 τῇ
381 672 673 741 ,ϐασιλείᾳ
698 671 906 727 αὑτοῦ.

365 961 484 1030 Ζωὴ
519 959 577 1012 δὲ
607 961 636 1013 6
674 957 925 1031 Χριστός.
979 958 1037 1009 '0
1070 955 1127 1009 δέ
1164 955 1368 1025 ταύτης
1400 953 1594 1024 ἐχθρὸς
1625 951 1868 1017 Θάνατος,

293 1053 388 1106 καὶ
408 1055 436 1105 6
457 1052 528 1104 δι’
560 1050 857 1121 ἁμαρτίας,
892 1048 925 1119 ἢ
960 1047 1163 1118 ἑτέρως
1193 1044 1498 1116 νοούμενος.
1535 1037 1636 1095 Ὧν
1668 1044 1729 1095 τὸ
1756 1043 1871 1096 ἐτε-

293 1161 388 1214 ρον
412 1144 478 1197 δι’
509 1136 584 1197 ὧν
607 1145 835 1205 ἕκαστος
868 1140 1023 1212 ήμῶν
1057 1139 1283 1211 πράττει
1318 1137 1620 1206 ἐκλέγεται.
1662 1139 1871 1208 ’Ὠσπερ

290 1231 384 1287 οὖν
432 1237 461 1289 6
506 1234 742 1305 Χριστὸς
782 1232 945 1304 ἄρτος
985 1230 1101 1282 ἐστὶ
1139 1228 1267 1293 ζῶν,
1294 1227 1467 1290 οὕτως
1501 1230 1528 1281 6
1552 1227 1746 1299 ἐχθρὸς
1780 1227 1870 1279 αὐ-

288 1327 385 1380 τοῦ
439 1327 668 1389 Θάνατος
717 1325 880 1395 ἄρτος
926 1324 1042 1376 ἐστί
1087 1322 1295 1393 νεκρός.
1349 1322 1506 1373 Πᾶσα
1558 1319 1615 1372 δὲ
1678 1318 1869 1389 λογικὴ

288 1420 438 1491 ψυχὴ
470 1419 684 1491 θατέρῳ
712 1417 915 1470 τούτων
953 1415 1242 1487 τρέφεταιο
1278 1415 1311 1484 ἡ
1337 1414 1432 1484 μὲν
1455 1411 1725 1483 γενομένη
1754 1412 1871 1464 τού-

289 1531 399 1566 των
445 1512 636 1583 μόνον,
669 1512 703 1581 ἡ
750 1509 807 1563 δὲ
854 1510 949 1562 καὶ
996 1509 1089 1560 ἐπὶ
1139 1506 1391 1559 πλεῖστον
1437 1504 1709 1557 ἐσθίουσα.
1759 1506 1870 1557 Καὶ

292 1600 434 1671 τάχα
463 1601 511 1652 οἱ
542 1599 640 1670 μὲν
674 1596 913 1661 σπανίως
944 1598 1037 1650 καὶ
1072 1594 1244 1667 μικρά
1278 1594 1681 1664 ἁμαρτάνοντες
1711 1593 1869 1664 μόνον

291 1692 544 1759 γεύονται
586 1688 846 1743 θανάτου*
896 1690 943 1741 οἱ
995 1687 1051 1740 δέ
1101 1687 1303 1758 ἀρετὴν
1350 1686 1698 1756 ἀνειληφότες
1746 1685 1866 1738 οὐδὲ

1973 672 2134 728 ﬁdem
2170 691 2184 727 :
2214 672 2297 726 vel
2341 671 2433 725 iilii
2477 671 2770 725 tonitruum
2793 711 2809 733 ,
2846 673 2936 741 qui
2974 671 3134 724 etiam
3169 678 3389 722 mortem
3437 685 3541 722 nou

1972 766 2279 835 gustabunt,
2308 766 2469 819 donec
2505 764 2711 818 videant
2755 761 2960 817 Filium
2989 763 3220 817 hominis
3254 766 3542 821 venientem

1970 860 2027 913 in
2062 874 2220 928 regno
2238 873 2353 912 suo.

2045 952 2168 1006 Vita
2197 966 2362 1020 porro
2393 959 2477 1003 est
2508 948 2776 1004 Christus.
2811 946 2984 1015 Hujus
3016 947 3211 1012 hostis,
3241 964 3389 1004 mors
3426 949 3545 1005 sive
3576 998 3579 1001 .

1973 1058 2094 1114 qua!
2126 1057 2222 1111 per
2256 1051 2563 1111 peccatum,
2589 1040 2701 1094 sive
2742 1039 2898 1093 aliter
2927 1039 3266 1107 intelligitur.
3302 1039 3378 1094 Ex
3416 1041 3540 1110 qui-

1972 1137 2072 1190 bus
2101 1134 2443 1194 alterutrum,
2483 1146 2579 1201 per
2609 1146 2671 1186 ea
2701 1146 2820 1200 quae
2851 1130 3080 1200 quisque
3111 1140 3355 1186 nostrum
3387 1131 3538 1199 facit,

1970 1228 2211 1295 eligitur.
2241 1225 2395 1281 Sicut
2426 1226 2590 1295 igitur
2617 1224 2870 1279 Christus
2895 1233 2979 1277 est
3008 1224 3161 1288 panis
3192 1223 3338 1277 rivus
3366 1224 3436 1287 ⁸³,
3463 1224 3544 1280 sic

1972 1321 2144 1376 hostis
2170 1321 2286 1389 ejus
2320 1335 2498 1385 mors,
2542 1317 2696 1388 panis
2721 1326 2805 1371 est
2839 1324 3110 1373 mortuus.
3177 1315 3368 1372 Omnis
3412 1333 3540 1371 vero

1972 1411 2259 1466 rationalis
2311 1412 2497 1465 anima
2562 1409 2830 1464 alterutro
2886 1408 3077 1462 horum
3128 1412 3365 1463 nutritur
3396 1427 3409 1463 :
3444 1408 3540 1462 sed

1971 1504 2212 1573 qumdam
2266 1504 2482 1571 quidem
2535 1501 2637 1555 hos
2697 1501 2963 1554 duntaxat
3014 1507 3215 1567 gustat,
3294 1498 3539 1569 quaedam

1969 1609 2103 1649 vero
2134 1594 2337 1664 largius
2391 1592 2648 1648 comedit.
2680 1590 3048 1645 Plausibiliter
3075 1589 3238 1658 igitur
3286 1590 3539 1651 dixerim,

1969 1687 2113 1755 quod
2159 1686 2252 1755 qui
2297 1699 2423 1738 raro
2461 1694 2514 1737 et
2560 1696 2726 1752 parva
2785 1690 3048 1750 peccant,
3102 1689 3321 1751 gustant
3367 1679 3541 1734 solum

291 1784 549 1852 γεύονται
576 1781 761 1844 αὑτοῦ,
788 1781 900 1834 ἀλλ’
924 1782 1011 1834 ἀεὶ
1038 1779 1199 1850 ἄρτον
1222 1778 1510 1851 τρέφονται
1536 1776 1735 1839 ζῶντα.
1767 1778 1864 1829 Πέ-

1977 1788 2201 1832 mortem
2238 1794 2251 1830 :
2277 1786 2333 1830 at
2362 1776 2453 1846 qui
2486 1776 2745 1829 virtutem
2776 1782 3056 1838 exercent,
3079 1787 3147 1827 ne
3179 1780 3399 1859 gustant
3421 1772 3544 1842 qui-

286 1893 405 1945 τρῳ
434 1870 551 1937 οὖν,
573 1870 644 1929 οὗ
669 1874 853 1926 πύλαι
872 1870 959 1939 μὴ
978 1870 1360 1939 κατίσχυσαν
1380 1868 1551 1935 ᾅδου,
1577 1867 1869 1921 ἀκόλουθον

286 1962 359 2037 ἦν
385 1965 578 2017 τούτου
607 1962 681 2033 μὴ
709 1961 983 2031 γεύεσθαι.
1030 1960 1165 2013 Τότε
1194 1960 1303 2031 γάρ
1332 1976 1416 2023 τις
1450 1958 1670 2027 γεύεται
1709 1958 1871 2011 θανά-

288 2076 409 2123 του,
439 2060 528 2112 ὅτε
560 2057 725 2111 πύλαι
753 2056 878 2127 ᾅδου
908 2053 1328 2125 κατισχύσουσιν
1357 2052 1543 2106 αὐτοῦ.
1588 2051 1748 2105 Ἀλλά
1774 2053 1869 2105 καὶ

287 2152 405 2213 τοῖς
427 2149 529 2218 τῆς
563 2147 788 2221 βροντῆς
822 2146 977 2210 υἱοῖς,
1007 2144 1341 2216 γεννηθεῖσιν
1379 2143 1487 2197 ἀπὸ
1521 2143 1747 2214 βροντῆς
1778 2144 1870 2196 ἀν-

289 2236 566 2309 θρωπίνου
591 2237 890 2307 χρήματος,
915 2233 1173 2288 ἀδύνατον
1196 2229 1264 2304 ἦν
1292 2232 1523 2286 θανάτου
1546 2231 1865 2301 γεύσασθαι,

289 2328 385 2382 τοῦ
424 2327 631 2400 σφόδρα
665 2326 854 2399 πόρρω
880 2326 977 2397 τῆς
1007 2326 1213 2398 μητρὸς
1254 2325 1433 2378 αὐτῶν
1460 2324 1708 2396 βροντῆς.

362 2591 435 2645 Τὸ
466 2591 543 2655 δὲ,
581 2591 712 2657 ἕως,
756 2590 992 2645 ἐνταῦθα
1022 2590 1173 2662 δηλοῖ
1193 2590 1284 2643 τὸν
1315 2589 1709 2657 κατεπείγοντα
1740 2589 1867 2661 περὶ

288 2682 385 2735 τοῦ
416 2682 749 2754 δηλουμένου
781 2683 999 2753 χρόνον,
1027 2684 1087 2736 ού
1120 2681 1582 2755 περιοριζόμενον,
1608 2680 1748 2735 ὥστε
1778 2698 1868 2750 γε·

289 2773 477 2829 νέσθαι
534 2775 671 2846 μετὰ
717 2775 779 2829 τὸ
825 2776 929 2839 ἕως
978 2775 1039 2828 τὸ
1087 2776 1146 2827 ἐν
1201 2774 1349 2845 αὐτῷ
1393 2774 1471 2845 τῷ
1519 2772 1862 2845 δηλουμένην

287 2866 367 2928 ὡς
406 2866 468 2918 τό
486 2883 499 2896 ο
533 2867 644 2919 Καὶ
666 2866 793 2921 ἰδοὺ
818 2868 933 2937 ἐγὼ
961 2868 1091 2937 μεθ’
1116 2866 1282 2936 ὑμῶν
1310 2868 1427 2937 εἰμι
1448 2866 1558 2933 ἕως
1580 2865 1691 2935 τῆς
1716 2882 1866 2919 συν-

289 2956 528 3021 τελείας
571 2956 676 3010 τοῦ
719 2955 949 3021 αἰῶνος.
998 2957 1113 3009 Οὐκ
1159 2955 1454 3025 ἐγεύσαντο
1496 2954 1625 3023 γοῦν
1674 2954 1781 3007 οὐδ’
1818 2956 1866 3007 οἱ

288 3047 581 3101 ἀπόστολοι
637 3046 731 3100 τοῦ
762 3047 1149 3120 προηρημένου
1184 3048 1319 3118 (90‘)
1379 3045 1572 3117 νοητοῦ
1634 3045 1864 3100 θανάτου

293 3140 433 3208 μετά
470 3139 532 3192 τὸ
568 3139 693 3193 ἰδεῖν
726 3138 822 3208 τὴν
856 3138 962 3191 τῶν
991 3139 1323 3210 τηλικούτων
1349 3138 1567 3208 ἀγαθῶν
1612 3138 1862 3209 θεωρίαν.

375 3232 529 3284 Ἐπεὶ
572 3231 629 3283 δὲ
685 3231 743 3282 ἐν
793 3232 905 3293 τοῖς
948 3230 1199 3301 Ψαλμοῖς
1251 3229 1496 3302 εἴρηται’
1545 3231 1642 3296 Τίς
1697 3230 1870 3283 ἐστιν

287 3321 600 3389 ἄνθρωπος
647 3320 715 3387 ὃς
762 3319 945 3387 ζήσει,
994 3322 1093 3374 καὶ
1146 3324 1256 3374 οὐκ
1319 3321 1527 3391 ὄψεται
1574 3320 1867 3385 mirator;

288 3415 404 3478 καὶ,
472 3412 715 3467 Ἐλθέτω
740 3412 815 3481 δὴ
846 3413 1100 3479 θάνατος
1132 3414 1224 3466 ἐπ’
1249 3414 1498 3481 αὐτούς·
1544 3414 1637 3466 καὶ
1674 3412 1731 3467 ἐν
1764 3430 1869 3466 τινι

288 3506 397 3557 τῶν
428 3504 759 3576 προφητῶνο
800 3505 1092 3559 Κατέπιεν
1123 3508 1155 3559 ό
1197 3504 1454 3571 θάνατος
1485 3506 1775 3573 ἰσχύσαςο
1812 3505 1869 3557 ἐν

288 3597 348 3649 δέ
387 3598 455 3667 τῇ
512 3595 877 3667 Ἀποκαλύψει
899 3615 910 3626 ·
958 3598 1020 3650 '0
1062 3596 1314 3662 θάνατος
1348 3596 1446 3649 καὶ
1478 3599 1510 3649 ὁ
1543 3595 1693 3663 ᾅδης
1730 3596 1872 3649 ἀκο-

289 3687 501 3742 λουθεῖ
532 3703 655 3742 τισι
676 3707 687 3718 ·
744 3691 952 3760 μήποτε
996 3688 1213 3742 ἔλαττον
1262 3690 1430 3742 κακόν
1466 3690 1583 3741 ἐστι
1633 3688 1694 3742 τὸ
1744 3690 1871 3743 ἰδεῖν

292 3779 540 3841 θάνατον,
583 3779 775 3832 τούτου
800 3780 857 3833 δέ
893 3781 1075 3851 μεῖζον
1104 3782 1164 3835 τὸ
1187 3780 1486 3850 γεύσασθαι
1521 3780 1709 3845 αὑτοῦ,
1749 3782 1871 3834 τού-

288 3887 383 3922 του
406 3870 464 3923 δὲ
504 3870 585 3922 ἔτι
617 3874 797 3941 χεῖρον
824 3872 884 3924 τὸ
912 3872 1225 3926 ἀκολουθεῖν
1263 3890 1366 3926 τινι
1394 3872 1650 3937 θάνατον;
1685 3873 1781 3925 καὶ
1808 3874 1868 3926 οὑ

293 3961 454 4031 μόνον
502 3963 849 4029 ἀκολουθεῖν,
903 3964 1039 4018 ἀλλὰ
1083 3966 1177 4018 καὶ
1206 3964 1307 4036 ἤδη
1347 3964 1520 4018 ἐλθεῖν
1554 3964 1642 4018 ἐπ’
1685 3965 1867 4028 αὑτὸν,

289 4055 386 4107 κει)⁸
422 4055 748 4109 καταλαϐεῖν
795 4057 1021 4122 ἐκεῖνον,
1051 4050 1095 4125 ᾧ
1136 4058 1400 4129 πρότερον
1438 4056 1758 4129 ἠκολούθει;
1797 4058 1871 4111 Τὸ

286 4145 346 4199 δὲ
389 4147 767 4218 καταποθῆναι
797 4148 902 4201 ὑπὸ
937 4149 1031 4202 τοῦ
1064 4149 1296 4203 θανάτου
1336 4150 1553 4203 πάντων
1591 4150 1739 4203 δοκεῖ
1780 4167 1869 4219 μοι

289 4237 592 4310 βαρύτερον
620 4235 763 4294 εἶναι
788 4240 897 4293 τῶν
924 4242 1251 4313 εἰρημένων.
1286 4241 1397 4293 Καὶ
1427 4242 1723 4313 ἐπιστήσας
1757 4243 1870 4304 τοῖς

286 4331 600 4403 λεγομένοις
640 4335 734 4387 καὶ
758 4336 824 4405 τῇ
854 4333 1083 4405 διαφορᾷ
1116 4334 1224 4387 τῶν
1255 4333 1738 4405 ἁμαρτανομένων,
1770 4334 1870 4387 οὐκ

1971 1869 2090 1921 dem
2132 1876 2388 1931 mortem,
2436 1868 2531 1921 sed
2572 1882 2787 1938 semper
2841 1881 2979 1936 pane
3031 1867 3154 1919 vivo
3204 1865 3537 1919 nutriuntur.

1969 1960 2324 2029 Consequens
2350 1960 2516 2029 igitur
2542 1970 2681 2026 erat,
2729 1971 2787 2014 ut
2827 1959 3040 2023 Petrus,
3090 1960 3338 2012 adversus
3388 1973 3541 2029 quem

1969 2060 2136 2116 porta:
2156 2052 2318 2121 inferi
2350 2068 2455 2106 non
2485 2053 2875 2120 prcevalueruut
2905 2052 2971 2115 3“,
2990 2066 3107 2105 eam
3143 2066 3248 2104 non
3277 2034 3539 2118 gustaret.

1972 2141 2123 2196 Tunc
2171 2141 2317 2195 enim
2367 2144 2491 2210 quis
2543 2154 2771 2196 mortem
2825 2151 3048 2212 gustat,
3101 2142 3317 2210 quando
3371 2151 3543 2209 porta:

1972 2230 2130 2286 interi
2163 2234 2426 2287 adversus
2453 2248 2576 2288 eum
2609 2232 3002 2302 praevalebunt.
3042 2234 3180 2299 Quin
3212 2234 3375 2288 etiam
3402 2234 3542 2288 ﬁlios

1973 2323 2198 2378 tonitrui
2224 2362 2239 2387 ,
2273 2324 2488 2394 genitos
2528 2341 2556 2377 a
2608 2326 2812 2379 tonitru
2842 2326 3112 2379 incarnati
3143 2326 3407 2389 vaticinii,
3440 2329 3543 2379 im-

1968 2415 2235 2483 possibile
2260 2428 2379 2471 erat
2404 2427 2624 2485 gustare
2647 2428 2898 2480 mortem,
2926 2432 3045 2486 qua:
3071 2418 3358 2472 admodum
3387 2418 3543 2488 longe

1968 2505 2133 2560 distat
2169 2519 2199 2558 a
2233 2516 2409 2561 matre
2437 2522 2623 2561 eorum
2667 2508 2895 2562 tonitru.

2038 2598 2312 2654 Partienla
2370 2601 2558 2664 donec,
2626 2600 2729 2655 hoc
2770 2599 2889 2655 loco
2950 2599 3189 2653 declarat
3254 2598 3543 2655 imminens

1971 2691 2049 2746 rei
2091 2690 2480 2747 demonstrata:
2540 2702 2753 2764 tempus
2783 2733 2799 2759 ,
2844 2710 2951 2747 non
2997 2693 3277 2747 delinitum
3328 2704 3388 2747 ut
3433 2695 3541 2760 sit,

1968 2792 2257 2854 postquam
2295 2783 2347 2837 id
2384 2784 2664 2850 evenerit,
2696 2785 2838 2854 quod
2884 2784 3321 2851 demonstratur;
3384 2795 3443 2839 ut
3485 2786 3539 2840 in

1970 2875 2059 2929 illo
2095 2891 2109 2927 :
2144 2875 2280 2928 Ecce
2314 2891 2407 2944 ego
2454 2877 2718 2929 vobiscum
2758 2891 2897 2940 sum,
2947 2875 3111 2929 donec
3151 2886 3543 2931 consummatur

1971 2965 2227 3020 saxulum
2256 2966 2324 3017 ⁸⁵.
2358 2965 2474 3019 Νοη
2516 2975 2878 3036 gustaverunt
2900 2966 3064 3037 igitur
3094 2965 3322 3035 apostoli
3348 2967 3542 3036 praedi-

1968 3069 2109 3115 ctam
2132 3058 2465 3129 spiritualem
2483 3068 2734 3123 mortem,
2750 3066 3033 3129 postquam
3052 3056 3401 3127 contemplati
3415 3069 3543 3114 sunt

1971 3150 2234 3205 visionem
2264 3158 2540 3204 tantorum
2573 3149 2857 3204 bonorum.

2040 3237 2175 3306 Quia
2202 3253 2335 3295 vero
2374 3240 2428 3294 in
2463 3237 2694 3295 Psalmis
2721 3238 2924 3294 dictum
2971 3248 3055 3295 est
3078 3258 3091 3293 :
3114 3238 3246 3304 Quis
3279 3250 3353 3295 eu
3389 3241 3542 3295 homo

1968 3332 2058 3402 qui
2106 3332 2261 3396 vivet,
2315 3340 2365 3384 et
2419 3347 2523 3384 non
2561 3329 2756 3384 videbit
2800 3342 3021 3384 mortem
3072 3330 3156 3385 ⁸⁶ἳ
3184 3331 3304 3387 Et:
3359 3331 3541 3387 Veniat

1970 3426 2151 3495 utique
2188 3439 2331 3477 mors
2370 3422 2439 3477 ad
2488 3439 2576 3476 eos
2599 3422 2667 3476 ⁸⁷.
2701 3422 2762 3476 Et
2821 3422 2875 3475 in
2932 3424 3168 3492 quodam
3232 3426 3540 3494 propheta:

1971 3514 2253 3585 Deglutivit
2285 3530 2425 3568 mors
2463 3513 2756 3583 pra’valens
2780 3514 2847 3568 ⁸⁸.
2884 3514 3064 3584 Atque
3097 3516 3148 3569 in
3177 3515 3496 3587 Apocalypsi
3522 3556 3541 3583 ,

1971 3623 2113 3661 mors
2159 3617 2207 3660 et
2251 3606 2490 3676 infernus
2545 3605 2785 3673 sequitur
2830 3607 3082 3676 quosdam
3113 3607 3200 3663 ⁸⁹ε
3234 3609 3418 3663 nescio
3472 3623 3541 3662 an

1970 3713 2078 3753 non
2104 3698 2285 3752 minus
2316 3695 2514 3751 malum
2564 3697 2636 3751 sit
2682 3696 2867 3753 videre
2909 3708 3175 3763 mortem,
3224 3700 3326 3754 hoc
3368 3700 3543 3769 majus

1968 3802 2090 3843 eam
2142 3795 2397 3855 gustare;
2433 3796 2487 3840 et
2531 3786 2632 3840 hoc
2664 3800 2853 3842 rursus
2894 3787 3070 3858 pejus,
3112 3789 3157 3843 si
3198 3806 3357 3858 quem
3395 3806 3540 3844 mors

1970 3881 2085 3949 ipsa
2116 3892 2378 3949 sequatur
2404 3894 2419 3931 :
2452 3888 2507 3933 et
2534 3893 2642 3932 non
2663 3888 2923 3948 sequatur
2950 3882 3132 3948 modo,
3163 3897 3347 3937 verum
3376 3882 3538 3939 etiam

1970 3973 2036 4027 ad
2068 3973 2243 4043 ipsum
2268 3972 2471 4036 veniat,
2500 3981 2555 4025 et
2576 3971 3006 4041 comprehendat
3030 3988 3174 4039 eum,
3207 3989 3366 4043 quem
3390 3975 3542 4043 prius

1970 4066 2321 4134 sequebatur.
2370 4062 2634 4133 Deglutiri
2678 4076 2809 4118 vero
2840 4078 2870 4117 a
2904 4075 3113 4131 morte,
3153 4066 3368 4120 videtur
3408 4066 3537 4121 mihi

1969 4154 2350 4223 gravissimum
2379 4154 2648 4219 omnium,
2680 4168 2800 4224 qua:
2823 4154 2964 4209 dicta
2987 4162 3134 4208 sunt.
3189 4153 3357 4210 Porro
3380 4156 3541 4210 dictis

1970 4244 2253 4308 insistens,
2282 4253 2336 4298 et
2359 4242 2682 4300 dill'erentim
2720 4255 3088 4313 peccatorum,
3127 4246 3269 4300 haud
3315 4261 3538 4302 recusa-

1969 4336 2170 4403 bis,_ut
2204 4336 2465 4399 arbitror,
2492 4335 2803 4401 admittere,
2833 4337 2960 4391 talia
2987 4337 3234 4406 qumdam
3267 4338 3320 4392 in
3356 4339 3542 4394 animo

286 4423 559 4494 ὀκνήσεις,
580 4420 754 4496 οἶμαι,
777 4425 1180 4497 παραδέξασθαι
1200 4424 1425 4478 τοιαῦτὰ
1446 4440 1565 4477 τινα
1587 4424 1864 4494 νενοῆσθαι

1977 4427 2242 4483 habuisse.
2265 4426 2568 4496 Spiritum,
2623 4430 2716 4497 qui
2757 4428 2889 4484 fecit
2911 4439 2988 4499 ,ιιι
3021 4429 3145 4483 talia
3173 4430 3542 4486 scriberentur

285 4513 368 4584 τῷ
402 4516 760 4588 ἐνεργήσαντι
784 4518 957 4571 ταῦτα
989 4519 1266 4590 γραφῆναι
1298 4521 1354 4572 ἐν
1386 4522 1499 4583 τοῖς
1540 4517 1739 4586 λογίοις
1770 4517 1863 4570 τοῦ

286 4604 425 4657 Θεοῦ
463 4606 603 4659 Πνεύ
613 4624 764 4677 ματι.

358 4698 423 4750 Τί
452 4698 508 4751 δὲ
537 4698 787 4769 δηλοῦται
818 4700 875 4751 ἐν
903 4698 980 4768 τῷ
1010 4699 1138 4752 ἰδεῖν
1168 4701 1259 4753 τὸν
1293 4699 1419 4752 Υἱὸν
1444 4697 1539 4751 τοῦ
1574 4697 1860 4769 ἀνθρώπου

286 4791 581 4861 ἐρχόμενον
610 4793 668 4843 ὲν
693 4794 758 4861 τῇ
800 4791 1042 4863 βασιλείᾳ
1071 4791 1255 4857 αὑτοῦ,
1288 4792 1379 4845 καὶ
1423 4795 1479 4845 έν
1512 4796 1577 4863 τῇ
1615 4792 1743 4863 δόξῃ
1770 4790 1865 4843 αύ-

285 4881 415 4947 τοῦ;
448 4883 541 4936 καὶ
564 4884 617 4935 τί
644 4885 893 4954 σημαίνει
924 4884 1006 4945 τὸ,
1045 4883 1445 4952 Ἐληλυθυῖαν
1478 4885 1549 4938 ἐν
1590 4881 1859 4952 δυνάμει,

286 4972 442 5045 παρὰ
456 4972 686 5043 Μάρκου
704 4971 866 5043 ῥηθέν
887 4988 901 5037 ;
936 4972 1016 5027 Τὰ
1042 4973 1151 5026 εἴτε
1173 4972 1566 5043 ἐκλαμπόμενα
1585 4974 1702 5035 ταῖς
1722 4987 1859 5040 καρ-

284 5065 429 5127 δίαις
442 5066 623 5135 ήμῶν,
644 5065 751 5117 εἴτε
766 5064 1021 5135 ζητοῦσιν
1036 5067 1420 5136 εὑρισκόμενα,
1440 5064 1549 5117 εἴτε
1574 5064 1863 5117 ὑποσιόντα

288 5156 401 5227 (9!)
458 5157 597 5235 τοὺς⁸
659 5156 951 5226 λογισμοὺς
1028 5156 1184 5228 ἡμῶν
1212 5196 1226 5220 ,
1311 5156 1638 5228 σαφέστερον
1704 5155 1864 5226 ἐκθη-

286 5246 516 5313 σόμεθα.
554 5247 613 5300 'O
640 5246 858 5318 θεωρῶν
882 5248 976 5301 καὶ
1005 5249 1438 5319 καταλαμϐάνων
1459 5250 1555 5321 τὴν
1583 5248 1677 5301 τοῦ
1709 5248 1865 5316 λόγου

285 5338 564 5408 ὑπεροχὴν
592 5336 812 5401 λύοντος
858 5341 952 5393 καὶ
982 5339 1347 5411 διελέγχοντος
1388 5340 1564 5404 πάσας
1620 5338 1716 5404 τὰς
1765 5340 1868 5393 ὑπὸ

1975 4520 2028 4573 in
2063 4518 2299 4573 oraculis
2330 4518 2549 4575 divinis.

2042 4694 2179 4761 Quid
2230 4705 2408 4750 autem
2439 4696 2708 4766 signiﬁcat
2740 4697 2923 4752 videre
2963 4697 3156 4752 Filium
3181 4698 3416 4755 hominis
3450 4716 3548 4755 vc-

1970 4789 2206 4842 uientem
2264 4789 2318 4842 in
2375 4805 2542 4857 regno
2581 4805 2702 4854 suo,
2728 4800 2783 4844 et
2833 4790 2885 4844 in
2931 4791 3098 4859 gloria
3131 4805 3229 4844 sua
3268 4792 3292 4845 ?
3325 4802 3382 4846 et
3414 4795 3542 4861 quid

1969 4880 2075 4934 sibi
2098 4880 2210 4936 vult
2253 4880 2403 4943 illud.
2437 4882 2651 4936 Venisse
2682 4883 2735 4935 in
2764 4883 2955 4936 virtute
2984 4883 3029 4915 ’°
3066 4902 3080 4938 :
3112 4888 3255 4954 quod
3295 4903 3324 4939 a
3361 4885 3545 4942 Marco

1972 4972 2175 5027 dictum
2206 4984 2290 5028 est
2325 4974 2348 5027 ?
2386 4973 2600 5029 Clarius
2662 4990 2994 5045 exponemus
3046 4993 3380 5049 quamcunque
3429 4981 3544 5035 sive

1969 5064 2226 5136 aﬂ‘ulgent
2255 5066 2508 5123 cordibus
2550 5067 2786 5135 nostris,
2817 5069 2933 5123 sive
2964 5072 3331 5139 qumreutibus
3384 5074 3552 5128 nobis.

1972 5167 2185 5225 reperta
2222 5167 2369 5223 sunt,
2397 5160 2513 5214 sive
2536 5160 3147 5230 subeuntcogitationes
3179 5175 3412 5218 nostras.
3436 5164 3545 5218 lta~

1972 5262 2077 5317 que
2105 5249 2351 5318 quisquis
2398 5254 2797 5321 contemplatur
2831 5264 2886 5308 et
2932 5255 3241 5325 assequitur
3275 5257 3545 5311 excellent-

1975 5342 2102 5395 tiam
2139 5342 2289 5397 verbi
2331 5345 2587 5400 solventis
2636 5363 2700 5403 ac
2758 5348 3044 5403 refutantis
3089 5350 3332 5419 speciosa
3377 5364 3536 5420 argu.

358 5494 406 5574 ξ’
434 5492 592 5550 Joan.
646 5513 719 5574 γι,
948 5500 991 5531 ⁸⁸
1025 5499 1218 5574 Μιλιιιι1
1257 5500 1483 5574 xvi,
1558 5500 1605 5532 ⁸⁸
1633 5501 1821 5557 Matth.

1977 5520 2052 5570 tu,
2090 5502 2179 5559 20.
2256 5504 2301 5535 ⁸⁸
2348 5503 2490 5560 Psal.
2530 5521 2794 5572 Lxxxvm,
2832 5506 2920 5560 49.
2994 5507 3037 5537 ⁸⁷
3081 5506 3220 5560 Psal.
3275 5520 3385 5574 ων,
3454 5508 3542 5570 ιο.

284 5563 333 5596 ⁸⁸
360 5564 466 5617 lsa.
498 5582 627 5631 xxv,
666 5569 720 5622 8.
797 5569 842 5601 ⁸⁸
880 5571 1047 5639 Apoc.
1090 5586 1164 5635 vt,
1192 5571 1244 5626 8.
1339 5572 1384 5602 ⁹⁰
1416 5571 1580 5626 Marc.
1606 5587 1685 5638 Ix,
1717 5575 1765 5627 1.

287 5658 671 5786 ειριίρὴῇρὲιε
704 5662 962 5734 βροντῶν,
1002 5668 1313 5731 tonitruum,
1371 5682 1436 5723 ex
1468 5667 1631 5727 Marc.
1670 5686 1753 5737 III,
1788 5671 1851 5725 17

2194 5671 2644 5748 ’Προηρημένοω
2694 5671 2833 5745 Lege
2897 5673 3314 5748 προειρημένου.
3367 5672 3535 5731 Ευιτ.

2040 5743 2150 5811 till)
2193 5742 2328 5811 Lege
2357 5745 2691 5799 ὑπεισιόντα.
