3888 6214
211 288 316 344 545

210 406 358 476 Στίχ.
390 406 482 460 λε’.
516 408 625 478 Xa}
652 410 821 478 φωνὴ
852 410 883 464 ἐ

280 474 493 557 γήυσρο
521 474 721 557 Ὀὗτός
765 474 933 534 ἐστὸν·
965 485 997 535 ό
1053 482 1183 546 Υἱός
1213 474 1331 549 μου
1379 482 1411 533 d
1439 474 1779 549 ’ἀγαπητόσ

279 548 468 599 αὐτοῦ
500 548 767 603 ἀκούετε.

210 639 356 709 Στίχ.
384 639 492 702 λς’.
528 640 635 692 Καὶ
664 641 830 707 ἐντῷ
863 642 1140 710 γενέσθαι
1164 640 1278 710 τὴν
1296 639 1526 711 φωνὴν,
1564 637 1784 709 εὑρέθη

774 712 999 780 Ἰησοῦς
1020 715 1232 783 μόνος.

290 801 356 854 Ἠ
384 802 442 856 δὲ
468 804 534 858 ἐκ
556 805 658 874 τῆς
691 805 919 877 νεφέλης
955 805 1106 877 φωνὴ
1136 806 1275 875 τάχα
1306 804 1405 875 μὲν
1440 804 1664 858 Μωῦσεί
1690 802 1786 855 καὶ

220 892 374 964 Ἠλία
403 894 571 963 λέγει’
594 891 783 962 Οὗτός
811 897 960 950 ἐστι·
993 897 1131 966 τάχα
1157 896 1213 949 δὲ
1245 897 1339 949 καὶ
1363 898 1471 959 τοῖς
1497 894 1783 965 μαθηταῖς.

206 976 314 1044 ἿΙς
347 982 699 1048 ἀκούσαντες,
728 985 820 1038 καὶ
848 985 1055 1055 ταύτην
1086 984 1183 1055 τὴν
1211 983 1368 1050 δόξαν
1395 984 1470 1054 μὴ
1504 983 1781 1053 φέροντες,

203 1074 398 1128 ἔπεσον
433 1077 526 1128 ἐπὶ
559 1076 846 1148 πρόσωπον
878 1076 1304 1140 ταπεινωθέντες
1349 1074 1455 1128 ὑπὸ
1499 1075 1600 1145 τὴν
1646 1091 1782 1147 κρα-

204 1164 363 1218 ταιὰν
389 1168 546 1235 χεῖρα
575 1165 668 1218 τοῦ
690 1166 847 1230 Θεοῦ,
879 1166 1078 1236 σφόδρα
1113 1164 1461 1235 φοϐηθέντες,
1484 1164 1681 1227 εἰδότες
1724 1162 1785 1215 τὸ

205 1256 393 1326 λεχθὲν
412 1258 547 1328 πρὸς
576 1259 835 1329 Μωῦσῆν·
874 1261 955 1313 Οὐ
990 1259 1101 1328 γὰρ
1130 1258 1341 1326 ὄψεται
1379 1255 1686 1323 ἄνθρωπος
1715 1254 1783 1307 τὸ

204 1347 532 1413 πρόσωπόν
570 1364 711 1416 μου,
760 1347 859 1401 καὶ
891 1346 1149 1415 ζήσεται.
1190 1346 1523 1417 Ἐπάραντες
1562 1345 1619 1398 δὲ
1656 1345 1782 1407 τοὺς

201 1436 539 1508 ὀφθαλμοὺς,
579 1438 738 1508 μόνον
770 1435 907 1492 εἶδον
930 1438 1019 1492 τὸν
1057 1438 1284 1509 Ἰησοῦν.
1326 1438 1421 1491 Ἐν
1455 1436 1584 1507 γάρ,
1606 1432 1779 1507 οἶμαι,

202 1527 393 1594 γέγονε
422 1530 628 1600 Μωσῆς
650 1532 679 1583 6
699 1532 881 1602 νόμος,
907 1532 1002 1584 καὶ
1039 1531 1224 1595 Ἠλίας
1253 1532 1286 1601 ἡ
1325 1530 1649 1602 προφητεία,
1681 1532 1783 1600 ’1η-

203 1618 300 1670 σοῦ
331 1620 411 1689 τῷ
464 1622 798 1693 Εύαγγελίῳ.
852 1625 961 1676 Καὶ
993 1624 1089 1692 ούχ
1118 1622 1307 1693 ὥσπερ
1348 1619 1488 1693 ἦσαν
1520 1622 1781 1693 πρότερον

198 1711 354 1779 τρεῖς
389 1713 750 1782 μεμενήκασι.
784 1712 968 1767 Ταῦτα
1000 1714 1056 1766 δέ
1094 1731 1183 1783 μοι
1219 1714 1325 1766 νόει
1357 1711 1776 1783 μυστικώτερον.

200 1798 349 1868 Πρὸς
382 1800 489 1872 γὰρ
508 1802 569 1854 τὸ
602 1802 803 1874 ὑψηλὸν
835 1803 930 1857 τοῦ
962 1805 1284 1875 γράμματος
1319 1803 1585 1874 βούλημα,
1619 1804 1783 1857 Μωῡ-

201 1889 303 1959 σῆς
342 1892 437 1943 καὶ
484 1893 671 1957 Ἠλίας
700 1894 957 1963 ὀφθέντες
1013 1898 1073 1948 ἐν
1104 1895 1255 1968 δόξῃ,
1289 1896 1384 1948 καὶ
1415 1893 1783 1965 συλλαλήσαν-

197 1998 290 2045 τες
324 1982 403 2052 τῷ
434 1984 629 2055 Ἰησοῦ,
660 1986 1062 2057 ἀπεληλύθασιν
1093 1986 1215 2039 ὅθεν
1250 1985 1619 2057 ἐληλύθεισαν.
1650 1985 1782 2038 Οὐδὲ

195 2073 310 2143 γὰρ
332 2073 585 2143 βλέπεται
614 2078 642 2129 6
676 2078 883 2149 Ἰησοῦς
908 2078 1163 2147 λεχθῆναι
1192 2077 1261 2139 τὰ
1291 2078 1389 2147 τῆς
1409 2076 1565 2147 δόξης
1594 2075 1778 2130 αὐτοῦ·

198 2164 508 2237 ἐϐλάϐησαν
569 2169 679 2241 γάρ
730 2171 797 2224 ἂν
848 2173 897 2225 οί
934 2171 1243 2236 ἀκούοντες,
1301 2173 1395 2225 καὶ
1446 2170 1681 2242 μάλιστα
1732 2174 1781 2225 οἱ

195 2255 364 2325 ὄχλοι,
407 2258 499 2311 τὸν
530 2258 674 2313 οὕτω
724 2261 1111 2333 δεδοξασμένον
1156 2262 1484 2333 θεωροῦντες
1530 2262 1783 2334 σταυρού-

198 2362 383 2415 μενον.
415 2349 490 2401 Ού
515 2350 697 2405 τοίνυν
722 2350 1091 2423 φθονήσαντες
1126 2352 1390 2424 ἔκρυψαν,
1427 2352 1540 2406 ἀλλ’
1573 2353 1649 2417 ὡς
1678 2370 1772 2421 φο-

196 2434 456 2506 ϐηθέντες
479 2438 553 2510 μὴ
585 2441 947 2512 ἀπιστηθῶσι.
972 2444 1104 2497 Τότε
1129 2439 1220 2497 οῦν
1253 2443 1610 2515 ἀπήγγειλαν,
1645 2443 1782 2515 μετά

194 2525 297 2597 τὴν
338 2528 618 2599 ἀνάληψιν,
659 2531 796 2602 μετὰ
832 2533 929 2602 τὴν
976 2534 1069 2587 τοῦ
1100 2533 1413 2604 Πνεύματος
1454 2532 1776 2603 παρουσίαν.

199 2617 332 2672 Ὀτε
378 2620 489 2692 γὰρ
537 2623 888 2694 ἐπλήσθησαν
927 2626 1261 2697 παρρησίας,
1322 2627 1413 2679 καὶ
1457 2624 1780 2696 -Πνεύματος

195 2708 531 2782 ἠξιώθησαν,
567 2716 659 2767 καὶ
711 2715 808 2787 τὴν
844 2716 954 2769 ἀπὸ
994 2717 1101 2769 τῶν
1136 2716 1381 2787 σημείων
1416 2712 1559 2786 εἶχον
1598 2716 1779 2787 φωνὴν

197 2805 604 2875 συνηγοροῦσαν
630 2807 834 2871 αὐτοῖς,
865 2808 959 2861 καὶ
982 2809 1161 2863 πάντα
1184 2809 1282 2862 ὅσα
1311 2809 1515 2877 ἔλεγον,
1542 2808 1781 2879 εὐπαρά-

193 2890 363 2946 δεκτα
386 2890 473 2965 ἦν.

196 2983 349 3060 Σὶτίχἐ
392 2986 500 3060 με’.
545 2988 902 3060 Ἐπετίμησε
928 2987 1005 3060 ,δὲ
1051 2993 1084 3044 ὁ
1126 2989 1356 3058 Ἰησοῦς
1385 2990 1463 3055 τῷ
1491 2990 1781 3060 πνεύματι

1476 288 1776 345 SCHOLIA
1813 288 1882 344 ΙΝ
1920 289 2177 348 LUCAM.

886 411 1088 481 γένετο
1124 411 1192 463 ἐκ
1226 408 1337 476 τῆς
1367 408 1651 481 νεφέλης,
1680 407 1780 481 λέ-

1888 408 1952 463 V.
1977 411 2065 466 35.
2100 411 2165 466 Et
2197 428 2295 467 v01:
2327 414 2469 481 facta
2493 423 2574 469 est
2591 431 2655 468 ex
2693 415 2844 477 nube,
2873 416 3085 469 dicem:
3116 415 3217 469 Hic
3249 427 3321 471 est
3364 416 3458 472 Fi'

3351 298 3456 352 546

2150 483 2253 537 (ius
2291 500 2437 539 meus
2467 484 2689 539 dilectus
2728 501 2747 540 :
2781 486 2829 539 ei
2869 487 3184 540 auscultate.

1888 643 1950 697 ν.
1986 641 2076 697 56.
2110 642 2179 696 Et
2211 658 2327 696 cum
2364 642 2505 711 facta
2537 643 2719 765 fttisslet
2746 658 2863 708 vox,
2901 644 3139 698 inventus
3190 653 3265 697 est
3301 642 3455 696 Iesus

2596 730 2652 765 80
2679 731 2759 765 us.

2596 730 2759 767 satus.

1956 802 2072 857 Vox
2106 817 2170 857 ex
2212 804 2354 859 nube
2384 804 2541 860 facile
2568 803 2732 873 Moysi
2766 812 2926 873 atque
2970 804 3100 859 Elite
3129 804 3262 860 dicit
3297 819 3311 856 :
3351 803 3456 857 Hic

1883 907 1957 951 est
1982 913 1999 950 :
2029 895 2169 950 forte
2196 905 2374 949 tamen
2408 897 2574 951 etiam
2622 896 2922 966 discipulis.
2950 897 3120 962 Quam
3152 897 3454 957 audientes,

1885 998 1941 1042 et
1984 988 2125 1042 hanc
2171 986 2397 1057 gloriam
2453 989 2601 1042 ferre
2642 1003 2746 1041 non
2788 988 3028 1042 valentes
3061 987 3372 1041 ceciderunt
3399 989 3452 1041 iu

1886 1080 2099 1141 faciem,
2130 1078 2395 1131 humiliati
2423 1079 2517 1131 sub
2547 1080 2747 1147 potenti
2770 1096 2929 1131 manu
2956 1079 3132 1140 Dei”.
3157 1078 3313 1134 valde
3348 1095 3449 1133 me-

1886 1181 2125 1234 tuentes,
2162 1171 2285 1223 dum
2337 1170 2514 1224 sciunt
2540 1172 2683 1239 quod
2717 1170 2783 1224 ad
2821 1171 3043 1242 Moysen
3069 1173 3270 1227 dictum
3304 1171 3403 1225 fuit
3433 1188 3447 1222 :

1886 1260 2010 1316 Non
2060 1262 2196 1316 enim
2240 1262 2432 1316 videbit
2478 1263 2632 1315 homo
2676 1263 2865 1332 faciem
2915 1280 3117 1329 meam,
3158 1272 3205 1317 et
3237 1264 3450 1318 vivet”.

1881 1349 1999 1404 Jam
2031 1361 2208 1405 autem
2265 1350 2492 1404 sublatis
2518 1351 2691 1405 oculis
2747 1351 2920 1406 solum
2968 1353 3217 1407 viderunt
3247 1353 3451 1411 Jesum.

1882 1441 2059 1497 Unum
2082 1443 2248 1507 enim,
2279 1453 2337 1495 ut
2371 1443 2646 1507 existimo,
2683 1443 2783 1497 fuit
2827 1443 3060 1515 Moyses,
3088 1446 3205 1500 sive
3243 1445 3326 1499 lex
3355 1486 3370 1510 ,
3400 1457 3459 1501 et

1882 1531 2025 1588 Elias
2063 1532 2176 1588 sive
2207 1536 2521 1604 prophetia,
2553 1551 2675 1590 cum
2719 1537 3007 1607 Evangelio
3038 1536 3185 1591 Jesu.
3221 1534 3362 1601 Nec,
3397 1547 3457 1592 ut

1882 1624 2103 1680 fuerunt
2129 1627 2301 1695 prius,
2336 1644 2587 1684 mansere
2622 1638 2753 1686 tres.
2788 1630 2910 1686 Haec
2946 1646 3106 1700 porro
3133 1640 3187 1685 tu
3217 1631 3347 1685 mihi
3372 1645 3456 1685 se-

1882 1715 2083 1771 cretius
2104 1717 2408 1772 considera.
2432 1719 2511 1773 Ad
2533 1719 2813 1775 sublimem
2836 1722 2977 1775 enim
3001 1720 3195 1777 litterae
3215 1736 3455 1787 sensum,

1886 1809 2095 1880 Moyses
2143 1820 2197 1866 et
2224 1811 2371 1866 Elias
2406 1812 2460 1865 in
2500 1812 2673 1880 gloria
2703 1813 2837 1876 visi,
2868 1823 2922 1866 et
2971 1827 3093 1867 cum
3125 1811 3250 1868 Jesu
3287 1811 3458 1866 collo-

1882 1902 1995 1956 cuti
2020 1902 2271 1957 abierunt
2291 1919 2380 1966 eo,
2407 1902 2548 1958 unde
2588 1914 2878 1959 venerant.
2903 1902 3093 1973 Neque
3123 1904 3266 1959 enim
3300 1902 3457 1959 Jesus

1882 2001 2060 2058 curat,
2096 2000 2152 2046 ut
2174 1993 2423 2046 dicantur
2445 2008 2566 2063 qua:
2600 2001 2729 2048 sunt
2758 1992 2943 2062 gloria:
2970 1993 3144 2060 illius;
3174 1992 3286 2048 laesi
3309 1992 3454 2047 enim

1883 2083 2431 2149 fuissentauditores,
2459 2095 2514 2139 et
2551 2084 2786 2140 maxime
2820 2085 3011 2148 turbae,
3048 2084 3294 2139 videntes
3329 2099 3456 2138 cru-

1881 2175 2099 2230 ciﬁxum
2148 2175 2418 2231 hominem
2468 2185 2749 2246 tantopere
2773 2174 3155 2245 gloriﬁcatum.
3186 2173 3301 2227 Non
3327 2188 3457 2244 ergo

1880 2283 1946 2323 ex
1976 2268 2172 2323 invidia
2198 2267 2616 2329 occultaverant,
2638 2267 2732 2321 sed
2769 2276 3024 2335 tanquam
3050 2265 3228 2327 veriti,
3262 2278 3326 2317 ne
3352 2265 3452 2321 sibi

1883 2358 2014 2413 fides
2045 2374 2148 2414 non
2187 2359 2497 2415 haberetur.
2518 2358 2669 2413 Tunc
2700 2373 2829 2429 ergo
2852 2358 2905 2411 in
2935 2356 3124 2424 vulgus
3149 2356 3454 2419 ediderunt,

1881 2462 2002 2520 post
2043 2452 2412 2507 ascensionem
2452 2451 2676 2513 scilicet,
2704 2459 2823 2519 post
2864 2448 3099 2517 Spiritus
3142 2448 3453 2501 adventum.

1881 2542 2108 2610 Quando
2148 2558 2338 2615 nempe
2376 2542 2563 2612 repleti
2607 2553 2732 2597 sunt
2767 2541 3115 2607 conﬁdentia,
3150 2549 3205 2594 et
3250 2539 3455 2609 Spiritu

1881 2636 2027 2705 digni
2076 2635 2205 2690 facti
2243 2643 2400 2699 sunt,
2427 2644 2481 2689 et
2521 2633 2906 2689 miraculorum
2949 2648 3134 2687 vocem
3187 2630 3459 2687 habebant

1881 2726 2311 2798 patrocinantem
2359 2726 2500 2790 sibi,
2527 2734 2579 2781 et
2622 2738 2959 2795 quaecunque
2993 2724 3279 2789 dicebant,
3312 2721 3455 2775 haud

1880 2834 2023 2889 aegre
2055 2818 2513 2889 suscipiebantur.

1881 2998 1949 3056 γ.
1973 3001 2062 3055 42.
2102 3000 2396 3070 Increpavit
2436 3008 2608 3053 autem
2649 2998 2806 3054 Iesus
2842 2998 3081 3067 spiritum
3108 2997 3455 3070 immundum,

741 3055 1108 3149 E‘ngdff‘Q,
1129 3055 1244 3149 f5!“
1278 3059 1479 3124 παῖδα,
1528 3055 1780 3115 καῖὰπ-

1939 3055 1999 3127 γει
2048 3055 2267 3127 sanavit,
2287 3086 2506 3140 puerum
2527 3111 2545 3137 ,
2575 3081 2624 3124 et
2660 3055 2888 3123 reddidit
2930 3084 3048 3122 eum
3078 3069 3217 3136 patri
3248 3067 3383 3138 ejus.

275 3122 503 3182 ἔδωκεν
533 3122 722 3183 αὖτόν
740 3129 820 3195 τῷ
841 3131 1014 3197 πατρὶ
1043 3130 1250 3185 αὑτοῦ.

269 3222 386 3294 (92)
420 3221 805 3275 Ἐπιϐλεπτέον
836 3222 893 3276 δὲ
935 3221 1146 3287 τούτοις
1188 3222 1537 3294 ὑψηλότερον,
1564 3224 1658 3277 καὶ
1687 3241 1783 3296 ση-

200 3314 484 3389 μειωτέον,
519 3315 601 3368 ὅτι
650 3316 700 3367 οἱ
732 3314 1050 3384 πάσχοντες,
1076 3314 1109 3385 ἢ
1140 3315 1189 3367 oi
1218 3316 1330 3368 τῶν
1362 3317 1674 3387 πασχόντων
1707 3318 1785 3369 oi-

193 3410 358 3471 κεῖθι,
377 3406 517 3479 μετά
534 3406 641 3460 τῶν
667 3406 838 3476 ὄχλων
862 3407 1018 3471 είσὶν,
1043 3406 1235 3475 ὲφόὓς
1251 3408 1493 3462 κάτεισιν
1525 3412 1552 3463 6
1577 3410 1782 3481 Ἰησοῦς

194 3501 311 3556 ἀπὸ
331 3500 440 3554 τῶν
472 3497 713 3569 ὑψηλῶν,
745 3498 815 3551 τὰ
846 3499 985 3571 ὑπὲρ
1020 3498 1240 3562 τούτους
1282 3502 1664 3573 οἰκονομήσας,
1689 3501 1782 3555 ἐπὶ

193 3592 292 3646 τοῦ
337 3593 494 3662 ὅρους
537 3591 800 3661 ἀναϐῆναι
846 3590 920 3661 μὴ
973 3590 1303 3661 δυναμένους
1344 3592 1478 3663 πρὸς
1509 3593 1669 3645 αὐτὸν
1696 3592 1783 3647 διὰ

195 3685 537 3757 κατεχούσας
589 3685 686 3747 τὰς
733 3682 907 3753 ψυχὰς
950 3682 1129 3735 αὐτῶν
1170 3684 1377 3747 νόσους,
1429 3683 1782 3755 θεραπεύσων

198 3778 419 3841 αύτούς.
492 3775 837 3841 Ἑξεταστέον
898 3775 953 3829 δὲ
1008 3775 1099 3828 ἐπὶ
1148 3775 1310 3829 τίνων
1355 3776 1679 3846 νοσημάτων
1733 3776 1779 3828 oi

198 3869 502 3938 πάσχοντες
538 3866 769 3934 ἀξιοῦσι,
790 3864 1136 3928 πιστεύοντες
1192 3864 1447 3936 περὶτῆς
1484 3863 1661 3917 αὐτῶν
1690 3863 1782 3917 θεο

199 3960 458 4033 ραπείας,
505 3959 540 4030 ἢ
593 3957 847 4028 αύτοῦ,ἢ
907 3955 1000 4009 τοῦ
1049 3956 1357 4027 κρασπέδου
1413 3956 1508 4009 τοῦ
1566 3956 1779 4027 ἱματίου

196 4052 491 4123 ἁψάμενοι.
539 4050 663 4105 Ἐπὶ
696 4049 854 4102 τίνων
879 4049 935 4101 δὲ
968 4048 1177 4113 ἀξιοῦσι
1206 4051 1331 4121 περὶ
1357 4049 1535 4102 αὐτῶν
1580 4048 1777 4119 ἓτεροιο

195 4147 273 4209 t'o;
306 4147 336 4198 6
383 4144 775 4216 ἑκατόνταρχος
823 4144 852 4195 6
905 4144 1034 4213 περὶ
1078 4144 1285 4207 παιδὸς,
1325 4144 1419 4197 καὶ
1447 4146 1474 4196 6
1504 4144 1781 4214 βασιλικὸς

195 4239 331 4311 περὶ
359 4236 499 4301 υίοῦ,
536 4238 631 4290 καὶ
666 4238 695 4288 6
725 4235 1166 4305 ἀρχισυνάγωγος
1209 4235 1336 4306 περὶ
1370 4234 1653 4305 θυγατρόςο
1688 4237 1781 4288 καὶ

196 4332 232 4400 ἡ
264 4327 564 4390 Χαναναία,
611 4325 705 4378 καὶ
747 4324 842 4379 νῦν
886 4326 914 4376 6
954 4323 1266 4393 γονυπετῶν
1305 4324 1466 4377 αὑτὸν
1498 4323 1782 4395 ἄνθρωπος

1955 3229 2421 3288 Considerandum
2456 3237 2538 3283 est
2563 3228 2615 3281 in
2652 3227 2736 3282 his
2773 3226 3058 3282 sublimius
3086 3226 3459 3296 quiilpiam,et

1883 3322 2202 3387 notandum,
2236 3320 2377 3389 quod
2407 3320 2700 3388 patientes,
2730 3326 2823 3371 aut
2869 3316 3187 3387 patientium
3226 3315 3457 3370 familia-

1886 3428 1971 3468 res
2024 3429 2144 3468 cum
2180 3411 2355 3467 turbis
2389 3419 2539 3476 sunt,
2584 3409 2649 3463 ad
2684 3423 2819 3478 quos
2871 3408 3149 3463 descendit
3196 3404 3355 3461 Iesus
3389 3407 3458 3459 ab

1883 3506 2041 3561 editis
2067 3503 2227 3569 locis,
2249 3503 2568 3572 dispensans
2599 3513 2660 3554 ea
2685 3514 2804 3569 qua:
2828 3499 3111 3569 superiora
3141 3498 3249 3552 illis
3279 3508 3456 3555 erant.

1884 3612 1988 3651 non
2011 3595 2316 3651 valentibus
2363 3592 2654 3647 ascendere
2704 3588 2758 3645 in
2802 3599 3039 3644 montem
3063 3590 3127 3643 ad
3158 3604 3311 3653 enm,
3342 3603 3463 3658 pro-

1883 3700 2002 3755 pter
2031 3689 2378 3745 inﬁrmitates
2412 3704 2531 3758 qua:
2559 3702 2746 3743 eorum
2769 3685 2978 3739 animas
3004 3681 3456 3744 obsidebant,cu-

1885 3790 2104 3834 raturus
2169 3779 2308 3835 illos.
2342 3778 2727 3849 luquirendum
2767 3776 2927 3829 etiam
2968 3789 3065 3842 pro
3094 3771 3288 3841 quibus
3315 3770 3459 3824 infir-

1887 3870 2167 3925 mitatibus
2195 3869 2462 3939 patientes
2497 3877 2679 3933 orent,
2697 3867 2855 3921 iidem
2888 3865 3152 3921 habentes
3178 3864 3246 3917 de
3270 3876 3456 3916 eorum

1886 3964 2192 4027 curatione,
2224 3962 2271 4017 si
2303 3961 2387 4017 vel
2418 3962 2588 4031 ipsqu
2613 3960 2699 4015 vel
2727 3960 2996 4015 ﬁmbriam
3020 3956 3324 4012 vestimenti
3344 3955 3459 4025 ejus

1884 4054 2175 4123 attingant.
2210 4051 2343 4107 Item
2384 4068 2482 4121 pro
2523 4052 2721 4122 quibus
2755 4061 2911 4107 orent
2956 4064 3054 4119 pro
3094 4048 3198 4102 illis
3231 4046 3357 4111 alii;
3400 4055 3459 4100 ut

1883 4145 2126 4200 centurio
2163 4146 2255 4214 qui
2293 4159 2388 4213 pro
2424 4159 2594 4215 puero
2634 4143 2833 4207 oravit,
2864 4152 2917 4195 et
2953 4140 3172 4211 regulus
3204 4153 3298 4209 pro
3323 4138 3456 4201 lilio,

1880 4247 1937 4293 et
1976 4238 2444 4307 archisynagogus
2478 4252 2574 4306 pro
2606 4235 2736 4301 (ilia,
2765 4235 3073 4289 Chananaea
3099 4233 3249 4296 item,
3279 4240 3332 4284 et
3366 4230 3456 4299 qui

1882 4345 2027 4384 nunc
2056 4328 2122 4383 ad
2155 4343 2329 4395 genua
2361 4328 2479 4398 ejus
2505 4344 2562 4383 se
2588 4327 2802 4397 projicit
2834 4327 2995 4380 homo
3035 4338 3132 4393 pro
3161 4322 3269 4375 [ilio
3300 4321 3457 4374 luna-

196 4422 332 4492 περὶ
361 4419 476 4472 υἱοῦ
530 4416 998 4486 σεληνιαζομένου.
1056 4416 1163 4468 Καὶ
1198 4416 1328 4467 πότε
1372 4416 1464 4484 ἀφ’
1503 4414 1694 4467 ἑαυτοῦ
1750 4417 1778 4468 6

1887 4418 2013 4472 tico.
2043 4416 2300 4472 Similiter
2320 4418 2534 4486 quando
2571 4431 2600 4468 a
2638 4417 2815 4485 seipso
2843 4412 3089 4467 Salvator
3124 4427 3227 4465 non
3263 4424 3459 4462 exora-

195 4513 393 4582 Σωτὴρ
419 4512 493 4582 μὴ
538 4509 784 4575 ἀξιωθεὶς
820 4508 981 4561 ἰᾶταυ
1021 4508 1095 4570 ὠς
1130 4508 1218 4561 τὸν
1251 4507 1558 4578 παράλυτον
1584 4508 1677 4559 ἐπὶ
1707 4510 1773 4579 τῇ

196 4604 529 4674 προϐατικῇ.
586 4594 755 4653 Αῦται
820 4597 941 4669 γὰρ,
989 4598 1229 4669 ἀλλήλων
1284 4598 1774 4665 ἀντεξετασθεῖσαι,

198 4694 372 4749 πολλὰ
400 4694 477 4765 τῷ
505 4693 784 4763 δυναμένῳ
837 4691 1055 4746 ἀκούειν
1091 4692 1190 4762 τῆς
1230 4692 1287 4743 ἐν
1323 4690 1603 4763 μυστηρίῳ
1644 4690 1776 4744 Θεοῦ

195 4784 588 4858 κεκρυμμένης
624 4782 815 4853 σοφίας
846 4784 1254 4855 παραστήσουσι
1284 4781 1525 4853 δόγματα
1562 4783 1685 4853 περί
1717 4799 1778 4835 τε

194 4878 305 4931 τῶν
353 4876 625 4947 διαφόρων
670 4876 799 4946 ’περὶ¹
836 4876 937 4939 τὰς
977 4875 1153 4945 ψυχὰς
1192 4874 1631 4945 συμπτωμάτων,
1684 4874 1779 4927 καὶ

194 4970 326 5041 περὶ
347 4967 442 5020 τοῦ
471 4968 671 5038 τρόπου
698 4968 798 5038 τῆς
831 4968 1125 5039 θεραπείας
1158 4965 1356 5019 αὐτῶν.

279 5061 370 5123 ὀς
397 5059 506 5130 γὰρ
534 5062 714 5113 πᾶσαν
748 5061 902 5113 νόσον
940 5059 1034 5113 καὶ
1079 5056 1370 5129 μαλακίαν,
1396 5055 1461 5119 ἃς
1488 5056 1516 5107 6
1548 5053 1778 5126 Χριστὸς

195 5154 253 5203 ἐν
300 5155 414 5215 τοῖς
458 5152 634 5222 ὄχλοις
666 5154 795 5223 πρὶν
831 5152 1037 5213 ἰάσατο,
1089 5149 1380 5220 ἀναφέρεις
1422 5148 1656 5215 εὐλόγως
1685 5148 1778 5200 ἐπὶ

193 5240 263 5291 τὰ
295 5238 444 5311 πάθη
474 5240 543 5292 τὰ
570 5242 628 5291 ἐν
660 5243 780 5304 ταῖς
802 5239 1017 5309 ψυχαῖς,
1039 5238 1210 5301 οῦτως
1231 5237 1437 5301 τούτοις
1458 5235 1776 5305 ἀναλογίζου

193 5334 307 5394 τοῖς
348 5348 406 5383 τε
446 5332 638 5400 χωλοῖς
692 5332 788 5384 καὶ
820 5332 1020 5399 κωφοῖς
1057 5328 1404 5400 ἐξετασθῆναι
1430 5329 1523 5382 καὶ
1550 5329 1618 5382 τὰ
1650 5329 1776 5399 περὶ

195 5422 291 5475 τοῦ
326 5422 797 5494 σεληνιαζομένου.
831 5422 984 5473 Ἐστι
1004 5421 1111 5491 γὰρ
1134 5420 1281 5472 τουτί
1311 5419 1372 5472 τὸ
1409 5419 1579 5482 πάθος
1605 5419 1778 5471 ἐπιτι-

196 5513 425 5584 θέμενον
455 5516 549 5585 μὲν
586 5514 644 5563 ἒν
675 5531 807 5567 τισιν
834 5513 1024 5585 ὥραις,
1046 5512 1410 5581 ἀφιστέμενον
1430 5512 1487 5564 δὲ
1518 5513 1572 5564 ἐν
1598 5510 1775 5563 πλείο-

265 5605 312 5635 ⁹²
336 5605 351 5658 Ι
377 5604 523 5660 Petr.
554 5621 602 5666 ν,
635 5604 690 5660 6.
763 5604 808 5635 ⁸³
829 5602 991 5658 Exod.
1011 5618 1199 5669 χχχιιι,
1232 5601 1321 5659 20.

273 5722 383 5793 (92)
414 5721 618 5779 Confer
643 5722 781 5777 edita
814 5721 920 5776 hic.

1883 4518 1968 4562 tus
1996 4517 2177 4573 sanet;
2222 4507 2651 4578 utparalyticum
2679 4507 2731 4560 in
2761 4507 3058 4574 probatica.
3085 4502 3176 4557 liae
3224 4516 3457 4571 namque

1882 4600 2192 4654 sanationes
2225 4598 2366 4653 inter
2388 4614 2444 4653 se
2473 4608 2656 4652 mutuo
2678 4596 2906 4659 collatze,
2923 4595 2969 4648 ei
2997 4595 3086 4665 qui
3112 4593 3458 4648 valetaudire

1833 4683 1842 4691 ’
1884 4690 2203 4762 sapientiam
2222 4689 2313 4744 Dei
2332 4689 2664 4745 occultatam
2692 4690 2745 4741 in
2769 4686 3048 4759 mysterio,
3075 4685 3240 4739 multa
3255 4699 3453 4754 suppe-

1886 4783 2139 4839 ditabunt
2162 4781 2657 4846 documenta,etde
2672 4778 2903 4835 diversis
2932 4777 3107 4846 quoad
3135 4776 3346 4830 animas
3375 4774 3455 4829 af-

1884 4873 2226 4940 fectionibus,
2252 4881 2306 4928 et
2350 4872 2417 4928 de
2449 4871 2608 4927 modo
2648 4868 3015 4925 curandarutu
3048 4882 3256 4921 earum.

1955 5054 2056 5111 Ubi
2109 5054 2253 5108 enim
2301 5066 2517 5107 omnem
2564 5052 2811 5105 morbum
2851 5058 2906 5104 et
2954 5048 3302 5117 languorem,
3336 5060 3454 5115 quae

1881 5148 2131 5202 Christus
2177 5146 2229 5200 in
2265 5144 2436 5199 turbis
2470 5154 2628 5197 antea
2666 5142 2906 5206 sanavit,
2943 5156 3064 5196 cum
3106 5138 3455 5210 proportione

1883 5239 2131 5293 retuleris
2175 5238 2241 5293 ad
2291 5236 2571 5307 passiones
2607 5236 2825 5299 animm,
2866 5244 2993 5290 tunc
3017 5248 3082 5288 ex
3128 5233 3212 5287 bis
3236 5232 3455 5285 ratioci-

1881 5346 2031 5397 nare,
2058 5346 2177 5385 cum
2208 5329 2413 5385 claudis
2428 5341 2483 5385 et
2506 5328 2665 5382 mutis
2691 5327 2918 5382 conferri
2948 5327 3108 5381 etiam
3139 5340 3256 5394 qua:
3285 5323 3352 5378 de
3377 5322 3453 5376 lu-

1882 5418 2057 5474 natico
2077 5429 2219 5474 sunt.
2243 5418 2336 5473 Est
2354 5419 2495 5473 enim
2518 5417 2735 5481 morbus
2757 5417 2858 5472 iste
2880 5416 3168 5484 ejusmodi,
3193 5424 3249 5469 ut
3273 5428 3459 5485 aggre-

1880 5508 2056 5565 diatur
2095 5510 2256 5567 certis
2280 5510 2461 5583 horis,‘_
2484 5509 2603 5566 aliis
2641 5523 2769 5565 vero
2804 5507 3044 5579 pluribus
3072 5504 3453 5575 recedat,qui-
