3888 6214
1304 281 1867 342 SUPPLEMENTUM
1901 287 1994 340 AD
2032 287 2358 345 ORIGENIS
2392 289 2804 350 EXEGETICA.
3570 297 3674 351 ’548

414 392 515 446 bus
552 392 687 447 nihil
725 393 941 450 differre
995 397 1180 453 videas
1216 400 1359 456 hunc
1398 414 1684 474 aegrotum,
1719 418 1777 461 et
1815 409 1989 462 virum

2102 427 2200 473 σιν,
2227 412 2283 464 ὲν
2322 408 2409 475 αἷς
2432 413 2582 466 οὐδὲν
2612 414 2856 486 διαφέρει
2902 415 2930 467 ὁ
2969 414 3251 480 πεπονθὼς
3280 416 3536 485 ὑγιαίνων
3588 435 3671 469 τε.

412 484 553 539 bene
592 486 882 541 valentem.
934 488 999 542 Et
1031 490 1225 544 animae
1260 492 1420 562 igitur
1448 497 1693 564 quaedam
1738 498 1876 553 bene
1906 515 1990 553 va-

412 574 527 631 lere
572 581 926 648 temperantia
974 581 1205 639 fortasse
1260 585 1679 653 existimantur,
1709 598 1764 644 et
1810 592 1990 646 vivere

413 679 571 738 prout
618 672 762 726 ratio
793 674 1069 743 postulat:
1110 686 1167 731 at
1201 676 1429 732 subinde
1471 682 1832 736 succumbunt
1864 698 1992 750 pas-

410 761 677 827 sionibus,
701 777 825 818 cum
857 774 1005 819 stare
1027 768 1364 832 viderentur,
1391 769 1581 826 fraude
1603 774 1783 828 saeculi
1807 774 1984 845 hujus,

412 851 640 922 aliisque
660 856 1113 924 concupiscentiis
1156 858 1241 924 Hi,
1275 861 1666 929 utspiritaliter
1682 863 1988 933 loquamur,

412 941 631 999 lunatici
656 956 804 1013 sunt,
829 948 1091 1020 proﬂigati
1122 966 1151 1004 a
1179 953 1545 1021 spiritualibus
1580 958 1854 1025 nequitiae,
1874 974 1992 1027 qua:

410 1035 807 1094 delitescuntin
844 1042 1202 1111 passionibus,
1238 1047 1436 1101 cadunt
1463 1048 1516 1102 in
1551 1050 1723 1119 ignem
1766 1052 1992 1106 combu-

410 1132 673 1200 stionum,
694 1133 983 1203 aliquando
1006 1138 1055 1191 in
1089 1154 1284 1207 aquam
1306 1158 1316 1192 :
1338 1141 1552 1209 quando
1569 1157 1661 1196 rex
1693 1144 1989 1198 draconum

408 1222 650 1276 omnium
682 1226 1023 1293 aquatilium,
1053 1228 1301 1297 proﬂigat
1329 1246 1423 1285 eos
1447 1232 1513 1285 de
1536 1231 1687 1299 ﬂatu,
1718 1249 1823 1304 quo
1845 1237 1993 1291 vide-

411 1314 608 1370 bantur
628 1316 853 1373 liberius
897 1322 1206 1388 perspirare
1228 1361 1244 1385 ,
1288 1333 1347 1376 ut
1384 1324 1675 1378 devenient
1709 1326 1764 1380 in
1792 1327 1993 1382 altissi-

411 1422 529 1461 mos
549 1417 712 1463 aestus
741 1412 911 1465 maris
943 1413 1193 1468 humanze
1217 1415 1361 1469 vitae.

482 1609 540 1664 ln
571 1613 672 1666 hac
693 1612 1029 1682 expositione
1060 1616 1436 1687 astipulabitur
1463 1620 1622 1676 nobis
1647 1623 1737 1691 qui
1768 1624 1899 1678 dicit
1939 1625 1991 1679 in

412 1704 701 1775 Sapientia
738 1707 805 1759 de
858 1707 987 1777 justi
1036 1711 1403 1778 aequabilitate
1437 1727 1452 1765 :
1486 1711 1746 1768 Narratio
1788 1717 1886 1769 viri
1917 1718 1991 1785 pii

408 1809 610 1861 semper
641 1795 899 1860 sapientia
927 1798 973 1828 ’δ
1001 1815 1014 1863 ;
1038 1808 1093 1852 et
1122 1800 1188 1854 de
1228 1801 1516 1871 oppositis,
1551 1801 1758 1857 Stultus
1786 1821 1907 1858 vero
1936 1814 1992 1858 ut

410 1885 540 1940 luna
572 1898 811 1941 mutatur
842 1889 909 1945 ".
942 1889 1094 1945 Licet
1128 1907 1344 1962 quoque
1376 1895 1430 1948 in
1466 1894 1661 1950 talibus
1697 1896 1884 1953 videre
1910 1898 1993 1951 af-

410 1976 674 2034 fectiones
721 1981 983 2048 quasdam
1040 1982 1287 2039 valentes
1335 1985 1402 2039 ad
1460 1987 1992 2043 commendationem

408 2070 686 2125 attrahere
712 2085 805 2126 eos
833 2072 925 2142 qui
977 2075 1453 2131 non‘incumbunt
1500 2078 1685 2133 animo
1726 2079 1993 2134 instabili-

410 2162 506 2215 tati
535 2176 746 2229 eorum,
777 2178 948 2233 usque
978 2166 1114 2221 adeo
1145 2176 1207 2221 ut
1243 2166 1327 2223 fas
1370 2170 1443 2223 sit
1468 2169 1650 2225 dicere
1679 2170 1858 2226 inesse
1890 2171 1997 2226 illis

407 2253 803 2323 plenilunium,
852 2265 942 2309 aut
989 2255 1103 2312 fere
1142 2257 1517 2328 plenilunium.
1562 2257 1774 2316 Videris
1828 2263 1994 2316 etiam

406 2357 595 2399 rursus
634 2344 943 2399 simulatmn
976 2348 1120 2416 quod
1176 2348 1253 2401 illi
1293 2349 1511 2405 videtur
1551 2351 1729 2407 inesse
1770 2352 1995 2418 lumen;

407 2436 613 2501 lumen,
660 2435 901 2505 inquam,
938 2451 1043 2490 non
1091 2438 1381 2506 diurnum,
1411 2439 1506 2494 sed
1554 2450 1881 2496 nocturnum
1913 2444 1996 2496 lu-

409 2541 555 2591 men,
580 2536 635 2582 et
655 2528 707 2581 in
741 2536 946 2582 tantum
982 2528 1269 2594 deﬁciens,
1294 2532 1470 2585 donec
1502 2546 1610 2586 non
1659 2533 1891 2602 amplius
1916 2535 1998 2587 vi-

407 2621 600 2672 deatur
645 2633 767 2674 esse
800 2618 1003 2685 lumen,
1035 2620 1178 2688 quod
1228 2621 1282 2674 in
1342 2621 1451 2677 illis
1504 2624 1657 2678 cerni
1706 2626 1896 2694 possit.
1933 2621 1993 2680 Si

406 2728 537 2781 ergo
565 2713 744 2767 omnis
772 2714 954 2767 anima
981 2713 1173 2783 angelo
1201 2715 1452 2783 subjecta
1487 2730 1594 2783 est,
1631 2720 1859 2789 angelus
1884 2720 1997 2776 fne-

410 2806 483 2857 rit
523 2804 626 2858 iste
677 2804 902 2859 lunatici
937 2815 1112 2874 pater,
1149 2821 1313 2861 orans
1342 2816 1600 2877 tanquam
1632 2826 1727 2878 pro
1767 2811 1877 2865 lilio
1905 2811 1995 2867 Je-

406 2911 551 2961 sum,
575 2906 763 2966 utpote
783 2912 889 2952 non
921 2897 1136 2953 valente
1166 2898 1236 2952 ab
1280 2898 1527 2956 inferiori
1559 2903 1727 2958 verbo
1761 2903 1995 2974 discipu-

406 2992 585 3043 lorum
622 2990 803 3044 curari
828 2988 896 3043 ab
930 2990 1263 3049 inﬁrmitate.

477 3080 683 3136 Mutum
722 3096 786 3135 ac
808 3081 1033 3137 surdum
1079 3083 1432 3152 dzemonium,
1478 3097 1608 3142 sunt
1648 3089 1989 3146 irrationales
2017 3104 2059 3162 (ξ

406 3173 724 3229 affectiones
754 3174 1253 3246 propensionesque
1288 3177 1353 3231 ad
1380 3179 1456 3244 id,
1486 3181 1627 3249 quod
1660 3182 1874 3237 videtur
1895 3183 1991 3236 bo-

407 3281 560 3331 num,
608 3280 640 3319 a
679 3266 892 3321 ratione
927 3269 1296 3338 depromptae,
1342 3286 1479 3339 quas
1526 3273 1643 3341 ipsa
1695 3274 1993 3330 irrationali

409 3362 613 3430 impetu
656 3360 1009 3429 producebat,
1034 3376 1262 3432 quaeque
1289 3378 1318 3415 a
1347 3365 1648 3421 videntibus
1667 3368 1994 3435 putabantur

408 3452 599 3508 istbmc
642 3450 823 3505 facere
870 3452 1167 3508 secundum
1211 3454 1477 3510 rationem
1540 3457 1803 3512 doctrina:
1844 3456 1990 3513 Jesu.

411 3545 639 3603 Diﬁicile
661 3560 789 3601 vero
813 3549 999 3601 curari
1036 3557 1214 3618 potest
1237 3550 1547 3616 huiusmodi
1574 3552 1817 3615 morbus,
1846 3550 1994 3605 vide-

408 3651 609 3711 turque
662 3659 917 3715 magnum
946 3645 1100 3715 quid,
1136 3659 1257 3714 quae
1307 3644 1446 3698 bene
1478 3658 1584 3698 non
1624 3643 1827 3698 habent
1853 3644 1992 3699 bene

406 3732 578 3787 fuisse
602 3732 765 3801 facta,
804 3744 997 3804 estque
1028 3735 1164 3789 adeo
1193 3736 1249 3789 in
1294 3735 1416 3790 istis
1449 3750 1640 3806 magna
1684 3736 1989 3805 hujusmodi

405 3819 714 3891 eﬂicientia,
751 3834 809 3879 ut
839 3825 1009 3879 monti
1040 3840 1163 3879 eam
1199 3839 1521 3894 comparare
1558 3826 1740 3892 liceat,
1769 3841 1889 3896 qua:
1918 3827 1993 3879 in-

410 3914 558 3982 diget
602 3925 660 3968 ut
703 3917 1115 3973 lransferatura
1146 3920 1387 3989 patiente
1427 3935 1523 3987 per
1569 3933 1785 3973 omnem
1829 3917 1989 3972 ﬁdem

408 4009 672 4062 curantis.
725 4009 819 4063 Est
864 4026 1029 4079 porro
1075 4012 1256 4066 omnis
1299 4009 1435 4066 ﬁdes
1476 4018 1790 4079 comparata
1824 4024 1993 4079 grano

408 4099 682 4169 sinapeos.
716 4100 849 4167 Quia
881 4103 1032 4156 nihili
1066 4104 1284 4172 quidem
1332 4113 1614 4173 reputatur
1652 4102 1787 4157 lides
1814 4103 1881 4155 ab
1905 4102 1995 4155 ho-

409 4190 670 4258 minibus,
715 4202 771 4246 et
805 4193 1175 4248 modicissitna
1219 4208 1305 4247 res
1335 4203 1420 4248 est
1465 4193 1606 4262 apud
1639 4194 1759 4247 illos
1784 4233 1799 4257 ,
1830 4203 1993 4261 atque

405 4280 529 4336 vilis
576 4296 697 4337 esse
740 4283 990 4351 videtur;
1019 4294 1073 4339 at
1123 4285 1211 4338 ubi
1240 4284 1432 4339 sortita
1471 4282 1635 4338 fuerit
1669 4292 1871 4337 terram
1906 4285 1995 4337 bo-

406 4387 531 4427 nam
556 4414 571 4439 ,
600 4373 651 4427 id
685 4384 769 4429 est
807 4377 1067 4438 animam,
1105 4374 1164 4427 lit
1205 4376 1368 4428 arbor
1392 4387 1617 4442 procera
1650 4389 1821 4442 usque
1855 4374 1992 4427 adeo

2092 503 2200 555 Καὶ
2230 502 2397 573 ψυχαὶ
2420 505 2556 573 ,γοῦν
2603 524 2749 571 τινες
2785 507 3043 575 ὑγιαίνειν
3104 510 3203 579 μὲν
3244 511 3299 560 ἐν
3349 508 3675 581 σωφροσύνῃ

2089 596 2230 665 τάχα
2253 596 2581 667 νομίζονται,
2616 600 2709 652 καὶ
2744 599 2891 669 βιοῦν
2926 599 3002 662 ὡς
3027 599 3226 669 ὁλόγος
3262 600 3527 670 βούλεται·
3554 595 3675 653 εἶτα

2091 687 2201 741 ἐσθ’
2250 691 2339 743 ὅτε
2400 693 2833 747 καταπίπτουσιν
2885 693 2990 746 ὑπὸ
3033 694 3141 746 τῶν
3175 694 3362 747 παθῶν
3419 695 3527 748 ἀπὸ
3577 696 3673 749 τοῦ

2086 783 2379 854 ἐπηκέναι
2433 785 2728 839 δοκεῖν.....
2776 787 2902 856 περὶ
2934 787 3033 858 τὴν
3081 788 3296 859 ἀπάτην
3338 787 3430 840 τοῦ
3476 787 3675 851 αἰῶνος

2089 872 2279 925 τούτου
2300 875 2392 927 καὶ
2428 877 2545 937 ταῖς
2569 874 2779 938 λοιπαῖς
2802 875 3143 946 ἐπιθυμίαις.
3172 872 3350 940 Οὗτοι,
3370 894 3673 946 πνευματι-

2092 965 2203 1028 κῶς
2232 967 2426 1031 είπεῖν,
2460 967 2883 1039 σεληνιάζονται,
2919 967 3377 1039 καταϐαλλόμενοι
3420 968 3524 1020 ὑπὸ
3561 968 3675 1019 τῶν
3728 1011 3733 1013 .

2092 1056 2150 1107 ἐν
2181 1058 2293 1118 τοῖς
2324 1056 2675 1128 ἐνδομυχοῦσι
2720 1058 2915 1111 πάθεσι
2950 1058 3330 1128 πνευματικῶν
3371 1058 3470 1129 τῆς
3502 1075 3674 1128 πονη-

2097 1146 2233 1218 ρίας,
2270 1147 2556 1201 πίπτουσιν
2585 1152 2665 1213 είς
2691 1150 2750 1204 τὸ
2783 1151 2892 1222 πῦρ
2916 1152 3025 1206 τῶν
3055 1154 3367 1224 πυρώσεων·
3406 1152 3577 1205 ἐνίοτε
3615 1153 3675 1204 δὲ

2093 1241 2171 1301 εἰς
2196 1240 2255 1292 τὸ
2285 1238 2447 1311 ὕδωρ,
2469 1241 2559 1292 ὅτε
2593 1241 2618 1293 ὁ
2646 1240 2897 1310 βασιλεὺς
2926 1244 3142 1296 πάντων
3169 1243 3278 1296 τῶν
3300 1243 3357 1294 ὲν
3385 1244 3497 1304 τοῖς
3516 1240 3676 1293 ὕδασι

2092 1329 2420 1399 δρακόντων,
2464 1332 2813 1385 καταϐάλλων
2856 1335 3054 1397 αὐτοὺς
3109 1334 3216 1388 ἀπὸ
3247 1334 3340 1387 τοῦ
3389 1333 3677 1405 ἐλεύθερον

2092 1419 2267 1473 δοκεῖν
2288 1422 2564 1487 ἀναπνεῖν,
2608 1426 2700 1477 ἐπὶ
2738 1426 2799 1477 τὸ
2823 1426 2991 1480 εῐκειν
3024 1427 3134 1499 (95)
3166 1429 3245 1489 εἰς
3277 1426 3346 1479 τά
3374 1426 3512 1496 βάθη
3562 1425 3684 1478 τῶν

2094 1514 2353 1583 κυμάτων
2392 1514 2491 1584 τῆς
2522 1516 2796 1589 θαλάσσης
2826 1517 2920 1571 τοῦ
2953 1518 3061 1572 τῶν
3095 1519 3395 1591 ἀνθρώπων
3430 1518 3565 1588 βίου.

2165 1608 2348 1679 Ταύτῃ
2378 1612 2443 1680 τῇ
2467 1610 2713 1681 διηγήσει
2740 1610 3094 1681 συμϐαλεῖται
3117 1613 3247 1682 ἡμῖν
3274 1613 3303 1663 ὁ
3331 1610 3503 1678 λέγων
3524 1611 3581 1662 ὲν
3610 1611 3678 1679 τῇ

2096 1700 2303 1767 Σοφίᾳ,
2341 1701 2467 1772 περὶ
2502 1701 2600 1771 μὲν
2630 1702 2727 1770 τῆς
2776 1700 2871 1754 τοῦ
2914 1702 3122 1755 δικαίου
3161 1702 3511 1773 ὁμαλότητος·
3548 1688 3709 1767 Ani—~

2098 1806 2275 1860 τησις
2302 1792 2593 1858 εὐσεϐοῦς
2627 1792 2725 1846 διὰ
2766 1794 2995 1859 παντὸς
3037 1796 3242 1863 σοφία·
3294 1794 3423 1864 περὶ
3467 1792 3525 1845 δὲ
3569 1791 3685 1845 τῶν

2097 1884 2521 1956 ἀποδεδομένων·
2550 1886 2603 1938 Ὁ
2628 1884 2696 1938 δὲ
2722 1886 2926 1955 ἄφρων
2949 1887 3028 1951 ὡς
3050 1884 3281 1952 σελήνη
3311 1883 3679 1938 ἀλλοιοῦται.

2098 1978 2207 2030 Καὶ
2247 1977 2361 2030 ἔστι
2407 1978 2501 2031 καὶ
2533 1979 2590 2030 ἐν
2622 1980 2735 2041 τοῖς
2776 1978 3035 2041 τοιούτοις
3072 1978 3199 2030 ἰδεῖν
3228 1977 3405 2047 ὁρμὰς
3456 1991 3683 2027 συνεπι-

2100 2070 2335 2123 σπᾶσθαι
2363 2068 2665 2140 δυναμένας
2699 2070 2836 2141 πρὸς
2857 2069 3074 2123 ἔπαινον
3094 2070 3219 2132 τοὺς
3253 2068 3327 2139 μὴ
3352 2067 3685 2136 ἐφιστάντας

2097 2163 2271 2216 αὐτῶν
2286 2162 2364 2233 τῷ
2387 2162 2787 2233 ἀνερματίστῳ,
2824 2161 2965 2214 ὥστε
2990 2164 3164 2214 εἰπεῖν
3199 2160 3264 2213 ἂν
3287 2160 3447 2213 οἱονεὶ
3480 2158 3685 2212 πανσέ-

2096 2256 2255 2325 ληνον
2298 2250 2437 2309 εἶναι
2486 2257 2542 2307 ἐν
2586 2255 2788 2318 αὐτοῖς,
2835 2255 3033 2326 ἢπαρ’
3089 2250 3269 2322 ὀλίγον
3321 2253 3681 2323 πανσέληνον.

2100 2348 2262 2411 Ἷδοις
2287 2348 2331 2399 δ’
2354 2347 2418 2401 ἂν
2444 2347 2605 2401 πάλιν
2631 2347 2965 2418 μιμούμενον
2998 2347 3054 2399 τὸ
3077 2344 3233 2410 δόξαν
3257 2341 3390 2400 εἶναι
3410 2350 3466 2398 ὲν
3496 2345 3685 2408 αὐτοῖς

2099 2441 2232 2510 φῶς·
2263 2441 2382 2510 οὐχὶ
2406 2440 2521 2509 φῶς
2541 2440 2795 2511 ἡμερινὸν
2826 2440 3114 2511 τυγχάνον,
3137 2438 3272 2491 ἀλλὰ
3292 2438 3407 2507 φῶς
3429 2454 3683 2506 νυκτεριο

2098 2535 2208 2598 νὺν,
2263 2535 2356 2587 καὶ
2388 2533 2481 2586 ἐπὶ
2514 2532 2768 2586 τοσοῦτον
2823 2530 3009 2602 λῆγον,
3051 2531 3156 2594 ἕως
3189 2530 3325 2602 μηδὲ
3350 2530 3525 2582 δοκεῖν
3564 2527 3687 2597 φῶς

2097 2625 2235 2680 εἶναι
2282 2626 2709 2697 ὲπιὸλεπόμενον
2751 2614 2861 2697 (94)
2890 2626 2947 2678 ὲν
2992 2624 3175 2688 αὐτοῖς
3208 2624 3449 2693 γένηται.
3485 2623 3551 2675 Ei
3587 2616 3685 2674 οῦν

2099 2720 2246 2772 πᾶσα
2293 2719 2436 2789 ψυχὴ
2482 2718 2573 2770 ὑπ’
2608 2717 2825 2787 ἀγγέλῳ
2864 2716 3143 2781 τέτακται,
3174 2717 3202 2767 ὁ
3245 2713 3339 2768 τοῦ
3368 2711 3692 2784 σεληνιαζο-

2101 2812 2266 2883 μένου
2300 2810 2482 2882 πατὴρ
2508 2811 2572 2863 ἂν
2621 2802 2775 2873 οὗτος
2825 2808 2989 2872 ἀξιῶν
3020 2808 3096 2872 ὠς
3115 2808 3243 2879 περὶ
3276 2805 3391 2860 υίοῦ
3432 2806 3524 2858 τὸν
3578 2806 3688 2874 Ἰη-

2099 2902 2248 2969 σοῦν,
2285 2905 2360 2967 ὡς
2396 2902 2470 2975 μὴ
2503 2902 2797 2974 δυνηθέντα
2833 2902 2942 2973 (95)
2974 2900 3081 2954 ἀπὸ
3105 2900 3495 2971 ὑποδεεστέρου
3521 2899 3687 2968 λόγου

2097 2997 2204 3049 τῶν
2233 2995 2490 3066 μαθητῶν
2521 2994 2925 3066 θεραπευθῆναι
2958 2994 3064 3047 ὑπὸ
3096 2993 3189 3046 τοῦ
3218 2993 3440 3056 πάθους.

2168 3087 2393 3140 Ἔστιδὲ
2414 3086 2609 3140 ἄλαλον
2636 3088 2727 3140 καὶ
2742 3086 2925 3155 κωφὸν
2953 3085 3229 3156 δαιμόνιον
3260 3086 3314 3137 αἱ
3345 3084 3527 3153 ἄλογοι
3544 3082 3689 3154 πρὸς

2094 3180 2155 3234 τὸ
2174 3180 2364 3234 δοκοῦν
2394 3180 2557 3233 καλὸν
2588 3181 2781 3251 ὁρμαὶ,
2813 3178 2917 3233 ὑπὸ
2940 3178 3033 3231 τοῦ
3069 3179 3227 3247 λόγου
3261 3176 3686 3247 ἐκϐαλλόμεναι,

2095 3273 2161 3336 ἃς
2186 3273 2348 3336 αὐτὸς
2388 3273 2562 3326 ἐποίει
2611 3272 2791 3343 ἀλόγῳ
2827 3273 2987 3343 φορᾷ,
3034 3271 3384 3341 νομιζόμεναι
3423 3269 3527 3322 ὑπὸ
3574 3268 3691 3323 τῶν

2096 3364 2399 3435 βλεπόντων
2434 3363 2575 3417 κατά
2626 3363 2784 3432 λόγον
2830 3362 3004 3416 ταῦτα
3057 3362 3319 3433 πράττειν
3349 3360 3448 3431 τῆς
3506 3360 3687 3430 Ἰησοῦ

2092 3454 2458 3518 διδασκαλίας.
2490 3455 2745 3507 Δυσίατον
2774 3455 2831 3508 δὲ
2853 3454 3010 3507 τοῦτο
3029 3455 3089 3508 τὸ
3121 3453 3313 3517 πάθος,
3338 3470 3431 3506 και
3466 3453 3691 3523 ἰσχυρὸν

2092 3548 2239 3601 δοκεῖ
2260 3545 2439 3608 καλῶς
2466 3545 2777 3617 πεπρᾶχθαι
2795 3545 2861 3597 τά
2882 3546 2954 3616 μὴ
2984 3544 3183 3609 καλῶς,
3212 3544 3305 3597 καὶ
3335 3544 3479 3596 ἔστιν
3510 3542 3689 3606 οὕτως

2094 3640 2152 3691 ὲν
2191 3640 2304 3701 τοῖς
2354 3636 2616 3700 τοιούτοις
2653 3636 2862 3707 μεγάλη
2896 3634 3181 3706 ἡτοιαύτη
3228 3635 3497 3704 ἐνέργεια,
3539 3634 3687 3687 ὥστε

2092 3728 2297 3801 ταύτην
2329 3728 2445 3800 ὄρει
2499 3727 2963 3799 παραϐάλλεσθαι,
3002 3726 3235 3798 δεομένη
3293 3728 3380 3779 ἵνα
3413 3726 3703 3803 μετατεθῇ.

2092 3820 2201 3874 ἀπὸ
2234 3820 2326 3874 τοῦ
2375 3820 2674 3890 πάσχοντος
2725 3819 2814 3872 διὰ
2848 3820 3031 3888 πάσης
3089 3819 3329 3881 πίστεως
3371 3818 3466 3870 τοῦ
3519 3817 3688 3890 θερα-

2094 3909 2367 3973 πεύοντος.
2407 3910 2559 3961 Ἔστι
2612 3909 2669 3962 δὲ
2712 3911 2744 3980 ἡ
2801 3910 2948 3961 πᾶσα
2994 3908 3176 3970 πίστις
3224 3906 3685 3977 παραϐαλλομένη

2094 4001 2275 4070 κόκκῳ
2304 4000 2592 4063 σινάπεως·
2641 4000 2765 4052 ,ἐπεῖ⁵
2810 4000 3167 4064 ὲξουθενεῖται
3222 3999 3321 4069 μὲν
3374 3999 3524 4069 παρά
3574 4000 3686 4051 τῶν

2093 4091 2394 4163 ἀνθρώπων
2427 4094 2459 4162 ὴ
2510 4092 2712 4154 πίστις,
2743 4091 2836 4145 καὶ
2864 4089 3201 4162 βραχύτατόν
3226 4093 3365 4153 ἐστι,
3402 4089 3496 4141 καὶ
3530 4088 3687 4140 εὖτε-

2093 4180 2183 4244 λὲς
2216 4178 2352 4235 εἶναι
2387 4181 2655 4251 φαίνεται·
2693 4181 2931 4251 τυχοῦσα
2953 4181 3010 4233 δὲ
3034 4182 3137 4251 γῆς
3172 4180 3406 4250 ἀγαθῆς,
3436 4180 3689 4233 τουτέστι

2093 4273 2291 4344 ψυχῆς,
2345 4273 2554 4341 γίνεται
2606 4273 2821 4344 δένδρον
2864 4273 3025 4343 μέγα*
3061 4272 3202 4325 ὥστε
3256 4272 3407 4324 οὐδὲν
3446 4271 3545 4341 μὲν
3578 4271 3691 4325 τῶν

2097 4366 2373 4436 ἀπτέρων,
2404 4364 2470 4417 τά
2521 4364 2577 4417 δὲ
2625 4364 2982 4435 ἐπτερωμένοι
3032 4365 3417 4435 πνευματικῶς
3462 4364 3692 4417 πετεινά

407 4476 467 4518 ut
504 4465 708 4520 nullum
742 4465 845 4520 alis
874 4468 1174 4520 carentium
1198 4508 1212 4532 ,
1242 4466 1429 4536 utique
1458 4481 1584 4520 vero
1605 4464 1743 4519 alata
1774 4465 1989 4535 spirita-

2102 4457 2184 4510 τοῦ
2214 4455 2443 4527 ούρανοῦ
2464 4458 2841 4526 κατασκηνοῦν
2864 4456 3122 4510 δύνασθαι
3152 4458 3207 4509 ἐν
3224 4458 3334 4519 τοῖς
3348 4456 3563 4521 κλάδοις
3586 4456 3691 4527 τῆς

405 4555 530 4611 liter
552 4556 794 4612 volucria
826 4558 972 4626 caeli,
1004 4558 1253 4614 habitare
1287 4559 1499 4628 possint
1534 4558 1589 4612 in
1634 4557 1800 4611 ramis
1828 4566 1991 4611 tantae

2102 4548 2347 4619 τοιαύτης
2380 4547 2638 4611 πίστεως.

406 4646 567 4715 hujus
589 4648 733 4702 lidei.

409 4734 594 4788 v.43.
640 4735 897 4793 Omnibus
946 4751 1123 4803 autem
1177 4739 1564 4793 admirantibus
1618 4741 1681 4792 de
1745 4739 1983 4793 omnibus
2091 4727 2237 4803 Στίᾉ·
2286 4742 2379 4803 ,μΥ

549 4806 733 4874 quibus
765 4809 884 4877 fecit
918 4810 1075 4864 Jesus
1101 4855 1114 4878 ,
1154 4812 1289 4863 dixit
1316 4811 1385 4863 ad
1408 4810 1690 4878 discipulos
1713 4826 1836 4863 suos
1872 4826 1889 4862 :

417 4957 455 5011 V
517 4959 607 5013 44.
649 4959 835 5015 Ponite
863 4981 950 5018 vos
982 4964 1035 5018 in
1066 4967 1285 5019 auribus
1323 4967 1503 5020 vestris
1545 4981 1806 5019 sermones
1838 4967 1983 5020 istos.

489 5027 659 5082 Filius
692 5032 827 5085 enim
855 5036 1080 5088 hominis
1105 5038 1390 5089 tradendus
1417 5047 1489 5089 est
1520 5035 1574 5089 in
1602 5052 1789 5090 manus
1817 5036 1986 5089 Itami-

483 5115 627 5154 uuam

484 5190 529 5243 A
563 5206 800 5259 quonam
836 5197 1129 5251 tradendus
1164 5198 1295 5253 est?
1334 5198 1625 5268 Apostolus
1659 5197 1875 5267 quidem
1910 5198 1992 5251 di-

411 5281 510 5345 cit,
535 5285 792 5337 traditum
838 5286 1005 5342 fuisse
1057 5289 1253 5343 Filium
1302 5305 1331 5343 a
1379 5291 1527 5354 Deo,
1560 5292 1812 5359 inquiens
1845 5306 1857 5342 :
1886 5291 1991 5355 Qui

2391 4766 2403 4778 .
2440 4723 2687 4778 Πάντων
2731 4723 2800 4776 δὲ
2837 4723 3254 4792 θαυμαζόντων
3306 4724 3408 4777 ἐπὶ
3470 4724 3685 4789 πᾶσιν,

2163 4792 2250 4885 οζς
2272 4792 2560 4877 ἐποίησεν
2578 4797 2609 4847 ό
2654 4794 2808 4862 Ἰησο
2818 4793 2876 4860 ῦς
2891 4836 2904 4859 ,
2937 4792 3067 4848 εἷπε
3089 4794 3241 4863 πρὸς
3257 4795 3399 4861 τοὺς
3412 4800 3687 4865 μαθητὰς

2164 4885 2371 4923 αυτου.

2096 4962 2242 5031 Στίχ.
2274 4958 2373 5032 μδ’.
2405 4956 2591 5012 Θέσθε
2626 4958 2795 5032 ⁴υμιιςῖς
2837 4960 2936 5032 εἰς.
2958 4958 3029 5010 τὰ
3055 4952 3178 5032 (btet
3206 4957 3375 5032 ὑμῶν
3396 4958 3546 5032 τοὺς.
3581 4960 3687 5011 λό-

2162 5028 2307 5099 γάυξ
2324 5031 2592 5093 τούτους.
2634 5030 2697 5080 '0
2720 5029 2837 5099 γὰρ,
2853 5029 2980 5094 Υἱὸς
3002 5029 3107 5081 τοῦ
3131 5028 3450 5096 ἀνθρώπου
3470 5028 3689 5097 μέλλει

2163 5097 2595 5169 παραδίδοσθαι
2626 5102 2713 5165 εὶς
2751 5097 2951 5167 χεῖρας
2976 5099 3323 5166 ἀνθρώπων.

2175 5195 2309 5247 Ὑπὸ
2359 5193 2503 5256 τίνος
2553 5193 2660 5263 ἄρα
2715 5191 2897 5261 μέλλει
2962 5190 3388 5259 παραδίδοσθαι;
3458 5189 3519 5244 Ὀ
3587 5190 3685 5259 μὲν

2104 5284 2420 5349 Ἀπόστολός
2455 5300 2586 5353 φησι
2648 5282 3044 5351 παραδεδόσθαι
3110 5285 3214 5337 ὑπὸ
3252 5286 3346 5337 τοῦ
3402 5284 3540 5337 Θεοῦ
3596 5286 3685 5337 τὸν

410 5376 628 5442 pr0prio
662 5373 804 5429 Filio
843 5395 936 5431 suo
973 5396 1077 5433 non
1118 5383 1480 5448 pepercit,sed
1509 5399 1604 5449 pro
1640 5382 1786 5434 nobis
1820 5385 1991 5436 omni-

2102 5378 2238 5440 Υἰὸν,
2268 5376 2406 5438 ἐκώς
2424 5374 2666 5446 (96)’Ὅς
2684 5392 2747 5443 γε
2764 5375 2867 5427 τοῦ
2888 5374 3043 5428 ἰδίου
3078 5376 3219 5430 Υἱοῦ
3239 5379 3351 5430 οὐκ
3375 5378 3685 5445 ἐφείσατο,

412 5466 506 5519 bus
529 5468 751 5521 tradidit
774 5468 923 5522 illum
955 5469 1020 5536 ⁸⁸,
1046 5486 1331 5540 passurum
1358 5487 1550 5544 nempe
1580 5488 1677 5542 pro
1700 5481 1812 5527 toto
1840 5489 1996 5527 mun-

483 5582 531 5614 ”
555 5582 719 5641 Ercli.
760 5599 927 5649 xxv",
970 5584 1059 5639 12.
1132 5587 1180 5619 ⁸⁵
1202 5586 1332 5645 ibid.
1406 5588 1453 5621 "
1486 5587 1643 5643 Rom.
1670 5601 1790 5653 Vttl,
1824 5585 1916 5642 52.

480 5675 595 5747 (95)
633 5675 790 5747 Forte
814 5678 992 5747 ἥκειν.

480 5743 593 5815 (95)
625 5745 783 5801 Forte
809 5743 955 5803 d'ecSt
981 5746 1066 5803 ἀν.

2100 5473 2235 5527 ἀλλ’
2274 5470 2426 5539 ὑπὲρ
2454 5467 2622 5538 ἡμῶν
2659 5468 2900 5524 πάντων
2937 5469 3284 5539 παρέδωκεν
3305 5471 3517 5536 αὑτὸν,
3545 5468 3690 5541 ὑπὲρ

2161 5676 2273 5749 (95)
2304 5675 2464 5749 Forte
2492 5676 2827 5749 δυνηθέντος.

2167 5748 2277 5817 (ινδ)
2308 5746 2507 5803 Είπὼν.
