3888 6214
197 316 309 373 ’549

1483 313 1777 371 SCHOLIA
1815 312 1883 367 IN
1921 310 2181 370 LUCAM.

3348 302 3457 357 350

193 434 320 487 ὅλου
372 431 465 486 τοῦ
512 429 719 502 κόσμου
767 432 1107 503 πεισόμενον,
1160 432 1247 486 ἵνα
1291 431 1406 501 ἄρῃ
1455 432 1619 486 αὐτοῦ
1666 430 1772 495 τὴν

1884 430 1975 497 do,
2008 439 2068 483 ut
2097 428 2217 498 ejus
2268 424 2471 479 tolleret
2496 433 2763 493 peccatum
2787 422 2854 475 ’⁷.
2890 421 3047 477 Dices
3073 429 3250 475 autem
3284 421 3450 475 etiam

194 526 513 594 ἁμαρτίαν·
546 526 692 605 ἐρεῖς
722 525 779 577 δὲ
824 524 919 577 καὶ
952 524 1058 577 ὑπὸ
1084 524 1179 577 τοῦ
1217 523 1463 578 διαὸόλου
1486 523 1781 597 παραδεδό-

199 617 323 669 σθαι
352 616 534 679 αὑτὸν,
564 616 654 683 ὑφ’
683 610 744 669 οῦ
767 615 1146 686 παραδίδονται
1171 617 1284 679 τοῖς
1305 615 1782 687 αἰχμαλωτεύσασι

194 708 265 760 τὰ
286 707 456 777 ζεύγη
488 708 583 761 καὶ
615 708 663 760 οἱ
697 708 805 761 ὄνοι
827 708 919 760 τοῦ
968 707 1109 773 Ἰὼϐ,
1140 704 1256 761 εἶτα
1292 711 1405 771 τοῖς
1436 707 1692 761 ἱππεῦσιν
1723 708 1781 760 αἱ

196 800 457 869 κάμηλοι,
491 798 571 869 τῷ
612 800 747 871 ’πιτυρῖ⁵
772 800 842 853 τὰ
871 800 1142 872 πρόϐατα,
1176 799 1254 871 τῷ
1287 800 1346 867 ἐξ
1382 801 1587 872 ἐρήμου
1618 799 1783 852 πνεύ-

200 909 331 961 ματι
387 894 444 945 αἱ
479 893 670 945 τούτου
723 892 1019 965 θυγατέρες
1066 893 1161 947 καὶ
1207 895 1256 946 ol
1312 893 1437 946 υἱοί.
1478 894 1658 945 Ἔστω
1688 887 1780 946 οὖν

197 984 414 1056 πρῶτον
448 985 554 1037 61:6
598 983 693 1037 τοῦ
748 984 962 1055 Πατρὸς
1012 984 1447 1056 παραδεδομένος
1486 987 1515 1037 6
1543 985 1668 1048 Υἱὸς
1701 986 1780 1048 εἰς

196 1080 387 1149 χεῖρας
425 1075 745 1149 ἀνθρώπωνε
776 1072 894 1130 εἶτα
933 1078 1037 1130 ὑπὸ
1067 1078 1162 1130 τοῦ
1211 1078 1403 1143 Ἰούδα,
1432 1079 1512 1142 είς
1542 1079 1605 1131 ὃν
1643 1078 1780 1149 μετά

194 1169 258 1221 τὸ
282 1170 495 1239 ψωμίον
525 1169 771 1239 εἰσῆλθεν
785 1170 814 1221 6
835 1171 1078 1233 Σατανᾶς
1094 1170 1460 1241 ἀρχικώτερον
1481 1170 1576 1223 τοῦ
1609 1170 1780 1224 ’ἰούδα

196 1262 528 1333 παραδιδοὺς
578 1262 757 1316 αὐτόν.
830 1262 967 1315 Ἀλλ’
1011 1264 1040 1315 6
1098 1264 1195 1334 μὲν
1242 1264 1430 1335 Πατὴρ
1487 1263 1591 1317 τοῦ
1627 1263 1778 1317 ίδίου

206 1353 346 1407 Υἱοῦ
366 1356 478 1407 οὐκ
505 1354 790 1423 ἐφείσατο
820 1354 1199 1426 φιλανθρωπίᾳ
1225 1358 1290 1426 τῇ
1334 1356 1469 1424 πρὸς
1500 1356 1647 1425 ἡμᾶς
1684 1356 1779 1408 καὶ

194 1446 547 1517 χρηστότητι·
607 1448 635 1499 6
683 1447 738 1500 δὲ
806 1446 1003 1511 Ἰούδας
1064 1448 1333 1520 μοχθηρίᾳ
1387 1447 1771 1519 προαιρέσεως.

195 1540 543 1604 Θανατωθεὶς
558 1540 636 1607 δὲ,
666 1540 774 1594 τὸν
796 1540 861 1594 τὸ
888 1540 1104 1609 κράτος
1124 1541 1343 1611 ἔχοντα
1366 1541 1472 1595 τοῦ
1494 1540 1772 1604 θανάτου,

193 1632 317 1701 ἦτοι
367 1633 467 1703 τῆς
507 1633 801 1703 ἁμαρτίας,
829 1632 1109 1688 διάϐολον
1150 1634 1507 1703 κατήργησε.
1537 1635 1776 1697 Θάνατος

194 1723 307 1795 γὰρ
332 1726 365 1795 ὴ
388 1725 633 1796 ἁμαρτία
657 1726 881 1796 κυρίως,
910 1726 1053 1780 κατὰ
1082 1727 1162 1779 τό·
1200 1725 1375 1794 Ψυχὴ
1402 1724 1773 1795 ἁμαρτάνου-

1884 539 1915 576 a
1964 520 2179 581 diabolo
2221 517 2478 571 traditum
2516 516 2685 569 fuisse
2728 513 2875 567 illum
2904 554 2919 578 ,
2948 529 2976 565 a
3006 528 3114 582 quo
3168 514 3454 566 traduntur

1883 612 2285 686 captivantibus
2321 611 2485 667 etiam
2512 607 2643 683 juga
2670 617 2725 663 et
2769 607 2907 662 asini
2932 605 3055 682 Joh,
3083 616 3269 675 postea
3300 608 3455 674 equi-

1883 710 2027 764 tibus
2076 704 2293 770 cameli,
2330 703 2437 775 igni
2483 717 2644 767 oves,
2690 706 2854 754 vento
2891 699 3092 765 deserti
3134 699 3293 765 hujus
3333 698 3457 751 lilia:

1881 812 1935 855 et
1960 800 2074 855 lilii.
2099 798 2229 854 Esto
2270 798 2431 866 igitur
2454 810 2470 859 ;
2509 795 2743 863 primum
2768 810 2797 846 a
2822 792 2983 846 Patre
3008 791 3236 845 traditus
3266 799 3348 844 est
3368 788 3459 844 Fi-

1884 889 1987 944 lius
2034 889 2086 943 in
2119 900 2312 941 manus
2356 885 2664 946 hominum,
2690 883 2883 937 deinde
2920 883 2989 935 ab
3021 880 3179 947 Juda,
3213 886 3265 933 In
3294 894 3453 947 quem

1882 990 2003 1052 post
2055 978 2356 1034 buccellam
2396 976 2672 1045 ingressus
2724 984 2807 1030 est
2855 973 3126 1039 Satanas,
3162 972 3257 1041 qui
3302 972 3458 1042 longe

1880 1082 2006 1127 ante
2037 1069 2231 1125 Judam
2256 1070 2553 1125 tradiderat
2581 1083 2725 1124 eum.
2767 1068 2836 1121 At
2870 1066 3030 1121 Pater
3056 1066 3269 1135 proprio
3313 1064 3456 1119 Filio

1878 1181 1974 1219 suo
2006 1180 2108 1218 non
2143 1165 2389 1233 pepercit,
2422 1162 2754 1217 humanitate
2795 1176 2856 1214 ac
2892 1159 3223 1226 benignitate
3275 1173 3371 1213 sua
3404 1159 3457 1211 in

1879 1270 1979 1309 nos
2009 1271 2022 1307 :
2056 1252 2225 1309 Judas
2274 1268 2438 1320 vero,
2478 1253 2681 1307 malitia
2722 1251 3037 1306 voluntatis.
3085 1248 3244 1304 Morti
3296 1264 3459 1318 porro

1878 1347 2055 1409 datus,
2074 1362 2192 1399 eum
2213 1345 2303 1415 qui
2328 1346 2604 1415 imperium
2627 1344 2845 1399 habebat
2872 1343 3075 1407 mortis,
3094 1342 3207 1397 sive
3228 1341 3458 1411 peccati,

1877 1436 2145 1490 diabolum
2203 1436 2654 1490 exauctoravit”.
2702 1433 2988 1488 Peccatum
3046 1433 3192 1487 enim
3244 1430 3461 1499 proprie

1879 1544 2025 1583 mors
2050 1538 2158 1592 est,
2185 1527 2337 1597 juxta
2383 1528 2510 1581 illud
2560 1544 2574 1581 :
2616 1526 2805 1579 Anima
2841 1541 3079 1594 peccans,
3113 1525 3225 1592 ipsa
3264 1523 3457 1575 morie-

1878 1633 1966 1676 tur
1995 1624 2061 1679 "'.
2091 1624 2169 1678 Ac
2191 1624 2451 1691 principes
2485 1622 2699 1691 quidem
2728 1624 3007 1677 astiterunt
3031 1621 3283 1674 adversus
3302 1617 3462 1671 Citri-

1876 1725 2014 1769 stum
2044 1716 2059 1745 ¹
2096 1730 2109 1766 :
2136 1730 2235 1768 nos
2261 1729 2388 1768 vero
2419 1714 2541 1768 inde
2583 1714 2750 1781 adjuti
2779 1714 2923 1782 quod
2961 1713 3076 1782 ipse
3100 1712 3314 1765 occisus
3344 1709 3461 1763 fue-

192 1788 300 1881 σα,
512 1788 920 1872 ἀποθανεῖται.
949 1818 1059 1871 Καὶ
1087 1820 1139 1870 ol
1186 1817 1282 1887 μὲν
1297 1788 1596 1885 ’ἀρχοντες
1624 1830 1772 1885 παρ-

1882 1808 1969 1871 rit,
1994 1807 2225 1861 dicimus
2257 1806 2385 1861 illud
2416 1807 2806 1873 :dirumpamus
2841 1804 3049 1858 vincula
3083 1819 3263 1857 eorum
3298 1804 3339 1855 ².
3368 1801 3459 1855 Et-

188 1907 470 1976 ἐστησαν
508 1911 656 1964 κατὰ
689 1909 796 1963 τοῦ
820 1910 1099 1978 Χριστοῦ,
1131 1911 1295 1981 ἡμεῖς
1320 1909 1377 1961 δέ
1404 1908 1776 1979 ὠφεληθέντες

187 2002 272 2071 τῷ
304 2003 510 2055 ἐκεῖνον
526 2002 885 2066 ἅπεκτάσθαι,
912 2002 1091 2073 φαμὲν
1106 2002 1185 2055 τό’
1206 2002 1617 2071 Διαρῤήξωμεν
1636 2001 1779 2068 τοὺς

187 2091 456 2163 δεσμοὺς
473 2093 690 2149 αὐτῶν.
722 2096 1062 2164 Σύμμορςροι
1095 2094 1203 2166 γάρ
1236 2096 1545 2165 γεγονότες
1579 2092 1658 2159 τῷ
1674 2097 1778 2148 θα-

187 2185 354 2249 νάτῳ
381 2186 489 2240 τοῦ
526 2188 808 2256 Χριστοῦ,
837 2188 1021 2241 οὐκέτι
1055 2188 1219 2258 ἐσμὲν
1265 2188 1369 2241 ὑπὸ
1392 2190 1519 2253 τοὺς
1546 2190 1780 2261 δεσμοὺς

186 2278 301 2333 τῶν
329 2280 601 2337 ἐναντίων·
636 2281 751 2335 ἀλλ’
790 2281 945 2334 αὐτοὶ
980 2280 1178 2352 μᾶλλον
1217 2281 1575 2350 ἐκγελῶν-ται
1618 2285 1781 2352 παρά

188 2371 301 2425 τοῦ
335 2371 758 2439 κατοικοῦντος
799 2373 867 2425 ἐν
908 2371 1187 2441 οὐρανοῖς
1239 2373 1490 2442 Πατρός,
1524 2375 1623 2429 καὶ
1657 2375 1778 2430 ὑπὸ

189 2461 302 2516 τοῦ
328 2464 549 2530 Κυρίου
566 2461 1040 2532 μυκτηρίζονται.
1098 2461 1359 2527 Ἀναστὰς
1399 2463 1507 2535 γὰρ
1536 2465 1779 2536 συμμόρ-

1880 1901 2024 1953 enim
2058 1898 2353 1967 conformes
2404 1899 2533 1968 facti
2573 1900 2733 1952 morti
2780 1897 2978 1951 Christi
3000 1898 3019 1929 ³
3042 1937 3058 1962 ,
3092 1910 3195 1949 non
3230 1893 3458 1962 amplius

1884 2006 2071 2046 sumus
2105 1991 2207 2045 sub
2242 1990 2468 2045 vinculis
2514 1991 2966 2051 adversariorum,
3008 1988 3102 2043 sed
3149 1987 3248 2055 ipsi
3281 1985 3464 2057 potius

1878 2082 2174 2136 irridentur
2206 2083 2268 2135 ab
2314 2099 2372 2136 eo
2401 2083 2493 2152 qui
2526 2083 2727 2135 habitat
2751 2084 2809 2135 in
2836 2082 2978 2135 cwlis
3002 2079 3182 2144 Patre,
3202 2090 3250 2133 et
3279 2096 3311 2132 a
3346 2077 3453 2132 Do-

1880 2177 2022 2229 mino
2046 2176 2495 2231 subsannantur‘.
2519 2175 2829 2240 Resurgens
2847 2175 2988 2229 enim
3012 2172 3317 2228 conformes
3362 2184 3463 2225 nos

1880 2264 2007 2320 fecit
2036 2267 2202 2321 etiam
2233 2267 2648 2322 resurrectiOnis
2677 2282 2787 2321 sua:
2812 2306 2827 2331 ,
2867 2281 2971 2319 non
3005 2262 3239 2332 amplius
3270 2262 3461 2316 seden-

1881 2363 1963 2409 tes
2006 2356 2333 2412 intenebris
2364 2367 2421 2411 et
2468 2356 2655 2410 umbra
2706 2356 2938 2422 mortis,
2983 2362 3268 2424 propterea
3314 2354 3461 2420 quod

1882 2455 2061 2501 ortum
2102 2448 2173 2502 sit
2202 2464 2365 2519 super
2392 2464 2489 2504 nos
2517 2449 2696 2502 lumen
2729 2445 2843 2501 Dei.

189 2572 331 2624 φους
364 2557 510 2627 ἡμᾶς
541 2556 807 2628 πεποίηκε
840 2558 1052 2627 καὶτῆς
1082 2556 1245 2611 αὐτοῦ
1280 2557 1647 2623 ἀναστάσεως,
1716 2560 1899 2615 οὐκέτι
1947 2563 2348 2636 καθεζομένους
2399 2567 2455 2620 ἐν
2504 2565 2682 2619 σκότει
2742 2566 2837 2619 καὶ
2885 2563 3011 2633 σκιᾷ
3078 2561 3331 2627 θανάτου,
3370 2559 3463 2615 διὰ

188 2649 256 2701 τὸ
281 2650 557 2704 ἀνατεῖλαι
583 2652 669 2719 ἐφ’
699 2653 846 2722 ἡμᾶς
885 2650 999 2719 φῶς
1031 2650 1127 2703 τοῦ
1161 2650 1315 2703 Θεοῦ.

189 2741 491 2813 Στίχ.-νζ,”ζ
529 2741 797 2813 Ἐγένετο
824 2741 894 2813 δὲ
934 2742 1351 2811 πορευομένων
1382 2742 1588 2813 αὐτῶν
1610 2743 1679 2797 ἐν
1706 2743 1781 2813 τῇ

341 2810 405 2875 ᾧ,
433 2807 565 2865 εἶπέ
601 2807 697 2878 τις
757 2812 907 2880 πρὸς
961 2807 1168 2867 αὖτόνῖ
1222 2812 1634 2879 Ἀκολουθήσω
1683 2807 1783 2868 σοὶ

264 2880 420 2934 ὅπου
438 2882 547 2934 ἐὰν
571 2882 823 2951 ἀπέρχῃ,
841 2884 1036 2951 Κύριε.

188 2971 342 3043 Στίχ.
373 2979 473 3042 νη’.
507 2973 615 3043 Καὶ
632 2969 800 3026 εἶπεν
824 2972 984 3038 αὐτῷ
1009 2975 1042 3026 ὁ
1083 2972 1339 3040 Ἰησοῦςο
1366 2975 1445 3043 Al
1472 2972 1776 3039 ἀλώπεκες

1890 2744 1955 2799 ν.
1990 2745 2081 2799 57.
2122 2747 2326 2799 Accidit
2352 2756 2548 2812 autem,
2583 2745 2976 2799 ambulantibus
3003 2744 3076 2796 eis
3109 2743 3166 2796 in
3203 2742 3284 2794 ria
3314 2782 3331 2807 ,
3371 2742 3461 2795 di-

1958 2820 2038 2940 git
2075 2818 2290 2898 quidam
2322 2824 2391 2870 ad
2418 2818 2567 2870 illum
2598 2832 2616 2870 :
2648 2815 2855 2885 Sequar
2883 2825 2952 2880 te,
2985 2827 3295 2884 quocunque
3322 2812 3460 2875 abit,

2011 2904 2201 2941 omme.

1886 2976 1951 3033 ν.
1987 2978 2078 3033 58.
2111 2977 2180 3031 Et
2215 2978 2351 3031 dixit
2392 2979 2440 3030 ei
2476 2977 2670 3031 Jesus:
2714 2976 2909 3045 Vulpes
2950 2977 3118 3045 lustra
3155 2974 3345 3027 habent
3366 2982 3458 3045 ,et
3510 2962 3513 2965 5

262 3043 537 3126 ξωλεοὺς
564 3042 796 3110 έχουσι,
844 3044 940 3126 καὶ
987 3043 1339 3126 tangentis.
1354 3042 1462 3095 τοῦ
1503 3045 1772 3126 ρὺρανοῦ

1953 3048 2187 3126 volucres
2213 3049 2325 3126 cali
2359 3048 2557 3126 habent
2592 3042 2894 3126 habitacula
2928 3044 3140 3100 :Filius
3176 3055 3348 3098 autem
3374 3044 3464 3098 ho-

260 3113 479 3182 ἕχουσι
510 3112 1019 3179 κατασκηνώσεις
1053 3116 1085 3166 ό
1135 3114 1203 3165 δὲ
1254 3113 1383 3179 Υίὸς
1425 3114 1531 3167 τοῦ
1564 3113 1780 3182 ἀνθρώ-

262 3198 384 3236 που
407 3186 518 3237 οὐκ
553 3184 673 3253 ἔχει
702 3184 819 3237 ποῦ
841 3182 957 3251 τὴν
990 3182 1267 3252 κεφαλὴν
1298 3184 1497 3251 κλίνῃ.

260 3277 326 3329 Εί
363 3277 462 3346 μὲν
486 3272 579 3329 οὖν
608 3274 824 3345 ἕτοιμος
848 3271 897 3327 εἴ
922 3276 1084 3339 αὐτὸς
1109 3275 1309 3346 ὁμοίως
1345 3276 1466 3347 ἐμοὶ
1499 3276 1599 3329 οὐκ
1629 3275 1773 3347 ἕχον-

184 3385 242 3419 τι
278 3366 385 3419 ποῦ
411 3367 510 3437 τὴν
546 3365 785 3436 κεφαλὴν
824 3366 1021 3429 κλῖναι,
1067 3367 1272 3437 αἱρήσῃ
1300 3365 1388 3419 διὰ
1412 3366 1512 3436 τὴν
1538 3368 1678 3440 ἐμὴν
1696 3368 1776 3420 δι-

184 3456 486 3510 δασκαλίαν
534 3456 594 3509 τὸ
622 3456 992 3510 ἀκατάστατον
1022 3456 1255 3510 ἐνταῦθα
1313 3456 1484 3510 ἐλπίδι
1520 3460 1617 3529 τῆς
1668 3460 1777 3513 τῶν

185 3547 437 3619 οὐρανῶν
469 3546 765 3616 βασιλείας,
792 3548 877 3601 ἐπ’
899 3548 1073 3602 οὐδενὶ
1090 3549 1189 3620 τὴν
1216 3548 1519 3601 ἀνάπαυσιν
1543 3550 1777 3606 ἐνταῦθα

190 3638 269 3709 μὴ
294 3637 633 3708 προσδοκῶν,
658 3638 771 3691 ἀλλ’
795 3639 853 3693 ἐν
876 3637 956 3709 τῷ
981 3638 1241 3709 μέλλοντι.
1278 3640 1339 3690 Οἱ
1368 3632 1477 3710 γάρ
1508 3640 1633 3709 ἐμοὶ
1674 3657 1777 3709 μα-

188 3729 372 3799 θηταὶ,
425 3730 770 3801 δικαιοσύνην
813 3729 1127 3795 ἀσκοῦντες,
1156 3731 1215 3783 ἐν
1244 3729 1322 3800 τῷ
1362 3730 1552 3800 κόσμῳ
1602 3730 1776 3801 τούτῳ

188 3821 372 3891 θλίψιν
403 3822 604 3886 ἕξουσι·
654 3824 880 3895 πονηροὶ
908 3822 965 3875 δὲ
1008 3824 1102 3876 καὶ
1137 3822 1353 3894 γόητες,
1390 3822 1631 3889 ἁλώπεξι
1681 3825 1775 3876 καὶ

187 3920 458 3978 πετεινοῖς
476 3916 707 3988 ούρανοῦ
755 3916 1248 3987 παραϐαλλόμενοι,
1280 3917 1339 3968 ἐν
1366 3915 1442 3985 τῷ
1473 3915 1572 3986 βίῳ
1604 3916 1776 3987 τούτῳ

185 4007 526 4079 προκόψουσι
562 4008 869 4071 πλανῶντες
894 4010 987 4062 καὶ
1007 4007 1367 4079 πλανώμενοι.

271 4100 635 4172 ’Υψηλότερον
687 4100 761 4153 δέ·
821 4102 947 4153 Ὅτε
990 4100 1266 4171 ἐτεθνήκει
1311 4098 1389 4170 τῷ
1438 4098 1702 4169 νεανίσκῳ
1745 4099 1775 4150 6

185 4192 376 4263 πατὴρ
428 4195 523 4245 καὶ
550 4189 617 4264 ἦν
646 4192 857 4264 νεκρὸς,
908 4193 1030 4245 τότε
1066 4192 1173 4245 ἀπὸ
1202 4190 1296 4245 τοῦ
1336 4190 1510 4261 Ἰησοῦ
1543 4190 1769 4261 ἐκλήθη.

182 4285 491 4355 Νομιστέον
506 4285 583 4349 δέ,
608 4287 708 4348 ὅτι,
732 4285 921 4354 ὥσπερ
938 4287 967 4338 6
988 4285 1191 4355 κόσμος
1211 4283 1407 4354 Παύλῳ
1431 4282 1773 4354 ἐσταύρωται

183 4378 282 4430 καὶ¹
333 4377 528 4447 νεκρὸς
557 4372 645 4448 ἦν,
694 4377 815 4429 ἐπεὶ
862 4376 1111 4447 τεθνήκει
1158 4375 1306 4446 αὐτῷ
1333 4376 1403 4429 τά
1434 4376 1529 4428 τοῦ
1562 4377 1769 4447 κόσμου
1802 4405 1846 4460 D

182 4468 517 4539 πράγματα,
549 4469 745 4539 μηκέτι
774 4468 913 4522 αὐτὰ
944 4467 1325 4530 σκοποῦντιιίκ
1350 4466 1655 4539 βλεπόμενα
1677 4469 1772 4521 καὶ

182 4560 522 4631 πρόσκαιραο
547 4560 719 4623 οὕτως
752 4561 966 4630 ἑκάστῳ
992 4559 1185 4629 δικαίῳ
1208 4558 1435 4629 τέθνηκε
1456 4561 1483 4611 6
1506 4558 1769 4621 διάϐολος,

181 4655 336 4716 ὅστις
360 4652 509 4723 αὺτῷ
543 4652 636 4723 ἔζη
662 4652 1045 4723 ἁμαρτάνοντι.
1083 4650 1208 4716 Πᾶς
1238 4649 1346 4719 γὰρ
1366 4653 1397 4703 ό
1423 4648 1609 4703 ποιῶν
1658 4649 1773 4717 τὴν

181 4745 483 4815 ἁμαρτίαν
505 4745 574 4798 ἐκ
614 4744 721 4798 τοῦ
764 4744 1047 4798 διαϐόλου
1101 4745 1465 4812 γεγέννηταν
1506 4743 1666 4795 παντὶ
1715 4742 1771 4794 δὲ

182 4837 556 4907 ἁμαρτάνοντι
610 4838 704 4889 καὶ
758 4836 1049 4889 σκοποῦντι
1106 4836 1174 4889 τά
1204 4834 1331 4905 τῇδε
1364 4833 1429 4905 ζῇ
1473 4835 1501 4885 6
1536 4833 1768 4903 πονηρὸς

181 4929 395 4998 πατήρ.
432 4928 603 4981 Παντὶ
640 4928 717 4991 δὲ,
752 4921 796 4995 ᾧ
835 4929 1065 4999 τέθνηκε
1098 4930 1127 4980 6
1180 4926 1436 4998 πονηρὸς,
1474 4926 1669 4994 λέγοιτ’
1704 4924 1769 4977 ἂν

180 5019 291 5072 ὑπὸ
315 5018 411 5071 τοῦ
433 5020 667 5090 Χριστοῦ
696 5020 775 5085 τὸ,
810 5020 1149 5073 Ἀκολούθει
1166 5035 1288 5087 μοι.
1319 5018 1428 5071 Καὶ
1446 5017 1583 5087 τάχα
1601 5016 1771 5070 τοιοῦ-

178 5114 273 5166 τόν
316 5114 457 5165 ἐστιν
472 5112 748 5183 μυστικῶς
786 5112 1072 5183 νοούμενον
1114 5111 1174 5164 τὺ
1217 5112 1327 5165 δεῖν
1370 5110 1643 5181 μισεῖσθαι
1679 5110 1768 5178 ὑφ’

179 5205 341 5276 ἡμῶν
390 5206 482 5258 τὸν
532 5206 764 5275 πατέρα,
815 5208 861 5259 εί
898 5205 1184 5276 μέλλοιμεν
1234 5203 1372 5268 ἄξιοι
1411 5202 1629 5256 ἔσεσθαι
1674 5199 1767 5254 τοῦ

191 5297 391 5368 Ἰησοῦ.
412 5300 485 5351 Τὸ
505 5299 583 5363 δὲ,
610 5299 755 5366 Τοὺς
782 5297 1035 5366 νεκροὺς
1066 5296 1250 5364 θάψαι
1266 5295 1409 5359 τοὺς
1424 5293 1653 5348 ἑαυτῶν
1676 5309 1769 5345 νε-

177 5394 386 5460 κροὺς,
412 5392 793 5462 ἀλληγορεῖται
815 5394 995 5462 μόνον.
1022 5389 1417 5459 Θάπτουσιγάρ
1442 5405 1558 5451 πως
1582 5386 1765 5455 νεκροὶ

177 5483 307 5547 τοὺς
351 5483 559 5537 ἑαυτῶν
591 5484 817 5554 νεκροὺς
849 5484 904 5535 ἐν
925 5483 1154 5545 ἐαυτοῖς,
1192 5482 1351 5549 τάφοι
1386 5480 1478 5532 καὶ
1528 5479 1765 5549 μνημεῖα

252 5689 298 5721 ’⁷
322 5688 483 5744 Joan.
515 5704 557 5746 ι.
587 5686 674 5743 29.
753 5687 799 5719 ⁸⁸
833 5687 994 5741 Hebr.
1034 5702 1094 5749 ll,
1131 5687 1219 5741 ib.
1294 5686 1339 5718 ”
1378 5686 1572 5739 Ezech.
1640 5700 1795 5747 xvm,
1823 5685 1875 5747 4,
1923 5683 2012 5736 20.

252 5759 390 5815 ’rov.
419 5776 458 5823 ι,
486 5758 578 5814 26.
656 5758 718 5811 ⁵1
759 5756 913 5815 Joan.
950 5774 1029 5825 ιιι,
1064 5758 1118 5812 8.
1198 5756 1217 5787 '
1248 5756 1381 5811 Luc.
1435 5771 1519 5824 Ix,
1551 5756 1636 5812 59.
1714 5756 1733 5787 ⁷
1774 5756 1904 5825 jbid.
1948 5754 2016 5809 60

1719 5774 1727 5787 '
1774 5773 1904 5810 uno.
1948 5773 2036 5809 υυ.

178 5763 200 5789 ⁵
230 5758 390 5815 Prov.
419 5776 458 5823 ι,
486 5758 578 5814 26.
656 5758 718 5811 ⁵1
759 5756 913 5815 Joan.
950 5774 1029 5825 ιιι,
1064 5758 1118 5812 8.
1198 5756 1217 5787 '
1248 5756 1381 5811 Luc.
1435 5771 1519 5824 Ix,
1551 5756 1636 5812 59.

1953 3119 2112 3173 minis
2143 3135 2247 3173 non
2281 3118 2431 3172 habet
2456 3119 2546 3172 ubi
2574 3128 2725 3187 caput
2752 3117 2985 3171 reclinet.

1952 3276 2009 3332 Si
2040 3277 2203 3346 igitur
2230 3287 2451 3347 paratus
2482 3291 2542 3332 es
2591 3284 2669 3342 tu,
2717 3275 2941 3345 perinde
2984 3284 3146 3345 atque
3175 3289 3277 3346 ego
3298 3315 3315 3343 ,
3349 3290 3456 3331 non

1878 3369 2084 3425 habens
2108 3370 2197 3423 ubi
2221 3381 2382 3439 caput
2414 3368 2645 3424 reclines
2674 3384 2689 3434 ;
2722 3368 2890 3437 eliges
2915 3382 3011 3438 per
3040 3381 3214 3422 meam
3252 3367 3456 3422 doctri-

1879 3475 2004 3514 nam
2040 3458 2444 3515 instabilitatem
2470 3459 2577 3524 hic,
2605 3474 2701 3529 spe
2732 3460 2881 3529 regni
2932 3458 3217 3524 cmlorum,
3240 3458 3291 3512 in
3314 3456 3458 3513 nulla

1879 3568 1937 3608 re
1964 3552 2199 3622 quietem
2241 3552 2331 3605 hic
2377 3561 2732 3621 exspectans,
2779 3552 2873 3605 sed
2930 3550 2981 3604 in
3016 3549 3198 3604 futuro
3236 3550 3455 3607 saeculo.

1880 3643 2135 3713 Discipuli
2172 3658 2409 3711 namque
2440 3643 2542 3697 mei
2576 3642 2841 3710 justitiam
2882 3651 3229 3706 exercentes,
3264 3643 3318 3696 in
3349 3642 3457 3697 hoc

1878 3735 2078 3790 mundo
2109 3732 2452 3789 alﬂictionem
2474 3734 2766 3789 habebunt.
2796 3734 3056 3788 Homines
3084 3749 3211 3788 vero
3251 3734 3378 3788 mali
3401 3744 3457 3789 et

1879 3829 2252 3894 fascinatores,
2275 3828 2522 3895 vulpibus
2551 3837 2607 3883 et
2635 3828 2944 3882 volucribus
2980 3827 3103 3881 caeli
3134 3827 3453 3897 comparati,

1877 3921 1930 3975 in
1956 3920 2059 3977 hac
2091 3922 2199 3975 vita
2230 3920 2531 3990 proﬁcient,
2560 3919 2889 3988 decipientes
2932 3924 2987 3973 et
3019 3918 3253 3989 decepti.

1948 4099 2243 4156 Sublimius
2272 4099 2682 4167 vero:Quando
2719 4108 2967 4155 mortuus
3002 4106 3086 4154 est
3121 4098 3452 4154 adolescenti

1875 4202 2033 4263 pater
2072 4203 2298 4263 eratque
2347 4193 2614 4257 cadaver,
2657 4200 2783 4246 tunc
2829 4207 2856 4243 a
2897 4190 3025 4246 Jesu
3074 4200 3295 4245 vocatus
3346 4199 3449 4244 est.

1875 4283 2304 4339 Existimandum
2336 4292 2421 4336 est
2442 4297 2566 4336 vero
2585 4320 2601 4347 ,
2629 4283 2770 4351 quod
2799 4280 3253 4349 quemadmcdum
3296 4295 3451 4332 mun-

1876 4377 1977 4431 dus
2008 4375 2174 4431 Paulo
2216 4372 2511 4429 cruciﬁxus
2551 4382 2673 4438 est,
2704 4381 2757 4426 et
2792 4383 3038 4426 mortuus
3084 4382 3201 4425 erat
3230 4389 3245 4437 ;
3280 4371 3451 4439 siqui-

1874 4469 1997 4523 dem
2030 4476 2259 4521 mortute
2290 4475 2445 4521 erant
2469 4467 2517 4519 ei
2542 4464 2829 4519 mundanae
2862 4479 2966 4528 res,
2996 4465 3193 4533 quippe
3222 4463 3311 4533 qui
3344 4479 3448 4517 non

1875 4556 2107 4626 amplius
2136 4557 2257 4611 illas
2310 4556 2659 4625 respiciebat,
2705 4563 2895 4624 utpote
2926 4561 3243 4623 apparentes
3290 4554 3450 4608 modo

1873 4659 1929 4704 et
1955 4648 2293 4703 transitorias
2331 4661 2344 4696 :
2375 4647 2455 4701 sic
2494 4645 2691 4715 cuique
2729 4643 2881 4712 justo
2917 4653 3161 4697 mortuus
3198 4653 3278 4698 est
3330 4643 3448 4697 dia-

1870 4740 2065 4807 bolus,
2123 4738 2215 4808 qui
2270 4738 2319 4792 ei
2359 4738 2574 4791 vivebat
2623 4735 2894 4804 peccanti.
2951 4733 3137 4787 Omnis
3170 4734 3307 4787 enim
3355 4734 3448 4803 qui

1872 4833 1997 4902 facit
2047 4838 2347 4900 peccatum,
2392 4843 2457 4882 ea:
2500 4827 2711 4880 diabolo
2740 4839 2893 4879 natus
2921 4836 2997 4880 est
3026 4827 3048 4857 ⁸
3083 4844 3096 4880 :
3135 4841 3280 4879 οιιιιιι
3318 4840 3447 4879 vero

1871 4924 2136 4996 peccanti,
2163 4933 2220 4977 et
2247 4920 2555 4990 respicienti
2597 4922 2711 4975 haec
2762 4921 3017 4975 citeriora
3053 4928 3107 4973 et
3138 4920 3403 4972 nmndana
3427 4956 3443 4981 ,

1873 5014 2007 5067 vivit
2031 5013 2203 5067 malus
2234 5022 2408 5079 pater.
2441 5010 2514 5064 At
2539 5011 2841 5078 cuicunque
2866 5017 3112 5064 mortuus
3139 5008 3300 5062 luerit
3330 5023 3447 5061 ma-

1872 5103 1955 5157 lus
2000 5112 2184 5172 pater,
2218 5100 2431 5156 dicetur
2475 5115 2503 5153 a
2541 5100 2759 5155 Christo
2785 5138 2799 5165 ,
2833 5099 3058 5169 Sequere
3106 5117 3186 5153 me
3208 5099 3249 5155 ⁸.
3281 5098 3445 5154 Forte

1871 5196 2034 5250 etiam
2086 5195 2313 5265 mystice
2363 5193 2691 5249 intellectum
2743 5195 3073 5247 tantumdem
3119 5193 3259 5247 valet
3286 5193 3438 5258 illud,

1871 5297 2121 5357 oportere
2147 5286 2272 5340 odio
2301 5286 2485 5340 haberi
2527 5302 2553 5338 a
2581 5286 2737 5341 nobis
2774 5297 3002 5355 patrem,
3030 5285 3073 5340 si
3109 5285 3461 5345 voluerimus

1871 5380 2019 5451 digni
2078 5376 2297 5433 Christo
2350 5393 2489 5433 esse.
2534 5378 2664 5432 lllud
2710 5394 2906 5448 porro,
2938 5379 3177 5433 Mortuos
3224 5378 3441 5444 sepelire

1871 5484 2102 5527 mortuos
2133 5473 2315 5539 suos’,
2336 5472 2622 5541 allegorice
2651 5482 2856 5527 tantum
2888 5472 3082 5541 CXpOIIi
3117 5480 3310 5540 potest.
3342 5469 3443 5524 Se-

2108 5684 2122 5714 ¹
2158 5681 2302 5739 Psal.
2329 5696 2390 5748 ιι,
2417 5680 2474 5738 9..
2580 5682 2601 5714 ³
2628 5679 2756 5736 ibid.
2917 5678 2937 5710 ³
2969 5677 3127 5734 Rom.
3177 5691 3307 5745 Vttt,
3344 5675 3436 5730 29.
