3888 6214
208 331 316 386 ὅῖιῧ

1483 328 1777 387 δαιιοιιιι
1817 328 1881 383 IN
1924 329 2158 386 LUCAM
2169 376 2182 390 .
3370 340 3478 397 εει

400 452 522 527 με,
555 456 748 523 Μαρία
794 454 863 527 δὲ
907 452 1023 522 τὴν
1067 453 1317 527 ᾀγαθὴνᾲ
1337 452 1563 527 μερίδα
1590 450 1793 521 ἐξελέο·

1913 449 1964 507 ν.
1996 453 2088 527 42.
2127 453 2511 527 Ματὶαγαιιιειιι
2553 454 2741 509 bonam
2779 463 2977 523 partem
3010 454 3194 526 elegit,
3223 472 3341 527 qua:
3373 475 3478 514 non

277 524 448 587 ξατο,
486 524 619 592 ἣτις
647 529 758 579 οὐκ
789 524 1258 595 ἀφαιρεθήσεται
1286 525 1389 579 ἀπ’
1417 524 1628 593 αὐτῆς.

282 614 379 677 Εἰς
408 616 506 685 μὲν
530 611 622 669 οὖν
643 615 725 680 τὸ,
764 618 928 683 Ἐνός
942 617 1073 670 ἐστι
1102 615 1292 686 χρεία,
1316 616 1379 669 τὸ
1412 613 1792 687 Ἀγαπήσεις,

213 706 482 775 χρήσιμον
518 706 652 777 (98),
699 707 805 762 τὸν
848 709 1117 775 πλησίον
1146 724 1261 762 σου
1305 709 1386 774 ὡς
1414 707 1666 762 ἑαυτόν·
1716 710 1796 771 εἰς

211 794 269 846 δὲ
317 795 399 858 τὸ,
460 797 710 866 Ὀλίγ-ων
755 798 887 852 ἐστὶ
941 800 1132 868 χρεία,
1183 799 1524 871 παραθήσεις
1573 800 1669 852 τό·
1711 802 1793 853 Οὐ

213 885 482 954 κλέψεις,
512 890 582 942 οὐ
632 888 1248 959 ψευδομαρτυρήσεις,
1303 893 1397 945 καὶ
1463 891 1518 945 εἴ
1564 909 1617 944 τι
1667 892 1795 946 ἄλλο

211 979 416 1047 ὁμοίως
466 979 700 1050 εἴρηται.
748 980 981 1054 Ἐκλάϐῃ
1030 981 1089 1034 δὲ
1133 980 1361 1052 Μάρθαν
1416 981 1516 1052 μὲν
1570 982 1651 1044 είς
1696 980 1794 1052 τὴν

211 1069 435 1140 πρᾶξιν,
465 1071 684 1141 Μαρίαν
727 1072 783 1124 δὲ
817 1074 897 1135 είς
927 1073 1025 1143 τὴν
1056 1072 1304 1144 θεωρίαν.
1356 1074 1426 1126 Ἢ
1453 1074 1552 1143 τὴν
1590 1073 1687 1143 μὲν
1714 1074 1794 1137 είς

210 1163 308 1233 τὴν
350 1163 632 1227 Ἰουδαίαν,
670 1165 771 1235 τὴν
802 1165 858 1217 δὲ
888 1167 967 1229 είς
1003 1166 1100 1236 τὴν
1146 1166 1204 1230 ἐξ
1233 1166 1401 1220 ἐθνῶν
1446 1166 1790 1237 Ἐκκλησίαν.

215 1253 287 1305 ’Ἠ
316 1253 546 1325 Μάρθαν
574 1255 673 1325 μὲν
706 1258 787 1319 είς
814 1257 939 1320 τοὺς
965 1258 1029 1309 ὲκ
1075 1257 1373 1329 περιτομῆς
1403 1256 1794 1320 πιστεύσαντας

213 1345 310 1398 καί
344 1345 711 1413 φυλάττοντας
751 1347 1060 1412 Ἰουδαϊκῶς
1106 1348 1175 1402 τὰ
1220 1348 1312 1402 τοῦ
1358 1350 1542 1420 νόμου,
1575 1349 1794 1421 Μαρίαν

210 1435 265 1487 δὲ
296 1437 421 1499 τοὺς
444 1435 647 1491 τούτων
678 1438 1151 1510 ἀπηλλαγμένους,
1201 1442 1293 1495 καὶ
1324 1442 1501 1512 μόνοις
1528 1444 1643 1505 τοῖς
1689 1444 1795 1515 ’1η-

216 1524 311 1577 σοῦ
346 1528 471 1579 ποσὶ
501 1527 1064 1600 προσκαθεζομένους.
1117 1532 1399 1603 Διαφόρως
1432 1533 1540 1605 γὰρ
1572 1532 1795 1587 ἐπιϐάλ-

213 1616 341 1679 λων,
366 1619 615 1689 εὑρήσεις
642 1621 872 1692 Μάρθαν
897 1624 995 1692 μὲν
1029 1625 1514 1696 σωματικωτέραν,
1542 1626 1637 1681 καὶ
1664 1626 1792 1697 περὶ

213 1708 385 1762 πολλὰ
427 1711 764 1784 είλουμένην,
807 1715 1028 1786 Μαρίαν
1061 1715 1118 1767 δὲ
1160 1717 1225 1787 τῇ
1261 1715 1464 1789 θεωρίᾳ
1509 1716 1667 1788 μόνῃ,
1698 1717 1793 1771 καὶ⁹

213 1805 329 1866 τοῖς
362 1808 753 1875 πνευματικοῖς
780 1808 1246 1881 προσανέχουσαν.

851 2070 1009 2123 ΚΕΦ.
1052 2071 1149 2125 IA'.

212 2156 361 2226 Στίχ.
392 2155 457 2293 ξ’.
507 2158 699 2227 Πάτερ
731 2159 919 2229 ἡμῶν,
963 2163 996 2215 ό
1025 2162 1095 2214 ἐν
1138 2161 1263 2228 τοῖς
1299 2161 1594 2229 οὐρανοῖς·
1626 2163 1792 2232 ἁγια-

286 2232 391 2282 σθι
412 2245 490 2281 τω
518 2229 582 2282 τὸ
613 2229 803 2293 ὄνομα
833 2249 949 2285 σου
968 2248 982 2261 ·
1013 2231 1235 2287 ἐλθέτω
1265 2234 1304 2293 ἡ
1336 2233 1627 2293 βασιλεία
1654 2250 1790 2288 σου.

286 2229 490 2293 σθήτω
518 2229 582 2282 τὸ
613 2229 803 2299 ὄνομα
833 2249 949 2285 σου
968 2248 982 2261 ·
1013 2231 1235 2287 ἐλθέτω
1265 2234 1304 2302 ἠ
1336 2233 1627 2297 ,βασιλεία
1654 2229 1790 2288 σου.

284 2310 453 2388 Οἶμαι
481 2320 557 2382 δὲ,
592 2320 674 2373 ὅτι
721 2320 897 2384 οὐδεὶς
924 2321 1069 2389 λέγοι
1106 2320 1185 2391 τῷ
1210 2321 1330 2393 Θεῷ
1371 2323 1431 2375 τὸ
1459 2322 1669 2390 Πάτερ,
1719 2323 1793 2395 μὴ

215 2410 643 2482 πεπληρωμένος
655 2412 751 2465 τοῦ
766 2413 868 2483 τῆς
892 2412 1160 2477 υἱοθεσίας
1186 2412 1521 2484 πνεύματος·
1547 2416 1641 2467 καὶ
1665 2414 1795 2478 Υἱὸς

213 2501 455 2566 δοξάζων
490 2502 709 2574 Πατέρα
747 2503 895 2573 λέγοι
936 2504 1002 2558 ἂν
1049 2504 1271 2573 Πάτερ’
1313 2505 1554 2574 φυλάξας
1594 2505 1652 2558 δὲ
1695 2505 1796 2577 τὴν

212 2593 456 2663 ἐντολὴν,
500 2594 599 2664 τὴν
656 2592 919 2662 λέγουσαν
939 2611 953 2624 ο
1019 2593 1309 2663 Ἀγαπᾶτε
1357 2595 1500 2661 τοὺς
1541 2595 1794 2665 ἐχθροὺς

212 2685 402 2757 ὑμῶν,
436 2688 846 2757 προσεύχεσθε
875 2686 1027 2755 ὑπὲρ
1073 2686 1192 2741 τῶν
1239 2687 1575 2741 διωκόντων
1615 2685 1792 2757 ὑμᾶς,

213 2776 373 2843 ὅπως
404 2778 657 2848 γένησθε
689 2777 806 2832 υἱοὶ
833 2778 941 2833 τοῦ
970 2777 1201 2846 Πατρός
1226 2777 1413 2848 ὑμῶν,
1444 2779 1549 2834 τοῦ
1577 2780 1647 2834 ἐν
1669 2780 1794 2847 τοῖς

210 2869 515 2937 οὐρανοῖς.

298 2961 551 3015 Ἐλθέτω
590 2962 628 3028 ἡ
657 2962 948 3025 βασιλεία
981 2978 1117 3018 σου.
1158 2964 1273 3017 ’ῐνα
1319 2964 1641 3036 καταργηθῇ
1697 2964 1795 3035 μὲν

214 3052 369 3105 πᾶσα
396 3050 539 3123 ἀρχὴ
567 3052 663 3104 καὶ
686 3052 903 3119 ἐξουσία
932 3054 1025 3108 καὶ
1053 3054 1303 3125 δύναμις,
1336 3054 1492 3108 ἔτιδὲ
1524 3055 1618 3108 καὶ
1646 3056 1794 3107 πᾶσα

1967 523 2243 592 auferetur
2267 526 2331 577 ab
2362 541 2444 578 ea.

1965 612 2045 666 Ad
2073 613 2472 682 explanandum
2506 614 2634 670 illud
2664 633 2679 670 :
2714 612 2832 669 Uno
2858 632 2986 684 opus
3021 626 3123 681 est,
3150 616 3285 671 u'ile
3317 617 3478 674 fuerit

1895 705 2036 774 quod
2113 704 2309 759 dicitur
2356 720 2371 759 :
2421 705 2619 775 Diliges
2682 709 2979 776 proximum
3034 719 3184 761 tuum
3236 710 3370 762 sicut
3429 720 3480 763 te

1894 797 2085 861 ipsum.
2137 796 2274 854 Cum
2313 798 2401 853 illo
2450 810 2654 865 autem,
2712 798 2905 855 Paucis
2954 813 3030 855 est
3084 818 3236 865 opus,
3287 800 3479 857 confer

1898 888 2078 944 illud:
2128 888 2252 944 Non
2302 890 2588 959 furaberis,
2643 908 2745 946 non
2804 894 2943 947 dices
2994 894 3190 961 falsum
3243 894 3477 947 testimo-

1896 981 2040 1034 nium
2072 982 2139 1046 ι’,
2168 991 2225 1036 et
2257 982 2303 1036 si
2340 984 2469 1051 quid
2504 984 2649 1040 aliud
2698 985 2951 1039 similiter
2981 986 3183 1039 dictum
3233 995 3339 1040 est.
3375 985 3479 1039 Ac-

1894 1071 2061 1140 cipies
2106 1087 2321 1141 quoque
2355 1071 2622 1127 Martham
2672 1073 2738 1127 ad
2781 1074 3110 1127 innuendam
3162 1075 3431 1129 actionem
3459 1113 3513 1137 ,ι

1896 1162 2118 1218 Mariam
2158 1179 2288 1217 vero
2320 1164 2387 1218 ad
2424 1164 2754 1218 innueodam
2807 1164 3346 1232 contemplationem.
3378 1161 3477 1216 Vel

1895 1254 2040 1308 illam
2068 1254 2284 1323 quidem
2316 1256 2367 1309 in
2400 1256 2698 1326 symbolum
2731 1253 2949 1320 Judazze,
2981 1256 3121 1311 hanc
3156 1256 3207 1309 in
3245 1255 3475 1322 ﬁguram

1896 1343 2150 1401 Ecclesia:
2179 1347 2441 1415 gentium.
2478 1346 2604 1400 Sive
2631 1346 2841 1400 Martha
2871 1346 3197 1417 signiﬁcabit
3228 1362 3346 1411 eos,
3380 1348 3471 1415 qui

1893 1449 1961 1487 ex
2012 1436 2429 1491 circumcisione
2489 1436 2871 1501 crediderunt,
2920 1446 2975 1488 ct
3025 1436 3195 1503 legem
3250 1435 3474 1491 Judaice

1893 1527 2217 1592 observant;
2249 1526 2416 1580 Maria
2450 1528 2636 1581 innuet
2666 1544 2759 1583 eos
2783 1529 2873 1597 qui
2904 1546 2933 1581 a
2964 1526 3226 1597 legalibus
3262 1528 3472 1581 liberati

1894 1630 2039 1682 sunt,
2072 1629 2124 1671 et
2163 1622 2229 1673 ad
2270 1621 2417 1675 solos
2445 1620 2575 1675 Jesu
2615 1621 2779 1691 pedes
2808 1621 3070 1675 assident.
3104 1620 3476 1675 Diversimode

1894 1712 2037 1765 enim
2076 1726 2187 1765 rem
2245 1712 2605 1780 perpendens,
2654 1712 2896 1766 invenies
2933 1711 3203 1765 Martbam
3253 1711 3475 1781 quidem

1821 1799 1866 1859 Β
1897 1802 2056 1857 rebus
2102 1802 2380 1870 corporeis
2434 1803 2660 1857 nimium
2713 1804 2994 1872 aliquanto
3041 1804 3371 1870 obnoxiam,
3420 1814 3475 1858 et

1898 1894 2044 1949 circa
2080 1897 2248 1948 multa
2284 1905 2587 1949 versantem
2614 1935 2630 1959 ,
2664 1894 2884 1950 Mariam
2916 1913 3047 1952 vero
3093 1896 3193 1951 soli
3232 1906 3477 1952 contem-

1900 1985 2147 2056 plationi,
2174 1995 2228 2041 et
2257 1986 2423 2043 rebus
2452 1987 2827 2056 spiritualibus
2857 1997 3165 2044 vacantem.

2539 2076 2693 2133 CAP.
2735 2077 2826 2135 XI.

1901 2164 1966 2220 ν.
1993 2167 2052 2221 ‘2.
2080 2166 2238 2222 Pater
2274 2179 2470 2232 noster,
2497 2171 2673 2249 qui'in
2701 2171 2877 2235 caelis;
2903 2172 3265 2233 sanctiﬁcetur
3293 2189 3478 2228 nomen

2268 2250 2414 2291 tuum
2445 2255 2462 2292 :
2491 2250 2661 2293 veniat
2703 2257 2916 2311 regnum
2947 2251 3115 2297 tuum.

1973 2327 2129 2395 Puto,
2161 2331 2285 2400 quia
2320 2346 2478 2386 nemo
2502 2332 2709 2386 diceret
2747 2333 2853 2387 Deo
2881 2331 3066 2399 Pater,
3095 2335 3195 2389 nisi
3243 2336 3477 2405 repletus

1901 2421 2094 2489 spiritu
2149 2422 2454 2491 adoptionis
2496 2440 2511 2477 :
2561 2438 2625 2478 ac
2674 2421 2841 2478 Filius
2870 2424 3180 2495 gloriﬁcans
3226 2423 3477 2490 Patrem,

1902 2514 2043 2568 dicet
2071 2513 2282 2581 utique,
2316 2511 2499 2580 Pater,
2529 2524 2584 2568 at
2614 2506 2939 2571 custodiens
2964 2516 3298 2582 mandatum,
3332 2522 3477 2587 quod

1901 2605 2024 2660 ait:
2072 2603 2288 2675 Diligite
2340 2606 2584 2661 inimicos
2656 2618 2873 2672 vestros,
2930 2619 3076 2662 orate
3144 2626 3240 2677 pro
3307 2624 3479 2678 perse-

1899 2696 2173 2765 quentibus
2204 2712 2313 2761 vos,
2346 2706 2401 2750 ut
2433 2697 2555 2751 sitis
2584 2696 2686 2762 ﬁlii
2718 2695 2897 2751 Patris
2928 2700 3104 2763 vestri,
3135 2700 3226 2769 qui
3254 2702 3308 2753 in
3339 2699 3480 2754 caelis

1900 2798 1973 2841 est
2002 2788 2046 2819 ¹⁸

1981 2964 2172 3020 Veniat
2208 2980 2427 3035 regnum
2457 2974 2629 3021 tuum.
2671 2964 2743 3020 Ut
2785 2974 3076 3019 evacuetur
3107 2964 3285 3020 omnis
3326 2975 3481 3035 pote-

1902 3068 2016 3113 stas
2059 3068 2114 3111 et
2146 3058 2344 3121 virtus,
2399 3058 2639 3126 itemque
2690 3072 2849 3111 omne
2900 3072 3122 3127 regnum
3164 3056 3383 3120 mundi,
3427 3067 3482 3112 et

216 3141 464 3212 βασιλεία
491 3141 586 3195 τοῦ
608 3142 833 3214 κόσμου,
865 3145 961 3198 καὶ
996 3147 1029 3216 ἡ
1064 3145 1419 3215 βασιλεύουσα
1443 3149 1500 3199 ὲν
1525 3150 1636 3210 τοῖς
1664 3145 1791 3217 θνη-

1913 3150 2035 3221 ιιιοιΙ
2067 3159 2254 3219 regnat
2303 3148 2355 3202 in
2391 3149 2706 3203 mortalibus
2751 3151 3071 3217 corporibus
3111 3149 3314 3204 nostris
3343 3164 3473 3217 pec-
3532 3154 3535 3158 ’

212 3239 327 3299 τοῖς
349 3234 507 3306 ήμῶν
538 3234 783 3305 σώμασιν
811 3236 1056 3307 ἁμαρτία
1075 3253 1088 3266 ο
1126 3237 1343 3291 πάντων
1375 3237 1432 3290 δὲ
1460 3236 1666 3290 τούτων
1696 3236 1793 3307 βα-

216 3327 441 3402 σιλεύσῃ
454 3330 491 3388 ,ὁ
520 3328 671 3393 Θεός.

216 3422 367 3491 Στίχ.
408 3421 475 3490 γ’.
525 3422 635 3475 Τὸν
672 3422 854 3490 ἄρτον
894 3423 1063 3491 ἡμῶν
1109 3422 1214 3476 τὸν
1254 3423 1569 3476 ἐπιούσιον
1605 3420 1797 3474 δίδου.

302 3511 639 3581 Ἀναγκαίως
678 3510 735 3565 δὲ
780 3510 966 3565 καὶτὸ
1010 3512 1139 3564 καθ’
1185 3511 1415 3579 ἡμέραν
1455 3508 1796 3578 πρόσκειται.

219 3602 398 3654 Οίονεὶ
424 3601 532 3672 γὰρ
556 3601 921 3671 ἐπισκευαστή
947 3601 1092 3653 ἐστιν
1119 3598 1273 3669 ήμῶν
1298 3600 1330 3669 ἡ
1356 3596 1470 3669 ζωὴ
1492 3598 1524 3669 ἡ
1548 3595 1797 3668 ἀληθινὴ,

218 3696 308 3749 ἴνα
339 3695 479 3749 κατὰ
506 3696 639 3749 Θεὸν
673 3696 813 3769 ζήσῃ
838 3697 866 3749 ὁ
893 3694 1001 3748 ἔσω
1024 3694 1335 3765 ἄνθρωπος.

218 3787 369 3858 Στίχ.
408 3795 469 3854 ε’,
500 3795 574 3852 ς’,
609 3786 672 3852 ζ’.

291 3878 367 3931 Τδ
402 3879 501 3950 μὲν
529 3876 642 3946 οὖν,
685 3880 778 3945 Τίς
805 3880 874 3945 ἐξ
900 3868 1253 3949 ὑμῶν,’πρδς
1282 3876 1409 3939 τοὺς
1439 3873 1683 3946 μαθητὰς
1710 3871 1800 3925 λέ-

220 3989 411 4041 γεται⁹
451 3970 514 4025 τὸ
551 3972 630 4037 δὲ,
668 3971 789 4036 ἔξει
829 3973 1033 4041 φίλον,
1062 3971 1149 4023 ἵνα
1180 3970 1309 4039 εῐπῃ
1344 3967 1434 4021 τὸν
1475 3966 1607 4019 Θεὸν
1650 3965 1801 4035 φίλον

219 4066 558 4136 τυγχάνοντα
582 4068 694 4127 τοῖς
732 4066 925 4134 ἁγίοις,
954 4064 1029 4127 ὠς
1052 4064 1258 4132 Μωῦσῇ
1288 4058 1484 4129 καὶτῷ
1528 4057 1798 4128 Ἀϐραάμ.

220 4160 378 4229 Τάχα
402 4159 459 4212 δὲ
488 4160 583 4212 καὶ
613 4156 959 4228 μεσονύκτιον
982 4156 1010 4208 ὁ
1040 4152 1470 4223 συνεσταλμένος
1498 4144 1653 4212 οὗτός
1685 4150 1801 4202 ἐστι

222 4250 415 4320 καιρὸς
443 4250 536 4303 τοῦ
569 4249 705 4320 βίου,
737 4249 823 4301 ὅτε
846 4246 1170 4319 ὀλοθρευτὴς
1192 4246 1497 4316 εἰσέρχεται
1520 4244 1598 4306 είς
1620 4243 1801 4294 πᾶσαν

222 4342 403 4395 οἰκίαν
425 4342 524 4413 τῆς
554 4343 612 4393 ὲν
636 4342 825 4412 κόσμῳ
861 4339 1159 4407 Αἰγύπτου,
1189 4336 1317 4391 ἔνθα
1355 4337 1428 4407 μὴ
1456 4334 1797 4407 κέχρισταιή

225 4433 359 4503 φλιὰ
392 4433 469 4504 τῷ
493 4432 587 4486 τοῦ
616 4432 852 4505 Χριστοῦ
882 4433 1092 4503 αἵματι.
1124 4431 1274 4482 Αίτεῖ
1303 4428 1360 4481 δὲ
1389 4430 1417 4481 ὁ
1445 4426 1687 4498 μαθητὴς
1710 4425 1801 4477 τὸν

225 4526 380 4595 φίλον
418 4528 566 4595 τρεῖς
590 4526 806 4594 ἄρτους,
834 4524 1155 4594 βουλόμενος
1177 4520 1371 4592 θρέψαι
1396 4522 1461 4590 τῇ
1496 4520 1621 4590 περὶ
1644 4518 1811 4589 Τριά-

224 4620 316 4681 δος
346 4618 593 4689 θεολογία
618 4619 708 4671 τὸν
730 4618 1017 4689 γενόμενον
1045 4616 1180 4687 πρὸς
1204 4615 1365 4668 αὐτὸν
1390 4614 1497 4666 ἀπὸ
1532 4613 1632 4682 τῆς
1655 4610 1799 4676 ὁδοῦ,

225 4710 376 4762 καθά
420 4726 616 4779 φησιν·
678 4710 887 4776 Ἐκτὸς
930 4708 1076 4778 ἐμοῦ
1127 4710 1199 4763 οὺ
1243 4706 1508 4759 δύνασθε
1554 4701 1803 4771 ποιῆσαι

225 4788 430 4854 οὐδέν.
474 4799 633 4853 Ἀλλὰ
662 4800 777 4864 πῶς
822 4800 1175 4870 ἀποκρίνεται
1216 4797 1417 4850 ἔσωθεν
1454 4798 1483 4849 ὁ
1528 4794 1679 4864 φίλος
1716 4793 1804 4845 λέ-

225 4907 371 4958 γων’
406 4889 500 4956 Μή
532 4908 635 4959 μοι
663 4892 852 4945 κόπον
895 4889 1149 4959 πάρεχε;
1180 4889 1441 4959 Ζητήσεις
1480 4886 1557 4947 δὲ,
1596 4885 1804 4955 μήποτε

228 4984 279 5036 oi
314 4982 614 5045 κοπιῶντες
647 4984 740 5036 καὶ
773 4983 1190 5055 πεφορτισμένοι
1216 4981 1343 5044 τοὺς
1372 4976 1578 5032 ἑαυτῶν
1606 4975 1806 5038 κόπους

229 5076 515 5148 παρέχωσι
541 5075 619 5146 τῷ
648 5076 878 5148 Σωτῆρι.
909 5076 999 5128 Διὸ
1032 5076 1137 5141 τὰς
1160 5074 1475 5136 ἀσθενείας
1508 5066 1676 5137 ἡμῶν
1706 5064 1809 5134 φέ-

220 5186 341 5237 ρει,
361 5166 460 5221 καὶ
481 5168 613 5235 περὶ
630 5167 797 5236 ἡμῶν
819 5166 1121 5221 ὀδυνᾶται.
1148 5167 1218 5219 Ἤ
1240 5166 1427 5235 ὥσπερ
1442 5160 1579 5231 τῷδε
1600 5158 1673 5230 μὴ
1697 5156 1805 5228 (99)

230 5261 394 5312 ὑπνοῖ
416 5259 445 5310 ὀ
469 5258 621 5321 Θεὸς,
660 5258 803 5327 ἄλλῳ
830 5258 886 5311 δὲ
923 5258 1286 5330 ἁμαρτάνοντι
1315 5250 1628 5326 ὀργίζεσθαι
1654 5248 1806 5316 λέγε-

228 5366 350 5403 ται’
379 5348 523 5401 οὕτω
552 5350 645 5402 καὶ
679 5348 842 5401 κόπον
862 5348 1003 5419 ἔχειν
1029 5349 1137 5401 ἀπὸ
1160 5346 1253 5401 τοῦ
1278 5346 1607 5418 παρέχοντος
1637 5342 1804 5413 αύτῷ.

304 5439 377 5491 Σὺ
406 5438 463 5491 δὲ
497 5439 620 5512 ὅρα,
661 5440 709 5492 εί
749 5438 926 5506 ἄρτος
965 5438 1063 5509 μὲν
1101 5439 1133 5509 ἡ
1183 5435 1457 5506 ἀναγκαία
1497 5434 1597 5505 τῆς
1631 5432 1808 5504 ψυχῆς

309 5604 353 5634 ¹¹
390 5603 509 5658 Jac.
555 5619 628 5665 ιι.
662 5602 728 5668 8;
766 5601 922 5655 Rom.
970 5615 1101 5665 xm,
1153 5598 1207 5653 9.
1288 5597 1330 5627 “
1368 5594 1559 5650 Matth.
1605 5611 1658 5660 ν,
1690 5594 1781 5647 44.

1942 5592 2094 5648 Joan.
2145 5609 2233 5657 xv,
2291 5591 2339 5649 5.

1899 3253 2079 3297 catum
2106 3256 2121 3306 ;
2150 3253 2311 3309 super
2342 3240 2426 3294 his
2459 3251 2640 3295 autem
2668 3241 2921 3296 omnibus
2956 3252 3141 3311 regnet
3175 3244 3335 3297 Deus.

1973 3417 2041 3475 ν.
2068 3419 2121 3477 5.
2159 3419 2353 3473 Panem
2391 3430 2624 3473 nostrum
2652 3419 2985 3490 suﬁicienlem
3014 3421 3103 3474 da.

1984 3510 2309 3567 Necessario
2384 3510 2695 3581 adiungitur
2749 3514 3005 3579 quotidie.
3071 3511 3482 3579 Quodammodo

1900 3604 2044 3657 enim
2080 3603 2433 3658 instaurativa
2466 3613 2549 3658 est
2588 3610 2832 3655 nostrum
2870 3619 2995 3658 vera
3040 3604 3170 3668 vita,
3201 3613 3257 3657 ut
3284 3619 3484 3659 secun-

1900 3694 2025 3747 dum
2058 3695 2224 3748 Deum
2258 3694 2403 3748 vivat
2436 3695 2663 3749 interior
2695 3692 2878 3749 homo.

1971 3783 2038 3838 V.
2071 3783 2129 3848 5,
2154 3784 2208 3847 6,
2238 3783 2290 3840 7.

1970 3874 2103 3929 Illud
2128 3876 2318 3945 igitur,
2349 3874 2481 3941 Quis
2508 3892 2572 3929 ex
2608 3876 2774 3939 vobis,
2807 3876 2871 3929 ad
2916 3877 3215 3947 discipulos
3250 3877 3481 3943 dicitur;

1901 3980 1956 4024 at
1989 3968 2155 4035 illud,
2203 3968 2411 4022 habebit
2460 3969 2720 4033 amicum,
2765 3968 2840 4020 ait
2891 3983 3001 4034 quo
3046 3977 3253 4021 asserat
3315 3966 3480 4021 Deum

1903 4063 2134 4117 amicum
2180 4076 2300 4117 esse
2338 4069 2678 4122 sanctorum,
2727 4068 2785 4113 ut
2826 4058 3026 4131 Moysis
3074 4069 3127 4113 et
3177 4059 3477 4114 Abraham.

1906 4150 2298 4206 Verosimiliter
2362 4148 2784 4213 medinoctium,
2835 4160 2919 4204 est
2983 4150 3148 4205 breve
3204 4151 3303 4203 hoc
3357 4151 3484 4203 vitae

1906 4255 2113 4314 tempus
2163 4243 2380 4312 quando
2443 4242 2844 4297 exterminator
2901 4242 3205 4307 ingreditur
3271 4257 3485 4295 omnem

1906 4337 2122 4389 domum
2175 4333 2460 4388 mundanae
2523 4331 2777 4405 Egypti,
2826 4332 2916 4387 ubi
2952 4349 3057 4387 non
3109 4332 3208 4387 fuit
3257 4344 3480 4387 unctum

1906 4426 2068 4480 limen
2138 4424 2403 4496 sanguine
2472 4424 2700 4480 Christi.
2763 4424 3008 4479 Postulat
3080 4423 3373 4491 discipulus
3420 4425 3489 4476 ab

1842 4519 1885 4573 D
1912 4517 2087 4571 amico
2124 4527 2232 4571 tres
2270 4530 2458 4584 panes,
2508 4515 2696 4571 volens
2738 4517 2947 4569 nutrire
2988 4514 3233 4569 doetrina
3278 4514 3343 4568 de
3390 4512 3484 4567 Dei

1914 4609 2151 4664 trinitate
2181 4612 2485 4664 venientem
2521 4611 2586 4665 ad
2619 4624 2678 4665 se
2709 4609 2777 4663 de
2810 4608 3024 4671 itinere,
3060 4616 3118 4660 ut
3156 4608 3227 4661 ait
3258 4622 3271 4659 :
3316 4606 3486 4660 Extra

1910 4717 1989 4755 me
2024 4718 2127 4756 non
2182 4704 2397 4770 potestis
2446 4702 2615 4769 facere
2675 4703 2961 4771 quidquam
2988 4701 3049 4753 “.
3096 4703 3163 4753 At
3215 4702 3489 4768 quomodo

1915 4795 2201 4865 respondet
2234 4796 2300 4850 de
2331 4796 2476 4850 intus
2510 4796 2734 4860 amicus,
2766 4795 2953 4849 dicens
2992 4813 3004 4849 :
3042 4792 3123 4846 Ne
3164 4794 3291 4846 milii
3332 4811 3490 4863 uego-

1913 4886 2043 4939 tium
2085 4884 2353 4953 facessas?
2383 4883 2605 4952 Quaares
2642 4899 2791 4946 vero,
2823 4899 2890 4937 an
2928 4885 3063 4937 forte
3105 4884 3195 4951 qui
3240 4882 3490 4936 laborant

1915 4987 1971 5030 et
2013 4976 2220 5029 onerati
2265 4986 2412 5040 sunt,
2458 4975 2571 5030 suis
2611 4975 2888 5030 laboribus
2923 4992 3027 5029 non
3077 4973 3351 5031 facessunt
3386 4991 3487 5027 nc-

1913 5068 2116 5136 golium
2183 5066 2473 5120 Salvatori.
2530 5066 2823 5135 Propterea
2895 5065 3224 5133 inﬁrmitates
3284 5076 3488 5118 nostras

1911 5166 2116 5226 portat,
2160 5166 2207 5210 et
2254 5172 2346 5223 pro
2381 5157 2526 5210 nobis
2579 5156 2716 5209 dolet
2757 5157 2822 5210 ".
2860 5155 2953 5211 Vel
3006 5156 3148 5209 sicut
3202 5155 3329 5209 huic
3384 5171 3488 5208 non

1915 5248 2116 5301 dormit
2155 5247 2314 5314 Deus,
2364 5249 2518 5304 alteri
2554 5264 2688 5303 vero
2736 5249 2983 5319 peccanti
3040 5248 3199 5303 irasci
3246 5249 3489 5305 dicitur:

1916 5339 1988 5394 ita
2018 5340 2183 5395 etiam
2210 5340 2514 5397 molestiam
2546 5342 2747 5396 habere
2768 5341 2835 5396 ab
2867 5339 3127 5395 afferente
3151 5340 3276 5395 sibi.

1984 5431 2063 5487 'l'u
2098 5449 2258 5504 porro
2285 5435 2588 5500 considera,
2617 5448 2793 5487 annon
2821 5434 2997 5501 panis,
3027 5432 3097 5489 sit
3122 5431 3491 5489 necessarium

2444 5592 2488 5631 ι’
2527 5591 2629 5647 lsa.
2683 5607 2776 5647 LIII
2803 5630 2817 5657 ,
2859 5590 2911 5646 4.

303 5714 417 5783 (98)
452 5713 714 5783 Videtur
756 5712 1099 5768 scribendum
1157 5710 1423 5782 χρήσιμον
1470 5710 1529 5759 τδ
1559 5746 1573 5772 ,
1636 5687 2004 5777 Ἇγαπιξσεις.

306 5786 421 5855 (99)
458 5783 621 5839 Forte
652 5782 770 5853 μέν.
