3888 6214
412 341 524 395 355

1308 335 1873 394 SUPPLEMENTUM
1914 332 2361 391 ADORIGENIS
2394 333 2805 390 EXEGETICA.

3567 339 3677 395 356

414 460 609 511 animae
648 457 700 511 in
745 456 1054 527 cognitione
1106 458 1519 521 nutrimentum,
1567 458 1689 513 sine
1739 472 1847 527 quo
1887 458 1992 510 im-

2097 457 2153 508 ὲν
2196 454 2395 525 γνώσει
2432 457 2627 527 τροφὴ,
2669 451 2737 528 ἦς
2770 456 2896 511 ἀνευ
2930 456 3029 509 οὐκ
3070 456 3185 509 ἔστι
3225 454 3525 520 σώζεσθαι·
3556 452 3677 513 οἷον

414 548 673 617 possibile
720 556 804 601 est
856 547 1105 611 salvari;
1157 554 1317 615 puta,
1364 561 1543 601 sermo
1582 547 1809 616 diligens
1860 561 1992 615 quo-

416 639 574 693 modo
606 639 892 692 vivendum
926 638 1016 692 sit.
1049 636 1220 691 Piscis
1250 652 1400 703 vero,
1443 646 1537 690 aut
1580 648 1788 691 certum
1818 636 1988 706 quotl-

415 730 538 783 dam
571 729 875 796 opsonium,
918 727 1155 781 discendi
1200 726 1457 782 studium.
1494 725 1650 790 Puta,
1687 726 1829 779 scire
1862 740 1991 779 con-

414 821 752 874 stitutionem
801 820 1007 885 mundi,
1042 822 1149 872 vim
1184 819 1610 883 elementorum,
1642 819 1988 888 principium,

417 909 577 963 linem
618 921 671 963 et
722 910 954 962 medium
1011 918 1330 977 temporum,
1376 918 1430 961 et
1472 923 1593 977 quae
1640 909 1858 978 insuper
1904 923 1992 962 sa-

415 1000 611 1069 pientia
648 998 927 1069 recolligit.
962 998 1073 1053 lloc
1121 1000 1285 1065 igitur
1334 1009 1514 1068 pacto,
1550 1014 1646 1067 pro
1688 1014 1827 1069 pane
1860 1000 1991 1068 lapi-

414 1094 534 1146 dem
572 1108 678 1145 non
713 1092 808 1145 dat
847 1091 1006 1157 Deus,
1048 1106 1207 1160 quem
1248 1091 1493 1145 diabolus
1522 1090 1733 1144 volebat
1765 1090 1832 1144 ab
1862 1090 1989 1145 Jesu

413 1185 623 1238 comedi
655 1202 670 1237 :
708 1198 883 1253 neque
922 1198 1018 1252 pro
1063 1183 1212 1253 pisce
1259 1193 1588 1252 serpentem,
1620 1198 1779 1253 quem
1812 1197 1990 1237 come.

413 1275 546 1329 dunt
575 1274 881 1345 Ethiopes,
910 1286 1094 1344 utpote
1124 1275 1326 1344 indigni
1353 1275 1445 1343 qui
1480 1276 1656 1343 pisces
1680 1276 1986 1330 comedam.

413 1366 501 1421 lbi
522 1369 690 1431 enim,
722 1368 797 1422 ait
823 1368 1131 1434 Psalmista,
1159 1377 1217 1421 tu
1240 1369 1544 1438 confregisti
1569 1377 1723 1434 caput
1745 1369 1989 1421 draconis

413 1460 469 1513 in
500 1478 658 1532 aqua,
705 1460 896 1514 dedisti
936 1475 1054 1512 eum
1087 1475 1259 1512 escam
1311 1458 1515 1527 populis
1546 1457 1890 1529 Ethiopibus
1921 1461 1984 1516 “.

416 1550 522 1605 Nec
562 1552 858 1621 generatim
892 1566 991 1621 pro
1026 1566 1087 1605 re
1123 1565 1280 1605 vesca
1309 1559 1365 1605 et
1397 1549 1537 1614 utili,
1569 1564 1655 1606 res
1691 1552 1759 1606 ad
1801 1567 1987 1608 come-

414 1643 645 1698 dendum
674 1644 884 1713 ineptas
910 1651 964 1697 et
988 1656 1208 1696 nocuas.

414 1732 479 1789 ν.
507 1737 597 1791 54.
636 1736 871 1788 Lucerna
914 1736 1171 1802 corporis,
1204 1742 1280 1787 est
1322 1733 1524 1786 oculus.
1558 1732 1787 1799 Quando
1826 1735 1988 1803 igitur

2093 547 2121 597 6
2159 548 2285 618 περί
2316 547 2432 612 τοῦ,
2465 548 2581 611 πῶς
2611 548 2831 618 βιωτέον
2868 548 3100 620 ἀκριϐὴς
3132 548 3287 617 λόγος
3306 548 3514 617 ’ἰχθὺς
3543 550 3599 603 δὲ
3637 550 3674 621 ἢ

2092 634 2202 691 οἷον
2233 638 2362 707 ὄψον
2392 638 2749 710 φιλομάθεια’
2784 634 2894 693 οἷον
2933 640 2995 693 τὸ
3044 640 3239 693 εἰδέναι
3278 638 3535 693 σύστασιν
3582 641 3679 694 κό-

2095 746 2251 799 σμου,
2288 730 2570 803 ἐνέργειαν
2606 731 2905 802 στοιχείων,
2942 732 3114 803 ἀρχὴν
3139 732 3233 785 καὶ
3264 731 3416 795 τέλος
3446 733 3538 785 καὶ
3579 750 3679 803 με-

2094 820 2292 892 σότητα
2321 822 2549 892 χρόνων,
2574 822 2669 874 καὶ
2696 823 2794 874 ὅσα
2821 822 2944 891 ἑξῆς
2971 825 3002 893 ή
3035 822 3195 891 σοφία
3223 822 3537 891 καταλέγει.
3566 823 3677 876 Οὖ-

2089 931 2197 977 τως
2223 910 2315 967 οῦν
2338 914 2457 967 ἀντὶ
2483 915 2647 985 ἄρτου
2673 914 2820 968 λίθον
2851 916 2912 967 οὐ
2942 914 3155 967 δίδωσιν
3183 918 3211 969 6
3242 915 3392 979 Θεὸς,
3421 916 3479 968 ὃν
3509 918 3537 969 6
3559 916 3678 968 διά-

2092 1005 2247 1069 ϐολος
2311 1005 2561 1059 ὲὸούλετο
2612 1006 2718 1059 ὑπὸ
2774 1005 2945 1076 Ἰησοῦ
3010 1006 3319 1059 ὲσθίεσθαι’
3371 1006 3493 1060 οὔτε
3551 1008 3675 1060 ἀντὶ

2094 1094 2275 1163 ἰχθύος
2297 1094 2440 1163 ὅφιν,
2466 1096 2524 1148 ὃν
2550 1095 2820 1148 ἐσθίουσιν
2841 1096 2890 1147 οἰ
2913 1094 3119 1159 ἀνάξιοι
3138 1096 3233 1148 τοῦ
3261 1095 3450 1167 ἰχθύας
3468 1095 3674 1148 ἐσθίειν

2089 1185 2364 1250 Αἰθίοπες.
2410 1186 2571 1240 Ἑκεῖ
2590 1188 2719 1258 γὰρ,
2752 1188 2911 1257 φησὶν
2950 1188 2978 1240 6
3009 1186 3331 1258 Ψαλμῳδὸς,
3378 1186 3460 1240 σὺ
3519 1202 3673 1239 συν-

2101 1280 2373 1345 ἐθλασας
2410 1280 2525 1347 τὴν
2594 1280 2869 1348 κεφαλὴν
2927 1280 3033 1334 τοῦ
3082 1280 3407 1347 δίάκοντος
3436 1278 3535 1330 ἐπὶ
3561 1277 3671 1331 τοῦ

2088 1372 2324 1438 ὕδατος,
2347 1371 2571 1439 ἔδωκας
2593 1373 2778 1426 αὐτὸν
2791 1372 3002 1441 ,ϐρῶμα
3026 1372 3199 1437 λαοῖς
3227 1370 3350 1437 τοῖς
3370 1372 3667 1437 Αἰθίοψιν-⁸

2087 1461 2209 1516 οὔτε
2237 1463 2420 1528 ἁπλῶς
2442 1465 2559 1517 ἀντὶ
2587 1465 2853 1537 τροφίμου
2883 1466 2976 1518 καὶ
2998 1463 3336 1534 ὠφελοῦντος
3352 1461 3421 1517 τὰ
3446 1462 3671 1534 ἄόρωτα

2088 1555 2183 1608 καὶ
2211 1554 2538 1625 βλάπτοντα.

2088 1736 2235 1822 Στίχῖ
2276 1734 2384 1822 λδςλ
2410 1736 2473 1787 '0
2500 1735 2730 1822 λύχνος
2753 1733 2860 1822 τοῇ
2888 1730 3159 1822 ονώιξατός
3180 1731 3350 1822 erit):
3378 1734 3412 1811 ό
3441 1730 3671 1822 όξθαλῑ

476 1810 659 1860 oculus
692 1818 810 1860 tuus
839 1796 1059 1875 simplex
1094 1796 1183 1865 sit,
1212 1804 1371 1856 etiam
1408 1796 1791 1869 totumﬁcorpus
1838 1796 1985 1857 buunt

2153 1796 2285 1875 ιὶός.
2324 1806 2497 1858 Ὅταν
2516 1796 2645 1875 γοῦᾆο
2671 1796 3188 1875 δόφθαλμοςλσου
3217 1801 3450 1875 ἁπλοῦς
3477 1796 3539 1875 ᾖ,
3567 1800 3669 1875 καί

484 1876 716 1931 lucidum
740 1886 834 1929 est.
856 1874 917 1930 Si
943 1891 1059 1929 vero
1087 1889 1306 1943 nequam
1329 1874 1430 1937 sit,
1456 1875 1614 1926 etiam
1633 1888 1820 1943 corpus
1841 1886 1987 1928 tuum

486 1947 888 1999 tenebricosum.

413 2013 480 2069 V.
514 2016 603 2069 55.
642 2014 893 2082 Prospice
921 2027 1068 2083 ergo,
1095 2028 1218 2067 num
1247 2012 1424 2068 lumen
1452 2011 1593 2083 quod
1620 2020 1696 2065 cst
1727 2012 1783 2067 in
1813 2023 1883 2079 te,
1915 2023 1991 2068 te-

486 2086 658 2139 nebrae
687 2096 827 2138 sunt.

413 2154 479 2212 ν.
506 2155 596 2211 36.
631 2153 689 2209 Si
721 2157 884 2222 igitur
930 2153 1089 2222 fuerit
1134 2169 1323 2221 corpus
1370 2162 1520 2207 tuum
1569 2150 1840 2219 lucidum,
1886 2169 1991 2207 non

484 2227 679 2279 habens
721 2235 922 2290 partem
954 2223 1363 2288 tenebricosam;
1397 2226 1495 2275 erit
1539 2222 1772 2276 lucidum
1802 2232 1987 2287 totum,

485 2305 543 2349 ut
572 2311 690 2349 cum
730 2294 942 2347 lucerna
975 2294 1181 2362 fulgore
1214 2292 1568 2346 illuminatur.

482 2388 634 2459 Ejus,
667 2387 809 2456 quod
846 2386 947 2441 hoc
982 2393 1236 2439 contextu
1266 2386 1485 2451 dicitur,
1531 2386 1672 2441 hanc
1721 2399 1844 2440 esse
1897 2402 1988 2439 ra-

411 2482 615 2536 tionem
664 2478 957 2532 existimo:
991 2474 1048 2528 Si
1096 2486 1383 2544 propterea
1424 2477 1566 2544 quod
1607 2490 1803 2545 corpus
1839 2486 1988 2529 tuum

412 2574 647 2629 lucidum
692 2568 943 2625 eﬂectum
977 2574 1080 2632 est,
1125 2567 1428 2621 illuminato
1477 2581 1669 2636 nempe
1702 2583 1733 2621 a
1768 2567 1987 2624 lucerna

410 2674 663 2732 corpore,
709 2658 853 2713 nulla
885 2666 970 2711 est
1005 2657 1055 2709 iu
1104 2668 1157 2710 te
1191 2670 1318 2723 pars
1347 2654 1580 2724 amplius
1613 2656 1983 2721 tenebricosa;

404 2754 519 2825 jam
561 2761 614 2808 te
643 2750 875 2820 amplius
903 2762 1007 2803 non
1050 2756 1335 2815 peccante,
1384 2761 1556 2816 usque
1597 2748 1732 2803 adeo
1763 2749 1869 2804 erit
1908 2749 1988 2803 lu-

410 2847 593 2903 cidum
634 2854 802 2899 totum
850 2855 1073 2911 corpus,
1127 2847 1185 2892 ut
1234 2836 1488 2892 conferre
1538 2837 1698 2893 liceat
1748 2838 1987 2908 fulgores

412 2938 557 2993 illius
599 2950 721 2991 cum
770 2933 991 2988 lucerna
1046 2928 1372 2985 illuminanti
1426 2928 1734 2999 splendore,
1780 2946 1846 2987 ac
1891 2948 1988 3002 per

410 3028 830 3085 illustrationem
894 3022 1146 3079 tenebras
1201 3020 1465 3076 solvente.
1521 3020 1740 3092 Fulgori
1798 3023 1986 3093 utique

2161 1870 2309 1929 ὅλον
2340 1876 2404 1927 τὸ
2453 1873 2625 1944 (ζῶμά
2655 1870 2783 1927 σού
2808 1870 3098 1944 φωτεινόν
3126 1873 3317 1934 ἐστιν.
3367 1870 3559 1944 Ἑπάν
3602 1870 3673 1923 δὲ

2159 1947 2424 2012 πονηρὸς
2452 1939 2512 2015 ᾖ,
2540 1939 2641 1998 καὶ
2670 1945 2743 2015 τό
2766 1939 2936 2015 σῶμά
2972 1957 3086 2015 σου
3117 1941 3452 2015 ρ’κοτει-νόν.

2091 2016 2241 2085 Στίχ,
2286 2010 2380 2067 λε’.
2401 2010 2641 2069 Σκόπει
2674 2010 2807 2078 οὖν,
2969 2013 3034 2066 τὸ
3058 2010 3181 2081 φῶς
3209 2013 3274 2065 τὸ
3301 2011 3371 2065 ἐν
3396 2011 3497 2064 σοι
3522 2011 3672 2064 σκό-

2160 2104 2263 2138 του
2292 2086 2486 2138 ἐστίν.

2160 2104 2263 2151 τος
2292 2101 2486 2138 εστιν.

2089 2148 2372 2227 Στίχξλςλ.
2409 2158 2479 2209 Εἰ
2510 2149 2629 2227 οὗνᾲ
2651 2152 2911 2227 τὸᾉονῶμά
2937 2166 3051 2206 σου
3084 2150 3390 2227 φωτεινόν,
3412 2148 3498 2227 μὴ
3520 2152 3669 2227 ξχον

2155 2220 2338 2296 μέρος
2363 2225 2698 2296 σκοτεινὸν,
2720 2220 2893 2296 ἔσται
2918 2222 3205 2296 φωτεινόν
3229 2222 3395 2285 ὅλον,
3417 2222 3491 2286 ὡς
3518 2220 3672 2273 ὅταν

2158 2292 2192 2351 δ
2219 2292 2447 2365 λύχνος
2473 2294 2548 2363 τῇ
2573 2293 2851 2362 ἀστραπῇ
2884 2292 3206 2362 φωτίζεται.

2160 2387 2265 2439 Τοῦ
2294 2386 2350 2439 δὲ
2389 2385 2587 2455 ἐφεξῆς
2621 2384 2784 2456 ῥητοῦ
2815 2383 3051 2436 τοιοῦτον
3086 2378 3224 2436 εἶναι
3255 2382 3349 2435 τὸν
3391 2382 3549 2451 λόγον
3577 2398 3667 2434 νο-

2092 2483 2250 2554 μίζω·
2304 2483 2475 2554 Εἴπερ
2515 2482 2605 2536 διὰ
2642 2482 2699 2535 τὸ
2732 2481 2893 2553 σῶμά
2936 2498 3028 2534 σου
3073 2480 3329 2550 φωτεινόν
3362 2479 3665 2549 γεγονέναι,

2090 2573 2451 2644 φωτισθέντος
2497 2574 2603 2627 ὑπὸ
2652 2572 2745 2625 τοῦ
2796 2572 2988 2643 λύχνου
3030 2572 3123 2625 τοῦ
3174 2571 3443 2642 σώματος,
3498 2571 3668 2642 μηδέν

2088 2667 2235 2718 ἐστιν
2269 2667 2326 2717 ὲν
2362 2666 2443 2717 σοι
2477 2655 2641 2735 μέρος
2676 2663 2756 2716 ἔτι
2795 2664 3084 2725 σκοτεινὸν,
3122 2662 3382 2733 μηδαμῶς
3415 2661 3667 2733 ἁμαρτά-

2087 2772 2228 2809 νοντι
2264 2755 2364 2819 ἔτι,
2413 2755 2585 2818 οὕτως
2630 2754 2778 2807 ἔσται
2812 2753 3074 2823 φωτεινὸν
3100 2754 3161 2805 τὸ
3191 2754 3311 2807 ὅλον
3359 2752 3535 2823 σῶμα,
3588 2752 3670 2815 ὡς

2088 2846 2530 2919 παραϐάλλεσθαι
2558 2846 2657 2909 τὰς
2686 2844 2861 2915 αὐγὰς
2879 2845 3041 2898 αὐτοῦ
3068 2844 3245 2915 λύχνῳ
3276 2845 3331 2897 ἐν
3356 2841 3669 2914 φωτιζούσῃ

2086 2938 2339 3011 ἀστραπῇ
2394 2939 2497 2992 κάν
2530 2937 2795 3008 φωτισμῷ
2822 2938 2883 2990 τὸ
2911 2937 3098 2999 σκότος
3142 2935 3341 2988 λύοντι.
3383 2935 3666 3004 Ἀστραπῇ

2090 3030 2187 3099 μὲν
2214 3030 2322 3101 γὰρ
2349 3028 2491 3087 ἔοικε
2524 3028 2880 3100 λαμπροτάτῃ
2910 3030 2937 3081 6
2969 3028 3075 3081 ἀπὸ
3106 3027 3200 3080 τοῦ
3233 3026 3323 3080 νοῦ
3358 3026 3662 3096 φωτισμός·

410 3119 846 3192 splendidissimo
877 3115 1071 3185 similis
1108 3121 1198 3168 est
1242 3113 1532 3167 illustratio
1563 3128 1593 3167 a
1635 3122 1815 3169 mente
1857 3130 1985 3184 pro-

2097 3119 2263 3190 λύχνῳ
2287 3119 2344 3172 δὲ
2386 3121 2443 3173 ὲν
2472 3121 2728 3191 ἀστραπῇ
2766 3119 2829 3172 τὸ
2858 3122 2915 3172 ὲν
2949 3118 3028 3189 τῷ
3070 3117 3282 3189 σώματι
3322 3117 3456 3187 φῶς,
3486 3133 3667 3185 πεφυ-

409 3214 667 3277 veniens;
712 3218 767 3264 et
808 3208 1042 3261 lucernae
1085 3204 1372 3275 splendore
1406 3204 1754 3275 illuminanti,
1805 3206 1984 3264 lumen

2094 3212 2213 3265 κότι
2243 3208 2379 3265 εἶναι
2412 3213 2619 3277 σκότος,
2648 3213 2919 3284 ἀγομένῳ,
2950 3213 3084 3266 ὅπου
3114 3213 3142 3263 6
3166 3210 3291 3274 νοῦς
3319 3210 3582 3281 βούλεται.

409 3304 552 3373 quod
608 3303 663 3355 in
710 3313 937 3369 corpore
980 3307 1099 3362 est,
1147 3297 1290 3367 quod
1344 3308 1538 3352 natura
1611 3301 1903 3371 cmteroqui
1966 3304 2215 3360 tenebras
2260 3320 2384 3360 esse
2438 3315 2807 3375 comparatum
2864 3315 2968 3371 est,
3027 3304 3151 3359 dum
3185 3318 3292 3374 quo
3334 3317 3486 3358 mens
3526 3299 3667 3354 vultv

410 3402 648 3455 ducitur.

414 3492 478 3549 ν.
516 3492 605 3547 51.
647 3490 692 3545 Α
739 3490 995 3560 sanguine
1038 3486 1167 3611 Abehl
1224 3505 1383 3569 usque
1420 3490 1489 3543 ad
1533 3491 1839 3560 sanguinem
1883 3488 1989 3544 Za-

1101 3575 1128 3611 c
1166 3575 1316 3611 arue.

1101 3575 1316 3613 cnarue.

482 3656 775 3724 Propterea
825 3650 1131 3716 carniﬁces,
1178 3665 1301 3704 cum
1354 3649 1630 3705 Elisabetb
1674 3658 1729 3705 et
1773 3650 1914 3704 ﬁlius
1956 3665 1987 3705 e

409 3748 659 3802 manibus
709 3761 898 3800 eorum
956 3744 1286 3807 evasissent,
1340 3742 1476 3798 iram
1536 3755 1751 3811 quoque
1798 3750 1984 3795 contra

406 3842 723 3897 Zachariam
780 3838 1093 3903 eﬂ'uudunt,
1144 3845 1204 3891 ut
1253 3837 1397 3890 fama
1453 3844 1559 3890 est.
1617 3834 1770 3889 Haud
1827 3836 1985 3890 aliter

408 3936 572 4006 igitur
617 3933 779 3988 etiam
818 3940 1037 4001 propter
1085 3928 1349 4000 virginem
1403 3929 1649 3994 Mariam,
1696 3937 1981 3996 postquam

406 4027 591 4099 genuit
633 4026 970 4081 Salvatorem
1005 4031 1268 4078 nostrum.
1314 4023 1449 4076 Cum
1494 4019 1639 4073 enim
1692 4019 1982 4075 adoratura

408 4118 664 4182 venisset,
700 4116 849 4171 stetit
888 4116 940 4169 in
973 4115 1094 4169 loco
1128 4113 1421 4183 virginum.
1451 4110 1607 4177 Quod
1639 4124 1759 4164 cum
1796 4110 1980 4179 probi-

405 4210 595 4265 berent
624 4209 715 4278 qui
748 4217 1011 4264 noverant
1056 4222 1175 4261 eam
1212 4205 1522 4274 peperisse;
1572 4202 1866 4257 Zacharias
1894 4202 1978 4255 di-

402 4302 564 4356 cebat
591 4299 1026 4370 prohibentibus,
1070 4312 1188 4351 eam
1228 4310 1351 4350 esse
1389 4293 1608 4360 dignam
1648 4291 1767 4346 loco
1815 4293 1979 4361 virgi-

406 4407 555 4460 num,
585 4392 783 4461 quippe
813 4391 1079 4461 virginem
1136 4390 1331 4443 adhuc.
1388 4386 1589 4456 Utpote
1639 4400 1770 4455 ergo
1804 4385 1978 4439 mani-

403 4485 539 4539 feste
597 4484 774 4555 legum
831 4492 1323 4551 transgressorem,
1376 4476 1771 4532 interfecerunt
1836 4477 1979 4531 inter

2089 3490 2235 3561 Στίχ.
2264 3500 2365 3546 ναν.
2384 3492 2517 3546 Ἀπὸ
2548 3492 2654 3545 τοῦ
2677 3492 2929 3561 αἵματος,
2951 3491 3121 3545 Ἅϐελ
3148 3488 3258 3554 ἕως
3288 3486 3395 3541 τοῦ
3417 3486 3671 3555 αἵματος

2704 3560 3022 3630 Ζαχαρίου.

2156 3659 2233 3731 (Ι)
2266 3659 2356 3711 Διὸ
2383 3656 2484 3725 τῆς
2524 3652 2801 3706 Ἐλισάὸετ
2833 3651 2925 3703 καὶ
2964 3649 3058 3702 τοῦ
3087 3650 3275 3713 παιδὸς
3298 3646 3665 3716 ἀποτυχόντες

2084 3753 2133 3804 οἱ
2166 3751 2369 3821 δήμιοι,
2410 3745 2505 3798 καὶ
2535 3744 2609 3815 (2)
2652 3742 2745 3795 τοῦ
2776 3741 3042 3812 Ζαχαρίου
3080 3742 3171 3793 τὸν
3208 3739 3376 3809 θυμὸν
3409 3738 3661 3805 ἀφιᾶσιν,

2084 3846 2159 3907 ὡς
2186 3843 2361 3911 λόγος.
2392 3839 2529 3894 Κατ’
2563 3835 2695 3889 αὐτὸ
2727 3834 2884 3887 τοῦτο
2922 3832 3051 3900 γοῦν
3086 3829 3297 3885 καίεδιά
3326 3829 3423 3900 τὴν
3452 3827 3663 3899 παρθέ-

2083 3955 2171 3990 νον
2191 3934 2408 4005 Μαρίαν
2434 3928 2573 4003 μετά
2596 3930 2658 3982 τὸ
2679 3928 2934 3999 γεννῆσαι
2952 3926 3043 3978 τὸν
3070 3923 3296 3993 Σωτῆρα
3328 3920 3502 3992 ἡμῶν.
3546 3919 3666 3972 Ἐλ-

2084 4026 2250 4079 θοῦσα
2280 4024 2388 4095 γὰρ
2417 4022 2808 4094 προσκυνῆσαι,
2841 4018 2970 4088 ἔστη
3005 4019 3061 4068 ὲν
3094 4015 3170 4086 τῷ
3200 4014 3351 4084 τόπῳ
3378 4012 3488 4064 τῶν
3518 4030 3665 4083 παρ-

2083 4117 2267 4169 θένων.
2310 4114 2419 4167 Καὶ
2448 4111 2763 4165 κωλυόντων
2791 4108 2898 4161 τῶν
2927 4106 3146 4159 εἰδότων
3176 4106 3343 4175 αὐτὴν
3392 4104 3663 4175 γεννήσα-

2084 4225 2202 4269 σαν,
2245 4209 2273 4259 6
2306 4203 2579 4275 Ζαχαρίας
2608 4202 2758 4271 ἔλεγε
2793 4204 2911 4263 τοῖς
2942 4197 3263 4261 κωλύουσιν,
3304 4195 3460 4261 ἀξίαν
3489 4195 3664 4264 αὐτὴν

2081 4295 2218 4352 εἶναι
2247 4296 2341 4350 τοῦ
2375 4296 2541 4348 τόπου
2583 4292 2691 4345 τῶν
2724 4291 3026 4363 παρθένων,
3059 4290 3138 4342 ἔτι
3169 4286 3436 4359 παρθένον
3471 4282 3660 4340 οὖσαν.

2093 4391 2177 4453 Ὠς
2205 4386 2298 4443 οῦν
2322 4385 2509 4455 σαφῶς
2533 4383 2950 4455 παρανομοῦντα
2976 4383 3302 4436 ἀπέκτειναν
3331 4382 3533 4452 μεταξὺ
3563 4380 3661 4433 τοῦ

2078 4480 2207 4535 ναοῦ
2236 4478 2444 4533 καὶτοῦ
2470 4477 2875 4547 θυσιαστηρίου,
2908 4473 3324 4542 λειτουργοῦντα
3344 4474 3437 4525 καὶ
3462 4472 3661 4526 θύοντα

405 4580 659 4651 templum
695 4590 752 4634 et
776 4579 985 4641 altare,
1026 4577 1426 4631 ministrantem
1474 4570 1979 4639 sacriﬁcantemque

2097 4572 2155 4642 τῷ
2185 4572 2323 4642 Θεῷ,
2352 4571 2445 4624 καὶ¹
2472 4567 2859 4640 ἀναμιγνύουσι
2889 4566 2950 4619 τὸ
2977 4561 3115 4635 αἷμα
3151 4564 3231 4635 τῷ
3262 4565 3477 4634 αἵματι.

402 4673 536 4739 Deo,
563 4682 619 4727 et
652 4672 992 4727 miscuerunt
1022 4668 1341 4737 sanguinem
1371 4663 1653 4734 sanguine.

1035 4757 1191 4812 CAP.
1232 4753 1349 4809 XII.

402 4858 468 4913 V.
498 4859 553 4913 6.
585 4856 771 4910 Nonne
796 4858 1025 4925 quinque
1042 4853 1261 4908 aviculce
1286 4841 1821 4925 pendunturcssar‘iis
1850 4841 1979 4892 duo-

476 4932 593 4993 bus,
626 4935 675 4979 et
712 4913 820 4978 una
856 4913 1055 4979 ex'illis
1088 4940 1192 4977 non
1225 4930 1303 4975 est
1348 4914 1595 4972 ootwioni
1640 4913 1841 4965 tradita
1887 4925 1976 4962 co-

749 4997 771 5031 9

749 4997 771 5031 ·›

401 4996 788 5121 νΪῗῘηδιὲεθὲι
833 5063 1013 5131 capilli
1061 5062 1246 5130 capitis
1288 5057 1444 5131 vestri
1472 5068 1649 5110 omnes
1687 5123 1695 5131 _
1709 5048 1975 5131 numerati

470 5146 612 5215 sunt.
643 5134 723 5187 Ne
760 5150 881 5201 ergo
898 5120 1236 5193 'timuere'tis;
1266 5129 1445 5182 multis
1496 5120 1797 5195 passeribus
1835 5134 1975 5187 pra:-

471 5214 650 5260 statis.

470 5295 879 5357 Animadverte,
916 5292 1058 5360 quod
1105 5306 1208 5345 non
1256 5288 1454 5345 dixerit
1495 5286 1701 5357 lapsum
1751 5277 1971 5334 aviculae

400 5393 452 5445 in
490 5399 713 5449 terram,
745 5396 802 5440 ut
846 5383 1149 5438 Matthaeus.
1196 5381 1295 5436 Hic
1339 5393 1505 5451 porro
1560 5375 1799 5446 quinque
1852 5370 1967 5423 avi-

397 5480 554 5543 culae,
580 5478 710 5546 justi
755 5489 946 5530 sensus
999 5477 1270 5526 innunnt:
1307 5469 1400 5540 qui
1437 5464 1689 5523 sublimia
1718 5471 1775 5517 et
1806 5473 1971 5527 supra

469 5590 516 5622 “
560 5588 704 5644 Psal.
731 5602 922 5650 uxm,
951 5585 1035 5649 l3,
1067 5585 1154 5637 H.

460 5699 763 5772 (l)Co_nfcr
815 5698 1099 5772 Origenem
1146 5697 1234 5772 ἱηΔ
1262 5691 1465 5772 Matth.
1513 5690 1604 5745 ubi
1644 5685 1967 5772 sententiam

395 5755 549 5827 suam
579 5769 769 5825 atIerre
802 5755 1031 5832 videtur,
1069 5781 1192 5820 cum
1224 5768 1311 5821 hic
1340 5764 1573 5819 alienam
1606 5760 1783 5831 potius
1813 5755 1969 5811 exhi-

2724 4744 2880 4798 ΚΕΦ.
2920 4742 3019 4796 IB'.

2077 4840 2226 4905 Στίχ.
2266 4846 2338 4903 ς’.
2393 4834 2540 4905 Οὺχί
2573 4834 2754 4905 πέντε
2792 4833 3089 4905 ,στρουθία
3138 4829 3421 4905 πωλεῖται
3461 4829 3660 4905 daqu-

2140 4898 2292 4976 ρῖωνῖ
2317 4898 2613 4976 δυοῖνῗκαί
2646 4904 2716 4957 ἐν
2747 4902 2814 4968 ἐξ
2849 4898 3058 4976 abab):
3099 4904 3211 4955 οὐκ
3241 4902 3413 4954 ἐστιν
3461 4898 3658 4950 satis.

2145 4971 2454 5047 λησμένον
2489 4974 2743 5047 ἐνώπιον
2771 4973 2875 5047 τοῦ
2905 4971 3100 5047 -Θεοῦί

2077 5035 2225 5118 Στίχξ
2266 5035 2335 5112 ξ’.
2391 5044 2576 5118 Ἀλλὰ
2612 5045 2709 5097 καὶ
2737 5044 3019 5118 αὶ-τρίχες
3042 5038 3457 5118 τῆςΑκξφ-ᾳλῆε
3489 5035 3659 5118 ῥιιῷν

2145 5110 2334 5172 sitich
2377 5117 2749 5184 ἠρίθμηνται.
2788 5113 2885 5181 Μὴ
2920 5112 3033 5166 οὖν
3061 5111 3362 5180 φοϐεῖσθε.
3402 5110 3658 5161 Πολλῶν

2145 5188 2480 5256 στρουθίων
2512 5184 2838 5253 διαφέρετε.

2147 5278 2315 5347 Τήρει
2366 5275 2441 5337 δὲ,
2486 5275 2567 5326 ὅτι
2609 5274 2669 5325 ού
2717 5272 2921 5326 πτῶσιν
2969 5270 3249 5343 στρουθίου
3286 5270 3378 5321 ἐπὶ
3414 5268 3515 5337 τῆς
3553 5264 3655 5334 γῆς

2077 5362 2248 5431 εἶπεν,
2283 5367 2358 5429 ὼς
2403 5367 2431 5417 ὁ
2471 5364 2767 5427 Ματθαῖος.
2809 5365 2979 5416 Πέντε
3023 5362 3081 5414 δὲ
3126 5360 3386 5432 στρουθία
3424 5358 3522 5411 νῦν
3556 5357 3655 5418 τὰς

2078 5457 2360 5529 αἰσθήσεις
2388 5454 2481 5509 τοῦ
2512 5453 2719 5508 δικαίου
2750 5453 3072 5509 αἰνίττεται·
3124 5454 3181 5506 αἳ
3211 5452 3320 5505 τῶν
3364 5447 3655 5522 μετεώρων

2076 5681 2222 5737 beat.

2149 5748 2224 5820 (2)
2257 5746 2415 5802 Forte
2452 5743 2627 5797 κατά.
