3888 6214
233 269 345 327 3’›ῗ

1520 267 1813 323 SCIIOLIA
1853 266 1921 322 IN
1960 266 2220 324 LUCAM.

3310 346 3313 347 ί
3390 275 3495 333 358

229 388 327 443 καὶ
374 387 517 460 ὑπὲρ
568 387 856 460 ἄνθρωπον
896 386 1264 451 αἰσθάνονται,
1316 386 1626 460 ὁρῶσαιτά
1673 387 1786 440 θεῖα

1920 388 2194 443 hominem
2258 388 2435 458 posita
2495 388 2773 452 sentiunt,
2825 389 3075 447 videntes
3133 392 3346 460 divina,
3398 409 3495 446 au-

228 477 523 532 ἀκούουσαι
570 479 753 549 φωνῆς
803 477 963 543 Θεοῦ,
1019 477 1311 549 γευόμεναι
1370 477 1571 542 ζῶντος
1621 480 1810 550 ἄρτου,

228 571 651 642 όσφραινόμεναι
682 570 921 642 Χριστοῦ
951 572 1138 644 μύρων
1163 571 1411 636 εὐωδίας,
1437 570 1620 624 ἐλαίου
1651 569 1815 638 ἀγαλ-

228 663 478 727 λιάσεως,
509 664 808 735 ἁπτόμεναι
839 664 998 733 λόγου
1031 664 1257 728 ζῶντος·
1280 664 1501 727 αἵτινες,
1536 663 1810 729 ἐξευτελι-

228 751 453 823 ζὸμεναι
484 752 591 805 ὑπὸ
628 752 735 805 τῶν
763 752 830 805 τά
859 752 1168 823 πνεύματος
1214 752 1423 824 μωρίαν
1462 754 1556 805 καὶ
1590 751 1698 805 εῦω
1730 750 1808 822 (5)

225 842 542 913 κρινόντων,
600 840 700 895 οὐκ
753 843 890 894 εἰσιν
941 840 1359 913 ὲπιλελησμέναι
1430 842 1660 895 ἐνώπιον
1713 842 1808 895 τοῦ

222 929 377 983 Θεοῦ.
410 931 485 982 Τὸ
531 930 712 1000 μέντοι
746 931 1005 1000 ἐμφαῖνον
1047 931 1229 1003 ῥητὸν,
1265 932 1399 1002 μηδὲ
1437 932 1500 985 τὸ
1529 932 1808 1003 ἐλάχιστον

222 1021 508 1095 στρουθίον
562 1022 984 1093 ἐπιλελησμένον
1035 1022 1173 1077 εἶναι
1222 1024 1452 1078 ἐνώπιον
1501 1025 1597 1079 τοῦ
1648 1024 1804 1089 Θεοῦ,

220 1113 577 1179 συνεξέτασον
604 1116 717 1176 τοῖς
750 1115 1075 1185 ἐμφαίνουσι
1105 1118 1310 1187 ῥητοῖς,
1354 1116 1805 1171 ἐπιλανθάνεσθαι

215 1221 378 1257 τινων
408 1204 501 1258 τὸν
532 1204 665 1258 Θεὸν
705 1206 772 1259 δι’
803 1208 1079 1279 ἁμαρτίαν
1107 1209 1305 1263 αὐτῶν.
1350 1210 1554 1280 Ῥητῶς
1586 1211 1684 1281 μὲν
1712 1206 1805 1263 οὖν

212 1297 275 1349 τὸ
303 1295 642 1369 λεπτομερὲς
659 1298 758 1369 τῆς
786 1299 1070 1369 Προνοίας,
1095 1302 1189 1354 καὶ
1212 1304 1244 1372 ἡ
1276 1302 1439 1373 μέχρι
1461 1304 1569 1355 τῶν
1590 1302 1803 1356 λεπτῶν

212 1389 439 1459 γνῶσις,
470 1393 529 1444 ὲν
569 1393 779 1455 τούτοις
805 1392 1088 1464 δηλοῦται’
1142 1395 1350 1465 νοητῶς
1393 1396 1451 1448 δὲ
1495 1396 1680 1449 πίπτει
1711 1396 1804 1448 ἐπὶ

210 1482 312 1553 τῆς
340 1483 468 1553 γῆς,
514 1479 604 1537 οἷα
638 1484 915 1556 στρουθία,
954 1486 1016 1539 τὸ
1044 1487 1325 1558 φρόνιμον.
1386 1487 1555 1541 Ἐπάν
1587 1488 1644 1541 δὲ
1690 1487 1802 1541 ἀνω

212 1573 449 1645 φέρεσθε
482 1574 579 1645 (4),
629 1575 697 1629 τά
729 1576 880 1629 κάτω
920 1575 1076 1647 ζητεῖ
1102 1579 1215 1641 τοῖς
1241 1578 1343 1647 τῆς
1384 1578 1587 1649 σαρκὸς
1616 1578 1799 1648 ἐνεχο-

214 1666 402 1735 μένοις
433 1670 645 1731 κακοῖς,
678 1667 983 1740 παραδοθὲν
1026 1670 1106 1731 είς
1134 1668 1304 1732 πάθος
1342 1669 1582 1740 ἀτιμίας,
1618 1670 1711 1722 καὶ
1739 1668 1799 1723 τὸ

1914 480 2122 535 dientes
2162 494 2351 535 vocem
2383 481 2500 547 Dei,
2545 490 2825 550 gustantes
2864 497 3057 552 panem
3094 485 3308 550 vivum,
3356 483 3495 539 olfa-

1912 572 2117 627 cientes
2146 569 2506 645 fragrantiam
2539 582 2936 639 unguentorum
2986 575 3212 638 Christi,
3242 575 3345 631 olei
3394 591 3493 630 ex-

1912 664 2252 729 sultationis,
2299 675 2354 721 et
2387 665 3078 721 contrectantes.Verbum
3123 668 3328 722 vivum.
3362 668 3489 737 (Qui

1912 772 2105 813 sensus
2160 758 2260 812 viri
2286 757 2467 827 justi)
2515 761 2778 813 attenuati
2822 758 3005 814 abiis
3039 760 3129 830 qui
3182 761 3487 831 spiritualia

1909 850 2072 903 stulta
2118 858 2170 904 et
2197 850 2331 903 vilia
2371 859 2641 919 reputant,
2674 865 2779 905 non
2819 860 2947 906 sunt
2990 854 3042 906 in
3090 852 3362 909 oblivione
3410 863 3489 907 ta-

1909 951 2032 991 men
2075 953 2258 993 coram
2312 938 2441 993 Deo.
2493 939 2796 995 Dictionem
2848 940 3205 997 nihilominus
3240 958 3363 1012 quae
3409 945 3488 998 si-

1907 1030 2162 1098 gniﬁcat,
2214 1044 2283 1084 ne
2338 1031 2618 1085 minimam
2671 1033 2885 1102 quidem
2923 1034 3186 1087 aviculam
3238 1035 3289 1088 in
3344 1036 3484 1089 oblio

1908 1118 2068 1173 vione
2119 1134 2241 1173 esse
2272 1134 2455 1174 coram
2499 1120 2639 1187 Deo,
2678 1124 2949 1193 perpende
2992 1140 3113 1178 cum
3161 1124 3486 1180 dictionibus

1908 1210 2361 1278 significantibus,
2408 1212 2573 1269 Deum
2637 1216 2996 1283 quorumdam
3066 1214 3312 1270 oblivisci
3359 1232 3487 1285 pro-

1905 1312 2023 1372 pter
2054 1312 2273 1372 peccata
2304 1319 2512 1359 eorum.
2563 1303 2901 1361 Litteraliter
2934 1322 3065 1375 ergo
3106 1308 3156 1360 in
3190 1307 3338 1363 hisce
3388 1308 3487 1363 de-

1909 1391 2148 1446 claratur
2192 1394 2259 1447 ad
2292 1394 2512 1448 minima
2550 1410 2779 1466 quaeque
2810 1397 3014 1466 porrigi
3058 1396 3481 1465 Providentiam,

1901 1494 1955 1535 et
1985 1498 2153 1552 usque
2175 1484 2239 1538 ad
2268 1486 2509 1539 notitiam
2536 1502 2714 1541 rerum
2746 1489 3206 1544 tenuissimarum.
3227 1489 3486 1559 Spiritua-

1902 1569 2023 1625 liter
2048 1587 2216 1627 vero:
2249 1574 2393 1627 cadit
2422 1575 2473 1628 in
2525 1584 2751 1643 terram,
2784 1577 2929 1632 velut
2961 1579 3206 1646 aviculae,
3241 1580 3480 1649 pruden-

1902 1664 1996 1716 tia.
2030 1664 2161 1718 Dum
2211 1666 2355 1719 enim
2387 1666 2621 1720 sublime
2656 1665 2852 1732 fertur,
2894 1683 3013 1736 quae
3047 1669 3311 1724 inferiora
3355 1683 3483 1726 sunt

207 1755 496 1828 ἐλεύθερον
533 1756 671 1827 μετὰ
702 1757 796 1810 τοῦ
828 1757 1012 1829 τιμίου
1043 1757 1405 1821 ἀπολελωκός.
1455 1756 1707 1821 Τοιοῦτος
1736 1757 1786 1809 δὲ

1897 1756 2048 1826 petit,
2079 1766 2299 1827 propter
2329 1758 2625 1813 obtinentia
2666 1760 2848 1813 carnis
2890 1761 3051 1825 vitia;
3087 1761 3391 1831 traditaque
3423 1763 3476 1816 in

205 1850 238 1901 ὁ
283 1849 390 1901 ὑπὸ
416 1848 510 1902 τοῦ
546 1849 703 1918 λόγου
738 1850 1148 1923 μετεωρισθεὶς,
1182 1852 1275 1906 καὶ
1310 1852 1378 1904 τά
1405 1852 1569 1922 γήϊνα
1596 1852 1795 1922 φρονή-

208 1960 334 2006 σας.
369 1943 527 1998 Κατά
566 1945 623 1998 δὲ
662 1945 723 1998 τὸ
743 1946 905 2017 ῥητὸν
953 1946 1135 2008 πάλιν,
1161 1946 1221 1999 τό
1246 1963 1260 1976 ο
1297 1948 1378 1999 Οὐ
1401 1943 1667 1998 πεσεῖται
1692 1944 1791 1998 ἐπὶ

205 2035 327 2103 τὴν
356 2035 471 2106 γῆν
500 2036 647 2091 ἄνευ
678 2038 785 2091 τοῦ
814 2038 1043 2105 Πατρός
1078 2037 1262 2107 ὑμῶν,
1306 2038 1367 2090 οὐ
1412 2036 1510 2109 τὴν
1542 2036 1793 2108 βούλησιν

202 2129 502 2193 δείκνυσιν,
530 2130 665 2184 ἀλλά
690 2130 788 2202 τὴν
827 2131 1157 2202 πρόγνωσιν.
1185 2130 1305 2183 Τῶν
1334 2130 1443 2202 γὰρ
1471 2130 1789 2200 γινομένων,

201 2220 244 2274 ἃ
269 2222 371 2292 μὲν
394 2222 532 2274 κατά
560 2222 813 2294 βούλησιν
840 2224 1072 2293 γίνεται,
1096 2223 1132 2277 ἃ.
1156 2223 1211 2277 δὲ
1233 2224 1351 2277 κατ’
1377 2222 1646 2287 εὐδοκίαν,
1667 2221 1704 2277 ἀ
1733 2221 1791 2276 δὲ

203 2312 353 2365 κατὰ
378 2313 747 2387 συγχώρησιν.

854 2578 1011 2630 ΚΕΦ.
1047 2578 1142 2633 Il".

200 2666 375 2743 Etix.
401 2676 467 2743 κζ.
524 2669 718 2743 Πάλιν
752 2666 866 2743 οὖν
900 2667 1060 2725 εἶπε·
1098 2672 1217 2726 Τίνι
1243 2674 1509 2743 ὁμοιώσω
1539 2673 1653 2743 τὴν
1672 2675 1785 2740 βα-

274 2741 521 2793 σιλείαν
555 2742 660 2795 τοῦ
692 2741 839 2795 Θεοῦ
856 2759 875 2805 ;

198 2808 357 2885 Στίχ.
406 2817 512 2885 κα’.
567 2811 771 2885 Ὁμοία
818 2814 951 2867 ἐστὶ
984 2813 1152 2885 ζύμῃ,
1200 2811 1281 2879 ἣν
1314 2813 1601 2885 ,λαϐοῇσᾳ
1625 2815 1781 2885 γυνὴ

272 2880 544 3001 gﬁpvp‘er
564 2880 651 2948 εἷς·
674 2883 933 2952 ἀλεύρου
952 2880 1110 2937 σάτα
1131 2884 1282 2951 τρία,
1303 2884 1413 2951 ἕως
1429 2880 1500 2941 οὗ
1521 2880 1781 2955 ἐζυμώθή

357 2969 450 3001 ΟΥ.

312 2955 450 3005 λον.

282 3040 520 3111 Ἑτέρως
552 3041 669 3095 ἐστὶ
719 3042 924 3107 λαϐεῖν,
965 3043 1081 3113 τὴν
1130 3044 1229 3115 μὲν
1272 3045 1526 3115 γυναῖκα
1564 3047 1646 3110 εἰς
1681 3046 1781 3115 τὴν

209 3131 564 3204 Ἐκκλησίαν,
595 3134 712 3202 τὴν
735 3134 791 3188 δὲ
817 3134 1003 3205 ζύμην
1046 3138 1126 3201 είς
1162 3137 1225 3190 τὸ
1250 3137 1479 3208 Πνεῦμα
1504 3138 1566 3191 τὸ
1592 3138 1774 3207 ἀγιον.

193 3222 360 3276 Eriza
383 3224 441 3276 δὲ
466 3225 619 3293 τρία,
651 3225 828 3297 σῶμα,
864 3227 1098 3299 πνεῦμα,
1133 3228 1329 3301 ψυχήν.
1378 3230 1681 3299 Ἀγιάζεται
1725 3230 1781 3282 δὲ

191 3316 374 3368 ταῦτα
412 3320 478 3389 τῇ
509 3316 656 3391 ζύμῃ
683 3319 778 3372 τοῦ
806 3320 959 3388 ἁγίου
995 3321 1328 3391 Πνεύματος,
1360 3320 1501 3373 ὥστε
1529 3322 1779 3390 γενέσθαι

194 3408 340 3480 πρὸς
381 3409 442 3461 τὸ
473 3408 627 3477 ἆγιον
660 3411 884 3482 Πνεῦμα
920 3409 979 3463 ἓν
1021 3410 1268 3484 φύραμα.
1303 3412 1426 3464 Ἔτι
1465 3410 1643 3483 ζύμην
1682 3414 1779 3483 τὴν

193 3500 308 3552 ἀπὸ
336 3499 433 3551 τοῦ
464 3500 666 3570 σπόρου
704 3501 1242 3573 τελεσιουργηθείσαν
1269 3501 1496 3572 δύναμιν
1533 3503 1561 3553 ὁ
1591 3502 1780 3573 Σωτὴρ

194 3590 459 3661 ὀνομάζει
482 3591 543 3644 τὸ
569 3591 796 3663 Πνεῦμα
820 3593 881 3645 τὸ
905 3593 1077 3662 ἀγιον,
1100 3592 1289 3646 τοῦτον
1316 3591 1660 3663 αἰνιξάμενος
1689 3592 1779 3645 τὸν

194 3680 423 3750 τρόπον.
480 3681 539 3734 Ὁ
561 3683 691 3752 γοῦν
720 3685 817 3755 τῆς
844 3685 1096 3753 οὐρανίου
1128 3684 1404 3755 βασιλείας
1426 3684 1610 3754 ῗλόγος,
1643 3684 1779 3756 μετά

193 3771 299 3843 τὴν
334 3772 557 3844 πρώτην
596 3777 652 3828 ἐν
682 3774 990 3848 ἀνθρώποις
1031 3777 1239 3848 σπορὰν
1264 3776 1538 3847 αὐξηθεὶς,
1569 3776 1778 3849 καρπὸν

194 3864 435 3929 ἀποδοὺς
472 3866 681 3938 ἐντελῆ,
729 3868 822 3922 τοῦ
858 3869 1013 3937 ἁγίου
1044 3868 1361 3940 Πνεύματος
1398 3869 1496 3941 τὴν
1523 3870 1779 3940 ἐπιχορη-

194 3960 325 4028 γίαν
376 3963 489 4024 τοῖς
528 3960 617 4014 διὰ
660 3963 768 4015 τῶν
810 3968 1041 4035 πρώτων
1084 3962 1484 4033 ὠφελουμένοις
1525 3963 1774 4031 παρέχει,

193 4052 379 4123 ζύμης
414 4051 570 4123 δίκην
616 4054 844 4124 φύραμα
878 4053 1174 4125 ζυμούσης.
1218 4053 1360 4125 Γυνὴ
1390 4053 1445 4106 δὲ
1480 4053 1703 4123 ταύτην,
1743 4055 1776 4123 ἡ

194 4144 362 4213 σοφία
393 4143 487 4197 τοῦ
527 4145 685 4210 Θεοῦ,
724 4149 801 4210 είς
834 4146 1065 4219 ἀλεύρου
1110 4148 1245 4201 σάτα
1284 4145 1410 4217 τρία
1454 4145 1772 4217 ὲγκρύπτει.

191 4240 324 4301 Τοῖς
343 4236 474 4305 γοῦν
500 4238 884 4309 πορισαμένοις
907 4240 971 4291 ὲκ
997 4238 1196 4309 πολλῆς
1218 4237 1535 4308 ἐπιμελείας
1560 4238 1651 4290 καὶ
1676 4236 1777 4306 τῆς

190 4329 290 4382 τοῦ
324 4329 527 4401 σπόρου
565 4330 837 4402 γεωργίας
879 4330 1107 4401 ἀλεύρου
1150 4331 1286 4383 σάτα
1320 4329 1462 4401 τρία,
1506 4329 1771 4400 δόγματα,

195 4421 353 4474 θείαν
384 4421 587 4490 γνῶσιν
631 4421 731 4492 τὴν
764 4422 888 4493 περὶ
916 4421 1131 4491 Πατρὸς
1170 4421 1265 4474 καὶ⁵
1308 4420 1437 4474 Υίοῦ
1482 4421 1576 4474 καὶ
1618 4420 1772 4489 ἁγίου
1805 4438 1848 4492 ι)

193 4509 536 4581 Πνεύματος,
579 4512 612 4582 ἡ
648 4510 738 4564 τοῦ
778 4510 912 4563 Θεοῦ
952 4513 1111 4581 σοφία
1133 4511 1194 4563 τὸ
1239 4511 1390 4579 ἅγιον
1425 4512 1651 4581 Πνεῦμα
1685 4528 1776 4581 χο-

194 4605 379 4672 ρηγεῖ.
421 4603 483 4654 Ἦ
521 4602 565 4655 δ’
602 4602 762 4673 αὐτὴ,
793 4602 913 4655 καθ’
943 4602 1135 4672 έτέραν
1168 4602 1425 4666 διάνοιαν,
1470 4602 1647 4656 πάντα
1682 4600 1773 4655 τὸν

191 4696 259 4747 ὲκ
287 4693 433 4746 Θεοῦ
463 4694 746 4765 ἄνθρωπον
775 4695 840 4745 ὲκ
870 4691 1121 4763 σώματος
1147 4694 1240 4745 καὶ
1263 4693 1439 4763 ψυχῆς
1472 4693 1566 4745 καὶ¹
1608 4691 1773 4745 πνεύ-

194 4802 367 4856 ματος
392 4785 722 4847 συνεστῶτα,
761 4786 826 4856 τῇ
862 4785 1190 4857 ἐπιχορηγίᾳ
1230 4784 1327 4855 τῆς
1355 4784 1506 4848 θείας
1534 4784 1771 4853 ἐμπνεύ-

194 4893 356 4937 σεως,
397 4874 574 4946 ζύμην
614 4876 1017 4947 ὲγκρύπτουσα,
1044 4874 1143 4946 τὴν
1173 4873 1232 4939 ἐξ
1271 4874 1439 4944 αὐτῆς
1482 4874 1768 4943 ὠφέλειαν,

191 4971 272 5032 εἰς
297 4968 528 5040 ἀλεύρου
558 4970 694 5023 σὰτα
726 4970 850 5041 τρία
888 4968 957 5023 τὰ
982 4966 1299 5037 νενοημένα,
1330 4965 1435 5028 ἕως
1456 4960 1516 5019 οὗ
1544 4964 1768 5036 ζυμωθῇ

191 5058 335 5111 ὅλον.
384 5052 555 5122 Οὗτος
605 5058 756 5127 γοῦν,
804 5060 871 5130 τῇ
920 5060 1117 5128 μετοχῇ
1162 5056 1260 5127 τῆς
1302 5054 1550 5126 οὐρανίου
1595 5054 1772 5125 ζύμης

190 5150 452 5215 ποιωθεὶς
497 5155 592 5206 καὶ
632 5152 920 5222 ζυμωθεὶς,
972 5150 1222 5220 οὐράνιος
1264 5150 1358 5202 καὶ
1405 5148 1772 5218 πνευματικὸς

189 5246 593 5317 χρηματίσεται
633 5245 933 5316 ἄνθρωπος,
975 5243 1069 5296 καὶ
1112 5240 1253 5296 νέον
1293 5242 1550 5310 φύραμα,
1595 5240 1671 5303 ὡς
1712 5240 1770 5293 ὃν

195 5338 326 5404 μιᾶς
356 5337 604 5408 κράσεως
628 5335 925 5405 γενομένης
965 5333 1073 5386 τῶν
1108 5331 1273 5403 τριῶν
1305 5330 1547 5400 ἀλεύρων
1575 5329 1770 5382 ἀποδε-

1896 1844 2200 1917 passionem
2247 1848 2576 1917 ignominiae,
2608 1850 2771 1903 etiam
2808 1848 3116 1905 libertatem
3147 1867 3268 1906 cum
3299 1854 3473 1922 pretio

1895 1935 2115 1989 amittit.
2163 1934 2480 2005 Huiusmodi
2520 1952 2682 2006 porro
2720 1946 2805 1992 est
2845 1938 2938 2008 qui
2972 1952 3001 1992 a
3036 1940 3225 1996 verbo
3249 1941 3315 1995 ad
3345 1943 3473 1997 sub-

1894 2023 2040 2079 Iimia
2085 2024 2346 2091 elevatus,
2401 2027 2563 2080 etiam
2605 2041 2728 2096 qua:
2777 2036 2995 2082 terrena
3036 2038 3166 2084 sunt
3196 2030 3358 2099 sapit.
3392 2032 3487 2085 Ad

1893 2116 2127 2172 litteram
2159 2133 2384 2183 rursus,
2418 2118 2572 2182 illud,
2619 2134 2723 2172 non
2759 2120 2914 2173 cadet
2948 2136 3107 2189 super
3138 2131 3331 2175 terram
3362 2124 3475 2176 sine

1896 2206 2058 2262 Patre
2094 2219 2263 2264 vestro
2288 2210 2354 2273 ",
2384 2226 2487 2264 non
2522 2210 2850 2264 voluntatem
2898 2195 3154 2276 ostendit,
3199 2213 3291 2265 sed
3336 2228 3471 2281 prae-

1891 2300 2195 2355 scientiatn.
2244 2301 2444 2356 Eorum
2496 2304 2640 2356 enim
2692 2318 2811 2371 qua:
2845 2302 3197 2371 contingunt,
3234 2303 3351 2357 alia
3400 2318 3469 2357 ex

1890 2389 2170 2444 voluntate
2212 2390 2373 2458 ﬁunt,
2420 2394 2526 2447 alia
2564 2407 2631 2447 ex
2683 2391 3043 2461 beueplacito,
3095 2392 3199 2445 alia
3238 2407 3303 2447 ex
3343 2398 3485 2464 ρετ-⁷

1890 2496 2169 2537 IIIISSIOIIC.

2523 2572 2674 2629 CAP.
2714 2572 2854 2627 XIII.

1890 2661 2100 2786 νϐ.οᾷ
2118 2662 2321 2719 Iterum
2368 2682 2489 2735 ergo
2534 2666 2667 2719 dixit
2702 2680 2721 2719 :
2764 2664 2867 2719 Cui
2898 2666 3201 2721 auimilabo
3250 2682 3466 2737 regnum

2011 2751 2057 2786 et
2674 2757 2677 2760 ν

1887 2734 2100 2860 Ἅιέῗῗ
2115 2802 2301 2875 Simile
2330 2812 2408 2857 est
2440 2805 2716 2874 fermento,
2752 2822 2856 2875 quo
2887 2815 3099 2871 accepto
3126 2804 3315 2859 mulier
3344 2806 3466 2858 abs-

1956 2875 2130 2927 condit
2161 2873 2219 2926 t'tt
2256 2873 2449 2943 farina?
2485 2885 2605 2930 sata
2632 2873 2948 2943 Irim—donec
2978 2876 3345 2945 fermentatum
3383 2885 3465 2929 est

1955 2954 2142 2998 totum.

1952 3039 2073 3093 Alio
2106 3040 2266 3094 modo
2296 3040 2424 3096 licet
2465 3041 2735 3112 accipere,
2771 3042 3048 3096 mulierem
3095 3041 3313 3111 quidem
3362 3056 3463 3110 pro

1890 3131 2156 3198 Ecclesia,
2197 3141 2251 3187 et
2299 3132 2611 3200 fermentum
2652 3149 2753 3203 pro
2812 3134 3016 3203 Spiritu
3073 3145 3284 3189 sancto.
3337 3133 3463 3188 Tria

1886 3232 2024 3290 uta,
2071 3231 2197 3277 sunt
2239 3239 2459 3293 corpus,
2487 3224 2730 3292 spiritus,
2781 3226 2983 3279 anima.
3041 3226 3465 3281 Sanctiﬁcantur

1884 3314 1997 3369 haec
2032 3314 2294 3370 fermento
2332 3314 2567 3386 Spiritus
2603 3318 2802 3381 sancti,
2835 3326 2893 3371 ut
2929 3318 3061 3372 fiant
3098 3333 3216 3372 cum
3259 3315 3461 3387 Spiritu

1881 3417 2067 3461 sancto
2104 3422 2208 3461 una
2238 3408 2572 3477 conspersio.
2619 3407 2890 3463 Przeterea
2930 3407 3181 3463 Salvator
3220 3408 3465 3463 nominat

1883 3498 2143 3566 Spiritum
2206 3509 2481 3567 sanctum,
2538 3502 2652 3556 sive
2700 3503 2953 3556 virtutem
3002 3516 3121 3571 qua:
3169 3516 3199 3555 a
3256 3500 3464 3555 semine

1880 3593 2185 3661 perﬁcitur,
2246 3594 2605 3659 fermentum,
2664 3597 2999 3651 subinnuens
3064 3596 3167 3651 hoc
3252 3596 3458 3650 modo:

1881 3684 2069 3739 Sermo
2086 3700 2279 3754 nempe
2302 3686 2450 3755 regni
2476 3686 2759 3753 cmlorum,
2791 3698 2911 3757 post
2937 3689 3163 3756 primam
3187 3688 3453 3742 sationem

1890 3777 2032 3832 inter
2088 3776 2336 3831 homines
2396 3787 2621 3846 accepto
2694 3780 3065 3844 incremento,
3137 3777 3459 3846 redditoque

1880 3867 2057 3921 fructu
2090 3867 2356 3937 perfecto,
2404 3866 2641 3936 Spiritus
2672 3868 2846 3923 sancti
2894 3866 3456 3922 subministrationem

1879 3959 1945 4011 iis
1986 3959 2075 4027 qui
2111 3972 2208 4027 per
2236 3958 2350 4013 haec
2386 3960 2559 4027 prima
2589 3958 2757 4027 adjuti
2807 3966 2955 4023 sunt,
3001 3958 3249 4027 largitur,
3286 3958 3460 4011 instar

1880 4045 2126 4102 fermenti
2172 4047 2423 4103 videlicet
2473 4063 2706 4103 massam
2754 4047 3155 4103 fermentantis.
3190 4044 3303 4099 Hoc
3350 4044 3460 4099 fer-

1880 4148 2116 4193 mentum
2166 4124 2379 4205 mulier,
2431 4139 2526 4193 Dei
2580 4154 2774 4208 nempe
2828 4138 3131 4208 sapientia,
3178 4138 3230 4190 in
3267 4135 3458 4189 farina:

1883 4238 1999 4282 sata
2047 4230 2151 4284 tria
2202 4232 2461 4285 occultat.
2510 4230 2581 4285 lis
2617 4230 2871 4285 videlicet
2902 4229 2991 4299 qui
3042 4228 3144 4283 sibi
3175 4243 3457 4296 compara-

1876 4330 2095 4387 verunt,
2138 4336 2203 4373 ex
2258 4323 2424 4375 multa
2476 4321 2835 4377 sollicitudine
2866 4330 2921 4374 et
2960 4318 3167 4373 cultura
3197 4318 3465 4381 seminis,-

1878 4410 2067 4465 farinze
2116 4421 2230 4466 sata
2261 4414 2389 4477 tria,
2423 4414 2524 4467 hoc
2550 4422 2634 4468 est
2679 4413 2929 4480 dogmata
2972 4419 3027 4464 et
3065 4408 3307 4462 divinam
3358 4422 3454 4461 co-

1882 4506 2174 4577 gnitionem
2207 4507 2272 4563 de
2291 4507 2472 4574 Patre,
2495 4509 2632 4564 Filio
2660 4521 2724 4561 ac
2753 4505 2957 4573 Spiritu
2986 4514 3195 4567 saneto,
3225 4500 3454 4569 ipsamet

1882 4598 1976 4652 Dei
2023 4599 2283 4669 sapientia
2328 4600 2592 4669 Spiritum
2644 4608 2892 4653 sanctum
2945 4592 3275 4663 suppeditat.
3327 4590 3453 4643 Haec

1878 4690 2107 4756 eadem,
2152 4690 2305 4758 juxta
2354 4691 2516 4745 aliam
2567 4687 2897 4759 intelligendi
2952 4686 3241 4746 rationem,
3280 4690 3451 4735 totum

1878 4796 1945 4834 ex
1988 4780 2094 4833 Deo
2124 4780 2394 4834 hominem
2423 4795 2491 4835 ex
2520 4794 2769 4849 corpore,
2796 4778 2972 4832 anima
3000 4784 3054 4830 et
3095 4774 3293 4841 spiritu
3326 4786 3452 4826 con-

1878 4880 2111 4924 stantem
2133 4910 2149 4933 .
2179 4870 2463 4941 largitione
2492 4872 2690 4926 divinae
2730 4868 3096 4939 inspirationis
3126 4865 3447 4920 fermentum

1878 4961 2144 5027 occultat,
2194 4978 2347 5018 suam
2396 4978 2587 5032 nempe
2620 4963 2938 5025 utilitatem,
2987 4960 3043 5014 in
3094 4957 3280 5012 farina:
3333 4962 3447 5009 sata

1880 5054 1979 5109 tria
2022 5055 2341 5122 spiritaliter
2387 5056 2687 5119 intellecta,
2738 5056 2909 5109 donec
2960 5051 3316 5106 fermentetur
3366 5056 3459 5099 ιο-Δ

1880 5158 2012 5200 tum.
2040 5145 2139 5201 Vir
2181 5148 2346 5218 igitur
2394 5148 2703 5216 huiusmodi
2753 5143 3165 5217 participatione
3210 5136 3447 5194 cmleStis

1879 5238 2133 5293 frumenti
2180 5239 2624 5308 qualificatuset
2665 5238 3039 5303 fermentatus,
3089 5231 3328 5288 ccelestis
3381 5244 3448 5282 ac

1875 5329 2171 5397 spiritualis
2216 5331 2380 5386 homo
2417 5333 2587 5396 audit,
2628 5340 2684 5386 et
2722 5347 2853 5384 nova
2885 5326 3183 5395 conspersio
3206 5324 3270 5385 “,
3306 5322 3461 5374 facta

190 5425 453 5497 δομένων,
502 5426 728 5495 καὶτῆς
771 5428 828 5479 έν
876 5426 1058 5487 αὐτοῖς
1093 5422 1443 5494 έμπνεύσεως
1481 5418 1575 5475 τοῦ
1606 5420 1765 5490 ἁγίου

1893 5421 2270 5491 luodammodo
2299 5439 2403 5477 una
2449 5425 2683 5478 mixtura
2726 5422 2890 5476 trium
2924 5417 3222 5472 farinarum
3263 5414 3450 5468 diver-

268 5559 308 5589 "
352 5556 541 5611 Matth.
589 5572 653 5621 ι,
692 5554 781 5611 29.

267 5695 343 5765 t5)
372 5692 537 5750 Forte
562 5690 757 5748 εὐωνα.

882 5555 925 5588 ¹⁸
963 5555 980 5610 I
1023 5554 1147 5610 Cor.
1175 5568 1223 5617 v,
1259 5552 1309 5609 7.

1839 5689 1916 5762 (ι)
1932 5690 2104 5761 ‘Fortc
2136 5688 2357 5761 φέρεται
