3888 6214
437 310 544 367 359

1295 312 1854 371 SUPPLEMENTUM
1894 315 1984 370 AD
2022 315 2345 373 OlllGENlS
2378 317 2789 379 EXEGETIC.\.

3596 334 3705 390 560

436 444 619 484 sarqu
670 435 725 481 et
778 425 1153 498 inspirationis
1211 433 1387 484 sancti
1454 431 1691 502 Spiritus
1753 434 1806 488 in
1865 434 2017 504 ipsis.

2126 435 2461 507 Πνεύματος.
2495 439 2606 491 Καὶ
2635 440 2704 511 δὴ
2749 440 2868 505 νέος
2897 442 3059 513 ἄρτος
3095 445 3187 498 καὶ
3214 447 3582 517 πνευματικὸς
3611 467 3706 519 γε-

434 520 611 589 Atque
640 518 714 572 ita
744 518 990 587 profecto
1013 535 1185 576 novus
1214 522 1371 591 panis
1393 533 1448 577 et
1478 525 1784 594 spiritualis
1812 526 2017 591 eli'ecti,

433 616 733 670 secundum
756 616 1099 683 Apostolum,
1131 617 1223 686 qui
1268 617 1345 671 ait
1373 635 1387 671 :
1420 616 1571 673 Unus
1598 621 1753 689 panis
1781 631 1828 675 et
1853 638 2018 674 unum

433 722 624 775 corpus
663 722 845 759 sumus
879 706 1033 760 multi
1059 708 1126 773 ¹⁹,
1156 708 1447 777 imaginem
1496 725 1560 766 ac
1607 711 2015 771 similitudinem

436 814 774 853 resumemus
809 800 964 869 panis
1003 800 1327 855 viviﬁcantis
1367 803 1641 867 universa,
1671 804 1761 874 qui
1795 806 1859 858 de
1888 810 2015 858 caelo

433 893 696 945 descendit
722 893 792 958 '°,
844 908 1054 963 nosque
1083 894 1290 949 similes
1337 896 1440 949 sibi
1488 896 1690 951 ell‘ecit.
1718 895 2017 952 Commode

433 992 612 1038 autem
669 986 882 1039 mulieri
935 987 1251 1042 assimilabo
1289 988 1379 1041 Dei
1426 989 1746 1058 sapientiam
1793 990 1847 1044 in
1895 991 2012 1058 bis;

433 1075 673 1131 Christus
707 1093 825 1131 vero
854 1088 927 1131 est
958 1077 1053 1131 Dei
1096 1079 1283 1143 virtus,
1313 1089 1359 1132 et
1388 1079 1485 1133 Dei
1520 1079 1774 1147 sapientia
1799 1080 1867 1146 ²¹,
1896 1095 2016 1149 quae

438 1171 728 1236 respomlet
773 1169 1112 1225 similitudini
1147 1171 1423 1226 fertneuti.
1459 1172 1613 1226 Sicut
1642 1173 1787 1226 enim
1827 1174 1879 1226 iu
1920 1189 2015 1243 pa-

435 1261 616 1315 rabola
670 1263 917 1326 seminis,
960 1262 1133 1317 coloni
1189 1279 1473 1333 personam
1510 1275 1569 1319 et
1611 1268 1807 1321 satoris
1846 1266 2015 1321 intro-

430 1353 608 1418 duxit,
639 1354 727 1406 ubi
763 1354 904 1408 haud
931 1357 1184 1425 equidem
1216 1357 1613 1412 rationabiliter
1644 1358 1784 1413 facta
1820 1358 2014 1413 fuisset

438 1444 678 1499 mulieris
729 1447 929 1500 mentio
954 1464 968 1501 :
995 1447 1067 1500 ita
1099 1449 1187 1502 hic
1217 1449 1397 1504 delato
1447 1450 1714 1505 fermento
1750 1450 1805 1504 in
1826 1450 2013 1506 farina:

435 1545 551 1589 sata
589 1539 712 1602 tria,
745 1541 1126 1608 appropriatnr
1146 1542 1425 1611 parabola,
1448 1543 1732 1597 utmulieri
1765 1544 2012 1613 panilicai

431 1629 698 1685 assimilct
744 1648 902 1699 quem
949 1635 1000 1687 in
1055 1634 1140 1687 illa
1188 1645 1421 1691 satorem
1472 1638 1865 1692 nominaverat.

432 1718 495 1776 V.
522 1721 611 1802 Ως).
649 1721 715 1776 Ει
745 1726 1041 1802 υεηὶειιιηαὺ
1083 1729 1283 1781 oriente
1308 1739 1355 1802 et
1388 1729 1649 1802 occidente
1681 1743 1728 1784 et
1760 1733 1825 1802 ob
1858 1733 2009 1802 aqui-

554 1792 672 1847 lone
699 1806 748 1848 et
790 1797 1030 1863 meridie,
1056 1808 1104 1852 et
1141 1800 1436 1853 recumbeut
1470 1800 1527 1853 in
1568 1815 1728 1871 regno
1759 1800 1879 1855 Dei.

493 1953 648 2022 Apud
690 1951 1005 2009 Mattbaeum
1032 1964 1087 2010 et
1131 1957 1389 2026 parabola
1439 1958 1721 2028 complexa
1752 1970 1867 2025 est,
1911 1977 2007 2030 per

424 2058 585 2118 quam
650 2056 914 2100 vocantur
965 2046 1128 2101 veluti
1176 2049 1243 2102 ad
1297 2048 1556 2114 vineam,
1607 2049 1676 2105 ad
1732 2063 2004 2123 praecepta

424 2151 637 2206 nempe,
665 2138 902 2207 operarii
934 2139 1070 2193 varii
1107 2139 1271 2195 variis
1302 2139 1591 2207 aitatibus;
1636 2151 1695 2197 ut
1733 2145 1785 2196 in
1832 2154 2006 2199 matu-

422 2229 556 2294 tino,
588 2239 644 2285 et
673 2231 821 2285 circa
855 2231 1097 2298 tertiam,
1124 2242 1182 2287 et
1212 2243 1445 2302 sextam,
1483 2244 1538 2288 et
1591 2250 1789 2289 nouam
1817 2246 1873 2292 et
1915 2252 2008 2290 un-

421 2323 685 2377 decimam
750 2323 960 2379 horam.
1013 2322 1268 2379 Forsitan
1323 2326 1487 2395 igitur
1557 2334 1668 2381 tota
1726 2326 2003 2382 hominum

418 2413 555 2479 vita,
598 2424 682 2468 est
727 2415 886 2470 istius
927 2417 1200 2486 parabola:
1230 2417 1371 2472 dies.
1414 2417 1555 2471 Sunt
1584 2417 1675 2487 qui
1719 2417 1788 2472 ab
1817 2420 2002 2473 adole-

419 2506 625 2561 scentia
656 2517 713 2562 et
749 2507 818 2561 ab
851 2509 1072 2563 ineunte
1117 2517 1278 2563 aetate
1329 2509 1505 2563 vocati
1542 2517 1688 2575 sunt,
1729 2509 1766 2563 ii
1814 2525 2005 2580 nempe

419 2599 512 2666 qui
545 2599 893 2655 illucescente
921 2615 1143 2666 aurora,
1173 2616 1203 2653 a
1235 2600 1463 2655 Domino
1488 2602 1737 2656 mercede
1753 2601 2001 2657 conducti

418 2702 561 2749 sunt.
598 2694 643 2747 A
683 2694 839 2747 tertia
892 2694 1025 2746 hora
1072 2702 1359 2757 vocantur,
1400 2692 1492 2761 qui
1544 2703 1814 2748 vocantur
1857 2703 2007 2763 post-

418 2802 585 2857 quam
617 2784 995 2840 adoleverint:
1031 2784 1175 2838 circa
1222 2800 1422 2837 nonam
1460 2784 1521 2849 ii,
1562 2785 1654 2854 qui
1695 2794 1816 2853 post
1852 2786 2003 2857 juve-

421 2878 545 2932 nilis
572 2877 748 2931 aetatis
778 2885 969 2931 aestum
998 2885 1055 2930 et
1099 2878 1333 2946 pondus,
1376 2875 1488 2945 jam
1536 2887 1884 2934 senescentes
1936 2879 2002 2932 ad

422 2968 514 3025 Dei
562 2966 761 3020 cultum
808 2964 1198 3035 perducuntur.
1253 2965 1423 3021 Senes
1473 2967 1564 3036 qui
1604 2966 1714 3036 jam
1765 2969 1831 3024 ad
1880 2970 2004 3022 vita:

416 3059 621 3112 exitum
656 3057 818 3110 vicini
871 3065 1031 3122 sunt,
1080 3072 1176 3127 per
1218 3057 1558 3112 undecimam
1614 3059 1803 3114 horam
1861 3058 2002 3113 indi-

2120 526 2330 597 νόμενοι
2373 530 2515 583 κατὰ
2540 532 2632 585 τὸν
2674 532 3008 600 Ἀπόστολον,
3051 538 3109 599 ὃς
3145 556 3339 608 φησιν’
3383 539 3488 608 Εἷς
3518 543 3703 612 ἄρτος

2118 618 2219 671 καὶ
2248 617 2319 672 ἐν
2339 619 2510 690 σῶμά
2547 623 2736 692 ἐσμεν
2762 628 2817 679 οἱ
2839 630 3079 693 πολλοὶ,
3110 631 3300 685 εἰκόνα
3326 634 3420 686 καὶ
3440 635 3705 705 ὁμοίωσιν

2118 709 2506 782 ἀναληψόμεθα
2540 713 2633 767 τοῦ
2675 713 2940 780 ζωοποιοῦ
2982 718 3090 771 τῶν
3121 720 3259 775 ὅλων
3298 722 3487 794 ἄρτου,
3525 725 3593 792 ὃς
3630 728 3705 783 ἐκ

2118 802 2224 855 τοῦ
2281 805 2544 871 οὐρανοῦ
2598 809 3022 877 καταϐέϐηκεν,
3068 812 3245 884 ἐαυτῷ
3286 816 3705 887 παραπλησίους

2117 894 2210 946 καὶ
2237 894 2387 964 ἡμᾶς
2416 895 2894 968 ἀπεργασάμενος.
2938 897 3009 955 Εὖ
3042 902 3097 956 δέ
3126 907 3345 973 γυναικὶ
3370 908 3703 979 άφομοιώσω

2114 984 2214 1055 τὴν
2231 986 2419 1055 σοφίαν
2434 987 2527 1041 τοῦ
2542 988 2676 1042 Θεοῦ
2693 992 2749 1044 ἐν
2758 992 2987 1058 τούτοις⁸
3005 997 3259 1065 Χριστὸς
3268 997 3336 1052 δέ
3352 1000 3523 1055 ἐστιν
3538 1004 3575 1070 ἠ
3589 1004 3700 1057 τοῦ

2118 1077 2265 1132 Θεοῦ
2289 1077 2560 1150 δύναμις,
2592 1083 2692 1137 καὶ
2726 1084 2874 1138 Θεοῦ
2900 1089 3105 1156 σοφία,
3134 1092 3481 1165 καταλλήλως
3494 1095 3572 1165 τῷ
3599 1096 3700 1168 τῆς

2115 1168 2293 1242 ζύμης
2317 1172 2693 1245 ὑποδείγματι.
2745 1177 2955 1249 ’Ὠσπερ
2983 1179 3091 1253 γάρ
3122 1182 3217 1236 ἐπὶ
3242 1184 3340 1251 τῆς
3380 1185 3698 1258 παραϐολῆς

2112 1262 2207 1316 τοῦ
2237 1264 2460 1334 σπόρου,
2486 1267 2732 1339 γεωργοῦ
2767 1269 3053 1341 πρόσωπον
3080 1275 3172 1327 καὶ
3196 1277 3437 1348 σπορέως
3453 1279 3694 1349 εἰσῆγεν,

2112 1357 2212 1409 οὐκ
2229 1356 2293 1411 ἂν
2321 1357 2557 1427 εὐλόγως
2586 1362 2644 1413 ἐν
2672 1362 2899 1427 ἐκείνοις
2931 1366 3694 1439 μνημονευθείσης’γυναικὸς,

2112 1447 2236 1501 οὗτε
2268 1450 2343 1519 (5)
2372 1451 2647 1506 κάνταῦθα
2675 1454 2767 1507 ἐπὶ
2801 1454 2979 1528 ζύμης
3021 1460 3323 1530 φερομένης
3354 1464 3433 1524 εἰς
3461 1462 3693 1535 ἀλεύρου

2114 1540 2247 1594 σάτα
2264 1542 2409 1612 τρία,
2438 1544 2777 1617 οἰκειοῦταιὴ
2803 1548 3102 1621 παραϐολὴ,
3132 1553 3350 1619 γυναικὶ
3374 1554 3694 1625 ἀρτοποιου-

2116 1628 2249 1700 μένῃ
2268 1630 2359 1683 τὸν
2387 1629 2447 1695 ἐξ
2480 1632 2693 1704 ἐκείνης
2722 1634 3107 1708 ὠνομασμένον
3138 1643 3342 1712 σπορέα
3366 1644 3689 1700 ἀπεικάσαι.

2113 1720 2410 1800 Στίχ.-κο’.
2464 1725 2575 1800 Καὶ
2614 1726 2878 1800 ἥξουσιν
2927 1730 3045 1785 ἀπὸ
3084 1732 3399 1788 ἀνατολῶν
3450 1738 3549 1790 καὶ
3588 1738 3695 1793 δυ-

2039 1807 2080 1860 Β
2177 1795 2348 1874 σμῶγ
2386 1795 2483 1874 καὶ
2512 1795 2708 1874 ,βορῤᾷ
2734 1799 2845 1874 -καὶ
2878 1802 3090 1874 πότου,
3110 1805 3207 1858 καὶ
3247 1806 3692 1874 ἀνακλιθήσον-

2175 1878 2269 1915 ται
2298 1863 2367 1916 ἐν
2398 1864 2469 1932 τῇ
2494 1863 2785 1936 ,ϐασιλείᾳ
2808 1870 2914 1923 τοῦ
2955 1863 3124 1927 Θεοῦ.

2177 1954 2336 2026 Παρά
2364 1954 2420 2008 δέ
2451 1956 2531 2028 τῷ
2562 1960 2827 2032 Ματθαίῳ
2855 1963 2949 2016 καὶ
2987 1966 3274 2040 παραϐολὴ
3306 1968 3584 2034 πλέκεται,
3617 1970 3690 2024 δι’

2106 2042 2174 2120 ἦς
2202 2050 2489 2106 καλοῦνται
2513 2054 2589 2119 ὡς
2623 2057 2701 2120 εἰς
2743 2058 3039 2129 ἀμπελῶνα
3075 2065 3157 2127 είς
3199 2063 3299 2129 τὰς
3343 2067 3560 2131 ἐντολάς
3598 2070 3691 2141 ἐρ-

2108 2143 2270 2210 γάται
2297 2144 2542 2216 διάφοροι
2572 2149 2630 2201 ἐν
2660 2148 2939 2223 διαφόροις
2970 2154 3226 2227 ἡλικίαις,
3266 2156 3342 2222 ὡς
3381 2160 3439 2211 ἐν
3482 2160 3688 2233 πρωῖᾳ,

2107 2234 2201 2324 καὶ
2229 2238 2358 2308 περὶ
2376 2238 2589 2309 τρίτην,
2616 2242 2710 2294 καὶ
2733 2243 2899 2316 ἕκτην
2927 2248 3021 2300 καὶ¹
3050 2248 3244 2320 ἐνάτην
3276 2250 3369 2303 καὶ
3394 2251 3689 2324 ἑνδεκάτην

2106 2323 2272 2395 ὤραν.
2300 2326 2451 2397 Τάχα
2476 2329 2573 2399 μὲν
2598 2327 2690 2385 οὖν
2716 2333 2860 2398 ἆπας
2886 2338 2913 2389 ὁ
2935 2338 3044 2391 τῶν
3071 2340 3371 2412 ἀνθρώπων
3396 2343 3510 2413 βίος
3536 2344 3687 2397 ἐστὶν

2106 2418 2139 2489 ἡ
2174 2418 2314 2474 κατὰ
2336 2422 2436 2491 τὴν
2462 2426 2776 2499 παραϐολὴν
2804 2429 3005 2501 ἡμέρα.
3035 2433 3144 2487 Καὶ
3183 2435 3232 2487 οί
3260 2436 3359 2505 μὲν
3384 2438 3448 2489 ἐκ
3476 2437 3687 2490 παίδων

2106 2508 2199 2563 καὶ
2234 2510 2458 2583 πρώτης
2491 2514 2707 2586 ἡλικίας
2745 2518 3035 2590 κληθέντες
3060 2525 3107 2576 οἱ
3136 2524 3252 2595 ἅμα
3279 2529 3344 2597 τῇ
3378 2527 3451 2597 ἕῳ
3480 2527 3687 2598 μισθω-

2106 2603 2291 2671 θέντες
2316 2610 2422 2662 είσὶ
2448 2612 2600 2683 παρὰ
2632 2613 2727 2667 τοῦ
2749 2614 3009 2671 δεσπότου
3031 2636 3045 2648 ·
3071 2620 3119 2671 οἱ
3149 2619 3206 2673 δὲ
3244 2620 3383 2690 μετά
3404 2621 3463 2673 τὸ
3492 2621 3687 2692 μειρά-

2105 2715 2222 2752 κιον
2248 2702 2295 2754 oi
2323 2702 2431 2755 ἀπὸ
2456 2705 2554 2775 τῆς
2591 2707 2782 2779 τρίτης
2808 2708 2987 2780 ὥρας’
3025 2712 3073 2764 oi
3106 2711 3163 2764 δέ
3200 2712 3338 2783 μετὰ
3362 2714 3449 2766 τὸν
3476 2714 3533 2766 ἐν
3567 2714 3687 2767 νεό-

2103 2809 2225 2863 τητι
2269 2794 2524 2850 καύσωνα
2556 2800 2651 2851 καὶ
2681 2800 2741 2852 τὸ
2775 2799 2940 2872 βάρος
2968 2802 3061 2855 ἐπὶ⁵
3091 2802 3191 2875 τὴν
3217 2804 3524 2858 θεοσέϐειαν
3551 2805 3683 2873 ἀγόο

2108 2901 2258 2954 μενοι
2285 2886 2587 2956 πρεσϐύται
2614 2891 2663 2941 oi
2691 2891 2818 2963 περὶ
2843 2890 2941 2962 τὴν
2973 2892 3168 2964 ἐνάτην
3188 2911 3200 2924 ·
3225 2895 3274 2947 οἱ
3304 2894 3358 2948 δέ
3384 2896 3517 2967 πρὸς
3543 2898 3679 2969 αὐτῇ

2104 2978 2169 3048 τῇ
2208 2976 2373 3049 ἐξόδῳ
2406 2980 2660 3050 γέροντες
2689 2982 2787 3053 ἤδη
2824 2981 3106 3053 δηλοῦνται
3130 2984 3219 3038 διὰ
3242 2986 3342 3056 τῆς
3367 2987 3680 3059 ἑνδεκάτης.

2107 3066 2216 3122 Καὶ
2251 3070 2375 3121 ἐπεὶ
2411 3072 2752 3142 προαίρεσις,
2784 3074 2844 3126 ού
2887 3074 3097 3145 χρόνος,
3140 3075 3474 3143 ἐξετάζεται,
3522 3078 3579 3131 ὃν
3622 3080 3683 3132 ἐν

418 3159 632 3204 cantur.
681 3148 749 3204 Et
781 3148 909 3219 Quia
964 3150 1215 3213 intentio,
1264 3165 1369 3205 non
1414 3159 1628 3219 tempus
1673 3151 1995 3215 attenditur,

2106 3160 2286 3213 πίστει
2314 3162 2583 3235 πεποίηκέ
2618 3181 2702 3229 τις
2720 3182 2733 3195 ο
2765 3165 2853 3219 διὰ
2875 3167 3035 3221 τοῦτο
3057 3170 3174 3233 τοῖς
3202 3168 3260 3236 ἐξ
3299 3163 3359 3223 οὗ
3386 3170 3683 3242 κέκληνται

416 3241 562 3311 quod
616 3242 668 3293 in
703 3238 808 3294 ﬁde
850 3239 973 3310 quis
1023 3240 1321 3309 impendit;
1359 3240 1563 3296 idcirco
1613 3240 1741 3308 illis,
1782 3242 1875 3311 qui
1931 3255 1998 3297 ex

416 3346 524 3402 quo
574 3332 753 3387 vocati
789 3340 937 3395 sunt,
982 3346 1105 3401 qua:
1138 3331 1242 3388 sibi
1281 3332 1534 3403 imposita
1590 3333 1830 3402 l‘uerunt,
1870 3334 1999 3391 οπε-

415 3438 572 3490 cere,
614 3423 774 3479 datur
833 3426 1021 3480 eadem
1083 3425 1272 3480 salutis
1325 3441 1577 3483 merces:
1615 3426 1745 3483 illud
1804 3440 1997 3496 nempe

414 3515 718 3583 denarium,
766 3516 909 3586 quod
942 3518 1009 3573 ab
1052 3516 1207 3573 initio
1244 3518 1482 3574 ablatum
1532 3518 1637 3575 fuit
1684 3535 1714 3573 a
1761 3520 1995 3590 maligno

413 3624 512 3681 per
559 3610 953 3678 seductionem,
1005 3611 1129 3665 dum
1167 3598 1528 3683 transgressio
1558 3612 1825 3682 spiritalis
1859 3628 1995 3683 prae-

413 3703 552 3772 cepti
596 3703 735 3757 facta
769 3714 878 3769 est;
930 3702 1125 3756 divina:
1172 3713 1338 3772 atque
1377 3704 1599 3760 omnino
1632 3705 1827 3776 regalis
1862 3706 1995 3760 ima-

411 3796 572 3865 ginis.
631 3796 749 3863 Qno
799 3795 929 3849 mibi
992 3796 1209 3851 videtur
1265 3798 1644 3853 characterem
1702 3808 1993 3867 notamque

414 3888 699 3956 ipsiusmet
728 3890 877 3959 regni
904 3892 1213 3955 ostendere,
1241 3890 1505 3961 siquidem
1534 3890 1740 3944 denarii
1783 3889 1994 3960 insigne

411 3980 734 4049 insculptam
793 3982 935 4051 regis
1005 3981 1296 4051 imaginem
1366 3981 1658 4052 signiﬁcat.
1725 3981 1990 4049 Quoniam

411 4071 577 4141 igitur
602 4080 868 4140 quotquot
896 4071 947 4125 in
981 4073 1193 4128 vineam
1221 4083 1276 4128 et
1308 4074 1583 4129 civitatem
1616 4073 1783 4128 divini
1816 4075 1993 4132 cultus

410 4161 637 4229 ingressi
676 4160 917 4227 fuerant,
957 4177 1229 4232 unamque
1257 4172 1312 4217 et
1342 4164 1588 4218 eamdem
1616 4165 1988 4234 operationem

2100 3252 2168 3306 τά
2193 3252 2550 3310 ἐπιϐάλλοντα
2577 3259 2901 3329 πεποιηκόσι
2933 3260 3132 3315 δίδοται
3165 3264 3194 3315 ὁ
3226 3264 3340 3327 ἴσος
3377 3266 3473 3335 τῆς
3500 3282 3681 3335 σωτη-

2100 3347 2224 3417 ρίας
2254 3348 2449 3417 μισθός
2471 3366 2484 3378 ·
2522 3348 2594 3421 (6)
2625 3351 2684 3403 τὸ
2713 3351 2940 3405 συλαθέν
2979 3355 3099 3407 κατ’
3136 3354 3310 3427 ἀρχὰς
3337 3356 3442 3410 ὑπὸ
3463 3356 3554 3410 τοῦ
3583 3376 3685 3414 πο-

2097 3439 2263 3511 νηροῦ
2309 3440 2374 3493 δι’
2413 3442 2628 3513 ἀπάτης
2669 3444 2809 3498 κατά
2845 3445 2944 3511 τὴν
2979 3447 3081 3517 τῆς
3119 3448 3336 3520 ἐντολῆς
3367 3450 3682 3522 παράϐασιν

2096 3532 2223 3600 πνὶξ
2264 3533 2340 3605 (7)
2374 3534 2471 3606 τῆς
2516 3534 2665 3599 θείας
2706 3536 2802 3589 καὶ
2845 3536 3276 3611 βασιλικωτάτης
3325 3542 3533 3605 εἰκόνος
3583 3542 3683 3605 δη-

2096 3625 2301 3699 νάριον,
2332 3626 2399 3680 δι’
2440 3622 2501 3681 οὗ
2530 3627 2679 3682 δοκεῖ
2710 3646 2799 3698 μοι
2839 3629 2900 3682 τὸ
2941 3630 3228 3703 γνώρισμα
3260 3634 3358 3703 τῆς
3400 3633 3681 3704 βασιλείας

2095 3718 2263 3790 αὐτῆς
2304 3720 2641 3789 ὑποφαίνειν,
2673 3722 2755 3774 ὅτι
2798 3721 3061 3792 βασιλέως
3099 3724 3548 3797 ἐντετυπωμένην
3590 3730 3676 3781 εί-

2097 3811 2230 3865 κόνα
2265 3812 2360 3864 τοῦ
2410 3812 2667 3884 δηναρίου
2709 3814 2770 3867 τὸ
2810 3815 3072 3886 χάραγμα
3117 3818 3392 3889 σημαίνει.
3456 3820 3675 3894 Ἐπειδὴ

2094 3903 2271 3956 τοίνυν
2317 3904 2525 3969 πάντας
2563 3908 2689 3970 τοὺς
2733 3908 2825 3960 ἐπὶ
2864 3908 2956 3962 τὸν
2983 3910 3300 3980 ἀμπελῶνα,
3339 3914 3435 3967 καὶ
3476 3915 3535 3967 τὸ
3572 3915 3678 3985 τῆς

2096 3993 2404 4058 θεοσεϐείας
2435 3996 2738 4067 πολίτευμα
2776 3999 3168 4072 παρελθόντας,
3205 4006 3336 4073 μιᾶς
3366 4023 3424 4059 τε
3454 4007 3546 4059 καὶ
3572 4007 3677 4078 τῆς

2093 4085 2262 4155 αὐτῆς
2322 4086 2586 4158 ἐργασίας
2633 4088 2961 4160 ἁψαμένους,
3020 4093 3122 4163 τῆς
3184 4096 3353 4167 αὐτῆς
3399 4097 3678 4168 βασιλείας

2096 4177 2382 4245 μετασχεῖν
2412 4171 2480 4248 ἧν
2506 4176 2714 4232 δίκαιον
2736 4180 2951 4234 ’τούτου
2982 4182 3139 4254 χάριν
3154 4184 3377 4249 εἰκότως
3392 4190 3502 4253 τοῖς
3535 4192 3675 4243 πᾶσι

407 4256 720 4325 attigerant,
748 4256 990 4327 ejusdem
1029 4256 1183 4325 regni
1215 4266 1497 4325 compotes
1537 4258 1731 4313 tierent
1773 4274 1988 4328 arquum

2106 4265 2190 4337 τῆς
2206 4265 2490 4330 Βασιλείας
2506 4267 2565 4320 τὸ
2590 4268 2854 4339 σύμϐολον
2874 4271 2934 4324 τὸ
2963 4273 3215 4346 δηνάριον
3236 4276 3544 4333 ἀποδίδοται
3566 4297 3579 4310 ’
3595 4274 3674 4335 ὧν

407 4356 527 4400 erat
571 4364 584 4399 :
631 4347 834 4401 idcirco
887 4347 1085 4403 merito
1137 4348 1391 4402 omnibus
1443 4348 1763 4416 denarium,
1839 4351 1988 4420 regni

2106 4356 2138 4408 >ί
2165 4358 2261 4427 μέν
2286 4358 2343 4410 ἐν
2378 4358 2591 4427 νεότητι
2616 4359 2940 4431 ἐκλήθησαν,
2969 4365 3017 4415 οἱ
3043 4365 3099 4417 δέ
3127 4366 3271 4435 ἀμφὶ
3295 4368 3393 4439 τὴν
3425 4369 3519 4421 τοῦ
3546 4387 3674 4424 νεα-

410 4453 604 4506 nempe
650 4438 954 4509 symbolum
994 4439 1272 4504 redditur;
1307 4453 1373 4494 ex
1424 4441 1619 4509 quibus
1661 4440 1753 4495 alii
1805 4441 1859 4496 in
1895 4441 1987 4511 ju-

409 4539 629 4585 ventute
660 4531 836 4586 vocati
869 4540 1025 4599 sunt,
1067 4531 1159 4585 alii
1197 4532 1343 4587 circa
1392 4533 1843 4601 adolescentiam,
1872 4536 1987 4606 qui-

408 4623 531 4676 dam
567 4624 711 4678 circa
755 4624 991 4678 medium
1033 4625 1285 4679 humanae
1313 4624 1435 4679 vita:
1482 4635 1713 4697 tempus,
1743 4628 1983 4683 nonnulli

407 4730 537 4770 vero
575 4717 736 4771 etiam
763 4726 1046 4786 poatquam
1064 4719 1131 4773 ad
1160 4718 1337 4772 virum
1360 4716 1657 4787 perfectum
1688 4718 1800 4788 jam
1824 4727 1986 4789 atque

411 4818 864 4861 maturescentem
916 4817 1275 4876 pervenerant
1327 4825 1341 4861 :

408 4913 660 4952 occasum
690 4897 801 4967 jam
833 4900 956 4952 vitae
988 4909 1360 4969 properantes.

481 4988 665 5043 Possit
706 5000 762 5043 et
792 4989 950 5043 aliter
984 4990 1105 5059 quis
1144 4992 1550 5060 interpretando
1593 4994 1802 5057 dicere,
1832 4996 1976 5062 quod

406 5096 530 5150 quae
579 5098 607 5133 ιι
652 5081 911 5150 parabola
973 5081 1381 5150 signiﬁcantur,
1427 5096 1729 5156 congruant
1781 5087 1847 5141 iis
1891 5087 1982 5156 qui

405 5172 517 5240 jam
550 5171 618 5225 ab
674 5171 789 5239 ipsa
823 5171 998 5240 prima
1046 5171 1169 5226 vitae
1216 5174 1645 5240 constitutione,
1697 5190 1870 5245 usque
1916 5175 1983 5229 ad

409 5265 937 5318 consummationem
964 5262 1152 5317 steculi
1188 5264 1336 5333 digni
1374 5264 1641 5320 habentur
1670 5266 1854 5321 divina
1890 5282 1985 5321 vo-

409 5350 650 5405 catione.
703 5348 893 5420 itaque
943 5351 1145 5406 dixerit
1189 5353 1365 5422 primo
1409 5370 1568 5411 mane
1610 5355 1780 5411 fuisse
1823 5373 1982 5413 voca-

2091 4448 2202 4501 νίου
2256 4450 2488 4520 ἠλικίαν,
2519 4454 2566 4504 οἱ
2596 4452 2651 4504 δέ
2680 4454 2807 4524 περὶ
2822 4453 2911 4507 τὸν
2931 4456 3093 4525 μέσον
3109 4456 3204 4509 τοῦ
3220 4458 3508 4530 ἀνθρώπου
3526 4460 3676 4533 ζωῆς

2090 4539 2301 4609 χρόνον,
2328 4541 2378 4591 οἱ
2418 4541 2474 4593 δέ
2513 4542 2603 4595 τὸν
2643 4542 2811 4614 ἄνδρα
2850 4544 3053 4598 τέλειον
3087 4547 3185 4618 ήδη
3228 4549 3322 4602 καὶ
3368 4550 3676 4621 ὑπερϐεϐηο

2091 4630 2223 4683 κότα
2257 4631 2636 4703 ἀνειληφότεςο
2678 4635 2726 4686 οἱ
2755 4634 2811 4688 δὲ
2858 4637 2997 4691 κατὰ
3032 4638 3122 4692 τὸν
3160 4638 3474 4712 πρεσϐύτην
3507 4642 3674 4695 αὐτὸν

2090 4723 2347 4794 γηραλέοι
2374 4725 2578 4790 λοιπὸν,
2609 4726 2705 4780 καὶ
2728 4729 2857 4801 περὶ
2881 4729 3092 4801 δυσμὰς
3121 4731 3335 4801 ἔχοντες
3358 4733 3451 4787 τοῦ
3482 4734 3620 4805 βίου.

1400 4816 1677 4879 postremo
1744 4809 1959 4879 quidam
2006 4812 2148 4868 circa
2192 4816 2420 4870 senilem
2501 4827 2751 4886 aetatem,
2814 4820 3039 4891 longaevi
3084 4827 3437 4895 catteroquin,
3480 4839 3536 4881 et
3598 4831 3670 4883 ad

2163 5000 2318 5054 Εἴποι
2350 5000 2395 5054 δ’
2429 5002 2494 5056 ἄν
2528 5021 2611 5068 τις
2642 5007 2737 5061 καὶ
2767 5007 2971 5081 ἐτέρως
2999 5010 3360 5081 ἐξηγούμενος
3395 5011 3671 5082 ἐφαρμότ-

2088 5108 2199 5143 τειν
2247 5094 2315 5147 τὰ
2362 5092 2463 5165 τῆς
2507 5097 2824 5169 παραϐολῆς
2878 5100 3204 5173 δηλούμενα,
3250 5107 3364 5167 τοῖς
3406 5103 3671 5157 ἀνέκαθεν

2087 5184 2152 5235 ἐκ
2190 5185 2410 5258 πρώτης
2449 5187 2545 5241 τοῦ
2601 5190 2720 5260 βίου
2769 5194 3079 5258 συστάσεως
3140 5197 3304 5267 μέχρι
3362 5197 3671 5259 συντελείας

2084 5276 2176 5328 τοῦ
2223 5278 2419 5343 αἰῶνος
2470 5282 2916 5356 καταξιουμένοις
2980 5287 3079 5357 τῆς
3143 5288 3332 5343 ἐνθέου
3396 5290 3664 5361 κλήσεως.

2089 5368 2249 5421 Ὥστε
2283 5371 2397 5441 ἅμα
2424 5376 2567 5445 πρωὶ
2599 5377 2895 5449 κεκλῆσθαι
2938 5379 3117 5449 λέγειν
3150 5383 3243 5435 ἐπὶ
3273 5384 3371 5455 τὴν
3400 5384 3497 5455 τῆς
3550 5384 3670 5439 θεο-

409 5451 493 5497 tus
525 5443 591 5496 ad
624 5442 984 5497 excolendum
1022 5440 1118 5499 Dei
1166 5444 1405 5511 cultum,
1449 5458 1715 5518 quotquot
1755 5450 1823 5505 ab
1865 5452 1978 5505 ori-

2106 5440 2616 5533 rs6slaqrépyatolav
2680 5440 2808 5534 τούς
2866 5440 3022 5527 κατὰ·
3065 5473 3163 5545 τὴν
3205 5440 3379 5548 ἀρχὴν
3419 5440 3511 5530 τὸῦ
3550 5476 3667 5547 βίου

483 5560 525 5590 ¹⁹
564 5557 583 5611 l
613 5558 737 5613 Cor.
764 5574 819 5625 κ,
869 5558 955 5613 l7.

474 5651 550 5721 (5)
587 5652 746 5707 Forte
784 5652 944 5707 οὕτω.

477 5724 554 5791 (6)
584 5722 824 5789 Maximi,
870 5724 1102 5793 Eusebii,
1126 5734 1177 5781 et
1205 5725 1476 5797 Origeuis.

1033 5559 1078 5590 ²⁰
1116 5558 1274 5614 Joan.
1321 5576 1409 5626 vn,
1456 5561 1547 5617 41.

1645 5565 1685 5594 ³⁸
1730 5564 1746 5618 l
1775 5564 1900 5621 Cor.
1927 5581 1965 5633 I,
1994 5565 2088 5623 24.

2157 5663 2234 5734 (7)
2260 5664 2421 5723 Forte
2454 5672 2847 5742 πνευματικῆς.
