3888 6214
171 361 270 417 361

1438 358 1729 419 SCHOLIA
1768 358 1834 417 IN
1872 358 2128 417 LUCAM.
3311 358 3418 420 569

174 478 428 551 πρώτους
459 476 823 542 διασωθέντας
850 498 859 508 ·
892 478 1179 551 δευτέρους
1219 479 1276 533 δὲ
1316 480 1442 544 τοὺς
1489 480 1633 551 ἀμφὶ
1663 479 1748 533 τὸν

1860 479 1979 547 gine
2011 478 2136 534 vitae
2168 478 2327 549 primi
2362 478 2557 535 salvati
2591 489 2738 537 sunt.
2777 474 2980 535 Deinde
3010 479 3191 534 Euocb
3222 489 3277 533 et
3305 478 3417 535 Noe

186 569 359 641 Ἑνὼχ
384 570 479 623 καὶ
509 569 632 621 Νῶε
653 586 667 600 ·
698 571 824 633 τοὺς
855 570 983 641 περὶ
1004 571 1103 641 τὴν
1129 569 1319 642 τρίτην
1347 571 1471 634 τοὺς
1500 570 1642 641 ἀμφὶ
1660 570 1750 623 τὸν

186 662 457 733 Ἁϐραάμ·
478 663 603 725 τοὺς
645 662 701 716 δὲ
729 662 857 732 περὶ
893 663 991 733 τὴν
1019 662 1184 733 ἕκτην
1231 664 1355 727 τοὺς
1400 664 1457 718 ὲν
1486 666 1597 727 τοῖς
1623 663 1751 736 χρό-

169 770 285 817 νοις
352 753 461 808 τῶν
510 753 824 824 προφητῶνο
866 755 992 818 τοὺς
1040 755 1095 807 δὲ
1156 755 1284 826 περὶ
1324 754 1421 826 τὴν
1460 754 1748 827 ἑνδεκάτην

169 845 298 907 τοὺς
332 845 470 915 μετά
497 844 594 916 τὴν
626 846 891 916 σωτήριον
931 845 1268 914 θεοφάνειαν.
1316 846 1422 911 Οὓς
1446 847 1513 920 δὴ
1543 849 1749 911 πάντας

170 935 677 1008 καταξιωθήσεσθαι
722 936 841 999 ἑνὸς
886 938 979 990 καὶ
1026 937 1121 990 τοῦ
1176 937 1341 991 αὐτοῦ
1384 939 1575 1009 μισθοῦ
1610 939 1751 993 κατά

170 1028 233 1079 τὸ
258 1028 511 1099 δηνάριον
543 1028 962 1099 δεδηλωμένους,
996 1028 1184 1102 ῶσπερ
1217 1032 1296 1095 είς
1333 1032 1430 1102 τὴν
1477 1030 1570 1085 τοῦ
1613 1031 1747 1085 Θεοῦ

173 1117 454 1187 βασιλείαν
484 1119 832 1190 ἀναφέρεται.

240 1210 325 1263 Τά
361 1210 535 1264 πάντα
576 1202 749 1265 ταῦτα
800 1211 1141 1284 διαστήματα
1189 1214 1451 1287 ἰσάριθμα
1495 1218 1613 1280 ταῖς
1662 1218 1748 1269 αἰ-

169 1301 416 1373 σθήσεσι.
453 1304 564 1356 Καὶ
592 1301 715 1371 ἁφὴ
747 1304 846 1373 μὲν
877 1304 1024 1357 ἐστιν
1066 1307 1098 1376 ἡ
1138 1305 1325 1378 πρώτη
1373 1307 1594 1378 κλῆσις·
1630 1308 1748 1361 ὅθεν

166 1392 385 1464 εἴρηται
414 1396 542 1464 περὶ
592 1394 685 1446 τοῦ
744 1395 946 1462 φυτοῦ,
982 1399 1065 1450 Οὐ
1112 1398 1198 1467 μὴ
1238 1398 1477 1466 figi-1100s:
1525 1400 1743 1454 αὐτοῦ·

174 1485 479 1553 ὄσφρησις
504 1487 561 1540 δὲ
591 1485 735 1539 κατά
759 1486 857 1557 τὴν
880 1488 1136 1561 δευτέραν
1155 1507 1169 1521 ·
1218 1490 1337 1544 ὅθεν
1373 1492 1464 1545 ἐπὶ
1492 1492 1585 1545 τοῦ
1626 1493 1747 1547 Νῶε

167 1576 492 1645 ὠσςρρὰνθη
540 1578 754 1646 Κύριος
822 1578 1023 1648 ὀσμὴν
1082 1579 1362 1647 εὐωδίας·
1421 1582 1627 1650 γεῦσις
1691 1582 1747 1635 δὲ

170 1667 315 1721 κατά
345 1666 436 1721 τὸν
486 1668 772 1741 Ἀϐραάμ·
835 1669 917 1724 διὸ
956 1674 1050 1725 καὶ
1094 1674 1208 1736 τοῖς
1250 1674 1499 1742 ἀγγέλοις
1545 1677 1746 1746 ὲγκρυ-

170 1761 302 1829 φίας
320 1761 648 1833 παρατίθησι
684 1765 777 1817 καὶ
803 1765 1029 1835 μόσχον·
1055 1764 1206 1833 ἀκοὴ
1232 1764 1289 1818 δὲ
1319 1766 1410 1819 ὲπὶ
1440 1768 1743 1832 Μωῦσέως,

167 1851 260 1907 ὅτε
312 1854 552 1927 ἁκουστὴ
601 1857 823 1926 γέγονεν
879 1860 943 1912 ἐκ
996 1857 1090 1911 τοῦ
1135 1858 1363 1929 οὐρανοῦ
1397 1860 1430 1929 ἡ
1469 1856 1617 1929 φωνὴ
1655 1857 1747 1911 τοῦ

170 1943 310 1997 Θεοῦ
335 1962 349 1975 ο
387 1944 598 2014 ὅρασις
620 1947 676 2000 δὲ
698 1950 731 2020 ἡ
756 1948 945 2003 πασῶν
968 1948 1074 2003 τῶν
1096 1948 1399 2022 αἰσθήσεων
1428 1949 1746 2021 τιμιωτέρα,

168 2035 315 2089 κατά
342 2037 440 2109 τὴν
468 2036 559 2091 τοῦ
589 2040 822 2112 Χριστοῦ
848 2041 1141 2113 ἐπιδημίαν
1167 2059 1179 2071 ·
1207 2042 1295 2094 ὅτε
1322 2040 1615 2110 ἑωράκασι
1658 2042 1749 2095 τὸν

167 2126 409 2197 Χριστὸν
455 2128 582 2196 τοῖς
623 2132 941 2200 μακαρίοις
989 2131 1353 2201 ὀφθαλμοῖς-
1402 2132 1558 2203 Ὀψία
1613 2133 1668 2187 δὲ
1713 2137 1745 2206 ἡ

168 2218 451 2273 συντέλεια
498 2220 593 2274 τοῦ
649 2222 864 2287 αἰῶνος,
920 2223 1015 2276 ὅτε
1065 2223 1117 2275 οἱ
1164 2223 1393 2294 ἐργάται
1426 2226 1478 2277 οι
1505 2224 1749 2291 ἔσχατοι

166 2310 387 2379 πρῶτοι
435 2314 526 2367 τὸν
568 2314 758 2386 μισθὸν
802 2315 1186 2386 λαμϐάνουσιν.
1233 2317 1297 2369 υἱ
1338 2316 1447 2387 γὰρ
1489 2315 1751 2387 πρότερον

169 2405 615 2475 μαρτυρηθέντες
665 2406 754 2460 διά
798 2407 899 2477 τῆς
945 2408 1178 2471 πίστεως
1235 2410 1347 2462 οὐκ
1392 2408 1747 2479 ἐκομίσαντο

168 2495 289 2562 τὴν
337 2496 722 2567 ἐπαγγελίαν.
764 2498 977 2570 Πρῶτοι
1019 2497 1128 2571 γὰρ
1159 2498 1249 2552 τὸν
1305 2497 1493 2568 μισθὸν
1546 2498 1750 2568 ἀπολή-

165 2584 369 2655 ψεσθαι
399 2589 785 2659 προσδοκῶμεν
819 2591 865 2642 οἱ
898 2590 1135 2662 Χριστοῦ
1161 2589 1446 2661 γνώριμοι.

807 2771 962 2824 ΚΕΦ.
1015 2767 1110 2823 ΙΔ’.

168 2860 325 2933 Στίχ.
362 2862 445 2933 ιδ’·
468 2864 688 2933 ᾉἝλεγε
718 2863 823 2933 καί
849 2862 928 2933 τῷ
961 2864 1278 2933 κεκληκότι
1313 2865 1531 2923 αὐτόν·
1562 2862 1752 2933 ,Ὅταν

244 2931 425 3001 ποιῇς
451 2931 698 3002 ἄριστον
727 2933 767 3002 ἢ
801 2932 1079 2993 δεῖπνον,
1121 2931 1206 3001 μὴ
1246 2933 1429 3002 φώνει
1480 2932 1622 2997 τοὺς
1652 2932 1751 3002 φί-

242 3006 397 3067 λους
427 3017 561 3073 σοι),
588 3001 743 3070 μηδὲ
771 3002 910 3073 τοὺς
935 3002 1236 3070 ἀδελφούς
1251 3001 1387 3068 σου,
1422 3002 1576 3073 μηδὲ
1611 3001 1750 3073 τοὺς

1852 583 1978 624 cum
2012 571 2207 624 coaevis
2245 569 2377 625 suis.
2424 570 2586 626 Circa
2636 571 2848 626 tertiam
2880 571 3105 637 horam,
3141 569 3414 624 Abraham

1852 672 1975 712 cum
2029 659 2248 718 coazvis.
2302 658 2461 714 Circa
2520 667 2730 715 sextam
2781 674 2878 714 eos
2930 661 3022 729 qui
3086 659 3417 729 temporibus

1852 752 2246 821 prophetarum
2299 754 2574 809 vivebant.
2628 753 2785 808 Circa
2840 753 3177 807 undecimam
3235 768 3412 816 vero.

1851 842 2157 912 quicunque
2206 844 2335 898 editi
2386 853 2508 899 sunt
2568 855 2689 914 post
2733 846 3028 899 salutarem
3067 844 3159 897 Dei
3212 845 3416 899 adven-

1854 945 1989 993 tum.
2028 936 2175 1003 Quos
2222 938 2433 992 scilicet
2473 954 2662 993 omnes
2708 939 3005 1009 dignandos
3035 938 3151 991 fore
3192 951 3295 991 una
3324 952 3415 991 ea-

1852 1026 2083 1097 demque
2130 1029 2383 1084 mercede
2430 1030 2652 1086 denario
2683 1030 3011 1095 declaratur,
3048 1039 3317 1100 quatenus
3349 1034 3418 1084 ad

1852 1134 2075 1187 regnum
2111 1121 2209 1176 Dei
2255 1122 2455 1177 referto
2465 1138 2510 1178 r.

1927 1214 2056 1282 Quae
2124 1214 2213 1268 hic
2277 1222 2770 1268 commemorantur
2826 1214 3083 1284 temporis
3129 1214 3413 1269 dissonan-

1850 1308 1958 1371 tite,
1993 1306 2217 1361 totidem
2248 1313 2375 1359 sunt
2425 1315 2588 1375 atque
2625 1320 2840 1361 sensus.
2879 1308 3069 1375 Itaque
3106 1318 3298 1369 tactus,
3330 1317 3418 1361 est

1849 1400 2021 1469 prima
2051 1398 2286 1453 vocatio.
2337 1396 2487 1452 Unde
2517 1397 2721 1452 dictum
2757 1405 2839 1451 est
2885 1398 2948 1452 de
2988 1397 3189 1467 planta,
3225 1398 3307 1451 Ne
3340 1408 3418 1450 te-

1851 1492 2070 1561 tigeritis
2112 1489 2260 1543 illam
2290 1491 2357 1547 “.
2410 1489 2541 1544 Item
2590 1489 2818 1557 olfactus
2863 1490 3115 1544 secundm
3166 1489 3417 1554 congruit

1849 1584 2137 1638 distantias.
2179 1581 2540 1648 Quamobrem
2585 1582 2684 1637 sub
2722 1580 2833 1636 Noe
2882 1581 3133 1635 odoratus
3177 1590 3252 1633 est
3307 1580 3417 1633 Do-

1848 1675 2023 1728 minus
2070 1676 2282 1728 odorem
2327 1673 2607 1727 suavitatis
2649 1672 2712 1725 ”.
2754 1668 2984 1739 Gustus,
3030 1672 3097 1725 ad
3142 1670 3413 1725 Abraham

1850 1765 2120 1821 refertur:
2156 1774 2550 1835 proptereaque
2576 1762 2779 1833 angelis
2808 1762 3207 1818 subcinericios
3241 1776 3412 1832 panes

1850 1856 2068 1926 apponit
2099 1865 2155 1911 et
2182 1855 2432 1909 vitulum.
2464 1854 2688 1908 Auditus
2730 1854 2795 1908 de
2836 1854 3017 1925 Moyse
3059 1864 3165 1921 est,
3200 1856 3416 1923 quando

1849 1951 2030 2006 audita
2060 1950 2163 2005 fuit
2194 1949 2260 2004 de
2288 1948 2427 2004 caelo
2452 1963 2557 2001 vox
2586 1948 2699 2002 Dei.
2744 1946 2917 2012 Visus,
2950 1948 3040 2016 qui
3068 1956 3151 2002 est
3176 1948 3414 2002 omnium

1849 2056 2106 2097 sensuum
2140 2037 2606 2109 pretiosissimus,
2659 2038 2894 2091 refertur
2946 2036 3014 2090 ad
3072 2036 3269 2090 Christi
3319 2036 3415 2089 ad-

1851 2143 2123 2188 ventum:
2173 2131 2391 2201 quando
2447 2128 2687 2183 viderunt
2740 2127 3015 2183 Christum
3072 2127 3233 2181 beatis
3291 2142 3418 2179 ocu-

1851 2223 1920 2277 lis
1948 2223 2015 2278 “.
2052 2222 2156 2277 Per
2188 2220 2489 2276 serotinum
2537 2228 2747 2287 tempus
2777 2218 3115 2287 significatur
3162 2218 3282 2271 linis
3316 2233 3418 2271 sae-

1851 2312 1980 2377 culi,
2016 2313 2233 2381 quando
2276 2310 2513 2381 operarii
2562 2310 2870 2372 novissimi,
2918 2309 3078 2377 primi
3114 2310 3159 2341 ³⁵
3211 2324 3418 2362 merce-

1852 2405 1974 2458 dem
2012 2402 2306 2472 accipiunt.
2344 2401 2445 2467 Qui
2480 2401 2624 2455 enim
2657 2400 2813 2469 primi
2868 2402 3185 2470 martyrium
3237 2402 3418 2455 subic-

1854 2505 1977 2549 runt
2003 2505 2219 2564 propter
2241 2494 2423 2560 fidem,
2448 2510 2550 2546 non
2578 2503 2905 2551 repertarum
2931 2494 3327 2551 promissionem
3346 2494 3415 2545 '°.

1855 2586 1963 2640 Nos
1999 2586 2143 2639 enim
2172 2583 2374 2638 Christi
2409 2584 2657 2654 discipuli
2696 2584 3001 2638 mercedem
3047 2594 3104 2638 ut
3139 2586 3294 2654 primi
3325 2601 3417 2640 ac-

1852 2679 2120 2748 cipiamus
2154 2676 2272 2733 fore
2301 2676 2645 2733 confidimus.

2470 2766 2621 2822 CAP.
2662 2765 2800 2821 XIV.

1857 2855 1915 2908 ν.
1950 2857 2037 2909 12.
2067 2856 2209 2910 Dixit
2242 2864 2415 2909 autem
2439 2866 2487 2909 et
2517 2857 2564 2910 ei
2589 2860 2677 2923 qui
2705 2873 2822 2910 eum
2852 2864 3121 2911 vocaverat
3140 2872 3159 2910 :
3185 2856 3407 2923 Quando

1921 2927 2055 2993 facis
2088 2928 2374 2991 prandium
2406 2927 2481 2980 vel
2513 2943 2738 2987 ctenmn,
2776 2944 2838 2981 ne
2875 2944 3019 2981 voces
3049 2927 3244 2980 amicos
3277 2939 3420 2991 tuos.

1925 3014 2090 3063 neque
2116 2996 2305 3064 fratres
2340 3006 2477 3058 tuos,
2514 3012 2680 3066 neque
2714 3000 3126 3066 consanguineos
3163 3008 3300 3060 tuos,
3330 3014 3419 3050 nec

244 3064 558 3141 συΐλενεῖς
585 3064 721 3137 ίτδυν
751 3064 905 3139 μηδέ
928 3064 1565 3140 γείτοθαέπλούοῖίοὺς
1588 3089 1601 3102 ⁸
1637 3064 1748 3141 μήέ-

1922 3082 2021 3134 que
2056 3067 2252 3141 vician
2291 3068 2497 3141 divites.
2539 3064 2621 3141 ille
2669 3066 2801 3141 [orte
2844 3077 2891 3119 et
2914 3064 3026 3137 ipsi
3070 3067 3294 3121 vicissim
3330 3084 3421 3121 vo~

243 3156 391 3213 ποτε
417 3141 514 3213 καί
537 3143 704 3195 αὐτοὶ
726 3142 1199 3206 ἀντικαλέσωσι,
1235 3144 1332 3197 καὶ
1365 3143 1607 3213 γένηταί
1649 3157 1748 3195 σοι

244 3211 648 3279 ἀνταπόδομα.
1373 3211 1380 3213 “
1499 3211 1504 3213 ’
1606 3234 1607 3237 ‘
1684 3266 1687 3267 ,

166 3280 325 3353 Στίχ.
361 3288 448 3351 ιγ’.
481 3283 632 3353 Ἀλλ’
655 3281 808 3353 ,ὅταν
829 3280 1005 3351 ποιῇς
1027 3282 1239 3352 δοχὴν,
1264 3283 1433 3338 κάλει
1455 3282 1747 3351 πτωχοὺς,

467 3351 834 3421 ἀναπήρους,
866 3353 1118 3421 χωλοὺς,
1149 3356 1435 3422 τυφλούς.
1553 3421 1556 3422 ν
1637 3392 1645 3400 -

165 3421 323 3508 Στίχ.
362 3421 444 3508 ιδ’.
474 3424 584 3508 Ιξαξ
632 3422 925 3508 μακάριος
978 3421 1318 3508 ἔσῃ,,ὅςαν
1367 3426 1477 3477 οὐκ
1529 3421 1751 3508 ἔχωσιν

288 3491 691 3562 ηας-τοδοῦναι
718 3508 836 3546 σοι.
878 3493 1453 3562 ῘΑνταττοὸοθήσεται
1500 3491 1610 3562 γάρ
1652 3506 1750 3545 σοι

242 3562 315 3615 ὲν
350 3561 427 3630 τῇ
454 3562 785 3617 ἀναστάσει
819 3561 937 3616 τῶν
962 3562 1220 3617 δικαίων.

274 3651 401 3705 AD.‘
424 3652 545 3707 οὔτε
578 3654 675 3724 μὲν
702 3653 840 3708 κατά
864 3654 925 3706 τὸ
957 3654 1116 3725 ῥητὸν
1165 3654 1497 3726 κελευόμεθα
1545 3654 1619 3725 μὴ
1658 3654 1749 3723 φί-

168 3743 303 3808 λους
333 3743 516 3797 καλεῖν
544 3746 638 3798 καὶ
665 3746 934 3815 γείτονας,
968 3745 1105 3799 ἀλλά
1133 3750 1384 3817 πτωχοὺς
1417 3748 1510 3801 καὶ
1533 3746 1749 3817 ἀναπή-

172 3852 327 3908 ρους,
360 3835 564 3906 χωλοὺς
596 3837 690 3890 καὶ
730 3836 986 3907 τυφλούς.
1018 3838 1312 3902 Μυστικῶς
1336 3838 1394 3892 δὲ
1419 3839 1557 3910 τάχα
1586 3840 1752 3909 φίλοι

170 3928 277 4000 μὲν
325 3923 435 3982 εἷεν
486 3928 554 3982 ἂν
593 3931 642 3981 οἱ
694 3929 979 4002 χαίροντες
1012 3930 1134 3985 καθ’
1158 3932 1306 4003 ἡμᾶς
1348 3934 1461 3995 τοῖς
1487 3932 1587 4003 τῆς
1614 3932 1748 4002 ἀλη-

172 4021 330 4085 θείας
358 4021 648 4092 δόγμασιν⁸
678 4023 897 4092 ἀδελφοὶ
928 4023 984 4076 δὲ
1008 4025 1057 4077 οἱ
1086 4023 1300 4094 ἔχοντες
1324 4023 1527 4093 ἀδελφά
1549 4024 1753 4094 δόγμα-

164 4130 270 4167 τα·
306 4113 620 4183 συγγενεῖς
662 4114 711 4165 οί
747 4114 1061 4186 πλησιάζειν
1103 4116 1235 4186 ἡμῖν
1268 4114 1410 4169 κατὰ
1453 4115 1621 4169 ταῦτα
1660 4114 1750 4168 θέ-

166 4206 387 4267 λοντεςσ
424 4206 683 4274 γείτονες
702 4207 751 4258 οἱ
778 4206 853 4278 μὴ
878 4206 1056 4261 πάντα
1087 4206 1302 4279 μακράν
1332 4207 1441 4261 τῶν
1470 4207 1751 4280 ἡμετέρων

161 4296 459 4367 δογμάτων
512 4297 899 4368 ὲσκηνωμένοι.
948 4298 1103 4352 Κατὰ
1148 4298 1327 4352 κοινοῦ
1366 4298 1423 4352 δὲ
1448 4300 1509 4351 τὸ
1571 4302 1753 4354 πλου-

164 4386 350 4453 σιόυς
384 4385 700 4438 ἀκουστέον.
731 4386 794 4437 Οἱ
821 4387 918 4457 μὲν
948 4382 1041 4441 οὖν
1077 4387 1366 4457 ἀκροάσεις
1400 4386 1752 4456 καταγέλλον-
1781 4415 1825 4471 D

162 4492 263 4539 τες
328 4473 617 4539 πλουσίους
676 4475 768 4528 καὶ
817 4478 1064 4546 πτωχοὺς
1122 4476 1407 4530 καλοῦσιν·
1446 4480 1474 4531 ὁ
1504 4477 1561 4531 δὲ
1612 4475 1749 4546 πρὸς

163 4565 330 4630 δόξαν
358 4565 533 4635 ἀληθῆ
568 4566 829 4621 διακονῶν
868 4566 947 4639 τῷ
979 4567 1121 4639 λόγῳ
1170 4568 1473 4635 κενοδοξίας
1508 4568 1748 4640 ἀπήλλα-

164 4673 318 4709 κται.
351 4656 523 4709 Καλεῖ
544 4656 603 4710 δὲ
636 4658 930 4729 πτωχοὺς,
959 4660 1233 4713 τουτέστιν
1267 4660 1527 4732 ἀπείρους
1554 4659 1749 4728 λόγων,

168 4749 261 4801 ἵνα
306 4747 603 4822 πλουτίσῃ·
642 4750 1027 4820 ἀναπήρους,
1076 4753 1318 4805 τουτέστι
1348 4752 1751 4823 βεϐλαμμένους

164 4838 230 4891 τὸ
283 4838 575 4910 φρόνημα,
629 4838 716 4894 ἵνα
742 4841 968 4915 ὑγιάσῃ⁸
1025 4842 1257 4910 χωλοὺς
1294 4844 1421 4907 τοὺς
1455 4844 1750 4908 σκάζοντας

164 4927 247 4998 τῷ
274 4928 439 4999 λόγῳ,
472 4930 559 4983 ἴνα
586 4930 754 5002 ὀρθὰς
780 4933 1001 5003 τροχιὰς
1032 4932 1229 4986 ποιῶσι
1249 4949 1262 4964 ·
1310 4934 1579 5003 τυφλοὺς
1622 4936 1747 4998 τοὺς

166 5020 232 5073 τὸ
254 5018 587 5092 θεωρητικὸν
623 5022 698 5093 μὴ
745 5023 965 5094 ἔχοντας
986 5064 1000 5088 ,
1037 5025 1124 5077 ἵνα
1159 5024 1397 5094 βλέπωσι
1434 5026 1493 5079 τὸ
1538 5026 1652 5096 φῶς
1686 5024 1748 5079 τὸ

166 5108 438 5181 ἀληθινόν.
480 5110 553 5164 Τὸ
591 5109 667 5175 δὲ,
702 5115 823 5167 Οὐκ
849 5114 1100 5183 ἔχουσιν
1139 5114 1581 5169 ἀνταποδοῦναι
1624 5131 1743 5183 σοι,

169 5197 286 5251 τσον
316 5200 435 5252 ἐστὶ
464 5198 542 5270 τῷ
563 5216 577 5229 ο
607 5200 721 5255 Οὐκ
753 5201 897 5256 ἴσασι
938 5204 1074 5274 πρὸς
1100 5203 1366 5277 ἐρώτησιν
1396 5206 1427 5277 ἢ
1458 5206 1743 5277 ἀπόκρισιν

165 5286 438 5356 διεξάγειν
463 5288 641 5357 λόγον,
667 5291 759 5343 καὶ
780 5291 1147 5356 διαλεκτικῶς.

1924 3146 2061 3202 cent,
2097 3146 2146 3190 et
2179 3136 2274 3203 ﬁat
2314 3136 2403 3189 tibi
2446 3136 2740 3191 retributio.

1853 3272 1916 3325 ν.
1951 3271 2033 3324 15.
2062 3268 2167 3325 Sed
2198 3271 2591 3343 quandogfacis‘
2615 3271 2928 3343 convivium,
2973 3289 3102 3328 voca
3144 3290 3419 3343 pauperes,

2273 3340 2505 3399 mutilos,
2545 3340 2779 3405 claudos,
2812 3358 2995 3395 cwcos.

1855 3410 1919 3466 ν.
1970 3411 2060 3464 14.
2093 3409 2163 3464 Et
2210 3410 2390 3463 beatus
2424 3411 2550 3471 eris.
2587 3426 2704 3463 cum
2736 3426 2837 3463 non
2882 3411 3158 3465 habuerint
3196 3414 3421 3467 vicissim

1925 3482 2140 3559 reddere
2171 3480 2287 3534 tibi.
2317 3478 2655 3534 Retribustttr
2680 3481 2815 3533 enim
2847 3480 2941 3533 tibi
2963 3483 3017 3535 in
3046 3493 3425 3537 resurrectione

1914 3561 2201 3618 Justorum.

1925 3641 2274 3711 Nequaquam
2305 3642 2371 3695 ad
2396 3640 2626 3696 litteram
2654 3642 2907 3712 jubemur
2936 3656 3040 3696 non
3074 3658 3267 3700 vocare
3292 3648 3399 3700 ami

1856 3746 1949 3787 cos
1983 3740 2039 3789 et
2069 3734 2309 3799 vicinos,
2344 3734 2439 3788 sed
2481 3749 2744 3804 pauperes
2801 3745 2858 3789 et
2907 3735 3158 3802 mutilos,
3203 3739 3426 3794 claudus

1852 3833 1907 3877 et
1939 3838 2132 3879 caecos.
2170 3823 2393 3894 Mystice
2429 3834 2631 3891 autem,
2670 3826 3055 3882 verosimiliter
3093 3830 3252 3883 amici
3299 3830 3421 3885 fue-

1856 3916 1966 3973 rint
2010 3918 2102 3987 qui
2137 3919 2420 3973 nobiscum
2456 3919 2692 3989 gaudent
2725 3920 2793 3975 de
2836 3920 3185 3990 dogmatibus
3223 3927 3422 3980 verita-

1856 4009 1945 4063 tis.
1983 4006 2223 4073 Fratres,
2256 4008 2346 4077 qui
2380 4009 2577 4064 similia
2611 4009 2860 4078 dogmata
2898 4014 3241 4081 prolitentur.
3275 4016 3422 4071 Cou-

1854 4101 2147 4169 sanguinei,
2187 4102 2279 4170 qui
2335 4100 2584 4173 conjungi
2623 4103 2903 4158 nobiscum
2961 4120 3056 4173 per
3085 4108 3272 4163 eadem
3326 4125 3423 4163 vo-

1855 4190 1994 4244 lunt.
2046 4187 2255 4254 Vicini,
2311 4190 2403 4259 qui
2454 4190 2595 4245 haud
2644 4206 2867 4261 prorsus
2912 4195 3105 4249 remoti
3149 4196 3350 4266 degunt
3392 4218 3421 4252 ιι

1854 4278 2200 4347 dogmatibus
2231 4279 2452 4333 nostris.
2489 4278 2698 4349 Ubique
2732 4296 2863 4336 vero
2904 4283 3419 4355 subintelligendum

1856 4377 1964 4433 est,
1996 4369 2199 4421 divites.
2244 4367 2344 4435 Qui
2383 4369 2545 4439 igitur
2579 4386 2636 4425 se
2674 4386 2954 4427 sermones
2989 4374 3054 4429 de
3089 4380 3249 4432 rebus
3294 4382 3422 4447 qui-

1854 4459 2082 4514 busdam
2118 4458 2399 4513 habituros
2428 4458 2786 4529 profitentur,
2820 4462 3016 4518 divites
3056 4473 3111 4518 et
3158 4480 3422 4536 pauperes

1858 4558 2071 4604 vocant.
2102 4550 2289 4621 Atqui
2327 4550 2391 4604 ad
2428 4565 2609 4604 veram
2640 4558 2965 4607 sententiam
2996 4555 3266 4612 ministrat
3297 4574 3421 4613 ver-

1855 4642 1963 4710 bo,
2001 4656 2032 4695 a
2082 4656 2218 4696 vana
2262 4640 2583 4712 gloriatione
2620 4642 2876 4700 immunis
2925 4653 3029 4699 est.
3085 4646 3255 4702 Vocat
3290 4664 3422 4708 vero

1854 4752 2131 4804 pauperes,
2181 4735 2235 4791 id
2282 4746 2369 4791 est
2408 4752 2717 4793 sermonum
2763 4739 3110 4811 inexpertes,
3142 4752 3198 4798 ut
3228 4744 3423 4801 divites

1855 4827 2041 4885 faciat.
2082 4827 2326 4893 Mutilos,
2367 4830 2468 4883 hoc
2510 4840 2594 4883 est
2640 4830 2797 4887 lzesos
2836 4832 3187 4902 cogitatione,
3236 4843 3293 4888 ut
3333 4852 3422 4891 sa-

1856 4928 1971 4973 net.
2035 4916 2287 4985 Claudos,
2349 4919 2721 4976 claudicantes
2780 4936 2973 4993 nempe
3010 4926 3199 4990 verbo,
3247 4936 3305 4980 ut
3334 4943 3421 4982 re-

1855 5018 1971 5063 ctas
2009 5009 2233 5064 semitas
2273 5018 2614 5079 percurrant.
2657 5010 2861 5079 Ctecas,
2897 5014 2991 5082 qui
3036 5016 3143 5069 vim
3178 5027 3422 5073 conteru-

1852 5100 2033 5168 plandi
2079 5101 2459 5170 speculandive
2488 5117 2594 5156 non
2644 5103 2866 5170 habent,
2899 5115 2956 5157 ut
2986 5106 3205 5161 videant
3235 5108 3417 5165 lumen

1852 5205 2061 5245 verum.
2098 5191 2251 5259 Illud,
2278 5190 2401 5246 Non
2431 5193 2619 5247 habent
2648 5195 2877 5248 vicissim
2909 5197 3123 5253 reddere
3152 5200 3268 5265 tibi,
3302 5218 3423 5269 per-

1852 5279 1977 5335 inde
2012 5282 2152 5337 valet
2184 5292 2348 5352 atque
2380 5283 2553 5340 illud:
2598 5283 2859 5341 Nesciunt
2902 5289 2969 5342 ad
3020 5291 3419 5361 interrogatio-

1851 5386 1969 5426 nem
2002 5382 2056 5427 et
2093 5376 2497 5445 responsionem
2542 5392 2844 5435 sermonem
2877 5382 3117 5452 exigere,
3168 5393 3223 5437 et
3271 5398 3423 5454 regu-

1848 5462 1914 5517 lis
1945 5464 2262 5522 dialecticae.

163 5550 317 5620 Στίχ.
358 5558 444 5623 ιη’.
497 5553 606 5607 Kal
659 5552 921 5622 ἤρξαντο
975 5556 1089 5610 ἀπὸ
1132 5556 1276 5625 μιᾶς
1339 5555 1742 5624 παραιτεῖσθαι

1860 5554 1910 5609 ν.
1935 5556 2019 5611 l8.
2045 5557 2108 5611 Et
2127 5571 2387 5629 (ceperunt
2416 5562 2479 5615 ab
2504 5578 2607 5616 una
2632 5562 2709 5633 (8)
2738 5579 2948 5618 renuere
2977 5582 3169 5619 omnes.
3202 5567 3312 5622 lloc
3338 5573 3422 5621 est

234 5689 282 5719 ²¹
306 5686 445 5743 Gen.
481 5704 561 5753 ttt,
588 5687 641 5741 3.
719 5688 765 5719 ’³
796 5688 933 5745 Gen.
977 5705 1092 5756 vm,
1138 5689 1227 5746 ‘il.
1304 5690 1349 5723 “
1374 5689 1558 5745 Matth.
1609 5705 1726 5753 xm,

1939 5694 1983 5725 ”
2015 5692 2201 5750 Matth.
2242 5710 2332 5765 xx,
2370 5698 2455 5752 16.
2534 5697 2765 5755 “Hebr.
2805 5718 2876 5769 ιιι,
2907 5703 2992 5755 59.

242 5801 317 5872 (8)
349 5802 679 5873 Syriasmus.
708 5816 804 5869 pro
838 5803 1036 5855 statim.

489 5897 759 5955 ΡΑτιιοι..
808 5897 923 5958 Gn.
972 5898 1026 5957 Χ
1042 5898 1169 5959 ὶἸΙ.

3114 5909 3186 5967 12
