3888 6214
471 336 589 398 δεῖ,

1361 338 1917 396 SUPPLEMENTUM
1944 339 2033 394 AD
2067 339 2389 398 ORIGENIS
2424 342 2836 402 EXEGETICA.

3619 349 3724 404 564

551 474 740 514 omues
792 473 857 511 ex
906 458 1225 530 composito.
1277 456 1490 530 Primus
1550 458 1775 530 dixitgei
1808 473 1827 511 :
1857 457 2035 530 Agrun

2185 456 2191 463 ’
2225 455 2861 530 πάντες-νενουςέστιν,
2895 460 2975 530 ὡς
3011 459 3080 524 ἐξ
3125 460 3262 526 ἐνὸς
3304 457 3707 530 συνθήματος.

546 532 673 593 emi,
701 539 746 580 et
781 530 943 581 habeo
978 529 1334 581 necessitatem
1364 529 1529 593 exire,
1568 538 1618 581 et
1658 528 1830 583 videre
1870 526 2040 583 illum.

474 666 482 675 ι
552 598 698 669 Rogo
726 610 797 663 te,
831 598 962 652 habe
992 614 1071 651 me
1095 607 1422 652 excusatum.

477 751 658 809 v.19.
699 751 765 806 Et
804 750 944 806 aiius
986 752 1154 807 dixit:
1190 752 1343 822 luga
1360 751 1513 805 boum
1561 753 1663 805 emi
1702 753 1950 822 quinque,
1992 763 2040 807 et

549 824 859 891 proﬁciscor
902 826 1121 893 probare
1149 824 1263 876 illa.
1310 820 1455 891 Rogo
1490 833 1560 882 te.
1600 820 1731 876 habe
1765 820 1851 877 me,
1883 839 2042 877 excu-

549 904 730 947 satum.

479 986 545 1043 ν.
578 986 671 1042 20.
718 985 782 1039 Et
823 985 960 1040 alius
999 985 1173 1040 dixit:
1217 984 1636 1066 Uxoremduxi,
1678 995 1726 1039 et
1766 996 2039 1056 propterea

969 1073 1071 1109 non
1099 1072 1310 1126 ροιειιηι
1355 1071 1545 1110 ventre.

548 1170 862 1227 Generatim
912 1171 1084 1226 tribus
1112 1170 1286 1224 modis
1315 1169 1576 1225 excidunt
1618 1168 1835 1238 quidam
1884 1182 1914 1223 a
1944 1183 2039 1224 vo-

473 1263 731 1319 catione:
781 1262 1169 1333 imaginatione
1216 1261 1530 1331 dogmatum
1575 1261 1894 1325 meliorum,
1953 1275 2038 1315 se-

472 1355 631 1426 quela
694 1369 985 1418 sensuum,
1045 1363 1097 1407 et
1149 1352 1444 1423 voluptate.
1502 1352 1604 1419 Qui
1656 1353 1801 1407 enim
1850 1367 2036 1423 agrum

470 1458 756 1512 emerunt,
795 1447 886 1517 qui
937 1448 1097 1501 etiam
1158 1459 1368 1501 caenam
1416 1455 1717 1510 excusant,
1767 1453 1892 1499 sunt
1942 1444 2033 1514 qui

474 1547 759 1594 assumunt
810 1537 915 1591 alia
959 1538 1213 1607 dogmata
1266 1537 1608 1603 divinitatis,
1652 1551 1773 1606 quae
1812 1536 2032 1590 multam

476 1630 682 1686 habent
724 1628 1261 1684 verosimilitudinem
1314 1637 1370 1683 et
1412 1629 1729 1683 varietatem
1764 1628 2030 1683 rationis:

2236 528 2298 599 '0
2343 527 2572 599 πρῶτος
2601 526 2769 599 εἶπεν
2807 529 2965 599 αὐτῷ
2985 546 3000 561 ·
3053 530 3249 598 Ἀγρὸν
3288 526 3559 599 ἠγόρασα
3577 572 3592 594 ,
3622 526 3719 585 καὶ

2218 598 2335 665 ἔχω
2362 598 2632 668 ἀνάγκην
2649 598 2937 663 ἐξελθεῖν,
2972 602 3068 653 καὶ
3094 599 3242 654 ἰδεῖν
3255 603 3458 657 αὐτόν.
3496 602 3724 669 Ἐρωτώ

2216 684 2290 721 σε
2313 707 2327 731 ,
2358 669 2460 737 ἔχε
2485 685 2560 736 με
2580 669 3016 737 παρῃτιυιὲνον.
3073 700 3078 706 -

2145 758 2290 830 Στίχ,
2323 757 2406 813 ιθ¹.
2442 759 2548 813 Καὶ
2583 759 2784 826 ἕτερος
2816 757 2975 830 εἷπε·
3022 760 3212 830 Ζεύγη
3236 759 3404 823 ,βοῶν
3443 761 3720 830 ἠγόρασα

2213 827 2409 891 πέντε,
2428 831 2525 881 καὶ
2548 831 2864 897 πορεύομαι
2881 827 3191 897 δοκιμάσαι
3203 832 3374 884 αὐτά.
3392 827 3608 897 Ἐρωτῶ
3621 848 3717 895 σε,

2212 898 2315 965 ἔχε
2337 914 2413 967 με
2433 898 2868 969 παρῃτημένον.

2147 987 2293 1058 Στίχ.
2326 995 2394 1042 κ’.
2424 990 2532 1061 Kai
2582 989 2780 1057 ἕτερος
2823 986 2952 1061 εἷπε
3038 989 3308 1061 Γυναῖκα
3344 992 3535 1061 ἔγημα
3559 1032 3573 1055 ,
3612 994 3713 1047 καὶ

2450 1058 2547 1112 διὰ
2573 1061 2746 1113 τοῦτο
2778 1062 2849 1113 οὐ
2868 1060 3122 1129 δύναμαι
3149 1060 3367 1114 ἐλθεῖν.

2224 1169 2434 1234 Ἀπλῶς
2477 1170 2534 1223 δὲ
2582 1172 2727 1243 τρισὶ
2764 1173 2985 1241 τρόποις
3025 1171 3390 1225 ἀποπίπτουσί
3432 1190 3577 1237 τινες
3609 1172 3709 1245 τῆς

2139 1261 2418 1333 κλήσεως·
2469 1265 2738 1334 φαντασίᾳ
2785 1263 3066 1333 δογμάτων
3126 1265 3477 1336 κρειττόνων,
3525 1264 3707 1331 διώξει

2138 1352 2430 1424 αἰσθητῶν,
2466 1355 2559 1408 καὶ
2587 1354 2885 1425 φιληδονίᾳ.
2922 1357 2983 1422 Oi
3021 1354 3118 1424 μὲν
3150 1355 3260 1427 γὰρ
3299 1357 3466 1427 ἀγρὸν
3504 1358 3711 1428 ἀγορά-

2138 1446 2328 1510 σαντές
2357 1447 2495 1499 εἰσιν
2519 1446 2568 1498 οἳ
2599 1446 2691 1499 καὶ
2720 1444 3110 1516 παραιτοῦνται
3144 1445 3205 1497 τὸ
3235 1445 3480 1510 δεῖπνον,
3516 1449 3565 1499 οἱ
3597 1464 3707 1499 πα·-

2140 1534 2466 1606 ραλαόόντες
2509 1533 2753 1604 δόγματα
2799 1534 2956 1602 ἕτερα
3012 1535 3111 1604 τῆς
3169 1533 3451 1605 θεότητος,
3505 1536 3707 1608 πολλὴν

2135 1612 2335 1697 ἔχοντα
2350 1626 2447 1697 τὴν
2467 1624 2820 1694 πιθανότητα,
2856 1625 2951 1677 καὶ
2976 1625 3072 1697 τὴν
3095 1626 3363 1681 ποικιλίαν
3385 1626 3479 1680 τοῦ
3512 1627 3671 1698 λόγου
3690 1648 3705 1659 ·

469 1722 563 1793 qui
609 1722 773 1777 etiam
818 1728 1174 1777 contemnunt
1215 1735 1404 1791 agrum
1451 1720 1700 1775 habentis
1753 1720 1808 1774 in
1852 1720 2032 1784 seipso

2134 1714 2183 1765 οἳ
2229 1715 2321 1767 καὶ
2380 1710 2777 1784 καταφρονοῦσι
2819 1713 2912 1766 τοῦ
2966 1714 3171 1785 ἀγροῦ,
3219 1715 3311 1768 τοῦ
3377 1716 3592 1787 ἔχοντος
3645 1721 3711 1772 ἐν

471 1830 662 1884 agrum
705 1822 761 1869 et
794 1814 1045 1868 virtutes.
1076 1811 1178 1878 Qui
1219 1811 1385 1881 igitur
1430 1812 1644 1881 ignorat
1692 1825 1793 1866 nec
1838 1810 2034 1879 probat

2136 1806 2314 1877 ἑαυτῷ
2357 1807 2525 1878 ἀγρὸν
2573 1808 2667 1860 καὶ
2714 1806 2992 1878 δυνάμεις.
3047 1809 3103 1862 ’0
3148 1805 3240 1862 οὖν
3295 1810 3369 1882 μὴ
3418 1810 3541 1864 ἰδὼν
3569 1813 3711 1885 μηδὲ

469 1920 633 1974 quam
666 1904 1297 1974 possidebatrationem,
1342 1917 1429 1956 ex.
1453 1916 1519 1957 eo
1551 1901 1696 1971 quod
1734 1911 1905 1956 antea
1950 1901 2029 1955 di-

466 1997 727 2062 dicisset;
784 1996 831 2051 is
866 1995 1175 2051 necessario
1230 2008 1331 2049 nec
1379 1994 1740 2064 sponte‘exit
1793 2009 1825 2049 e
1873 2008 2030 2050 omna

465 2098 523 2145 et
558 2097 807 2153 vocante,
850 2086 991 2142 forte
1040 2087 1205 2143 etiam
1259 2095 1313 2141 et
1354 2086 1423 2142 de
1469 2086 1666 2156 seipso.
1707 2084 1847 2139 Dicit
1899 2100 2029 2139 vero

465 2182 594 2236 illud
638 2180 783 2251 Roga
816 2188 897 2245 te,
946 2188 1202 2249 tanquam
1243 2177 1359 2233 solo
1394 2179 1564 2232 verbo
1610 2186 1898 2232 vocantem
1932 2192 2019 2232 re-

466 2273 689 2328 veritus.

537 2364 639 2431 Qui
679 2364 808 2434 juga
836 2364 998 2419 boum
1025 2362 1157 2418 emit
1200 2360 1461 2432 quinque,
1495 2362 1541 2417 is
1568 2360 1771 2431 estqui
1822 2360 2029 2416 intelle-

465 2455 695 2512 mualem
736 2456 1036 2510 contemnit
1062 2463 1340 2517 naturam,
1371 2463 1427 2507 et
1471 2455 1620 2509 circa
1652 2453 1924 2508 sensualia
1964 2453 2028 2507 li-

463 2548 656 2602 benter
684 2556 951 2602 versatur.
984 2544 1095 2601 Nec
1137 2547 1240 2601 iste
1268 2546 1585 2616 approbavit
1625 2544 1695 2602 ab
1728 2546 1882 2601 initio
1909 2560 2028 2615 qua:

464 2646 741 2693 emerunt.
791 2637 850 2691 Si
889 2637 1133 2691 biuarius
1166 2651 1423 2691 numerus
1453 2638 1516 2691 ad
1544 2637 1844 2691 materialia
1879 2638 2027 2693 ordi-

463 2739 646 2792 natur,
697 2728 802 2783 iste
838 2727 1141 2782 materialia
1187 2728 1242 2781 in
1281 2727 1456 2796 pretio
1484 2728 1692 2793 habuit,
1736 2737 2023 2799 propterea

462 2823 580 2891 ipse
620 2834 837 2890 quoque
888 2818 1304 2874 intellectualem
1340 2834 1552 2875 ctenam
1585 2832 1833 2880 excusat.
1871 2821 2025 2877 Alius

420 2977 425 2982 _
460 2923 563 2967 εει·
585 2913 674 2981 qui
711 2910 876 2967 dicit:
924 2909 1157 2965 Uxorem
1198 2912 1355 2979 duri,
1384 2912 1475 2981 qui
1507 2913 1715 2967 videtur
1750 2912 2026 2970 invenisse

464 3001 818 3073 sapientiam,
849 3008 899 3054 et
942 3001 1099 3070 hujus
1155 3003 1537 3058 communione
1573 3018 1821 3060 veracem
1856 3021 2021 3062 excu-

458 3104 575 3162 sat;
623 3093 708 3149 vei
762 3093 856 3162 qui
898 3093 1045 3147 carni
1096 3093 1301 3156 unitus,
1353 3104 1567 3150 amator
1605 3096 2089 3183 voluptatisestc

358 3184 359 3187 “
455 3187 656 3257 potius,
687 3200 849 3255 quam
890 3184 1008 3239 Dei.
1056 3183 1367 3241 Generatim
1405 3185 1572 3252 igitur
1622 3196 1731 3241 tota
1766 3190 2019 3257 parabola

458 3277 541 3332 sic
579 3290 639 3331 se
667 3274 850 3331 habet.
882 3273 1083 3344 Accipe
1126 3284 1182 3330 tu
1227 3289 1361 3331 vero
1398 3275 1558 3332 aliter
1602 3293 1723 3347 quae
1766 3282 1835 3335 ad
1876 3281 2020 3337 hunc

456 3368 634 3432 locum
668 3367 981 3437 pertinent,
1023 3375 1291 3438 quatenus
1325 3368 1572 3425 homines
1610 3385 1816 3438 sumus,
1849 3383 1900 3428 et
1936 3375 2019 3441 di-

453 3459 617 3515 vitias
660 3458 920 3514 bonitatis
952 3460 1046 3512 Dei
1090 3473 1195 3515 non
1228 3459 1446 3528 expedit
1485 3461 1641 3517 nobis
1673 3463 1838 3519 scire.

528 3549 847 3605 Necessario
880 3549 1022 3604 Deus
1052 3550 1258 3605 homini
1286 3550 1642 3621 assimilatur,
1674 3564 1735 3609 ut
1761 3571 1881 3610 cum
1921 3557 2016 3613 ho-

452 3643 692 3697 minibus
712 3641 987 3712 loquatur,
1013 3641 1102 3711 qui
1137 3657 1242 3695 non
1272 3644 1492 3713 capiunt
1522 3646 1822 3714 dispensari
1848 3664 1877 3701 a
1905 3648 2014 3704 Deo

453 3735 725 3798 universa,
762 3742 1016 3787 manente
1064 3734 1194 3788 Deo.
1249 3732 1402 3790 Tunc
1460 3751 1587 3791 vero
1627 3754 1730 3791 non
1781 3741 2015 3809 amplius

451 3824 789 3880 assimilatur
821 3824 1051 3892 homini,
1084 3824 1300 3894 quando
1339 3837 1614 3882 cessantes
1642 3844 1672 3883 a
1707 3832 2010 3886 contentio-

450 3930 539 3981 ne,
572 3915 690 3971 zelo
716 3916 1033 3986 ceterisque
1079 3919 1259 3983 malis,
1306 3928 1362 3973 et
1408 3919 1476 3974 ab
1519 3922 1883 3977 ambulatione
1924 3939 2013 3978 se-

445 4008 679 4063 cundum
719 4008 1030 4074 hominem,
1065 4010 1351 4079 dignamur
1396 4013 1584 4067 audire
1632 4028 1662 4067 a
1710 4014 1854 4068 Deo:
1899 4014 2011 4085 Ego

444 4102 600 4155 diai:
631 4099 718 4154 Dii
744 4102 867 4157 estis
902 4110 951 4155 et
985 4100 1088 4170 ﬁlii
1134 4101 1383 4157 Sublimis
1425 4118 1598 4158 omnes
1622 4105 1689 4161 ’⁷.
1726 4105 1877 4160 Tunc
1902 4120 2009 4159 non

443 4192 677 4262 amplius
707 4202 765 4248 et
796 4193 916 4248 aliis
948 4193 1129 4249 multis
1165 4194 1477 4251 nominibus
1517 4196 1840 4264 appellatur,
1883 4197 2006 4268 qui-

437 4284 541 4339 bus
594 4284 798 4356 indiget
838 4294 1096 4355 peccator
1140 4285 1339 4352 homo;
1404 4290 1641 4357 panther
1700 4299 1754 4343 et
1786 4290 1909 4356 leo,
1956 4301 2010 4346 et

439 4389 603 4429 ursus
644 4374 789 4430 sicut
832 4375 887 4429 in
934 4377 1213 4447 prophetis
1261 4378 1527 4447 scriptum
1570 4389 1672 4434 est.
1723 4381 1875 4437 Haud
1909 4384 2007 4436 aii-

2130 1900 2431 1970 δοκιμάσας
2469 1900 2528 1953 ὃν
2576 1902 2841 1971 ἐκτήσατο
2887 1900 3043 1968 λόγον
3091 1901 3180 1956 διὰ
3210 1902 3267 1956 τὸ
3323 1904 3710 1976 προειλῆφθαι,

2133 1991 2195 2057 ἐξ
2224 1993 2469 2063 ἀνάγκης
2499 1994 2593 2047 καὶ
2620 1995 2718 2064 οὐχ
2759 1994 3019 2059 ἑκουσίως
3066 1994 3343 2067 ἐξέρχεται
3370 1998 3435 2049 ὲκ
3466 1998 3565 2053 τοῦ
3597 1998 3709 2051 δείορ

2131 2100 2295 2146 πνου,
2341 2083 2435 2136 καὶ
2473 2083 2569 2137 τοῦ
2619 2085 2978 2155 κεκληκότος,
3016 2084 3154 2156 τάχα
3183 2086 3353 2139 δὲκαὶ
3379 2087 3594 2141 ἑαυτοῦ.
3631 2089 3710 2142 Τὸ

2128 2174 2185 2227 δὲ
2232 2173 2455 2242 Ἐρωτῶ
2487 2174 2561 2228 σέ
2585 2192 2772 2246 φησιν,
2800 2176 2875 2239 ὡς
2907 2174 3049 2246 λόγῳ
3081 2175 3225 2247 μόνῳ
3264 2176 3579 2248 αἰδούμενος
3613 2180 3708 2232 τὸν

2131 2266 2452 2337 κεκληκότα.
3606 2262 3609 2263 ν

2216 2360 2273 2412 'U
2304 2360 2361 2413 δὲ
2391 2360 2557 2432 ζεύγη
2592 2360 2730 2431 βοῶν
2756 2361 3033 2433 ἀγοράσας
3062 2360 3243 2427 πέντε,
3278 2353 3433 2426 οὗτός
3473 2364 3627 2417 ἐστιν
3671 2366 3709 2418 ὁ

2128 2452 2226 2522 τῆς
2254 2454 2455 2523 νοητῆς
2494 2454 2847 2524 καταφρονῶν
2871 2452 3106 2523 φύσεως,
3139 2454 3268 2524 περὶ
3289 2453 3347 2506 δὲ
3370 2453 3436 2507 τὰ
3463 2454 3710 2526 αἰσθητά

2127 2538 2443 2616 φιλοχωρῶν
2470 2561 2484 2575 ·
2525 2545 2631 2598 οὐδ’
2666 2541 2818 2610 οὗτος
2865 2546 3184 2616 ἐδοκίμασεν
3225 2545 3284 2613 ἐξ
3311 2547 3487 2618 ἀρχῆς
3518 2546 3557 2602 ὃ.
3598 2546 3706 2601 ὲώο
3744 2608 3747 2609 ν

2125 2652 2331 2707 νηνται.
2381 2637 2443 2689 Et
2465 2638 2493 2688 ό
2541 2635 2632 2689 δύο
2660 2636 2892 2708 ἀριθμὸς
2922 2637 3016 2689 ἐπὶ
3047 2635 3180 2700 ὔλας
3217 2637 3507 2700 τάσσεται,
3542 2631 3708 2702 οὗτος

2125 2727 2195 2781 τὰ
2223 2728 2381 2781 ύλικά
2413 2729 2673 2800 ἐτίμησε·
2700 2729 2781 2793 διὸ
2827 2731 2920 2783 καὶ
2972 2722 3126 2794 οὗτος
3171 2728 3231 2782 τὸ
3274 2730 3459 2802 νοητὸν
3485 2730 3710 2785 δεῖπνον

2125 2818 2452 2889 παρῄτηται.
2506 2820 2562 2873 ὐ
2608 2820 2664 2873 δὲ
2696 2819 2881 2892 ἕτερός
2933 2823 3078 2875 ἐστιν
3123 2821 3152 2874 ό
3189 2819 3393 2874 εἰπών·
3428 2820 3715 2876 Γυναῖκα

2123 2908 2346 2980 ἔγημα,
2381 2912 2409 2963 ό
2447 2910 2620 2963 δοκῶν
2648 2911 2941 2982 εὑρηκέναι
2975 2911 3198 2981 σοφίαν,
3229 2911 3323 2964 καὶ
3354 2909 3558 2983 ταύτης
3584 2928 3708 2965 κοι-

2124 3004 2353 3074 νωνήσει
2399 3003 2833 3075 παραιτούμενος
2864 3004 2960 3075 τὴν
3000 3004 3200 3075 ἀληθῆ·
3252 3004 3286 3075 ἦ
3343 3005 3370 3057 ὁ
3414 3007 3481 3075 τῇ
3531 3005 3709 3076 σαρκὶ

2124 3090 2431 3161 ένούμενος,
2466 3091 2740 3163 φιλήδονος
2771 3090 2967 3161 μᾶλλον
2998 3090 3032 3162 ἢ
3060 3091 3322 3160 φιλόθεος.
3356 3090 3429 3143 Τὸ
3471 3089 3573 3160 μὲν
3602 3086 3703 3144 οὖν

2120 3180 2400 3253 ὁλοσχερὲς
2422 3181 2522 3251 τῆς
2553 3181 2863 3252 παραϐολῆς
2886 3181 3074 3245 οὕτως·
3112 3182 3305 3236 έκλαϐε
3348 3182 3404 3234 δὲ
3457 3183 3552 3236 καὶ
3593 3182 3700 3236 ἀλ-

2118 3270 2224 3335 λως
2256 3271 2322 3325 τά
2348 3272 2488 3326 κατὰ
2519 3272 2609 3325 τὸν
2650 3272 2842 3336 τόπον,
2871 3272 2993 3325 ὅσον
3037 3272 3310 3341 ἄνθρωποί
3344 3274 3511 3342 ἐσμεν
3530 3311 3546 3334 ,
3596 3272 3703 3325 καὶ

2116 3369 2207 3424 τὸν
2237 3367 2462 3423 πλοῦτον
2494 3368 2592 3439 τῆς
2622 3366 2715 3422 τοῦ
2745 3368 2879 3422 Θεοῦ
2914 3369 3278 3441 χρηστότητος
3317 3371 3377 3422 οὐ
3410 3369 3699 3439 συμφέρει

2117 3459 2402 3529 γινώσκειν
2432 3462 2585 3532 ἡμῖν.

2198 3552 2529 3621 Ἀναγκαίως
2571 3555 2598 3606 ό
2645 3552 2777 3616 Θεὸς
2832 3552 3103 3624 ἀνθρώπῳ
3133 3550 3443 3624 ὁμοιοῦται,
3496 3554 3564 3608 ἵν’
3611 3555 3700 3618 ὡς

2114 3642 2418 3715 ἀνθρώποις
2442 3643 2669 3717 λαλήσῃ,
2703 3644 2777 3714 μὴ
2812 3643 3078 3716 χωροῦσιν
3108 3644 3531 3716 οἱκονομηθῆναι
3581 3646 3700 3698 ὑπὸ

2114 3733 2207 3787 τοῦ
2240 3734 2374 3787 Θεοῦ
2409 3735 2605 3798 πάντα,
2644 3735 2896 3805 μένοντος
2927 3734 3019 3788 τοῦ
3046 3735 3203 3790 Θεοῦ.
3240 3737 3348 3789 Καὶ
3386 3737 3506 3790 τότε
3547 3740 3701 3791 παύ-

2116 3840 2265 3880 σεται
2297 3826 2647 3897 ὁμοιούμενος
2670 3813 2971 3898 ἀνθρώπῳ,
3002 3828 3159 3892 ὅταν,
3189 3829 3528 3900 παυσάμενοι
3564 3827 3695 3902 35'.-

2117 3917 2226 3982 δος,
2281 3918 2440 3990 ζήλου
2487 3918 2579 3971 καὶ
2629 3917 2736 3971 τῶν
2782 3917 2982 3971 λοιπῶν
3026 3919 3229 3984 κακῶν,
3273 3921 3366 3974 καὶ
3405 3920 3500 3974 τοῦ
3561 3925 3693 3976 κατ’

2112 4008 2391 4080 ἄνθρωπον
2434 4011 2750 4079 περιπατεῖν
2770 4048 2785 4072 ,
2820 4008 3139 4080 ἀξιωθῶμεν
3186 4012 3417 4066 ἀκοῦσαι
3445 4012 3553 4066 ἀπὸ
3588 4014 3696 4067 τοῦ

2109 4100 2243 4154 Θεοῦ
2264 4118 2277 4132 ·
2320 4100 2459 4170 Ἐγὼ
2510 4097 2678 4154 εἶπα·
2733 4103 2866 4155 Θεοί
2915 4102 3055 4155 ἐστε
3079 4102 3177 4155 καὶ
3220 4104 3337 4157 υἱοὶ
3380 4105 3691 4173 ’Υψίστου

2110 4192 2347 4258 πάντες.
2380 4192 2755 4245 Πέπαυταιηδὲ
2803 4192 2898 4246 καὶ
2945 4191 3079 4246 ἄλλα
3118 4193 3286 4247 πολλὰ
3326 4194 3690 4264 καλούμενος,

2108 4277 2182 4335 ὧν
2210 4280 2526 4353 ἁμαρτωλὸς
2554 4273 2740 4352 χρῄζει
2769 4279 3051 4352 ἄνθρωπος
3070 4321 3084 4345 ,
3118 4282 3333 4353 πάνθηρ
3384 4283 3476 4337 καὶ
3520 4283 3696 4350 λέων,

2108 4375 2200 4427 καὶ
2230 4374 2447 4445 ἄρκτος,
2475 4373 2550 4435 ὼς
2577 4374 2635 4424 ὲν
2663 4374 2775 4435 τοῖς
2804 4375 3103 4444 προφήταις
3135 4374 3460 4444 γέγραπται.
3488 4374 3689 4440 Οὕτως

439 4474 521 4519 ter
549 4464 790 4536 intelligo
808 4476 862 4521 et
889 4466 1019 4521 illud
1042 4482 1055 4519 :
1084 4466 1226 4521 Deus
1245 4476 1439 4534 noster,
1453 4469 1587 4539 ignis
1611 4487 1915 4526 consumens
1934 4474 1998 4530 ’⁸.
2033 4463 2035 4518 Ϊ

2130 4464 2283 4516 ικούω
2306 4464 2399 4517 καὶ
2422 4464 2515 4517 τοῦ
2536 4481 2549 4495 ·
2594 4465 2656 4517 '0
2688 4463 2830 4529 Θεὸς
2853 4462 3019 4533 ήμιῖιν
3056 4463 3173 4530 πῦρ
3204 4466 3684 4522 καταναλίσκον.

434 4553 541 4608 Pro
572 4570 638 4610 eo
666 4557 812 4611 enim
854 4558 943 4628 qui
980 4559 1174 4629 dignus
1210 4574 1316 4615 non
1342 4568 1425 4615 cst
1453 4564 1882 4632 cousumptione,
1915 4565 2004 4620 lux

435 4656 556 4713 est;
598 4649 895 4703 secundum
953 4646 1211 4705 Joannem
1272 4652 1584 4709 dicentem:
1628 4654 1767 4707 Deus
1828 4666 2006 4708 noster

435 4737 530 4790 lux
559 4749 632 4791 est
652 4738 717 4792 ’⁸.
753 4739 819 4793 Et
864 4756 1088 4796 rursus:
1128 4740 1402 4807 Nondum,
1435 4745 1632 4812 inquit,
1664 4745 2003 4814 manifestum

434 4838 509 4881 est
540 4831 663 4897 quid
702 4830 919 4884 erimus.
960 4828 1215 4885 Nouimus
1246 4844 1456 4897 autem,
1500 4838 1639 4904 quod
1686 4836 1733 4889 si
1779 4836 2001 4906 manife-

432 4924 630 4972 statum
672 4920 869 4988 fuerit,
910 4922 1112 4976 similes
1159 4926 1259 4992 ipsi
1303 4925 1515 4990 erimus,
1555 4927 1680 4996 quia
1712 4927 2000 4982 videbimus

433 5022 552 5062 eum
590 5011 749 5063 sicuti
785 5023 860 5064 est
885 5010 952 5065 ⁸⁸.
986 5013 1245 5079 Quamvis
1274 5016 1417 5069 enim
1449 5018 1589 5087 digni
1621 5014 1797 5072 eli‘ecti
1832 5019 2001 5073 simus

435 5106 493 5149 ut
523 5096 1011 5165 lmpresentiarum
1050 5102 1324 5157 videamus
1367 5105 1532 5158 Deum
1564 5114 1744 5159 mente
1786 5114 1841 5160 et
1875 5120 1999 5159 cor-

434 5186 537 5249 de;
574 5180 639 5239 at
666 5201 774 5240 non
810 5189 1053 5245 videmus
1082 5205 1204 5246 eum
1238 5194 1395 5246 sicuti
1423 5201 1524 5259 est,
1559 5194 1652 5248 sed
1685 5192 1842 5248 sicuti
1872 5208 2001 5248 con-

434 5277 593 5346 tingit
642 5277 800 5332 nobis
840 5291 1062 5349 pr0pter
1102 5293 1346 5337 nostram
1410 5285 1788 5339 mconomiam.
1830 5286 1901 5338 At
1942 5286 1997 5339 in

433 5370 775 5424 restitutione
834 5373 1072 5428 omnium
1114 5391 1314 5442 rerum,
1360 5392 1496 5446 quas
1542 5378 1747 5433 locutus
1787 5387 1861 5431 est
1904 5394 1997 5443 per

430 5478 490 5514 os
525 5468 828 5516 sanctorum
858 5464 971 5534 ejus
1012 5468 1076 5533 ³¹,
1118 5469 1444 5532 videbimus,
1497 5485 1600 5524 non
1645 5471 1786 5524 sicut
1814 5486 1993 5534 nunc,

429 5555 571 5621 quod
604 5569 710 5609 non
745 5564 849 5620 est,
902 5559 995 5612 sed
1041 5560 1182 5617 sicut
1227 5561 1478 5632 congruit
1520 5569 1667 5626 tunc,
1712 5561 1853 5630 quod
1885 5570 1988 5619 est.

2109 4555 2197 4625 Τῷ
2226 4555 2332 4626 γὰρ
2387 4556 2486 4609 οὐκ
2526 4555 2636 4609 δντι
2689 4554 2824 4625 ἀξίῳ
2869 4556 3354 4609 καταναλίσκεσθαι
3404 4557 3519 4626 φῶς
3560 4560 3692 4615 ἐστι

2105 4646 2245 4700 κατά
2275 4647 2368 4699 τὸν
2403 4647 2652 4716 Ἰωάννην
2679 4646 2923 4713 λέγοντα·
2940 4647 2991 4698 Ὁ
3019 4647 3161 4712 Θεὸς
3182 4647 3351 4716 ἡμῶν
3374 4647 3500 4716 φῶς
3518 4650 3688 4706 ἐστι.

2104 4740 2214 4792 Καὶ
2246 4734 2433 4802 αὖθις·
2487 4738 2678 4801 Οὔπω,
2711 4739 2893 4808 φησιν,
2927 4739 3264 4807 ἐφανερώθη
3297 4741 3356 4793 τί
3381 4740 3686 4810 ἐσόμεθα·

2102 4828 2344 4898 οἴδαμεν
2367 4827 2453 4890 δὲ,
2482 4828 2591 4892 ὅτι,
2622 4830 2729 4882 ἐὰν
2755 4828 3099 4898 φανερωθῇ,
3128 4829 3316 4899 ὅμοιοι
3346 4830 3506 4897 αὐτῷ
3536 4833 3691 4887 ἐσό-

2095 4923 2276 4988 μεθα,
2322 4918 2410 4970 ὅτι
2451 4920 2714 4987 ὀψόμεθα
2755 4921 2941 4972 αὑτὸν
2994 4919 3184 4985 καθώς
3221 4921 3408 4973 ἐστιν.
3453 4922 3519 4974 Εἰ
3563 4925 3689 4996 γὰρ

2100 5010 2194 5062 καὶ
2218 5008 2532 5080 ἀξιωθῶμεν
2567 5008 2754 5079 βλέψαι
2786 5009 2879 5063 νῦν
2920 5010 3011 5063 τὸν
3052 5010 3184 5064 Θεὸν
3232 5011 3312 5082 τῷ
3346 5012 3421 5082 νῷ
3465 5014 3563 5066 καὶ
3612 5019 3684 5087 τῇ

2102 5101 2315 5172 καρδίᾳ,
2344 5102 2404 5153 οὐ
2445 5100 2711 5171 βλέπομεν
2741 5102 2904 5155 αὐτὸν
2949 5100 3141 5168 καθώς
3161 5103 3351 5169 ἐστιν,
3397 5104 3536 5158 ἀλλὰ
3569 5123 3683 5160 κα-

2102 5194 2208 5258 θὼς
2234 5194 2321 5247 διὰ
2352 5196 2451 5264 τὴν
2489 5194 2762 5264 ἡμετέραν
2794 5194 3102 5264 οἰκονομίαν
3149 5195 3306 5265 ήμῶν
3338 5196 3547 5264 γίνεται
3567 5215 3581 5226 ·
3616 5201 3683 5253 ἐν

2101 5286 2158 5339 δὲ
2183 5288 2249 5357 τῇ
2278 5285 2713 5360 ἀποκαταστάσει
2738 5287 2976 5348 πάντων,
2999 5280 3075 5339 ὧν
3106 5287 3374 5355 ἐλάλησε
3399 5289 3498 5344 διὰ
3529 5294 3683 5345 στό-

2097 5393 2284 5445 ματος
2322 5375 2445 5429 τῶι·
2485 5376 2666 5444 ἁγίων
2711 5377 2915 5442 αὐτοῦ,
2959 5378 3201 5450 ὀψόμεθα
3250 5381 3348 5450 οὐχ
3395 5381 3471 5444 ὡς
3513 5382 3615 5438 νῦν
3647 5384 3680 5438 δ

2099 5472 2197 5524 οὐκ
2219 5471 2382 5534 ἔστιν,
2410 5470 2523 5524 ἀλλ’
2550 5471 2625 5534 ὡς
2662 5472 2858 5543 πρέπει
2895 5474 3015 5526 τότε
3040 5515 3054 5539 ,
3098 5476 3127 5529 ὃ
3159 5476 3294 5529 ἐστι.
3358 5478 3497 5549 Παρ’
3538 5480 3678 5549 ἡμῖν

2102 5562 2200 5633 μὲν
2222 5558 2312 5617 οὖν
2342 5564 2453 5625 τοῖς
2476 5560 2780 5632 ἀνθρώποις
2803 5564 3074 5635 ἀνθρώπῳ
3096 5567 3383 5640 ὡμοιώθη·
3425 5569 3582 5641 παρὰ
3614 5570 3678 5623 δὲ

530 5756 740 5814 "-Psal.
777 5774 961 5826 uxxl,
992 5761 1045 5817 ϐ.
1124 5766 1168 5798 ’⁸
1199 5764 1355 5822 Deut.
1386 5781 1461 5832 IV,
1490 5764 1582 5821 24.
1669 5765 1712 5798 '9
1737 5762 1890 5820 Joan.
1928 5780 1965 5830 ι,
1996 5764 2028 5820 5

2134 5767 2176 5798 ³ο
2205 5765 2223 5818 Ι
2252 5766 2406 5823 Joan.
2439 5784 2515 5836 ιιι,
2545 5768 2603 5825 2.
2689 5772 2729 5803 ³¹
2765 5771 2895 5827 Luc.
2931 5772 3058 5837 1,70
