3888 6214
115 412 226 465 365

1403 407 1697 464 SCHOLIA
1733 407 1799 462 1N
1842 405 2099 460 LIJCAM.

3263 404 3369 456 300

110 530 229 592 τοῖς
257 528 482 591 ἑαυτοὺς
510 527 854 584 ἀποθεὼσασι
871 528 1017 600 Θεῷο
1063 528 1116 582 Ὁ
1145 529 1288 594 Θεὸς
1319 529 1428 599 γάρ
1449 528 1580 581 ἐστι
1600 525 1696 598 (9),

1828 524 1962 592 Ipud
2000 536 2099 575 nos
2132 519 2298 591 igitur
2340 519 2591 574 homines
2624 515 2829 572 homini
2881 513 3210 569 assimilatus
3245 523 3368 571 est:

113 622 300 692 φησιν,
328 621 398 674 ὲν
423 620 745 690 συναγωγῇ
769 621 938 676 θεῶν.

754 799 910 852 ΚΕΦ.
954 799 1052 851 IE’.

117 893 263 963 Στίχ.
298 899 404 960 κγ’.
431 893 537 947 Καὶ
560 892 912 962 ἐνέγκαντες
939 894 1045 947 τὸν
1085 894 1325 963 μόσχον
1357 890 1459 944 τὸν
1497 906 1695 944 σιτευ-

403 963 530 1028 τὸν,
568 960 678 1016 καῖ
696 966 991 1034 φαγόντες
1016 960 1458 1032 εὐφρανθῶμεν.

187 1056 333 1110 mea
383 1056 491 1128 χρὴ
537 1057 626 1111 τὸν
665 1058 828 1111 τόπον
875 1058 971 1112 καὶ
1019 1055 1352 1128 ὑψηλότερον
1400 1055 1694 1126 θεωρῆσαι,

115 1149 556 1221 προκατάρχεται
591 1149 793 1219 λόγων,
824 1149 1029 1221 ἡθικῶν
1067 1151 1162 1221 μὲν
1183 1190 1197 1214 ,
1232 1146 1342 1201 οἷον
1376 1146 1604 1218 τροφῆς,
1639 1148 1697 1200 ὲν

111 1242 191 1312 τῷ
235 1244 523 1312 φαγόντες
555 1284 569 1307 ,
617 1243 928 1297 ἐποπτικῶν
967 1242 1057 1306 δὲ,
1109 1235 1219 1294 οἷον
1267 1240 1464 1303 ποτοῦ,
1507 1241 1565 1292 ἐν
1621 1237 1698 1308 τῷ

113 1337 559 1406 εὐφρανθῶμεν.
609 1331 782 1403 Οἷνος
814 1336 921 1407 γὰρ
969 1336 1126 1405 ἀρχὴ
1173 1335 1589 1404 εὐφροσύνης,
1623 1331 1698 1394 ὡς

114 1427 446 1498 γέγραπται.

745 1519 902 1570 ΚΕΦ.
945 1520 1062 1584 ις’.

114 1606 266 1686 Στζχ.
301 1607 384 1672 ιζ’.
405 1609 828 1686 Εὐκοπώτερον
843 1608 911 1686 δέ
925 1610 1056 1661 ἐστι
1069 1609 1179 1686 ¹τὸν
1194 1609 1452 1686 οὐρανόν
1469 1609 1566 1661 καὶ
1584 1606 1700 1686 τὴν

153 1678 622 1746 γῆνπαρελθεῖν,
638 1681 674 1746 ἣ
694 1678 799 1732 τοῦ
811 1680 999 1747 νόμου
1009 1680 1156 1746 μίαν
1171 1680 1413 1747 κεραίαν
1435 1679 1664 1732 πεσεῖν.

190 1771 313 1822 Ἔτι
341 1771 450 1838 μία
483 1773 688 1839 κεραιά
733 1774 794 1825 οὑ
831 1773 959 1844 παρ’
1007 1771 1232 1842 ’Ἕλλησι
1277 1772 1433 1842 μόνον
1481 1772 1598 1824 ἐστὶ
1639 1771 1700 1822 τὸ

115 1861 254 1915 ἰῶτα.
277 1902 291 1924 ,
327 1862 463 1916 ἀλλὰ
508 1865 602 1916 καὶ
633 1866 762 1934 παρ’
809 1864 1080 1936 Ἑϐραίοις
1103 1863 1164 1916 τὸ
1197 1865 1324 1934 παρ’
1373 1865 1553 1927 αὐτοῖς
1597 1879 1698 1915 κα-

1805 613 1944 682 apud
1989 627 2085 667 eos
2122 625 2250 665 vero
2293 611 2383 680 qui
2432 609 2572 665 sein
2634 608 2764 662 deos
2807 605 3068 670 referunt,
3117 605 3244 659 Deo.
3285 605 3369 659 ln-

1803 704 1922 774 quit
1967 703 2111 756 enim
2154 719 2168 755 :
2203 701 2341 755 Deus
2377 701 2513 754 stetit
2551 701 2604 752 in
2631 712 2898 767 synagoga
2941 697 3156 749 deorum
3187 694 3252 750 ³².

2425 791 2577 846 CAP.
2618 789 2737 843 XV.

1805 885 1870 943 V.
1902 889 1993 942 25.
2026 886 2092 941 Ει
2116 887 2392 956 afferentes
2423 883 2646 1004 vitulum
2670 883 2935 952 pinguem,
2971 891 3019 936 et
3048 879 3372 934 comedentes

2481 965 2719 1004 aztemur.

2481 965 2719 1006 aztemur.

1877 1048 1934 1105 Si
1976 1049 2107 1104 licet
2145 1048 2292 1102 hunc
2333 1046 2510 1100 locum
2556 1043 2843 1100 sublimius
2879 1041 3260 1114 contemplari,
3295 1042 3370 1096 in-

1805 1143 1982 1198 stituit
2011 1155 2317 1205 sermones,
2373 1137 2605 1192 morales
2653 1137 2893 1206 quidem,
2935 1145 3060 1206 puta
3109 1137 3372 1190 ciborum.

1805 1237 1932 1290 dum
1974 1234 2051 1288 ait
2091 1235 2456 1294 comedentes;
2512 1229 2873 1300 speculativos
2914 1243 3059 1291 vero.
3108 1238 3234 1298 puta
3278 1240 3370 1298 po-

1807 1306 1978 1390 tuum,
2013 1325 2140 1378 dum
2198 1322 2370 1390 inquit
2414 1327 2670 1376 laetemur.
2716 1319 2994 1390 Siquidem
3056 1317 3243 1372 Vinum
3289 1321 3372 1372 in-

1816 1418 1968 1470 itium
1997 1424 2072 1470 est
2109 1413 2306 1469 (iutilia:
2331 1413 2398 1478 ³³,
2427 1416 2566 1468 sicut
2589 1413 2847 1480 scriptum
2874 1420 2975 1466 est.
3441 1401 3444 1404 ”

2427 1503 2578 1560 CAP.
2619 1503 2758 1558 XVI.

1805 1600 1869 1656 V.
1894 1601 1980 1655 17.
2010 1597 2245 1653 Facilius
2279 1607 2453 1651 autem
2480 1606 2556 1650 est
2590 1596 2775 1650 caelum
2796 1605 2842 1648 et
2863 1604 3057 1648 terram
3091 1595 3374 1663 praeterire,

2087 1685 2247 1739 quam
2286 1678 2342 1722 ut
2387 1669 2512 1737 legis
2552 1683 2686 1721 unus
2710 1682 2842 1733 apes:
2868 1667 3096 1718 excidat.

1875 1762 2142 1817 Praeterea
2171 1777 2308 1814 unus
2351 1775 2506 1829 apex,
2543 1773 2652 1814 non
2690 1766 2774 1814 est
2819 1757 2980 1812 modo
3024 1757 3133 1811 iota
3161 1753 3374 1814 Graeco-

1807 1873 1948 1923 rum,
1987 1857 2080 1912 sed
2101 1856 2306 1918 littera,
2343 1869 2463 1924 quae
2487 1853 2652 1910 etiam
2694 1853 2834 1923 apud
2869 1851 3124 1907 Hebrzeos
3158 1863 3376 1906 vocatur

113 1949 377 2020 λούμενον
408 1951 529 2005 ῑώθ.
559 1953 788 2007 Δύναται
812 1955 868 2008 δὲ
902 1954 1034 2007 ίῶτα
1067 1953 1408 2024 συμϐολικῶς
1447 1952 1700 2022 λέγεσθαι

1831 1949 1918 2004 od.
1956 1947 2140 2003 Potest
2184 1957 2364 2002 autem
2407 1945 2702 2018 symbolice
2740 1945 2898 2001 Jesus
2946 1943 3210 2013 appellari
3251 1943 3376 2008 iota,

125 2041 362 2114 Ἰησοῦς,
416 2043 645 2116 ἐπείπερ
693 2044 916 2119 ἡάρχὴ
949 2045 1042 2099 τοῦ
1088 2046 1349 2116 ὀνόματος
1395 2044 1562 2098 αὑτοῦ
1605 2045 1700 2098 καὶ

115 2137 250 2207 παρ’
281 2137 503 2207 Ἕλλησι
539 2139 632 2192 καὶ
680 2139 809 2210 παρ’
851 2139 1120 2211 Ἑϐραίοις
1159 2138 1267 2191 ἀπὸ
1294 2136 1387 2191 τοῦ
1423 2136 1523 2194 ὶὼθ
1563 2138 1700 2208 γρά-

118 2245 302 2296 φεται.
348 2229 503 2282 Ἐστι
538 2230 718 2283 τοίνυν
743 2231 801 2282 ὲν
849 2229 928 2301 τῷ
961 2230 1109 2302 νόμῳ
1145 2231 1176 2282 ό
1216 2229 1387 2297 Λόγος
1424 2228 1518 2281 τοῦ
1565 2227 1700 2281 Θεοῦ

118 2319 200 2388 μὴ
252 2319 663 2390 παρερχόμενος
707 2320 898 2386 αὑτὸν,
948 2320 1082 2390 μηδὲ
1134 2320 1398 2391 πρότερον
1466 2319 1698 2382 πίπτων,

119 2414 232 2478 ἕως
251 2411 329 2464 ἂν
348 2412 545 2466 πάντα
575 2414 815 2484 γένηται
839 2433 851 2445 ·
874 2415 995 2467 τότε
1019 2415 1074 2469 δὲ
1096 2416 1310 2468 πίπτων
1327 2456 1340 2478 ,
1366 2415 1452 2468 ἵνα
1481 2415 1702 2467 πλείονα

120 2507 334 2575 καρπὸν
360 2507 527 2578 φέρῃ·
565 2508 626 2561 οὑ
661 2508 934 2578 νικηθεὶς,
984 2507 1120 2560 ἀλλὰ
1163 2507 1536 2574 ταπεινώσας
1565 2508 1702 2560 ἐαυ-

122 2597 251 2661 τὸν,
278 2588 375 2650 καὶ
408 2601 726 2668 γενόμενος
759 2599 1027 2667 ὑπήκοος
1072 2599 1247 2669 μέχρι
1280 2599 1569 2661 θανάτου,
1604 2602 1702 2652 θα-

121 2681 311 2741 νάτου
344 2688 412 2741 δὲ
441 2693 729 2758 σταιιοοῦ.

121 2849 274 2973 Στὲί.
306 2849 392 2905 ιϐ’.
421 2853 526 2905 Καὶ
555 2785 1180 2938 εἰσερχιξλὲῗόυιξὺτοῦ
1207 2857 1295 2920 εἷς
1314 2872 1448 2908 τινα
1474 2855 1698 2940 ⁸ξιώμιην,

237 2920 562 2973 πῖθι-τησαν
585 2940 744 2973 avra)
770 2923 914 2973 δέκα
938 2928 1146 2973 λεπροὶ
1168 2925 1402 2973 ἄνδρες-
1438 2944 1489 2973 οι
1520 2926 1698 2973 ἔστη-

237 2920 562 2994 πήντησαν
585 2920 752 2988 αὐτῷ
770 2920 914 2978 δέκα
938 2928 1146 2994 λεπροὶ
1168 2925 1403 2994 ἄνδρες,
1438 2927 1493 2978 οἳ
1520 2920 1699 2994 ἐστἠ-

195 3007 320 3044 σαν
351 2993 671 3061 πίξρῤωθεν.

123 3083 254 3153 Στίχ
315 3090 402 3151 ιγ’·
437 3084 543 3138 Καὶ
573 3084 743 3138 αὐτοὶ
784 3081 938 3154 ἦραν
970 3085 1208 3155 φωνὴν,
1237 3087 1549 3154 λέγοντες’
1599 3088 1703 3155 Ἰη-

451 3155 568 3207 σοῦ
595 3155 905 3223 ἐπιστάτα,
933 3156 1195 3225 ἐλέησον
1224 3155 1396 3227 ἡμᾶς.

1808 2041 1935 2109 quia
1965 2038 2178 2094 initium
2209 2039 2448 2094 nominis
2471 2037 2594 2108 ejus
2627 2047 2732 2092 tam
2765 2037 2905 2103 apud
2939 2035 3181 2095 Graecos.
3213 2050 3376 2103 quam

1809 2133 1951 2202 apud
1992 2131 2247 2187 Hebraeos
2281 2146 2376 2200 per
2407 2129 2504 2200 jod
2535 2129 2812 2184 scribitur.
2854 2127 2947 2182 Est
2984 2127 3146 2196 igitur
3183 2127 3233 2180 In
3267 2126 3377 2196 lege

1812 2225 2049 2280 Verbum
2088 2223 2180 2278 Dei
2208 2236 2544 2292 nequaquam
2579 2220 2721 2274 illam
2752 2220 3089 2289 praateriens,
3112 2235 3210 2275 nec
3233 2221 3378 2290 prius

1807 2316 2087 2375 excitlens,
2127 2315 2290 2368 donec
2325 2315 2504 2367 omnia
2541 2311 2674 2380 ﬁant
2703 2311 2770 2363 “.
2815 2309 2966 2364 Tunc
3009 2321 3189 2365 autem
3233 2311 3377 2365 exci-

1807 2403 1963 2465 dens,
1999 2411 2058 2454 ut
2096 2399 2331 2456 fructum
2380 2401 2638 2469 majorem
2688 2399 2826 2453 ferat
2860 2417 2874 2453 :
2911 2415 3014 2453 non
3057 2399 3250 2463 victus,
3287 2400 3379 2454 sed

1808 2493 2092 2547 Immilians
2145 2494 2498 2560 semetipsum,
2536 2501 2584 2545 et
2625 2490 2796 2560 factus
2849 2490 3091 2546 obediens
3125 2506 3286 2560 usque
3313 2491 3378 2543 ad

1808 2593 2050 2649 mortem,
2097 2593 2319 2638 mortem
2354 2592 2530 2638 autem
2563 2584 2734 2638 crucis
2765 2583 2830 2636 ³⁸.

2413 2761 2561 2817 CAP.
2615 2761 2781 2817 XVII.

1815 2853 1876 2909 V.
1918 2854 2001 2908 12.
2033 2858 2099 2908 Et
2148 2855 2442 2908 introeunte
2481 2853 2574 2906 illo
2624 2855 2678 2906 in
2731 2854 3007 2916 quemdam
3052 2854 3240 2914 uicum.
3291 2868 3378 2908 oc-

1879 2935 2154 3006 currerunt
2202 2926 2250 2978 ei
2316 2925 2496 2978 decem
2549 2923 2745 2991 leprosi
2819 2924 2939 2990 uiri,
2986 2925 3075 2993 qui
3127 2933 3381 2978 steterunt

1879 3010 2102 3048 emmus.

1815 3082 1875 3138 V.
1930 3084 2018 3138 15.
2064 3081 2132 3136 Ει
2179 3083 2280 3153 ipsi
2329 3082 2626 3136 extulerunt
2667 3098 2864 3146 uocem,
2917 3083 3144 3137 dicentes
3195 3099 3213 3136 .'
3255 3081 3383 3138 Jesu

2230 3154 2492 3222 magister,
2532 3155 2772 3207 miserere
2796 3154 2962 3208 nobis.

198 3247 312 3300 Καί
339 3263 404 3315 γε
428 3249 555 3308 τοὺς
584 3249 712 3318 περὶ
747 3248 952 3320 λέπρας
983 3250 1180 3319 νόμους
1212 3249 1600 3320 ὑπολαμϐάνῃς
1638 3249 1701 3319 δή

1886 3243 2131 3300 Profecto
2155 3244 2301 3315 leges
2329 3260 2450 3314 quae
2472 3251 2600 3298 sunt
2626 3245 2691 3298 de
2716 3244 2866 3313 lepra
2893 3244 3195 3315 intelligere
3220 3259 3383 3315 queas

123 3356 248 3392 τινα
280 3340 382 3408 τῆς
434 3337 613 3408 ψυχῆς
659 3339 966 3411 διαγραφὴν
1010 3339 1282 3410 διάφορον.
1328 3342 1424 3404 Τίς
1475 3340 1583 3411 γὰρ
1611 3342 1710 3394 οὑκ

123 3432 195 3484 ἂν
223 3431 506 3502 ἀπορήσαι
531 3430 705 3502 όρῶν,
740 3432 822 3485 ὅτι
853 3431 928 3503 πὴ
964 3433 1062 3504 μὲν
1103 3436 1136 3506 ή
1181 3433 1359 3504 λέπρα
1406 3433 1712 3505 ἀκάθαρτον

123 3526 274 3577 ποιεῖ
303 3524 394 3576 τὸν
424 3523 712 3594 ἄνθρωπον
741 3525 1076 3598 ἐγγενομένη
1105 3527 1274 3600 χρωτὶ
1301 3525 1493 3591 ζῶντι,
1536 3525 1612 3597 πὴ
1656 3525 1713 3578 δὲ

125 3616 316 3667 πᾶσαν
335 3613 674 3685 ἀκαθαρσίαν
695 3614 805 3686 (10)
830 3615 1054 3670 ἀπολύει
1078 3616 1197 3671 ὅλον
1217 3617 1415 3689 λεπρὸν
1433 3617 1710 3686 γεγονότα.

127 3706 266 3758 Τότε
300 3704 412 3776 γάρ
438 3706 746 3777 ἀκάθαρτος
780 3703 917 3762 εῖναι
941 3708 1250 3777 λογίζεται,
1278 3710 1364 3763 ὅτε
1395 3708 1540 3782 χρὼς
1585 3707 1713 3774 ζῶν,

98 3797 274 3874 ¹μετά
313 3795 376 3848 τὸ
425 3796 713 3868 ὁλόλεπρον
762 3797 1048 3867 γεγονότα,
1093 3800 1364 3869 μιαίνεται
1392 3799 1485 3852 τοῦ
1517 3799 1717 3864 ζῶντος

128 3885 347 3958 χρωτὸς
384 3887 484 3956 τὴν
513 3886 571 3952 ἐξ
617 3886 754 3941 ὅλων
794 3886 1000 3958 λέπραν
1039 3929 1051 3940 .
1094 3927 1108 3942 .
1143 3927 1154 3940 .
1189 3928 1202 3941 .
1239 3930 1249 3942 .
1292 3927 1306 3942 .
1340 3929 1351 3940 .
1393 3883 1532 3943 εἶναι
1559 3887 1716 3956 λεγο-

132 3979 330 4049 μένην.
405 3978 676 4049 Ἦγοῧμαι
735 3979 845 4050 γὰρ
900 3981 1001 4052 τὴν
1052 3981 1258 4052 λέπραν
1323 3982 1442 4034 ἀντὶ
1507 3979 1718 4048 ἀλόγων

130 4067 511 4138 λαμϐάνεσθαι
548 4069 649 4138 τῆς
689 4068 868 4138 ψυχῆς
912 4068 1285 4140 παθημάτων,
1323 4069 1412 4122 τὸν
1447 4069 1502 4122 δὲ
1541 4067 1718 4133 ζῶντα

130 4158 322 4229 χρῶτα
370 4159 493 4210 ἀντὶ
540 4159 642 4228 τῆς
682 4158 904 4230 λογικῆς
945 4160 1349 4224 καταστάσεως.
1421 4163 1580 4213 Δοκεῖ
1627 4158 1720 4214 οὖν

132 4268 226 4321 μοι
263 4252 566 4321 μυστήριον
620 4252 876 4320 παρέχειν
919 4253 948 4304 ὁ
993 4252 1164 4320 λόγος.
1213 4253 1301 4305 Ἐν
1347 4251 1454 4322 γάρ
1503 4255 1569 4323 τῇ
1614 4253 1720 4308 τῶν

132 4341 356 4412 βρεςρῶν
386 4340 574 4411 ἡλικία
624 4341 952 4411 ἀνέγκλητός
995 4329 1139 4394 ἔστιν
1177 4343 1209 4412 ἡ
1253 4340 1424 4412 ψυχὴ,
1465 4341 1563 4410 τῆς
1597 4343 1719 4395 ἀλο-

133 4435 261 4502 γίας
290 4432 608 4486 ἀπολύουσα
641 4432 810 4504 αὑτὴν
843 4433 1042 4496 παντὸς
1065 4433 1254 4502 ψόγου.
1322 4432 1446 4487 Ἐὰν
1486 4433 1542 4486 δὲ
1581 4434 1719 4504 ὀφθῇ

135 4523 285 4595 χρὼς
317 4522 429 4587 ζῶν
458 4524 516 4575 ὲν
555 4523 689 4593 αὐτῇ
717 4563 730 4586 ,
774 4523 802 4576 ὅ
840 4525 1020 4586 ἐστιν,
1053 4524 1145 4576 ἐὰν
1174 4524 1407 4595 ἄρχηται
1433 4522 1527 4576 τοῦ
1564 4523 1720 4591 λόγου

1815 3350 1912 3405 pro
1951 3336 2168 3391 diversa
2223 3338 2456 3406 quadam
2519 3329 2714 3388 anini'te
2767 3335 3001 3404 pictura.
3057 3335 3189 3402 Quis
3238 3337 3383 3390 enini

1816 3442 1924 3482 non
1975 3427 2182 3482 haereat
2225 3428 2440 3494 videns,
2485 3442 2627 3482 nunc
2665 3426 2882 3496 quidem
2924 3427 3126 3497 Iepram
3174 3427 3384 3483 eﬂicere

1815 3521 2088 3576 hominem
2123 3521 2480 3585 immundum,
2522 3521 2568 3574 si
2599 3521 2734 3574 vivae
2761 3520 2886 3576 insit
2913 3520 3058 3586 cuti;
3089 3535 3228 3574 nunc
3260 3535 3388 3574 vero

1817 3614 1885 3668 ab
1918 3613 2062 3666 omni
2098 3627 2220 3665 eum
2251 3613 2562 3682 impuritate
2604 3614 2866 3674 eximere,
2903 3611 2992 3680 qui
3035 3620 3177 3666 totus
3207 3611 3390 3680 lepro-

1818 3721 1912 3761 sus
1951 3704 2149 3760 fuerit?
2183 3703 2332 3758 Tunc
2364 3705 2506 3758 enim
2551 3705 2863 3759 immundus
2914 3718 3037 3759 esse
3087 3713 3389 3773 reputatur,

1818 3795 2034 3867 quando
2062 3795 2202 3850 cutis
2233 3795 2376 3862 viva,
2421 3806 2708 3864 postquam
2745 3805 2890 3852 totus
2919 3795 3164 3866 leprosus
3196 3797 3388 3860 evasit,

1819 3889 2238 3954 contaminetur,
2269 3898 2390 3942 cute
2417 3887 2536 3942 viva
2570 3887 2929 3944 contrahente
2952 3905 3018 3943 ex
3047 3897 3163 3944 toto
3187 3889 3389 3958 lepram

1819 3995 2074 4050 quae......
2106 3993 2228 4033 esse
2259 3977 2459 4033 dicitur
2483 3975 2614 4049 (II).
2636 3979 2895 4036 Existimo
2913 3979 3055 4033 enim
3084 3979 3392 4048 lepramac-

1821 4071 1923 4138 cipi
1954 4085 2052 4139 pro
2086 4068 2555 4124 irrationabilibus
2590 4071 2785 4124 animae
2817 4069 3186 4139 passionibus.
3215 4080 3269 4125 et
3293 4086 3393 4126 cu-

1825 4172 1930 4214 tem
1967 4160 2140 4215 vivam
2183 4176 2278 4228 pro
2307 4161 2558 4215 rationali
2583 4161 2700 4232 ejus
2727 4163 3132 4216 constitutione.
3171 4160 3392 4216 Videtur

1823 4254 2003 4324 itaque
2047 4253 2179 4308 mihi
2229 4268 2410 4308 sermo
2447 4254 2759 4324 mySIeriutn
2811 4253 3086 4308 exhibere.
3126 4253 3180 4306 In
3219 4252 3392 4307 infan-

1827 4347 1903 4401 tili
1931 4345 2129 4400 etenim
2157 4354 2314 4399 aetate
2347 4344 2620 4414 inculpata
2645 4354 2728 4399 est
2757 4343 2960 4412 anima,
2997 4345 3242 4400 eximens
3273 4360 3393 4400 sese

1825 4440 1894 4493 ab
1937 4437 2082 4493 omni
2134 4435 2532 4504 vituperatione
2575 4435 3030 4491 irrationalitatis.
3076 4437 3146 4491 At
3186 4436 3232 4492 si
3279 4439 3393 4493 visa

1828 4529 1988 4582 fuerit
2031 4526 2173 4581 cutis
2207 4528 2325 4579 viva
2377 4526 2429 4579 in
2464 4541 2552 4587 ea,
2594 4526 2696 4580 hoc
2737 4535 2840 4591 est,
2891 4527 2935 4582 si
2987 4526 3210 4597 incipiat
3255 4530 3395 4584 ratio

137 4615 482 4686 ὑποφὺωσις,
516 4615 638 4667 τότε
669 4616 809 4686 ἀρχὴ
848 4616 944 4685 τῆς
971 4615 1241 4686 ἁμαρτίας
1270 4615 1558 4684 ὑφίσταται
1583 4657 1596 4677 ,
1624 4617 1706 4669 ἓω.

1833 4620 2034 4674 exoriri
2056 4661 2070 4684 ,
2109 4629 2236 4674 tunc
2260 4619 2467 4674 sulistat
2501 4618 2823 4688 principium
2853 4621 3078 4688 peccati.
3121 4636 3395 4692 quousque

137 4706 581 4777 ὲπικρατήσηται
615 4705 708 4758 τοῦ
753 4705 960 4777 χρωτὸς
1023 4705 1114 4757 τοῦ
1175 4705 1407 4770 ζῶντος,
1455 4706 1719 4770 τουτέστι,

139 4796 232 4850 τοῦ
258 4797 425 4864 λόγου
465 4796 788 4861 αὑξὰνοντος
827 4798 922 4851 καὶ
943 4798 1352 4868 τελειουμένου,
1398 4798 1517 4862 ὅλος
1557 4799 1720 4869 γένη-

140 4906 226 4942 ται
252 4892 282 4943 ὁ
314 4887 466 4959 χρὼς
492 4888 621 4953 ζῶν,
653 4889 746 4942 καὶ
776 4889 959 4942 τέλεον
994 4892 1026 4960 ὴ
1059 4890 1234 4963 λέπρα
1266 4891 1616 4962 ὲξαφανισθῇ.

787 4981 943 5034 ΚΕΦ.
984 4982 1088 5033 IH'.

142 5071 290 5142 Στίχ.
324 5077 397 5146 κ’.
435 5072 546 5137 Τὰς
577 5072 829 5146 ἐντολὶςς
863 5069 1030 5138 οἶδας
1045 5091 1067 5146 ’ν
1109 5074 1205 5146 Μὴ
1235 5077 1570 5144 μοιχεύσῃς
1591 5118 1604 5140 ,
1634 5077 1720 5146 μὴ

214 5141 547 5216 φονεύσῃς,
575 5142 661 5216 μὴ
687 5141 942 5216 κλέψῃς,
976 5145 1075 5196 καὶ
1110 5141 1200 5212 μὴ
1237 5141 1727 5216 ψεύδομαρτιῴήέ

212 5229 366 5278 σεις.
413 5214 553 5282 Τίμα
574 5212 680 5266 τὸν
707 5213 931 5282 πατέρα
950 5230 1064 5267 σου
1094 5216 1190 5268 καὶ
1213 5212 1324 5282 τὴν
1338 5212 1563 5284 μητέρα
1588 5212 1723 5271 σοι).

227 5302 606 5374 Ἐξελέγχεται
671 5305 728 5357 δὲ
763 5306 818 5358 ἐν
883 5305 961 5376 τῷ
1022 5305 1163 5377 λόγῳ
1209 5309 1641 5379 Μαρκιωνιστῶν
1669 5327 1726 5361 τε

147 5397 420 5467 παράνοια
477 5399 566 5450 καὶ
628 5399 944 5470 Μανιχαίων
968 5439 982 5464 ,
1018 5401 1066 5454 οἳ
1099 5401 1188 5454 τὸν
1240 5402 1401 5471 νόμον
1452 5401 1726 5472 ἀλλότριον

148 5485 283 5541 εἷναί
333 5507 468 5558 φασι
508 5491 765 5561 Χριστοῦ.
808 5493 945 5562 Φησὶ
998 5493 1104 5564 γὰρ
1152 5496 1179 5546 ό
1212 5495 1454 5564 Μάρκος,
1496 5494 1578 5546 ὅτι
1631 5493 1730 5562 ἐμ-

1832 4711 2072 4765 obtineat
2118 4709 2382 4763 viventem
2427 4719 2601 4763 cutem
2641 4725 2655 4762 :
2688 4709 2740 4762 id
2771 4719 2874 4770 est,
2919 4721 3246 4779 augescente
3277 4726 3395 4765 ora-

1835 4802 1979 4855 tione
2016 4811 2177 4870 atque
2219 4798 2478 4868 perfecta,
2517 4808 2625 4853 tota
2654 4799 2746 4853 ﬁat
2781 4801 2922 4856 cutis
2974 4801 3119 4863 viva.
3155 4811 3209 4856 et
3248 4803 3395 4872 peni-

1833 4902 1919 4946 tus
1953 4892 2099 4962 lepra
2131 4900 2439 4946 evanescat.

2431 4981 2578 5037 CAP.
2621 4981 2802 5036 XVIII.

1834 5075 1896 5136 V.
1928 5076 2022 5131 9.0.
2067 5075 2336 5142 Prwcepta
2371 5075 2509 5128 nosti
2535 5089 2554 5128 :
2583 5073 2702 5126 Non
2745 5074 3106 5142 fornicaberis,
3139 5093 3242 5130 non
3267 5081 3397 5135 occi-

1903 5149 2018 5210 des,
2071 5164 2173 5199 non
2222 5146 2500 5214 furaberis,
2548 5153 2595 5198 et
2639 5159 2740 5196 non
2777 5147 2914 5198 dices
2951 5146 3142 5212 falsum
3177 5150 3396 5205 testimo-

1907 5220 2069 5271 nium.
2104 5215 2318 5269 Honora
2346 5225 2544 5283 patrem
2576 5225 2721 5266 tuum
2744 5223 2791 5266 et
2821 5223 3038 5268 matrem
3068 5229 3238 5272 tuam.

1905 5307 2226 5364 Confutatnr
2267 5309 2368 5364 hac
2417 5307 2663 5363 oratione
2721 5309 3191 5363 Marcionistaruni
3230 5309 3398 5364 Matii-

1837 5401 2216 5468 clitrorumque
2247 5400 2485 5464 vesania,
2540 5399 2628 5468 qui
2662 5399 2831 5468 legem
2873 5399 3100 5455 alienam
3138 5400 3400 5453 aChristc

1836 5507 1956 5547 οεδε
1980 5501 2278 5546 autumant.
2307 5492 2394 5545 Ait
2431 5493 2574 5547 enirn
2608 5491 2841 5558 Marcus,
2873 5494 3012 5562 quod
3042 5492 3319 5560 respiciens
3349 5491 3400 5542 is

216 5623 262 5654 ³¹
298 5620 440 5677 Psal.
469 5639 654 5685 Lxxxt,
684 5624 732 5677 I.
809 5623 854 5654 ³³
883 5624 1046 5678 Eccli.
1085 5639 1236 5688 xxxi,
1260 5624 1348 5678 55.
1427 5625 1471 5657 ³⁵
1502 5624 1628 5678 Luc.
1661 5641 1706 5680 χε

1828 5622 1905 5676 52.
1983 5622 2026 5654 ³⁸
2057 5621 2283 5692 Philipp.
2312 5637 2372 5689 ιι,
2401 5620 2454 5674 8.

218 5779 296 5844 (9)
321 5779 488 5851 Forte
527 5781 680 5851 ἔστη.

220 5851 334 5914 (10)
348 5849 527 5908 Forte
556 5849 737 5913 πάσης
761 5853 1120 5916 ἀκαθαρσίας.

1903 5782 2020 5908 l(III)
2047 5782 2221 5842 Locus
2260 5782 2584 5854 impeditus,
2612 5783 2678 5841 ad
2703 5799 2859 5854 quem
2888 5785 3070 5842 c0ul'er
3100 5785 3173 5840 sis
3229 5783 3400 5844 Levii.

1844 5871 1963 5910 XIII.
