3888 6214
225 309 335 366 369

1512 307 1803 365 SCHOLIA
1838 309 1905 363 IN
1942 308 2132 366 IOAN.

3361 311 3469 365 370

220 428 375 499 Στίχ.
407 434 529 499 κγίΖ
551 428 943 493 Κατανοήσας
968 426 1035 480 δὲ
1054 426 1252 481 αὐτῶν
1278 428 1390 496 τὴν
1410 430 1781 499 πανουργίαν

1909 428 2089 485 v.25.
2142 428 2271 484 Cum
2322 428 2671 499 intellexisset
2719 436 2894 481 autem
2938 442 3118 481 eorum
3162 428 3458 499 vafritiem,

471 494 601 551 εἷπε
626 498 774 566 πρὸς
801 498 1050 563 αὐτούς·
1084 499 1145 552 Τί
1169 514 1246 566 με
1267 494 1590 567 πειράζετε

224 589 371 658 Στίχ.
402 589 499 641 κδ’.
549 587 1048 658 Ἐπιδείξατέῂμοι
1108 587 1410 658 δηνάριον.
1463 588 1631 653 Τίνος
1672 588 1800 656 ἔχει

296 656 498 712 εἰκόνα
529 661 625 712 καὶ
650 656 1478 729 ἐπιψαφήνςᾋποκριθέντες
1506 658 1574 711 δὲ
1590 659 1763 711 εἷπον
1780 676 1794 689 ο

294 730 619 797 Καίσαρος.

222 819 372 889 Στίχ.
402 827 501 872 κε’.
549 819 913 888 Ἀποκριθεὶς
947 820 1015 872 δὲ
1043 818 1211 873 εἶπεν
1251 818 1486 885 αὐτοῖς·
1530 818 1799 874 Ἀπόδοτε

270 888 350 943 τὰ
369 891 668 959 Καίσαρος
684 891 959 959 Καίσαρι,
984 890 1083 944 καὶ
1110 891 1183 944 τὰ
1201 889 1307 943 τοῦ
1338 890 1484 943 Θεοῦ
1516 888 1597 955 τῷ
1622 891 1762 955 Θεῷ.

223 982 372 1049 Στίχ.
401 988 513 1046 κς’.
555 982 665 1036 Καὶ
707 983 818 1035 οὐκ
871 982 1141 1051 ἴσχυσαν
1184 979 1570 1035 ἐπιλαϐέσθαι
1611 982 1797 1037 αὐτοῦ

284 1051 525 1120 ῥήματα
551 1052 830 1105 ἐναντίον
864 1052 971 1105 τοῦ
1004 1052 1157 1105 λαοῦ
1177 1092 1191 1114 ,
1234 1052 1329 1104 καὶ
1380 1051 1796 1121 θαυμάσαντες

292 1122 391 1175 ἐπὶ
412 1121 487 1190 τῇ
516 1123 832 1190 ἀποκρίσει
854 1121 1061 1186 αὑτοῦ,
1093 1123 1410 1191 ἐσίγησαν.

302 1213 661 1285 ’Υψηλότερον
683 1213 772 1265 δέ’
817 1214 874 1267 '0
902 1212 1219 1285 ἄνθρωπος,
1254 1214 1328 1278 ὡς
1375 1216 1432 1267 ἐν
1473 1217 1541 1286 τῇ
1582 1214 1793 1268 Γενέσει

220 1304 566 1374 γέγραπται,
598 1306 717 1358 κατ’
764 1305 949 1357 εἰκόνα
995 1305 1129 1358 Θεοῦ
1164 1305 1408 1374 γέγονεν.
1444 1306 1708 1377 ’Υστερον
1738 1306 1795 1360 δὲ

224 1394 315 1446 διὰ
347 1395 448 1466 τὴν
482 1394 643 1447 αὐτοῦ
675 1395 956 1466 παρακοὴν
990 1392 1215 1446 ἀνέλαϐε
1248 1395 1339 1447 κα)⁸
1374 1393 1555 1446 εἰκόνα
1585 1394 1791 1464 χοῖκήν.

225 1486 435 1556 ’Ὠσπερ
463 1485 518 1538 δὲ
547 1486 607 1538 τὸ
647 1486 885 1556 νόμισμα
918 1486 1100 1538 εἰκόνα
1134 1485 1247 1555 ἕχει
1279 1484 1373 1537 τοῦ
1428 1484 1795 1554 βασιλεύοντος

219 1575 330 1627 τῶν
362 1575 550 1641 ἐθνῶν,
584 1574 755 1639 οὕτως
786 1578 813 1628 6
839 1577 1005 1630 ποιῶν
1034 1576 1103 1630 τά
1136 1576 1283 1647 ἔργα·
1305 1575 1409 1629 1:06-
1426 1577 1794 1647 Παντοκράτο-

221 1683 314 1736 ρος
351 1666 447 1737 τὴν
475 1668 659 1720 εἰκόνα
692 1667 858 1720 αὑτοῦ
898 1670 1083 1739 φορεῖ,
1130 1668 1197 1738 ἣν
1241 1671 1494 1740 παραινεῖ
1533 1672 1561 1721 6
1604 1669 1793 1740 Σωτὴρ

2191 500 2323 551 dixit
2365 499 2429 551 ad
2473 515 2557 552 eos
2590 514 2607 550 :
2639 497 2775 563 Quid
2812 514 2892 551 me
2932 498 3185 551 tentatis?

1902 590 1967 645 V.
2003 589 2093 643 24.
2129 587 2403 644 Ostendile
2441 590 2567 641 mihi
2600 590 2895 642 denarium.
2935 588 3102 658 Qujus
3134 589 3283 642 habet
3320 592 3460 642 ima-

1969 660 2141 729 ginem
2175 670 2221 712 et
2250 660 2604 727 epigraplten?
2652 658 3033 727 Respondentes
3082 670 3277 724 autem,
3310 660 3460 713 dixe-

1972 739 2092 782 runt
2117 744 2136 783 :
2166 728 2409 783 Cwsaris.

1899 824 1963 879 ν.
2008 823 2098 879 25.
2143 820 2484 890 ΙῖιειιροηιίεηεΔ
2513 822 2686 873 autem
2728 820 2861 873 dixit
2904 819 3012 873 illis
3048 816 3315 890 :_Reddite
3340 834 3456 889 qua:

2046 903 2163 946 sunt
2191 888 2416 946 (lassari:
2445 888 2665 956 erari,
2693 898 2743 943 et
2772 906 2885 960 qua:
2912 900 3030 942 sunt
3058 888 3151 941 Dei
3191 889 3314 941 Deo.

1899 985 1963 1042 V.
2011 984 2100 1039 26.
2153 982 2214 1036 Et
2256 999 2358 1036 non
2400 991 2671 1051 potuerunt
2731 983 2961 1048 arripere
3002 982 3317 1051 eiusrverba
3368 997 3457 1033 co-

1969 1072 2080 1107 ram
2103 1056 2312 1124 populo,
2339 1064 2382 1107 et
2423 1052 2669 1106 admirati
2711 1053 2774 1105 de
2818 1067 3061 1120 responso
3108 1050 3274 1116 illius,
3299 1050 3458 1104 silue—

1967 1135 2106 1177 runt.

1966 1212 2155 1267 Altiori
2190 1226 2319 1265 vero
2368 1225 2526 1265 seusu
2564 1229 2577 1264 :
2616 1210 2783 1263 llomo
2834 1210 2972 1265 sicut
3004 1210 3055 1264 in
3086 1210 3281 1265 Genesi
3319 1210 3455 1264 seri-

1895 1313 2044 1374 ptum
2105 1312 2206 1368 est,
2263 1302 2553 1357 secundum
2617 1302 2903 1369 imaginem
2955 1301 3047 1356 Dei
3102 1302 3277 1355 factus
3331 1301 3495 1373 fuit.

1897 1395 2087 1449 Postea
2133 1393 2205 1447 ob
2262 1406 2412 1445 suam
2481 1391 2959 1459 transgressionem
3014 1390 3225 1458 accepit
3286 1390 3451 1444 etiam

1895 1485 2180 1555 imaginem
2219 1493 2509 1537 terrenam.
2542 1482 2694 1536 Sicut
2729 1496 2855 1535 vero
2879 1496 3130 1533 nummus
3165 1482 3450 1549 imaginem

1896 1579 2058 1633 habet
2086 1576 2423 1646 imperatoris
2458 1575 2720 1645 gentium,
2756 1574 2827 1627 ita
2858 1575 2945 1641 qui
2976 1572 3100 1627 facit
3132 1586 3292 1642 opera
3324 1570 3452 1625 Om-

1895 1670 2209 1739 nipoteutis.
2250 1668 2535 1737 imaginem
2576 1666 2692 1734 ejus
2740 1673 2957 1734 portat:
2990 1680 3147 1733 quam
3193 1675 3451 1718 terrenam

214 1759 523 1815 ἀποδιδόναι
564 1761 654 1813 καὶ
696 1760 1081 1826 ἀποτίθεσθαι,
1118 1762 1213 1815 καὶ
1257 1766 1440 1834 φορεῖν
1469 1763 1567 1834 τὴν
1603 1763 1661 1829 ἐξ
1691 1766 1786 1833 ἀρ-

1896 1760 2137 1813 hortatur
2198 1758 2442 1812 Salvator
2500 1767 2558 1811 ut
2626 1757 2912 1809 reddamus
2970 1764 3024 1809 et
3093 1755 3451 1823 deponamus,

218 1850 319 1920 χῆς
365 1852 658 1922 γενομένην
698 1852 902 1905 εἰκόνα.
961 1853 1290 1917 Ἀκολούθως
1358 1853 1566 1917 τούτοις
1630 1856 1721 1908 καὶ
1757 1856 1784 1906 6

216 1938 428 2003 Παῦλός
467 1958 629 2012 φησιν
654 1958 668 1972 ·
708 1943 799 2007 Ὠς
846 1942 1217 2012 ἐρορέσαμεν
1258 1944 1372 2011 τὴν
1421 1946 1624 1998 εἰκόνα
1680 1944 1786 1997 τοῦ

1890 1851 2231 1917 feramusque
2269 1864 2410 1913 eam,
2454 1863 2573 1917 quae
2610 1864 2639 1901 a
2674 1847 2936 1916 principio
2973 1847 3091 1911 fuit,
3136 1847 3448 1916 imaginem.

1888 1941 2292 2009 Cousequeuter
2343 1939 2408 1993 ad
2463 1940 2578 1993 hac
2642 1940 2803 1993 etiam
2844 1938 3044 1993 Paulus
3086 1939 3261 1993 dicit:
3301 1938 3452 1993 Sicut

217 2029 427 2097 χοϊκοῦ
451 2070 466 2094 ,
528 2030 679 2084 οὕτω
730 2032 1074 2102 φορέσωμεν
1126 2034 1224 2087 καὶ
1271 2034 1383 2103 τὴν
1426 2036 1631 2088 εἰκόνα
1680 2035 1785 2089 τοῦ

1896 2034 2205 2100 portavimus
2242 2031 2520 2099 imaginem
2568 2030 2850 2094 terrestris,
2899 2032 2973 2083 ita
3001 2042 3264 2099 portemus
3292 2031 3451 2083 etiam

213 2103 596 2192 ἐπῦιψανίου.
628 2124 797 2177 Τοῦτο
823 2121 915 2178 οὖν
937 2125 1084 2197 δηλοῖ
1107 2127 1167 2180 τό
1186 2146 1197 2159 ·
1246 2127 1525 2182 Ἀπόδοτε
1545 2131 1615 2182 τὰ
1650 2131 1786 2181 Καί-ι

212 2232 403 2284 σαρος
434 2217 704 2284 Καίσαρι,
739 2217 837 2271 καὶ
867 2218 939 2272 τὰ
969 2218 1075 2272 τοῦ
1096 2220 1245 2274 Θεοῦ
1285 2219 1362 2284 τῷ
1383 2220 1523 2286 Θεῷ.

1889 2125 2165 2193 imaginem
2209 2122 2430 2176 caelestis
2484 2123 2549 2176 ³⁷.
2597 2122 2709 2176 Hoc
2754 2122 2914 2189 igitur
2963 2122 3063 2175 sibi
3116 2122 3230 2174 vult
3274 2122 3448 2175 illud:

1897 2215 2112 2269 Reddite
2135 2230 2252 2283 qua:
2296 2224 2414 2267 sunt
2445 2213 2669 2270 Cazaari:
2703 2214 2925 2277 Caesari,
2966 2223 3013 2266 et
3052 2228 3168 2282 qua:
3209 2224 3326 2265 sunt
3356 2210 3456 2269 Dei

1888 2306 2017 2360 Deo.

226 2451 3439 2493 ΒΜ

1459 2651 1621 2739 ΕΧ
1692 2647 2223 2739 ORIGENE

1197 2842 1263 2898 IN
1301 2842 1688 2901 EPISTOLAM
1726 2843 1744 2896 Ι
1781 2842 2061 2899 JOANNIS
2096 2844 2456 2903 APOSTOLI.

846 3007 1112 3077 (Οιυιιιειι,
1149 3005 1351 3062 Catena
1382 3007 1435 3063 in
1464 3006 1633 3079 Epist.
1664 3007 1861 3062 catltol.
1881 3046 1895 3073 ,
1928 3006 2123 3076 Oxon.,
2158 3008 2314 3076 1840,
2344 3011 2513 3077 ἰη-8ο,
2547 3026 2667 3084 pag.
2694 3012 2838 3085 115.)

284 3319 552 3385 Ἔγραψα
582 3314 739 3384 ὑμῖν,
776 3332 827 3367 κ.
866 3331 915 3366 τ.
948 3315 996 3365 λ.

204 3438 213 3443 -
296 3408 624 3478 Ὡριγένους
652 3407 721 3458 ἐκ
746 3405 849 3459 τοῦ
880 3406 1179 3474 ’ᾼσματος
1210 3403 1328 3461 τῶν
1369 3406 1657 3473 ᾀσμάτων
1687 3409 1783 3461 τό·

205 3518 323 3570 μος
360 3497 442 3554 Α’.
482 3496 774 3568 Ὁμώνυμά
806 3514 927 3549 τινα
962 3498 1073 3558 τοῖς
1121 3496 1474 3567 συμϐαίνουσι
1512 3496 1651 3549 κατὰ
1692 3498 1783 3552 τὸν

211 3593 321 3657 ἔξω
346 3590 629 3661 ἄνθρωπόν
661 3592 796 3653 ἐστι,
823 3590 915 3641 καὶ
944 3588 1093 3658 παρὰ
1111 3588 1201 3641 τὸν
1222 3586 1349 3653 ἔσω,
1376 3589 1470 3641 καὶ
1494 3589 1784 3655 ἀναλογίαν

215 3684 562 3755 προσάλληλα
584 3682 770 3753 ἔχοντα
792 3700 803 3711 ·
835 3679 943 3734 οἷον
966 3680 1104 3733 κατὰ
1126 3682 1224 3743 τὰς
1250 3679 1480 3750 ἡλικίας,
1512 3681 1626 3733 ἐστὶ
1660 3698 1785 3732 παι-

214 3775 327 3827 δίον
352 3774 491 3828 κατά
518 3774 611 3827 τὸν
643 3773 746 3839 ἔξω
773 3772 1053 3843 ἄνθρωπον
1071 3814 1084 3839 ,
1116 3773 1252 3843 ὅπερ
1276 3771 1656 3842 ἐπιδεχόμενον
1691 3771 1786 3824 αὖ·

213 3867 368 3937 ξησιν
394 3865 485 3919 ἐπὶ
512 3865 602 3917 τὸν
628 3864 905 3918 νεανίσκον
953 3863 1141 3933 φθάνει
1167 3904 1180 3926 ,
1212 3865 1316 3927 ἕως
1348 3858 1409 3918 οὗ
1443 3863 1785 3934 χρηματίσας

212 3958 385 4028 ἀνὴρ,
422 3956 645 4029 γένηται
678 3957 892 4026 πατήρ·
920 3957 1137 4028 χρῶμαι
1170 3958 1226 4010 δὲ
1273 3956 1481 4019 τούτοις
1526 3958 1638 4018 τοῖς
1670 3955 1785 4009 6V6-

217 4065 350 4121 μασι
396 4047 484 4101 διὰ
534 4047 631 4118 τὴν
671 4048 887 4118 γραφὴν
919 4048 1015 4118 τὴν
1061 4047 1211 4119 παρὰ
1240 4047 1317 4118 τῷ
1355 4046 1570 4117 Ἰωάννῃ
1619 4048 1675 4097 ὲν
1717 4047 1782 4116 τῇ

211 4140 489 4211 Καθολικῇ
525 4138 804 4209 Ἐπιστολῇ
831 4156 843 4169 ·
876 4139 942 4191 τὰ
971 4142 1094 4209 τρία
1126 4138 1293 4203 τάξας
1316 4138 1554 4209 ὀνόματα
1580 4136 1779 4191 ταῦτα·

213 4232 518 4302 ὁμωνύμως
563 4229 619 4283 δὲ
658 4230 749 4282 καὶ
801 4230 1076 4297 ἀναλόγως
1119 4233 1229 4294 τοῖς
1262 4228 1404 4283 κατά
1444 4228 1532 4281 τὸν
1557 4227 1659 4293 ἔξω
1694 4228 1786 4281 ἀν-

212 4321 431 4392 θρωπον
470 4320 679 4383 τούτοις
721 4319 900 4389 τρισί’
930 4321 1020 4373 καὶ
1052 4319 1259 4390 εἴποιμι
1292 4318 1357 4373 ἂν
1381 4360 1395 4384 ,
1431 4321 1511 4372 ὅτι
1558 4320 1674 4371 ἐστί
1701 4337 1783 4382 τις

213 4413 427 4466 παιδίον
452 4413 595 4467 κατὰ
622 4411 712 4465 τὸν
758 4411 867 4465 ἔσω
900 4412 1183 4484 ἄνθρωπον
1209 4414 1421 4483 ὅμοιον,
1449 4413 1629 4475 ὁποῖός
1666 4413 1783 4465 ποτ’

212 4505 278 4559 ἂν
304 4504 410 4575 εἴη,
428 4504 612 4576 ὅμοιος
632 4505 722 4559 τοῦ
752 4505 989 4559 τοιούτου
1012 4507 1040 4558 ό
1067 4504 1171 4568 ἔξω
1189 4522 1201 4533 ’
1228 4504 1368 4557 οὕτω
1389 4506 1481 4557 καὶ
1511 4505 1785 4565 νεανίσκος

211 4594 354 4648 κατὰ
384 4594 475 4647 τὸν
500 4595 739 4665 κρυπτὸν
761 4595 857 4665 τῆς
882 4594 1106 4665 καρδίας
1138 4592 1437 4664 ἄνθρωπον.
1469 4592 1784 4645 ’Λκόλουθον

1807 3320 1852 3383 C
1881 3317 1923 3370 δ’
1953 3312 2105 3388 οἶμαι
2134 3318 2225 3371 καὶ
2254 3318 2330 3389 τῷ
2357 3321 2568 3390 τυχόντι
2598 3322 2872 3391 τυγχάνει,
2901 3323 2982 3377 ὅτι
3010 3328 3123 3388 τοῖς
3151 3325 3248 3397 τὴν
3275 3327 3437 3399 ψυχὴ*

1884 3409 2116 3473 παιδίοις
2169 3410 2264 3462 καὶ
2309 3412 2607 3475 νεανίσκοις
2660 3415 2756 3466 καὶ
2802 3416 3039 3486 πατράσι
3084 3417 3253 3473 τλῦτα
3300 3419 3450 3487 λέγει

1882 3500 2131 3571 γράφειν.
2164 3501 2273 3554 Καὶ
2306 3501 2512 3567 Παῦλος
2537 3502 2594 3555 δέ
2629 3521 2730 3556 που
2765 3508 2947 3577 φησιν,
2975 3527 2991 3559 ι
3030 3508 3145 3563 Ούκ
3179 3510 3451 3583 ἠδυνήθην

1884 3592 2011 3659 ὑμῖν
2038 3591 2264 3663 λαλῆσαι
2303 3593 2377 3656 ὡς
2412 3600 2829 3663 πνευματικοῖς,
2872 3598 2985 3650 ἀλλ’
3020 3599 3094 3661 ὡς
3135 3606 3413 3671 σαρκικοῖς
3434 3620 3446 3631 ο

1882 3682 1957 3745 ώς
1976 3684 2199 3753 νηπίους
2216 3685 2272 3736 ἐν
2288 3685 2503 3757 Χριστῷ
2523 3687 2661 3754 γάλα
2687 3689 2828 3758 ὑμᾶς
2849 3690 3092 3753 ἐπότισα,
3106 3692 3164 3743 οὐ
3185 3691 3398 3763 βρῶμα.
3427 3713 3445 3745 ι

1894 3772 1951 3824 '0
1978 3772 2035 3824 δὲ
2080 3775 2137 3827 ἐν
2179 3774 2395 3847 Χριστῷ
2423 3778 2615 3847 νήπιος
2655 3779 2751 3851 τὴν
2784 3780 2960 3852 ψυχὴν
2998 3782 3201 3836 τοιόσδε
3232 3801 3315 3847 τις
3350 3783 3447 3850 ὣν,

1882 3860 2051 3927 οὕτως
2075 3864 2418 3935 όνσμάζεται,
2464 3867 2643 3932 καθὼς
2676 3872 2767 3923 καὶ¹
2798 3871 3027 3942 ἀλλαχοῦ
3057 3876 3083 3926 ὁ
3114 3875 3275 3937 αὐτὸς
3302 3876 3450 3928 Παῦ-

1882 3953 1970 4016 λός
1991 3972 2181 4025 φησιν,
2218 3975 2237 4008 ι
2266 3958 2389 4010 Ὅτε
2425 3958 2572 4030 ήμην
2612 3962 2801 4032 νήπιος
2824 4003 2839 4028 ,
2872 3963 2947 4027 ὡς
2984 3966 3175 4036 νήπιος
3204 3966 3448 4031 ἐλάλουν,

1880 4044 1955 4108 ὡς
1987 4047 2177 4116 νήπιος
2210 4048 2501 4118 ἐφρόνουν,
2534 4050 2608 4113 ὡς
2656 4054 2844 4123 νήπιος
2895 4054 3239 4127 ἐλογιζόμην.
3279 4076 3297 4109 ι
3336 4053 3450 4111 Εἶτ’

1882 4134 2002 4186 ἐπεὶ
2032 4136 2105 4205 μὴ
2137 4136 2350 4206 ἔμεινεν
2380 4141 2438 4193 ἐν
2470 4141 2546 4211 τῷ
2573 4142 2769 4212 νηπίῳ,
2798 4144 2980 4213 φησιν,
3014 4148 3175 4201 «Ὅτε
3192 4147 3248 4199 δὲ
3270 4148 3451 4216 ἐγενό-

1886 4244 1991 4297 μην
2018 4227 2173 4299 ἀνὴρ,
2198 4232 2520 4302 κατήργηκα
2550 4233 2617 4286 τὰ
2641 4233 2732 4285 τοῦ
2758 4235 2969 4304 νηπίου.
3004 4255 3021 4287 ι
3056 4236 3241 4301 Οὕτως
3268 4240 3452 4293 ἀκούω

1882 4318 1975 4369 καὶ
2000 4318 2115 4382 τοῦ,
2157 4338 2176 4370 ι
2205 4322 2379 4391 Μέχρι
2410 4325 2832 4394 καταντήσωμεν
2857 4328 2905 4379 οἰ
2950 4327 3148 4391 πάντες
3175 4332 3252 4392 εἰς
3282 4330 3450 4400 ἄνδρα

1880 4410 2103 4475 τέλειον,
2130 4413 2208 4475 εἰς
2236 4418 2431 4484 μέτρον
2462 4418 2671 4487 ἡλικίας
2700 4417 2792 4470 τοῦ
2824 4418 3185 4491 πληρώματος
3206 4421 3299 4473 τοῦ
3320 4423 3451 4495 Χρι-

1884 4501 2028 4555 στού.
2063 4522 2080 4553 ι
2110 4499 2228 4556 Οἵδε
2259 4506 2365 4577 γὰρ
2392 4510 2824 4579 καταντήσοντας
2848 4511 3051 4574 πάντας
3082 4512 3203 4575 τοὺς
3235 4514 3450 4565 πιστεύ-

1882 4606 2041 4654 οντας
2068 4594 2147 4656 εἰς
2182 4592 2349 4664 ἄνδρα
2390 4596 2612 4661 τέλειον,
2648 4598 2744 4651 καὶ
2780 4597 2954 4670 μέτρα
2987 4601 3181 4670 νοητῆς
3211 4601 3447 4671 ἡλικίας.

209 4686 265 4739 δὲ
297 4685 509 4747 τούτοις
533 4687 648 4738 ἐστὶ
676 4684 876 4752 λέγειν,
909 4687 990 4738 ὅτι
1012 4703 1094 4748 τις
1122 4684 1213 4736 καί¹
1245 4684 1353 4736 ἔσω
1382 4684 1519 4755 ἀνὴρ
1548 4684 1643 4736 καὶ
1671 4701 1776 4736 πα·
1809 4679 1853 4733 D
1884 4682 2089 4753 Ὥσπερ
2116 4683 2172 4735 δὲ
2212 4686 2359 4756 παρὰ
2391 4687 2481 4739 τὸν
2525 4688 2631 4741 ἔσω
2657 4688 2937 4759 ἄνθρωπον
2962 4692 3055 4743 καὶ
3095 4692 3185 4744 τὸν
3224 4692 3327 4757 ἔξω
3356 4693 3448 4745 ἀν-

210 4780 334 4848 τήρ.
382 4778 543 4845 Λέγει
585 4777 641 4829 δὲ
686 4778 856 4841 οὕτως
900 4777 929 4828 6
980 4776 1261 4845 Ἰωάννης·
1301 4794 1318 4825 ι
1344 4774 1597 4845 Ἔγραψα
1628 4775 1776 4844 ύμῖν,

211 4867 417 4933 παιδία,
449 4869 529 4920 ὅτι
557 4870 828 4937 ἐγνώκατε
861 4868 948 4922 τὸν
972 4866 1190 4937 Πατέρα
1209 4883 1222 4897 ο
1254 4865 1462 4937 ἔγραψα
1491 4866 1639 4935 ὑμῖν,
1673 4883 1780 4918 πα-

205 4958 364 5028 τέρες
388 4997 402 5020 ,
434 4958 514 5010 ὅτι
561 4957 833 5026 ἐγνώκατε
873 4958 964 5011 τὸν
1002 4960 1096 5011 ἀπ’
1138 4957 1342 5027 ἀρχῆς·
1369 4955 1582 5027 ἔγραψα
1627 4955 1776 5026 ὑμῖν,

207 5050 516 5114 νεανίσκοι,
558 5050 640 5101 ὅτι
674 5051 881 5121 ἰσχυροί
928 5052 1083 5113 ἐστε,
1118 5050 1212 5103 καὶ
1253 5051 1281 5102 6
1324 5048 1476 5117 λόγος
1509 5046 1601 5101 τοῦ
1644 5049 1777 5101 Θεοῦ

210 5142 360 5212 μένει
389 5143 448 5193 ἐν
476 5142 623 5211 ὑμῖν,
650 5143 743 5195 καὶ
776 5144 1089 5213 νενικήκατε
1132 5142 1222 5194 τὸν
1256 5140 1505 5212 πονηρόν.
1552 5159 1569 5190 ι
1603 5140 1780 5208 Σαφὲς

278 5295 321 5326 ³⁷
359 5294 376 5347 l
412 5294 539 5347 Cor.
571 5312 658 5358 xv,
698 5295 785 5350 i9.

1886 4772 2100 4844 θρωπον
2126 4775 2297 4829 ταῦτα
2343 4780 2683 4849 συμϐέϐηκεν
2715 4781 2998 4852 ὁμώνυμα,
3043 4783 3135 4835 καὶ
3165 4783 3449 4852 ἀναλογίαν

1885 4861 2073 4931 ἔχοντα
2114 4864 2250 4935 πρὸς
2279 4865 2513 4938 ἄλληλα,
2548 4867 2938 4939 οὖτως”εύροις
2988 4868 3052 4921 ἂν
3091 4868 3186 4923 καὶ
3226 4868 3295 4921 τά
3339 4870 3447 4922 ὀνό-

1890 4970 2033 5023 ματα
2059 4954 2165 5008 τῶν
2200 4956 2372 5027 μελῶν
2402 4956 2495 5010 τοῦ
2524 4957 2772 5027 σώματος
2805 4958 3218 5030 μεταφερόμενα
3238 4960 3330 5013 ἐπὶ
3353 4959 3449 5029 τὴν

1885 5048 2079 5119 ψυχήν-

277 5412 357 5482 (1)
389 5411 515 5468 llam
554 5412 746 5467 Latine
783 5420 986 5467 tantum
1024 5412 1273 5483 leguntur
1299 5411 1352 5466 in
1386 5408 1617 5479 Prologo
1649 5405 1897 5476 Origcnis
1927 5406 1990 5459 ad
2025 5403 2271 5462 Cantica.
2301 5404 2430 5460 Vide
2466 5406 2696 5476 Operum
2730 5407 2846 5476 t'jus
2874 5417 3003 5461 tom.
3036 5403 3149 5462 ΧΠ.

1796 5583 1861 5601 *
