  <div class='ocr_page' id='page_1' title='image "/cluster/home/n/w/nwhite01/storage/ocr_20150623/17/nnc1.0046978615/195.png"; bbox 0 0 3888 6218; ppageno 0'>
   <div class='ocr_carea' id='block_1_1' title="bbox 424 224 3687 318">
    <p class='ocr_par' dir='ltr' id='par_1_1' title="bbox 424 224 3687 318">
     <span class='ocr_line' id='line_1_1' title="bbox 424 224 3687 318; baseline -0.002 -2"><span class='ocrx_word' id='word_1_1' title='bbox 424 264 523 317; x_wconf 75' lang='grc'><strong>571</strong></span> <span class='ocrx_word' id='word_1_2' title='bbox 1546 256 1930 318; x_wconf 82' lang='lat' dir='ltr'><strong>ANONYMUS</strong></span> <span class='ocrx_word' id='word_1_3' title='bbox 1968 261 2032 316; x_wconf 85' lang='lat' dir='ltr'><strong>IN</strong></span> <span class='ocrx_word' id='word_1_4' title='bbox 2073 260 2211 317; x_wconf 87' lang='lat' dir='ltr'><strong>JOB.</strong></span> <span class='ocrx_word' id='word_1_5' title='bbox 2251 288 2320 300; x_wconf 81' lang='grc'><strong><em>-</em></strong></span> <span class='ocrx_word' id='word_1_6' title='bbox 2354 256 2485 316; x_wconf 86' lang='lat' dir='ltr'><strong>LIB.</strong></span> <span class='ocrx_word' id='word_1_7' title='bbox 2529 260 2568 314; x_wconf 80' lang='grc' dir='ltr'><strong>ι.</strong></span> <span class='ocrx_word' id='word_1_8' title='bbox 3196 224 3199 228; x_wconf 58' lang='grc'><em>’</em></span> <span class='ocrx_word' id='word_1_9' title='bbox 3580 255 3687 310; x_wconf 71' lang='lat'><strong>572</strong></span> 
     </span>
    </p>
   </div>
   <div class='ocr_carea' id='block_1_2' title="bbox 1678 598 2419 759">
    <p class='ocr_par' dir='ltr' id='par_1_2' title="bbox 1678 598 2419 759">
     <span class='ocr_line' id='line_1_2' title="bbox 1678 598 2419 759; baseline 0 -4"><span class='ocrx_word' id='word_1_10' title='bbox 1678 598 2419 759; x_wconf 80' lang='lat' dir='ltr'><strong>SPURIA.</strong></span> 
     </span>
    </p>
   </div>
   <div class='ocr_carea' id='block_1_3' title="bbox 694 1009 3521 1184">
    <p class='ocr_par' dir='ltr' id='par_1_3' title="bbox 694 1009 3521 1184">
     <span class='ocr_line' id='line_1_3' title="bbox 694 1009 3521 1184; baseline 0.002 -30"><span class='ocrx_word' id='word_1_11' title='bbox 694 1028 1421 1156; x_wconf 84' lang='lat' dir='ltr'><strong>ANONYMI</strong></span> <span class='ocrx_word' id='word_1_12' title='bbox 1501 1031 1663 1184; x_wconf 86' lang='lat' dir='ltr'><strong>IN</strong></span> <span class='ocrx_word' id='word_1_13' title='bbox 1736 1033 2016 1161; x_wconf 88' lang='lat' dir='ltr'><strong>JOB</strong></span> <span class='ocrx_word' id='word_1_14' title='bbox 2094 1030 3355 1162; x_wconf 79' lang='lat' dir='ltr'><strong>COMMENTARIUS</strong></span> <span class='ocrx_word' id='word_1_15' title='bbox 3384 1009 3521 1159; x_wconf 67' lang='grc'><strong>(³).</strong></span> 
     </span>
    </p>
   </div>
   <div class='ocr_carea' id='block_1_4' title="bbox 1820 1272 2307 1347">
    <p class='ocr_par' dir='ltr' id='par_1_4' title="bbox 1820 1272 2307 1347">
     <span class='ocr_line' id='line_1_4' title="bbox 1820 1272 2307 1347; baseline -0.006 -17"><span class='ocrx_word' id='word_1_16' title='bbox 1820 1275 1921 1347; x_wconf 85' lang='lat' dir='ltr'><strong>(Ex</strong></span> <span class='ocrx_word' id='word_1_17' title='bbox 1949 1275 2080 1330; x_wconf 83' lang='lat' dir='ltr'><strong>edit.</strong></span> <span class='ocrx_word' id='word_1_18' title='bbox 2109 1272 2307 1343; x_wconf 58' lang='lat' dir='ltr'><strong>Rusti.)</strong></span> 
     </span>
    </p>
   </div>
   <div class='ocr_carea' id='block_1_5' title="bbox 1169 1567 2880 1707">
    <p class='ocr_par' dir='ltr' id='par_1_5' title="bbox 1169 1567 2880 1707">
     <span class='ocr_line' id='line_1_5' title="bbox 1169 1567 2880 1707; baseline 0 -34"><span class='ocrx_word' id='word_1_19' title='bbox 1169 1580 1810 1677; x_wconf 75' lang='lat' dir='ltr'><strong>PROLOGUS</strong></span> <span class='ocrx_word' id='word_1_20' title='bbox 1885 1584 2696 1675; x_wconf 81' lang='lat' dir='ltr'><strong>INTERPRETIS</strong></span> <span class='ocrx_word' id='word_1_21' title='bbox 2766 1567 2880 1707; x_wconf 50' lang='grc' dir='ltr'><strong>(ἦ).</strong></span> 
     </span>
    </p>
   </div>
   <div class='ocr_carea' id='block_1_6' title="bbox 500 1781 3695 1855">
    <p class='ocr_par' dir='ltr' id='par_1_6' title="bbox 500 1781 3695 1855">
     <span class='ocr_line' id='line_1_6' title="bbox 500 1781 3695 1855; baseline -0.001 -15"><span class='ocrx_word' id='word_1_22' title='bbox 500 1783 808 1855; x_wconf 88' lang='lat' dir='ltr'><strong>Peritorum</strong></span> <span class='ocrx_word' id='word_1_23' title='bbox 849 1797 968 1839; x_wconf 87' lang='lat' dir='ltr'><strong>mos</strong></span> <span class='ocrx_word' id='word_1_24' title='bbox 995 1790 1079 1838; x_wconf 87' lang='lat' dir='ltr'><strong>est</strong></span> <span class='ocrx_word' id='word_1_25' title='bbox 1129 1782 1503 1855; x_wconf 60' lang='lat' dir='ltr'><strong>medicorum,</strong></span> <span class='ocrx_word' id='word_1_26' title='bbox 1536 1789 1597 1835; x_wconf 92' lang='lat' dir='ltr'><strong>ut</strong></span> <span class='ocrx_word' id='word_1_27' title='bbox 1635 1798 1757 1837; x_wconf 92' lang='lat' dir='ltr'><strong>cum</strong></span> <span class='ocrx_word' id='word_1_28' title='bbox 1799 1782 1866 1836; x_wconf 91' lang='lat' dir='ltr'><strong>ad</strong></span> <span class='ocrx_word' id='word_1_29' title='bbox 1909 1782 2193 1855; x_wconf 81' lang='lat' dir='ltr'><strong>inﬁrmum</strong></span> <span class='ocrx_word' id='word_1_30' title='bbox 2222 1782 2562 1855; x_wconf 86' lang='lat' dir='ltr'><strong>introierint,</strong></span> <span class='ocrx_word' id='word_1_31' title='bbox 2607 1790 2663 1837; x_wconf 89' lang='lat' dir='ltr'><strong>et</strong></span> <span class='ocrx_word' id='word_1_32' title='bbox 2703 1781 3021 1855; x_wconf 67' lang='lat' dir='ltr'><strong>qualitatem</strong></span> <span class='ocrx_word' id='word_1_33' title='bbox 3059 1782 3695 1855; x_wconf 79' lang='lat' dir='ltr'><strong>passionisagnoverint</strong></span> 
     </span>
    </p>
   </div>
   <div class='ocr_carea' id='block_1_7' title="bbox 426 1852 3685 1926">
    <p class='ocr_par' dir='ltr' id='par_1_7' title="bbox 426 1852 3685 1926">
     <span class='ocr_line' id='line_1_7' title="bbox 426 1852 3685 1926; baseline -0.002 -14"><span class='ocrx_word' id='word_1_34' title='bbox 426 1854 778 1926; x_wconf 66' lang='lat' dir='ltr'><strong>aegrotantis,</strong></span> <span class='ocrx_word' id='word_1_35' title='bbox 810 1868 873 1908; x_wconf 91' lang='lat' dir='ltr'><strong>ea</strong></span> <span class='ocrx_word' id='word_1_36' title='bbox 915 1868 1035 1922; x_wconf 70' lang='lat' dir='ltr'><strong>quae</strong></span> <span class='ocrx_word' id='word_1_37' title='bbox 1064 1852 1497 1926; x_wconf 8' lang='lat' dir='ltr'><strong>necessariadvel</strong></span> <span class='ocrx_word' id='word_1_38' title='bbox 1535 1863 1659 1921; x_wconf 87' lang='lat' dir='ltr'><strong>apta</strong></span> <span class='ocrx_word' id='word_1_39' title='bbox 1695 1862 1819 1926; x_wconf 85' lang='lat' dir='ltr'><strong>sunt</strong></span> <span class='ocrx_word' id='word_1_40' title='bbox 1853 1869 1997 1907; x_wconf 75' lang='lat' dir='ltr'><strong>curae</strong></span> <span class='ocrx_word' id='word_1_41' title='bbox 2024 1894 2038 1916; x_wconf 92' lang='lat'><strong>,</strong></span> <span class='ocrx_word' id='word_1_42' title='bbox 2072 1854 2271 1926; x_wconf 66' lang='lat' dir='ltr'><strong>agnita:</strong></span> <span class='ocrx_word' id='word_1_43' title='bbox 2304 1853 2593 1908; x_wconf 86' lang='lat' dir='ltr'><strong>adhibeant</strong></span> <span class='ocrx_word' id='word_1_44' title='bbox 2625 1853 2861 1926; x_wconf 80' lang='lat' dir='ltr'><strong>passioni</strong></span> <span class='ocrx_word' id='word_1_45' title='bbox 2920 1868 3026 1909; x_wconf 89' lang='lat' dir='ltr'><strong>nec</strong></span> <span class='ocrx_word' id='word_1_46' title='bbox 3074 1852 3550 1926; x_wconf 76' lang='lat' dir='ltr'><strong>anteprointirmo</strong></span> <span class='ocrx_word' id='word_1_47' title='bbox 3581 1855 3685 1908; x_wconf 84' lang='lat' dir='ltr'><strong>ali-</strong></span> 
     </span>
    </p>
   </div>
   <div class='ocr_carea' id='block_1_8' title="bbox 430 1921 3684 1995">
    <p class='ocr_par' dir='ltr' id='par_1_8' title="bbox 430 1921 3684 1995">
     <span class='ocr_line' id='line_1_8' title="bbox 430 1921 3684 1995; baseline -0 -15"><span class='ocrx_word' id='word_1_48' title='bbox 430 1921 591 1995; x_wconf 74' lang='lat' dir='ltr'><strong>quam</strong></span> <span class='ocrx_word' id='word_1_49' title='bbox 629 1924 884 1979; x_wconf 90' lang='lat' dir='ltr'><strong>ordinant</strong></span> <span class='ocrx_word' id='word_1_50' title='bbox 919 1921 1106 1995; x_wconf 84' lang='lat' dir='ltr'><strong>curam</strong></span> <span class='ocrx_word' id='word_1_51' title='bbox 1135 1964 1149 1986; x_wconf 86' lang='lat'><strong>,</strong></span> <span class='ocrx_word' id='word_1_52' title='bbox 1185 1938 1347 1995; x_wconf 87' lang='lat' dir='ltr'><strong>quam</strong></span> <span class='ocrx_word' id='word_1_53' title='bbox 1391 1924 1445 1977; x_wconf 93' lang='lat' dir='ltr'><strong>in</strong></span> <span class='ocrx_word' id='word_1_54' title='bbox 1486 1924 1698 1993; x_wconf 86' lang='lat' dir='ltr'><strong>integro</strong></span> <span class='ocrx_word' id='word_1_55' title='bbox 1726 1925 1841 1991; x_wconf 84' lang='lat' dir='ltr'><strong>ejus</strong></span> <span class='ocrx_word' id='word_1_56' title='bbox 1875 1921 2193 1995; x_wconf 80' lang='lat' dir='ltr'><strong>agnoverint</strong></span> <span class='ocrx_word' id='word_1_57' title='bbox 2225 1937 2475 1995; x_wconf 78' lang='lat' dir='ltr'><strong>causam,</strong></span> <span class='ocrx_word' id='word_1_58' title='bbox 2505 1921 3093 1995; x_wconf 8' lang='lat' dir='ltr'><strong>neprodoculoiaurem</strong></span> <span class='ocrx_word' id='word_1_59' title='bbox 3124 1921 3415 1976; x_wconf 82' lang='lat' dir='ltr'><strong>videantur</strong></span> <span class='ocrx_word' id='word_1_60' title='bbox 3449 1938 3643 1979; x_wconf 89' lang='lat' dir='ltr'><strong>curare</strong></span> <span class='ocrx_word' id='word_1_61' title='bbox 3667 1964 3684 1988; x_wconf 88' lang='lat'><strong>,</strong></span> 
     </span>
    </p>
   </div>
   <div class='ocr_carea' id='block_1_9' title="bbox 428 1992 3688 2063">
    <p class='ocr_par' dir='ltr' id='par_1_9' title="bbox 428 1992 3688 2063">
     <span class='ocr_line' id='line_1_9' title="bbox 428 1992 3688 2063; baseline 0 -14"><span class='ocrx_word' id='word_1_62' title='bbox 428 1992 521 2050; x_wconf 77' lang='lat' dir='ltr'><strong>aut</strong></span> <span class='ocrx_word' id='word_1_63' title='bbox 557 2010 654 2062; x_wconf 91' lang='lat' dir='ltr'><strong>pro</strong></span> <span class='ocrx_word' id='word_1_64' title='bbox 697 2009 859 2048; x_wconf 90' lang='lat' dir='ltr'><strong>manu</strong></span> <span class='ocrx_word' id='word_1_65' title='bbox 890 1994 1058 2063; x_wconf 78' lang='lat' dir='ltr'><strong>capiti</strong></span> <span class='ocrx_word' id='word_1_66' title='bbox 1088 1994 1435 2063; x_wconf 83' lang='lat' dir='ltr'><strong>reperiantur</strong></span> <span class='ocrx_word' id='word_1_67' title='bbox 1464 1992 1791 2048; x_wconf 86' lang='lat' dir='ltr'><strong>medicinam</strong></span> <span class='ocrx_word' id='word_1_68' title='bbox 1822 1993 2082 2048; x_wconf 83' lang='lat' dir='ltr'><strong>conferre</strong></span> <span class='ocrx_word' id='word_1_69' title='bbox 2120 2012 2131 2045; x_wconf 91' lang='lat'>:</span> <span class='ocrx_word' id='word_1_70' title='bbox 2169 1994 2315 2062; x_wconf 91' lang='lat' dir='ltr'><strong>quod</strong></span> <span class='ocrx_word' id='word_1_71' title='bbox 2346 2003 2429 2047; x_wconf 90' lang='lat' dir='ltr'><strong>est</strong></span> <span class='ocrx_word' id='word_1_72' title='bbox 2450 1992 2673 2046; x_wconf 90' lang='lat' dir='ltr'><strong>omnino</strong></span> <span class='ocrx_word' id='word_1_73' title='bbox 2701 1993 3078 2062; x_wconf 89' lang='lat' dir='ltr'><strong>imperitorum</strong></span> <span class='ocrx_word' id='word_1_74' title='bbox 3098 2034 3111 2052; x_wconf 85' lang='lat'><strong>.</strong></span> <span class='ocrx_word' id='word_1_75' title='bbox 3146 2003 3308 2063; x_wconf 89' lang='lat' dir='ltr'><strong>atque</strong></span> <span class='ocrx_word' id='word_1_76' title='bbox 3333 2001 3503 2045; x_wconf 86' lang='lat' dir='ltr'><strong>artem</strong></span> <span class='ocrx_word' id='word_1_77' title='bbox 3531 1995 3688 2063; x_wconf 84' lang='lat' dir='ltr'><strong>igno-</strong></span> 
     </span>
    </p>
   </div>
   <div class='ocr_carea' id='block_1_10' title="bbox 426 2062 3688 2132">
    <p class='ocr_par' dir='ltr' id='par_1_10' title="bbox 426 2062 3688 2132">
     <span class='ocr_line' id='line_1_10' title="bbox 426 2062 3688 2132; baseline -0.001 -12"><span class='ocrx_word' id='word_1_78' title='bbox 426 2067 664 2120; x_wconf 87' lang='lat' dir='ltr'><strong>rantium</strong></span> <span class='ocrx_word' id='word_1_79' title='bbox 717 2064 1017 2119; x_wconf 73' lang='lat' dir='ltr'><strong>medicinae.</strong></span> <span class='ocrx_word' id='word_1_80' title='bbox 1048 2062 1333 2118; x_wconf 32' lang='lat' dir='ltr'><strong>Sic’etiam</strong></span> <span class='ocrx_word' id='word_1_81' title='bbox 1365 2064 1544 2117; x_wconf 91' lang='lat' dir='ltr'><strong>omnis</strong></span> <span class='ocrx_word' id='word_1_82' title='bbox 1598 2065 1896 2130; x_wconf 87' lang='lat' dir='ltr'><strong>interpres,</strong></span> <span class='ocrx_word' id='word_1_83' title='bbox 1936 2064 2034 2116; x_wconf 91' lang='lat' dir='ltr'><strong>nisi</strong></span> <span class='ocrx_word' id='word_1_84' title='bbox 2070 2073 2199 2117; x_wconf 87' lang='lat' dir='ltr'><strong>ante</strong></span> <span class='ocrx_word' id='word_1_85' title='bbox 2229 2063 2336 2115; x_wconf 85' lang='lat' dir='ltr'><strong>vim</strong></span> <span class='ocrx_word' id='word_1_86' title='bbox 2378 2078 2442 2117; x_wconf 91' lang='lat' dir='ltr'><strong>ac</strong></span> <span class='ocrx_word' id='word_1_87' title='bbox 2492 2078 2711 2119; x_wconf 89' lang='lat' dir='ltr'><strong>sensum</strong></span> <span class='ocrx_word' id='word_1_88' title='bbox 2743 2064 3061 2132; x_wconf 80' lang='lat' dir='ltr'><strong>cognoverit</strong></span> <span class='ocrx_word' id='word_1_89' title='bbox 3090 2062 3339 2117; x_wconf 85' lang='lat' dir='ltr'><strong>lectionis</strong></span> <span class='ocrx_word' id='word_1_90' title='bbox 3363 2104 3379 2127; x_wconf 91' lang='lat'><strong>,</strong></span> <span class='ocrx_word' id='word_1_91' title='bbox 3413 2067 3688 2130; x_wconf 90' lang='lat' dir='ltr'><strong>quomodo</strong></span> 
     </span>
    </p>
   </div>
   <div class='ocr_carea' id='block_1_11' title="bbox 426 2132 3692 2204">
    <p class='ocr_par' dir='ltr' id='par_1_11' title="bbox 426 2132 3692 2204">
     <span class='ocr_line' id='line_1_11' title="bbox 426 2132 3692 2204; baseline -0.001 -15"><span class='ocrx_word' id='word_1_92' title='bbox 426 2135 629 2204; x_wconf 87' lang='lat' dir='ltr'><strong>poterit</strong></span> <span class='ocrx_word' id='word_1_93' title='bbox 658 2135 815 2187; x_wconf 78' lang='lat' dir='ltr'><strong>[idem</strong></span> <span class='ocrx_word' id='word_1_94' title='bbox 860 2136 916 2188; x_wconf 90' lang='lat' dir='ltr'><strong>in</strong></span> <span class='ocrx_word' id='word_1_95' title='bbox 954 2134 1206 2188; x_wconf 82' lang='lat' dir='ltr'><strong>omnibus</strong></span> <span class='ocrx_word' id='word_1_96' title='bbox 1239 2149 1565 2189; x_wconf 86' lang='lat' dir='ltr'><strong>conservare</strong></span> <span class='ocrx_word' id='word_1_97' title='bbox 1598 2134 1910 2202; x_wconf 89' lang='lat' dir='ltr'><strong>interpretis</strong></span> <span class='ocrx_word' id='word_1_98' title='bbox 1942 2134 1964 2187; x_wconf 86' lang='lat'><strong>?</strong></span> <span class='ocrx_word' id='word_1_99' title='bbox 2003 2133 2114 2187; x_wconf 85' lang='lat' dir='ltr'><strong>Nisi</strong></span> <span class='ocrx_word' id='word_1_100' title='bbox 2159 2147 2402 2204; x_wconf 78' lang='lat' dir='ltr'><strong>sensum,</strong></span> <span class='ocrx_word' id='word_1_101' title='bbox 2431 2134 2671 2201; x_wconf 85' lang='lat' dir='ltr'><strong>inquam,</strong></span> <span class='ocrx_word' id='word_1_102' title='bbox 2693 2132 2934 2204; x_wconf 85' lang='lat' dir='ltr'><strong>dilucide</strong></span> <span class='ocrx_word' id='word_1_103' title='bbox 2963 2143 3126 2204; x_wconf 85' lang='lat' dir='ltr'><strong>atque</strong></span> <span class='ocrx_word' id='word_1_104' title='bbox 3152 2134 3363 2201; x_wconf 86' lang='lat' dir='ltr'><strong>integre</strong></span> <span class='ocrx_word' id='word_1_105' title='bbox 3397 2132 3549 2199; x_wconf 82' lang='lat' dir='ltr'><strong>juxta</strong></span> <span class='ocrx_word' id='word_1_106' title='bbox 3584 2134 3692 2187; x_wconf 86' lang='lat' dir='ltr'><strong>lin-</strong></span> 
     </span>
    </p>
   </div>
   <div class='ocr_carea' id='block_1_12' title="bbox 426 2202 3693 2275">
    <p class='ocr_par' dir='ltr' id='par_1_12' title="bbox 426 2202 3693 2275">
     <span class='ocr_line' id='line_1_12' title="bbox 426 2202 3693 2275; baseline 0 -19"><span class='ocrx_word' id='word_1_107' title='bbox 426 2202 548 2275; x_wconf 72' lang='lat' dir='ltr'><strong>gnat:</strong></span> <span class='ocrx_word' id='word_1_108' title='bbox 573 2204 859 2258; x_wconf 89' lang='lat' dir='ltr'><strong>vernacula</strong></span> <span class='ocrx_word' id='word_1_109' title='bbox 892 2204 1202 2275; x_wconf 60' lang='lat' dir='ltr'><strong>perlegerit,</strong></span> <span class='ocrx_word' id='word_1_110' title='bbox 1231 2219 1340 2257; x_wconf 92' lang='lat' dir='ltr'><strong>non</strong></span> <span class='ocrx_word' id='word_1_111' title='bbox 1377 2204 1536 2257; x_wconf 78' lang='lat' dir='ltr'><strong>facile</strong></span> <span class='ocrx_word' id='word_1_112' title='bbox 1563 2205 1669 2259; x_wconf 93' lang='lat' dir='ltr'><strong>ullo</strong></span> <span class='ocrx_word' id='word_1_113' title='bbox 1693 2206 1872 2268; x_wconf 93' lang='lat' dir='ltr'><strong>modo,</strong></span> <span class='ocrx_word' id='word_1_114' title='bbox 1896 2219 1960 2259; x_wconf 88' lang='lat' dir='ltr'><strong>ea</strong></span> <span class='ocrx_word' id='word_1_115' title='bbox 1992 2219 2112 2273; x_wconf 67' lang='lat' dir='ltr'><strong>qua:</strong></span> <span class='ocrx_word' id='word_1_116' title='bbox 2145 2202 2527 2275; x_wconf 12' lang='lat' dir='ltr'><strong>abalioiedita</strong></span> <span class='ocrx_word' id='word_1_117' title='bbox 2556 2203 2719 2275; x_wconf 52' lang='lat' dir='ltr'><strong>suav,</strong></span> <span class='ocrx_word' id='word_1_118' title='bbox 2752 2203 2805 2257; x_wconf 93' lang='lat' dir='ltr'><strong>in</strong></span> <span class='ocrx_word' id='word_1_119' title='bbox 2834 2203 3060 2275; x_wconf 87' lang='lat' dir='ltr'><strong>alterius</strong></span> <span class='ocrx_word' id='word_1_120' title='bbox 3084 2203 3279 2271; x_wconf 73' lang='lat' dir='ltr'><strong>lingua:</strong></span> <span class='ocrx_word' id='word_1_121' title='bbox 3311 2217 3560 2271; x_wconf 88' lang='lat' dir='ltr'><strong>saporem</strong></span> <span class='ocrx_word' id='word_1_122' title='bbox 3594 2219 3693 2256; x_wconf 80' lang='lat' dir='ltr'><strong>ve-</strong></span> 
     </span>
    </p>
   </div>
   <div class='ocr_carea' id='block_1_13' title="bbox 426 2273 3689 2344">
    <p class='ocr_par' dir='ltr' id='par_1_13' title="bbox 426 2273 3689 2344">
     <span class='ocr_line' id='line_1_13' title="bbox 426 2273 3689 2344; baseline -0.001 -15"><span class='ocrx_word' id='word_1_123' title='bbox 426 2273 631 2330; x_wconf 63' lang='lat' dir='ltr'><strong>raciter</strong></span> <span class='ocrx_word' id='word_1_124' title='bbox 659 2275 948 2344; x_wconf 82' lang='lat' dir='ltr'><strong>exprimet.</strong></span> <span class='ocrx_word' id='word_1_125' title='bbox 974 2273 1190 2328; x_wconf 83' lang='lat' dir='ltr'><strong>Etcum</strong></span> <span class='ocrx_word' id='word_1_126' title='bbox 1221 2276 1335 2329; x_wconf 61' lang='lat' dir='ltr'><strong>haec</strong></span> <span class='ocrx_word' id='word_1_127' title='bbox 1361 2289 1464 2328; x_wconf 93' lang='lat' dir='ltr'><strong>non</strong></span> <span class='ocrx_word' id='word_1_128' title='bbox 1496 2277 1889 2338; x_wconf 82' lang='lat' dir='ltr'><strong>observaverit,</strong></span> <span class='ocrx_word' id='word_1_129' title='bbox 1916 2287 2008 2328; x_wconf 85' lang='lat' dir='ltr'><strong>aut</strong></span> <span class='ocrx_word' id='word_1_130' title='bbox 2047 2283 2196 2328; x_wconf 89' lang='lat' dir='ltr'><strong>certe</strong></span> <span class='ocrx_word' id='word_1_131' title='bbox 2220 2274 2380 2343; x_wconf 92' lang='lat' dir='ltr'><strong>(quod</strong></span> <span class='ocrx_word' id='word_1_132' title='bbox 2416 2288 2502 2328; x_wconf 92' lang='lat' dir='ltr'><strong>me</strong></span> <span class='ocrx_word' id='word_1_133' title='bbox 2538 2274 2718 2344; x_wconf 81' lang='lat' dir='ltr'><strong>dicere</strong></span> <span class='ocrx_word' id='word_1_134' title='bbox 2756 2275 2947 2344; x_wconf 85' lang='lat' dir='ltr'><strong>pudet)</strong></span> <span class='ocrx_word' id='word_1_135' title='bbox 2983 2274 3335 2343; x_wconf 81' lang='lat' dir='ltr'><strong>ignoraverit.</strong></span> <span class='ocrx_word' id='word_1_136' title='bbox 3370 2283 3463 2325; x_wconf 89' lang='lat' dir='ltr'><strong>aut</strong></span> <span class='ocrx_word' id='word_1_137' title='bbox 3498 2288 3689 2327; x_wconf 84' lang='lat' dir='ltr'><strong>aurem</strong></span> 
     </span>
    </p>
   </div>
   <div class='ocr_carea' id='block_1_14' title="bbox 428 2342 3689 2415">
    <p class='ocr_par' dir='ltr' id='par_1_14' title="bbox 428 2342 3689 2415">
     <span class='ocr_line' id='line_1_14' title="bbox 428 2342 3689 2415; baseline -0.001 -16"><span class='ocrx_word' id='word_1_138' title='bbox 428 2360 530 2412; x_wconf 86' lang='lat' dir='ltr'><strong>pro</strong></span> <span class='ocrx_word' id='word_1_139' title='bbox 557 2342 747 2410; x_wconf 59' lang='lat' dir='ltr'><strong>oculo;</strong></span> <span class='ocrx_word' id='word_1_140' title='bbox 785 2356 878 2397; x_wconf 88' lang='lat' dir='ltr'><strong>aut</strong></span> <span class='ocrx_word' id='word_1_141' title='bbox 905 2353 1071 2415; x_wconf 88' lang='lat' dir='ltr'><strong>caput</strong></span> <span class='ocrx_word' id='word_1_142' title='bbox 1100 2359 1197 2413; x_wconf 92' lang='lat' dir='ltr'><strong>pro</strong></span> <span class='ocrx_word' id='word_1_143' title='bbox 1226 2360 1387 2398; x_wconf 91' lang='lat' dir='ltr'><strong>manu</strong></span> <span class='ocrx_word' id='word_1_144' title='bbox 1419 2353 1674 2414; x_wconf 91' lang='lat' dir='ltr'><strong>tanquam</strong></span> <span class='ocrx_word' id='word_1_145' title='bbox 1710 2345 1991 2412; x_wconf 85' lang='lat' dir='ltr'><strong>imperitus</strong></span> <span class='ocrx_word' id='word_1_146' title='bbox 2038 2344 2500 2415; x_wconf 72' lang='lat' dir='ltr'><strong>medicuscurare</strong></span> <span class='ocrx_word' id='word_1_147' title='bbox 2524 2342 2783 2415; x_wconf 67' lang='lat' dir='ltr'><strong>incipiet.</strong></span> <span class='ocrx_word' id='word_1_148' title='bbox 2816 2343 2942 2415; x_wconf 69' lang='lat' dir='ltr'><strong>Haac</strong></span> <span class='ocrx_word' id='word_1_149' title='bbox 2980 2342 3023 2396; x_wconf 20' lang='lat' dir='ltr'><strong>a7</strong></span> <span class='ocrx_word' id='word_1_150' title='bbox 3048 2344 3205 2415; x_wconf 90' lang='lat' dir='ltr'><strong>nobis</strong></span> <span class='ocrx_word' id='word_1_151' title='bbox 3253 2344 3372 2415; x_wconf 88' lang='lat' dir='ltr'><strong>ideo</strong></span> <span class='ocrx_word' id='word_1_152' title='bbox 3403 2345 3689 2415; x_wconf 58' lang='lat' dir='ltr'><strong>praemissa</strong></span> 
     </span>
    </p>
   </div>
   <div class='ocr_carea' id='block_1_15' title="bbox 424 2412 3687 2488">
    <p class='ocr_par' dir='ltr' id='par_1_15' title="bbox 424 2412 3687 2488">
     <span class='ocr_line' id='line_1_15' title="bbox 424 2412 3687 2488; baseline -0.001 -20"><span class='ocrx_word' id='word_1_153' title='bbox 424 2425 577 2488; x_wconf 71' lang='lat' dir='ltr'><strong>sunt,</strong></span> <span class='ocrx_word' id='word_1_154' title='bbox 608 2415 738 2484; x_wconf 88' lang='lat' dir='ltr'><strong>quia</strong></span> <span class='ocrx_word' id='word_1_155' title='bbox 763 2412 1119 2488; x_wconf 74' lang='lat' dir='ltr'><strong>cognovimus</strong></span> <span class='ocrx_word' id='word_1_156' title='bbox 1147 2415 1233 2488; x_wconf 84' lang='lat' dir='ltr'><strong>vel</strong></span> <span class='ocrx_word' id='word_1_157' title='bbox 1280 2416 1458 2483; x_wconf 86' lang='lat' dir='ltr'><strong>potius</strong></span> <span class='ocrx_word' id='word_1_158' title='bbox 1485 2412 1711 2484; x_wconf 74' lang='lat' dir='ltr'><strong>legimus</strong></span> <span class='ocrx_word' id='word_1_159' title='bbox 1739 2416 1880 2488; x_wconf 83' lang='lat' dir='ltr'><strong>hunc</strong></span> <span class='ocrx_word' id='word_1_160' title='bbox 1911 2417 2006 2488; x_wconf 80' lang='lat' dir='ltr'><strong>qui</strong></span> <span class='ocrx_word' id='word_1_161' title='bbox 2040 2415 2092 2466; x_wconf 93' lang='lat' dir='ltr'><strong>in</strong></span> <span class='ocrx_word' id='word_1_162' title='bbox 2137 2413 2385 2488; x_wconf 81' lang='lat' dir='ltr'><strong>manibus</strong></span> <span class='ocrx_word' id='word_1_163' title='bbox 2408 2424 2493 2468; x_wconf 91' lang='lat' dir='ltr'><strong>est</strong></span> <span class='ocrx_word' id='word_1_164' title='bbox 2522 2414 2665 2488; x_wconf 78' lang='lat' dir='ltr'><strong>beati</strong></span> <span class='ocrx_word' id='word_1_165' title='bbox 2695 2412 2797 2488; x_wconf 71' lang='lat' dir='ltr'><strong>Jo_b</strong></span> <span class='ocrx_word' id='word_1_166' title='bbox 2821 2414 3043 2488; x_wconf 82' lang='lat' dir='ltr'><strong>librum.</strong></span> <span class='ocrx_word' id='word_1_167' title='bbox 3065 2414 3275 2481; x_wconf 90' lang='lat' dir='ltr'><strong>aliquos</strong></span> <span class='ocrx_word' id='word_1_168' title='bbox 3304 2414 3371 2466; x_wconf 91' lang='lat' dir='ltr'><strong>de</strong></span> <span class='ocrx_word' id='word_1_169' title='bbox 3413 2412 3605 2488; x_wconf 60' lang='lat' dir='ltr'><strong>Graeco</strong></span> <span class='ocrx_word' id='word_1_170' title='bbox 3635 2415 3687 2466; x_wconf 81' lang='lat' dir='ltr'><strong>in</strong></span> 
     </span>
    </p>
   </div>
   <div class='ocr_carea' id='block_1_16' title="bbox 425 2482 3687 2553">
    <p class='ocr_par' dir='ltr' id='par_1_16' title="bbox 425 2482 3687 2553">
     <span class='ocr_line' id='line_1_16' title="bbox 425 2482 3687 2553; baseline -0.002 -13"><span class='ocrx_word' id='word_1_171' title='bbox 425 2482 680 2540; x_wconf 75' lang='lat' dir='ltr'><strong>Latinum</strong></span> <span class='ocrx_word' id='word_1_172' title='bbox 713 2500 820 2539; x_wconf 92' lang='lat' dir='ltr'><strong>non</strong></span> <span class='ocrx_word' id='word_1_173' title='bbox 840 2482 1047 2538; x_wconf 57' lang='lat' dir='ltr'><strong>Latino&quot;</strong></span> <span class='ocrx_word' id='word_1_174' title='bbox 1074 2482 1308 2539; x_wconf 83' lang='lat' dir='ltr'><strong>vertisse</strong></span> <span class='ocrx_word' id='word_1_175' title='bbox 1333 2482 1585 2538; x_wconf 79' lang='lat' dir='ltr'><strong>sermone</strong></span> <span class='ocrx_word' id='word_1_176' title='bbox 1605 2526 1620 2550; x_wconf 93' lang='lat'><strong>,</strong></span> <span class='ocrx_word' id='word_1_177' title='bbox 1646 2494 1700 2537; x_wconf 90' lang='lat' dir='ltr'><strong>et</strong></span> <span class='ocrx_word' id='word_1_178' title='bbox 1730 2486 1855 2553; x_wconf 87' lang='lat' dir='ltr'><strong>quia</strong></span> <span class='ocrx_word' id='word_1_179' title='bbox 1885 2482 2042 2539; x_wconf 82' lang='lat' dir='ltr'><strong>valde</strong></span> <span class='ocrx_word' id='word_1_180' title='bbox 2070 2486 2202 2538; x_wconf 90' lang='lat' dir='ltr'><strong>satis</strong></span> <span class='ocrx_word' id='word_1_181' title='bbox 2232 2484 2299 2535; x_wconf 90' lang='lat' dir='ltr'><strong>ab</strong></span> <span class='ocrx_word' id='word_1_182' title='bbox 2336 2484 2651 2553; x_wconf 88' lang='lat' dir='ltr'><strong>interpretis</strong></span> <span class='ocrx_word' id='word_1_183' title='bbox 2692 2482 2869 2538; x_wconf 71' lang='lat' dir='ltr'><strong>ofﬁcio</strong></span> <span class='ocrx_word' id='word_1_184' title='bbox 2895 2484 3341 2553; x_wconf 83' lang='lat' dir='ltr'><strong>discrepaverunt</strong></span> <span class='ocrx_word' id='word_1_185' title='bbox 3361 2522 3374 2545; x_wconf 91' lang='lat'><strong>,</strong></span> <span class='ocrx_word' id='word_1_186' title='bbox 3414 2493 3469 2535; x_wconf 86' lang='lat' dir='ltr'><strong>et</strong></span> <span class='ocrx_word' id='word_1_187' title='bbox 3497 2485 3621 2550; x_wconf 84' lang='lat' dir='ltr'><strong>quia</strong></span> <span class='ocrx_word' id='word_1_188' title='bbox 3656 2498 3687 2535; x_wconf 90' lang='lat' dir='ltr'><strong>a</strong></span> 
     </span>
    </p>
   </div>
   <div class='ocr_carea' id='block_1_17' title="bbox 426 2551 3689 2624">
    <p class='ocr_par' dir='ltr' id='par_1_17' title="bbox 426 2551 3689 2624">
     <span class='ocr_line' id='line_1_17' title="bbox 426 2551 3689 2624; baseline -0 -18"><span class='ocrx_word' id='word_1_189' title='bbox 426 2555 661 2611; x_wconf 83' lang='lat' dir='ltr'><strong>veritate</strong></span> <span class='ocrx_word' id='word_1_190' title='bbox 684 2565 849 2624; x_wconf 88' lang='lat' dir='ltr'><strong>atque</strong></span> <span class='ocrx_word' id='word_1_191' title='bbox 874 2555 1053 2624; x_wconf 89' lang='lat' dir='ltr'><strong>regula</strong></span> <span class='ocrx_word' id='word_1_192' title='bbox 1087 2554 1553 2624; x_wconf 88' lang='lat' dir='ltr'><strong>interpretationis</strong></span> <span class='ocrx_word' id='word_1_193' title='bbox 1587 2551 2166 2624; x_wconf 47' lang='lat' dir='ltr'><strong>longe—discesserunt,</strong></span> <span class='ocrx_word' id='word_1_194' title='bbox 2197 2554 2318 2607; x_wconf 89' lang='lat' dir='ltr'><strong>ideo</strong></span> <span class='ocrx_word' id='word_1_195' title='bbox 2341 2551 2555 2607; x_wconf 77' lang='lat' dir='ltr'><strong>omnem</strong></span> <span class='ocrx_word' id='word_1_196' title='bbox 2584 2555 2885 2622; x_wconf 88' lang='lat' dir='ltr'><strong>sapientem</strong></span> <span class='ocrx_word' id='word_1_197' title='bbox 2913 2566 3039 2623; x_wconf 90' lang='lat' dir='ltr'><strong>peto</strong></span> <span class='ocrx_word' id='word_1_198' title='bbox 3060 2551 3155 2618; x_wconf 31' lang='lat' dir='ltr'><strong>,‘in</strong></span> <span class='ocrx_word' id='word_1_199' title='bbox 3188 2551 3345 2620; x_wconf 87' lang='lat' dir='ltr'><strong>cujus</strong></span> <span class='ocrx_word' id='word_1_200' title='bbox 3374 2568 3569 2605; x_wconf 88' lang='lat' dir='ltr'><strong>manus</strong></span> <span class='ocrx_word' id='word_1_201' title='bbox 3599 2554 3689 2607; x_wconf 87' lang='lat' dir='ltr'><strong>hic</strong></span> 
     </span>
    </p>
   </div>
   <div class='ocr_carea' id='block_1_18' title="bbox 355 2624 3692 2695">
    <p class='ocr_par' dir='ltr' id='par_1_18' title="bbox 355 2624 3692 2695">
     <span class='ocr_line' id='line_1_18' title="bbox 355 2624 3692 2695; baseline -0.001 -15"><span class='ocrx_word' id='word_1_202' title='bbox 355 2635 370 2653; x_wconf 83' lang='lat'><strong><em>‘</em></strong></span> <span class='ocrx_word' id='word_1_203' title='bbox 426 2626 566 2681; x_wconf 89' lang='lat' dir='ltr'><strong>liber</strong></span> <span class='ocrx_word' id='word_1_204' title='bbox 596 2625 885 2679; x_wconf 88' lang='lat' dir='ltr'><strong>devolutus</strong></span> <span class='ocrx_word' id='word_1_205' title='bbox 909 2625 1094 2689; x_wconf 81' lang='lat' dir='ltr'><strong>fuerit,</strong></span> <span class='ocrx_word' id='word_1_206' title='bbox 1129 2634 1192 2695; x_wconf 80' lang='lat' dir='ltr'><strong>ut</strong></span> <span class='ocrx_word' id='word_1_207' title='bbox 1212 2634 1341 2679; x_wconf 89' lang='lat' dir='ltr'><strong>ante</strong></span> <span class='ocrx_word' id='word_1_208' title='bbox 1372 2624 1517 2679; x_wconf 88' lang='lat' dir='ltr'><strong>hunc</strong></span> <span class='ocrx_word' id='word_1_209' title='bbox 1548 2625 1827 2695; x_wconf 81' lang='lat' dir='ltr'><strong>prologum</strong></span> <span class='ocrx_word' id='word_1_210' title='bbox 1860 2625 2099 2693; x_wconf 87' lang='lat' dir='ltr'><strong>relegat,</strong></span> <span class='ocrx_word' id='word_1_211' title='bbox 2135 2638 2298 2695; x_wconf 83' lang='lat' dir='ltr'><strong>quam</strong></span> <span class='ocrx_word' id='word_1_212' title='bbox 2335 2624 2402 2695; x_wconf 90' lang='lat' dir='ltr'><strong>ad</strong></span> <span class='ocrx_word' id='word_1_213' title='bbox 2438 2624 2600 2694; x_wconf 90' lang='lat' dir='ltr'><strong>hujus</strong></span> <span class='ocrx_word' id='word_1_214' title='bbox 2627 2627 2747 2679; x_wconf 83' lang='lat' dir='ltr'><strong>libri</strong></span> <span class='ocrx_word' id='word_1_215' title='bbox 2786 2624 3073 2678; x_wconf 86' lang='lat' dir='ltr'><strong>lectionem</strong></span> <span class='ocrx_word' id='word_1_216' title='bbox 3110 2626 3370 2695; x_wconf 72' lang='lat' dir='ltr'><strong>accedat,</strong></span> <span class='ocrx_word' id='word_1_217' title='bbox 3404 2631 3463 2676; x_wconf 89' lang='lat' dir='ltr'><strong>ut</strong></span> <span class='ocrx_word' id='word_1_218' title='bbox 3493 2638 3559 2676; x_wconf 81' lang='lat' dir='ltr'><strong>ex</strong></span> <span class='ocrx_word' id='word_1_219' title='bbox 3587 2626 3692 2677; x_wconf 86' lang='lat' dir='ltr'><strong>hu-</strong></span> 
     </span>
    </p>
   </div>
   <div class='ocr_carea' id='block_1_19' title="bbox 424 2692 3684 2764">
    <p class='ocr_par' dir='ltr' id='par_1_19' title="bbox 424 2692 3684 2764">
     <span class='ocr_line' id='line_1_19' title="bbox 424 2692 3684 2764; baseline -0.002 -13"><span class='ocrx_word' id='word_1_220' title='bbox 424 2697 517 2764; x_wconf 88' lang='lat' dir='ltr'><strong>jus</strong></span> <span class='ocrx_word' id='word_1_221' title='bbox 563 2694 904 2764; x_wconf 64' lang='lat' dir='ltr'><strong>praafationis</strong></span> <span class='ocrx_word' id='word_1_222' title='bbox 936 2704 1084 2749; x_wconf 85' lang='lat' dir='ltr'><strong>textu</strong></span> <span class='ocrx_word' id='word_1_223' title='bbox 1114 2693 1460 2762; x_wconf 76' lang='lat' dir='ltr'><strong>informatus,</strong></span> <span class='ocrx_word' id='word_1_224' title='bbox 1503 2709 1569 2748; x_wconf 79' lang='lat' dir='ltr'><strong>ex</strong></span> <span class='ocrx_word' id='word_1_225' title='bbox 1600 2692 1845 2763; x_wconf 45' lang='lat' dir='ltr'><strong>quo&#39;baec</strong></span> <span class='ocrx_word' id='word_1_226' title='bbox 1880 2692 2237 2764; x_wconf 77' lang='lat' dir='ltr'><strong>interpretata</strong></span> <span class='ocrx_word' id='word_1_227' title='bbox 2269 2693 2469 2747; x_wconf 83' lang='lat' dir='ltr'><strong>fuerint</strong></span> <span class='ocrx_word' id='word_1_228' title='bbox 2501 2692 2759 2763; x_wconf 79' lang='lat' dir='ltr'><strong>perfacile</strong></span> <span class='ocrx_word' id='word_1_229' title='bbox 2789 2702 3105 2764; x_wconf 85' lang='lat' dir='ltr'><strong>cognoscat.</strong></span> <span class='ocrx_word' id='word_1_230' title='bbox 3138 2692 3392 2764; x_wconf 83' lang='lat' dir='ltr'><strong>Spondeo</strong></span> <span class='ocrx_word' id='word_1_231' title='bbox 3424 2708 3555 2746; x_wconf 90' lang='lat' dir='ltr'><strong>sane</strong></span> <span class='ocrx_word' id='word_1_232' title='bbox 3595 2709 3684 2747; x_wconf 89' lang='lat' dir='ltr'><strong>me</strong></span> 
     </span>
    </p>
   </div>
   <div class='ocr_carea' id='block_1_20' title="bbox 426 2762 3690 2835">
    <p class='ocr_par' dir='ltr' id='par_1_20' title="bbox 426 2762 3690 2835">
     <span class='ocr_line' id='line_1_20' title="bbox 426 2762 3690 2835; baseline -0.001 -15"><span class='ocrx_word' id='word_1_233' title='bbox 426 2762 458 2820; x_wconf 78' lang='lat' dir='ltr'><strong>a</strong></span> <span class='ocrx_word' id='word_1_234' title='bbox 485 2762 735 2821; x_wconf 80' lang='lat' dir='ltr'><strong>veritatis</strong></span> <span class='ocrx_word' id='word_1_235' title='bbox 766 2767 1095 2820; x_wconf 86' lang='lat' dir='ltr'><strong>auctoritate</strong></span> <span class='ocrx_word' id='word_1_236' title='bbox 1123 2765 1430 2820; x_wconf 89' lang='lat' dir='ltr'><strong>nullatenus</strong></span> <span class='ocrx_word' id='word_1_237' title='bbox 1461 2762 1777 2819; x_wconf 86' lang='lat' dir='ltr'><strong>discessisse</strong></span> <span class='ocrx_word' id='word_1_238' title='bbox 1797 2804 1812 2830; x_wconf 95' lang='lat'><strong>,</strong></span> <span class='ocrx_word' id='word_1_239' title='bbox 1841 2765 1931 2819; x_wconf 91' lang='lat' dir='ltr'><strong>sed</strong></span> <span class='ocrx_word' id='word_1_240' title='bbox 1968 2762 2109 2819; x_wconf 80' lang='lat' dir='ltr'><strong>sicut</strong></span> <span class='ocrx_word' id='word_1_241' title='bbox 2141 2763 2208 2817; x_wconf 91' lang='lat' dir='ltr'><strong>ab</strong></span> <span class='ocrx_word' id='word_1_242' title='bbox 2241 2764 2335 2835; x_wconf 86' lang='lat' dir='ltr'><strong>illo</strong></span> <span class='ocrx_word' id='word_1_243' title='bbox 2363 2762 2535 2831; x_wconf 86' lang='lat' dir='ltr'><strong>posita</strong></span> <span class='ocrx_word' id='word_1_244' title='bbox 2566 2775 2694 2820; x_wconf 91' lang='lat' dir='ltr'><strong>sunt</strong></span> <span class='ocrx_word' id='word_1_245' title='bbox 2722 2765 2812 2835; x_wconf 89' lang='lat' dir='ltr'><strong>qui</strong></span> <span class='ocrx_word' id='word_1_246' title='bbox 2840 2762 2953 2818; x_wconf 63' lang='lat' dir='ltr'><strong>hinc</strong></span> <span class='ocrx_word' id='word_1_247' title='bbox 2982 2764 3135 2832; x_wconf 89' lang='lat' dir='ltr'><strong>prior</strong></span> <span class='ocrx_word' id='word_1_248' title='bbox 3170 2762 3369 2827; x_wconf 88' lang='lat' dir='ltr'><strong>edidit,</strong></span> <span class='ocrx_word' id='word_1_249' title='bbox 3397 2763 3468 2815; x_wconf 87' lang='lat' dir='ltr'><strong>ita</strong></span> <span class='ocrx_word' id='word_1_250' title='bbox 3494 2776 3690 2835; x_wconf 80' lang='lat' dir='ltr'><strong>eorum</strong></span> 
     </span>
    </p>
   </div>
   <div class='ocr_carea' id='block_1_21' title="bbox 430 2833 3695 2905">
    <p class='ocr_par' dir='ltr' id='par_1_21' title="bbox 430 2833 3695 2905">
     <span class='ocr_line' id='line_1_21' title="bbox 430 2833 3695 2905; baseline -0.001 -15"><span class='ocrx_word' id='word_1_251' title='bbox 430 2845 609 2891; x_wconf 85' lang='lat' dir='ltr'><strong>status</strong></span> <span class='ocrx_word' id='word_1_252' title='bbox 646 2837 1025 2905; x_wconf 80' lang='lat' dir='ltr'><strong>integritatem</strong></span> <span class='ocrx_word' id='word_1_253' title='bbox 1050 2836 1106 2887; x_wconf 91' lang='lat' dir='ltr'><strong>in</strong></span> <span class='ocrx_word' id='word_1_254' title='bbox 1140 2835 1288 2890; x_wconf 92' lang='lat' dir='ltr'><strong>nullo</strong></span> <span class='ocrx_word' id='word_1_255' title='bbox 1316 2835 1559 2889; x_wconf 84' lang='lat' dir='ltr'><strong>vitiatam</strong></span> <span class='ocrx_word' id='word_1_256' title='bbox 1591 2836 1804 2905; x_wconf 89' lang='lat' dir='ltr'><strong>penitus</strong></span> <span class='ocrx_word' id='word_1_257' title='bbox 1838 2848 2177 2905; x_wconf 73' lang='lat' dir='ltr'><strong>reservasse,</strong></span> <span class='ocrx_word' id='word_1_258' title='bbox 2208 2834 2450 2903; x_wconf 90' lang='lat' dir='ltr'><strong>nihilque</strong></span> <span class='ocrx_word' id='word_1_259' title='bbox 2481 2833 2770 2899; x_wconf 56' lang='lat' dir='ltr'><strong>scabrum}</strong></span> <span class='ocrx_word' id='word_1_260' title='bbox 2806 2850 2981 2905; x_wconf 80' lang='lat' dir='ltr'><strong>neque</strong></span> <span class='ocrx_word' id='word_1_261' title='bbox 3014 2848 3287 2903; x_wconf 86' lang='lat' dir='ltr'><strong>asperum,</strong></span> <span class='ocrx_word' id='word_1_262' title='bbox 3327 2847 3503 2901; x_wconf 86' lang='lat' dir='ltr'><strong>neque</strong></span> <span class='ocrx_word' id='word_1_263' title='bbox 3534 2833 3695 2885; x_wconf 83' lang='lat' dir='ltr'><strong>addi-</strong></span> 
     </span>
    </p>
   </div>
   <div class='ocr_carea' id='block_1_22' title="bbox 425 2903 3691 2976">
    <p class='ocr_par' dir='ltr' id='par_1_22' title="bbox 425 2903 3691 2976">
     <span class='ocr_line' id='line_1_22' title="bbox 425 2903 3691 2976; baseline -0.002 -16"><span class='ocrx_word' id='word_1_264' title='bbox 425 2916 574 2976; x_wconf 79' lang='lat' dir='ltr'><strong>tum,</strong></span> <span class='ocrx_word' id='word_1_265' title='bbox 596 2903 941 2976; x_wconf 75' lang='lat' dir='ltr'><strong>demptuinve</strong></span> <span class='ocrx_word' id='word_1_266' title='bbox 958 2904 1191 2976; x_wconf 82' lang='lat' dir='ltr'><strong>diligens</strong></span> <span class='ocrx_word' id='word_1_267' title='bbox 1221 2906 1389 2960; x_wconf 91' lang='lat' dir='ltr'><strong>lector</strong></span> <span class='ocrx_word' id='word_1_268' title='bbox 1421 2903 1655 2976; x_wconf 84' lang='lat' dir='ltr'><strong>inveniet</strong></span> <span class='ocrx_word' id='word_1_269' title='bbox 1685 2925 1697 2960; x_wconf 95' lang='lat'>:</span> <span class='ocrx_word' id='word_1_270' title='bbox 1729 2920 1893 2974; x_wconf 87' lang='lat' dir='ltr'><strong>quam</strong></span> <span class='ocrx_word' id='word_1_271' title='bbox 1927 2905 2002 2959; x_wconf 90' lang='lat' dir='ltr'><strong>illi</strong></span> <span class='ocrx_word' id='word_1_272' title='bbox 2036 2904 2193 2958; x_wconf 81' lang='lat' dir='ltr'><strong>ﬁdem</strong></span> <span class='ocrx_word' id='word_1_273' title='bbox 2216 2906 2481 2976; x_wconf 66' lang='lat' dir='ltr'><strong>praemissi</strong></span> <span class='ocrx_word' id='word_1_274' title='bbox 2501 2906 2825 2973; x_wconf 88' lang='lat' dir='ltr'><strong>interpretes</strong></span> <span class='ocrx_word' id='word_1_275' title='bbox 2853 2903 3041 2959; x_wconf 84' lang='lat' dir='ltr'><strong>facere</strong></span> <span class='ocrx_word' id='word_1_276' title='bbox 3068 2919 3172 2957; x_wconf 89' lang='lat' dir='ltr'><strong>non</strong></span> <span class='ocrx_word' id='word_1_277' title='bbox 3199 2913 3691 2976; x_wconf 14' lang='lat' dir='ltr'><strong>prtesumpseru‘nt.</strong></span> 
     </span>
    </p>
   </div>
   <div class='ocr_carea' id='block_1_23' title="bbox 427 2973 3689 3045">
    <p class='ocr_par' dir='ltr' id='par_1_23' title="bbox 427 2973 3689 3045">
     <span class='ocr_line' id='line_1_23' title="bbox 427 2973 3689 3045; baseline -0.002 -15"><span class='ocrx_word' id='word_1_278' title='bbox 427 2975 584 3044; x_wconf 85' lang='lat' dir='ltr'><strong>Quod</strong></span> <span class='ocrx_word' id='word_1_279' title='bbox 607 2973 770 3029; x_wconf 84' lang='lat' dir='ltr'><strong>etiam</strong></span> <span class='ocrx_word' id='word_1_280' title='bbox 800 2985 923 3045; x_wconf 90' lang='lat' dir='ltr'><strong>peto</strong></span> <span class='ocrx_word' id='word_1_281' title='bbox 948 2984 999 3030; x_wconf 90' lang='lat' dir='ltr'><strong>te</strong></span> <span class='ocrx_word' id='word_1_282' title='bbox 1021 2975 1392 3030; x_wconf 82' lang='lat' dir='ltr'><strong>studiosorum</strong></span> <span class='ocrx_word' id='word_1_283' title='bbox 1426 2975 1688 3030; x_wconf 91' lang='lat' dir='ltr'><strong>lectorum</strong></span> <span class='ocrx_word' id='word_1_284' title='bbox 1722 2973 2043 3039; x_wconf 81' lang='lat' dir='ltr'><strong>niaximum,</strong></span> <span class='ocrx_word' id='word_1_285' title='bbox 2069 2986 2231 3043; x_wconf 86' lang='lat' dir='ltr'><strong>atque</strong></span> <span class='ocrx_word' id='word_1_286' title='bbox 2261 2975 2574 3045; x_wconf 85' lang='lat' dir='ltr'><strong>diligentem</strong></span> <span class='ocrx_word' id='word_1_287' title='bbox 2611 2976 2859 3029; x_wconf 86' lang='lat' dir='ltr'><strong>veritatis</strong></span> <span class='ocrx_word' id='word_1_288' title='bbox 2892 2984 3215 3045; x_wconf 78' lang='lat' dir='ltr'><strong>amatorem,</strong></span> <span class='ocrx_word' id='word_1_289' title='bbox 3240 2984 3298 3025; x_wconf 90' lang='lat' dir='ltr'><strong>ut</strong></span> <span class='ocrx_word' id='word_1_290' title='bbox 3319 2974 3562 3045; x_wconf 81' lang='lat' dir='ltr'><strong>etiamtu</strong></span> <span class='ocrx_word' id='word_1_291' title='bbox 3594 2973 3689 3045; x_wconf 73' lang='lat' dir='ltr'><strong>illa</strong></span> 
     </span>
    </p>
   </div>
   <div class='ocr_carea' id='block_1_24' title="bbox 424 3043 3692 3115">
    <p class='ocr_par' dir='ltr' id='par_1_24' title="bbox 424 3043 3692 3115">
     <span class='ocr_line' id='line_1_24' title="bbox 424 3043 3692 3115; baseline -0.003 -13"><span class='ocrx_word' id='word_1_292' title='bbox 424 3043 628 3102; x_wconf 84' lang='lat' dir='ltr'><strong>mentis</strong></span> <span class='ocrx_word' id='word_1_293' title='bbox 658 3043 975 3111; x_wconf 79' lang='lat' dir='ltr'><strong>vivacitate,</strong></span> <span class='ocrx_word' id='word_1_294' title='bbox 1008 3055 1171 3115; x_wconf 89' lang='lat' dir='ltr'><strong>atque</strong></span> <span class='ocrx_word' id='word_1_295' title='bbox 1198 3046 1375 3100; x_wconf 87' lang='lat' dir='ltr'><strong>sancti</strong></span> <span class='ocrx_word' id='word_1_296' title='bbox 1408 3047 1572 3099; x_wconf 90' lang='lat' dir='ltr'><strong>animi</strong></span> <span class='ocrx_word' id='word_1_297' title='bbox 1617 3048 1935 3101; x_wconf 89' lang='lat' dir='ltr'><strong>curiositate</strong></span> <span class='ocrx_word' id='word_1_298' title='bbox 1956 3046 2022 3099; x_wconf 90' lang='lat' dir='ltr'><strong>ad</strong></span> <span class='ocrx_word' id='word_1_299' title='bbox 2058 3060 2246 3099; x_wconf 90' lang='lat' dir='ltr'><strong>eorum</strong></span> <span class='ocrx_word' id='word_1_300' title='bbox 2286 3043 2405 3114; x_wconf 62' lang='lat' dir='ltr'><strong>quia</strong></span> <span class='ocrx_word' id='word_1_301' title='bbox 2434 3046 2577 3101; x_wconf 90' lang='lat' dir='ltr'><strong>dicta</strong></span> <span class='ocrx_word' id='word_1_302' title='bbox 2613 3054 2735 3098; x_wconf 89' lang='lat' dir='ltr'><strong>sunt</strong></span> <span class='ocrx_word' id='word_1_303' title='bbox 2762 3047 3027 3115; x_wconf 83' lang='lat' dir='ltr'><strong>rationem</strong></span> <span class='ocrx_word' id='word_1_304' title='bbox 3061 3043 3572 3115; x_wconf 76' lang='lat' dir='ltr'><strong>relectapervenias</strong></span> <span class='ocrx_word' id='word_1_305' title='bbox 3605 3043 3692 3115; x_wconf 13' lang='lat' dir='ltr'><strong>lei-</strong></span> 
     </span>
    </p>
   </div>
   <div class='ocr_carea' id='block_1_25' title="bbox 425 3113 3693 3186">
    <p class='ocr_par' dir='ltr' id='par_1_25' title="bbox 425 3113 3693 3186">
     <span class='ocr_line' id='line_1_25' title="bbox 425 3113 3693 3186; baseline -0.002 -15"><span class='ocrx_word' id='word_1_306' title='bbox 425 3118 629 3172; x_wconf 87' lang='lat' dir='ltr'><strong>ctione.</strong></span> <span class='ocrx_word' id='word_1_307' title='bbox 659 3115 908 3170; x_wconf 90' lang='lat' dir='ltr'><strong>Invenies</strong></span> <span class='ocrx_word' id='word_1_308' title='bbox 938 3113 1125 3186; x_wconf 84' lang='lat' dir='ltr'><strong>procul</strong></span> <span class='ocrx_word' id='word_1_309' title='bbox 1151 3116 1316 3170; x_wconf 91' lang='lat' dir='ltr'><strong>dubio</strong></span> <span class='ocrx_word' id='word_1_310' title='bbox 1352 3116 1518 3169; x_wconf 90' lang='lat' dir='ltr'><strong>multa</strong></span> <span class='ocrx_word' id='word_1_311' title='bbox 1543 3131 1639 3170; x_wconf 91' lang='lat' dir='ltr'><strong>eos</strong></span> <span class='ocrx_word' id='word_1_312' title='bbox 1664 3117 2078 3185; x_wconf 65' lang='lat' dir='ltr'><strong>praitermisisse</strong></span> <span class='ocrx_word' id='word_1_313' title='bbox 2106 3154 2120 3177; x_wconf 92' lang='lat'><strong>,</strong></span> <span class='ocrx_word' id='word_1_314' title='bbox 2166 3113 2377 3170; x_wconf 85' lang='lat' dir='ltr'><strong>necnon</strong></span> <span class='ocrx_word' id='word_1_315' title='bbox 2406 3126 2460 3169; x_wconf 91' lang='lat' dir='ltr'><strong>et</strong></span> <span class='ocrx_word' id='word_1_316' title='bbox 2505 3116 2788 3186; x_wconf 14' lang='lat' dir='ltr'><strong>addidisse,</strong></span> <span class='ocrx_word' id='word_1_317' title='bbox 2824 3113 3097 3184; x_wconf 85' lang='lat' dir='ltr'><strong>superﬂue</strong></span> <span class='ocrx_word' id='word_1_318' title='bbox 3139 3114 3369 3182; x_wconf 89' lang='lat' dir='ltr'><strong>plurima</strong></span> <span class='ocrx_word' id='word_1_319' title='bbox 3400 3122 3563 3182; x_wconf 87' lang='lat' dir='ltr'><strong>atque</strong></span> <span class='ocrx_word' id='word_1_320' title='bbox 3618 3114 3693 3166; x_wconf 83' lang='lat' dir='ltr'><strong>ab</strong></span> 
     </span>
    </p>
   </div>
   <div class='ocr_carea' id='block_1_26' title="bbox 424 3185 3691 3257">
    <p class='ocr_par' dir='ltr' id='par_1_26' title="bbox 424 3185 3691 3257">
     <span class='ocr_line' id='line_1_26' title="bbox 424 3185 3691 3257; baseline -0.002 -14"><span class='ocrx_word' id='word_1_321' title='bbox 424 3186 746 3257; x_wconf 88' lang='lat' dir='ltr'><strong>interpretis</strong></span> <span class='ocrx_word' id='word_1_322' title='bbox 784 3185 965 3241; x_wconf 88' lang='lat' dir='ltr'><strong>ollicio</strong></span> <span class='ocrx_word' id='word_1_323' title='bbox 998 3186 1210 3256; x_wconf 81' lang='lat' dir='ltr'><strong>longius</strong></span> <span class='ocrx_word' id='word_1_324' title='bbox 1238 3187 1550 3257; x_wconf 79' lang='lat' dir='ltr'><strong>recessisse.</strong></span> <span class='ocrx_word' id='word_1_325' title='bbox 1581 3187 1710 3253; x_wconf 77' lang='lat' dir='ltr'><strong>Quae</strong></span> <span class='ocrx_word' id='word_1_326' title='bbox 1738 3203 1861 3240; x_wconf 90' lang='lat' dir='ltr'><strong>cum</strong></span> <span class='ocrx_word' id='word_1_327' title='bbox 1892 3187 2181 3257; x_wconf 86' lang='lat' dir='ltr'><strong>diligenter</strong></span> <span class='ocrx_word' id='word_1_328' title='bbox 2213 3188 2502 3255; x_wconf 89' lang='lat' dir='ltr'><strong>agnoveris</strong></span> <span class='ocrx_word' id='word_1_329' title='bbox 2524 3226 2538 3250; x_wconf 93' lang='lat'><strong>,</strong></span> <span class='ocrx_word' id='word_1_330' title='bbox 2571 3201 2732 3255; x_wconf 89' lang='lat' dir='ltr'><strong>quem</strong></span> <span class='ocrx_word' id='word_1_331' title='bbox 2778 3185 2958 3255; x_wconf 82' lang='lat' dir='ltr'><strong>legere</strong></span> <span class='ocrx_word' id='word_1_332' title='bbox 2988 3185 3214 3257; x_wconf 70' lang='lat' dir='ltr'><strong>debeas,</strong></span> <span class='ocrx_word' id='word_1_333' title='bbox 3247 3198 3482 3253; x_wconf 80' lang='lat' dir='ltr'><strong>quemVe</strong></span> <span class='ocrx_word' id='word_1_334' title='bbox 3526 3197 3691 3257; x_wconf 87' lang='lat' dir='ltr'><strong>recu—</strong></span> 
     </span>
    </p>
   </div>
   <div class='ocr_carea' id='block_1_27' title="bbox 424 3255 3679 3327">
    <p class='ocr_par' dir='ltr' id='par_1_27' title="bbox 424 3255 3679 3327">
     <span class='ocr_line' id='line_1_27' title="bbox 424 3255 3679 3327; baseline -0.002 -15"><span class='ocrx_word' id='word_1_335' title='bbox 424 3272 547 3313; x_wconf 86' lang='lat' dir='ltr'><strong>sare</strong></span> <span class='ocrx_word' id='word_1_336' title='bbox 572 3255 589 3321; x_wconf 75' lang='lat'><strong>,</strong></span> <span class='ocrx_word' id='word_1_337' title='bbox 619 3256 879 3324; x_wconf 78' lang='lat' dir='ltr'><strong>perfacile</strong></span> <span class='ocrx_word' id='word_1_338' title='bbox 904 3255 1221 3327; x_wconf 82' lang='lat' dir='ltr'><strong>cognosces.</strong></span> <span class='ocrx_word' id='word_1_339' title='bbox 1251 3255 1367 3310; x_wconf 86' lang='lat' dir='ltr'><strong>Non</strong></span> <span class='ocrx_word' id='word_1_340' title='bbox 1406 3271 1535 3310; x_wconf 89' lang='lat' dir='ltr'><strong>vero</strong></span> <span class='ocrx_word' id='word_1_341' title='bbox 1559 3274 1663 3311; x_wconf 87' lang='lat' dir='ltr'><strong>nou</strong></span> <span class='ocrx_word' id='word_1_342' title='bbox 1696 3260 1816 3311; x_wconf 88' lang='lat' dir='ltr'><strong>ideo</strong></span> <span class='ocrx_word' id='word_1_343' title='bbox 1849 3260 1960 3310; x_wconf 68' lang='lat' dir='ltr'><strong>haec</strong></span> <span class='ocrx_word' id='word_1_344' title='bbox 1992 3255 2257 3319; x_wconf 85' lang='lat' dir='ltr'><strong>dicimus,</strong></span> <span class='ocrx_word' id='word_1_345' title='bbox 2290 3258 2434 3324; x_wconf 92' lang='lat' dir='ltr'><strong>quod</strong></span> <span class='ocrx_word' id='word_1_346' title='bbox 2464 3273 2561 3311; x_wconf 90' lang='lat' dir='ltr'><strong>nos</strong></span> <span class='ocrx_word' id='word_1_347' title='bbox 2588 3257 2711 3309; x_wconf 86' lang='lat' dir='ltr'><strong>aliis</strong></span> <span class='ocrx_word' id='word_1_348' title='bbox 2743 3268 3077 3327; x_wconf 87' lang='lat' dir='ltr'><strong>anteponere</strong></span> <span class='ocrx_word' id='word_1_349' title='bbox 3113 3255 3392 3327; x_wconf 81' lang='lat' dir='ltr'><strong>velimus:</strong></span> <span class='ocrx_word' id='word_1_350' title='bbox 3432 3268 3569 3327; x_wconf 88' lang='lat' dir='ltr'><strong>c_um_</strong></span> <span class='ocrx_word' id='word_1_351' title='bbox 3592 3256 3679 3327; x_wconf 89' lang='lat' dir='ltr'><strong>si-_</strong></span> 
     </span>
    </p>
   </div>
   <div class='ocr_carea' id='block_1_28' title="bbox 424 3324 3691 3397">
    <p class='ocr_par' dir='ltr' id='par_1_28' title="bbox 424 3324 3691 3397">
     <span class='ocr_line' id='line_1_28' title="bbox 424 3324 3691 3397; baseline -0.001 -15"><span class='ocrx_word' id='word_1_352' title='bbox 424 3341 546 3382; x_wconf 89' lang='lat' dir='ltr'><strong>mus</strong></span> <span class='ocrx_word' id='word_1_353' title='bbox 576 3328 942 3396; x_wconf 88' lang='lat' dir='ltr'><strong>imperitiores</strong></span> <span class='ocrx_word' id='word_1_354' title='bbox 972 3324 1133 3395; x_wconf 77' lang='lat' dir='ltr'><strong>atque</strong></span> <span class='ocrx_word' id='word_1_355' title='bbox 1163 3327 1489 3397; x_wconf 87' lang='lat' dir='ltr'><strong>abjectiores</strong></span> <span class='ocrx_word' id='word_1_356' title='bbox 1513 3330 1767 3383; x_wconf 91' lang='lat' dir='ltr'><strong>omnibus</strong></span> <span class='ocrx_word' id='word_1_357' title='bbox 1800 3328 2110 3383; x_wconf 90' lang='lat' dir='ltr'><strong>hominibus</strong></span> <span class='ocrx_word' id='word_1_358' title='bbox 2140 3327 2441 3381; x_wconf 88' lang='lat' dir='ltr'><strong>secundum</strong></span> <span class='ocrx_word' id='word_1_359' title='bbox 2474 3327 2790 3395; x_wconf 83' lang='lat' dir='ltr'><strong>Apostolum</strong></span> <span class='ocrx_word' id='word_1_360' title='bbox 2827 3324 3077 3397; x_wconf 70' lang='lat' dir='ltr'><strong>sermone</strong></span> <span class='ocrx_word' id='word_1_361' title='bbox 3098 3366 3112 3390; x_wconf 90' lang='lat'><strong>,</strong></span> <span class='ocrx_word' id='word_1_362' title='bbox 3143 3340 3249 3397; x_wconf 68' lang='lat' dir='ltr'><strong>non</strong></span> <span class='ocrx_word' id='word_1_363' title='bbox 3280 3324 3507 3397; x_wconf 83' lang='lat' dir='ltr'><strong>scientia</strong></span> <span class='ocrx_word' id='word_1_364' title='bbox 3544 3341 3555 3375; x_wconf 91' lang='lat'><strong>:</strong></span> <span class='ocrx_word' id='word_1_365' title='bbox 3587 3324 3691 3378; x_wconf 75' lang='lat' dir='ltr'><strong>sed.</strong></span> 
     </span>
    </p>
   </div>
   <div class='ocr_carea' id='block_1_29' title="bbox 425 3394 3689 3469">
    <p class='ocr_par' dir='ltr' id='par_1_29' title="bbox 425 3394 3689 3469">
     <span class='ocr_line' id='line_1_29' title="bbox 425 3394 3689 3469; baseline -0.001 -19"><span class='ocrx_word' id='word_1_366' title='bbox 425 3394 900 3469; x_wconf 26' lang='lat' dir='ltr'><strong>attentejt’aventes</strong></span> <span class='ocrx_word' id='word_1_367' title='bbox 930 3400 984 3452; x_wconf 91' lang='lat' dir='ltr'><strong>in</strong></span> <span class='ocrx_word' id='word_1_368' title='bbox 1015 3394 1271 3469; x_wconf 74' lang='lat' dir='ltr'><strong>omnibus</strong></span> <span class='ocrx_word' id='word_1_369' title='bbox 1294 3398 1537 3465; x_wconf 61' lang='lat' dir='ltr'><strong>veritas,</strong></span> <span class='ocrx_word' id='word_1_370' title='bbox 1569 3414 1631 3454; x_wconf 93' lang='lat' dir='ltr'><strong>ea</strong></span> <span class='ocrx_word' id='word_1_371' title='bbox 1658 3413 1835 3469; x_wconf 67' lang='lat' dir='ltr'><strong>quam</strong></span> <span class='ocrx_word' id='word_1_372' title='bbox 1864 3398 2020 3453; x_wconf 87' lang='lat' dir='ltr'><strong>nobis</strong></span> <span class='ocrx_word' id='word_1_373' title='bbox 2053 3398 2277 3451; x_wconf 88' lang='lat' dir='ltr'><strong>inventa</strong></span> <span class='ocrx_word' id='word_1_374' title='bbox 2303 3407 2452 3465; x_wconf 82' lang='lat' dir='ltr'><strong>sunt,</strong></span> <span class='ocrx_word' id='word_1_375' title='bbox 2487 3394 2700 3453; x_wconf 86' lang='lat' dir='ltr'><strong>summo</strong></span> <span class='ocrx_word' id='word_1_376' title='bbox 2732 3398 2931 3460; x_wconf 89' lang='lat' dir='ltr'><strong>studio,</strong></span> <span class='ocrx_word' id='word_1_377' title='bbox 2952 3395 3061 3451; x_wconf 85' lang='lat' dir='ltr'><strong>Deo</strong></span> <span class='ocrx_word' id='word_1_378' title='bbox 3079 3394 3433 3465; x_wconf 75' lang='lat' dir='ltr'><strong>sullragante,</strong></span> <span class='ocrx_word' id='word_1_379' title='bbox 3470 3395 3524 3448; x_wconf 90' lang='lat' dir='ltr'><strong>in</strong></span> <span class='ocrx_word' id='word_1_380' title='bbox 3556 3408 3689 3448; x_wconf 87' lang='lat' dir='ltr'><strong>om-</strong></span> 
     </span>
    </p>
   </div>
   <div class='ocr_carea' id='block_1_30' title="bbox 424 3467 1538 3539">
    <p class='ocr_par' dir='ltr' id='par_1_30' title="bbox 424 3467 1538 3539">
     <span class='ocr_line' id='line_1_30' title="bbox 424 3467 1538 3539; baseline -0.001 -16"><span class='ocrx_word' id='word_1_381' title='bbox 424 3468 589 3523; x_wconf 77' lang='lat' dir='ltr'><strong>nibus</strong></span> <span class='ocrx_word' id='word_1_382' title='bbox 623 3467 913 3539; x_wconf 79' lang='lat' dir='ltr'><strong>diligenter</strong></span> <span class='ocrx_word' id='word_1_383' title='bbox 946 3468 1173 3538; x_wconf 85' lang='lat' dir='ltr'><strong>implere</strong></span> <span class='ocrx_word' id='word_1_384' title='bbox 1205 3468 1538 3525; x_wconf 83' lang='lat' dir='ltr'><strong>curavimus.</strong></span> 
     </span>
    </p>
   </div>
   <div class='ocr_carea' id='block_1_31' title="bbox 1509 3688 2586 3747">
    <p class='ocr_par' dir='ltr' id='par_1_31' title="bbox 1509 3688 2586 3747">
     <span class='ocr_line' id='line_1_31' title="bbox 1509 3688 2586 3747; baseline 0.003 -3"><span class='ocrx_word' id='word_1_385' title='bbox 1509 3688 2000 3747; x_wconf 79' lang='lat' dir='ltr'><strong>ARGUMENTUM</strong></span> <span class='ocrx_word' id='word_1_386' title='bbox 2040 3688 2117 3745; x_wconf 83' lang='grc' dir='ltr'><strong>ΙΝ</strong></span> <span class='ocrx_word' id='word_1_387' title='bbox 2148 3688 2409 3744; x_wconf 79' lang='lat' dir='ltr'><strong>LIBRUM</strong></span> <span class='ocrx_word' id='word_1_388' title='bbox 2446 3689 2586 3747; x_wconf 86' lang='lat' dir='ltr'><strong>JOB.</strong></span> 
     </span>
    </p>
   </div>
   <div class='ocr_carea' id='block_1_32' title="bbox 496 3829 3683 3903">
    <p class='ocr_par' dir='ltr' id='par_1_32' title="bbox 496 3829 3683 3903">
     <span class='ocr_line' id='line_1_32' title="bbox 496 3829 3683 3903; baseline -0.001 -16"><span class='ocrx_word' id='word_1_389' title='bbox 496 3832 563 3887; x_wconf 83' lang='lat' dir='ltr'><strong>In</strong></span> <span class='ocrx_word' id='word_1_390' title='bbox 586 3843 729 3886; x_wconf 88' lang='lat' dir='ltr'><strong>terra</strong></span> <span class='ocrx_word' id='word_1_391' title='bbox 758 3833 965 3902; x_wconf 82' lang='lat' dir='ltr'><strong>quidem</strong></span> <span class='ocrx_word' id='word_1_392' title='bbox 991 3833 1255 3889; x_wconf 83' lang='lat' dir='ltr'><strong>habitasse</strong></span> <span class='ocrx_word' id='word_1_393' title='bbox 1276 3834 1377 3889; x_wconf 84' lang='lat' dir='ltr'><strong>Job</strong></span> <span class='ocrx_word' id='word_1_394' title='bbox 1401 3835 1637 3891; x_wconf 83' lang='lat' dir='ltr'><strong>Ausitidi</strong></span> <span class='ocrx_word' id='word_1_395' title='bbox 1660 3837 1727 3889; x_wconf 88' lang='lat' dir='ltr'><strong>in-</strong></span> <span class='ocrx_word' id='word_1_396' title='bbox 1744 3835 1935 3901; x_wconf 84' lang='lat' dir='ltr'><strong>ﬁnibus</strong></span> <span class='ocrx_word' id='word_1_397' title='bbox 1965 3833 2221 3888; x_wconf 73' lang='lat' dir='ltr'><strong>Idumam:</strong></span> <span class='ocrx_word' id='word_1_398' title='bbox 2248 3842 2294 3887; x_wconf 84' lang='lat' dir='ltr'><strong>et</strong></span> <span class='ocrx_word' id='word_1_399' title='bbox 2320 3834 2545 3903; x_wconf 10' lang='lat' dir='ltr'><strong>Arabiae;</strong></span> <span class='ocrx_word' id='word_1_400' title='bbox 2597 3834 2789 3903; x_wconf 84' lang='lat' dir='ltr'><strong>fertur,</strong></span> <span class='ocrx_word' id='word_1_401' title='bbox 2822 3844 2869 3888; x_wconf 87' lang='lat' dir='ltr'><strong>et</strong></span> <span class='ocrx_word' id='word_1_402' title='bbox 2901 3844 3014 3888; x_wconf 89' lang='lat' dir='ltr'><strong>erat</strong></span> <span class='ocrx_word' id='word_1_403' title='bbox 3044 3833 3091 3888; x_wconf 86' lang='lat' dir='ltr'><strong>ei</strong></span> <span class='ocrx_word' id='word_1_404' title='bbox 3116 3843 3235 3886; x_wconf 83' lang='lat' dir='ltr'><strong>ante</strong></span> <span class='ocrx_word' id='word_1_405' title='bbox 3264 3829 3683 3903; x_wconf 83' lang='lat' dir='ltr'><strong>nomen_Jobab.</strong></span> 
     </span>
    </p>
   </div>
   <div class='ocr_carea' id='block_1_33' title="bbox 420 3899 3689 3974">
    <p class='ocr_par' dir='ltr' id='par_1_33' title="bbox 420 3899 3689 3974">
     <span class='ocr_line' id='line_1_33' title="bbox 420 3899 3689 3974; baseline -0.001 -16"><span class='ocrx_word' id='word_1_406' title='bbox 420 3904 489 3958; x_wconf 83' lang='lat' dir='ltr'><strong>Et</strong></span> <span class='ocrx_word' id='word_1_407' title='bbox 519 3904 712 3970; x_wconf 86' lang='lat' dir='ltr'><strong>accepit</strong></span> <span class='ocrx_word' id='word_1_408' title='bbox 752 3899 970 3957; x_wconf 74' lang='lat' dir='ltr'><strong>uxorem</strong></span> <span class='ocrx_word' id='word_1_409' title='bbox 1000 3904 1307 3959; x_wconf 82' lang='lat' dir='ltr'><strong>Arabissam</strong></span> <span class='ocrx_word' id='word_1_410' title='bbox 1332 3945 1346 3969; x_wconf 96' lang='lat'><strong>,</strong></span> <span class='ocrx_word' id='word_1_411' title='bbox 1382 3917 1427 3959; x_wconf 87' lang='lat' dir='ltr'><strong>et</strong></span> <span class='ocrx_word' id='word_1_412' title='bbox 1470 3906 1650 3973; x_wconf 84' lang='lat' dir='ltr'><strong>genuit</strong></span> <span class='ocrx_word' id='word_1_413' title='bbox 1677 3899 1845 3972; x_wconf 79' lang='lat' dir='ltr'><strong>ﬁlium</strong></span> <span class='ocrx_word' id='word_1_414' title='bbox 1872 3921 2019 3974; x_wconf 85' lang='lat' dir='ltr'><strong>quem</strong></span> <span class='ocrx_word' id='word_1_415' title='bbox 2065 3906 2264 3958; x_wconf 84' lang='lat' dir='ltr'><strong>vocavit</strong></span> <span class='ocrx_word' id='word_1_416' title='bbox 2299 3904 2473 3959; x_wconf 85' lang='lat' dir='ltr'><strong>Enon.</strong></span> <span class='ocrx_word' id='word_1_417' title='bbox 2512 3899 2647 3957; x_wconf 81' lang='lat' dir='ltr'><strong>Erat</strong></span> <span class='ocrx_word' id='word_1_418' title='bbox 2675 3914 2851 3957; x_wconf 88' lang='lat' dir='ltr'><strong>autem</strong></span> <span class='ocrx_word' id='word_1_419' title='bbox 2891 3908 2999 3971; x_wconf 85' lang='lat' dir='ltr'><strong>ipse</strong></span> <span class='ocrx_word' id='word_1_420' title='bbox 3036 3904 3180 3972; x_wconf 81' lang='lat' dir='ltr'><strong>ﬁlius</strong></span> <span class='ocrx_word' id='word_1_421' title='bbox 3206 3904 3415 3972; x_wconf 80' lang='lat' dir='ltr'><strong>quidem</strong></span> <span class='ocrx_word' id='word_1_422' title='bbox 3441 3899 3579 3952; x_wconf 87' lang='lat' dir='ltr'><strong>Zare</strong></span> <span class='ocrx_word' id='word_1_423' title='bbox 3619 3906 3689 3954; x_wconf 76' lang='lat' dir='ltr'><strong>1e</strong></span> 
     </span>
    </p>
   </div>
   <div class='ocr_carea' id='block_1_34' title="bbox 423 3974 3685 4045">
    <p class='ocr_par' dir='ltr' id='par_1_34' title="bbox 423 3974 3685 4045">
     <span class='ocr_line' id='line_1_34' title="bbox 423 3974 3685 4045; baseline -0.002 -17"><span class='ocrx_word' id='word_1_424' title='bbox 423 3974 569 4028; x_wconf 75' lang='lat' dir='ltr'><strong>Esau</strong></span> <span class='ocrx_word' id='word_1_425' title='bbox 588 3974 715 4042; x_wconf 84' lang='lat' dir='ltr'><strong>ﬁliis</strong></span> <span class='ocrx_word' id='word_1_426' title='bbox 749 3974 920 4040; x_wconf 78' lang='lat' dir='ltr'><strong>ﬁlius,</strong></span> <span class='ocrx_word' id='word_1_427' title='bbox 947 3975 1010 4027; x_wconf 88' lang='lat' dir='ltr'><strong>de</strong></span> <span class='ocrx_word' id='word_1_428' title='bbox 1036 3986 1204 4027; x_wconf 85' lang='lat' dir='ltr'><strong>matre</strong></span> <span class='ocrx_word' id='word_1_429' title='bbox 1231 3992 1349 4028; x_wconf 85' lang='lat' dir='ltr'><strong>vero</strong></span> <span class='ocrx_word' id='word_1_430' title='bbox 1380 3974 1572 4038; x_wconf 89' lang='lat' dir='ltr'><strong>Bosra,</strong></span> <span class='ocrx_word' id='word_1_431' title='bbox 1598 3976 1675 4028; x_wconf 81' lang='lat' dir='ltr'><strong>ita</strong></span> <span class='ocrx_word' id='word_1_432' title='bbox 1704 3987 1756 4027; x_wconf 91' lang='lat' dir='ltr'><strong>ut</strong></span> <span class='ocrx_word' id='word_1_433' title='bbox 1792 3978 1857 4027; x_wconf 81' lang='lat' dir='ltr'><strong>sit</strong></span> <span class='ocrx_word' id='word_1_434' title='bbox 1891 3976 2109 4045; x_wconf 83' lang='lat' dir='ltr'><strong>quintus</strong></span> <span class='ocrx_word' id='word_1_435' title='bbox 2146 3976 2211 4027; x_wconf 90' lang='lat' dir='ltr'><strong>ab</strong></span> <span class='ocrx_word' id='word_1_436' title='bbox 2256 3977 2548 4045; x_wconf 66' lang='lat' dir='ltr'><strong>Abraham.</strong></span> <span class='ocrx_word' id='word_1_437' title='bbox 2586 3974 2653 4029; x_wconf 86' lang='lat' dir='ltr'><strong>Et</strong></span> <span class='ocrx_word' id='word_1_438' title='bbox 2692 3975 2745 4045; x_wconf 69' lang='lat' dir='ltr'><strong>hi</strong></span> <span class='ocrx_word' id='word_1_439' title='bbox 2779 3987 2897 4029; x_wconf 89' lang='lat' dir='ltr'><strong>sunt</strong></span> <span class='ocrx_word' id='word_1_440' title='bbox 2928 3991 3072 4042; x_wconf 83' lang='lat' dir='ltr'><strong>reges</strong></span> <span class='ocrx_word' id='word_1_441' title='bbox 3108 3976 3196 4042; x_wconf 84' lang='lat' dir='ltr'><strong>qui</strong></span> <span class='ocrx_word' id='word_1_442' title='bbox 3228 3983 3575 4045; x_wconf 79' lang='lat' dir='ltr'><strong>regnaverunt</strong></span> <span class='ocrx_word' id='word_1_443' title='bbox 3625 3975 3685 4045; x_wconf 66' lang='lat' dir='ltr'><strong>in</strong></span> 
     </span>
    </p>
   </div>
   <div class='ocr_carea' id='block_1_35' title="bbox 424 4042 3688 4115">
    <p class='ocr_par' dir='ltr' id='par_1_35' title="bbox 424 4042 3688 4115">
     <span class='ocr_line' id='line_1_35' title="bbox 424 4042 3688 4115; baseline -0.001 -19"><span class='ocrx_word' id='word_1_444' title='bbox 424 4045 627 4115; x_wconf 59' lang='lat' dir='ltr'><strong>(idem,</strong></span> <span class='ocrx_word' id='word_1_445' title='bbox 657 4045 725 4115; x_wconf 53' lang='lat' dir='ltr'><strong>iri</strong></span> <span class='ocrx_word' id='word_1_446' title='bbox 745 4060 865 4115; x_wconf 12' lang='lat' dir='ltr'><strong>qua!</strong></span> <span class='ocrx_word' id='word_1_447' title='bbox 889 4052 940 4096; x_wconf 89' lang='lat' dir='ltr'><strong>et</strong></span> <span class='ocrx_word' id='word_1_448' title='bbox 967 4045 1077 4111; x_wconf 80' lang='lat' dir='ltr'><strong>ipse</strong></span> <span class='ocrx_word' id='word_1_449' title='bbox 1110 4048 1383 4115; x_wconf 83' lang='lat' dir='ltr'><strong>regnavit,</strong></span> <span class='ocrx_word' id='word_1_450' title='bbox 1425 4048 1514 4098; x_wconf 87' lang='lat' dir='ltr'><strong>sed</strong></span> <span class='ocrx_word' id='word_1_451' title='bbox 1547 4047 1748 4111; x_wconf 85' lang='lat' dir='ltr'><strong>primus</strong></span> <span class='ocrx_word' id='word_1_452' title='bbox 1776 4046 1831 4097; x_wconf 85' lang='lat' dir='ltr'><strong>in</strong></span> <span class='ocrx_word' id='word_1_453' title='bbox 1873 4042 1936 4098; x_wconf 79' lang='lat' dir='ltr'><strong>ea</strong></span> <span class='ocrx_word' id='word_1_454' title='bbox 1970 4045 2205 4114; x_wconf 83' lang='lat' dir='ltr'><strong>regnavit</strong></span> <span class='ocrx_word' id='word_1_455' title='bbox 2246 4044 2668 4115; x_wconf 37' lang='lat' dir='ltr'><strong>Batonem/ilius</strong></span> <span class='ocrx_word' id='word_1_456' title='bbox 2700 4044 2861 4103; x_wconf 88' lang='lat' dir='ltr'><strong>Beor.</strong></span> <span class='ocrx_word' id='word_1_457' title='bbox 2893 4055 2940 4097; x_wconf 91' lang='lat' dir='ltr'><strong>et</strong></span> <span class='ocrx_word' id='word_1_458' title='bbox 2972 4060 3155 4115; x_wconf 81' lang='lat' dir='ltr'><strong>nomen</strong></span> <span class='ocrx_word' id='word_1_459' title='bbox 3186 4042 3419 4115; x_wconf 74' lang='lat' dir='ltr'><strong>ejusdem</strong></span> <span class='ocrx_word' id='word_1_460' title='bbox 3453 4043 3688 4115; x_wconf 70' lang='lat' dir='ltr'><strong>ciuitatis</strong></span> 
     </span>
    </p>
   </div>
   <div class='ocr_carea' id='block_1_36' title="bbox 423 4112 3690 4183">
    <p class='ocr_par' dir='ltr' id='par_1_36' title="bbox 423 4112 3690 4183">
     <span class='ocr_line' id='line_1_36' title="bbox 423 4112 3690 4183; baseline -0.001 -16"><span class='ocrx_word' id='word_1_461' title='bbox 423 4114 660 4183; x_wconf 59' lang='lat' dir='ltr'><strong>Qenaba.</strong></span> <span class='ocrx_word' id='word_1_462' title='bbox 688 4112 814 4166; x_wconf 82' lang='lat' dir='ltr'><strong>Post</strong></span> <span class='ocrx_word' id='word_1_463' title='bbox 845 4113 982 4166; x_wconf 86' lang='lat' dir='ltr'><strong>hunc</strong></span> <span class='ocrx_word' id='word_1_464' title='bbox 1007 4112 1182 4183; x_wconf 80' lang='lat' dir='ltr'><strong>autern</strong></span> <span class='ocrx_word' id='word_1_465' title='bbox 1210 4115 1435 4177; x_wconf 81' lang='lat' dir='ltr'><strong>Batnae,</strong></span> <span class='ocrx_word' id='word_1_466' title='bbox 1463 4126 1578 4176; x_wconf 80' lang='lat' dir='ltr'><strong>post</strong></span> <span class='ocrx_word' id='word_1_467' title='bbox 1608 4132 1726 4168; x_wconf 89' lang='lat' dir='ltr'><strong>eum</strong></span> <span class='ocrx_word' id='word_1_468' title='bbox 1756 4115 1925 4167; x_wconf 86' lang='lat' dir='ltr'><strong>Jobab</strong></span> <span class='ocrx_word' id='word_1_469' title='bbox 1947 4112 2043 4183; x_wconf 78' lang='lat' dir='ltr'><strong>qui</strong></span> <span class='ocrx_word' id='word_1_470' title='bbox 2068 4124 2286 4167; x_wconf 88' lang='lat' dir='ltr'><strong>vocatur</strong></span> <span class='ocrx_word' id='word_1_471' title='bbox 2322 4114 2446 4169; x_wconf 86' lang='lat' dir='ltr'><strong>Job.</strong></span> <span class='ocrx_word' id='word_1_472' title='bbox 2478 4113 2605 4168; x_wconf 87' lang='lat' dir='ltr'><strong>Post</strong></span> <span class='ocrx_word' id='word_1_473' title='bbox 2632 4115 2733 4167; x_wconf 86' lang='lat' dir='ltr'><strong>Job</strong></span> <span class='ocrx_word' id='word_1_474' title='bbox 2770 4122 2943 4167; x_wconf 90' lang='lat' dir='ltr'><strong>autem</strong></span> <span class='ocrx_word' id='word_1_475' title='bbox 2978 4114 3205 4177; x_wconf 82' lang='lat' dir='ltr'><strong>Husam,</strong></span> <span class='ocrx_word' id='word_1_476' title='bbox 3236 4114 3323 4182; x_wconf 87' lang='lat' dir='ltr'><strong>qui</strong></span> <span class='ocrx_word' id='word_1_477' title='bbox 3345 4122 3459 4164; x_wconf 87' lang='lat' dir='ltr'><strong>erat</strong></span> <span class='ocrx_word' id='word_1_478' title='bbox 3486 4112 3690 4183; x_wconf 46' lang='grc' dir='ltr'><strong>(ιη-ρας</strong></span> 
     </span>
    </p>
   </div>
   <div class='ocr_carea' id='block_1_37' title="bbox 424 4176 3685 4307">
    <p class='ocr_par' dir='ltr' id='par_1_37' title="bbox 424 4176 3685 4307">
     <span class='ocr_line' id='line_1_37' title="bbox 424 4176 3685 4257; baseline -0.001 -20"><span class='ocrx_word' id='word_1_479' title='bbox 424 4182 816 4237; x_wconf 79' lang='lat' dir='ltr'><strong>Themanarum</strong></span> <span class='ocrx_word' id='word_1_480' title='bbox 846 4186 1071 4251; x_wconf 89' lang='lat' dir='ltr'><strong>regione.</strong></span> <span class='ocrx_word' id='word_1_481' title='bbox 1108 4182 1176 4237; x_wconf 85' lang='lat' dir='ltr'><strong>Et</strong></span> <span class='ocrx_word' id='word_1_482' title='bbox 1201 4176 1491 4253; x_wconf 82' lang='lat' dir='ltr'><strong>pastillum</strong></span> <span class='ocrx_word' id='word_1_483' title='bbox 1516 4189 1747 4255; x_wconf 86' lang='lat' dir='ltr'><strong>regnavit</strong></span> <span class='ocrx_word' id='word_1_484' title='bbox 1772 4186 1926 4238; x_wconf 84' lang='lat' dir='ltr'><strong>Adad</strong></span> <span class='ocrx_word' id='word_1_485' title='bbox 1956 4176 2099 4253; x_wconf 70' lang='lat' dir='ltr'><strong>ﬁlius</strong></span> <span class='ocrx_word' id='word_1_486' title='bbox 2127 4183 2339 4251; x_wconf 83' lang='lat' dir='ltr'><strong>Badad,</strong></span> <span class='ocrx_word' id='word_1_487' title='bbox 2380 4187 2472 4257; x_wconf 81' lang='lat' dir='ltr'><strong>qui</strong></span> <span class='ocrx_word' id='word_1_488' title='bbox 2499 4186 2695 4241; x_wconf 71' lang='lat' dir='ltr'><strong>excidit</strong></span> <span class='ocrx_word' id='word_1_489' title='bbox 2725 4183 2966 4245; x_wconf 77' lang='lat' dir='ltr'><strong>Modiam</strong></span> <span class='ocrx_word' id='word_1_490' title='bbox 2991 4184 3046 4238; x_wconf 86' lang='lat' dir='ltr'><strong>in</strong></span> <span class='ocrx_word' id='word_1_491' title='bbox 3073 4176 3257 4255; x_wconf 79' lang='lat' dir='ltr'><strong>campo</strong></span> <span class='ocrx_word' id='word_1_492' title='bbox 3292 4183 3472 4249; x_wconf 81' lang='lat' dir='ltr'><strong>Moab,</strong></span> <span class='ocrx_word' id='word_1_493' title='bbox 3507 4192 3554 4235; x_wconf 89' lang='lat' dir='ltr'><strong>et</strong></span> <span class='ocrx_word' id='word_1_494' title='bbox 3583 4176 3685 4235; x_wconf 67' lang='lat' dir='ltr'><strong>n&#39;o-</strong></span> 
     </span>
     <span class='ocr_line' id='line_1_38' title="bbox 424 4254 1159 4307; baseline 0.003 -2"><span class='ocrx_word' id='word_1_495' title='bbox 424 4269 543 4307; x_wconf 71' lang='lat' dir='ltr'><strong>men</strong></span> <span class='ocrx_word' id='word_1_496' title='bbox 570 4254 801 4307; x_wconf 79' lang='lat' dir='ltr'><strong>civitatis</strong></span> <span class='ocrx_word' id='word_1_497' title='bbox 835 4254 951 4307; x_wconf 82' lang='lat' dir='ltr'><strong>eius</strong></span> <span class='ocrx_word' id='word_1_498' title='bbox 983 4254 1159 4307; x_wconf 83' lang='lat' dir='ltr'><strong>Avith.</strong></span> 
     </span>
    </p>
   </div>
   <div class='ocr_carea' id='block_1_38' title="bbox 423 4262 1159 4323">
    <p class='ocr_par' dir='ltr' id='par_1_38' title="bbox 423 4262 1159 4323">
     <span class='ocr_line' id='line_1_39' title="bbox 423 4262 1159 4323; baseline 0.001 -17"><span class='ocrx_word' id='word_1_499' title='bbox 423 4269 543 4307; x_wconf 71' lang='lat' dir='ltr'><strong>men</strong></span> <span class='ocrx_word' id='word_1_500' title='bbox 570 4262 801 4311; x_wconf 81' lang='lat' dir='ltr'><strong>civitatis</strong></span> <span class='ocrx_word' id='word_1_501' title='bbox 835 4262 951 4323; x_wconf 77' lang='lat' dir='ltr'><strong>ejus</strong></span> <span class='ocrx_word' id='word_1_502' title='bbox 983 4262 1159 4315; x_wconf 78' lang='lat' dir='ltr'><strong>Avith.</strong></span> 
     </span>
    </p>
   </div>
   <div class='ocr_carea' id='block_1_39' title="bbox 1010 4552 3079 4649">
    <p class='ocr_par' dir='ltr' id='par_1_39' title="bbox 1010 4552 3079 4649">
     <span class='ocr_line' id='line_1_40' title="bbox 1010 4552 3079 4649; baseline -0.002 -4"><span class='ocrx_word' id='word_1_503' title='bbox 1010 4555 1581 4649; x_wconf 89' lang='lat' dir='ltr'><strong>ANONYMI</strong></span> <span class='ocrx_word' id='word_1_504' title='bbox 1666 4556 1789 4643; x_wconf 86' lang='grc' dir='ltr'><strong>ΙΝ</strong></span> <span class='ocrx_word' id='word_1_505' title='bbox 1865 4552 2083 4645; x_wconf 88' lang='lat' dir='ltr'><strong>JOB</strong></span> <span class='ocrx_word' id='word_1_506' title='bbox 2156 4555 2518 4644; x_wconf 81' lang='lat' dir='ltr'><strong>LIBER</strong></span> <span class='ocrx_word' id='word_1_507' title='bbox 2589 4554 3079 4645; x_wconf 77' lang='lat' dir='ltr'><strong>PRIMUS.</strong></span> 
     </span>
    </p>
   </div>
   <div class='ocr_carea' id='block_1_40' title="bbox 487 4879 3686 4958">
    <p class='ocr_par' dir='ltr' id='par_1_40' title="bbox 487 4879 3686 4958">
     <span class='ocr_line' id='line_1_41' title="bbox 487 4879 3686 4958; baseline 0.002 -22"><span class='ocrx_word' id='word_1_508' title='bbox 487 4879 645 4937; x_wconf 88' lang='lat' dir='ltr'><strong>Sicut</strong></span> <span class='ocrx_word' id='word_1_509' title='bbox 685 4883 812 4938; x_wconf 69' lang='grc' dir='ltr'><strong>(ιωὶί</strong></span> <span class='ocrx_word' id='word_1_510' title='bbox 856 4883 1146 4939; x_wconf 89' lang='lat' dir='ltr'><strong>luminaria</strong></span> <span class='ocrx_word' id='word_1_511' title='bbox 1197 4900 1261 4940; x_wconf 93' lang='lat' dir='ltr'><strong>ac</strong></span> <span class='ocrx_word' id='word_1_512' title='bbox 1310 4885 1488 4941; x_wconf 85' lang='lat' dir='ltr'><strong>sidera</strong></span> <span class='ocrx_word' id='word_1_513' title='bbox 1541 4885 1597 4939; x_wconf 91' lang='lat' dir='ltr'><strong>in</strong></span> <span class='ocrx_word' id='word_1_514' title='bbox 1642 4885 1990 4941; x_wconf 78' lang='lat' dir='ltr'><strong>firmamento</strong></span> <span class='ocrx_word' id='word_1_515' title='bbox 2021 4899 2068 4958; x_wconf 77' lang='grc' dir='ltr'><strong>Α</strong></span> <span class='ocrx_word' id='word_1_516' title='bbox 2097 4902 2197 4942; x_wconf 90' lang='lat' dir='ltr'><strong>nes</strong></span> <span class='ocrx_word' id='word_1_517' title='bbox 2239 4896 2293 4943; x_wconf 90' lang='lat' dir='ltr'><strong>et</strong></span> <span class='ocrx_word' id='word_1_518' title='bbox 2333 4888 2714 4958; x_wconf 84' lang='lat' dir='ltr'><strong>generationes</strong></span> <span class='ocrx_word' id='word_1_519' title='bbox 2750 4887 3072 4942; x_wconf 83' lang='lat' dir='ltr'><strong>mirabiliter</strong></span> <span class='ocrx_word' id='word_1_520' title='bbox 3108 4887 3386 4951; x_wconf 85' lang='lat' dir='ltr'><strong>relucent,</strong></span> <span class='ocrx_word' id='word_1_521' title='bbox 3424 4887 3526 4942; x_wconf 89' lang='lat' dir='ltr'><strong>alia</strong></span> <span class='ocrx_word' id='word_1_522' title='bbox 3552 4888 3686 4957; x_wconf 88' lang='lat' dir='ltr'><strong>qui-</strong></span> 
     </span>
    </p>
   </div>
   <div class='ocr_carea' id='block_1_41' title="bbox 417 4974 3690 5049">
    <p class='ocr_par' dir='ltr' id='par_1_41' title="bbox 417 4974 3690 5049">
     <span class='ocr_line' id='line_1_42' title="bbox 417 4974 3690 5049; baseline 0.002 -18"><span class='ocrx_word' id='word_1_523' title='bbox 417 4974 538 5031; x_wconf 71' lang='lat' dir='ltr'><strong>cmli</strong></span> <span class='ocrx_word' id='word_1_524' title='bbox 589 4992 617 5028; x_wconf 91' lang='lat' dir='ltr'><strong>a</strong></span> <span class='ocrx_word' id='word_1_525' title='bbox 662 4975 773 5029; x_wconf 88' lang='lat' dir='ltr'><strong>Deo</strong></span> <span class='ocrx_word' id='word_1_526' title='bbox 815 4977 1009 5031; x_wconf 85' lang='lat' dir='ltr'><strong>collata</strong></span> <span class='ocrx_word' id='word_1_527' title='bbox 1057 4978 1270 5032; x_wconf 89' lang='lat' dir='ltr'><strong>cunctis</strong></span> <span class='ocrx_word' id='word_1_528' title='bbox 1316 4979 1688 5033; x_wconf 86' lang='lat' dir='ltr'><strong>indesinenter</strong></span> <span class='ocrx_word' id='word_1_529' title='bbox 1730 4994 1852 5047; x_wconf 63' lang='lat' dir='ltr'><strong>quae</strong></span> <span class='ocrx_word' id='word_1_530' title='bbox 1895 4980 1995 5034; x_wconf 89' lang='lat' dir='ltr'><strong>sub</strong></span> <span class='ocrx_word' id='word_1_531' title='bbox 2100 4980 2222 5034; x_wconf 89' lang='lat' dir='ltr'><strong>dem</strong></span> <span class='ocrx_word' id='word_1_532' title='bbox 2250 4996 2346 5049; x_wconf 91' lang='lat' dir='ltr'><strong>per</strong></span> <span class='ocrx_word' id='word_1_533' title='bbox 2378 4992 2703 5046; x_wconf 85' lang='lat' dir='ltr'><strong>noctem,ut</strong></span> <span class='ocrx_word' id='word_1_534' title='bbox 2728 4984 2855 5036; x_wconf 88' lang='lat' dir='ltr'><strong>luna</strong></span> <span class='ocrx_word' id='word_1_535' title='bbox 2884 4991 2938 5035; x_wconf 88' lang='lat' dir='ltr'><strong>et</strong></span> <span class='ocrx_word' id='word_1_536' title='bbox 2958 4980 3150 5045; x_wconf 74' lang='lat' dir='ltr'><strong>stellze,</strong></span> <span class='ocrx_word' id='word_1_537' title='bbox 3188 4981 3292 5034; x_wconf 89' lang='lat' dir='ltr'><strong>alia</strong></span> <span class='ocrx_word' id='word_1_538' title='bbox 3322 4981 3690 5037; x_wconf 85' lang='lat' dir='ltr'><strong>nihilominus</strong></span> 
     </span>
    </p>
   </div>
   <div class='ocr_carea' id='block_1_42' title="bbox 418 5066 3688 5142">
    <p class='ocr_par' dir='ltr' id='par_1_42' title="bbox 418 5066 3688 5142">
     <span class='ocr_line' id='line_1_43' title="bbox 418 5066 3688 5142; baseline 0.001 -22"><span class='ocrx_word' id='word_1_539' title='bbox 418 5066 559 5121; x_wconf 65' lang='lat' dir='ltr'><strong>caelo</strong></span> <span class='ocrx_word' id='word_1_540' title='bbox 602 5076 730 5121; x_wconf 89' lang='lat' dir='ltr'><strong>sunt</strong></span> <span class='ocrx_word' id='word_1_541' title='bbox 762 5066 1006 5138; x_wconf 82' lang='lat' dir='ltr'><strong>fulgent,</strong></span> <span class='ocrx_word' id='word_1_542' title='bbox 1040 5079 1202 5139; x_wconf 90' lang='lat' dir='ltr'><strong>atque</strong></span> <span class='ocrx_word' id='word_1_543' title='bbox 1238 5070 1494 5126; x_wconf 86' lang='lat' dir='ltr'><strong>omnibus</strong></span> <span class='ocrx_word' id='word_1_544' title='bbox 1533 5085 1652 5139; x_wconf 69' lang='lat' dir='ltr'><strong>quae</strong></span> <span class='ocrx_word' id='word_1_545' title='bbox 1692 5086 1857 5141; x_wconf 91' lang='lat' dir='ltr'><strong>super</strong></span> <span class='ocrx_word' id='word_1_546' title='bbox 1890 5083 1995 5126; x_wconf 88' lang='lat' dir='ltr'><strong>ter-</strong></span> <span class='ocrx_word' id='word_1_547' title='bbox 2100 5086 2198 5140; x_wconf 89' lang='lat' dir='ltr'><strong>per</strong></span> <span class='ocrx_word' id='word_1_548' title='bbox 2232 5071 2373 5125; x_wconf 86' lang='lat' dir='ltr'><strong>diem</strong></span> <span class='ocrx_word' id='word_1_549' title='bbox 2401 5111 2417 5137; x_wconf 95' lang='lat'><strong>,</strong></span> <span class='ocrx_word' id='word_1_550' title='bbox 2460 5080 2521 5124; x_wconf 92' lang='lat' dir='ltr'><strong>ut</strong></span> <span class='ocrx_word' id='word_1_551' title='bbox 2549 5072 2681 5126; x_wconf 92' lang='lat' dir='ltr'><strong>solis</strong></span> <span class='ocrx_word' id='word_1_552' title='bbox 2715 5072 3105 5142; x_wconf 87' lang='lat' dir='ltr'><strong>speciosissimi</strong></span> <span class='ocrx_word' id='word_1_553' title='bbox 3145 5072 3277 5125; x_wconf 89' lang='lat' dir='ltr'><strong>radii</strong></span> <span class='ocrx_word' id='word_1_554' title='bbox 3307 5089 3320 5126; x_wconf 90' lang='lat'><strong>:</strong></span> <span class='ocrx_word' id='word_1_555' title='bbox 3350 5070 3429 5125; x_wconf 91' lang='lat' dir='ltr'><strong>sic</strong></span> <span class='ocrx_word' id='word_1_556' title='bbox 3455 5080 3507 5124; x_wconf 85' lang='lat' dir='ltr'><strong>et</strong></span> <span class='ocrx_word' id='word_1_557' title='bbox 3548 5085 3688 5124; x_wconf 88' lang='lat' dir='ltr'><strong>san-</strong></span> 
     </span>
    </p>
   </div>
   <div class='ocr_carea' id='block_1_43' title="bbox 417 5161 3684 5235">
    <p class='ocr_par' dir='ltr' id='par_1_43' title="bbox 417 5161 3684 5235">
     <span class='ocr_line' id='line_1_44' title="bbox 417 5161 3684 5235; baseline 0.002 -24"><span class='ocrx_word' id='word_1_558' title='bbox 417 5172 537 5211; x_wconf 87' lang='lat' dir='ltr'><strong>ram</strong></span> <span class='ocrx_word' id='word_1_559' title='bbox 566 5166 693 5213; x_wconf 91' lang='lat' dir='ltr'><strong>sunt</strong></span> <span class='ocrx_word' id='word_1_560' title='bbox 717 5172 814 5228; x_wconf 86' lang='lat' dir='ltr'><strong>per</strong></span> <span class='ocrx_word' id='word_1_561' title='bbox 847 5168 1091 5229; x_wconf 86' lang='lat' dir='ltr'><strong>tempora</strong></span> <span class='ocrx_word' id='word_1_562' title='bbox 1124 5175 1187 5215; x_wconf 89' lang='lat' dir='ltr'><strong>ac</strong></span> <span class='ocrx_word' id='word_1_563' title='bbox 1221 5169 1467 5231; x_wconf 88' lang='lat' dir='ltr'><strong>tempora</strong></span> <span class='ocrx_word' id='word_1_564' title='bbox 1494 5199 1508 5226; x_wconf 90' lang='lat'><strong>,</strong></span> <span class='ocrx_word' id='word_1_565' title='bbox 1551 5176 1648 5231; x_wconf 88' lang='lat' dir='ltr'><strong>per</strong></span> <span class='ocrx_word' id='word_1_566' title='bbox 1680 5161 1995 5232; x_wconf 87' lang='lat' dir='ltr'><strong>generatio-</strong></span> <span class='ocrx_word' id='word_1_567' title='bbox 2102 5172 2311 5217; x_wconf 78' lang='lat' dir='ltr'><strong>ciorum</strong></span> <span class='ocrx_word' id='word_1_568' title='bbox 2344 5162 2562 5219; x_wconf 83' lang='lat' dir='ltr'><strong>virtutis</strong></span> <span class='ocrx_word' id='word_1_569' title='bbox 2609 5164 2844 5235; x_wconf 81' lang='lat' dir='ltr'><strong>insignia</strong></span> <span class='ocrx_word' id='word_1_570' title='bbox 2874 5203 2890 5231; x_wconf 92' lang='lat'><strong>,</strong></span> <span class='ocrx_word' id='word_1_571' title='bbox 2926 5174 3088 5233; x_wconf 89' lang='lat' dir='ltr'><strong>atque</strong></span> <span class='ocrx_word' id='word_1_572' title='bbox 3138 5163 3440 5219; x_wconf 85' lang='lat' dir='ltr'><strong>beatissimi</strong></span> <span class='ocrx_word' id='word_1_573' title='bbox 3484 5176 3684 5217; x_wconf 88' lang='lat' dir='ltr'><strong>eorum</strong></span> 
     </span>
    </p>
   </div>
   <div class='ocr_carea' id='block_1_44' title="bbox 485 5309 3686 5394">
    <p class='ocr_par' dir='ltr' id='par_1_44' title="bbox 485 5309 3686 5394">
     <span class='ocr_line' id='line_1_45' title="bbox 485 5309 3686 5394; baseline 0.002 -28"><span class='ocrx_word' id='word_1_574' title='bbox 485 5309 564 5393; x_wconf 82' lang='lat' dir='ltr'><strong>(I)</strong></span> <span class='ocrx_word' id='word_1_575' title='bbox 608 5312 906 5394; x_wconf 60' lang='lat' dir='ltr'><strong>duonyrni,</strong></span> <span class='ocrx_word' id='word_1_576' title='bbox 938 5322 1045 5369; x_wconf 90' lang='lat' dir='ltr'><strong>etc.</strong></span> <span class='ocrx_word' id='word_1_577' title='bbox 1066 5313 1142 5394; x_wconf 85' lang='lat' dir='ltr'><strong>_In_</strong></span> <span class='ocrx_word' id='word_1_578' title='bbox 1178 5314 1409 5394; x_wconf 85' lang='lat' dir='ltr'><strong>vulgatis</strong></span> <span class='ocrx_word' id='word_1_579' title='bbox 1450 5324 1606 5370; x_wconf 89' lang='lat' dir='ltr'><strong>antea</strong></span> <span class='ocrx_word' id='word_1_580' title='bbox 1632 5316 1766 5394; x_wconf 81' lang='lat' dir='ltr'><strong>editi</strong></span> <span class='ocrx_word' id='word_1_581' title='bbox 1794 5316 1990 5394; x_wconf 83' lang='lat' dir='ltr'><strong>onibus</strong></span> <span class='ocrx_word' id='word_1_582' title='bbox 2102 5316 2209 5373; x_wconf 89' lang='lat' dir='ltr'><strong>Sed</strong></span> <span class='ocrx_word' id='word_1_583' title='bbox 2237 5318 2586 5394; x_wconf 52' lang='lat' dir='ltr'><strong>quamvises</strong></span> <span class='ocrx_word' id='word_1_584' title='bbox 2629 5319 2814 5394; x_wconf 65' lang='lat' dir='ltr'><strong>variis</strong></span> <span class='ocrx_word' id='word_1_585' title='bbox 2831 5318 3140 5394; x_wconf 73' lang='lat' dir='ltr'><strong>Hieronymi</strong></span> <span class='ocrx_word' id='word_1_586' title='bbox 3178 5318 3505 5394; x_wconf 80' lang='lat' dir='ltr'><strong>testimoniis</strong></span> <span class='ocrx_word' id='word_1_587' title='bbox 3547 5332 3686 5373; x_wconf 89' lang='lat' dir='ltr'><strong>con-</strong></span> 
     </span>
    </p>
   </div>
   <div class='ocr_carea' id='block_1_45' title="bbox 413 5381 3685 5458">
    <p class='ocr_par' dir='ltr' id='par_1_45' title="bbox 413 5381 3685 5458">
     <span class='ocr_line' id='line_1_46' title="bbox 413 5381 3685 5458; baseline 0.001 -20"><span class='ocrx_word' id='word_1_588' title='bbox 413 5381 955 5458; x_wconf 26' lang='lat' dir='ltr'><strong>Origeni‘tribuitur,</strong></span> <span class='ocrx_word' id='word_1_589' title='bbox 984 5385 1078 5458; x_wconf 79' lang='lat' dir='ltr'><strong>s_ed</strong></span> <span class='ocrx_word' id='word_1_590' title='bbox 1130 5381 1300 5454; x_wconf 75' lang='lat' dir='ltr'><strong>ipsius</strong></span> <span class='ocrx_word' id='word_1_591' title='bbox 1334 5402 1439 5440; x_wconf 89' lang='lat' dir='ltr'><strong>non</strong></span> <span class='ocrx_word' id='word_1_592' title='bbox 1486 5402 1606 5442; x_wconf 90' lang='lat' dir='ltr'><strong>esse</strong></span> <span class='ocrx_word' id='word_1_593' title='bbox 1659 5387 1880 5440; x_wconf 91' lang='lat' dir='ltr'><strong>invictis</strong></span> <span class='ocrx_word' id='word_1_594' title='bbox 1908 5402 1997 5439; x_wconf 89' lang='lat' dir='ltr'><strong>ar-</strong></span> <span class='ocrx_word' id='word_1_595' title='bbox 2103 5399 2210 5443; x_wconf 88' lang='lat' dir='ltr'><strong>stet</strong></span> <span class='ocrx_word' id='word_1_596' title='bbox 2244 5381 2464 5444; x_wconf 84' lang='lat' dir='ltr'><strong>beatum</strong></span> <span class='ocrx_word' id='word_1_597' title='bbox 2496 5388 2758 5445; x_wconf 85' lang='lat' dir='ltr'><strong>Hilarium</strong></span> <span class='ocrx_word' id='word_1_598' title='bbox 2786 5381 3181 5444; x_wconf 75' lang='lat' dir='ltr'><strong>Pictavieiisem</strong></span> <span class='ocrx_word' id='word_1_599' title='bbox 3209 5390 3527 5458; x_wconf 84' lang='lat' dir='ltr'><strong>episcopum</strong></span> <span class='ocrx_word' id='word_1_600' title='bbox 3558 5396 3685 5442; x_wconf 85' lang='lat' dir='ltr'><strong>tra-</strong></span> 
     </span>
    </p>
   </div>
   <div class='ocr_carea' id='block_1_46' title="bbox 415 5453 3689 5530">
    <p class='ocr_par' dir='ltr' id='par_1_46' title="bbox 415 5453 3689 5530">
     <span class='ocr_line' id='line_1_47' title="bbox 415 5453 3689 5530; baseline 0.002 -24"><span class='ocrx_word' id='word_1_601' title='bbox 415 5454 691 5530; x_wconf 67' lang='lat' dir='ltr'><strong>gumentis</strong></span> <span class='ocrx_word' id='word_1_602' title='bbox 720 5456 969 5530; x_wconf 35' lang='lat' dir='ltr'><strong>probaAvit</strong></span> <span class='ocrx_word' id='word_1_603' title='bbox 1000 5453 1230 5511; x_wconf 83' lang='lat' dir='ltr'><strong>Huetius</strong></span> <span class='ocrx_word' id='word_1_604' title='bbox 1259 5458 1312 5511; x_wconf 88' lang='lat' dir='ltr'><strong>in</strong></span> <span class='ocrx_word' id='word_1_605' title='bbox 1344 5459 1660 5529; x_wconf 86' lang='lat' dir='ltr'><strong>Appendice</strong></span> <span class='ocrx_word' id='word_1_606' title='bbox 1692 5459 1815 5512; x_wconf 88' lang='lat' dir='ltr'><strong>libri</strong></span> <span class='ocrx_word' id='word_1_607' title='bbox 1847 5459 1993 5512; x_wconf 87' lang='lat' dir='ltr'><strong>tertii</strong></span> <span class='ocrx_word' id='word_1_608' title='bbox 2103 5469 2283 5513; x_wconf 89' lang='lat' dir='ltr'><strong>ctatus</strong></span> <span class='ocrx_word' id='word_1_609' title='bbox 2324 5475 2419 5514; x_wconf 88' lang='lat' dir='ltr'><strong>seu</strong></span> <span class='ocrx_word' id='word_1_610' title='bbox 2460 5460 2710 5516; x_wconf 89' lang='lat' dir='ltr'><strong>homilias</strong></span> <span class='ocrx_word' id='word_1_611' title='bbox 2760 5459 3011 5530; x_wconf 84' lang='lat' dir='ltr'><strong>Origenis</strong></span> <span class='ocrx_word' id='word_1_612' title='bbox 3055 5462 3107 5513; x_wconf 90' lang='lat' dir='ltr'><strong>in</strong></span> <span class='ocrx_word' id='word_1_613' title='bbox 3155 5453 3256 5515; x_wconf 81' lang='lat' dir='ltr'><strong>Job</strong></span> <span class='ocrx_word' id='word_1_614' title='bbox 3302 5453 3689 5530; x_wconf 80' lang='lat' dir='ltr'><strong>transtulisse,</strong></span> 
     </span>
    </p>
   </div>
   <div class='ocr_carea' id='block_1_47' title="bbox 417 5522 3686 5648">
    <p class='ocr_par' dir='ltr' id='par_1_47' title="bbox 417 5522 3686 5648">
     <span class='ocr_line' id='line_1_48' title="bbox 417 5522 3686 5648; baseline 0.002 -72"><span class='ocrx_word' id='word_1_615' title='bbox 417 5522 661 5648; x_wconf 44' lang='lat' dir='ltr'><strong>Origenn</strong></span> <span class='ocrx_word' id='word_1_616' title='bbox 701 5522 851 5578; x_wconf 84' lang='lat' dir='ltr'><strong>tium.</strong></span> <span class='ocrx_word' id='word_1_617' title='bbox 876 5525 931 5579; x_wconf 76' lang='grc'><strong>2.</strong></span> <span class='ocrx_word' id='word_1_618' title='bbox 1391 5522 1405 5528; x_wconf 83' lang='grc'><em>”</em></span> <span class='ocrx_word' id='word_1_619' title='bbox 1431 5522 1445 5529; x_wconf 84' lang='grc'><em>’</em></span> <span class='ocrx_word' id='word_1_620' title='bbox 2104 5531 2389 5596; x_wconf 71' lang='lat' dir='ltr'><strong>praesentis</strong></span> <span class='ocrx_word' id='word_1_621' title='bbox 2416 5536 2597 5584; x_wconf 88' lang='lat' dir='ltr'><strong>tamen</strong></span> <span class='ocrx_word' id='word_1_622' title='bbox 2627 5533 2811 5602; x_wconf 87' lang='lat' dir='ltr'><strong>operis</strong></span> <span class='ocrx_word' id='word_1_623' title='bbox 2846 5522 2988 5599; x_wconf 66' lang='lat' dir='ltr'><strong>quod</strong></span> <span class='ocrx_word' id='word_1_624' title='bbox 3032 5533 3232 5584; x_wconf 83' lang='lat' dir='ltr'><strong>Ariana</strong></span> <span class='ocrx_word' id='word_1_625' title='bbox 3266 5531 3384 5583; x_wconf 82' lang='lat' dir='ltr'><strong>labe</strong></span> <span class='ocrx_word' id='word_1_626' title='bbox 3416 5529 3686 5583; x_wconf 74' lang='lat' dir='ltr'><strong>infectum</strong></span> 
     </span>
     <span class='ocr_line' id='line_1_49' title="bbox 490 5592 3686 5648; baseline 0 0"><span class='ocrx_word' id='word_1_627' title='bbox 490 5595 506 5648; x_wconf 70' lang='grc' dir='ltr'>ί</span> <span class='ocrx_word' id='word_1_628' title='bbox 548 5592 566 5648; x_wconf 73' lang='lat' dir='ltr'><strong>l</strong></span> <span class='ocrx_word' id='word_1_629' title='bbox 599 5593 927 5648; x_wconf 74' lang='lat' dir='ltr'><strong>Internretis.</strong></span> <span class='ocrx_word' id='word_1_630' title='bbox 959 5596 1014 5648; x_wconf 92' lang='lat' dir='ltr'><strong>In</strong></span> <span class='ocrx_word' id='word_1_631' title='bbox 1047 5597 1416 5648; x_wconf 81' lang='lat' dir='ltr'><strong>manuscrinto</strong></span> <span class='ocrx_word' id='word_1_632' title='bbox 1451 5600 1640 5648; x_wconf 76' lang='lat' dir='ltr'><strong>codice</strong></span> <span class='ocrx_word' id='word_1_633' title='bbox 1681 5600 1994 5648; x_wconf 85' lang='lat' dir='ltr'><strong>monasterii</strong></span> <span class='ocrx_word' id='word_1_634' title='bbox 2103 5611 2216 5648; x_wconf 78' lang='lat' dir='ltr'><strong>est.</strong></span> <span class='ocrx_word' id='word_1_635' title='bbox 2245 5602 2497 5648; x_wconf 80' lang='lat' dir='ltr'><strong>ntmdnue</strong></span> <span class='ocrx_word' id='word_1_636' title='bbox 2534 5599 2787 5648; x_wconf 69' lang='lat' dir='ltr'><strong>Origenis</strong></span> <span class='ocrx_word' id='word_1_637' title='bbox 2821 5619 2925 5648; x_wconf 85' lang='lat' dir='ltr'><strong>nnn</strong></span> <span class='ocrx_word' id='word_1_638' title='bbox 2958 5612 3076 5648; x_wconf 71' lang='lat' dir='ltr'><strong>est.</strong></span> <span class='ocrx_word' id='word_1_639' title='bbox 3108 5603 3249 5648; x_wconf 86' lang='lat' dir='ltr'><strong>nulla</strong></span> <span class='ocrx_word' id='word_1_640' title='bbox 3279 5616 3441 5648; x_wconf 79' lang='lat' dir='ltr'><strong>causa</strong></span> <span class='ocrx_word' id='word_1_641' title='bbox 3469 5611 3553 5648; x_wconf 78' lang='lat' dir='ltr'><strong>est</strong></span> <span class='ocrx_word' id='word_1_642' title='bbox 3581 5617 3686 5648; x_wconf 85' lang='lat' dir='ltr'><strong>cur</strong></span> 
     </span>
    </p>
   </div>
   <div class='ocr_carea' id='block_1_48' title="bbox 490 5592 3691 5671">
    <p class='ocr_par' dir='ltr' id='par_1_48' title="bbox 490 5592 3691 5671">
     <span class='ocr_line' id='line_1_50' title="bbox 490 5592 3691 5671; baseline 0.001 -23"><span class='ocrx_word' id='word_1_643' title='bbox 490 5592 927 5671; x_wconf 65' lang='lat' dir='ltr'><strong>(2)__Interpretis_.</strong></span> <span class='ocrx_word' id='word_1_644' title='bbox 959 5596 1014 5650; x_wconf 86' lang='lat' dir='ltr'><strong>In</strong></span> <span class='ocrx_word' id='word_1_645' title='bbox 1047 5597 1416 5671; x_wconf 81' lang='lat' dir='ltr'><strong>manuscripto</strong></span> <span class='ocrx_word' id='word_1_646' title='bbox 1451 5600 1640 5671; x_wconf 87' lang='lat' dir='ltr'><strong>codice</strong></span> <span class='ocrx_word' id='word_1_647' title='bbox 1681 5600 1995 5654; x_wconf 89' lang='lat' dir='ltr'><strong>monasterii</strong></span> <span class='ocrx_word' id='word_1_648' title='bbox 2103 5592 2216 5665; x_wconf 79' lang='lat' dir='ltr'><strong>est,</strong></span> <span class='ocrx_word' id='word_1_649' title='bbox 2245 5602 2497 5669; x_wconf 88' lang='lat' dir='ltr'><strong>quodque</strong></span> <span class='ocrx_word' id='word_1_650' title='bbox 2534 5592 2787 5671; x_wconf 75' lang='lat' dir='ltr'><strong>Origenis</strong></span> <span class='ocrx_word' id='word_1_651' title='bbox 2821 5592 2925 5656; x_wconf 79' lang='lat' dir='ltr'><strong>non</strong></span> <span class='ocrx_word' id='word_1_652' title='bbox 2958 5612 3077 5663; x_wconf 88' lang='lat' dir='ltr'><strong>est,</strong></span> <span class='ocrx_word' id='word_1_653' title='bbox 3108 5603 3249 5654; x_wconf 89' lang='lat' dir='ltr'><strong>nulla</strong></span> <span class='ocrx_word' id='word_1_654' title='bbox 3279 5616 3441 5654; x_wconf 83' lang='lat' dir='ltr'><strong>causa</strong></span> <span class='ocrx_word' id='word_1_655' title='bbox 3469 5611 3553 5654; x_wconf 87' lang='lat' dir='ltr'><strong>est</strong></span> <span class='ocrx_word' id='word_1_656' title='bbox 3581 5617 3691 5653; x_wconf 90' lang='lat' dir='ltr'><strong>cur</strong></span> 
     </span>
    </p>
   </div>
   <div class='ocr_carea' id='block_1_49' title="bbox 414 5662 3689 5747">
    <p class='ocr_par' dir='ltr' id='par_1_49' title="bbox 414 5662 3689 5747">
     <span class='ocr_line' id='line_1_51' title="bbox 414 5662 3689 5747; baseline 0 -22"><span class='ocrx_word' id='word_1_657' title='bbox 414 5662 1287 5747; x_wconf 46' lang='lat' dir='ltr'><strong>Pudolitonsnsisinterpretatio</strong></span> <span class='ocrx_word' id='word_1_658' title='bbox 1326 5662 1996 5747; x_wconf 68' lang='lat' dir='ltr'><strong>haee_liilario_episcqpo</strong></span> <span class='ocrx_word' id='word_1_659' title='bbox 2105 5662 2375 5747; x_wconf 70' lang='lat' dir='ltr'><strong>interpres</strong></span> <span class='ocrx_word' id='word_1_660' title='bbox 2409 5662 2691 5747; x_wconf 67' lang='lat' dir='ltr'><strong>habeatur</strong></span> <span class='ocrx_word' id='word_1_661' title='bbox 2735 5674 2780 5729; x_wconf 91' lang='lat' dir='ltr'><strong>is</strong></span> <span class='ocrx_word' id='word_1_662' title='bbox 2824 5674 2917 5742; x_wconf 75' lang='lat' dir='ltr'><strong>qui</strong></span> <span class='ocrx_word' id='word_1_663' title='bbox 2964 5662 3154 5729; x_wconf 80' lang='lat' dir='ltr'><strong>contra</strong></span> <span class='ocrx_word' id='word_1_664' title='bbox 3196 5672 3430 5727; x_wconf 84' lang='lat' dir='ltr'><strong>Arianos</strong></span> <span class='ocrx_word' id='word_1_665' title='bbox 3469 5688 3689 5725; x_wconf 81' lang='lat' dir='ltr'><strong>sunnna</strong></span> 
     </span>
    </p>
   </div>
   <div class='ocr_carea' id='block_1_50' title="bbox 417 5735 2680 5826">
    <p class='ocr_par' dir='ltr' id='par_1_50' title="bbox 417 5735 2680 5826">
     <span class='ocr_line' id='line_1_52' title="bbox 417 5735 2680 5826; baseline 0.003 -36"><span class='ocrx_word' id='word_1_666' title='bbox 417 5735 705 5803; x_wconf 72' lang='lat' dir='ltr'><strong>tribuitur,</strong></span> <span class='ocrx_word' id='word_1_667' title='bbox 724 5745 861 5794; x_wconf 87' lang='lat' dir='ltr'><strong>teste</strong></span> <span class='ocrx_word' id='word_1_668' title='bbox 879 5735 1190 5797; x_wconf 81' lang='lat' dir='ltr'><strong>Mabillonio</strong></span> <span class='ocrx_word' id='word_1_669' title='bbox 1218 5747 1432 5807; x_wconf 79' lang='lat' dir='ltr'><strong>nostro,</strong></span> <span class='ocrx_word' id='word_1_670' title='bbox 1455 5741 1588 5797; x_wconf 87' lang='lat' dir='ltr'><strong>Itin.</strong></span> <span class='ocrx_word' id='word_1_671' title='bbox 1612 5735 1840 5826; x_wconf 64' lang='grc' dir='ltr'><strong>Ιιιιι..ἰ)Ξ</strong></span> <span class='ocrx_word' id='word_1_672' title='bbox 1864 5735 1990 5797; x_wconf 60' lang='grc'><strong>208.</strong></span> <span class='ocrx_word' id='word_1_673' title='bbox 2104 5755 2229 5799; x_wconf 79' lang='lat' dir='ltr'><strong>eum</strong></span> <span class='ocrx_word' id='word_1_674' title='bbox 2248 5735 2412 5800; x_wconf 74' lang='lat' dir='ltr'><strong>Iaude</strong></span> <span class='ocrx_word' id='word_1_675' title='bbox 2439 5742 2680 5805; x_wconf 86' lang='lat' dir='ltr'><strong>scripsit.</strong></span> 
     </span>
    </p>
   </div>
  </div>
