3888 6214
285 276 390 329 375

1413 278 1788 333 ANONYMUS
1826 277 1891 332 IN
1928 278 2066 335 JOB.
2108 310 2177 320 --
2213 277 2340 334 LIB.
2382 279 2422 335 ι.

3435 280 3543 337 δῖε

285 406 487 463 agones
510 432 525 457 ,
560 394 898 449 omnibusin
934 405 1192 465 perpetuo
1235 396 1586 465 singulariter
1621 396 1861 468 fulgent,
1892 402 1940 458 Α
1968 412 2152 463 nosse,
2184 399 2270 453 vel
2298 398 2496 461 dicere,
2535 397 2617 451 vel
2652 397 2920 464 scribere,
2947 410 3068 466 quae
3094 394 3430 450 solusPater
3471 397 3542 450 ad

283 481 625 537 omnibusin
674 495 937 539 aeternum
988 487 1255 541 bonorum
1303 490 1532 543 formam
1580 492 1864 556 tribuunt,

282 574 540 630 omnibus
598 576 702 631 sub
762 576 876 631 sole
928 578 1148 647 pietatis
1194 581 1499 651 exemplum
1548 584 1865 639 ostendunt.

272 664 439 732 Quod
488 676 669 722 autem
706 669 977 723 sideribus
1022 678 1187 740 atque
1233 672 1596 730 luminaribus
1644 690 1867 744 compa-

284 769 477 812 rentur
492 775 682 815 omnes
698 764 869 817 sancti
900 765 1243 820 demonstrat
1267 766 1580 835 Apostolus,
1625 768 1814 823 dicens
1847 783 1862 821 :

284 850 453 906 Stella
482 854 618 908 enim
652 872 684 908 a
713 856 865 910 stella
906 859 1088 927 differt
1115 860 1173 913 in
1199 860 1462 922 claritate,
1493 862 1570 914 ita
1606 872 1653 914 et
1691 879 1866 916 resur-

279 948 446 999 rectio
479 954 809 1001 mortuorum
829 949 873 1017 ¹,
902 950 1273 1019 proculdubio
1293 962 1624 1007 sanctorum.
1641 953 1863 1008 Eviden-

283 1038 395 1091 tius
427 1048 611 1093 autem
641 1042 880 1096 ostendit
913 1042 1015 1097 hoc
1058 1043 1285 1112 angelus
1307 1084 1321 1110 ,
1355 1045 1447 1113 qui
1483 1045 1546 1097 ad
1584 1044 1862 1099 Danielem

281 1132 497 1186 locutus
538 1141 622 1187 est
654 1133 841 1189 dicens
882 1151 897 1188 :
942 1133 1089 1189 Tunc
1122 1136 1260 1205 justi
1326 1136 1647 1206 effulgebant
1725 1139 1863 1191 sicut

280 1222 575 1277 tuminaria
613 1225 728 1279 δίειὶ
753 1266 767 1291 ,
801 1236 1050 1297 tanquam
1080 1224 1196 1292 sol,
1229 1237 1277 1282 et
1315 1229 1440 1281 (una
1463 1270 1478 1294 ,
1518 1240 1564 1282 et
1612 1236 1861 1300 tanquam

281 1316 450 1371 stellw
493 1318 549 1370 in
596 1318 790 1372 swcula
816 1322 858 1373 ’.
895 1319 1070 1388 Super
1103 1322 1215 1377 haec
1238 1322 1490 1376 universa
1534 1323 1696 1377 etiam
1748 1325 1861 1392 ipse

281 1408 545 1461 Dominus
612 1411 665 1463 in
726 1410 1034 1481 Evangeliis
1076 1413 1209 1467 dicit
1275 1412 1647 1483 :Tunc,jusli
1689 1415 1857 1485 fulge-

281 1501 407 1554 bunt
435 1502 485 1553 in
515 1513 789 1573 conspectu
808 1504 982 1559 Patris
1001 1506 1085 1561 sui
1108 1507 1290 1576 quiest
1327 1508 1379 1560 in
1407 1507 1546 1562 caelis
1571 1509 1614 1561 ³.
1640 1508 1730 1564 Sic
1755 1511 1857 1564 ita-

279 1607 390 1663 que
416 1594 674 1665 effulgent
708 1605 871 1667 atque
899 1599 1133 1651 emicant
1162 1613 1351 1654 omnes
1376 1598 1585 1666 sancti,
1614 1615 1721 1655 non
1770 1615 1860 1654 so-

279 1686 393 1741 lum
427 1690 479 1741 in
522 1697 766 1759 tempore
803 1692 1169 1746 restitutionis
1192 1734 1207 1759 ,
1252 1692 1349 1747 sed
1378 1702 1433 1746 et
1461 1709 1601 1748 nunc
1634 1694 1685 1747 in
1724 1702 1858 1747 tem-

278 1791 416 1853 pore
447 1778 607 1848 hujus
636 1781 923 1850 praesentis
947 1782 1149 1837 szeculi.
1186 1783 1340 1836 Alius
1376 1784 1518 1838 enim
1553 1785 1657 1839 ﬁde
1691 1785 1858 1854 fulget

277 1881 340 1925 ut
373 1871 683 1940 Abraham;
717 1874 855 1928 alius
888 1877 1138 1930 castitate
1168 1876 1312 1931 lucet
1347 1886 1404 1930 ut
1435 1877 1670 1948 Joscph;
1719 1879 1857 1933 alius

280 1961 638 2017 nihilominus
684 1965 1098 2019 mansuetudine
1127 2005 1143 2030 ,
1179 1973 1239 2019 ut
1274 1965 1438 2020 homo
1490 1965 1581 2019 Dei
1616 1964 1853 2035 Moyses.

276 2054 410 2109 Item
455 2069 586 2109 vero
632 2055 771 2110 alius
809 2057 1127 2110 constantia
1166 2066 1329 2126 atque
1375 2057 1662 2112 tolerantia
1690 2059 1857 2111 vehe-

277 2148 541 2201 mentium
576 2147 819 2201 dolorum
848 2191 862 2214 ,
901 2148 1041 2204 sicut
1084 2148 1422 2204 admirabilis
1470 2148 1608 2213 Job,
1659 2147 1725 2203 de
1752 2164 1858 2218 quo

276 2242 549 2310 plurimus
585 2255 765 2296 sermo
791 2282 807 2307 ,
836 2241 903 2295 de
936 2255 1044 2311 quo
1071 2241 1365 2296 vehemens
1395 2241 1688 2310 disputatio
1708 2282 1723 2306 ,
1758 2256 1854 2295 cu-

272 2331 364 2400 jus
394 2342 597 2386 sancta.-
622 2332 839 2386 virtutis
869 2332 1121 2401 insignia,
1141 2334 1297 2402 cujus
1324 2332 1702 2387 admirabilem
1737 2347 1859 2387 con-

274 2421 539 2476 stantiam
571 2461 585 2485 ,
617 2420 772 2490 cujus
820 2420 1235 2476 inenarrabilem
1285 2422 1664 2487 tolerantiam,
1703 2421 1857 2489 cujus

275 2511 620 2566 miserabiles
652 2512 884 2576 dolores,
920 2514 1041 2582 quis
1070 2513 1292 2568 edicere
1320 2553 1335 2578 ,
1366 2514 1447 2566 vel
1486 2512 1644 2580 juxta
1691 2515 1857 2569 meri—

275 2613 391 2655 tum
425 2602 690 2672 proferre,
721 2605 807 2659 vel
833 2605 1091 2659 admirari
1128 2605 1323 2665 valeat,
1358 2621 1477 2673 quae
1502 2606 1706 2675 scripta
1735 2613 1858 2659 sunt

274 2696 544 2768 Syrorum
588 2697 773 2767 lingua
801 2739 815 2763 ,
849 2699 965 2753 sive
998 2699 1065 2752 ab
1106 2700 1221 2768 ipso
1251 2698 1351 2753 Job
1378 2739 1392 2761 ,
1424 2700 1538 2754 sive
1568 2699 1635 2754 ab
1664 2698 1855 2752 amicis

274 2786 441 2856 ejus?
485 2787 567 2843 0b
622 2790 726 2845 hoc
781 2790 925 2844 enim
973 2790 1103 2845 dicit
1146 2793 1260 2860 ipse
1302 2790 1650 2845 beatissimus
1702 2789 1852 2845 Job:

278 2879 418 2944 Quis
448 2881 594 2934 dabit
632 2893 687 2934 ut
716 2882 1018 2936 scribantur
1049 2900 1311 2937 sermones
1350 2884 1483 2948 mei,
1516 2893 1564 2936 et
1590 2892 1857 2950 ponantur

272 2970 334 3023 in
374 2972 508 3023 libro
550 2973 604 3025 in
644 2974 1035 3041 perpetuum“!
1078 2975 1429 3043 lnterpretata
1461 2985 1639 3028 autem
1671 2983 1796 3029 sunt
1824 2990 1854 3028 a

275 3078 476 3133 magno
506 3064 597 3118 illo
624 3065 741 3119 viro
772 3064 956 3136 Moyse
989 3066 1039 3119 in
1074 3065 1392 3121 Hebraicam
1421 3066 1677 3137 linguam,
1696 3077 1855 3137 atque

274 3154 405 3209 ﬁliis
454 3156 618 3209 Israel
664 3158 881 3211 tradita.
924 3158 1076 3225 Quod
1126 3160 1364 3237 ostendit
1412 3161 1522 3228 ipsa
1571 3161 1852 3228 Scriptura

271 3242 414 3309 101),
454 3245 639 3300 dicens
675 3268 686 3300 :
715 3245 830 3301 Hoc
863 3249 1237 3315 interpretatus
1277 3260 1352 3304 est
1382 3267 1447 3304 ea:
1477 3250 1740 3321 Syrorum
1783 3252 1852 3305 li-

284 3338 401 3390 bro.
432 3336 474 3390 A
506 3352 613 3406 quo
662 3340 1096 3409 interpretatus?
1131 3341 1478 3396 Manifestum
1525 3354 1608 3397 est
1650 3346 1792 3414 quod
1823 3358 1854 3397 a

280 3426 470 3498 Moyse
498 3428 551 3481 in
579 3426 1044 3493 IIebracumJtem
1075 3447 1204 3486 vero
1235 3447 1263 3485 a
1293 3432 1643 3502 Septuaginta
1681 3433 1855 3487 Inter-

273 3519 522 3588 pretibus
569 3535 637 3573 ex
678 3520 904 3577 Hebraeo
950 3524 1001 3575 in
1038 3521 1285 3578 Graecum
1328 3523 1622 3579 translatus
1661 3533 1762 3578 est.
1798 3524 1854 3578 In

277 3610 517 3682 Egypto
543 3613 755 3668 scilicet
792 3614 918 3668 olim
957 3614 1168 3685 Moyses
1214 3615 1360 3668 illum
1393 3630 1458 3669 ex
1493 3614 1630 3684 Syro
1662 3615 1712 3668 in
1745 3613 1854 3667 IIe-

272 3685 811 3757 brzeum'transtulit.
862 3702 993 3757 Item
1031 3704 1082 3756 in
1128 3702 1362 3773 Egypto
1411 3705 1574 3757 etiam
1625 3688 1855 3772 Septua-

274 3785 425 3854 ginta
456 3789 555 3842 sub
585 3786 874 3844 Ptolemteo
908 3805 974 3844 ex
1024 3789 1252 3845 Hebraeo
1308 3793 1360 3845 in
1415 3791 1667 3846 Graecum
1706 3793 1852 3846 illum

274 3878 718 3945 transtulerunt,
764 3890 821 3937 et
867 3883 994 3939 inde
1036 3899 1104 3937 ex
1151 3883 1388 3954 Egypto
1434 3900 1529 3953 per
1571 3885 1854 3939 universas

273 3981 467 4042 gentes
514 3973 655 4028 beati
706 3975 807 4030 Job
839 3976 1121 4046 Scriptura
1164 3978 1431 4047 divulgata
1462 3989 1545 4031 est
1576 3995 1589 4029 ε
1620 3980 1852 4047 primum

272 4064 496 4132 quidem
528 4066 580 4119 in
611 4066 811 4122 Arabia
843 4067 1067 4139 Syriace
1099 4069 1323 4137 scripta,
1362 4071 1449 4123 ubi
1486 4080 1538 4124 et
1565 4069 1666 4125 101)
1693 4072 1852 4125 habi-

274 4158 430 4209 tabat
459 4175 472 4211 :
505 4169 624 4228 post
653 4159 756 4215 hoc
780 4175 911 4215 vero
939 4172 995 4215 et
1031 4161 1085 4214 in
1130 4160 1373 4216 Hebraeis
1398 4203 1413 4226 ,
1443 4173 1496 4217 et
1526 4165 1575 4216 in
1608 4162 1812 4218 Graacis
1835 4205 1850 4231 ,

271 4257 443 4316 atque
470 4248 525 4303 in
554 4251 809 4308 omnibus
835 4252 1108 4321 gentibus,
1131 4251 1285 4319 juxta
1313 4253 1424 4306 haec
1455 4267 1575 4322 qua:
1608 4253 1851 4308 intimata

271 4349 438 4409 atque
486 4350 705 4397 ostensa
750 4353 916 4411 sunt,
961 4343 1242 4397 immutata
1289 4353 1450 4414 atque
1496 4345 1853 4415 interpretata
1892 4412 1895 4415 γ

1971 486 2141 541 solum
2176 487 2368 541 Filium
2413 487 2621 541 locutus
2657 495 2742 541 est
2786 486 3012 542 dicens:
3042 484 3332 539 Faciamus
3367 487 3541 539 homi-

1971 580 2153 641 nem“,
2189 589 2240 634 et
2272 588 2470 633 caetera
2506 579 2783 642 universa,
2816 578 2921 632 nisi
2956 577 3104 633 solus
3137 576 3349 649 Moyses
3375 616 3390 643 ,
3420 592 3540 646 qua:

1971 670 2232 727 revelavit
2273 671 2348 726 illi
2397 671 2632 741 Spiritus
2670 679 2892 725 sanctus
2928 668 3244 725 Paracletus
3282 670 3373 740 qui
3404 685 3542 739 prae-

1970 780 2097 821 sens
2127 776 2240 820 erat
2266 781 2280 822 :
2310 765 2387 819 sic
2430 763 2679 819 similiter
2714 764 2893 818 nullus
2931 763 3077 818 illius
3103 763 3359 833 temporis
3393 772 3541 833 pote-

1970 870 2053 913 rat
2087 873 2244 913 nosse
2278 860 2327 912 in
2355 869 2563 913 secreto
2592 873 2710 928 quae
2744 858 2880 911 Deus
2906 856 2972 910 ad
3004 855 3277 911 diabolum
3322 855 3537 911 Iucutus

1967 961 2050 1004 est
2082 966 2179 1020 pro
2232 950 2599 1017 increpatione
2625 948 2742 1016 ejus
2777 962 2899 1017 quae
2928 947 2981 1001 in
3018 961 3084 1001 eo
3110 957 3230 1001 erat
3252 947 3540 1015 cogitatio-

1967 1044 2069 1108 nis,
2089 1045 2189 1098 nisi
2230 1044 2377 1098 solus
2406 1042 2638 1113 Moyses,
2656 1042 2741 1095 cui
2768 1050 2962 1096 cuncta
3006 1051 3127 1096 sunt
3155 1040 3389 1095 revelata
3419 1054 3541 1109 qua:

1970 1145 2097 1188 ante
2123 1146 2284 1187 erant
2314 1135 2629 1188 abscondita
2660 1174 2674 1196 ,
2703 1148 2800 1202 pro
2828 1133 2892 1187 iis
2922 1133 3011 1202 qui
3046 1144 3173 1186 tunc
3199 1131 3333 1201 legis
3360 1132 3541 1201 auspi-

1964 1226 2103 1279 cium
2135 1236 2287 1279 erant
2321 1224 2779 1293 accepturi.Quod
2814 1234 2995 1277 autem
3027 1223 3237 1293 Moyses
3266 1224 3379 1279 hare
3404 1223 3542 1278 scri-

1965 1318 2132 1386 pserit
2166 1318 2216 1371 in
2242 1316 2480 1389 Egypto
2504 1358 2519 1382 ,
2550 1317 2718 1372 etiam
2760 1316 2911 1384 juxta
2959 1317 3132 1385 ipsum
3169 1326 3380 1384 tempus
3414 1330 3539 1370 cum

1962 1408 2200 1476 ejusdem
2229 1409 2298 1464 sit
2330 1410 2537 1463 numeri
2569 1410 2803 1463 maxime
2818 1410 3227 1477 comprobatur.
3258 1408 3392 1462 Nam
3429 1409 3538 1462 sic-

1963 1511 2017 1554 ut
2046 1501 2264 1570 quintus
2285 1501 2519 1557 eratJob
2542 1502 2608 1556 ab
2641 1500 2939 1564 Abraham,
2965 1500 3036 1552 ita
3068 1500 3250 1567 quinta
3284 1499 3539 1567 progenie

1961 1595 2159 1650 missus
2177 1604 2259 1650 est
2280 1595 2487 1666 Moyses
2508 1594 2736 1650 educere
2758 1594 2896 1648 ﬁlios
2915 1593 3078 1647 Israel
3101 1593 3165 1645 de
3194 1600 3339 1645 terra
3369 1589 3538 1660 [Egy-

1961 1675 2057 1755 pti.
2090 1686 2264 1756 Super
2294 1688 2409 1742 huic
2437 1696 2618 1741 autem
2644 1686 2851 1749 omnia,
2878 1699 2910 1739 0
2940 1684 3121 1747 amici,
3153 1681 3457 1735 invenimus
3481 1680 3539 1733 in

1946 1779 2304 1849 antiquarum
2337 1780 2516 1844 dictis,
2548 1779 2689 1849 quod
2722 1793 2843 1831 cum
2880 1791 3104 1845 magnus
3133 1775 3225 1827 ille
3247 1771 3459 1841 Moyses
3482 1770 3546 1825 in.

1958 1870 2191 1941 IEgypto
2220 1886 2247 1922 a
2280 1869 2389 1923 Deo
2426 1869 2620 1924 fuisset
2650 1869 2881 1934 missus,
2925 1875 2980 1921 et
3002 1866 3372 1920 vehementem
3410 1862 3539 1917 01111-

1960 1965 2193 2019 ctionem
2224 1961 2463 2017 ﬁliorum
2495 1961 2659 2015 Israel
2693 1960 2940 2025 videret,
2969 1968 3023 2012 et
3047 1957 3317 2012 consolari
3345 1972 3439 2012 eos
3468 1958 3537 2012 ab

1961 2040 2238 2109 anxietate
2286 2052 2653 2108 lamentabilis
2700 2066 2890 2107 eorum
2932 2048 3239 2104 alllictionis
3270 2064 3373 2118 qua
3416 2049 3563 2105 illos;

1958 2147 2203 2219 [Egyptii
2248 2146 2594 2215 aﬂligebant,
2641 2146 2863 2199 minime
2892 2146 3142 2209 valeret,
3184 2146 3536 2200 vehementes

1960 2242 2081 2297 illos
2124 2250 2285 2309 atque
2321 2239 2587 2294 terribiles
2633 2237 2736 2294 Job
2774 2238 2992 2292 dolores
3024 2254 3118 2304 pro
3163 2237 3536 2292 consolatione

1960 2332 2064 2386 illis
2092 2329 2444 2391 enarraverit,
2481 2343 2685 2382 necnon
2712 2338 2766 2383 et
2800 2329 2851 2381 in
2883 2327 3163 2393 Scriptura
3201 2341 3295 2380 eos
3331 2340 3537 2395 ponens

1958 2424 2135 2477 adhuc
2163 2437 2285 2477 cum
2328 2430 2509 2476 essent
2549 2420 2908 2484 recentiores,
2942 2418 3016 2471 illi
3047 2418 3244 2487 popqu
3275 2417 3488 2472 dederit
3515 2434 3531 2471 :

1942 2516 2018 2570 nt
2047 2531 2143 2585 per
2166 2516 2522 2585 cognationes
2548 2525 2603 2570 et
2634 2514 2809 2568 tribus
2832 2528 2961 2567 suas
2992 2513 3109 2565 luec
3144 2511 3408 2580 legentes,
3442 2524 3535 2565 ve-

1960 2609 2240 2664 hementes
2272 2619 2437 2678 atque
2472 2607 2745 2663 terribiles
2788 2606 2908 2660 illos
2948 2604 3090 2659 beati
3129 2604 3271 2659 illius
3304 2604 3405 2657 viri
3432 2604 3539 2657 do-‘

1958 2699 2101 2752 lores
2130 2698 2409 2753 audientes
2435 2738 2450 2763 ,
2484 2697 2716 2752 invicem
2758 2711 2817 2751 se
2857 2694 3293 2757 consolarentur,
3324 2701 3379 2747 et
3407 2707 3532 2746 cum

1956 2790 2211 2860 patientia
2241 2802 2401 2859 atque
2431 2790 2728 2861 gratiarum
2772 2788 3074 2844 actionibus
3126 2786 3263 2839 mala
3291 2800 3409 2855 quae
3434 2798 3533 2839 eos

1957 2882 2425 2936 circumdederant
2460 2881 2781 2945 suﬁ'errent,
2824 2892 2881 2935 et
2904 2889 2962 2935 ut
2990 2881 3183 2934 bonam
3215 2892 3535 2931 remunera-

1958 2975 2158 3029 tionem
2190 2975 2405 3029 Domini
2435 2991 2595 3044 quam
2626 2975 2726 3029 101)
2755 2982 2881 3043 post
2917 2974 3266 3027 tolerantiam
3303 2968 3531 3039 largitus

1959 3072 2041 3119 est
2070 3063 2370 3129 audientes,
2403 3066 2563 3118 etiam
2601 3064 2702 3133 ipsi
2733 3064 3105 3118 liberationem
3128 3069 3449 3130 sperarent,
3474 3068 3533 3114 et

1958 3155 2220 3211 beneﬁcia
2254 3158 2423 3210 beatae
2463 3155 2747 3210 mercedis.
2770 3154 3013 3210 laborum
3043 3168 3263 3209 suorum
3327 3164 3529 3220 exspe-

1957 3257 2191 3305 ctarent.
2225 3249 2389 3318 Hujus
2414 3264 2645 3316 namque
2670 3251 2745 3303 rei
2763 3250 2981 3303 evidens
3009 3258 3169 3317 atque
3190 3243 3527 3299 irrelutabile

1957 3341 2212 3396 iudicium
2249 3352 2331 3396 est
2380 3343 2479 3395 hoc
2504 3382 2517 3407 ,
2552 3341 2695 3411 quod
2730 3341 2895 3395 etiam
2931 3339 3109 3393 adhuc
3145 3350 3315 3407 usque
3344 3336 3395 3390 in
3440 3336 3531 3390 ho-

1957 3436 2203 3490 diernum
2256 3436 2396 3491 diem
2451 3435 2591 3489 beati
2629 3433 2730 3489 Job
2782 3433 3066 3488 tolerantia
3115 3439 3243 3486 ante
3292 3443 3386 3485 eos
3437 3428 3530 3498 qui

1956 3538 2081 3584 sunt
2104 3529 2159 3583 in
2190 3529 2373 3583 dolore
2394 3536 2448 3582 et
2470 3527 2613 3581 luctu
2648 3536 2810 3595 atque
2826 3524 3041 3595 planctu
3069 3522 3265 3593 legitur
3284 3536 3382 3589 pro
3403 3534 3530 3574 con-

1956 3621 2220 3676 solatione
2268 3630 2432 3689 atque
2478 3620 2856 3673 exhortatione
2896 3617 3144 3670 dolorum
3191 3614 3404 3669 illorum
3430 3650 3447 3676 ,
3476 3620 3529 3668 et

1957 3728 2053 3781 pro
2086 3711 2357 3765 ablatione
2385 3710 2646 3779 angustia:
2683 3707 2861 3762 cordis
2896 3719 3107 3760 eorum.
3141 3701 3412 3757 Similiter
3435 3714 3528 3753 au-

1958 3816 2062 3859 tem
2099 3813 2153 3859 et
2183 3805 2238 3857 in
2265 3811 2531 3857 conventu
2572 3788 2825 3855 ecclesias
2855 3800 2909 3853 in
2936 3797 3128 3853 diebus
3168 3795 3377 3853 sanctis
3401 3794 3526 3863 legi-

1957 3907 2042 3951 tur
2079 3897 2258 3967 passio
2300 3895 2401 3950 Job
2434 3935 2449 3958 ,
2478 3895 2530 3947 in
2564 3893 2751 3948 diebus
2777 3891 2970 3963 jejunii
3002 3931 3017 3955 ,
3050 3891 3103 3944 in
3135 3888 3325 3944 diebus
3360 3886 3525 3941 absti—

1956 3990 2184 4054 nentiae,
2212 3989 2265 4043 in
2299 3989 2490 4043 diebus
2523 3987 2576 4040 in
2612 3985 2806 4056 quibus
2837 3995 3093 4055 tanquam
3124 3982 3526 4052 compatiuntur

1954 4083 1989 4135 ii
2021 4082 2110 4151 qui
2146 4081 2398 4150 jejunant
2422 4088 2475 4134 et
2503 4078 2809 4141 abstinent,
2839 4076 3144 4131 admirabili
3185 4075 3263 4129 illi
3297 4072 3427 4141 Job,
3473 4073 3526 4128 in

1953 4172 2146 4227 diebus
2190 4173 2242 4225 in
2271 4172 2468 4241 quibus
2502 4170 2553 4223 in
2579 4168 2785 4237 jejunio
2819 4178 2874 4222 et
2907 4166 3237 4222 abstinentia
3281 4173 3525 4220 sanctam

1956 4264 2167 4318 Domini
2212 4263 2380 4316 nostri
2431 4261 2555 4316 Jesu
2603 4260 2807 4315 Christi
2856 4260 3162 4328 passionem
3205 4265 3523 4311 sectamur:

1955 4366 2015 4409 ut
2044 4354 2334 4409 terribilem
2362 4353 2477 4423 ejus
2504 4352 2809 4422 passionem
2842 4359 3186 4404 transeuntes
3216 4347 3279 4401 ad
3310 4348 3522 4401 beatam

269 4430 375 4486 est.
412 4432 543 4487 Erat
571 4434 828 4488 nimirum
864 4434 1073 4504 pridem
1110 4434 1175 4503 Sy
1191 4436 1337 4489 riace
1366 4451 1432 4489 ex
1468 4449 1621 4506 parte
1647 4439 1846 4507 scripta
1883 4464 1926 4518 ο
1954 4448 2076 4517 ejus
2124 4446 2575 4501 resurrectionem
2620 4445 2810 4498 venire
2856 4456 3166 4497 mereamur
3191 4478 3206 4502 ,
3251 4439 3524 4507 compassi

269 4536 383 4575 non
419 4523 489 4575 ita
528 4524 815 4593 diligenter
838 4540 1016 4593 neque
1043 4524 1116 4577 ita
1148 4526 1456 4594 vigilanter,
1492 4528 1843 4595 quemadmo-

268 4614 399 4669 dum
423 4624 606 4683 postea
632 4630 664 4669 a
697 4614 896 4685 Moyse.
924 4615 1065 4669 Solte
1091 4616 1234 4669 enim
1261 4618 1661 4685 responsiones,
1680 4628 1843 4687 atque

268 4707 660 4775 replicationes
708 4725 737 4762 a
781 4709 1080 4777 primordio
1111 4712 1328 4775 scriptae
1359 4718 1505 4763 sunt.
1555 4707 1688 4763 Nam
1720 4710 1844 4779 quis

269 4798 486 4853 illorum
517 4808 730 4869 poterat
762 4816 922 4856 nosse
948 4802 1225 4871 quomodo
1255 4802 1508 4856 venerint
1556 4802 1757 4873 angeli,
1788 4811 1845 4855 ut

266 4900 478 4942 starent
508 4898 633 4945 ante
665 4890 831 4945 Deum
860 4932 874 4957 ,
906 4892 989 4946 vel
1020 4892 1294 4963 quomodo
1321 4892 1568 4946 diabolus
1598 4894 1841 4958 venerit,

266 4980 355 5033 vel
385 4972 513 5049 quid
548 4982 777 5047 dixerit,
812 4983 895 5037 vel
926 4983 1055 5054 quid
1087 4984 1476 5053 responderit?
1509 4984 1698 5041 Nullus
1726 4986 1847 5040 illo-

267 5088 391 5127 rum
419 5084 629 5142 poterat
654 5075 757 5130 hoc
790 5091 951 5133 nosse
976 5117 991 5143 ,
1024 5078 1107 5132 vel
1148 5079 1249 5133 hoc
1280 5079 1420 5147 quod
1452 5081 1592 5134 Deus
1622 5082 1688 5134 ad
1719 5081 1840 5134 dia-
1884 5104 1887 5109 -

266 5164 446 5219 bolum
473 5165 684 5221 locutus
703 5166 883 5233 fuerit,
915 5169 1016 5223 nisi
1043 5170 1188 5225 solus
1222 5170 1433 5241 Moyses
1461 5169 1692 5238 Spiritus
1719 5186 1846 5226 san—

266 5257 341 5311 cti
374 5257 718 5314 revelatione.
753 5260 905 5317 Sicut
932 5262 1075 5316 enim
1116 5264 1181 5317 de
1205 5260 1411 5316 factura
1444 5262 1568 5315 coeli
1600 5272 1652 5316 et
1682 5273 1841 5318 terra;

266 5364 430 5404 nemo
460 5352 602 5406 alius
638 5353 711 5406 ita
754 5354 1041 5423 diligenter
1081 5366 1292 5424 poterat
1321 5367 1504 5415 nosse,
1537 5353 1621 5406 vel
1666 5354 1837 5423 loqui,

264 5440 352 5495 vel
382 5443 625 5496 scribere
648 5443 791 5497 sicut
824 5443 1059 5515 Moyses,
1093 5445 1164 5499 ita
1196 5460 1297 5499 nec
1334 5459 1397 5496 ea
1426 5459 1544 5511 quae
1576 5444 1720 5498 circa
1744 5443 1843 5499 Job

264 5546 417 5607 gesta
449 5547 595 5593 sunt.
633 5537 742 5594 Sed
772 5539 843 5593 ita
877 5541 1074 5605 adhuc,
1105 5541 1247 5595 sicut
1278 5555 1434 5595 nemo
1475 5539 1611 5595 alius
1636 5548 1847 5609 poterat

338 5717 399 5774 1l
427 5719 550 5777 Cor.
582 5736 667 5787 xv,
702 5721 791 5790 41,
832 5723 916 5778 4‘2.
1000 5726 1017 5755 ²
1048 5724 1182 5781 Dan.
1215 5741 1307 5791 xu,
1348 5724 1397 5780 ὗ.

1473 5725 1489 5755 ³
1525 5723 1719 5785 Matth.
1758 5736 1872 5793 aut,
1916 5725 1999 5780 43.

1948 4555 2088 4593 nunc
2108 4547 2168 4592 ut
2196 4546 2249 4592 et
2273 4551 2665 4607 conregnemus
2687 4576 2702 4601 ,
2738 4532 3086 4589 condolentes
3117 4531 3278 4585 modo
3307 4532 3358 4583 in
3394 4541 3524 4583 tem-

1946 4646 2077 4702 pore
2093 4629 2508 4698 passionis,utet
2531 4626 2965 4697 congaudeamus
2986 4624 3222 4694 posthoc
3248 4622 3299 4676 in
3319 4632 3522 4691 tempo-

1948 4740 2005 4777 re
2033 4721 2461 4776 resurrectionis.
2493 4720 2662 4785 Quam
2701 4719 3004 4788 passionem
3047 4716 3307 4772 Dominus
3332 4726 3519 4770 uoster

1945 4809 2099 4865 Jesus
2130 4807 2381 4862 Christus
2407 4808 2472 4861 ad
2508 4817 2679 4861 terras
2702 4808 2928 4861 veniens
2959 4808 3012 4860 in
3046 4806 3283 4859 humano
3319 4820 3518 4874 corpo-

1949 4916 2007 4955 re
2049 4900 2305 4955 sustinuit
2336 4914 2431 4969 pro
2464 4897 2704 4952 omnium
2738 4898 3015 4952 hominum
3049 4898 3229 4952 salute
3252 4937 3267 4961 ,
3319 4906 3378 4951 ut
3424 4914 3519 4967 per

1950 4991 2261 5061 passionem
2306 5004 2437 5043 sane
2468 4999 2696 5044 mortem
2749 4989 3082 5043 interﬁceret
3108 5030 3122 5054 ,
3152 5003 3250 5058 per
3278 5003 3520 5044 resurre-

1951 5082 2183 5137 ctionem
2216 5095 2347 5135 vero
2373 5096 2527 5135 suam
2566 5080 2858 5135 recidivam
2884 5082 3049 5136 vitam
3076 5081 3287 5135 cunctis
3322 5090 3519 5135 osten-

1950 5176 2121 5227 deret.
2150 5172 2315 5243 Cujus
2342 5172 2608 5243 passionis
2638 5183 2801 5242 atque
2842 5174 3261 5229 resurrectionis
3305 5174 3519 5228 Domini

1948 5264 2176 5318 formant
2206 5273 2366 5332 atque
2396 5263 2701 5333 exemplum
2749 5264 2874 5332 quia
2909 5262 3008 5317 Job
3043 5266 3223 5334 passio
3251 5265 3302 5318 in
3329 5264 3517 5319 multis

1951 5358 2170 5425 gerebat
2198 5397 2212 5421 ,
2241 5357 2380 5411 sicut
2410 5356 2443 5410 ii
2472 5358 2564 5425 qui
2593 5356 2901 5424 diligentius
2930 5357 3295 5425 requisierunt
3318 5396 3332 5420 ,
3360 5370 3515 5424 repe-

1955 5458 2140 5504 rerunt
2168 5467 2182 5503 :
2213 5450 2409 5503 merito
2438 5450 2598 5502 etiam
2632 5464 2775 5504 nunc
2819 5449 2872 5501 in
2910 5449 3100 5504 diebus
3128 5447 3429 5518 passionis,
3464 5448 3514 5499 in

1956 5542 2145 5597 diebus
2176 5538 2622 5615 sanctiﬁcationis
2642 5580 2656 5605 ,
2694 5540 2749 5593 in
2785 5540 2977 5595 diebus
3006 5539 3221 5609 jejunii,
3247 5538 3390 5594 beati
3418 5533 3538 5594 Job.

2094 5726 2109 5755 ’⁸
2138 5724 2233 5783 101)
2263 5744 2367 5794 six,
2407 5728 2494 5782 9.5.
2590 5728 2607 5759 ⁵
2642 5728 2773 5783 Gen.
2813 5742 2847 5790 ι,
2882 5724 2967 5778 26.
