3888 6218
450 306 558 362 375

1542 298 1923 355 ANONYMUS
1959 296 2026 351 IN
2064 296 2201 353 JOB.
2244 328 2310 337 —
2346 297 2473 353 LIB.
2515 297 2554 351 Ι.

3575 300 3686 357 576

448 418 632 490 passio
672 417 890 485 legitur,
924 418 1213 471 meditatur
1260 423 1420 485 atque
1467 425 1754 471 scrutatur.
1809 416 1915 472 Sed
1950 415 2015 468 ad
2044 416 2092 473 A
2118 414 2217 467 sibi
2260 424 2422 469 erant
2468 414 2695 469 invicem
2722 453 2737 479 ,
2778 424 2940 484 atque
2987 416 3181 488 integri
3234 417 3433 484 amici,
3480 429 3677 489 utpote

448 515 683 584 priorem
717 519 1055 566 revertamur
1088 523 1418 565 sermonem.

520 606 763 659 Diximus
789 604 932 673 quod
964 617 1189 673 magnus
1233 601 1323 655 ille
1366 601 1576 671 Moyses
1622 598 1867 655 scribens
1894 613 2016 668 pas-

449 700 656 756 sionem
689 696 791 753 Job
817 737 831 762 ,
867 705 922 752 et
946 695 1185 751 dolorem
1212 734 1229 760 ,
1267 703 1324 749 et
1351 693 1591 748 laborem
1623 735 1638 759 ,
1672 704 1832 764 atque
1879 709 2010 747 con-

448 792 702 848 stantiam
731 830 747 854 ,
792 803 893 859 pro
944 787 1317 843 consolatione
1368 786 1579 840 dederit
1630 786 1755 840 ﬁliis
1799 784 2009 849 Israel;

444 884 644 939 blande
680 891 736 937 et
775 880 1007 951 benigne
1040 893 1105 933 ac
1139 877 1347 948 placide
1395 878 1623 946 loquens
1658 879 1723 933 ad
1774 891 1898 941 eos,
1948 892 2011 931 ac

445 976 633 1030 dicens
665 986 681 1027 :
724 972 1049 1027 Constantes
1077 978 1271 1033 estote,
1297 968 1390 1022 lilii
1420 967 1618 1035 Israel;
1654 969 2007 1039 animaquio-

444 1079 538 1120 res
572 1071 768 1126 estote,
812 1061 1104 1131 posteritas
1127 1059 1359 1113 Abraha
1388 1099 1403 1124 ,
1440 1060 1707 1115 sustinete
1751 1060 1963 1116 dolores
1991 1102 2006 1124 ,

406 1184 409 1189 ·
445 1156 667 1214 suﬂ‘erte
702 1157 819 1211 hac
848 1154 1011 1223 mala,
1046 1154 1173 1223 quia
1199 1164 1254 1208 et
1280 1154 1409 1207 olim
1437 1160 1556 1206 erat
1582 1153 1801 1222 quidam
1845 1153 2006 1210 homo

442 1251 497 1304 in
528 1249 749 1319 regione
774 1246 1043 1310 Ausitide,
1082 1245 1168 1301 cui
1201 1259 1395 1299 nomen
1427 1251 1546 1298 erat
1578 1242 1680 1299 Job
1718 1263 1729 1300 :
1762 1244 1853 1312 qui
1883 1260 2004 1299 cum

442 1349 588 1396 esset
614 1340 794 1410 justus
823 1348 878 1394 et
902 1352 1091 1403 verax,
1120 1345 1176 1392 et
1199 1336 1314 1391 sine
1334 1334 1575 1405 querela,
1617 1334 1862 1403 ingentes
1889 1349 2007 1390 sus-

404 1462 409 1463 ν
442 1431 605 1486 tinuit
626 1429 865 1494 dolores,
886 1442 1069 1483 amara
1101 1426 1438 1497 supportavit
1469 1435 1759 1491 tormenta,
1784 1434 2006 1495 propter
2084 1486 2087 1487 ν

441 1524 616 1580 zelum
656 1522 998 1585 adversarii,
1030 1529 1191 1588 atque
1238 1517 1562 1587 nequissimi
1609 1516 1810 1571 diaboli
1860 1516 2002 1571 invi-

437 1616 610 1673 diam.
647 1613 724 1669 lta
765 1623 821 1668 et
851 1628 948 1668 vos
972 1653 987 1677 ,
1020 1611 1239 1682 inquit,
1273 1611 1434 1666 modo
1460 1626 1489 1665 a
1528 1608 1815 1665 Pharaone
1841 1624 2004 1664 vexa-

439 1708 596 1770 mini,
627 1708 695 1761 ab
724 1705 990 1776 Egyptiis
1016 1705 1425 1774 oppressionem
1458 1703 1707 1772 patimini
1736 1741 1751 1767 ,
1789 1703 1857 1758 ab
1891 1704 1995 1757 im-

440 1797 883 1853 misericordibus
912 1795 1258 1850 vehementes
1290 1794 1571 1848 sustinetis
1602 1792 1837 1861 dolores,
1874 1807 1996 1847 cum

439 1890 659 1945 omnino
695 1904 801 1942 non
843 1886 1264 1956 comprobemini
1302 1893 1649 1954 peccatores,
1682 1898 1855 1953 neque
1883 1884 1999 1939 cul-

438 1981 665 2051 pabiles,
695 1979 787 2032 sed
818 1987 874 2033 et
902 1976 1100 2041 sancti,
1137 1974 1263 2029 boni
1294 1976 1554 2040 factores,
1585 1984 1642 2029 et
1672 1974 1918 2044 perfecti,
1943 1983 1999 2030 et

438 2073 575 2143 grati
610 2070 769 2125 amici
800 2079 854 2125 et
901 2069 1032 2138 ipsis
1078 2078 1133 2122 et
1181 2069 1427 2138 patribus
1452 2082 1640 2122 eorum
1673 2067 1807 2122 estis
1845 2082 1996 2121 com-

435 2164 646 2233 probati
680 2173 842 2233 atque
873 2160 1102 2216 ostensi.
1138 2160 1244 2216 Sed
1278 2175 1400 2217 cum
1443 2160 1558 2214 hac
1604 2158 1849 2229 patimini
1886 2158 1997 2212 illi-

433 2257 540 2311 cite
566 2255 634 2309 ab
672 2254 945 2325 Aﬂgyptiis
970 2253 1024 2308 in
1066 2253 1381 2308 servitutem
1429 2252 1669 2313 redacti,
1699 2261 1754 2306 et
1793 2251 1997 2321 absque

434 2346 587 2414 culpa
619 2344 688 2399 ab
712 2345 793 2400 eis
823 2342 1120 2407 macerati,
1155 2354 1316 2412 atque
1349 2341 1546 2410 injuste
1579 2340 1760 2395 amicti
1803 2356 1870 2395 ne
1898 2342 1993 2396 de-

430 2437 670 2491 feceritis
695 2480 709 2502 ,
747 2450 921 2503 neque
971 2433 1394 2490 succubueritis.
1442 2432 1615 2488 Nolite
1661 2432 1771 2487 ﬁeri
1806 2433 1993 2502 despe-

430 2538 611 2583 rantes
647 2568 663 2594 ,
713 2529 805 2584 sed
867 2529 1132 2583 sustinete
1173 2536 1511 2592 constanter,
1560 2535 1722 2595 atque
1770 2525 1992 2581 suﬁerte

426 2623 679 2678 viriliter.
720 2621 836 2675 Erit
884 2636 1116 2690 namque
1159 2629 1213 2676 et
1250 2621 1405 2675 vobis
1447 2621 1695 2677 liberatio
1725 2624 1990 2692 quemad-

425 2716 645 2770 modum
676 2724 729 2768 et
761 2714 858 2768 illi.
895 2713 1172 2767 Reddetur
1195 2713 1358 2766 etiam
1390 2712 1546 2767 vobis
1572 2712 1859 2767 retributio
1889 2714 1990 2767 hu-

418 2808 509 2876 jus
545 2805 909 2860 tribulationis
938 2845 952 2867 ,
985 2805 1126 2859 sicut
1173 2812 1229 2857 et
1264 2804 1337 2858 illi
1387 2804 1597 2858 reddita
1643 2814 1747 2859 est.
1791 2804 1846 2859 Si
1887 2820 1988 2859 vos

423 2912 562 2967 quos
590 2896 938 2950 honorabiles
970 2904 1132 2965 atque
1162 2896 1361 2950 divites
1389 2910 1508 2950 esse
1540 2896 1829 2965 oportebat
1859 2909 1988 2963 pro-

424 3003 547 3061 pter
581 3003 794 3061 patrum
832 2991 1134 3045 bonitatem
1168 3002 1327 3059 atque
1353 2990 1601 3057 divitias,
1638 2990 1987 3044 inhonorabi-

2028 1756 2075 1815 B

2090 572 2093 577 γ
2118 504 2277 559 unius
2306 506 2519 574 generis
2543 517 2709 575 atque
2745 507 2902 561 unius
2947 507 3142 578 lingua
3166 549 3182 574 ,
3211 516 3303 576 et,
3350 520 3410 566 ut
3440 512 3685 572 breviter

2114 596 2327 663 dicam,
2362 596 2522 652 unius
2554 597 2729 668 gentis
2759 609 2918 652 erant
2947 606 3002 654 et
3031 601 3266 668 contigui
3315 600 3680 663 habitatores.

2112 687 2246 741 Nam
2281 697 2410 747 tunc
2456 688 2726 744 universa
2772 690 2945 745 tribus
2976 689 3192 746 ldumai
3233 693 3485 749 vocitata
3527 707 3679 762 sunt,

2111 794 2177 833 ex
2213 780 2429 834 nomine
2471 779 2615 834 Esau
2653 779 2725 833 ita
2756 792 3103 851 nuncupata.
3140 781 3292 838 Nunc
3320 798 3449 839 vero
3477 799 3677 841 omnes

2086 884 2217 935 ,uno
2245 870 2460 925 nomine
2490 868 2696 926 Arabes
2719 870 3084 941 appellantur,
3113 888 3219 927 non
3247 873 3422 930 solum
3450 874 3676 932 ldumai

2109 960 2198 1031 qui
2241 971 2397 1016 erant
2425 977 2488 1017 ex
2515 962 2653 1018 Esau
2679 1002 2695 1029 ,
2729 964 2822 1018 sed
2868 973 2923 1019 et
2951 965 3272 1022 Ammanila
3305 977 3357 1021 et
3383 967 3631 1023 Moabita
3656 1010 3675 1035 ,

2107 1065 2297 1106 omnes
2337 1053 2543 1122 pariter
2578 1068 2723 1107 nunc
2774 1054 2828 1107 in
2875 1053 3110 1109 Arabum
3160 1059 3378 1112 nomine
3411 1061 3679 1126 perstrin-

2107 1156 2326 1214 guntur.
2360 1144 2485 1201 liae
2531 1145 2712 1214 itaque
2758 1145 3032 1211 diximus,
3083 1155 3143 1199 ut
3184 1148 3527 1205 ostendamus
3576 1150 3674 1219 qui

2104 1232 2303 1287 fuerint
2334 1234 2557 1299 Ausita,
2594 1249 2661 1288 ex
2696 1248 2925 1303 quorum
2960 1232 3061 1289 Job
3103 1236 3399 1305 appellatur
3426 1240 3679 1311 regione,

2084 1324 2230 1397 quia
2261 1324 2433 1379 tribus
2454 1336 2609 1382 erant
2635 1334 2689 1381 et
2705 1327 3053 1396 cognationes
3080 1327 3273 1394 Edom,
3304 1329 3393 1399 qui
3422 1340 3475 1385 et
3500 1330 3670 1385 Esau.

2106 1414 2239 1470 Nam
2272 1417 2411 1471 sicut
2440 1418 2614 1473 tribus
2643 1416 2804 1473 Israel
2824 1457 2839 1484 ,
2873 1417 2964 1487 qui
2997 1427 3052 1472 et
3075 1416 3241 1474 Iacob
3266 1461 3281 1485 ,
3309 1421 3382 1475 ita
3411 1430 3467 1476 et
3496 1422 3673 1479 tribus

2086 1505 2295 1581 Edom,
2326 1499 2514 1578 qui'et
2544 1507 2720 1574 Esau,
2754 1507 2908 1577 juxta
2950 1509 3199 1566 carnales
3227 1511 3397 1566 tribus
3423 1552 3439 1577 ,
3467 1523 3522 1565 et
3561 1530 3669 1568 non

2098 1597 2255 1666 juxta
2302 1601 2482 1656 studia
2525 1601 2808 1674 spiritalia.
2839 1602 3043 1659 Ausita
3086 1617 3214 1674 ergo
3249 1613 3303 1659 et
3335 1604 3535 1660 Euchei
3561 1644 3577 1670 ,
3615 1616 3671 1661 et

2103 1689 2261 1747 Minei
2290 1700 2346 1748 et
2380 1692 2753 1764 Themanita,
2797 1711 2990 1753 omnes
3031 1698 3235 1766 pariter
3282 1695 3497 1752 ldumai
3544 1696 3667 1753 fue-

2103 1796 2246 1845 runt.
2277 1788 2359 1845 Ob
2400 1790 2504 1846 hoc
2535 1796 2664 1863 ergo
2704 1794 2835 1849 dicit
2865 1811 2881 1849 :
2909 1793 3082 1849 Homo
3119 1794 3336 1865 quidam
3369 1796 3423 1849 in
3456 1796 3670 1864 regione

2099 1879 2355 1936 Ausitide.
2409 1880 2603 1938 Statim
2658 1884 2711 1939 in
2752 1886 3049 1955 primordio
3101 1884 3309 1940 laudem
3362 1884 3667 1940 beatissimi

2098 1970 2198 2028 Job
2229 1974 2579 2032 demonstrat.
2614 1976 2749 2032 Nam
2792 1993 2915 2034 cum
2959 1977 3231 2033 hominem
3280 1978 3425 2032 illum
3457 1992 3668 2032 memo-

2078 2075 2204 2133 _rat,
2231 2069 2466 2125 ostendit
2495 2070 2741 2140 protinus
2769 2071 2912 2141 quod
2952 2070 3040 2125 ille
3072 2071 3232 2125 homo
3263 2070 3445 2134 fuerit,
3468 2078 3523 2123 et
3552 2085 3663 2125 non

2091 2159 2394 2231 jumentum
2433 2175 2606 2232 neque
2648 2163 2837 2222 bestia.
2887 2160 3060 2219 Homo
3102 2166 3318 2234 quidam
3362 2174 3470 2217 erat
3511 2178 3530 2217 :
3564 2163 3662 2217 sed

2095 2254 2222 2323 quia
2271 2255 2432 2309 homo
2477 2270 2597 2311 esse
2634 2259 3039 2325 comprobatur,
3087 2255 3280 2309 merito
3326 2253 3503 2309 factus
3538 2269 3663 2309 esse

2076 2346 2416 2404 -ostenditur.
2451 2345 2624 2403 Homo
2656 2348 2873 2419 quidam
2910 2357 3041 2401 erat.
3081 2344 3233 2400 Unus
3279 2354 3395 2401 erat
3430 2361 3498 2400 ex
3540 2362 3661 2399 om-

2095 2436 2250 2489 nibus
2282 2434 2589 2491 hominibus
2630 2426 2929 2491 secundum
2954 2451 3173 2506 corpus,
3203 2436 3499 2490 secundum
3531 2452 3659 2489 cor-

2092 2528 2391 2595 ruptionem
2418 2567 2433 2593 ,
2461 2529 2552 2582 sed
2583 2527 2873 2598 singularis
2900 2536 3020 2583 erat
3061 2543 3171 2598 pra
3197 2529 3447 2582 omnibus
3475 2528 3658 2582 homio

2092 2620 2249 2674 nibus
2281 2619 2434 2688 juxta
2467 2619 2685 2688 spiritus
2713 2620 3021 2675 instantiam
3053 2628 3109 2674 et
3149 2620 3342 2674 anima
3370 2619 3659 2674 sincerita-

2091 2721 2234 2777 tem,
2280 2722 2444 2783 atque
2484 2714 2707 2783 justitia
2757 2714 3164 2784 perfectionem.
3220 2712 3391 2767 Homo
3438 2714 3655 2783 quidam

2089 2814 2223 2860 erat.
2261 2805 2400 2860 Vere
2430 2806 2814 2875 homo,utpote
2841 2807 3003 2860 homo
3029 2805 3222 2869 factus,
3259 2816 3318 2861 ut
3341 2808 3501 2860 homo
3527 2820 3656 2875 per-

2088 2912 2331 2961 manens,
2361 2909 2543 2966 utpote
2577 2898 2644 2951 ad
2681 2896 2965 2967 imaginem
3001 2895 3092 2952 Dei
3122 2906 3356 2962 creatus,
3385 2906 3441 2951 et
3475 2896 3543 2951 ad
3572 2896 3654 2950 si-

2088 2987 2441 3043 militudinem
2468 2989 2832 3057 jumentorum
2867 3002 2931 3043 ac
2961 2988 3256 3043 bestiarum
3280 2998 3442 3060 atque
3482 2989 3656 3056 repti-

424 3085 503 3138 les
536 3095 700 3153 atqne
745 3084 901 3150 egeni
946 3082 1119 3138 ellecti
1162 3083 1292 3137 estis
1317 3123 1333 3147 ,
1367 3082 1531 3137 nolite
1576 3097 1935 3151 expavescere
1966 3100 1979 3136 :
2009 3096 2050 3157 ρ
2084 3084 2215 3139 lium
2243 3099 2347 3138 non
2382 3093 2466 3141 est
2498 3085 3010 3149 immutatus,sicuti
3030 3085 3227 3140 dicitur
3256 3085 3323 3138 de
3344 3084 3649 3152 aliquibus:

421 3170 551 3238 quia
578 3180 632 3223 et
662 3170 919 3238 pralatus
951 3171 1036 3224 hic
1062 3171 1144 3224 vir
1167 3170 1268 3233 Job
1310 3171 1376 3225 de
1415 3171 1541 3226 sede
1573 3172 1737 3239 regali
1772 3180 1827 3225 et
1863 3172 1984 3241 glo-

423 3260 569 3315 riosa
616 3260 681 3313 ad
711 3260 1111 3329 sterquilinium
1159 3260 1442 3315 devolutus
1473 3271 1555 3315 est
1591 3277 1712 3315 cmn
1755 3262 1985 3330 ignomi-

423 3352 535 3416 nia,
569 3365 635 3405 ex
669 3351 950 3406 immensis
975 3352 1178 3407 divitiis
1214 3361 1375 3419 atque
1410 3351 1687 3419 opulentia
1718 3354 1784 3406 ad
1816 3354 1982 3408 mise-

422 3443 645 3496 rabilem
675 3453 1043 3512 paupertatem
1073 3443 1388 3498 immutatus
1422 3454 1505 3498 est
1533 3454 1693 3513 atque
1724 3445 1979 3514 iunpiam.

421 3533 479 3587 Si
513 3533 747 3604 [Egyplii
796 3550 933 3604 quos
984 3536 1189 3591 amicos
1236 3550 1356 3591 esse
1401 3545 1715 3605 oportuerat
1762 3548 1983 3607 propter

418 3629 647 3699 gratiam
675 3628 872 3697 Ioseph
899 3672 913 3694 ,
955 3641 1119 3700 atque
1146 3630 1512 3686 sinceritatem
1542 3629 1704 3685 Israel
1731 3671 1749 3699 ,7
1779 3633 1845 3687 ad
1878 3633 1981 3687 ini-

418 3720 684 3773 micorum
732 3719 1027 3787 nequitiam
1072 3722 1337 3775 immutati
1367 3732 1533 3788 sunt,
1561 3738 1661 3777 nec
1690 3722 1795 3778 hoc
1829 3724 1980 3777 vobis

415 3810 488 3863 sit
534 3809 732 3863 mirum
766 3828 781 3862 :
814 3811 939 3879 quia
980 3820 1033 3866 et
1076 3810 1178 3871 Job
1217 3812 1338 3867 boni
1377 3814 1450 3867 illi
1494 3814 1707 3868 sodales
1734 3854 1749 3880 ,
1789 3815 1878 3884 qui
1927 3815 1978 3871 ei

416 3901 597 3955 devoti
625 3910 789 3970 atque
821 3903 1015 3971 integri
1061 3903 1223 3958 amici
1269 3918 1392 3959 esse
1419 3905 1717 3959 debuerant
1742 3944 1758 3969 ,
1785 3907 1848 3957 ad
1876 3905 1979 3960 ini-

416 3992 676 4046 micitiam
708 3995 957 4050 conversi
1003 4004 1167 4059 sunt,
1208 4006 1263 4051 et
1296 3998 1363 4052 ad
1411 3998 1701 4052 maximam
1738 3999 1975 4066 relucta-

417 4080 646 4145 tioncm,
689 4091 850 4151 atque
873 4085 1305 4141 criminationem
1350 4087 1498 4141 circa
1528 4087 1672 4141 illum
1708 4087 1973 4143 immutati

411 4180 558 4227 sunt.
592 4171 688 4228 llis
715 4188 845 4242 ergo
872 4175 1070 4229 similia
1098 4176 1263 4231 etiam
1296 4192 1392 4233 vos
1413 4218 1427 4243 ,
1467 4179 1676 4247 inquit,
1711 4180 1977 4234 sustinen-

413 4273 515 4330 tes,
546 4265 637 4319 filii
672 4264 857 4328 Israel,
898 4269 1139 4335 usquein
1174 4267 1334 4323 finem
1362 4279 1696 4340 supportate,
1722 4286 1894 4340 usque
1919 4272 1971 4327 in

410 4355 575 4411 finem
608 4356 846 4413 suflerte.
880 4358 999 4412 Erit
1028 4359 1173 4413 enim
1204 4369 1381 4414 vestra
1424 4361 1686 4432 inspectio
1707 4403 1722 4427 ,
1747 4363 1890 4417 sicut
1916 4370 1973 4418 et

2088 3177 2259 3231 Homo
2290 3178 2541 3231 vanitatis
2575 3176 2766 3230 similis
2791 3178 2963 3246 [actus
2994 3189 3071 3232 est
3102 3178 3207 3232 illis
3231 3180 3272 3230 ⁷.
3311 3178 3377 3232 Ει
3421 3178 3599 3233 adhuc
3632 3196 3649 3238 :

2086 3266 2258 3321 Homo
2287 3284 2401 3321 cum
2428 3270 2482 3321 in
2522 3268 2717 3322 honore
2759 3278 2889 3322 esset
2921 3285 3023 3322 non
3052 3270 3341 3336 intellexit,
3370 3286 3652 3335 compara-

2085 3368 2167 3411 tus
2210 3367 2286 3410 est
2320 3358 2578 3424 jumentis
2617 3356 3007 3425 insipientibus,
3051 3364 3104 3409 et
3140 3356 3330 3408 similis
3361 3354 3537 3425 factus
3568 3366 3648 3407 est

2082 3445 2189 3498 illis
2206 3446 2246 3499 ⁸.
2281 3442 2453 3500 Homo
2483 3446 2698 3513 quidam
2722 3454 2857 3507 erat,
2882 3446 3152 3513 patientia
3179 3445 3504 3513 exemplum.
3522 3459 3651 3498 con-

2081 3536 2292 3589 stantia
2335 3534 2741 3598 testimonium,
2786 3535 3087 3591 tolerantia
3138 3537 3416 3591 indicium.
3473 3535 3648 3591 Homo

2080 3628 2296 3695 quidam
2324 3637 2440 3683 erat
2470 3643 2626 3695 quem
2645 3628 2908 3691 innumeri
2936 3629 3153 3683 beatum
3182 3629 3458 3691 dixerunt,
3481 3642 3645 3697 quem

2079 3727 2369 3787 prasentes
2404 3719 2703 3773 timuerunt
2729 3758 2745 3783 ,
2770 3735 2927 3789 quem
2956 3720 3209 3776 absentes
3244 3720 3463 3774 reveriti
3491 3730 3644 3784 sunt,

2078 3825 2235 3878 quem
2257 3810 2433 3880 angeli
2465 3810 2714 3865 admirati
2746 3820 2905 3873 sunt,
2933 3825 3093 3880 quem
3126 3812 3240 3881 ipse
3268 3810 3528 3866 Dominus
3553 3811 3644 3864 di-

2077 3899 2231 3955 lexit.
2270 3900 2439 3956 Homo
2468 3901 2683 3971 quidam
2723 3910 2839 3956 erat
2868 3916 3025 3971 quem
3062 3902 3423 3972 nequissimus
3470 3916 3643 3956 amu-

2076 3992 2217 4047 latus
2247 4003 2353 4060 est,
2385 3993 2471 4048 cui
2506 3992 2850 4048 adversarius
2877 3993 3171 4053 invidebat.
3202 4008 3359 4063 quem
3388 3994 3643 4050 inimicus

2076 4084 2354 4139 hominum
2387 4084 2635 4141 diabolus
2668 4087 2808 4155 apud
2854 4084 3137 4140 Dominum
3189 4087 3639 4155 reprehendebat.

2074 4172 2245 4230 Homo
2282 4174 2501 4243 quidam
2529 4183 2649 4230 erat
2668 4176 2760 4245 qui
2786 4177 2987 4231 versuti
3016 4176 3157 4231 illius
3192 4175 3442 4231 draconis
3470 4189 3639 4247 caput

2074 4268 2433 4335 conculcavit,
2458 4268 2551 4338 qui
2579 4267 2905 4323 sceleratum
2929 4269 3198 4325 diabolum
3232 4271 3283 4325 in
3308 4269 3485 4340 fugam
3508 4285 3638 4324 cou-

2073 4358 2271 4424 vertit,
2308 4359 2400 4428 qui
2450 4360 2503 4414 in
2560 4374 2787 4430 corpore
2835 4360 3213 4430 incorporeum
3246 4362 3636 4432 supplantavit.

412 4446 555 4501 illius
581 4446 723 4501 facta
752 4457 854 4504 est.
888 4449 1024 4513 Erit,
1050 4457 1213 4518 atque
1248 4451 1506 4505 reddetur
1539 4452 1694 4507 vobis
1728 4452 1971 4507 toleran-
2002 4433 2048 4491 Ι)
2072 4446 2246 4503 Homo
2282 4451 2503 4519 quidam
2545 4463 2661 4506 erat
2684 4492 2700 4517 ο
2745 4454 2904 4508 homo
2935 4468 3063 4509 vere
3094 4464 3348 4525 tanquam
3376 4465 3635 4510 (εοηδιεηι-

411 4540 501 4593 tia
528 4540 917 4603 remuneratio,
952 4539 1165 4595 sicutet
1197 4540 1268 4594 illi
1301 4542 1509 4596 reddita
1538 4552 1638 4597 est.
1668 4542 1791 4598 Hac
1818 4559 1972 4598 nam-

408 4644 515 4699 que
558 4640 612 4684 et
645 4630 728 4686 his
772 4631 964 4685 similia
999 4630 1208 4702 Moyses
1232 4632 1455 4701 loquens
1502 4634 1569 4687 ad
1618 4634 1759 4689 filios
1803 4632 1968 4690 Israel

409 4722 629 4790 scripsit
673 4722 857 4778 dicens
887 4740 900 4776 :
932 4722 1103 4777 Homo
1141 4725 1357 4795 quidam
1388 4735 1499 4779 erat
1535 4726 1592 4785 in
1622 4729 1827 4797 regione
1860 4728 1969 4783 Att-

407 4811 561 4867 sitide
591 4813 633 4865 ⁶.
667 4811 837 4867 Homo
862 4823 1045 4883 utpote
1076 4826 1272 4870 natura
1311 4818 1584 4871 exsistens
1611 4817 1773 4871 homo
1805 4837 1818 4871 :
1846 4818 1967 4887 qui-

409 4904 532 4956 dam
562 4918 691 4957 vero
714 4943 729 4967 ,
760 4914 945 4973 utpote
974 4921 1051 4976 ea~
1076 4906 1328 4962 omnibus
1360 4908 1668 4977 singularis.
1705 4910 1759 4965 lu
1792 4912 1968 4979 regio-

408 5008 476 5047 ne
505 5003 683 5047 autem
722 4995 970 5049 Ansitide
998 5035 1014 5060 ,
1046 5006 1229 5065 utpote
1264 4999 1353 5065 qui
1393 4999 1502 5054 illic
1549 5011 1874 5064 moraretur,
1910 5012 1967 5056 et

406 5085 519 5139 illic
551 5095 710 5141 natus
736 5097 898 5155 atque
931 5102 996 5141 ex
1028 5090 1153 5156 ipsis
1198 5089 1360 5143 fuerit
1387 5130 1402 5153 ,
1431 5100 1485 5145 et
1516 5092 1657 5145 inter
1688 5107 1781 5147 eos
1812 5094 1963 5147 advi-

404 5176 568 5230 xerit.
607 5175 673 5229 Et
704 5177 795 5245 qui
825 5186 951 5232 sunt
982 5179 1066 5231 isti
1106 5179 1354 5235 Ausita?
1381 5179 1561 5235 Genus
1589 5181 1747 5243 Esau,
1788 5193 1963 5249 poste-

404 5266 540 5321 ritas
572 5277 734 5336 atque
767 5270 939 5323 tribus
972 5269 1161 5323 Edom.
1190 5268 1322 5324 Nam
1362 5272 1560 5325 Ausita
1612 5284 1666 5326 et
1698 5273 1878 5339 Minei,
1907 5284 1961 5329 ct

405 5360 630 5429 Euchei,
651 5362 1075 5427 etThemauita,
1098 5373 1373 5419 etcatera
1401 5380 1589 5419 onmes
1612 5369 1780 5423 tribus
1802 5381 1958 5423 erant

402 5466 466 5508 ex
499 5457 825 5523 cognatione
852 5468 1015 5525 atque
1058 5460 1305 5526 prosapia
1340 5457 1478 5510 Esau
1512 5456 1605 5511 lilii
1647 5458 1793 5514 Isaac
1817 5499 1832 5522 ,
1865 5461 1953 5528 qui

400 5553 457 5605 et
488 5546 656 5601 Edom
689 5548 1106 5618 cognominatus
1152 5556 1259 5605 est.
1306 5547 1512 5604 ldcirco
1552 5551 1959 5615 cobabitatores

478 5734 621 5803 θεοὶ)
654 5751 691 5804 t,
730 5738 780 5792 l.
849 5741 866 5771 ⁷
896 5740 1039 5797 Psal.
1068 5756 1249 5811 mm,
1287 5742 1341 5800 4.
1422 5743 1443 5775 ⁸
1476 5739 1619 5801 Psal.
1659 5761 1850 5815 XLVIII,
1876 5746 1963 5813 2t.

2075 4539 2316 4595 tissimus
2350 4541 2719 4611 belligerator,
2755 4553 3009 4613 tanquam
3035 4545 3325 4612 singularis
3352 4561 3634 4601 monoma-

2070 4634 2244 4700 chus,
2282 4644 2539 4704 tanquam
2588 4645 2898 4693 constanter
2947 4647 3099 4693 stans
3142 4640 3399 4694 adversus
3443 4653 3633 4694 omnes

2070 4724 2270 4779 diaboli
2307 4728 2600 4796 exercitus,
2634 4739 2889 4799 tanquam
2921 4732 3012 4801 qui
3035 4731 3383 4801 singulariter
3407 4732 3473 4786 de
3506 4746 3630 4784 om~

2068 4817 2224 4872 nibus
2253 4818 2555 4875 damonum
2583 4822 2874 4879 virtutibus
2917 4826 3195 4879 victoriam
3231 4824 3521 4895 sumpserit
3541 4840 3632 4879 so-

2069 4908 2174 4965 lus.
2217 4910 2386 4967 Homo
2431 4915 2647 4982 quidam
2677 4925 2824 4981 erat,
2862 4932 2967 4973 non
2998 4928 3116 4971 erat
3159 4917 3336 4973 bellua
3382 4928 3631 4983 cruenta,

2068 5015 2172 5054 non
2206 5012 2327 5058 erat
2374 5020 2597 5074 serpens
2639 5009 2872 5076 nequitia
2898 5050 2913 5074 ,
2946 5024 3048 5062 non
3092 5019 3209 5064 erat
3252 5025 3422 5080 equus
3452 5026 3629 5077 neque

2067 5092 2245 5148 mulus
2294 5095 2500 5150 luxuria
2551 5113 2727 5168 neque
2771 5100 3106 5170 petulantia,
3154 5116 3258 5155 non
3312 5112 3431 5155 erat
3477 5104 3627 5155 canis

2066 5186 2345 5254 spurcitia,
2376 5204 2549 5256 neque
2583 5191 2768 5259 vulpes
2796 5191 2919 5246 dolo
2944 5201 3104 5260 atque
3128 5193 3347 5253 astutia,
3382 5209 3484 5244 non
3509 5206 3626 5245 erat

2065 5280 2309 5347 scorpius
2335 5321 2350 5345 ,
2396 5297 2567 5351 neque
2606 5285 2796 5338 veneni
2836 5284 3049 5339 lelhalis
3084 5287 3263 5354 vipera
3294 5332 3305 5349 ,
3341 5290 3431 5341 sed
3466 5288 3623 5341 homo

2064 5379 2198 5424 erat.
2252 5370 2382 5425 Nam
2419 5374 2556 5427 sicut
2591 5376 2808 5431 obsceni
2854 5389 3013 5447 atque
3062 5379 3351 5449 impudici,
3401 5383 3623 5451 maligni

2062 5477 2275 5531 quoque
2298 5480 2360 5520 ac
2386 5470 2582 5523 versuti
2614 5472 2701 5526 his
2728 5473 2977 5528 omnibus
3024 5484 3405 5543 comparantur
3459 5486 3620 5545 atque

2059 5558 2251 5613 horum
2283 5563 2522 5619 omnium
2556 5566 2909 5636 appellatione
2937 5580 3342 5641 nuncupantur,
3374 5570 3515 5627 sicut
3540 5572 3594 5625 di
