3888 6218
196 283 301 341 δτι

1293 280 1667 341 $‘NONYMUS
1698 281 1766 338 ΙΝ
1802 281 1944 341 ΙΟΒ.
1984 317 2052 327 --
2088 285 2199 341 LlB

3343 291 3448 347 578

195 416 350 468 citur
378 410 444 466 de
468 410 773 482 huiusmodi
806 430 823 467 :
852 411 1021 466 Canes
1065 409 1291 478 improbi
1320 413 1499 465 animo
1539 410 1767 465 nescien-
1795 414 1840 469 Α
1874 424 1977 463 non
2012 410 2134 463 talis
2160 409 2483 479 tulitquam
2505 416 2559 464 et
2593 414 2677 463 ιιιι·
2712 402 2848 463 Cum
2881 410 3024 465 inter
3056 410 3249 478 impios
3278 426 3444 480 esset,

199 514 277 561 tes
314 505 643 558 saturitatem
673 504 716 556 ⁸.
751 504 815 557 Ει
859 503 1035 557 adhuc
1066 519 1081 558 :
1114 501 1257 571 Equi
1296 502 1600 556 admissarii
1642 502 1769 571 facti

198 608 365 660 sunt,
410 596 769 665 unusquisque
809 596 877 649 ad
907 609 1123 648 uxorem
1172 593 1399 662 proximi
1439 593 1523 645 sui
1568 592 1769 645 hinnie-

204 690 289 742 bat
323 688 387 741 '°.
423 687 487 741 Et
528 685 653 740 alibi
699 704 710 739 :
759 686 1061 755 Serpentes,
1084 684 1348 753 generatio
1380 684 1677 750 viperarum
1706 685 1770 737 ¹¹.

205 777 292 840 Et,
316 775 598 829 Generatio
621 778 939 845 serpentium
963 776 1282 838 volantium,
1310 776 1403 842 qui
1427 774 1621 828 veloces
1653 784 1773 829 sunt

205 871 260 923 in
301 868 536 921 malitia.
589 867 655 921 Et
696 868 889 921 iterum
927 880 943 919 :
984 866 1364 935 Appre/tendite
1407 867 1548 921 vobis
1598 869 1775 934 vulpes

202 958 426 1028 pusillas
448 959 853 1013 exterminantes
886 959 950 1012 “.
988 957 1075 1022 Et,
1104 956 1373 1027 Tanquam
1395 958 1571 1027 vulpes
1598 959 1653 1011 in
1683 975 1774 1012 so-

202 1051 427 1105 litudine
449 1051 580 1118 facti
615 1060 734 1103 sunt
768 1050 1033 1119 propheta:
1066 1052 1165 1115 tui,
1213 1049 1484 1105 Israel".
1514 1050 1584 1104 Et
1620 1069 1634 1104 :
1670 1048 1774 1115 Ite,

201 1144 360 1203 dicite
402 1141 547 1210 vulpi
585 1143 706 1199 huic
750 1140 904 1212 (dicit
950 1142 1208 1196 Dominus
1255 1142 1322 1197 de
1369 1140 1582 1197 llerode
1610 1141 1778 1210 “),et

203 1236 307 1288 alia
345 1236 623 1290 innumera
673 1235 756 1290 his
806 1236 1003 1291 similia
1049 1237 1299 1289 dicuulut
1357 1234 1423 1288 de
1465 1233 1774 1301 huiusmodi

202 1332 265 1385 in
303 1331 607 1398 Scriptura.
636 1332 741 1387 Sed
772 1333 966 1388 beatus
998 1332 1101 1388 Job
1136 1349 1242 1388 non
1279 1341 1397 1386 erat
1427 1332 1572 1396 talis,
1601 1346 1778 1401 neque

200 1424 291 1478 his
320 1424 536 1479 similis.
564 1422 670 1479 Sed
696 1425 858 1481 homo
884 1434 1006 1479 erat
1036 1426 1414 1491 intaminatus,
1443 1435 1497 1481 et
1524 1426 1781 1480 immacu-

200 1522 343 1579 iatus
378 1523 540 1584 atque
584 1515 845 1571 illibatus.
895 1516 1069 1572 llomo
1096 1558 1112 1582 ,
1145 1526 1331 1587 utpote
1376 1517 1479 1573 hoc
1512 1517 1654 1585 quod
1710 1519 1777 1572 ad

202 1608 493 1678 imaginem
522 1617 575 1663 et
603 1609 1009 1664 similitudinem
1046 1610 1141 1665 Dei
1172 1611 1348 1667 lactus
1380 1621 1485 1677 est,
1508 1612 1777 1681 integrum

199 1700 534 1755 custodiens.
569 1699 658 1756 Sic
692 1701 871 1770 itaque
903 1704 1064 1757 homo
1098 1704 1319 1773 quidam
1347 1713 1464 1759 erat
1485 1704 1637 1772 iuxta
1661 1704 1776 1758 haec

198 1792 455 1846 universa
491 1806 611 1860 quae
643 1801 940 1847 monstrata
970 1804 1119 1848 sunt.
1158 1793 1274 1849 Non
1307 1804 1463 1849 erant
1492 1794 1626 1849 tales
1658 1809 1776 1849 om-

199 1897 298 1937 nes
323 1883 594 1946 homines,
630 1883 723 1938 sed
753 1899 892 1938 unus
923 1895 1041 1939 erat
1074 1886 1227 1941 solus
1253 1925 1269 1951 ,
1307 1886 1431 1941 talis
1458 1887 1674 1952 quidem
1708 1901 1774 1939 cx

197 1976 455 2031 omnibus
483 1974 583 2031 Job
610 1977 979 2034 beatissimus.
1016 1978 1120 2035 Ubi
1150 1988 1328 2034 autem
1374 1988 1489 2034 erat
1537 1979 1624 2035 hic
1675 1981 1776 2034 ho-

198 2085 293 2125 mo
319 2070 344 2123 ?
377 2069 432 2125 in
462 2085 566 2138 qua
594 2072 835 2140 regione,
868 2072 920 2126 in
960 2087 1067 2142 qua
1094 2073 1375 2143 provincia
1406 2073 1429 2126 ?
1469 2072 1778 2142 Respondet

199 2162 435 2218 dicens:
473 2161 541 2217 In
591 2163 800 2231 regione
840 2162 1101 2220 Ausitide.
1147 2164 1247 2231 Qui
1296 2173 1473 2219 autem
1523 2164 1631 2219 sint
1683 2164 1772 2217 isti

198 2254 407 2309 Ausitae
433 2293 450 2318 ,
477 2255 726 2324 superius
752 2255 1283 2325 demonstravimus,
1315 2259 1456 2327 quod
1489 2272 1553 2312 ex
1580 2269 1778 2326 genere

199 2344 426 2400 fuerunt
454 2347 616 2411 Esau,
644 2349 763 2403 sive
785 2363 851 2403 ex
883 2348 1011 2403 ﬁliis
1047 2349 1212 2413 Esau,
1243 2350 1359 2403 sive
1390 2351 1459 2405 ab
1502 2351 1616 2417 ipso
1636 2349 1773 2405 Esau

200 2437 410 2492 Ausitze
435 2449 593 2493 erant
622 2439 820 2495 vocati.
857 2441 923 2494 Et
970 2442 1163 2511 quales
1203 2442 1289 2496 isti
1329 2452 1486 2496 erant
1529 2442 1777 2496 Ausitaz?

199 2532 387 2599 lmpii,
420 2532 641 2602 iniusti,
671 2535 939 2599 inﬁdeles,
975 2534 1219 2597 obsceni,
1256 2534 1613 2596 Insatiabiles,
1635 2533 1777 2588 sicut

198 2632 254 2675 et
292 2632 447 2688 pater
471 2638 655 2678 eorum
692 2623 855 2685 Esau,
888 2625 956 2679 de
986 2640 1093 2694 quo
1115 2625 1332 2678 dictum
1363 2635 1447 2679 est
1476 2641 1503 2679 a
1535 2626 1770 2681 sanctis:

200 2714 379 2769 Nemo
410 2716 480 2769 sit
511 2717 762 2772 obscenus
790 2727 838 2772 et
860 2716 1174 2772 insatiabilis
1200 2716 1505 2770 sicut.Esau
1546 2718 1611 2772 ¹⁸.
1638 2716 1772 2772 Cum

199 2824 334 2878 ergo
376 2819 521 2866 esset
554 2810 675 2864 talis
713 2811 829 2880 ipse
878 2811 1065 2877 Esau,
1100 2826 1203 2866 non
1244 2810 1426 2865 docuit
1468 2810 1607 2865 ﬁlios
1648 2825 1775 2866 suos

199 2903 459 2973 pietatem
504 2918 679 2973 neque
719 2903 981 2974 justitiam
1026 2918 1187 2973 quam
1223 2903 1337 2973 ipse
1370 2919 1476 2958 non
1527 2906 1774 2960 sectaba-

198 3006 311 3059 tur,
330 2996 427 3051 sed
465 2997 795 3066 impietatem
829 3011 923 3051 eos
958 2996 1162 3062 docuit,
1183 3005 1239 3050 et
1271 2995 1592 3065 iniustitiam
1610 3005 1773 3065 atque

1877 518 1983 557 non
2013 502 2306 557 declinavit
2336 503 2400 556 ad
2433 503 2789 569 impietatem.
2822 504 2955 557 Cum
2990 513 3134 558 esset
3165 504 3305 561 inter
3328 506 3447 559 inti-

1875 596 2044 661 deles,
2076 611 2180 649 non
2210 596 2402 651 habuit
2432 594 2829 649 inﬁdelitatem.
2861 596 2993 649 Cum
3021 606 3167 651 esset
3197 598 3337 652 inter
3360 599 3445 652 in-

1870 686 2068 758 iustos,
2101 702 2206 741 non
2238 696 2320 740 est
2349 688 2667 741 commistus
2703 688 3122 757 iniustitiiszsed
3152 692 3450 758 permansit

1877 779 1930 833 in
1981 780 2159 833 medio
2206 779 2494 847 impiorum
2543 788 2797 848 tanquam
2838 780 3062 833 adamas
3109 780 3447 847 immobilis,

1877 869 2099 927 lucerna
2129 871 2591 941 inexstinguibilis
2614 911 2629 936 ,
2667 881 2923 942 tanquam
2952 873 3129 927 lumen
3162 876 3303 941 quod
3342 890 3444 928 non

1879 961 2215 1026 immutatur,
2263 970 2520 1030 tanquam
2571 962 2757 1016 radius
2802 963 2896 1031 qui
2941 978 3046 1016 non
3086 966 3304 1017 occidit.
3355 964 3447 1021 Sic

1875 1054 2040 1108 etiam
2075 1061 2287 1122 oportet
2313 1069 2412 1109 nos
2445 1068 2588 1119 esse,
2623 1068 2657 1107 ο
2689 1055 2873 1119 amici,
2905 1065 3127 1110 sanctos
3162 1068 3322 1125 atque
3345 1058 3447 1111 imo

1877 1143 2179 1203 maculatos
2204 1184 2218 1205 ,
2254 1144 2371 1212 pios
2413 1159 2476 1197 ac
2512 1144 2790 1214 religiosos
2814 1186 2828 1209 ,
2865 1148 3186 1200 charitatem
3238 1149 3445 1216 ample-

1877 1245 2088 1290 ctentes
2112 1244 2273 1305 atque
2306 1234 2596 1303 perfectos,
2647 1236 2993 1292 inviolabiles
3022 1248 3183 1307 atque
3214 1239 3446 1293 illibatos

1878 1330 1931 1383 in
1983 1330 2159 1383 medio
2187 1329 2405 1399 generis
2433 1330 2586 1397 pravi
2618 1344 2680 1383 ac
2729 1330 2971 1399 perversi
3001 1370 3016 1395 ,
3051 1340 3109 1385 ut
3147 1331 3446 1401 lulgeamus

1881 1429 2137 1489 tanquam
2183 1421 2463 1475 luminaria
2510 1420 2631 1475 οωιί
2670 1422 2722 1474 in
2782 1424 3015 1485 mundo,
3046 1425 3268 1477 verlmm
3322 1424 3446 1478 vita:

1877 1516 2215 1570 continentes
2242 1515 2295 1569 in
2319 1516 2406 1570 die
2433 1514 2663 1581 Christi,
2688 1526 2746 1569 ut
2775 1517 2913 1570 etde
2933 1516 3087 1571 nobis
3113 1517 3325 1570 dicatur
3346 1517 3448 1571 sic-

1881 1615 1938 1660 ut
1975 1615 2030 1660 et
2083 1607 2149 1661 de
2179 1609 2337 1663 beato
2365 1608 2455 1663 illo
2482 1627 2497 1663 :
2529 1607 2597 1662 Et
2629 1618 2739 1661 erat
2774 1608 2888 1662 sine
2914 1608 3124 1676 querela
3153 1609 3306 1662 homo
3333 1608 3441 1675 ille,

1871 1699 2379 1768 justus,verax,Dei
2407 1700 2577 1753 cultor
2601 1700 2665 1755 ¹⁶.
2691 1698 2862 1753 [Ionio
2896 1699 2983 1753 ille
3009 1712 3338 1754 memoratus
3363 1710 3446 1753 at-

1880 1807 1986 1860 que
2008 1792 2339 1860 designatus.
2360 1792 2451 1860 qui
2483 1792 2535 1845 in
2568 1792 2787 1860 regione
2806 1799 2929 1845 erat
2955 1789 3221 1853 Ausitide,
3241 1791 3323 1843 cui
3350 1806 3447 1843 no-

1878 1898 2000 1938 men
2028 1893 2142 1937 erat
2172 1883 2293 1939 Job.
2315 1882 2569 1939 Ostendit
2598 1884 3185 1953 hominem,coguitam
3215 1883 3447 1937 fecitre-

1877 1977 2090 2046 gionem
2110 2016 2124 2038 ,
2153 1975 2456 2044 designavit
2488 1990 2679 2029 nomen
2706 2014 2720 2037 ,
2743 1975 2967 2029 dicens:
2993 1974 3090 2027 Cui
3124 1990 3307 2027 nomen
3333 1982 3446 2035 erat

1875 2067 1977 2122 Job
2011 2068 2075 2131 ¹⁷,
2106 2067 2249 2136 quod
2274 2082 2394 2121 cum
2434 2066 2596 2134 iustis
2626 2066 2889 2134 scriptum
2918 2076 3039 2130 est,
3071 2066 3214 2134 quod
3255 2066 3306 2119 in
3360 2081 3447 2118 re-

1876 2161 2038 2227 gione
2068 2161 2313 2215 vivorum
2347 2159 2615 2229 signatum
2662 2167 2780 2223 est,
2806 2160 2949 2227 quod
2988 2159 3039 2211 in
3078 2157 3447 2213 tabernaculis

1875 2252 2091 2308 aeternis
2113 2261 2194 2307 est
2232 2253 2565 2321 deputatum.
2597 2250 2697 2307 Cui
2724 2267 2909 2305 nomen
2942 2261 3052 2303 erat
3086 2248 3210 2303 Job.
3243 2249 3442 2319 Dignos

1878 2344 2079 2398 habeat
2129 2343 2291 2398 etiam
2333 2358 2431 2397 nos
2469 2344 2745 2408 Dominus,
2782 2352 2839 2395 ut
2871 2343 3089 2397 nomina
3140 2351 3335 2396 nostra
3364 2342 3449 2396 sic

1876 2436 2189 2491 scribantur
2241 2450 2363 2488 cum
2412 2435 2742 2499 viventibus,
2788 2434 2865 2488 sic
2907 2448 3027 2487 cum
3073 2432 3141 2486 iis
3184 2432 3274 2501 qui
3308 2432 3442 2487 salvi

1878 2528 2015 2582 ﬁunt
2047 2528 2417 2592 nominentur,
2466 2528 2546 2581 sic
2583 2540 2707 2581 cum
2748 2526 2910 2595 iustis
2961 2534 3442 2579 conuumerentur.

1877 2619 1981 2676 Sed
2009 2622 2208 2687 adhuc,
2232 2621 2424 2690 inquit,
2444 2621 2601 2673 homo
2619 2620 2834 2689 quidam
2872 2628 2979 2671 erat
3012 2618 3064 2669 in
3097 2616 3303 2685 regione.
3335 2616 3444 2668 Au-

1872 2714 2053 2779 sitide,
2079 2715 2166 2767 cui
2221 2730 2407 2769 nomen
2445 2723 2555 2766 erat
2585 2710 2706 2765 Job.
2739 2709 3015 2763 Adversus
3042 2708 3316 2763 diabolum
3360 2715 3446 2761 est

1874 2807 1965 2861 hic
1994 2819 2199 2872 sermo,
2232 2805 2494 2859 adversus
2524 2803 2919 2871 nequissimum
2953 2810 3034 2853 est
3066 2801 3178 2853 haec
3204 2798 3445 2867 disputa-

1876 2898 1975 2961 tio,
2016 2904 2268 2966 tanquam
2311 2896 2354 2951 si
2404 2896 2609 2949 diceret
2656 2912 2669 2948 :
2708 2896 2751 2949 0
2785 2893 3169 2961 malignissime
3208 2890 3440 2956 diabolo,

1874 3002 1907 3041 ο
1933 2987 2259 3056 nequissime
2283 2986 2501 3051 Satana,
2531 2987 2788 3040 adversus
2816 2998 2974 3052 quem
3001 2982 3315 3037 altercaris?
3343 2982 3443 3034 ad-

202 3088 600 3143 inﬁdelitatem.
667 3087 822 3155 Quod
865 3088 908 3143 si
955 3087 1155 3143 dixerit
1201 3086 1395 3156 aliquis
1423 3086 1600 3143 :Cum
1646 3103 1774 3158 ergo
1800 3096 1845 3152 c
1878 3093 2065 3133 Versus
2087 3093 2247 3147 quem
2282 3076 2479 3133 bellum
2508 3077 2693 3146 seris?
2728 3078 2993 3131 adversus
3024 3091 3185 3144 quvm
3230 3073 3443 3142 pratia-

205 3178 331 3232 talis
364 3176 530 3233 fuerit
557 3178 697 3231 Esau
730 3187 893 3246 atque
923 3176 1300 3246 generationes
1335 3177 1477 3247 eius,
1504 3178 1775 3249 quomodo

202 3270 307 3323 fuit
351 3266 457 3325 Job
491 3283 558 3323 ex
586 3269 712 3335 illis,
749 3279 909 3336 atque
954 3268 1097 3321 inter
1128 3266 1250 3321 illos
1289 3270 1409 3338 pius
1441 3284 1505 3323 ac
1557 3269 1776 3324 bonus?

200 3360 280 3427 ιω
313 3361 417 3416 fuit
441 3361 581 3416 sicut
609 3375 735 3415 mox
764 3360 818 3413 in
862 3358 1125 3430 principio
1168 3360 1303 3416 Abel
1353 3360 1614 3416 innocens
1651 3376 1772 3416 cum

200 3454 430 3520 iniusto,
467 3454 609 3507 sicut
633 3451 746 3506 Noe
794 3452 973 3520 iustus
1003 3452 1144 3505 inter
1175 3452 1424 3519 gigantes
1457 3452 1578 3507 illos
1603 3452 1774 3508 scele-

203 3554 373 3607 ratos,
403 3545 548 3599 sicut
594 3542 990 3598 Melchisedech
1023 3548 1281 3597 sacerdos
1308 3544 1402 3598 Dei
1439 3544 1688 3599 altissimi
1718 3546 1771 3599 in

200 3636 383 3691 medio
406 3634 814 3689 maledictorum
843 3633 1293 3701 Chananaaorum,
1322 3634 1462 3690 sicut
1497 3636 1771 3690 Abraham

197 3731 290 3799 qui
325 3728 556 3785 credidit
580 3728 634 3782 in
662 3728 832 3783 medie
869 3726 1247 3783 Chaldaeorum
1280 3728 1422 3783 idola
1452 3728 1768 3785 colentium.

202 3819 357 3874 Sicut
399 3833 527 3887 ergo
559 3817 647 3873 isti
692 3832 879 3872 omnes
919 3833 1040 3871 cum
1092 3827 1275 3873 essent
1324 3819 1398 3888 pii
1446 3834 1509 3874 ac
1554 3820 1768 3885 sancti,

197 3920 366 3977 atque
404 3907 644 3978 religiosi
678 3906 770 3961 Dei
800 3905 1001 3969 amici,
1030 3920 1098 3960 ex
1126 3905 1416 3973 impiorum
1445 3914 1573 3960 sunt
1604 3920 1769 3975 gene-

199 3998 501 4054 rationibus
534 3996 802 4066 procreati
832 4012 848 4049 :
884 3996 958 4049 ita
1009 3994 1352 4051 admirabilis
1393 3993 1493 4051 Job
1530 4010 1651 4050 cum
1701 4012 1767 4051 ex

194 4090 420 4153 obsceni
452 4086 950 4158 atqueinsatiabilis
984 4086 1121 4147 Esau
1151 4100 1350 4157 genere
1375 4096 1537 4156 atque
1564 4102 1767 4157 cogna-

198 4185 352 4237 tione
380 4180 680 4251 prodierit,
710 4188 931 4235 sanctus
978 4192 1041 4232 ac
1086 4178 1267 4249 iustus
1310 4188 1501 4247 sponte
1545 4178 1769 4233 ellectus

192 4286 319 4340 est;
356 4276 457 4330 hoc
480 4273 681 4329 scilicet
716 4273 1052 4326 demonstrat
1086 4271 1272 4326 dicens
1305 4289 1318 4324 :
1354 4269 1531 4325 Homo
1552 4272 1768 4341 quidam

191 4379 309 4424 erat
338 4367 395 4420 in
423 4366 631 4435 regione
672 4363 934 4419 Ausitide.
979 4361 1110 4421 Erat
1155 4370 1412 4431 tanquam
1460 4378 1584 4417 rosa
1625 4364 1764 4419 inter

1875 3170 1991 3227 ris?
2042 3171 2302 3225 adversus
2355 3184 2514 3238 quem
2570 3167 2687 3224 zelo
2720 3166 3114 3243 succenderis?
3167 3166 3447 3223 Adversus.

1876 3261 2170 3328 hominem,
2201 3260 2461 3315 adversus
2482 3259 2920 3329 corruptibilcm,
2946 3258 3206 3311 adversus
3235 3266 3439 3309 morta-

1873 3352 2001 3420 lem,
2034 3354 2295 3408 adversus
2331 3350 2629 3415 carnalem,
2670 3352 2931 3404 adversus
2969 3356 3266 3409 terrenum,
3317 3362 3443 3399 Clllll

1872 3444 1947 3499 sis
1965 3442 2390 3513 incnrruptibilis
2406 3454 2461 3499 et
2488 3445 2864 3510 incorporeus,
2892 3449 3055 3510 atque
3075 3438 3399 3492 immortalis
3424 3455 3439 3492 :

1873 3537 2135 3591 adversus
2166 3550 2291 3590 eum
2325 3537 2416 3605 qui
2451 3536 2502 3591 in
2539 3536 2761 3603 regione
2803 3543 3048 3587 moratur
3083 3530 3354 3592 Ausitide,
3386 3535 3441 3582 tu

1871 3628 1961 3698 qui
1989 3628 2056 3681 de
2085 3627 2221 3683 caelo
2249 3628 2512 3682 cecidisti.
2548 3624 2651 3680 Sed
2681 3633 2739 3678 et
2786 3624 2865 3679 sic
2894 3623 3191 3692 superaris,
3217 3619 3442 3675 concul-

1871 3721 2037 3785 caris,
2071 3719 2373 3774 humiliaris
2428 3719 2495 3772 ab
2527 3734 2636 3773 uno
2666 3710 2910 3782 hbmine,
2939 3731 3061 3769 cum
3094 3714 3169 3769 sis
3194 3714 3437 3782 spiritus,

1872 3811 1941 3865 ab
1971 3825 2081 3865 uno
2107 3824 2174 3865 ex
2205 3809 2673 3879 corruptibilibus,
2706 3817 2761 3861 tu
2788 3808 2880 3877 qui
2913 3822 2977 3861 ex
3011 3804 3445 3873 iucorruptibiIi-.

1871 3902 1972 3957 bus
2003 3903 2285 3957 cherubim
2340 3900 2585 3956 cecidisti
2620 3900 2924 3957 ordinibus.
2965 3896 3090 3955 Haec
3132 3898 3319 3966 itaque
3362 3895 3441 3949 si.-

1870 3998 2057 4063 gnavit
2085 3996 2308 4050 dicens:
2346 3994 2519 4048 llomo
2550 3993 2769 4063 quidam
2798 3999 2916 4046 erat
2946 3991 3000 4044 in
3029 3992 3253 4059 regione
3282 3988 3441 4045 Ausi-

1872 4073 1979 4141 tide
2008 4088 2096 4156 qui
2122 4101 2335 4142 omnem
2370 4085 2667 4141 exercitum
2703 4082 2902 4139 diaboli
2936 4082 3160 4154 fugavit,
3199 4081 3290 4150 qui
3319 4095 3447 4133 om-.

1869 4193 1991 4232 nem
2044 4178 2299 4233 virtutem
2346 4176 2661 4249 nequissimi
2720 4176 3042 4239 debilitavit,
3086 4174 3179 4243 qui
3224 4186 3451 4233 omnem

1868 4271 2121 4325 virtutem
2164 4280 2219 4326 et
2247 4279 2623 4340 argumentum
2667 4269 2864 4324 diaboli
2898 4281 3290 4337 supervacuum
3340 4265 3438 4319 de-

1875 4364 2214 4428 monstravit,
2232 4363 2322 4433 qui
2344 4378 2561 4419 omnem
2586 4372 2801 4417 ventum
2830 4370 2885 4416 et
2913 4375 3132 4429 aquam,
3160 4368 3323 4426 atque
3340 4357 3443 4413 im.

193 4456 383 4523 spinas
409 4493 426 4519 ,
458 4462 715 4522 tanquam
750 4451 920 4505 lilium
955 4452 1096 4505 inter
1143 4451 1374 4507 tribulos
1405 4453 1673 4508 candidus
1701 4469 1766 4510 ac
1798 4438 1842 4493 ι)
1872 4464 2053 4522 petum
2086 4455 2305 4525 maligni
2344 4456 2397 4509 in
2434 4470 2493 4510 se
2523 4454 2875 4510 collidentem
2910 4460 3227 4508 constanter
3254 4460 3438 4503 sustu-

194 4543 399 4596 rubens
424 4581 442 4605 .
478 4541 741 4599 candidus
786 4540 892 4594 ﬁde
918 4554 983 4594 ac
1020 4541 1313 4596 sanctitate
1340 4581 1357 4609 ,
1392 4542 1593 4599 rubens
1616 4545 1763 4599 velut

192 4650 342 4696 rosa,
375 4633 531 4703 plane
551 4632 677 4702 quia
714 4630 975 4687 sustinuit
1000 4630 1214 4687 dolores
1237 4647 1302 4688 ac
1324 4634 1622 4703 passiones.
1653 4633 1766 4688 Ho-

191 4743 276 4791 mo
304 4726 520 4795 quidam
550 4736 661 4778 erat
686 4724 742 4779 in
787 4724 993 4794 regione
1029 4722 1291 4785 Ausitide.
1326 4724 1455 4778 Erat
1501 4734 1763 4795 tanquam

191 4816 447 4873 columba
480 4818 623 4871 inter
652 4816 915 4885 raptrices
959 4814 1193 4884 aquilas,
1228 4826 1481 4885 tanquam
1513 4830 1683 4885 agnus
1708 4816 1760 4872 in

191 4908 372 4964 medio
404 4907 649 4975 luporum
675 4906 1064 4976 diripientium,
1102 4916 1357 4978 tanquam
1394 4908 1549 4963 stella
1575 4908 1761 4971 iume-

190 5003 280 5057 dio
313 5000 540 5055 nubium
587 4999 1006 5054 teterrimarum.
1040 4999 1214 5054 Homo
1239 5000 1457 5069 quidam
1486 5011 1601 5055 erat
1630 5041 1646 5065 ,
1673 5001 1762 5070 iu-

191 5106 310 5151 stus
334 5095 474 5149 inter
505 5093 734 5161 iniustos
759 5132 774 5157 ,
806 5092 945 5147 inter
989 5092 1243 5161 profanos
1302 5103 1521 5148 sanctus
1549 5133 1564 5157 ,
1620 5095 1761 5152 inter

189 5189 459 5243 obscenos
509 5185 737 5239 mundus
765 5224 780 5249 ,
823 5185 944 5253 pius
977 5196 1119 5238 mter
1148 5184 1365 5254 impios,
1414 5186 1586 5241 bonus
1619 5188 1762 5243 inter

188 5278 385 5341 malos,
412 5286 668 5346 tanquam
707 5279 1029 5348 smaragdus
1065 5278 1117 5330 in
1155 5276 1289 5340 luto,
1327 5287 1581 5347 tanquam
1614 5295 1759 5333 mar-

188 5372 358 5439 garita
386 5370 440 5423 in
475 5384 664 5423 arena.
701 5368 792 5423 Sic
826 5384 1059 5437 namque
1087 5380 1207 5423 erat.
1230 5381 1558 5426 memoratus
1599 5373 1759 5427 homo

189 5463 281 5516 ille
307 5463 359 5516 in
390 5462 611 5532 regione
637 5461 899 5519 Ausitide.
932 5462 1066 5519 Cum
1101 5477 1229 5531 ergo
1260 5464 1403 5519 inter
1437 5464 1567 5519 tales
1594 5473 1756 5529 esset,

1866 4547 1949 4607 lit.
1978 4558 2036 4601 et
2059 4548 2354 4603 immobilis
2380 4548 2637 4618 perstitit.
2657 4547 2734 4601 Ac
2764 4547 2807 4601 si
2834 4560 2965 4616 ergo
2995 4546 3236 4599 diceret:
3269 4542 3451 4601 Homo,

1866 4638 2084 4708 quidam
2119 4648 2257 4703 erat,
2289 4655 2323 4693 ο
2366 4639 2598 4704 diabole,
2639 4639 2729 4707 qui
2780 4637 2875 4692 tibi
2930 4635 3232 4707 praevaluit.
3270 4632 3447 4690 Homo

1865 4729 2085 4797 quidam
2113 4739 2234 4784 erat
2287 4730 2380 4799 qui
2412 4744 2630 4784 omnem
2675 4731 2927 4784 virtutem
2985 4737 3132 4781 tuam
3168 4726 3439 4780 inﬁrmam

1865 4822 2127 4877 ostendit.
2166 4821 2339 4877 Homo
2390 4823 2606 4892 quidam
2636 4831 2755 4877 erat
2804 4821 2893 4891 qui
2926 4834 3143 4879 omnem
3178 4817 3437 4872 malitiam

1870 4923 2014 4967 tuam
2046 4915 2098 4968 in
2123 4915 2447 4969 derisionem
2478 4915 2720 4979 deduxit,
2754 4924 2806 4968 et
2832 4914 2974 4983 quod
3002 4919 3087 4967 est
3116 4910 3446 4977 maximum,

1870 5004 2122 5059 habitahs
2143 5004 2195 5059 in
2226 5005 2450 5076 regione
2477 5004 2746 5069 Ausitide,
2774 5003 2824 5056 id
2849 5002 3249 5070 est,impiorum
3274 5009 3437 5068 atque

1866 5097 2198 5161 inﬁdelium,
2228 5098 2588 5153 obscenorum
2620 5110 2835 5163 quoque
2868 5104 3033 5163 atque
3087 5093 3433 5160 iniustorum.

1865 5190 1999 5243 Nam
2030 5205 2153 5245 cum
2199 5190 2308 5244 illic
2350 5198 2674 5254 moraretur,
2720 5204 2825 5241 non
2859 5186 3103 5256 potuisti,
3126 5201 3159 5240 ο
3195 5180 3432 5247 diabolo.

1864 5284 2184 5347 immutare,
2218 5299 2391 5353 neque
2430 5294 2748 5337 convertere
2780 5294 2903 5333 eum
2957 5287 3072 5345 post
3124 5276 3318 5345 impios
3364 5274 3439 5329 ad

1865 5375 2219 5444 impietatem,
2254 5392 2430 5444 neque
2478 5385 2598 5443 post
2644 5373 2891 5427 inﬁdeles
2929 5373 2994 5427 ad
3031 5370 3443 5437 inﬁdelitatem,

1865 5481 2042 5536 neque
2066 5479 2184 5538 post
2218 5468 2449 5537 iniustos
2480 5469 2548 5522 ad
2578 5469 2919 5538 iniustitiam,
2942 5467 3034 5522 sed
3060 5468 3203 5521 inter
3218 5477 3437 5529 omnes,

278 5650 431 5722 A’ilsa.
465 5666 576 5716 ινι,
600 5652 687 5706 tt.
756 5630 1031 5722 7'7°'_Jerem.
1056 5650 1186 5722 v,8.
1218 5651 1300 5722 h‘,‘
1336 5647 1525 5712 Matth.
1555 5661 1708 5719 mu,
1742 5652 1770 5707 5

1910 5655 1949 5686 ¹²
1972 5652 2125 5710 Cant.
2152 5671 2209 5722 ιι,
2237 5656 2319 5711 15.
2398 5655 2437 5687 ¹³
2470 5655 2667 5711 Ezech.
2701 5653 2884 5721 sunt.
2965 5652 3005 5684 ”
3041 5649 3169 5706 Luc.
3196 5661 3311 5715 stu,
3339 5647 3439 5711 δίο,

193 5722 239 5767 ει
269 5720 430 5785 Hebr.
460 5734 558 5789 xu.
586 5724 673 5779 16.
748 5721 792 5753 ¹⁶
819 5718 918 5777 Job
948 5722 1067 5787 1,1.
1146 5721 1188 5753 ιτ
1215 5720 1344 5787 ibid.
