3880 6212
427 307 533 365 379

1527 296 1912 356 ANONYMUS
1951 293 2017 348 ΙΝ
2059 293 2197 348 JOB.
2240 324 2304 332 —
2344 290 2469 344 LIB.
2512 291 2554 345 I.

3570 283 3674 335 586

428 436 484 481 et
506 425 659 495 apud
688 438 875 480 omnes
909 425 1143 493 injustos
1174 423 1477 492 permansit
1521 422 1726 488 justus,
1754 421 1893 473 sicut
1916 426 1995 469 te-
2029 420 2067 473 A
2103 427 2289 466 verax.
2324 410 2457 464 Nam
2495 407 2644 462 multi
2693 406 2943 459 videnlur
2978 402 3109 471 justi
3143 415 3282 461 esse,
3313 398 3403 453 sed
3445 412 3554 452 non
3583 413 3676 452 ve-

429 528 605 570 statur
631 530 753 568 mox
784 525 1181 583 consequenter
1213 513 1397 565 dicens
1431 530 1443 564 :
1487 510 1550 563 Et
1579 523 1689 564 erat
1739 512 1889 563 homo
1912 509 2000 561 ille

428 624 669 676 magnus,
716 606 1069 658 admirabilis.
1119 604 1315 658 Beatus
1373 604 1532 655 homo
1581 602 1669 657 ille
1697 603 1786 671 qui
1828 618 1855 655 a
1892 602 1999 657 Deo

427 698 798 752 testimonium
835 698 1067 764 accepit,
1108 697 1197 765 qui
1248 696 1315 747 ab
1343 695 1551 763 angelis
1601 695 1855 765 praelatus
1892 705 1997 757 est,

426 789 517 857 qui
550 789 648 856 ipsi
682 788 899 841 diabolo
929 789 981 840 in
1016 786 1431 840 admirationem
1480 786 1649 849 venit,
1678 796 1862 853 utpote
1906 786 1997 853 qui

425 879 925 931 vehementioribus
963 878 1136 945 plagis
1177 887 1337 945 atque
1368 877 1688 945 periculosis
1722 877 1998 931 doloribus

428 984 534 1021 non
567 969 876 1023 succubuit.
921 969 1018 1023 llic
1063 984 1193 1037 ergo
1238 969 1399 1023 homo
1441 977 1560 1023 erat
1591 968 1708 1022 sine
1752 968 1993 1035 querela,

428 1068 616 1128 utpote
640 1061 706 1111 ab
731 1060 875 1112 omni
909 1059 1117 1113 macula
1151 1059 1407 1124 illibatus,
1431 1067 1618 1126 utpote
1646 1058 1713 1111 ab
1736 1058 1879 1111 omni
1913 1072 1997 1110 re-

426 1152 789 1219 prehensione
836 1164 1043 1204 exsors.
1075 1150 1204 1204 Erat
1254 1152 1369 1204 sine
1413 1150 1631 1219 querela
1672 1166 1855 1203 coram
1889 1149 1996 1203 Deo

425 1250 480 1293 et
510 1241 838 1303 hominibus,
873 1256 1059 1293 coram
1092 1240 1298 1307 angelis
1327 1247 1383 1291 et
1414 1239 1695 1308 spiritibus
1725 1238 1995 1305 corrupti-

426 1330 629 1385 bilibus
651 1340 705 1383 et
753 1330 1271 1398 incorruptibiltbus.
1307 1330 1437 1382 Erat
1488 1330 1603 1383 sine
1632 1330 1877 1397 querela,
1912 1337 1997 1382 ut-

424 1431 550 1489 pote
581 1420 810 1474 lormam
840 1421 891 1473 in
923 1438 979 1475 se
1007 1422 1298 1476 ostemlens
1328 1437 1479 1475 nova:
1515 1421 1725 1488 gratiae,
1757 1420 1843 1473 ubi
1876 1420 1993 1487 cpi—

424 1528 647 1581 scopum
680 1512 1209 1581 irreprebensibilem
1259 1528 1378 1567 esse
1416 1522 1648 1581 oportet.
1702 1512 1835 1565 Erat
1876 1513 1995 1565 sine

423 1602 641 1670 querela
679 1603 732 1657 in
767 1605 947 1658 animo
979 1614 1032 1657 et
1071 1619 1316 1671 corpore,
1370 1604 1421 1657 in
1456 1604 1700 1659 consiliis
1748 1614 1801 1657 et
1848 1603 1995 1671 cogi-

427 1695 741 1759 tationibus,
769 1695 824 1747 in
854 1695 1033 1749 verbis
1059 1704 1219 1763 atque
1238 1697 1517 1763 operibus,
1535 1697 1586 1749 in
1612 1695 1810 1749 studiis
1833 1704 1996 1764 atque

422 1787 948 1841 conversationibus.
971 1788 1024 1840 lu
1055 1790 1200 1841 omni
1234 1788 1584 1842 nihilominus
1611 1788 1723 1841 vita
1752 1803 1846 1841 sua
1874 1796 1995 1840 erat
2023 1778 2065 1832 Β

421 1880 539 1933 sine
564 1880 803 1948 querela.
859 1878 934 1933 lta
973 1880 1177 1933 dictum
1210 1890 1293 1934 est
1324 1890 1443 1948 post
1477 1880 1579 1934 boc
1629 1883 1695 1933 de
1743 1879 1993 1933 Santuele

421 1972 475 2025 in
514 1972 764 2026 laudibus
786 1982 998 2041 patrum
1029 1992 1041 2027 :
1078 1973 1143 2026 Et
1168 1990 1268 2026 non
1297 1973 1619 2041 reprehendit
1643 1973 1795 2025 homo
1816 1972 1988 2036 illum,

420 2060 476 2115 id
522 2072 625 2125 est,
684 2078 789 2117 non
824 2065 1141 2118 criminatus
1184 2073 1267 2117 est
1297 2064 1446 2117 illum
1502 2066 1682 2130 homo,
1716 2067 1843 2134 quia
1876 2078 1993 2119 erat

416 2152 539 2207 sine
566 2155 805 2223 querela,
841 2158 980 2211 sicut
1013 2168 1067 2211 et
1094 2158 1222 2210 olim
1245 2156 1368 2211 Job.
1398 2156 1460 2209 Et
1492 2158 1635 2211 unde
1666 2158 1991 2212 invenitboc

415 2242 517 2301 Job
542 2258 597 2301 ut
623 2258 775 2303 esset
796 2251 913 2304 sine
937 2250 1201 2303 crimine?
1229 2250 1303 2303 Ex
1334 2251 1435 2304 hoc
1459 2251 1693 2312 invenit,
1716 2252 1840 2318 quia
1871 2260 1990 2304 erat

413 2337 613 2407 justus.
651 2342 724 2394 Ex
763 2344 863 2397 ltoc
898 2344 1122 2408 invenit,
1156 2344 1279 2410 quia
1312 2358 1339 2394 a
1365 2342 1577 2409 justitia
1610 2359 1715 2397 non
1749 2344 1990 2397 declina-

415 2433 514 2487 vit.
553 2433 629 2487 Ex
668 2436 770 2488 hoc
802 2435 1025 2500 invenit,
1054 2437 1179 2503 quia
1219 2437 1483 2501 justitiam
1536 2452 1643 2490 non
1678 2435 1986 2503 dereliquit,

416 2523 541 2590 quia
576 2540 603 2576 a
626 2524 835 2591 justitia
866 2542 970 2581 non
1003 2528 1272 2590 discessit,
1305 2528 1711 2595 quiajustitiam
1759 2546 1862 2585 non
1891 2534 1977 2585 de—

414 2619 613 2683 spexit.
646 2617 852 2672 ldcirco
888 2630 1173 2688 postquam
1220 2625 1336 2675 sine
1366 2622 1587 2690 querela
1624 2622 1770 2676 illum
1803 2635 1989 2678 osten-

416 2708 511 2771 dit,
532 2719 653 2778 post
680 2710 781 2764 boc
810 2711 1165 2765 nihilominus
1186 2713 1350 2765 etiam
1371 2714 1576 2782 justum
1602 2714 1989 2770 illumdemon-

412 2808 596 2854 strans
647 2802 800 2867 dicit,
841 2803 958 2857 sine
992 2803 1213 2871 querela
1262 2803 1461 2872 justus.
1493 2802 1678 2860 Justus
1718 2817 1835 2859 erat
1862 2809 1988 2876 quia

413 2890 533 2946 sine
570 2894 801 2949 crimine
834 2904 976 2960 erat,
1010 2904 1063 2947 et
1096 2896 1212 2949 sine
1239 2896 1456 2964 querela
1486 2906 1627 2962 erat,
1651 2899 1773 2967 quia
1807 2899 1987 2966 justus

413 2997 755 3052 nuncupatus
778 2995 882 3041 est.
920 2986 985 3039 Et
1010 2996 1129 3039 erat
1158 2987 1318 3040 homo
1345 2987 1433 3042 ille
1468 2990 1585 3043 sine
1617 2993 1835 3059 querela
1898 2991 1986 3059 ju-

2106 504 2321 566 raciter,
2359 502 2453 556 sed
2509 499 2796 560 fallaciter,
2832 512 2940 549 non
2991 496 3160 561 juste,
3192 494 3284 547 sed
3320 493 3537 559 injuste,
3565 505 3672 543 non

2106 598 2264 667 plane
2305 597 2397 649 sed
2441 594 2649 647 lictitie.
2711 590 2904 644 Merito
2955 603 3093 640 nunc
3139 586 3263 640 istic
3311 600 3435 638 cum
3465 583 3671 651 justum

2102 690 2309 743 diceret
2337 690 2553 741 beatum
2588 684 2712 745 Job,
2745 682 2938 750 adjecit
2982 682 3146 733 etiam
3197 679 3297 731 hoc
3324 678 3464 744 quod
3501 690 3669 727 verax

2102 784 2281 835 fuerit.
2313 780 2393 835 Ob
2423 796 2585 849 quam
2643 776 2791 830 rem?
2822 773 2901 828 Ob
2953 773 3075 834 hoc,
3111 780 3168 823 ιιι
3200 769 3509 824 ostenderet
3540 766 3668 835 quia

2094 875 2304 943 justitia
2331 875 2449 943 ejus
2477 889 2600 927 vera
2631 881 2769 925 erat.
2807 868 2923 922 Non
2969 878 3083 922 erat
3115 864 3369 926 mendax,
3398 879 3503 917 non
3547 868 3671 916 erat

2098 965 2372 1031 simulata,
2398 966 2491 1020 sed
2529 966 2736 1036 integra
2766 974 2908 1030 erat,
2944 972 3109 1030 atque
3144 960 3253 1015 Deo
3295 955 3665 1025 acceptabilis.

2098 1058 2178 1113 Ob
2206 1059 2308 1113 hoc
2336 1073 2463 1127 ergo
2482 1058 2630 1119 dicit,
2666 1073 2848 1109 verax.
2881 1053 3098 1108 Sciebat
3126 1067 3357 1119 namque
3380 1052 3554 1119 justus
3577 1049 3669 1102 ille

2100 1150 2181 1201 vir
2209 1149 2350 1216 quod
2384 1147 2641 1199 veritates
2682 1146 2912 1213 requirit
2955 1142 3235 1196 Dominus.
3269 1139 3471 1192 Idcirco
3501 1152 3667 1191 verax

2098 1252 2238 1306 erat,
2265 1256 2442 1306 verus,
2474 1255 2659 1308 purus,
2686 1239 2935 1305 simplex,
2972 1252 3074 1289 non
3109 1236 3284 1289 fictus.
3318 1233 3433 1285 Non
3462 1242 3577 1286 erat
3608 1232 3664 1284 in

2098 1334 2186 1388 illo
2209 1334 2498 1387 hmsitatio.
2526 1332 2637 1384 Non
2658 1330 2977 1399 loquebatur
2996 1329 3142 1380 aliud
3168 1328 3219 1380 in
3244 1340 3357 1388 ore,
3375 1326 3517 1377 aliud
3538 1338 3670 1375 vero

2097 1428 2368 1492 cogitabat
2413 1427 2464 1478 in
2515 1426 2719 1477 animo.
2755 1422 2870 1475 Non
2923 1422 3064 1474 aliud
3112 1419 3324 1472 dicebat
3375 1416 3576 1477 verbis,
3611 1424 3668 1468 et

2097 1518 2239 1571 aliud
2270 1518 2537 1587 cogitabat
2562 1516 2747 1570 corde.
2784 1513 2898 1567 Non
2927 1526 3085 1568 erant
3132 1514 3296 1567 verba
3334 1510 3449 1580 ejus
3484 1506 3666 1560 mollia

2096 1610 2149 1663 in
2186 1611 2361 1673 labiis,
2413 1609 2591 1677 jacula
2636 1622 2767 1661 vero
2825 1607 2877 1659 in
2928 1604 3158 1668 occulto,
3207 1602 3663 1673 quemadmodum

2098 1720 2239 1757 nunc
2270 1711 2396 1756 sunt
2422 1702 2801 1771 plurimorum,
2844 1698 3295 1768 quemadmodum
3336 1704 3461 1750 sunt
3506 1697 3667 1748 innu-

2096 1795 2460 1857 merabilium,
2491 1794 2556 1847 de
2585 1794 2780 1861 quibus
2816 1791 3014 1845 dicitur
3044 1810 3055 1843 :
3084 1787 3269 1841 Molles
3304 1786 3517 1855 {uerunt
3556 1802 3669 1840 ser.

2094 1904 2271 1940 mones
2297 1904 2457 1955 super
2483 1887 2676 1951 oleum,
2702 1897 2748 1938 et
2778 1886 2880 1950 ipsi
2906 1893 3025 1937 sunt
3046 1882 3235 1951 jacula
3261 1883 3328 1936 ".
3353 1880 3418 1933 Et
3446 1882 3659 1935 adhuc:

2096 1980 2348 2033 Proximo
2385 1997 2478 2032 suo
2512 1980 2743 2049 loquitur
2772 1979 2931 2040 bona,
2964 1987 3013 2030 et
3044 1979 3182 2029 intra
3216 1992 3268 2028 se
3309 1977 3460 2027 habet
3498 1976 3662 2031 mala.

2094 2072 2151 2125 Et
2181 2073 2351 2125 alibi:
2386 2071 2450 2124 In
2490 2071 2642 2125 labiis
2678 2071 2786 2123 suis
2833 2070 3055 2122 blandus
3107 2068 3350 2121 obdulcat
3392 2067 3663 2128 inimicus,

2091 2166 2143 2218 in
2177 2164 2329 2217 corde
2372 2180 2467 2217 suo
2510 2179 2625 2216 vero
2684 2162 2969 2214 insidiatur
2993 2161 3060 2215 ".
3096 2160 3201 2214 Sed
3254 2175 3359 2211 non
3392 2166 3511 2213 erat
3540 2158 3668 2210 talis

2091 2256 2283 2309 beatus
2306 2254 2429 2320 Job,
2461 2254 2552 2307 sed
2574 2269 2738 2307 verax
2770 2263 2910 2317 erat,
2928 2268 3087 2306 verax
3124 2260 3307 2320 utpote
3334 2266 3525 2304 servus
3546 2250 3667 2315 ejus

2092 2349 2155 2401 de
2203 2363 2311 2416 quo
2362 2347 2584 2409 dicitur,
2618 2345 2703 2400 Sit
2737 2345 2873 2399 Deus
2926 2361 3081 2399 verax
3108 2345 3151 2376 "
3184 2365 3194 2397 :
3243 2354 3497 2413 tanquam
3537 2358 3666 2395 tere

2090 2455 2280 2493 servus
2310 2439 2453 2492 illius
2483 2439 2545 2492 de
2578 2430 2683 2507 quo
2713 2438 2916 2492 dictum
2950 2448 3033 2491 est
3063 2452 3079 2489 :
3113 2436 3240 2491 Hrcc
3270 2446 3342 2489 est
3379 2436 3485 2487 vita
3507 2445 3666 2487 ωιεν-

2090 2545 2181 2593 na,
2224 2541 2277 2582 ιιι
2321 2539 2634 2598 cognoscant
2684 2540 2732 2582 te
2775 2528 2943 2581 solum
2990 2545 3164 2581 verum
3206 2527 3396 2591 Deum,
3424 2536 3471 2579 et
3512 2542 3663 2593 quem

2045 2690 2055 2700 .
2090 2623 2278 2675 misisti
2321 2621 2503 2675 Jesum
2533 2621 2799 2675 Christum
2822 2622 2889 2676 ".
2928 2620 3062 2675 Cum
3094 2635 3222 2689 ergo
3250 2629 3393 2672 esset
3424 2618 3535 2671 veri
3570 2616 3663 2672 Dei

2091 2732 2281 2774 servus
2325 2724 2657 2778 verax,-erat
2702 2730 2893 2779 verax,
2922 2730 3020 2768 nec
3054 2715 3167 2783 ipse
3210 2713 3523 2787 mentiens,
3562 2724 3667 2766 nec

2090 2809 2385 2865 mendaciis
2424 2807 2861 2872 conununicans,
2905 2821 3003 2860 nec
3061 2806 3174 2875 ipse
3230 2804 3518 2868 mentiens,
3565 2818 3669 2857 nec

2090 2902 2211 2955 aliis
2244 2900 2526 2954 mendacia
2560 2913 2859 2967 coogruere
2891 2898 3229 2965 permittens.
3258 2896 3433 2949 Verax
3464 2896 3516 2946 in
3541 2909 3663 2957 ore,

2088 2995 2333 3058 verax’jn
2362 2995 2545 3055 corde,
2570 3006 2733 3045 verax
2767 2992 2816 3043 in
2847 2989 3263 3060 cogitationibus
3296 2999 3350 3042 et
3407 3002 3573 3041 verax
3608 2989 3663 3040 in

413 3088 532 3134 stus
567 3079 620 3132 in
648 3078 891 3146 judiciis,
922 3076 1102 3145 justus
1158 3078 1210 3131 in
1256 3079 1653 3147 causis,justus
1683 3082 1983 3151 inlegibus,
2015 3116 2056 3173 ρ
2093 3084 2558 3154 responsionibus,
2584 3097 2746 3136 verax
2784 3083 2837 3135 in
2877 3081 3055 3135 verbis
3097 3089 3151 3135 et
3201 3096 3365 3133 verax
3395 3079 3447 3132 in
3483 3080 3663 3140 factis,

409 3170 587 3238 justus
634 3171 686 3224 in
744 3171 1193 3226 ordinationibus.
1242 3172 1373 3225 Nam
1429 3189 1549 3227 cmn
1604 3184 1739 3227 esset
1784 3177 1889 3228 dux
1921 3191 1987 3232 ac

414 3263 669 3331 paneeps
697 3261 987 3329 provinciae
1019 3278 1152 3328 suae,
1186 3273 1241 3317 et
1266 3268 1409 3335 leges
1454 3268 1657 3331 sanxit,
1693 3280 1745 3321 et
1783 3268 1985 3337 judicia

410 3352 696 3423 judicavit.
732 3351 835 3406 Sed
864 3352 1050 3421 procul
1080 3354 1245 3409 dubio
1265 3357 1409 3424 quod
1427 3358 1606 3410 omnia
1633 3357 1779 3428 juste
1806 3362 1987 3431 dispo-

415 3446 587 3499 suerit
610 3454 664 3499 et
688 3446 1035 3513 judicaverit,
1057 3456 1221 3515 atque
1238 3448 1666 3505 misericorditer
1689 3453 1982 3519 detinierit,

415 3550 521 3589 non
558 3536 821 3590 reveritus
852 3551 1285 3607 personam,non
1312 3541 1586 3609 accipiens
1609 3558 1852 3607 munera,
1880 3561 1984 3598 non

416 3627 696 3682 ambulans
728 3639 845 3693 post
876 3629 1403 3697 retributiones,non
1430 3634 1737 3701 despiciens
1762 3651 1989 3705 Oppres-

415 3733 558 3784 sum,
589 3732 692 3772 tmn
722 3735 983 3788 spernens
1009 3716 1248 3788 viduam,
1294 3740 1398 3777 non
1430 3726 1759 3781 obliviscens
1786 3730 1989 3798 orpha-

416 3826 545 3864 nunt
574 3827 589 3866 :
622 3826 718 3878 pro
750 3811 834 3864 his
867 3825 997 3878 ergo
1042 3813 1323 3877 omnibus,
1360 3823 1413 3867 et
1464 3832 1528 3869 ex
1578 3817 1662 3871 Itis
1714 3820 1983 3883 omnibus,

416 3912 581 3972 atque
617 3919 711 3971 per
743 3903 857 3957 bace
883 3914 1079 3958 cuncta
1110 3916 1228 3958 erat
1257 3906 1441 3973 justus
1477 3919 1732 3978 tanquam
1768 3928 1985 3967 omnem

415 3993 737 4063 injuSIitiam
769 3998 1115 4059 conculcans,
1146 4006 1399 4065 tanquam
1424 4014 1637 4054 onmem
1669 4001 1986 4069 injustitiam

414 4086 721 4153 eradicans,
752 4096 1003 4157 tanquam
1037 4104 1250 4143 omnem
1310 4089 1567 4159 injustam
1612 4094 1901 4148 bumilians
1934 4104 1987 4149 et

413 4195 519 4233 non
554 4181 873 4250 permittens
902 4196 1200 4251 emergere.
1234 4183 1364 4236 Erat
1394 4184 1595 4253 justus,
1628 4197 1812 4256 utpote
1845 4189 1987 4257 inju-

413 4273 575 4328 stitize
594 4290 697 4329 non
717 4276 1143 4339 communicatis,
1167 4276 1642 4344 utpoteinjustitize
1668 4296 1771 4333 non
1794 4295 1990 4349 appro-

409 4364 701 4451 pioquans,
732 4375 917 4433 utpote
942 4366 1283 4432 injustitiam,
1318 4368 1441 4421 odio
1467 4368 1669 4423 babens
1700 4380 1858 4439 atque
1891 4372 1987 4423 ab-

2090 3192 2255 3231 verax
2283 3190 2405 3228 emn
2445 3173 2759 3227 hominibus
2793 3182 2847 3224 et
2876 3186 3035 3225 verax
3076 3186 3195 3223 cum
3225 3168 3450 3238 angelis,
3494 3184 3667 3223 verax

2090 3269 2142 3323 in
2196 3266 2543 3335 corruptione
2593 3274 2649 3318 et
2716 3280 2877 3317 verax
2933 3263 2985 3316 in
3036 3262 3552 3329 incorruptionibus,
3611 3272 3669 3315 et

2087 3364 2229 3430 quod
2270 3371 2353 3414 est
2395 3360 2634 3413 omnium
2678 3358 2995 3419 maximum,
3055 3370 3220 3407 verax
3274 3356 3327 3407 in
3371 3362 3664 3423 conspectu

2088 3452 2268 3505 omnia
2303 3448 2629 3516 inquirentis
2673 3445 2786 3499 Dei.
2816 3444 2896 3499 0b
2937 3444 3040 3495 hoc
3070 3443 3214 3495 enim
3250 3442 3448 3495 dicitur
3485 3459 3499 3494 :
3540 3440 3665 3495 Non

2086 3544 2315 3613 peccavit
2356 3541 2457 3594 Job
2480 3542 2532 3593 in
2569 3550 2843 3606 conspectu
2875 3535 3103 3598 Domini,
3136 3546 3183 3587 et
3222 3551 3325 3586 non
3356 3535 3495 3586 dedit
3531 3534 3666 3586 insi-

2088 3639 2339 3706 pientiam
2370 3634 2475 3687 Deo
2497 3635 2564 3685 ³⁸.
2593 3632 2759 3685 David
2796 3633 2967 3683 bonus
3001 3629 3241 3696 aspectui
3279 3628 3486 3681 Domini
3517 3642 3664 3679 nun-

2089 3737 2334 3795 cupatur,
2368 3723 2469 3776 Job
2506 3739 2633 3775 vero
2664 3737 2826 3774 verax
2866 3723 2916 3775 in
2946 3729 3242 3787 conspectu
3282 3717 3376 3771 Dei
3421 3715 3664 3769 ostendi-

2090 3828 2196 3882 tur,
2231 3834 2393 3870 verax
2444 3818 2493 3869 in
2532 3817 2648 3885 lege
2698 3828 2823 3868 ante
2859 3815 3055 3881 legem,
3092 3828 3255 3866 verax
3306 3813 3358 3865 in
3394 3809 3666 3863 mandatis

2090 3920 2215 3964 ante
2257 3909 2532 3973 mandata,
2560 3922 2726 3960 verax
2760 3908 2811 3959 in
2845 3905 3217 3958 misericordia
3260 3914 3314 3958 et
3361 3905 3414 3957 itt
3463 3902 3665 3971 justiti-

2089 4002 2391 4055 cationibus
2423 4011 2549 4053 ante
2585 4001 2880 4067 Scriptura:
2902 3997 3257 4050 sanctionem.
3280 3996 3481 4050 Horum
3511 4010 3666 4047 nam.

2089 4104 2192 4156 que
2219 4090 2459 4142 omnium
2486 4091 3057 4142 commemorationem
3091 4104 3211 4141 cum
3244 4090 3296 4139 in
3336 4096 3528 4139 natura
3563 4085 3657 4137 ha-

2089 4182 2243 4233 beret
2273 4181 2638 4248 conscriptam
2667 4195 2695 4231 a
2730 4178 3012 4243 Creatore,
3038 4189 3229 4233 cuncta
3256 4178 3371 4230 haec
3395 4177 3668 4231 veraciter

2090 4270 2429 4338 adimplevit,
2476 4282 2672 4324 cuncta
2704 4272 2815 4323 inec
2854 4270 3123 4323 veraciter
3167 4250 3435 4337 perfecit;
3458 4268 3670 4321 Idcirco

2090 4373 2360 4414 veraciter
2397 4376 2559 4413 verax
2610 4361 2806 4413 dicitur
2861 4369 3021 4427 atque
3071 4360 3481 4427 comprobatur.
3542 4356 3667 4411 Pri-

409 4445 683 4509 omitiaus.
730 4454 861 4510 Erat
906 4455 1084 4523 justus
1135 4458 1559 4526 quoniamillutn
1597 4445 1874 4529 diligebat,
1922 4464 1987 4515 de
2021 4472 2065 4528 ι)
2095 4471 2237 4508 tnttttt
2273 4454 2489 4523 quidem
2545 4452 2661 4505 sine
2700 4450 2954 4520 querela,
3002 4459 3186 4519 utpote
3238 4450 3291 4502 in
3344 4448 3667 4515 semetipso.

411 4562 520 4615 quo
569 4548 771 4602 dicitur
815 4549 867 4601 in
921 4550 1198 4618 prophetis
1230 4569 1241 4603 :
1277 4548 1341 4601 Et
1370 4562 1440 4603 est
1473 4552 1687 4619 justitia
1717 4556 1981 4607 accinctus

410 4638 614 4694 lumbos
646 4642 712 4695 ⁸⁸.
741 4640 1086 4708 Eratjuslus,
1114 4646 1235 4710 quia
1273 4644 1323 4697 itt
1353 4645 1461 4698 Deo
1482 4647 1758 4713 sperabat,
1790 4650 1854 4699 de
1877 4662 1983 4715 quo

412 4729 611 4785 dicitur
644 4749 657 4785 :
689 4730 877 4785 Justus
905 4732 1183 4795 Dominus,
1212 4748 1259 4787 et
1294 4737 1541 4803 justitias
1575 4737 1780 4800 dilexit,
1813 4740 1983 4807 α’(ιαί-

413 4830 574 4873 tatem
602 4824 727 4875 uidit
773 4824 945 4876 vultus
994 4825 1108 4891 eius
1134 4828 1198 4877 η.
1225 4828 1316 4880 Sic
1365 4843 1597 4896 namque
1625 4840 1741 4883 erat
1781 4830 1976 4897 justus.

412 4911 506 4966 Sic
540 4922 657 4965 erat
700 4912 899 4979 justus,
938 4926 995 4969 ut
1043 4920 1153 4984 ipse
1184 4917 1321 4969 Deus
1354 4918 1448 4984 qui
1492 4921 1769 4983 Cognoscit
1793 4923 1981 4985 corda,

411 5003 1011 5071 attestareturjustitizc
1031 5011 1167 5076 ejus.
1206 5008 1278 5061 lta
1313 5020 1430 5063 erat
1456 5010 1656 5078 justus,
1688 5022 1747 5065 ttt
1779 5014 1890 5080 ipse
1919 5014 1984 5067 de

412 5097 705 5163 semetipso
740 5098 983 5150 diceret:
1017 5098 1239 5153 Justitia
1283 5118 1424 5153 erant
1469 5104 1705 5168 indutus,
1742 5115 1788 5156 et
1824 5107 1983 5157 cesti-

411 5195 497 5240 tus
515 5186 721 5255 judicio
754 5199 1004 5257 tanquam
1029 5194 1345 5243 vestimento.
1377 5193 1625 5261 Confrcgi
1647 5195 1814 5248 molas
1838 5199 1985 5266 inju-

412 5287 634 5341 storum,
663 5278 725 5328 de
760 5278 928 5329 ntcdlo
957 5290 1128 5332 autem
1172 5282 1403 5334 dentium
1459 5286 1671 5352 rapinas
1700 5287 1889 5338 abstuli
1914 5290 1980 5339 ¹⁰.

412 5370 504 5425 Sic
535 5372 715 5440 itaque
741 5382 858 5423 erat
900 5372 1101 5441 justus,
1127 5384 1185 5425 ttt
1212 5373 1440 5427 formant
1471 5386 1631 5443 atque
1677 5378 1979 5445 exemplum

412 5460 627 5519 Domini
659 5460 749 5514 Dei
782 5460 832 5513 in
876 5477 932 5515 se
979 5462 1315 5530 adintpleret,
1352 5463 1467 5530 ejus
1494 5467 1582 5532 qui
1627 5482 1748 5517 cum
1785 5467 1854 5519 sit
1894 5464 1983 5532 jn-

412 5564 555 5619 slus,
582 5554 823 5624 jttslilias
853 5554 1057 5609 dilexit.
1088 5555 1220 5609 Cum
1249 5568 1427 5610 autem
1458 5560 1636 5625 justus
1674 5570 1836 5623 esset,
1868 5571 1982 5613 erat

944 5671 979 5696 '”
1009 5667 1145 5719 l’sal.
1180 5686 1228 5727 x,
1260 5671 1309 5717 8.
1393 5670 1434 5699 ²⁰
1468 5669 1564 5724 Job
1606 5688 1753 5738 λιιι,
1786 5673 1866 5737 li,
1907 5674 1985 5728 l7.

968 5742 1007 5770 "
1043 5738 1139 5793 Job
1167 5757 1201 5799 ι.
1236 5741 1322 5793 :32.

485 5666 529 5695 "‘
564 5668 663 5719 lsa.
706 5683 779 5724 λι.
811 5666 861 5716 ὅ,

411 5732 459 5766 ³⁵
484 5732 639 5790 Joan.
674 5754 803 5797 xvtt,
836 5741 887 5793 5.

2092 4548 2299 4601 Deinde
2332 4546 2534 4615 justus,
2567 4553 2750 4612 utpote
2779 4541 2924 4596 circa
2948 4556 3157 4595 omnes.
3186 4540 3317 4593 Item
3350 4555 3510 4592 verax
3540 4548 3669 4591 tan-

2091 4654 2252 4707 quam
2287 4638 2646 4702 inconspectu
2676 4633 2785 4689 Dei.
2817 4632 3107 4699 Propterea
3133 4642 3251 4700 post
3272 4632 3387 4685 lucc
3414 4631 3669 4682 universa

2091 4730 2144 4784 in
2179 4728 2531 4782 conclusione
2555 4724 2796 4777 outnitttn
2831 4738 2927 4791 pro
2960 4724 3346 4775 universorum
3392 4721 3670 4788 recapitu-

2092 4822 2295 4873 latione
2354 4818 2617 4887 adjicieus
2661 4818 2833 4869 dicit:
2880 4815 2975 4867 Dei
3015 4815 3188 4867 cultor
3215 4826 3233 4862 :
3268 4814 3397 4881 quia
3444 4825 3667 4865 omnem

2091 4911 2460 4972 sanctitatem,
2486 4920 2539 4963 et
2574 4921 2791 4960 omnem
2821 4905 3111 4972 justitiam,
3138 4911 3193 4955 et
3218 4917 3381 4957 omne
3400 4916 3536 4971 Opus
3563 4900 3668 4955 bo-

2092 5018 2221 5056 num
2252 5002 2395 5070 quod
2434 5000 2533 5053 visi
2581 4999 2783 5051 fuerint
2820 4997 3067 5051 homines
3098 4994 3304 5057 facere,
3347 4993 3454 5046 nisi
3481 4991 3535 5044 in
3568 4990 3671 5045 Dei

2092 5095 2325 5161 cultura,
2360 5095 2461 5147 nisi
2490 5093 2543 5146 in
2584 5092 2673 5145 Dei
2705 5090 2981 5159 agnitione
3012 5097 3174 5156 atque
3216 5086 3565 5141 confessione
3590 5086 3665 5139 le-

2092 5190 2286 5252 cerint,
2324 5189 2441 5241 sine
2470 5201 2628 5239 causa
2666 5182 2872 5237 faciunt
2906 5191 3068 5249 atque
3114 5193 3475 5248 supervacue.
3501 5176 3569 5231 Et
3609 5188 3670 5231 ut

2092 5281 2331 5334 breviter
2358 5288 2520 5346 atque
2558 5278 2820 5329 audenter
2868 5274 3065 5337 dicam,
3114 5272 3293 5325 omnia
3328 5284 3687 5340 quaecunque

2090 5372 2321 5427 fecerint
2355 5369 2601 5423 homines
2645 5368 2759 5421 sive
2806 5368 2855 5418 in
2902 5365 3230 5434 virginitate,
3262 5363 3379 5417 sive
3413 5363 3466 5416 in
3498 5363 3657 5415 absti-

2091 5463 2293 5525 nentia,
2320 5462 2435 5514 sive
2464 5460 2514 5513 in
2541 5460 2783 5525 corporis
2813 5458 3085 5519 castitate,
3118 5455 3229 5507 sive
3257 5455 3310 5507 in
3338 5454 3521 5507 carnis
3553 5468 3669 5507 suae

2090 5554 2486 5615 eombustioue,
2513 5553 2625 5605 sive
2649 5551 2701 5602 in
2730 5550 2993 5602 bonorum
3015 5562 3235 5601 suorum
3254 5546 3668 5611 distributione,

2067 5674 2107 5703 τι
2137 5670 2277 5725 P:al.
2315 5683 2420 5729 Liv,
2446 5666 2533 5718 ‘22.
2614 5665 2654 5693 ²²
2687 5663 2840 5717 Prov.
2872 5678 3015 5725 xxvr,
3053 5662 3141 5718 21.
3222 5662 3262 5692 ³³
3298 5660 3452 5719 llotn.
3494 5678 3574 5725 ιιι,
3609 5660 3665 5714 4.
