3880 6212
242 272 340 327 581

1334 279 1718 339 ANONYMUS
1757 283 1821 337 IN
1860 284 2006 346 IOB.
2051 318 2115 328 —
2150 286 2278 344 LIB.
2319 290 2357 343 I.

3379 291 3485 350 582

242 391 430 445 omnia
471 391 643 461 gratis
672 392 897 460 faciunt,
938 396 989 450 si
1022 410 1125 450 non
1170 398 1222 450 in
1274 397 1376 453 ﬁde
1422 402 1669 465 fecerint,
1705 403 1822 457 sine
1853 409 1894 463 Α
1922 415 1973 458 et
1994 409 2266 463 adoretur.
2294 408 2442 463 Nihil
2468 409 2569 463 hoc
2591 409 2789 478 justius
2814 424 2985 480 neque
3010 410 3277 477 veracius,
3298 421 3482 480 quam“,

242 498 403 540 causa
444 494 611 556 agunt
639 487 739 542 nisi
771 488 821 541 in
854 489 1128 560 agnitione
1152 492 1309 546 unius
1334 494 1555 563 ingeniti
1590 495 1680 547 Dci
1712 496 1815 548 Pa-

247 578 367 641 tris,
398 588 453 632 et
476 578 528 632 in
559 578 900 635 confessione
932 582 1091 636 unius
1122 584 1379 650 unigeniti
1418 584 1537 638 Filii
1568 585 1684 651 ejus
1708 587 1813 639 Do-

240 667 375 721 mini
409 668 578 722 nostri
623 667 748 723 Jesu
797 669 1019 733 Christi,
1048 682 1102 726 et
1154 672 1550 728 illuminatione
1580 678 1817 743 Spiritus

246 759 423 813 sancti
450 760 694 829 gloriosi,
721 777 784 815 ac
814 763 1137 818 venerabilis
1165 763 1451 829 Paracleti,
1484 769 1572 836 qui
1598 768 1816 836 adjuvat

244 852 618 905 inﬁrmitatem
652 865 856 908 nostrae
882 856 1167 921 orationis,
1197 858 1246 909 in
1271 872 1377 926 quo
1409 860 1603 928 signati
1628 875 1816 916 sumus

244 943 298 996 in
331 943 420 997 die
476 945 866 1014 redemptionis
908 958 1127 1012 nostrae,
1161 950 1261 1003 hoc
1314 952 1559 1005 fecerint.
1589 952 1814 1007 Omnem

244 1045 374 1099 ergo
405 1034 766 1097 sanctitatem,
799 1046 853 1089 et
885 1052 1102 1092 onmem
1134 1038 1452 1106 injustitiam
1476 1057 1635 1110 quam
1672 1044 1813 1098 fece-

245 1124 316 1176 rit
343 1123 469 1192 quis
497 1122 631 1179 foris
662 1141 689 1178 a
717 1140 842 1178 vera
894 1126 988 1180 Dei
1040 1129 1248 1183 cultura
1291 1139 1454 1201 atque
1500 1150 1629 1188 vera
1686 1136 1813 1202 ﬁde,

243 1215 417 1284 gratis
440 1215 594 1280 facit,
617 1217 671 1269 in
704 1217 1005 1284 perditione
1030 1220 1185 1285 facit,
1219 1237 1321 1275 non
1356 1225 1577 1291 prodest
1606 1227 1679 1289 ei,
1708 1244 1814 1281 non

246 1304 467 1374 adjuvat
500 1322 623 1361 eum
666 1305 719 1360 in
760 1307 846 1361 die
898 1308 1019 1374 iraa,
1048 1325 1154 1364 non
1199 1311 1449 1369 liberabit
1486 1330 1606 1370 eum
1644 1317 1698 1371 in
1729 1319 1816 1373 die

244 1398 517 1454 interitus.
560 1401 638 1454 Ad
687 1401 827 1470 quod
878 1411 956 1457 est
999 1404 1153 1458 testis
1196 1405 1485 1474 Apostolus
1519 1402 1625 1476 qui‘
1645 1410 1813 1465 dicit;

246 1477 414 1544 Omne
435 1493 572 1560 quod
600 1508 664 1546 ea:
707 1493 812 1560 ﬁde
844 1511 945 1548 non
971 1504 1069 1562 est,
1101 1509 1372 1564 peccatum
1405 1507 1481 1553 est
1506 1501 1571 1557 ’⁸.
1603 1500 1818 1567 Quare?

244 1580 380 1649 Quia
406 1581 547 1636 bona
588 1583 835 1638 videntur
890 1585 1084 1642 fecisse
1133 1604 1237 1643 non
1272 1591 1496 1658 qumsita
1549 1590 1673 1657 ﬁde,
1711 1609 1817 1649 non

246 1676 477 1742 quaesita
506 1679 782 1747 agnitione
817 1678 934 1749 ejus
965 1689 1197 1749 propter
1238 1696 1398 1748 quem
1430 1682 1535 1737 hoc
1566 1681 1817 1738 fecerint.

245 1766 293 1828 Δ
321 1784 429 1836 quo
462 1770 605 1823 enim
651 1769 884 1839 accipiet
918 1771 1268 1826 mercedem?
1302 1772 1387 1827 Ab
1418 1788 1482 1827 eo
1508 1788 1672 1842 quem
1710 1790 1817 1829 non

247 1860 554 1928 requisivit,
611 1876 772 1929 quem
828 1876 933 1917 non
990 1864 1237 1933 agnovit,
1285 1864 1517 1919 cuinon
1566 1865 1818 1932 credidit,

246 1967 407 2018 quem
441 1967 547 2005 non
572 1962 654 2006 est
674 1951 980 2018 confessus,
1004 1969 1179 2022 neque
1196 1952 1474 2022 professus
1495 1955 1635 2010 sicut
1661 1971 1820 2025 opor-

248 2040 373 2103 tuit,
401 2052 505 2093 n'on
540 2040 768 2110 accipiet
795 2043 863 2096 ab
896 2056 959 2095 eo
993 2044 1513 2107 remunerationem,
1542 2045 1643 2099 nisi
1673 2045 1820 2111 judi-

245 2133 390 2187 cium
426 2142 481 2187 et
512 2132 645 2186 iram
679 2137 747 2188 ad
792 2135 1325 2190 condemnationem.
1359 2133 1512 2190 Sicut
1539 2137 1682 2190 enim
1727 2135 1823 2206 qui

245 2222 627 2281 aediﬁcatsine
654 2223 1033 2293 fundamento,
1081 2226 1216 2281 nihil
1260 2227 1475 2296 proﬁcit
1516 2228 1619 2282 nisi
1652 2228 1822 2297 detri-

246 2330 490 2376 mentum
518 2330 576 2377 et
611 2321 876 2389 laborem,
908 2333 962 2376 et
990 2322 1235 2379 dolorem
1265 2343 1279 2379 :
1308 2324 1387 2377 sic
1430 2323 1685 2378 similiter
1730 2324 1821 2392 qui

248 2414 378 2468 boni
406 2413 612 2482 aliquid
641 2413 852 2469 videtur
871 2415 1071 2481 facere,
1106 2416 1149 2470 si
1177 2416 1294 2470 sine
1319 2416 1426 2470 (ide
1446 2416 1660 2479 fecerit,
1689 2415 1823 2469 nihil

246 2505 485 2574 proﬁcit.
514 2507 671 2561 Sicut
704 2507 848 2561 enim
877 2507 1121 2561 credenti
1151 2507 1333 2561 omnia
1368 2516 1495 2561 sunt
1523 2507 1819 2576 possibilia,

250 2605 309 2651 ut
353 2597 596 2652 salvetur
645 2608 809 2667 atque
864 2597 1206 2668 refrigerium
1242 2599 1482 2652 inveniat
1523 2600 1661 2668 apud
1698 2614 1823 2652 eum

252 2692 342 2745 cui
400 2691 668 2747 credidit:
696 2693 775 2746 sic
816 2706 922 2746 non
972 2690 1217 2746 credenti
1247 2691 1381 2745 nihil
1426 2699 1509 2746 est
1543 2691 1820 2760 possibile,

251 2797 428 2851 neque
457 2793 517 2837 ut
546 2784 727 2839 salvus
751 2783 862 2850 ﬁat,
890 2798 1064 2852 neque
1093 2793 1152 2837 ut
1187 2782 1534 2853 refrigerium
1559 2783 1819 2849 inveniat,

252 2893 427 2947 neque
456 2890 513 2933 ut
543 2880 597 2933 in
628 2879 792 2932 vitam
829 2884 1083 2931 introeat.
1118 2874 1232 2931 Non
1265 2883 1351 2930 est
1381 2876 1525 2931 enim
1568 2879 1824 2930 mentitus

250 2970 463 3037 quiait:
484 2966 715 3034 Quam'te
742 2968 1045 3031 Dominum,
1071 2968 1353 3022 etinveniet
1371 2966 1551 3021 anima
1563 2967 1819 3023 vestra".

253 3063 409 3129 Quod
445 3064 490 3117 si
520 3078 624 3118 non
656 3063 975 3132 quaesieritis
1020 3063 1072 3115 in
1100 3062 1225 3127 ﬁde,
1260 3078 1368 3117 non
1397 3064 1620 3130 potestis
1658 3065 1709 3116 in
1739 3064 1821 3117 vi-

255 3170 364 3210 tam
393 3157 641 3219 introire,
669 3158 721 3211 id
757 3165 859 3223 est,
891 3157 1089 3210 animae
1127 3171 1234 3211 non
1288 3157 1644 3211 credentium.
1675 3156 1825 3210 Sicut

250 3252 399 3306 enim
430 3249 514 3305 sol
555 3249 660 3304 nisi
688 3249 982 3303 vibraverit
1011 3263 1172 3319 super
1204 3247 1398 3303 faciem
1440 3256 1619 3314 terrze,
1644 3247 1827 3302 nullus

249 3358 320 3398 ex
366 3342 637 3397 fructibus
679 3341 796 3410 ejus
836 3342 1059 3405 crescit,
1105 3356 1281 3410 neque
1319 3340 1603 3404 adolescit,
1653 3356 1826 3409 neque

253 3435 599 3499 maturescit,
633 3434 713 3488 sic
758 3434 1011 3491 similiter
1042 3432 1146 3487 nisi
1177 3448 1274 3502 per
1301 3433 1458 3499 ﬁdem
1501 3435 1702 3487 veritas
1737 3447 1825 3486 re-

253 3526 470 3581 fulscrit
501 3527 561 3580 in
592 3525 881 3580 animabus
910 3526 1211 3589 hominum,
1244 3538 1519 3592 nunquam
1545 3534 1702 3577 erunt
1732 3540 1827 3578 ac-

254 3616 553 3687 ceptabiles
578 3617 924 3675 coramDeo.
952 3615 1105 3682 Quod
1131 3624 1310 3669 autem
1334 3616 1380 3670 si
1408 3616 1485 3669 sol
1519 3630 1621 3669 non
1649 3616 1828 3669 radia-

253 3711 397 3764 verit
424 3724 589 3779 super
616 3710 826 3765 fructus
856 3717 1040 3774 terrae,
1061 3724 1167 3764 non
1204 3711 1471 3773 oriuntur,
1508 3723 1683 3777 neque
1715 3725 1826 3762 ma-

257 3812 535 3856 turescere
565 3802 1007 3871 comprobautur,
1040 3798 1387 3853 manifestum
1420 3807 1502 3852 est
1527 3800 1667 3867 apud
1691 3798 1822 3853 Noe.

252 3893 391 3948 Nam
421 3909 516 3963 per
538 3908 739 3947 annum
770 3892 922 3945 illum
952 3907 1060 3961 quo
1097 3890 1207 3945 Noe
1239 3890 1338 3944 fuit
1363 3892 1414 3944 in
1440 3906 1589 3955 arca,
1616 3891 1695 3945 sol
1719 3906 1823 3945 non

253 3986 457 4041 eﬁ‘ulsit
489 4001 652 4055 super
689 3995 911 4048 terram,
945 3984 1139 4054 partim
1175 3997 1306 4037 sane
1348 3986 1414 4037 ab
1450 3985 1592 4038 aeris
1639 3984 1825 4038 turba-

257 4082 407 4133 tione
451 4081 737 4138 coercitus,
790 4077 988 4145 partim
1044 4084 1228 4129 autem
1284 4075 1411 4143 quia
1462 4078 1529 4130 ab
1563 4062 1846 4145 aquarum'

257 4170 604 4225 multitudine
622 4178 742 4224 erat
768 4180 911 4224 terra
937 4179 1214 4237 cooperta.
1238 4168 1448 4223 Idcirco
1474 4169 1684 4223 fructus
1719 4177 1829 4223 ter-

258 4279 333 4317 rae
357 4277 501 4316 anno
522 4262 613 4317 illo
634 4276 807 4330 neque
824 4261 1290 4331 germinaverunt,
1318 4276 1493 4330 neque
1516 4271 1823 4324 creverunt,

257 4371 437 4425 neque
462 4365 831 4410 maturescere
852 4354 1186 4424 comprobati
1215 4363 1360 4418 sunt,
1383 4355 1525 4409 sicut
1549 4355 1601 4407 in
1632 4352 1827 4409 Genesi

1923 507 1977 549 ut
2013 498 2061 551 ei
2097 499 2186 565 qui
2217 508 2299 551 est
2333 499 2578 552 omnium
2618 499 2759 554 Deus
2785 509 2838 553 et
2863 500 3132 565 conditor,
3161 508 3324 567 atque
3354 513 3483 567 pro—

1919 587 2089 651 visor,
2122 588 2380 641 credatur
2405 599 2464 641 ut
2510 598 2747 659 oportet,
2775 598 2831 642 et
2859 588 3203 652 conﬁteatur,
3233 597 3285 640 et
3319 588 3485 655 proﬁ-

1924 686 2121 732 teatur.
2168 677 2310 732 Nihil
2344 693 2471 747 ergo
2503 681 2728 749 suscipit
2769 680 2908 734 Deus
2939 679 3145 747 absque
3192 679 3309 733 ﬁdei
3344 678 3489 733 veri-

1924 780 2053 824 tate.
2087 769 2201 823 Non
2220 772 2361 823 enim
2391 772 2591 843 indiget
2610 774 2693 828 his
2715 788 2834 842 qua:
2862 782 3043 827 nostra
3070 781 3215 837 sunt,
3237 772 3336 824 nisi
3360 771 3490 825 solis

1923 864 2206 919 animabus
2224 865 2422 919 nostris
2448 866 2500 917 in
2525 866 2754 921 veritate
2780 865 2900 919 ﬁdei
2926 864 3361 934 persistentibus,
3386 864 3489 916 nisi

1925 950 2037 1003 sola
2078 951 2411 1005 conscientia
2448 961 2627 1006 nostra
2664 953 2715 1005 in
2762 954 2989 1006 veritate
3020 953 3136 1007 ﬁdei
3170 953 3271 1007 sibi
3315 952 3488 1006 conf:-

1926 1050 2085 1095 tente.
2117 1040 2241 1096 Haec
2272 1058 2505 1110 namque
2531 1044 2706 1097 sciens
2734 1043 2921 1097 beatus
2943 1043 3044 1099 Job
3066 1044 3335 1113 justitiam
3359 1045 3491 1097 ωιιὶ-

1925 1132 2128 1197 licavit,
2185 1135 2462 1188 veritatem
2501 1133 2765 1188 fundavit.
2818 1134 2923 1188 Sed
2958 1136 3072 1190 haec
3115 1136 3365 1189 universa
3399 1136 3491 1190 Dei

1923 1224 2154 1289 cultura,
2183 1226 2286 1279 hoc
2309 1234 2411 1290 est,
2444 1225 2547 1279 ﬁde
2570 1227 2913 1279 concinnavit
2936 1236 3097 1295 atque
3124 1230 3274 1291 texit,
3301 1228 3493 1281 obdnl-

1924 1319 2064 1371 cavit
2094 1326 2255 1385 atque
2297 1317 2539 1386 perfecit.
2575 1317 2666 1371 Sic
2716 1304 2931 1385 oportet
2968 1319 3130 1372 etiam
3160 1334 3278 1384 nos,
3312 1334 3346 1374 o
3392 1320 3491 1373 viri

1924 1407 2102 1475 periti,
2128 1408 2182 1460 in
2220 1408 2323 1461 ﬁde
2351 1406 2654 1471 ambulare,
2684 1408 2735 1459 in
2769 1407 2872 1462 ﬁde
2906 1418 3072 1473 stare,
3096 1409 3148 1462 in
3182 1409 3283 1463 ﬁde
3310 1424 3494 1478 perse-

1925 1513 2137 1563 verare,
2183 1500 2487 1555 inﬁdelitati
2521 1511 2680 1569 atque
2726 1500 3030 1555 inﬁdelibus
3060 1516 3166 1554 non
3203 1505 3493 1569 appropin-

1924 1604 2112 1658 quare,
2164 1605 2336 1659 neque
2396 1592 2835 1658 communicare,
2880 1605 3055 1657 neque
3106 1591 3493 1644 conventiculis

1923 1694 2131 1738 eorum,
2162 1696 2337 1749 neque
2390 1680 2647 1746 collectis,
2678 1690 2735 1734 ut
2772 1691 2964 1735 cuncta
3015 1696 3135 1749 qme
3176 1679 3407 1733 facimus
3440 1680 3490 1731 in

1850 1751 1891 1806 Β
1922 1770 2026 1824 ﬁde
2059 1771 2168 1826 Deo
2197 1772 2549 1841 acccptabilia
2594 1774 2701 1826 sint
2733 1789 2746 1825 :
2782 1773 2919 1826 sicut
2958 1783 3013 1825 et
3052 1772 3137 1824 illa
3172 1786 3290 1839 quae
3337 1771 3494 1839 paulo

1921 1872 2043 1932 post
2066 1860 2167 1917 Job
2212 1862 2407 1917 fecisse
2456 1863 2740 1926 asseritur,
2773 1862 3128 1929 acceptabilia
3172 1860 3309 1915 facta
3344 1875 3490 1923 sum,

1920 1956 2045 2023 quia
2078 1954 2340 2009 abstinuit
2362 1968 2421 2008 se
2452 1955 2519 2007 ab
2551 1953 2701 2008 omni
2729 1968 2787 2007 re
2826 1954 2985 2019 mala,
3015 1963 3073 2006 ut
3094 1952 3203 2006 Deo
3243 1962 3491 2019 accepta-

1920 2048 2043 2100 bilis
2076 2045 2228 2100 ﬁeret
2260 2046 2509 2116 religiosa
2540 2044 2655 2114 ejus
2686 2046 2917 2110 cultura,
2950 2054 3007 2098 ut
3032 2044 3162 2098 nihil
3185 2052 3324 2098 esset
3349 2043 3493 2111 quod

1920 2139 1969 2193 ei
2002 2148 2401 2209 perstreperet,
2438 2139 2521 2193 vel
2559 2140 2882 2208 prmpediret
2926 2138 3072 2192 circa
3118 2136 3213 2191 Dei
3266 2135 3495 2202 conjun-

1922 2233 2161 2287 ctionem
2191 2244 2350 2299 atque
2380 2231 2826 2294 familiaritatem,
2853 2240 3037 2298 utpote
3070 2230 3117 2282 ei
3150 2228 3495 2297 quieratsine

1921 2324 2160 2389 querela,
2195 2324 2370 2393 justus
2423 2338 2638 2393 quoque
2674 2337 2735 2376 ac
2785 2337 2942 2376 verax
2980 2321 3069 2374 Dei
3117 2322 3292 2374 cultor
3331 2328 3494 2387 atque

1923 2416 2196 2470 abstinens
2223 2428 2283 2468 se
2320 2414 2386 2468 ab
2415 2416 2560 2468 onmi
2607 2428 2665 2468 re
2698 2413 2858 2467 mala.
2907 2413 3104 2481 Dignos
3129 2412 3291 2466 etiam
3325 2409 3494 2463 faciat

1924 2523 2021 2561 nos
2070 2506 2231 2571 Deus,
2274 2516 2335 2560 ut
2378 2508 2553 2575 ipsum
2588 2506 2865 2559 imitantes
2891 2507 2943 2558 in
2999 2505 3110 2573 ejus
3148 2501 3495 2557 beatitudinis

1928 2600 2168 2669 vestigiis
2190 2599 2455 2666 requiem,
2476 2613 2539 2653 ac
2566 2597 2903 2667 refrigerium
2930 2595 3262 2659 accipiamus
3284 2594 3337 2646 in
3362 2602 3495 2646 teut-

1924 2706 2058 2759 pore
2088 2689 2528 2745 resurrectionis.

1940 2846 1943 2851 ι
1996 2784 2195 2837 Habuit
2226 2796 2408 2839 autem
2450 2783 2588 2837 filios
2614 2792 2822 2850 septem
2855 2788 2907 2833 et
2939 2778 3077 2833 ﬁlias
3110 2787 3238 2841 tres,
3262 2776 3353 2831 sed
3388 2790 3493 2831 neu

1926 2895 1990 2932 ex
2040 2880 2329 2945 adulterio,
2363 2894 2539 2947 neque
2596 2891 2660 2930 ex
2716 2874 3069 2942 impudicitia,
3098 2873 3191 2926 sed
3240 2886 3306 2923 ex
3348 2870 3497 2923 licito

1928 2984 2088 3041 atque
2134 2972 2477 3026 immaculato
2550 2970 2892 3025 matrimonio
2989 2966 3205 3021 Sciebat
3264 2980 3497 3032 namque

1929 3067 2115 3121 beatus
2148 3064 2249 3119 Job
2280 3065 2406 3133 quia
2432 3080 2495 3117 ex
2536 3064 2727 3116 illicito
2775 3072 2895 3114 toro
2939 3061 3033 3113 ﬁlii
3066 3062 3155 3129 qui
3201 3067 3499 3111 nascuntur

1930 3169 2093 3213 testes
2121 3167 2281 3211 erunt
2309 3156 2614 3223 iniquitatis
2644 3154 2902 3206 adversus
2932 3160 3184 3220 parentes
3215 3166 3342 3204 suos
3373 3166 3497 3203 cum

1928 3248 2348 3316 interrogantur.
2376 3242 2583 3297 Idcirco
2612 3243 2881 3296 veraciter
2908 3242 3041 3294 dicit
3066 3258 3080 3294 :
3114 3239 3179 3293 Et
3206 3242 3251 3293 οἱ
3288 3249 3507 3293 εεειιιυε

1926 3348 2001 3391 est
2030 3340 2213 3392 oculus
2244 3354 2388 3391 meus
2413 3351 2631 3389 uxorem
2683 3335 2781 3387 viri
2822 3333 3067 3397 alterius,
3110 3342 3271 3401 atque
3314 3333 3397 3385 his
3426 3331 3501 3386 si-

1929 3432 2094 3485 milia.
2119 3430 2253 3484 Cum
2273 3445 2401 3500 ergo
2425 3428 2604 3483 omnia
2625 3428 2858 3481 obscena
2882 3437 2936 3480 et
2957 3424 3313 3480 exsecrabilia
3339 3433 3501 3491 atque

1929 3525 2113 3578 illicita
2146 3523 2463 3587 declinaret,
2496 3528 2702 3589 septem
2730 3521 2918 3574 habuit
2940 3521 3098 3583 ﬁlios,
3128 3526 3181 3572 et
3206 3517 3344 3570 ﬁlias
3366 3526 3499 3578 tres,

1927 3626 2114 3671 sancte
2165 3626 2216 3669 et
2247 3616 2440 3685 pudice
2477 3615 2773 3669 secundum
2805 3612 3038 3667 oﬁicium
3088 3620 3316 3673 naturm,
3350 3616 3503 3662 caste

1928 3726 1992 3765 ac
2023 3709 2292 3764 veraciter
2320 3710 2473 3779 juxta
2492 3708 2769 3763 Creatoris
2794 3705 3229 3774 promissionem.
3260 3702 3502 3756 Fuerunt

1927 3812 2106 3856 autem
2140 3802 2213 3856 illi
2238 3802 2333 3855 ﬁlii
2373 3809 2676 3870 septem,et
2709 3798 2829 3852 ﬁlia:
2861 3808 2972 3853 tres
3003 3797 3217 3849 fuerunt
3242 3793 3337 3846 iiii.
3366 3790 3503 3846 Cui?

1927 3893 2213 3962 Jobjusto,
2239 3894 2354 3947 sine
2378 3894 2620 3962 querela,
2662 3905 2789 3945 vero
2818 3889 2914 3943 Dei
2949 3887 3169 3943 cultori.
3203 3885 3340 3939 Huic
3371 3898 3502 3951 ergo

1931 3986 2146 4041 fuerunt
2173 3984 2266 4039 ﬁlii
2304 3995 2508 4053 septem
2538 3994 2591 4039 et
2613 3983 2733 4037 ﬁliae
2765 3992 2893 4036 tres.
2922 3982 3029 4035 Deo
3058 3979 3342 4047 largiente,
3375 3991 3503 4044 pro-

1929 4078 2146 4131 vidente
2173 4076 2457 4139 Creatore,
2492 4074 2708 4129 volente
2742 4074 2984 4129 omnium
3018 4072 3236 4142 opiﬁce,
3283 4070 3504 4122 fuerunt

1930 4168 2004 4221 illi
2030 4167 2119 4220 ﬁlii
2142 4177 2349 4234 septem
2372 4177 2426 4221 et
2462 4166 2586 4219 filiae
2614 4175 2744 4221 tres.
2763 4165 2978 4233 Septem
3008 4162 3100 4215 ﬁlii
3120 4162 3270 4231 juxta
3301 4159 3503 4213 hebdo-

1930 4256 2142 4310 madam
2161 4257 2367 4310 dierum
2392 4257 2597 4320 saeculi,
2620 4264 2711 4308 aut
2730 4253 2881 4322 juxta
2906 4250 3296 4305 hebdomadam
3316 4263 3502 4302 eorum

1929 4348 2019 4417 qui
2045 4348 2113 4401 ab
2138 4347 2395 4417 apostolis
2414 4351 2463 4401 in
2484 4363 2632 4401 nova:
2651 4346 2840 4415 gratiae
2865 4343 3059 4398 szcculo
3088 4350 3215 4397 sunt
3242 4339 3500 4402 ordinati,

258 4448 567 4507 scribentes
606 4449 961 4503 asseruimus.
987 4446 1113 4502 Haec
1144 4460 1377 4515 namque
1405 4447 1654 4501 universa
1683 4446 1825 4500 dixi—
1859 4450 1905 4503 D
1934 4448 2025 4493 aut
2046 4438 2199 4507 juxta
2234 4450 2438 4507 septem
2480 4438 2663 4493 stellas
2701 4452 2820 4507 quae
2857 4434 3096 4503 quotidie
3125 4437 3503 4501 pertranseunt

258 4554 403 4603 nius,
430 4540 556 4608 quia
604 4541 796 4595 beatus
843 4538 945 4593 Job
980 4555 1103 4593 cum
1144 4539 1411 4607 justitiam
1445 4549 1500 4593 et
1541 4539 1826 4593 veritatem

257 4631 508 4697 haberet,
540 4631 705 4685 etiam
738 4632 830 4687 Dei
862 4631 1149 4697 culturam,
1179 4632 1278 4685 hoc
1300 4640 1384 4684 est
1411 4630 1570 4685 ﬁdem
1604 4629 1712 4683 Deo
1735 4629 1829 4683 de-

257 4720 583 4785 lectabilem,
625 4721 917 4790 pretiosam
958 4735 1172 4791 quoque
1222 4721 1270 4774 ei
1330 4730 1492 4789 atque
1521 4717 1829 4786 acceptabi-

259 4812 363 4867 lem
406 4812 664 4867 habebat.
701 4812 855 4867 Sicut
898 4813 1042 4867 enim
1086 4812 1224 4865 nihil
1256 4820 1340 4865 est
1373 4810 1694 4865 delectabile
1728 4809 1828 4863 ho-

259 4902 498 4959 minibus
517 4904 634 4958 sine
659 4903 794 4967 luce,
821 4904 901 4958 sic
934 4903 1187 4957 similiter
1212 4904 1347 4957 nihil
1374 4912 1455 4956 est
1482 4900 1823 4966 delectabile,

258 5011 439 5064 neque
482 5004 760 5065 acceptum
803 4997 933 5062 Deo,
959 4996 1162 5064 absque
1192 4995 1312 5049 ﬁdei
1343 4995 1564 5049 lumine.
1611 4993 1690 5049 0b
1724 4995 1828 5048 hoc

255 5099 389 5153 ergo
433 5085 560 5138 dicit
600 5085 666 5140 de
715 5082 839 5148 Job,
890 5086 984 5139 Dei
1035 5087 1231 5149 cultor,
1259 5085 1403 5153 juste
1456 5099 1520 5137 ac
1561 5085 1828 5137 veraciter

256 5176 445 5231 colens
468 5176 655 5231 Deum.
691 5177 805 5233 Non
839 5188 1057 5248 propter
1099 5178 1317 5232 divitias
1354 5187 1516 5246 atque
1546 5177 1825 5246 pecunias,

256 5270 401 5323 sicut
429 5268 678 5323 diabolus
707 5272 1039 5324 mendaciter
1068 5270 1261 5324 detulit
1285 5269 1433 5323 illum
1461 5271 1600 5337 apud
1631 5268 1823 5335 Deum,

255 5359 352 5412 sed
384 5368 608 5427 propter
628 5359 894 5426 justitiam
921 5375 983 5414 ac
1012 5361 1295 5414 veritatem
1321 5361 1485 5414 coluit
1515 5360 1704 5414 Deum.
1734 5360 1827 5413 Ni-

255 5450 332 5503 hil
365 5451 469 5504 hoc
497 5450 697 5519 justius
736 5465 800 5505 ac
852 5452 1121 5516 veracius,
1152 5465 1312 5519 quam
1350 5460 1411 5504 ut
1441 5451 1665 5506 Creator
1706 5453 1826 5506 uni-

254 5556 538 5597 versorum
588 5557 651 5597 ac
678 5541 992 5598 benefactor
1030 5544 1272 5597 omnium
1304 5543 1572 5599 veraciter
1618 5544 1826 5599 colatur

331 5701 377 5735 ιθ
402 5701 558 5757 Rotn.
590 5703 810 5765 κηλεῖ.
895 5703 932 5732 ’⁷
967 5702 1109 5760 Psal.
1146 5719 1336 5767 ιιι-ιιι,
1372 5704 1457 5757 55.

1930 4532 2102 4599 spatia
2118 4530 2509 4587 caali.Fuerunt
2530 4529 2905 4599 ciseptemtilii
2934 4537 2987 4581 et
3017 4528 3135 4580 lilia:
3165 4534 3294 4588 tres,
3313 4537 3503 4577 omnes

1930 4622 2089 4677 simul
2111 4623 2319 4686 decem,
2342 4637 2420 4676 set
2435 4621 2631 4675 nudum
2661 4624 2843 4675 decem
2864 4620 3028 4673 verba
3054 4617 3210 4686 legis,
3232 4630 3352 4684 quae
3381 4622 3503 4684 post

1932 4713 2033 4767 hoc
2050 4711 2172 4767 filiis
2189 4712 2353 4769 Israel
2373 4720 2497 4765 sunt
2512 4711 2725 4765 tradita.
2743 4710 2883 4780 Ergo
2903 4709 3025 4778 quia
3038 4724 3099 4761 ea
3114 4722 3233 4777 qua:
3247 4706 3298 4759 in
3319 4707 3504 4761 decem

1932 4803 2110 4857 verbis
2148 4802 2277 4873 legis
2297 4813 2423 4857 sunt
2444 4812 2726 4872 prazcepta,
2760 4801 2937 4855 omnia
2959 4798 3268 4866 adimplevit
3290 4796 3410 4860 Job,
3448 4806 3502 4850 et

1933 4903 2056 4949 ante
2079 4895 2274 4963 legem,
2299 4904 2352 4948 et
2376 4904 2528 4949 extra
2546 4894 2739 4961 legem,
2766 4893 2964 4946 idcirco
2990 4901 3043 4945 et
3072 4890 3171 4958 ipsi
3201 4890 3418 4957 quidem
3449 4888 3501 4939 in

1934 4986 2163 5038 formam
2182 4995 2344 5055 atque
2363 4986 2702 5048 memoriam,
2734 4985 2838 5038 illis
2870 4997 2997 5037 vero
3023 4983 3112 5050 qui
3143 4992 3262 5049 post
3280 4982 3380 5035 hoc
3401 4980 3500 5033 sub

1936 5079 2050 5149 lege
2088 5079 2258 5147 legem
2288 5095 2393 5135 non
2424 5080 2868 5149 adimpleverunt,
2888 5076 2953 5129 ad
2981 5075 3395 5142 correptionem,
3433 5071 3502 5125 ad

1936 5174 2453 5239 condemnationem,
2473 5174 2657 5227 decen:
2677 5172 2826 5227 liberi
2846 5172 2955 5226 dati
2977 5180 3100 5226 sunt
3115 5170 3186 5234 ei,
3206 5177 3391 5235 utpote
3408 5165 3500 5234 qui

1934 5269 2157 5337 singulis
2210 5283 2395 5322 eorum
2450 5266 2782 5337 singulorum
2839 5279 3044 5320 memor
3111 5270 3501 5331 praaecptorum

1934 5361 2113 5416 omnia
2131 5361 2522 5431 adimplevcrit.
2554 5360 2659 5415 Sed
2680 5357 3018 5426 dicitaliquis
3040 5374 3054 5410 :
3076 5354 3244 5409 Porro
3268 5369 3366 5406 cur
3392 5366 3496 5404 non

1934 5452 2144 5507 deditei
2178 5453 2440 5507 masculos
2464 5460 2687 5516 tantum,
2711 5451 2803 5505 sed
2829 5449 3020 5518 partim
3043 5447 3256 5517 quidem
3285 5457 3495 5497 mascu-

1934 5545 2031 5611 los,
2054 5545 2249 5615 partim
2274 5554 2450 5602 autem
2474 5545 2734 5601 feminas?
2754 5543 2915 5598 Audi.
2949 5539 3028 5596 Ob
3054 5540 3155 5595 hoc
3186 5537 3330 5591 dedit
3374 5548 3505 5602 pr0-.
