3888 6218
437 260 542 316 585

1524 270 1905 327 ANONYMUS
1941 270 2006 327 IN
2043 269 2181 327 JOB.
2224 302 2289 312 —-
2329 273 2456 333 LIB.
2498 274 2537 329 l.

3573 280 3675 336 58$

434 380 638 433 miscue
691 388 745 435 et
795 380 934 437 ﬁlios
964 391 1021 438 et
1061 384 1201 440 ﬁlias
1240 386 1368 456 quia
1408 403 1435 441 a
1494 390 1689 444 saeculo
1726 392 1798 444 ita
1855 392 2001 446 dedit
2030 396 2073 451 Α
2108 392 2343 449 Fuerunt
2376 437 2391 463 ,
2447 394 2656 462 inquit,
2713 394 2793 447 illi
2849 394 2948 462 ﬁlii
2994 406 3185 463 septem
3218 396 3283 451 ".
3319 396 3536 452 Certum
3591 406 3673 452 est

433 469 703 524 omnibus.
736 468 949 537 Genuit,
986 473 1181 542 inquit,
1211 475 1352 544 ﬁlios
1389 487 1434 531 et
1465 477 1607 545 [ilius
1634 478 1698 531 ³⁸.
1728 480 1793 533 Et
1826 481 2001 534 adhuc

434 559 504 611 ob
530 559 631 614 hoc
662 561 968 628 promiscue
1012 574 1067 618 et
1116 565 1257 621 ﬁlios
1289 575 1344 621 et
1382 567 1522 622 ﬁlias
1574 569 1740 635 dedit,
1770 570 1892 639 quia
1927 570 2001 624 ita

432 650 749 709 desiderant
785 655 1027 708 omnium
1078 668 1309 722 mentes,
1332 660 1459 727 quia
1506 661 1608 715 hoc
1645 662 1873 730 requirit
1904 663 1997 718 ho-

435 741 601 794 minis
635 742 987 813 desiderium,
1022 758 1078 801 ut
1116 751 1425 817 promiscue
1470 762 1725 823 utrosque
1773 763 1826 809 et
1859 755 2000 811 ﬁlios

430 841 482 885 et
514 832 650 887 ﬁlias
683 834 939 889 habeant.
969 840 1046 892 Ad
1093 841 1534 899 satisfaciendum
1584 862 1715 917 ergo
1748 850 2002 906 humanis

422 924 705 989 sensibus,
736 930 1046 996 promiscue
1075 932 1224 987 dedit
1259 934 1364 989 illis
1385 947 1440 991 et.
1471 939 1560 993 dat
1591 940 1730 995 lilios
1758 951 1813 995 et
1838 942 1996 997 ﬁlias.

429 1012 498 1066 Et
534 1014 711 1104 adhuc
732 1018 802 1071 ob
831 1022 932 1074 hoc
960 1022 1052 1076 dat
1078 1025 1409 1092 promiscue,
1430 1039 1487 1084 ut
1513 1034 1804 1088 concordia
1837 1045 1999 1104 atque

426 1103 739 1172 conjunctio
768 1109 1051 1167 hominum
1072 1115 1464 1187 multiplicetur
1478 1138 1575 1191 per
1599 1103 1997 1183 connubiorum

430 1197 821 1265 c0pulationes.
855 1202 954 1259 Ubi
983 1207 1125 1260 enim
1162 1210 1413 1267 dederint
1455 1213 1591 1269 ﬁlias
1623 1232 1750 1272 suas
1784 1219 1836 1273 in
1868 1236 2000 1275 cou-

426 1287 658 1384 iugium,
703 1304 757 1348 et
784 1298 1092 1365 acceperint
1125 1300 1252 1357 ﬁliis
1284 1304 1397 1359 suis
1426 1320 1643 1374 uxores,
1686 1309 1793 1366 illic
1832 1327 1997 1384 copu—

416 1378 561 1435 latio
592 1382 650 1437 ﬁt
684 1386 957 1447 connubii.
988 1392 1190 1446 crescit
1214 1395 1547 1466 conjunctio,
1571 1403 1683 1456 sive
1705 1405 1843 1473 apud
1868 1378 1997 1475 pau-

428 1486 611 1540 peres,
645 1476 763 1531 sive
806 1480 946 1547 apud
997 1482 1213 1538 divites.
1244 1485 1395 1556 Quod
1439 1490 1485 1543 si
1531 1505 1665 1547 sane
1709 1494 1870 1550 alicui
1901 1498 1995 1552 ﬁlii

429 1572 633 1618 tantum
666 1581 1041 1639 nascerentur,
1074 1574 1165 1629 alii
1196 1588 1375 1632 autem
1403 1580 1544 1644 lilize,
1584 1599 1705 1639 cum
1747 1601 1839 1642 eas
1866 1591 1997 1646 viris

421 1667 611 1709 omnes
648 1658 911 1727 traderet,
949 1664 1166 1718 domum
1195 1683 1419 1725 vacuam
1468 1674 1794 1745 relinqueret
1832 1690 1995 1750 atque

419 1744 795 1803 hereditatem
831 1766 981 1806 suam
1011 1756 1327 1812 desolatam.
1353 1758 1503 1816 Nunc
1530 1744 1659 1819 vero
1697 1765 1833 1821 ﬁlias
1860 1744 1988 1824 suas

418 1854 552 1895 sane
586 1841 679 1896 dat
706 1843 872 1908 foras,
910 1846 1034 1901 ﬁliis
1068 1860 1248 1904 autem
1283 1855 1427 1908 intus
1462 1856 1658 1926 accipit
1686 1875 1903 1925 uxores,
1924 1877 1988 1918 ac

420 1951 516 2004 per
537 1938 637 1991 hoc
665 1948 719 1999 et
751 1942 1091 1998 extrinsecus
1121 1946 1283 2001 habet
1306 1950 1684 2018 cognationem
1714 1962 1768 2008 et
1792 1953 1986 2009 intrin-

418 2040 577 2081 secus
617 2030 1005 2087 haereditatem.
1043 2034 1168 2090 Haec
1223 2038 1472 2095 videlicet
1511 2042 1763 2098 universa
1802 2044 1983 2102 divina

416 2119 723 2176 efﬁciuntur
774 2126 1110 2193 providentia
1167 2139 1331 2200 atque
1389 2135 1727 2201 operatione,
1778 2139 1983 2195 utiliter

414 2222 583 2283 atque
623 2218 928 2272 necessarie
960 2220 1267 2277 hominibus
1300 2224 1375 2278 ita
1412 2224 1480 2279 ab
1520 2226 1676 2283 initio
1706 2231 1979 2287 ordinata.

415 2302 504 2358 Sic
538 2321 771 2377 namque
791 2320 845 2364 et
879 2310 979 2366 Job
1015 2314 1233 2368 fuerunt
1261 2328 1462 2386 septem
1491 2320 1583 2374 ﬁlii
1615 2330 1666 2376 et
1694 2322 1813 2377 ﬁliae
1844 2333 1977 2391 tres,

411 2403 468 2448 ut
491 2412 611 2449 cum
650 2399 792 2467 ipsas
814 2417 945 2456 sane
982 2405 1117 2459 ﬁlias
1168 2406 1311 2461 foras
1347 2411 1582 2466 traderet
1620 2413 1769 2477 viris,
1809 2415 1977 2470 habe-

410 2498 493 2540 ret
528 2491 866 2546 extrinsecus
920 2493 1060 2550 ﬁlios
1092 2498 1375 2567 adoptivos
1406 2521 1417 2557 :
1448 2510 1501 2557 et
1545 2518 1664 2557 cum
1713 2505 1835 2559 ﬁliis
1865 2508 1978 2561 suis

408 2580 472 2631 de
500 2578 631 2634 foris
662 2584 933 2650 acciperet
965 2602 1181 2653 uxores,
1238 2590 1461 2646 haberet
1485 2594 1648 2649 etiam
1677 2596 1727 2648 in
1768 2596 1849 2649 his
1876 2612 1976 2651 ex-

410 2670 675 2727 trinsecus
734 2675 1013 2744 adeptivas
1064 2679 1221 2734 ﬁlias.
1256 2680 1410 2751 Saepe
1456 2686 1598 2738 enim
1652 2689 1858 2755 generi,
1894 2690 1974 2742 vel

406 2777 577 2817 nurus
627 2765 751 2820 ﬁliis
799 2767 1125 2825 sinceriores
1170 2772 1521 2841 reperiuntur
1549 2777 1691 2831 circa
1729 2794 1971 2847 soceros,

403 2854 487 2907 vel
518 2870 712 2912 socrus
739 2873 889 2923 suas,
916 2861 1019 2915 illae
1055 2878 1173 2932 quae
1202 2864 1294 2917 Dei
1332 2866 1581 2919 timorem
1622 2883 1686 2923 ac
1714 2871 1969 2938 pietatem

401 2944 712 3003 habuerunt
734 2952 1020 3007 animabus
1044 2956 1175 3009 suis.
1200 2956 1347 3010 Talis
1366 2958 1466 3010 fuit
1490 2958 1580 3012 illa
1611 2960 1770 3015 beata
1803 2962 1967 3030 Ruth,

399 3052 521 3107 quae
553 3041 626 3095 ita
662 3042 853 3101 detulit
898 3047 1076 3101 socrui
1116 3063 1225 3102 suae
1253 3061 1542 3119 veteranae,
1574 3063 1633 3108 ut
1684 3070 1855 3125 usque
1901 3060 1968 3113 ad

398 3143 628 3187 mortem
659 3151 762 3188 non
819 3150 965 3192 esset
1001 3155 1153 3208 passa
1199 3155 1318 3195 eam
1379 3144 1710 3214 relinquere.
1764 3147 1969 3205 Idcirco

396 3238 530 3278 sane
560 3226 612 3278 in
660 3226 938 3297 Scriptura
997 3233 1047 3285 in
1099 3245 1356 3304 perpetuo
1391 3240 1786 3307 magniﬁcatur,
1828 3245 1970 3314 apud

398 3315 565 3368 Deum
597 3332 724 3373 vero
758 3320 810 3373 in
844 3321 1053 3376 inﬁnita
1086 3326 1283 3380 saecula
1315 3330 1679 3396 beatiﬁcatur,
1703 3334 1969 3403 judicabit

396 3406 748 3465 nihilominus
788 3423 954 3483 atque
1008 3418 1391 3474 condemnabit
1452 3422 1505 3475 in
1571 3428 1969 3483 resurrectione

392 3514 584 3557 omnes
637 3504 902 3575 malignas
931 3515 985 3561 et
1029 3508 1221 3576 impias
1275 3528 1462 3578 nurus,
1500 3532 1619 3583 qua:
1651 3519 1854 3574 soceris
1883 3520 1968 3573 vel

392 3594 643 3649 socribus
670 3597 782 3652 suis
815 3601 1199 3654 contumeliam
1228 3604 1309 3658 vel
1336 3605 1585 3674 injuriam
1619 3610 1965 3679 ingesserint,

392 3696 498 3737 non
532 3688 945 3745 reminiscentes
974 3695 1116 3761 quod
1152 3695 1249 3764 ipsi
1282 3697 1360 3750 eis
1387 3699 1530 3754 viros
1563 3704 1850 3769 genuerint
1880 3717 1965 3758 at-

390 3788 496 3842 que
536 3779 849 3847 nutrierint,
883 3792 937 3837 et
977 3800 1073 3854 pro
1102 3789 1403 3843 substantia
1452 3800 1508 3846 et
1548 3808 1646 3861 pro
1678 3796 1820 3851 victu
1861 3798 1967 3855 illis

390 3866 634 3923 laborem
670 3875 1046 3943 acquisierint.
1078 3878 1133 3933 Si
1181 3879 1344 3950 igitur
1378 3882 1551 3953 diligis
1577 3887 1751 3941 virum
1789 3898 1962 3955 tuum,

389 3971 425 4013 o
455 3960 672 4026 mulier,
698 3964 858 4034 dilige
878 3976 933 4021 et
966 3983 1060 4023 eos
1084 3971 1175 4039 qui
1200 3983 1500 4039 genuerunt
1526 3990 1647 4029 eum
1667 3988 1720 4030 et
1752 3980 1965 4034 nutrie-

389 4062 517 4107 rttnt
546 4054 652 4109 sibi
694 4057 886 4124 ﬁlium,
918 4062 1011 4115 tibi
1065 4074 1190 4118 vero
1234 4066 1511 4120 maritum.
1545 4067 1662 4123 Noli
1708 4086 1965 4141 separare

386 4147 557 4203 ﬁlium
590 4164 619 4202 a
653 4159 807 4218 patre
839 4154 921 4208 vel
950 4166 1146 4210 matre.
1179 4156 1295 4211 Noli
1327 4160 1651 4229 compellere
1679 4163 1846 4218 ﬁlium
1870 4183 1964 4235 pa-

383 4249 521 4295 trem
558 4251 650 4294 aut
686 4252 912 4298 matrem
950 4248 1295 4313 inlionorare,
1336 4266 1401 4304 ne
1454 4252 1508 4305 in
1556 4257 1962 4314 condemnatio-

384 4347 506 4386 nem
540 4333 748 4390 incidas
784 4339 925 4406 apud
956 4339 1248 4395 Dominum
1286 4342 1450 4397 Deum
1484 4345 1536 4399 in
1574 4347 1660 4403 die
1700 4350 1961 4407 terribilis

2105 488 2246 555 quod
2286 487 2531 557 religioso
2560 485 2817 554 religiosi,
2844 496 2897 541 et
2932 497 3121 542 sancto
3163 491 3374 555 sancti,
3412 501 3466 542 et
3528 491 3670 544 bono

2103 590 2227 632 sunt
2247 580 2394 644 boni,
2426 580 2562 634 sicut
2590 589 2644 633 et
2680 580 2731 632 in
2758 580 2921 647 priori
2947 580 3357 636 demonstravit.
3383 581 3516 636 Nam
3542 599 3668 636 cum

2102 681 2290 726 sancta
2331 681 2477 726 esset
2506 672 2655 725 radix
2678 712 2693 734 ,
2720 673 2889 725 sancti
2916 683 3207 727 creverunt
3232 683 3286 727 et
3308 674 3465 734 rami.
3496 684 3661 741 atque

2102 763 2257 818 home
2279 773 2483 818 exortae
2512 770 2639 818 sunt
2665 764 3011 833 propagines.
3038 765 3171 819 Cum
3206 768 3519 819 memoratis
3549 768 3667 819 istis

2101 864 2305 926 septem
2336 855 2461 910 ﬁliis
2478 854 2579 910 .Iob
2627 854 2923 909 fueruntet
2947 864 3055 911 tres
3077 856 3217 912 ﬁliae.
3243 855 3410 911 Erant
3436 873 3671 928 namque

2100 958 2154 1001 et
2186 949 2315 1015 ipsa
2356 947 2477 1001 ﬁliae
2507 947 2636 1017 ipsis
2679 947 2806 1000 ﬁliis
2845 947 3120 1010 similiter,
3164 957 3350 1017 utpote
3390 948 3515 1003 ﬁliae
3541 949 3668 1014 Job,

2102 1048 2264 1109 atque
2287 1039 2403 1109 ejus
2442 1038 2673 1092 ﬁliorum
2698 1054 2921 1093 suorum
2953 1053 3082 1093 vero
3114 1054 3492 1109 germanorum
3522 1054 3669 1098 certe

2099 1144 2314 1185 sorores
2347 1130 2400 1182 in
2428 1129 2572 1183 omni
2604 1129 2742 1183 bona
2778 1130 3151 1199 religiositate.
3198 1130 3311 1186 Nisi
3345 1133 3489 1186 enim
3538 1135 3668 1202 ipsa:

2099 1237 2284 1277 eorum
2313 1235 2532 1276 sorores
2559 1221 2691 1275 tales
2722 1222 3082 1285 exstitissent,
3118 1238 3220 1277 non
3252 1225 3435 1293 utique
3462 1226 3667 1293 pariter

2098 1328 2219 1370 cum
2247 1315 2522 1379 germanis
2550 1314 2663 1367 suis
2692 1328 2906 1381 semper
2936 1312 3169 1368 fuissent
3189 1355 3202 1377 ,
3235 1316 3378 1369 sicut
3408 1317 3461 1368 in
3495 1318 3666 1385 priori

2097 1405 2214 1459 haec
2244 1404 2526 1472 Scriptura
2560 1405 2973 1459 demonstravit.
3008 1405 3112 1460 Sed
3134 1407 3308 1461 adhuc
3339 1407 3555 1461 luerunt
3589 1408 3665 1462 illi

2097 1504 2303 1562 septem
2338 1494 2432 1547 ﬁlii
2476 1502 2529 1549 et
2564 1504 2674 1548 tres
2709 1495 2870 1560 tiliae,
2932 1511 3160 1549 numero
3209 1499 3425 1563 decem,
3481 1498 3667 1552 animo

2098 1600 2226 1640 vero
2254 1601 2392 1639 unus
2418 1594 2595 1642 erant.
2630 1584 2869 1640 Numero
2904 1586 3120 1655 plurimi
3162 1598 3351 1655 erant;
3396 1603 3665 1644 consensu

2097 1686 2278 1730 autem
2335 1685 2497 1745 atque
2545 1678 2837 1733 concordia
2872 1679 3025 1748 quasi
3074 1695 3256 1746 unus;
3307 1681 3665 1736 unanimitate

2096 1778 2261 1838 atque
2294 1769 2584 1824 dilectione
2608 1770 2759 1838 quasi
2794 1772 2953 1825 idem.
3006 1769 3125 1824 Non
3162 1773 3451 1839 separabat
3481 1783 3663 1827 autem

2092 1876 2187 1915 eos
2218 1861 2388 1926 zelus,
2418 1877 2523 1916 non
2553 1863 2878 1918 dissociabat
2908 1879 3002 1918 eos
3030 1864 3251 1928 invidia,
3284 1866 3423 1919 sicut
3453 1866 3664 1933 pridem

2091 1951 2291 2007 fratres
2316 1951 2537 2021 Joseph.
2565 1953 2781 2020 Quare?
2824 1953 2960 2020 Quia
2999 1970 3104 2009 non
3149 1965 3335 2009 exorta
3382 1966 3463 2011 est
3498 1957 3549 2009 in
3580 1958 3663 2010 eis

2090 2043 2471 2112 praevaricatio
2492 2084 2505 2107 ,
2547 2057 2726 2113 neque
2754 2045 3156 2114 coinquinatio,
3191 2047 3329 2099 sicut
3364 2047 3417 2099 in
3448 2047 3660 2109 Ruben,

2089 2148 2267 2205 neque
2299 2135 2449 2191 furor
2476 2137 2830 2204 interliciens,
2856 2139 2996 2193 sicut
3024 2139 3076 2193 in
3102 2138 3319 2194 Simeon
3342 2149 3397 2194 et
3424 2141 3475 2193 in
3507 2140 3660 2204 Levi,

2087 2240 2263 2297 neque
2290 2227 2471 2281 odium
2503 2226 2758 2283 fraterna:
2800 2228 3220 2292 maledictionis,
3248 2230 3389 2284 sicut
3423 2230 3474 2283 in
3501 2239 3665 2283 certeL

2088 2322 2163 2375 ris
2195 2320 2320 2375 ﬁliis
2352 2319 2520 2375 Jacob
2550 2334 2566 2373 :
2594 2321 2690 2375 sed
2720 2332 2878 2376 erant
2919 2336 3106 2377 omnes
3141 2324 3428 2376 unanimes
3460 2323 3661 2390 inpie-

2086 2420 2219 2477 tate,
2260 2412 2471 2482 paciliei
2519 2413 2571 2465 in
2610 2412 2819 2480 iustitia
2870 2419 3033 2481 atque
3066 2429 3119 2467 tn
3158 2414 3249 2468 Dei
3286 2414 3481 2467 timore
3520 2426 3655 2466 conr

2082 2506 2298 2572 cordes,
2356 2512 2541 2574 utpote
2601 2503 2704 2561 Job
2758 2506 2878 2571 ﬁlii,
2947 2518 3001 2561 et
3046 2522 3153 2561 non
3197 2516 3453 2573 tanquam
3506 2504 3654 2559 Esau

2084 2608 2325 2667 nepotes.
2362 2598 2504 2652 Esau
2535 2600 2679 2653 enim
2724 2614 2845 2653 cum
2878 2614 3042 2653 unum
3078 2598 3302 2654 suﬁ'erre
3336 2614 3440 2655 non
3472 2608 3656 2668 posset

2082 2705 2398 2759 germanum
2427 2691 2648 2745 fratrem
2682 2689 2873 2756 Jacob,
2913 2690 3216 2745 interﬁcere
3238 2707 3356 2745 eum
3374 2690 3650 2760 quaesivit.

2081 2784 2300 2855 Septem
2334 2800 2465 2840 vero
2515 2785 2609 2840 ﬁlii
2649 2784 2749 2840 Job
2791 2795 2847 2840 et
2896 2795 3010 2840 tres
3062 2784 3185 2838 ﬁliae
3238 2795 3490 2852 tanquam
3543 2799 3653 2836 una

2080 2878 2259 2931 anima
2288 2877 2505 2931 indivisi
2532 2878 2894 2931 convixerunt
2919 2878 2972 2932 in
3007 2877 3246 2940 unitate,
3283 2886 3337 2929 et
3371 2885 3520 2927 tanta
3551 2875 3659 2928 fuit

2079 2968 2411 3021 unanimitas
2432 2967 2779 3022 laudabilium
2801 2967 3033 3021 ﬁliorum
3055 2963 3179 3031 Job,
3204 2971 3261 3017 ut
3307 2973 3361 3017 et
3384 2964 3658 3030 malignus

2079 3070 2242 3131 atque
2269 3061 2482 3117 invidus
2506 3062 2715 3116 daemon
2752 3061 2964 3115 facilius
2992 3074 3182 3114 omnes
3220 3059 3424 3128 pariter
3451 3056 3656 3111 indivi-

2078 3167 2173 3208 sos
2227 3153 2567 3217 interﬁcere,
2613 3167 2779 3221 quam
2839 3151 3082 3205 dividere
3138 3160 3300 3219 atque
3352 3149 3658 3204 dissociare

2072 3245 2363 3314 benignam
2394 3254 2557 3315 atque
2584 3260 2770 3300 veram
2796 3260 2983 3299 eorum
3010 3244 3417 3299 unanimitatem
3444 3253 3653 3313 posset.

2070 3338 2267 3392 Audite
2308 3338 2440 3403 haec,
2500 3352 2532 3392 ο
2595 3337 2691 3391 ﬁlii
2734 3338 3142 3407 religiosorum,
3202 3337 3384 3390 audite
3429 3336 3564 3401 haec,
3620 3352 3655 3391 ο

2069 3432 2183 3485 nati
2213 3431 2484 3497 lidelium,
2519 3430 2701 3485 audite
2746 3439 2799 3484 et
2837 3429 3125 3483 imitamini
3160 3429 3373 3497 piorum
3415 3427 3652 3480 fratrum

2070 3524 2484 3578 unanimitatem
2507 3564 2522 3587 ,
2559 3523 2649 3591 qui
2699 3523 2812 3576 veri
2857 3522 3124 3575 veraciter
3159 3521 3212 3574 in
3246 3520 3355 3573 vita
3388 3536 3485 3573 sua
3512 3520 3658 3573 indi-

2068 3616 2169 3669 visi
2204 3614 2454 3683 fuerunt,
2485 3627 2541 3670 et
2574 3616 2627 3668 in
2680 3623 2853 3669 morte
2894 3628 2987 3669 sua
3027 3628 3135 3668 non
3182 3621 3310 3667 sunt
3344 3612 3653 3666 dissociati.

2068 3704 2185 3759 Non
2226 3705 2301 3760 sit
2345 3706 2489 3760 inter
2543 3720 2840 3775 germanos
2893 3705 2981 3770 lis,
3020 3705 3113 3759 sed
3148 3704 3457 3771 benignitas
3484 3712 3655 3773 atque

2069 3796 2381 3851 concordia.
2434 3793 2553 3849 Non
2593 3795 2663 3850 sit
2702 3794 2846 3850 inter
2890 3794 3091 3849 l‘ratres
3132 3794 3440 3858 contentio,
3474 3810 3655 3863 neque

2068 3888 2384 3955 divortium,
2416 3887 2508 3942 sed
2544 3902 2647 3956 pax
2697 3896 2753 3941 et
2799 3888 3164 3951 unanimitas,
3201 3889 3295 3942 sed
3357 3888 3654 3941 sinceritas

2068 3988 2231 4047 atque
2279 3980 2507 4047 puritas.
2575 3977 2693 4031 Non
2752 3978 3095 4033 subintroeat
3146 3978 3493 4033 adversarius
3550 3994 3651 4048 per

2068 4071 2333 4127 malorum
2375 4070 2656 4125 hominum
2702 4084 2835 4134 ora,
2884 4084 2993 4126 non
3042 4070 3326 4140 perturbet
3375 4070 3651 4141 malignus

2066 4179 2163 4234 per
2189 4178 2301 4217 suae
2341 4162 2603 4231 nequitia:
2635 4162 2916 4217 ministros
2953 4163 3055 4231 pia:
3098 4162 3475 4231 germanitatis
3515 4178 3651 4217 con-

2063 4257 2330 4311 cordiam.
2366 4255 2517 4310 Multi
2544 4257 2764 4311 fuerunt
2792 4255 2889 4311 ﬁlii
2924 4256 3088 4311 David
3113 4256 3262 4322 olim,
3293 4272 3416 4311 cum
3450 4258 3649 4311 adver-

2065 4363 2159 4403 sus
2208 4364 2267 4402 se
2301 4349 2529 4403 invicem
2576 4350 3044 4417 insurrexissent,
3104 4358 3267 4419 atque
3315 4353 3455 4418 patri
3493 4350 3649 4419 justo

382 4425 753 4495 inquisitionis
792 4439 952 4498 atque
987 4430 1200 4500 judicii.
1235 4434 1481 4490 Sulliciat
1522 4438 1638 4507 tibi,
1674 4455 1707 4495 o
1734 4443 1953 4509 mulier,
1987 4456 2031 4510 ι)
2063 4441 2289 4497 rebelles
2319 4443 2677 4506 exstitissent,
2709 4443 2886 4497 Amor:
2911 4452 2966 4495 et
2998 4443 3262 4509 Absalon,
3294 4454 3349 4500 et
3377 4445 3643 4511 Adonias,

380 4518 507 4589 quia
534 4520 781 4590 possides
806 4521 981 4575 virum
1011 4539 1170 4591 quem
1206 4541 1311 4580 non
1342 4528 1581 4593 nutristi,
1614 4538 1670 4585 et
1708 4533 1961 4588 substan-

380 4608 510 4664 tiam
568 4625 729 4680 quam
783 4627 886 4665 non
943 4614 1242 4682 acquisisti,
1294 4618 1418 4685 quia
1458 4620 1609 4675 venis
1642 4621 1694 4675 in
1740 4623 1957 4680 domum

378 4712 541 4771 quam
578 4717 683 4756 non
712 4704 990 4759 aediﬁcasti
1024 4715 1079 4761 et
1106 4709 1217 4763 eris
1247 4709 1488 4777 domina,
1521 4725 1684 4780 atque
1713 4727 1955 4783 potesta-

376 4806 487 4850 tem
520 4795 688 4850 habes
734 4795 979 4850 laborum
1025 4799 1347 4865 alienorum,
1381 4818 1477 4870 pro
1509 4806 1706 4874 quibus
1735 4817 1794 4861 lu
1835 4811 1953 4863 nul-

375 4883 590 4938 latenus
619 4884 896 4940 laborasti.
930 4887 1046 4942 Noli
1092 4906 1190 4960 ego
1223 4895 1525 4950 retribuere
1554 4896 1695 4951 mala
1742 4899 1828 4956 his
1856 4905 1949 4972 qui

376 4978 474 5033 tibi
508 4989 952 5047 praeparaverunt
984 4990 1147 5049 atque
1192 4998 1292 5037 suo
1338 4984 1524 5039 labore
1573 4988 1951 5058 acquisierunt

371 5071 580 5138 omnia,
619 5071 736 5125 sive
778 5071 976 5137 virum,
1012 5072 1128 5127 sive
1159 5074 1552 5143 substantiam,
1590 5079 1706 5134 sive
1737 5095 1949 5136 resum-

371 5162 682 5233 ptiouem,o
712 5162 923 5229 mulier,
947 5181 1012 5220 ne
1035 5168 1289 5220 ascendat
1310 5182 1470 5236 super
1504 5180 1555 5224 te
1576 5171 1889 5228 maledictio
1920 5190 1949 5228 a

370 5256 598 5318 Domino
626 5257 754 5312 Deo.
794 5257 900 5313 Sed
936 5260 1051 5314 haec
1094 5275 1259 5329 pauca
1303 5276 1399 5326 per
1442 5265 1782 5319 occasionem
1816 5267 1949 5322 ﬁlio-

368 5363 489 5407 rum
512 5347 614 5405 Job
648 5364 676 5403 a
707 5349 866 5406 nobis
898 5361 1027 5405 sunt
1056 5352 1196 5406 dicta
1217 5368 1313 5422 pro
1344 5355 1814 5409 commendatione
1850 5374 1949 5410 nu-

366 5457 548 5508 ruum,
600 5443 666 5497 ad
700 5446 1102 5513 correptionem
1159 5460 1289 5501 vero
1335 5456 1387 5500 et
1436 5448 1945 5507 condemnationem

366 5536 627 5595 malarum
660 5544 714 5593 et
767 5538 1055 5593 impiarum
1101 5550 1264 5608 atque
1321 5539 1616 5599 crudelium
1672 5546 1940 5601 oumium.

437 5693 483 5735 ⁸⁸
516 5694 651 5756 Gen.
690 5712 740 5763 v,
770 5697 855 5754 10.
938 5701 980 5731 ’9
1008 5699 1106 5755 Job
1139 5718 1177 5767 ι,
1209 5700 1261 5762 2.

2062 4536 2153 4605 qui
2185 4535 2364 4589 adhuc
2394 4536 2515 4590 vivo
2552 4535 2806 4605 religioso
2845 4546 3020 4605 patre,
3056 4537 3218 4607 impie
3243 4548 3409 4607 atque
3443 4539 3645 4606 injuste

2061 4641 2283 4694 regnum
2339 4626 2457 4696 ejus
2500 4642 2776 4695 occupare
2822 4637 2990 4697 atque
3036 4638 3229 4697 rapere
3270 4639 3637 4685 tentaverunt.

2057 4716 2193 4773 Natu
2220 4734 2343 4773 cum
2378 4730 2564 4775 essent
2597 4720 2847 4775 scelerati
2881 4730 3043 4791 atque
3075 4722 3290 4791 iujusti,
3321 4724 3373 4776 in
3410 4725 3640 4777 damna-

2059 4813 2259 4866 tionem
2286 4820 2449 4881 atque
2484 4813 2537 4866 in
2580 4813 2861 4867 interitum
2895 4813 3038 4882 juste
3070 4830 3098 4868 a
3140 4815 3251 4869 Deo
3274 4826 3399 4869 sunt
3428 4817 3637 4870 traditi.

2057 4901 2162 4957 Sed
2201 4918 2307 4957 non
2346 4903 2479 4959 tales
2518 4904 2737 4962 luerunt
2765 4906 2848 4959 vel
2880 4908 3217 4963 exstiterunt
3246 4916 3452 4977 septem
3492 4909 3639 4964 beati

2054 4992 2155 5048 JOb
2178 4991 2296 5058 ﬁlii,
2341 4995 2433 5049 sed
2462 5005 2719 5065 tanquam
2761 5010 2969 5067 septem
2996 4998 3113 5052 dies
3144 4998 3385 5063 indivisi,
3429 5008 3481 5054 et
3517 5007 3639 5053 tan-

2055 5098 2214 5153 quam
2250 5085 2585 5140 hebdomada
2620 5087 2978 5143 indissociati.
3007 5086 3123 5143 Non
3160 5098 3513 5143 certaverunt
3536 5105 3637 5158 pro

2056 5174 2347 5245 elegantia,
2406 5191 2512 5230 non
2560 5176 2915 5247 litigaverunt
2974 5193 3075 5247 pro
3128 5178 3487 5243 fortitudine,
3527 5195 3632 5235 non

2057 5268 2456 5323 contenderunt
2489 5286 2585 5339 pro
2620 5272 2858 5337 divitiis,
2898 5287 3001 5326 non
3044 5284 3172 5329 sunt
3195 5275 3503 5328 conturbati
3534 5289 3634 5341 pro

2058 5376 2241 5432 regno,
2296 5363 2388 5416 sed
2425 5378 2546 5417 cum
2590 5375 2775 5418 essent
2820 5363 3129 5428 unanimes,
3185 5376 3380 5419 cuncta
3413 5365 3633 5435 propria

2054 5454 2287 5508 invicem
2332 5455 2435 5509 sibi
2472 5456 2819 5511 aestimabant
2852 5457 3185 5511 communia.
3236 5455 3366 5509 Erat
3396 5471 3635 5526 namque

2054 5563 2183 5603 vere
2206 5561 2297 5602 cor
2322 5561 2509 5604 eorum
2540 5564 2592 5606 et
2613 5551 2791 5609 anima
2817 5567 2940 5611 una.
2968 5549 3257 5621 Propterea
3276 5566 3399 5605 cum
3426 5549 3633 5605 sanctis
