3880 6212
297 284 413 341 585

1404 279 1788 338 .tNONYuvs
1823 253 1891 334 1N
1930 277 2068 336 JOB.
2107 313 2177 323 _
2213 272 2341 341 LIB.
2384 283 2423 338 ι.

3447 292 3551 346 586

302 401 357 453 in
408 407 674 469 perpetuo
712 400 1084 465 nominantur,
1138 408 1423 470 pr0pterea
1475 415 1596 454 cum
1628 400 1794 471 justis
1829 401 1881 454 in
1909 404 1958 463 Α
1988 402 2350 469 saurizarent,
2394 412 2655 475 quantum
2708 406 2761 461 in
2808 406 3097 476 pecoribus
3138 417 3195 463 et
3225 409 3281 462 in
3313 413 3554 480 quadru-

297 502 571 546 seternum
605 493 993 562 requiescunt,
1017 501 1304 560 propterea
1336 506 1458 545 cum
1491 492 1698 562 angelis
1731 492 1882 547 inde-

299 584 560 638 ﬁcienter
587 584 979 639 laudabuntur.
1012 583 1088 639 De
1126 584 1245 638 istis
1276 598 1407 655 ergo
1434 585 1565 638 dicit
1594 602 1606 636 :
1637 582 1881 638 Fuerunt

296 677 382 729 illi
432 686 626 745 septem
661 675 783 743 ﬁlii,
818 686 867 729 et
904 676 1034 743 ﬁlia:
1058 685 1183 729 tres.
1230 674 1366 731 Tres
1418 686 1673 746 tanquam
1726 676 1878 741 ﬁdes,

296 781 449 836 spes,
477 768 757 832 charitas,
788 776 1042 835 tanquam
1074 784 1273 835 corpus
1302 778 1357 823 et
1397 770 1579 823 anima
1624 777 1680 822 et
1710 769 1877 838 spiri-

296 866 411 922 tus,
444 859 715 921 indivisa,
747 858 1133 926 indissociatae,
1170 860 1541 913 intaminataa.
1587 860 1720 914 Nam
1750 859 1878 929 quia

301 950 491 1011 tidem,
524 964 673 1017 spem
702 957 757 1002 et
784 950 1109 1003 charitatem
1129 951 1273 1005 circa
1308 950 1473 1006 Deum
1498 963 1878 1017 servaverunt,

300 1051 591 1108 pr0pterea
605 1051 660 1095 et
677 1055 897 1110 corpus,
914 1052 966 1095 et
991 1042 1249 1105 animam,
1268 1052 1322 1095 et
1339 1044 1587 1111 spiritum
1610 1043 1877 1099 illibatum

297 1134 703 1187 custodierunt.
738 1132 868 1188 Post
910 1147 1141 1203 quorum
1184 1135 1423 1188 omnium
1458 1136 1877 1206 disputationem

296 1238 465 1294 atque
480 1226 860 1297 lostensionem
902 1225 1167 1295 adjiciens
1197 1228 1371 1282 dicit:
1406 1228 1475 1282 Et
1515 1240 1665 1284 erant
1690 1247 1879 1298 pecora

293 1317 414 1386 ejus
436 1319 606 1371 ovium
630 1326 823 1385 septem
846 1320 1038 1382 millia,
1053 1323 1348 1375 secundum
1371 1337 1654 1376 numerum
1672 1331 1877 1391 septem

298 1408 567 1470 ﬁliorum;
609 1408 800 1463 cameli
829 1412 934 1461 tria
966 1410 1136 1464 millia
1162 1412 1228 1478 ⁸⁸,
1258 1414 1557 1466 secundum
1592 1428 1876 1469 numerum

300 1501 466 1553 trimn
522 1501 781 1556 ﬁliarum.
837 1500 1008 1556 Simul
1044 1518 1231 1559 omnes
1288 1504 1451 1560 liberi
1491 1506 1608 1576 ejus
1653 1508 1874 1572 decem,

297 1593 559 1647 similiter
586 1595 772 1647 omnia
801 1597 1008 1664 pariter
1043 1596 1157 1650 haec
1186 1596 1349 1651 millia
1392 1598 1603 1654 decem.
1655 1599 1877 1670 Septem

300 1686 451 1747 ﬁliis,
485 1696 689 1755 septem
722 1687 884 1742 millia
918 1690 1138 1755 ovium;
1186 1698 1240 1744 et
1274 1692 1448 1747 tribus
1476 1693 1693 1748 ﬁliabus
1718 1734 1734 1759 ,
1772 1695 1874 1747 tria

1985 494 2233 562 pedibus.
2259 496 2379 550 Non
2411 497 2556 553 enim
2590 506 2747 552 erant
2769 498 2845 553 ita
2882 502 2999 553 auri
3044 501 3375 571 expetitores
3413 505 3557 559 sicut

1983 596 2171 637 sumus
2207 599 2397 639 omnes
2429 599 2549 649 nos,
2588 600 2692 639 non
2727 585 3081 643 intendebant
3122 598 3243 658 post
3274 606 3465 645 aurum
3501 604 3556 648 et

1983 684 2266 741 argentum
2308 674 2386 728 illi
2421 684 2547 729 tunc
2574 686 2839 744 quantum
2874 692 2972 733 nos
3005 690 3149 734 nunc
3195 680 3554 738 intendimus.

1980 765 2138 821 Nunc
2163 769 2405 821 omnium
2442 776 2685 821 nostrum
2714 769 2927 825 animus
2959 781 3081 840 post
3117 787 3309 828 aurum
3339 774 3555 831 detine-

1984 864 2071 910 tur
2093 868 2257 927 atque
2288 868 2578 928 argentum
2608 859 2802 924 inhiat,
2838 869 2894 915 et
2923 862 3058 916 nihil
3089 872 3279 932 putant
3305 865 3554 922 homines

1980 964 2127 1004 nunc
2168 964 2267 1019 pro
2296 951 2503 1005 divitiis
2554 952 2654 1006 nisi
2711 953 2882 1007 solum
2919 969 3110 1008 aurum
3144 967 3200 1011 et
3237 969 3548 1027 argentum.

1980 1039 2134 1095 Nunc
2186 1042 2331 1095 enim
2384 1052 2509 1098 sunt
2553 1044 2845 1113 adimpleta
2904 1053 3144 1116 tempora
3197 1048 3286 1102 illa
3328 1066 3449 1119 quae
3486 1054 3554 1107 de

1981 1131 2142 1202 longe
2195 1133 2484 1201 designans
2536 1134 2827 1204 Apostolus
2887 1138 3018 1192 dicit
3064 1155 3078 1191 ε
3124 1138 3192 1194 In
3256 1144 3551 1197 novissimis

1978 1222 2161 1275 diebus
2191 1224 2469 1277 advenient
2509 1225 2637 1277 anni
2672 1227 2989 1293 periculosi,
3031 1238 3078 1283 et
3124 1240 3271 1283 erunt
3314 1232 3553 1287 homines

1977 1316 2173 1383 seipsos
2190 1314 2481 1384 diligentes,
2509 1317 2687 1385 cupidi
2726 1314 2793 1384 ⁸¹,
2819 1330 2875 1374 et
2908 1330 3103 1375 caetera
3143 1323 3392 1379 universa
3429 1340 3553 1394 qua:

1980 1420 2121 1460 nunc
2167 1407 2219 1460 in
2270 1407 2578 1462 hominibus
2614 1409 2856 1465 videmus
2895 1411 3104 1481 impleri
3144 1414 3350 1468 omnia.
3414 1417 3551 1471 Nam

1977 1497 2103 1565 quia
2144 1497 2197 1550 in
2233 1496 2339 1552 ﬁne
2380 1509 2463 1552 est
2486 1497 2596 1566 jam
2634 1500 2723 1554 hic
2754 1502 3017 1567 mundus,
3055 1513 3109 1558 et
3158 1518 3405 1563 mortuus
3464 1520 3550 1566 est

1972 1589 2086 1660 jam
2114 1604 2412 1660 properans
2443 1592 2511 1646 ad
2536 1590 2827 1657 defectum,
2857 1593 3062 1650 idcirco
3082 1612 3232 1651 mens
3262 1598 3544 1657 hominum

1980 1680 2153 1734 inhiat
2200 1681 2253 1735 in
2295 1683 2378 1736 his
2421 1698 2541 1753 qua:
2578 1694 2792 1738 mortua
2827 1694 2985 1751 sunt,
3037 1702 3160 1742 cum
3197 1689 3342 1746 sicut
3375 1692 3547 1750 stellae

298 1778 469 1832 millia
496 1779 865 1848 camelorum;
915 1782 1142 1852 singulis
1175 1783 1298 1838 liliis
1326 1786 1673 1855 appropriate
1701 1785 1866 1840 mille.

1977 1771 2247 1827 inutiliter
2274 1772 2666 1839 reconduntur,
2700 1786 2869 1844 atque
2908 1777 3372 1837 thesaurizantur.
3402 1782 3546 1840 Olim

297 1863 378 1919 lta
416 1866 524 1922 Deo
562 1869 874 1935 ordinante,
902 1880 1067 1940 atque
1102 1880 1256 1940 patre
1283 1873 1354 1926 ita
1385 1884 1507 1942 post
1532 1875 1873 1943 disponente,

298 1955 352 2008 in
391 1964 634 2026 tempore
662 1961 1155 2015 consummationis
1194 1962 1439 2017 dividant
1477 1964 1873 2020 hereditatem.

300 2044 357 2098 ln
420 2056 662 2117 tempore
709 2064 839 2105 vero
884 2050 1011 2106 vitae
1065 2052 1204 2106 sicut
1260 2054 1461 2122 cogitat
1504 2055 1573 2109 de
1624 2057 1875 2111 omnibus

301 2149 478 2204 pater,
521 2141 592 2195 ita
637 2151 692 2197 et
729 2151 1055 2211 potestatem
1104 2144 1269 2198 habet
1312 2157 1467 2215 pater
1494 2147 1547 2201 in
1570 2149 1871 2205 omnibus:

299 2229 444 2281 sicut
476 2246 663 2288 curam
703 2236 843 2303 gerit
874 2236 942 2291 de
993 2236 1286 2302 universis,
1339 2239 1415 2294 ita
1466 2248 1522 2295 et
1567 2241 1877 2296 dominatur

302 2321 533 2374 cunctis.
562 2321 767 2379 Deinde
801 2327 977 2381 adhuc
1011 2328 1141 2398 juga
1172 2330 1333 2384 boum
1368 2331 1663 2401 quingenta
1684 2339 1737 2386 et
1765 2332 1875 2386 asi-

300 2425 384 2464 me
435 2416 687 2480 pastoriae.
727 2419 1053 2488 quingentae.
1108 2430 1340 2492 utraque
1383 2424 1643 2479 similiter
1698 2425 1867 2480 mille.

300 2500 694 2560 Ordinabiliter
742 2512 905 2564 etiam
953 2514 1055 2567 hoc
1088 2555 1103 2578 ,
1154 2525 1319 2584 atque
1367 2526 1490 2583 apte
1535 2516 1766 2586 singulis
1807 2520 1873 2572 de

303 2594 489 2650 decem
530 2599 657 2654 liliis
690 2602 1080 2674 quinquaginta
1117 2606 1248 2677 juga
1281 2609 1440 2662 boum
1461 2648 1477 2675 ,
1515 2618 1569 2663 et
1600 2610 1871 2679 quinqua-

301 2687 448 2757 ginta
479 2692 666 2746 asinae.
699 2692 891 2749 Omnia
935 2712 1066 2753 sane
1093 2701 1262 2770 patris
1293 2710 1415 2755 sunt
1445 2702 1510 2754 ad
1552 2702 1867 2771 regendum,

301 2778 368 2829 ad
413 2779 845 2851 gubernandum,
898 2787 963 2841 ad
1016 2790 1439 2855 intendendum,
1488 2803 1541 2848 et
1598 2809 1767 2863 usque
1816 2796 1870 2849 iu

299 2866 463 2923 ﬁnem
509 2871 635 2926 vitae
665 2889 776 2928 suae
805 2879 1189 2943 possidendum
1218 2923 1232 2947 ,
1281 2893 1402 2952 post
1457 2886 1699 2954 requiem
1742 2902 1869 2942 vero

298 2961 470 3028 patris
504 2964 883 3022 ordinabiliter
909 2980 1199 3040 supputata
1232 2974 1389 3043 juxta
1416 2991 1698 3030 numerum
1731 2976 1869 3030 ﬁlio—

300 3068 440 3109 rum.
474 3056 584 3111 Sed
618 3057 795 3113 adhuc
827 3072 983 3117 erant
1012 3077 1205 3131 pecora
1235 3066 1372 3134 ejus.
1425 3066 1617 3122 Omnia
1662 3068 1867 3138 pariter

297 3158 496 3213 pecora
519 3148 770 3217 appellat,
798 3152 913 3207 sive
936 3168 1085 3219 oves,
1112 3155 1227 3210 sive
1256 3155 1444 3222 boves,
1471 3157 1583 3212 sive
1610 3158 1864 3226 camelos,

299 3235 414 3290 sive
434 3239 642 3306 asinos,
669 3242 920 3298 universa
948 3260 1142 3314 pecora
1166 3257 1465 3317 nuncupat,
1502 3251 1627 3319 quia
1651 3252 1866 3307 diversa

299 3331 599 3394 peculiaria
628 3345 789 3405 atque
819 3338 969 3392 utilia
1017 3340 1237 3394 fuerunt
1274 3342 1584 3399 hominibus
1626 3354 1680 3398 et
1714 3353 1863 3408 sunt,

297 3432 352 3476 et
380 3421 505 3477 istis
536 3428 629 3494 qui
661 3442 809 3483 nunc
838 3440 996 3497 sunt,
1029 3444 1083 3487 et
1120 3433 1225 3488 illis
1259 3433 1350 3502 qui
1382 3443 1509 3490 tunc
1547 3436 1767 3491 fuerunt
1812 3444 1868 3492 et

298 3513 398 3582 ipsi
426 3516 585 3571 beato
606 3516 792 3573 Jacob.
824 3519 965 3577 Oves
989 3524 1208 3591 quidem
1228 3525 1383 3592 vivae,
1412 3541 1510 3597 pro
1541 3526 1681 3582 lacte
1703 3536 1866 3596 atque

298 3604 435 3662 lana:
468 3611 668 3664 vestitu
698 3628 713 3664 :
748 3613 944 3669 occisa:
996 3630 1128 3671 vero
1174 3634 1274 3687 pro
1310 3634 1437 3675 esca
1489 3629 1651 3690 atque
1678 3622 1865 3676 carnis

297 3701 653 3756 eomestione.
688 3703 952 3759 Similiter
978 3706 1145 3763 boves
1184 3710 1313 3774 vivi,
1361 3712 1427 3765 ad
1466 3711 1738 3766 culturam
1764 3753 1780 3779 ,
1811 3721 1866 3767 et

298 3794 453 3859 panis
500 3796 984 3864 commoditatem;
1016 3799 1247 3869 jugulati
1296 3817 1447 3869 vero,
1472 3816 1570 3871 pro
1605 3804 1864 3859 carnibus

296 3897 349 3938 et
387 3900 537 3948 esca,
580 3897 741 3955 atque
786 3890 980 3957 pedum
1022 3892 1420 3948 calceamentis.
1450 3893 1650 3948 Cameli
1683 3906 1861 3949 autem

294 3992 394 4046 pro
420 3979 568 4032 omni
595 3995 763 4034 onere
789 3983 1057 4049 portando
1111 3993 1276 4053 atque
1303 3984 1532 4040 levando
1555 3987 1623 4040 de
1650 3986 1864 4056 longin-

296 4079 405 4133 quo
429 4076 482 4120 et
500 4067 565 4120 de
589 4068 857 4135 proximo.
880 4068 1007 4123 Post
1032 4084 1152 4138 quae
1180 4072 1436 4127 universa
1468 4074 1603 4129 asini
1629 4076 1693 4129 ad
1725 4075 1861 4129 levia

296 4158 514 4225 negotia
546 4160 853 4227 peragenda
884 4170 939 4214 et
970 4159 1268 4227 aﬂerenda,
1298 4174 1351 4218 et
1375 4167 1558 4232 eundi,
1586 4176 1639 4219 et
1663 4167 1863 4221 veloci-

298 4257 381 4302 ter
425 4250 706 4305 redeundi.
766 4252 919 4317 Quod
960 4253 1103 4307 enim
1133 4270 1276 4310 nunc
1311 4260 1434 4326 equi
1460 4266 1514 4312 et
1546 4259 1673 4313 muli
1706 4259 1863 4329 perﬁ-

292 4340 463 4405 ciunt,
489 4342 591 4395 hoc
620 4342 969 4399 nihilominus
990 4347 1129 4400 asini
1152 4348 1534 4420 adimplebant,
1558 4352 1858 4419 praesertim

1974 1879 2129 1929 vero,
2193 1875 2379 1935 utpote
2421 1865 2599 1920 adhuc
2648 1867 2939 1937 incipiente
2996 1872 3212 1938 saeculo,
3268 1883 3324 1928 et
3362 1871 3550 1945 utpote

1975 1958 2158 2012 adhuc
2188 1958 2405 2012 vivente
2446 1959 2650 2014 mundo
2690 1960 2815 2025 hoc,
2858 1961 2980 2015 viva
3033 1974 3196 2034 atque
3242 1971 3549 2025 crescentia

1975 2051 2267 2119 cupiebant
2334 2052 2586 2106 homines
2652 2066 2887 2120 pecora,
2957 2058 3329 2126 quadrupedia
3383 2070 3549 2131 atque

1976 2138 2367 2209 agriculturam
2450 2155 2551 2210 pro
2607 2141 2753 2195 victu
2810 2141 3221 2201 fructilicantia.
3289 2148 3550 2205 Sciebant

1974 2246 2208 2301 namque
2235 2233 2376 2300 quod
2404 2246 2593 2286 aurum
2626 2244 2682 2287 et
2724 2248 3011 2305 argentum
3056 2239 3429 2306 reconditum,
3480 2258 3545 2298 ac

1976 2324 2438 2391 thesaurizatum,
2468 2334 2629 2394 atque
2673 2327 2740 2380 ad
2776 2341 2970 2382 usuras
3011 2329 3219 2394 datum,
3263 2344 3546 2400 peccatum

1974 2413 2268 2469 conferret.
2311 2414 2576 2469 Pecorum
2608 2432 2737 2470 vero
2786 2427 2947 2487 atque
2996 2428 3155 2474 terra:
3206 2437 3392 2490 usura,
3438 2425 3546 2481 hoc

1975 2514 2058 2559 est
2089 2519 2346 2573 pecorum
2377 2505 2516 2560 fetus
2561 2506 2950 2576 multiplicatus
2972 2552 2987 2575 ,
3023 2521 3078 2563 et
3115 2511 3325 2569 fructus
3379 2524 3544 2571 terra:

1973 2606 2319 2664 augmentum
2345 2596 2410 2648 ad
2441 2607 2725 2665 peccatum
2755 2613 2863 2652 non
2901 2598 3232 2668 conferrent,
3258 2604 3352 2658 sed
3377 2604 3546 2672 justi-

1974 2686 2125 2740 tiam.
2186 2686 2321 2740 Nam
2380 2688 2644 2743 habentes
2697 2693 2987 2747 nutriunt:
3024 2702 3077 2748 et
3132 2709 3223 2749 eos
3286 2698 3377 2765 qui
3436 2713 3544 2753 non

1970 2777 2283 2845 habuerint,
2317 2795 2439 2833 cum
2478 2782 2546 2835 ab
2576 2782 2661 2837 his
2702 2785 2789 2852 qui
2841 2785 3040 2840 habent
3078 2787 3205 2842 data
3241 2787 3442 2843 fuerint
3475 2804 3543 2843 ac

1972 2872 2283 2938 distributa,
2319 2874 2646 2942 gubernant.
2704 2876 2863 2931 Tales
2905 2893 3038 2946 ergo
3084 2879 3305 2935 divitias
3351 2882 3543 2936 habuit

1972 2960 2262 3016 laudabilis
2298 2963 2386 3017 ille
2411 2962 2534 3028 Job,
2555 2974 2760 3032 castas,
2796 2969 3046 3035 mundas,
3076 2971 3539 3040 incninquiuatas,

1972 3051 2447 3107 incontaminatas.
2484 3055 2558 3108 De
2595 3056 2697 3110 hoc
2753 3073 2988 3128 namque
3045 3062 3248 3116 dictum
3286 3074 3370 3116 est
3416 3065 3539 3129 hoc,

1969 3151 2135 3211 atque
2157 3144 2223 3198 de
2252 3145 2523 3202 similibus
2552 3147 2697 3203 illius
2728 3164 2898 3218 usque
2922 3151 2974 3205 in
3003 3161 3265 3207 aeternum
3301 3172 3314 3208 :
3344 3154 3541 3211 Beatus

1968 3239 2059 3303 qui
2089 3239 2327 3293 inventus
2356 3240 2514 3309 fuerit
2546 3243 2688 3297 dives
2712 3243 2890 3312 justus
2913 3284 2928 3309 ,
2960 3247 3052 3314 qui
3077 3257 3191 3315 post
3217 3265 3407 3301 aurum
3434 3265 3542 3304 non

1967 3330 2352 3397 ambulaverit,
2416 3349 2579 3400 neque
2625 3337 2911 3401 speraverit
2964 3338 3019 3389 in
3070 3340 3278 3407 argenti
3341 3343 3542 3410 reposi-

1968 3422 2110 3475 tione
2163 3424 2231 3478 ³².
2282 3422 2422 3479 Vere
2476 3427 2621 3481 enim
2664 3428 3059 3483 inaestimabilis
3114 3441 3280 3499 atque
3329 3442 3538 3488 :eterna

1967 3514 2246 3569 beatitudo
2288 3528 2391 3581 est,
2454 3526 2509 3570 ut
2561 3533 2684 3573 cum
2736 3521 2859 3588 quis
2906 3521 3056 3575 dives
3091 3522 3316 3577 effectus
3350 3526 3534 3587 fuerit.

1969 3623 2074 3660 non
2107 3608 2343 3662 conﬁdat
2380 3610 2431 3662 in
2482 3626 2655 3676 auro,
2708 3628 2883 3681 neque
2932 3614 3176 3668 intendat
3224 3618 3277 3669 in
3322 3622 3534 3688 argenti

1969 3698 2314 3766 repositione,
2344 3699 2442 3753 sed
2485 3703 2746 3755 recondat
2775 3704 2890 3758 haec
2929 3704 2982 3758 in
3024 3708 3286 3761 mandato
3317 3709 3538 3765 Altissi-

1966 3789 2061 3849 mi,
2091 3796 2146 3842 et
2175 3789 2264 3842 det
2302 3805 2363 3844 ea
2394 3790 2445 3843 in
2479 3791 2825 3862 eleemosyna
2856 3798 3206 3863 pauperibus,
3246 3800 3338 3853 sed
3369 3803 3536 3856 semi—

1964 3887 2057 3932 net
2087 3889 2251 3947 atque
2283 3894 2501 3951 spargat
2531 3898 2596 3936 ea
2633 3883 2742 3937 late
2775 3900 2871 3954 per
2913 3889 3125 3942 animas
3176 3893 3535 3963 miserorum,

1962 3983 2059 4037 per
2088 3984 2181 4021 ora
2228 3970 2609 4034 esurientium,
2672 3971 2757 4025 vel
2816 3989 2916 4041 per
2965 3989 3061 4029 ora
3110 3980 3387 4046 debilium,
3438 3999 3537 4051 per

1964 4062 2252 4115 destitutos
2290 4073 2457 4130 atque
2503 4064 2733 4117 miseros
2768 4063 2963 4132 :juxta
3015 4067 3117 4123 hoc
3153 4072 3294 4139 quod
3326 4073 3533 4127 dictum

1962 4162 2078 4208 est:
2117 4153 2381 4207 Sentinate
2414 4156 2551 4209 vobis
2574 4160 2642 4209 ad
2663 4159 2962 4224 justitiam,
2982 4168 3038 4212 ut
3065 4165 3272 4215 metatis
3300 4164 3537 4231 fructum

1964 4251 2087 4305 vita:
2121 4248 2185 4303 ³³.
2223 4250 2287 4301 Et
2312 4268 2324 4303 :
2348 4249 2620 4319 Dispersit,
2654 4254 2796 4305 dedit
2819 4256 3155 4323 pauperibus,
3178 4257 3395 4325 justitia
3417 4258 3533 4328 ejus

1961 4352 2136 4394 manet
2174 4342 2228 4394 in
2260 4352 2512 4394 azternum
2561 4342 2625 4398 "’.
2681 4344 2953 4412 Ejusmodi
2997 4361 3122 4399 vero
3157 4358 3321 4401 metet
3349 4350 3535 4403 multi-

296 4434 429 4487 mles
462 4435 650 4501 quales
680 4447 808 4490 sum
857 4437 907 4489 ίη
959 4438 1180 4505 regione
1206 4440 1419 4494 Arabia
1460 4440 1860 4496 θιρειερειίηο-
1891 4440 1937 4495 υ
1965 4430 2179 4498 pliciter
2226 4431 2281 4485 in
2332 4432 2418 4486 die
2474 4435 2910 4491 resurrectionis.
2973 4435 3244 4505 Ejusmodi
3304 4440 3533 4507 recipiet

293 4540 411 4578 rum
439 4526 602 4590 asini,
633 4526 725 4595 qui
764 4528 979 4583 veloces
1005 4545 1131 4583 sunt
1170 4531 1423 4587 similiter
1458 4543 1514 4586 ut
1552 4533 1696 4602 equi.
1731 4532 1860 4587 0m-

295 4631 415 4670 nem
439 4631 571 4686 ergo
602 4633 826 4672 censum
853 4618 993 4673 beati
1020 4617 1122 4676 Job
1148 4631 1406 4693 supputat
1431 4622 1482 4677 in
1513 4632 1715 4693 septem
1743 4623 1859 4676 mil-

292 4709 435 4765 libus
466 4714 674 4779 ovium,
718 4720 773 4767 et
816 4714 988 4769 tribus
1024 4714 1359 4771 camelorum
1386 4724 1440 4769 et
1469 4715 1520 4769 in
1547 4716 1858 4786 quingentis

287 4804 435 4872 jugis
466 4805 649 4868 boum,
680 4816 733 4862 et
773 4807 824 4861 in
855 4807 1169 4877 quingentis
1199 4808 1369 4864 asinis
1406 4808 1683 4878 pastoriis.
1720 4809 1853 4862 Auri

288 4912 418 4951 vero
443 4908 498 4953 et
527 4899 759 4967 argenti,
788 4910 951 4970 atque
969 4903 1197 4958 vestium
1226 4916 1329 4956 non
1354 4902 1619 4956 meminit.
1650 4902 1856 4968 Quare?

291 4993 372 5049 Ob
406 4994 507 5048 hoc
540 5005 600 5047 ut
627 4995 899 5058 reticeret,
928 5011 995 5049 an
1023 4997 1091 5049 oh
1120 4995 1225 5049 hoc
1258 4995 1399 5061 quod
1439 4990 1540 5047 Job
1581 5008 1771 5047 aurum
1799 5004 1855 5048 et

290 5096 576 5154 argentum
632 5102 738 5140 non
778 5085 1099 5140 habuisset?
1136 5083 1219 5140 Oh
1264 5084 1367 5138 hoc
1418 5083 1607 5151 procul
1663 5084 1855 5149 dubio,

290 5176 411 5244 quia
444 5190 549 5229 non
586 5176 793 5231 habuit.
831 5177 946 5245 Quo
972 5186 1108 5231 teste
1133 5191 1322 5229 aurum
1348 5184 1402 5229 et
1430 5185 1711 5244 argentum
1746 5190 1850 5229 non

290 5266 575 5322 habuerit?
623 5268 742 5337 Ipso
776 5268 877 5325 Job
921 5270 1174 5323 dicente:
1210 5266 1278 5319 Et
1334 5266 1380 5319 si
1441 5266 1768 5334 conﬁdebant
1796 5268 1852 5321 in

288 5362 484 5414 dit-iliis
514 5361 714 5422 multis,
752 5371 801 5415 et
844 5363 890 5415 si
928 5366 995 5413 ad
1039 5356 1458 5414 innumerabilia
1486 5358 1606 5410 misi
1636 5374 1849 5411 manum

288 5470 472 5519 meam,
502 5465 557 5508 et
604 5454 708 5507 alia
739 5454 823 5508 his
851 5453 1070 5507 similia.
1112 5453 1244 5506 Erat
1284 5464 1519 5518 namque
1553 5449 1653 5503 hoc
1699 5465 1847 5518 vere,

290 5554 344 5596 ut
374 5548 582 5614 priores
619 5562 723 5600 non
764 5555 974 5600 tantum
1008 5546 1059 5597 in
1096 5557 1230 5597 auro
1257 5550 1313 5596 ct
1344 5549 1571 5609 argento
1593 5540 1696 5596 sibi
1731 5542 1852 5595 the-

354 5703 396 5734 "
424 5702 524 5759 Job
559 5718 595 5761 ι,
625 5698 678 5754 5.
753 5701 792 5733 ³¹
827 5699 869 5756 11
894 5700 1033 5756 Tim.
1088 5716 1166 5766 Ill,
1202 5699 1253 5754 l.
1332 5698 1375 5731 ³³
1406 5695 1576 5754 Eccli.
1607 5711 1758 5765 χχχι,
1791 5696 1848 5754 8.

1963 4522 2393 4577 ἱηπειίηιεὼίιθιη
2470 4525 2855 4579 beatitudinem
2920 4527 2973 4579 in
3033 4527 3121 4581 die
3180 4530 3528 4587 visitationis.

1961 4614 2240 4682 Ejusmodi
2263 4614 2733 4686 eleemosynarum
2757 4617 3238 4686 justiﬁcationihus
3271 4631 3530 4691 tanquam

1960 4704 2051 4759 lux
2101 4705 2324 4776 eﬁulget
2360 4722 2544 4761 coram
2581 4708 2791 4775 angelis
2825 4708 2940 4763 Dei.
2998 4708 3148 4765 Talis
3197 4711 3302 4767 fuit
3342 4716 3535 4771 beatus

1958 4797 2080 4861 Job,
2131 4800 2271 4868 apud
2318 4814 2477 4869 quem
2537 4801 2733 4869 hospes
2788 4816 3064 4870 nunquam
3121 4803 3253 4860 foris
3307 4810 3533 4873 mansit,

1958 4892 2110 4961 cujus
2128 4891 2299 4962 janua
2327 4892 2473 4946 omni
2508 4892 2816 4947 advenienti
2848 4894 3062 4963 patuit,
3112 4910 3270 4964 quem
3306 4898 3528 4954 invalidi

1958 4999 2231 5051 nunquam
2272 4984 2737 5053 praetermiserunt
2788 4987 2855 5040 de
2903 4986 2970 5040 iis
3002 5002 3121 5056 quae
3148 5004 3284 5056 opus
3326 4990 3531 5045 habue-

1958 5088 2104 5144 runt,
2133 5076 2224 5146 qui
2257 5092 2363 5129 non
2396 5076 2604 5131 dimisit
2635 5091 2923 5147 pauperem
2965 5078 3117 5132 exire
3148 5081 3211 5133 de
3238 5079 3400 5133 domo
3429 5096 3531 5135 sua

1959 5186 2210 5235 vacuum,
2236 5171 2301 5223 ad
2328 5170 2479 5239 cujus
2513 5179 2793 5223 tonsuram
2817 5172 3021 5236 ovium,
3050 5174 3293 5226 omnium
3327 5187 3529 5244 paupe-

1962 5280 2078 5318 rum
2107 5262 2343 5331 scapula:
2371 5262 2646 5317 calefacta}
2678 5271 2824 5318 sunt.
2863 5262 2943 5319 Ob
2984 5266 3085 5320 hoc
3112 5267 3255 5319 enim
3283 5275 3338 5319 et
3367 5266 3531 5319 istatu

1960 5355 2362 5409 multitudinem
2394 5369 2647 5423 pecorum
2676 5355 2934 5421 nutrivit,
2964 5365 3019 5409 et
3046 5357 3339 5409 maximam
3374 5357 3521 5425 agri—

1960 5447 2223 5502 culturam
2256 5446 2535 5508 exercuit,
2562 5453 2623 5498 ut
2660 5446 2902 5515 plurimis
2939 5446 3278 5514 impertiret,
3310 5453 3366 5498 ut
3404 5445 3526 5513 plu-

1959 5542 2114 5596 rimis
2170 5537 2532 5605 benefaccret,
2578 5548 2637 5592 ut
2671 5538 3029 5607 plurimorum
3084 5554 3293 5595 memor
3346 5548 3530 5607 esset;

1923 5697 1966 5730 ³³
1990 5694 2177 5752 Jacob.
2211 5710 2293 5763 tu,
2328 5694 2412 5749 18.
2491 5696 2535 5728 ³⁵
2562 5694 2701 5751 Psal.
2746 5710 2855 5759 ext,
2888 5695 2943 5749 9.
