3880 6212
338 318 441 375 587

1421 310 1794 367 ANONYMUS
1829 310 1894 365 IN
1935 311 2073 367 JOB.
2112 345 2180 354 —
2213 313 2339 366 LIB.
2381 314 2420 366 I.

3477 315 3586 374 588

340 449 448 490 non
489 441 708 503 prOpter
736 446 797 486 os
829 445 983 486 suum
1015 438 1248 492 tantum,
1295 430 1388 483 sed
1430 439 1490 483 ut
1538 429 1737 484 multos
1784 445 1908 484 esu-
1936 434 1987 494 Α
2017 447 2134 484 rum
2169 432 2434 485 instantia
2464 441 2626 499 atque
2659 431 2920 494 studium,
2955 432 3058 486 hoc
3089 441 3213 486 erat
3237 434 3376 502 quod
3409 433 3476 488 ab
3499 435 3586 490 eis

343 533 549 586 riemes
575 539 869 593 saturaret,
904 537 1065 596 atque
1094 527 1354 594 plurimos
1382 527 1553 581 nudos
1582 531 1825 591 vestiret,
1856 537 1911 582 et

343 622 530 677 multis
563 620 963 675 miserabilibus
995 628 1158 686 atque
1185 617 1496 671 infelicibus
1538 619 1908 689 refrigeraret.

343 714 424 769 0b
472 713 575 766 hoc
625 711 773 765 enim
827 724 1028 778 pecora
1075 709 1191 778 ejus
1243 711 1425 763 ovium
1471 719 1676 778 septem
1723 710 1907 769 millia,

341 801 536 858 cameli
569 801 670 854 tria
697 799 889 863 millia,
923 797 1055 868 juga
1087 799 1246 851 boum
1283 797 1578 866 quingenta
1600 836 1615 860 ,
1660 807 1714 850 et
1749 797 1912 850 asina:

340 894 594 966 pastoria:
628 892 955 960 quingentas.
1011 890 1077 942 Et
1126 889 1480 942 ministerium
1533 889 1686 942 nimis
1734 889 1911 957 capio-

341 1000 459 1038 sum
505 983 571 1035 ³⁸.
613 983 835 1038 Certum
884 991 969 1036 est
1001 982 1146 1049 quod
1187 989 1241 1034 et
1289 995 1487 1034 mensa:
1535 981 1693 1049 ejus,
1750 990 1913 1048 atque

342 1079 502 1131 sedes
530 1075 670 1141 ejus,
695 1084 750 1128 et
776 1074 1136 1127 ministerium
1168 1072 1450 1140 copiosmn
1471 1112 1486 1134 ,
1519 1073 1612 1124 sed
1646 1071 1764 1138 plus
1795 1080 1914 1123 erat

342 1166 704 1222 ministerium
735 1169 1011 1234 copiosum
1040 1165 1179 1233 quod
1229 1163 1576 1218 ministrabat
1608 1163 1912 1232 hospitibus

340 1267 397 1314 et
425 1257 856 1320 advenientibus,
892 1255 1123 1310 inﬁrmis
1155 1265 1208 1308 et
1251 1256 1653 1318 miserantibus,
1687 1257 1914 1310 destitu-

342 1351 414 1404 tis
447 1359 502 1404 et
545 1348 884 1419 peregrinis,
937 1346 1265 1415 pauperibus
1316 1357 1371 1400 et
1428 1346 1753 1402 infelicibus.
1808 1349 1914 1404 Pro

342 1442 535 1496 horum
565 1455 693 1508 ergo
720 1440 960 1492 omnimn
991 1440 1356 1508 susceptione,
1386 1440 1608 1493 nimium
1634 1441 1911 1508 copiosmn

344 1532 536 1586 habuit
570 1529 935 1584 ministerium
967 1543 980 1580 :
1012 1540 1144 1597 puto
1199 1533 1342 1598 quod
1378 1541 1430 1585 et
1487 1532 1538 1586 in
1590 1534 1728 1588 cmlo
1766 1542 1820 1586 et
1859 1535 1911 1587 in

344 1623 576 1678 excelsis
602 1623 880 1690 copiosum
916 1623 1075 1676 nimis
1101 1624 1354 1677 habuerit
1379 1625 1757 1684 ministerium.
1788 1626 1913 1680 Plu-

345 1724 466 1777 rimi
505 1723 955 1777 ministraverunt
983 1722 1029 1775 ei
1052 1736 1214 1790 super
1243 1731 1439 1774 terram
1469 1734 1565 1789 pro
1593 1719 1911 1774 miserorum

347 1815 710 1885 susceptione,
755 1813 849 1868 sed
891 1815 1072 1882 plures
1109 1814 1491 1866 ministrabant
1546 1813 1594 1866 ei
1637 1813 1689 1864 in
1737 1811 1910 1875 caelis,

344 1909 591 1963 caelestes
627 1905 825 1976 angeli,
864 1905 1306 1974 incorruptibiles
1333 1904 1728 1972 eleemosynas,
1753 1914 1915 1972 atque

349 2002 486 2052 bona
517 2014 679 2069 opera
708 2002 824 2070 ejus
859 2001 912 2053 in
946 1998 1266 2052 memoriam
1295 2012 1478 2049 coram
1506 1996 1615 2049 Deo
1639 1997 1690 2048 in
1719 1996 1914 2050 cmlum

346 2089 673 2156 deferentes,
710 2093 852 2146 sicut
882 2092 1084 2147 dictum
1112 2091 1279 2143 estad
1309 2089 1614 2143 Cornelium
1651 2107 1662 2141 :
1703 2087 1918 2141 Oratio-

348 2199 437 2237 nes
477 2197 579 2238 tua:
630 2196 675 2238 et
726 2185 1066 2254 e’eemosyna:
1102 2194 1205 2236 tua:
1247 2182 1588 2235 ascenderunt
1624 2197 1833 2234 sursum
1865 2183 1918 2234 in

345 2283 652 2335 memoriam
685 2299 866 2335 caram
899 2281 1003 2335 Deo
1033 2281 1098 2336 ³⁸.
1121 2279 1501 2333 Aseenderunt
1536 2276 1720 2345 procul
1755 2277 1918 2331 dubio

347 2373 418 2426 ab
450 2374 654 2442 angelis
713 2383 878 2443 atque
913 2371 1245 2442 spiritalibus
1284 2370 1549 2425 ministris
1586 2371 1799 2424 delatm.
1847 2369 1919 2422 De

349 2465 548 2532 quibus
583 2465 785 2518 dicitur
815 2483 828 2518 :
865 2465 1059 2519 Omnes
1115 2472 1233 2516 sunt
1286 2462 1660 2515 ministeriales
1699 2462 1917 2530 spiritus

345 2555 492 2608 missi
513 2572 609 2620 pro
634 2557 715 2610 his
743 2559 833 2627 qui
868 2557 1090 2612 ulutem
1123 2557 1178 2612 in
1222 2557 1581 2610 hazreditatem
1607 2555 1818 2622 capiunt
1849 2553 1915 2607 ³⁷.

347 2649 415 2704 Ει
443 2651 564 2703 alibi
588 2669 598 2702 :
624 2650 724 2715 Qui
745 2651 871 2720 facit
908 2650 1120 2718 angelos
1150 2666 1272 2702 suos
1299 2650 1546 2716 spiritus,
1569 2655 1618 2700 et
1647 2645 1916 2698 ministros

345 2759 468 2795 suos
506 2743 675 2808 ignem
725 2742 990 2795 ardentem
1019 2740 1084 2793 ³⁸.
1122 2741 1196 2794 De
1230 2742 1346 2794 istis
1386 2755 1618 2807 namque
1657 2736 1919 2791 ministris

349 2849 487 2890 unus
522 2844 641 2887 erat
667 2834 754 2901 qui
790 2834 999 2888 loculus
1026 2843 1110 2888 est
1140 2834 1206 2886 ad
1249 2833 1472 2886 Tobiam
1517 2833 1701 2886 dicens
1732 2849 1746 2884 :
1780 2828 1916 2884 Cum

349 2942 530 2980 orares
556 2937 611 2977 tu
635 2936 680 2978 et
707 2924 842 2980 Sara
864 2926 977 2993 ﬁlia
1003 2924 1272 2994 Raguelis,
1305 2941 1396 2993 ego
1421 2923 1577 2976 attuli
1610 2923 1916 2975 memoriam

351 3017 607 3069 orationis
635 3027 816 3069 vestra:
847 3017 902 3068 in
941 3028 1274 3081 conspectum
1309 3015 1490 3082 ρίου-ἕω
1518 3014 1706 3066 summi
1729 3013 1823 3065 Dei
1847 3011 1912 3064 ”.

2013 523 2303 578 thesaurus
2332 525 2707 592 reputabatur,
2737 537 2864 578 area
2903 533 2958 578 et
3000 526 3256 590 torcular,
3287 528 3483 581 oliveta
3525 536 3586 580 et

2014 615 2191 680 ficeta,
2235 625 2289 670 et
2325 618 2576 670 universa
2623 633 2786 686 opera
2831 634 2951 688 quae
2987 629 3114 672 sunt
3148 619 3201 670 in
3245 633 3411 686 agro,
3461 635 3585 687 quae

2013 724 2136 762 cum
2161 709 2346 762 labore
2376 719 2538 777 atque
2561 710 2758 764 sudore
2782 721 2944 779 atque
2975 726 3230 764 manuum
3260 711 3585 766 callositati-

2013 799 2114 853 bus
2166 800 2523 866 acquiruntur
2568 817 2689 854 cum
2729 802 2974 869 justitia,
3013 803 3168 872 juxta
3202 804 3445 857 ordinem
3483 803 3582 856 Dei

2013 891 2277 945 dicentis:
2309 891 2376 944 In
2406 896 2596 945 sudore
2620 893 2790 945 vultus
2831 894 2907 944 tui
2940 893 3059 946 edes
3097 910 3283 962 panem
3315 906 3461 947 tuum
3506 893 3578 946 ⁸⁵.

2014 982 2138 1036 Haec
2185 983 2395 1038 scilicet
2441 999 2605 1053 opera
2647 1001 2838 1055 magna
2883 987 3097 1040 fuerunt
3150 984 3250 1040 Job
3295 987 3347 1040 in
3394 987 3580 1049 terris,

2015 1077 2136 1131 ideo
2163 1087 2214 1131 et
2249 1076 2484 1146 plurimo
2510 1078 2785 1144 indigebat
2815 1079 3118 1132 ministerio
3153 1079 3219 1132 ad
3259 1079 3583 1142 curandum,

2014 1169 2079 1222 ad
2121 1168 2552 1233 intendendum,
2600 1169 2664 1222 ad
2719 1170 3184 1232 circumeundam,
3233 1171 3468 1240 itemque
3511 1171 3583 1224 ad

2013 1262 2278 1325 dandum,
2325 1262 2391 1315 ad
2430 1261 2906 1326 distribuendum,
2944 1263 3010 1317 ad
3056 1263 3470 1318 ministrandum
3519 1263 3578 1315 in

2015 1353 2281 1424 gentibus,
2311 1355 2376 1407 ad
2412 1353 2800 1409 defendendum
2838 1370 3163 1424 oppressos,
3201 1354 3266 1408 ad
3299 1355 3578 1424 opitulan-

2014 1448 2141 1502 dum
2169 1448 2522 1516 pauperibus,
2548 1448 2616 1502 ad
2639 1447 3084 1501 benefaciendum
3117 1449 3289 1503 viduis
3313 1460 3366 1503 et
3385 1449 3581 1518 orpha-

2019 1541 2121 1594 nis.
2161 1539 2264 1593 Pro
2288 1541 2371 1596 bis
2400 1543 2653 1596 nimirum
2688 1543 2967 1596 universis
2999 1555 3164 1610 opera
3197 1557 3389 1610 magna
3423 1552 3582 1595 erant

2017 1633 2090 1686 illi
2119 1634 2170 1686 in
2206 1634 2365 1687 terris
2395 1643 2451 1688 et
2485 1631 2847 1688 ministerium
2877 1634 3151 1702 copiosum
3178 1675 3193 1697 ,
3230 1634 3356 1700 quia
3385 1648 3578 1703 magna

2015 1736 2173 1779 erant
2201 1741 2366 1793 Opera
2410 1728 2728 1781 meritorum
2776 1735 2832 1781 et
2878 1726 3155 1794 copiosum
3197 1725 3580 1782 ministerium.

2018 1814 2123 1870 Sed
2157 1829 2285 1885 puto
2322 1827 2443 1886 post
2476 1819 2589 1872 haec
2622 1833 2742 1886 quae
2779 1819 3000 1871 recitata
3047 1825 3170 1870 sunt
3215 1831 3405 1885 magna
3439 1816 3584 1869 illius

2015 1923 2198 1977 opera,
2257 1918 2378 1978 post
2434 1911 2822 1977 agriculturam
2872 1920 3034 1978 atque
3084 1909 3350 1978 pecudum
3409 1910 3584 1962 nutri-

2017 2010 2228 2064 menta,
2289 2010 2348 2053 et
2400 2010 2596 2054 czetera
2653 2003 2943 2064 universa,
3001 2001 3219 2055 fuerunt
3259 2002 3422 2055 etiam
3476 2002 3580 2054 alia

2018 2107 2212 2161 magna
2240 2101 2399 2161 opera
2429 2091 2533 2146 Job
2572 2093 2623 2146 in
2666 2095 2843 2155 terris,
2880 2094 3030 2158 fides,
3082 2094 3291 2162 pietas,
3341 2092 3581 2160 justitia.

2019 2185 2306 2246 sanctitas,
2356 2186 2690 2250 constantia,
2735 2186 3033 2254 patientia,
3079 2185 3384 2246 tolerantia,
3420 2193 3582 2252 atque

2017 2276 2102 2329 his
2156 2276 2356 2330 similia
2411 2277 2688 2340 universa,
2724 2287 2780 2330 et
2808 2293 2999 2331 omnes
3035 2292 3155 2345 qua:
3201 2277 3452 2341 superius
3490 2264 3623 2328 de-'

2019 2381 2334 2425 tuonstratte
2359 2380 2488 2423 sunt
2517 2372 2765 2435 virtutes,
2791 2382 2952 2442 atque
2984 2375 3175 2426 merita
3199 2382 3253 2426 et
3273 2372 3580 2438 eleemosy-

2019 2480 2099 2518 nte
2129 2478 2318 2532 opera.
2357 2462 2482 2516 Haec
2512 2477 2748 2531 namque
2778 2473 2906 2518 sunt
2938 2479 3129 2532 magna
3162 2464 3248 2517 illa
3277 2478 3440 2531 opera
3463 2478 3584 2530 quae

2017 2568 2173 2610 erant
2210 2559 2280 2610 ita
2313 2571 2507 2625 magna
2544 2566 2603 2608 ut
2629 2571 2798 2624 usque
2844 2556 2911 2610 ad
2947 2558 3144 2610 caelum
3195 2557 3582 2624 pertingerent,

2017 2658 2072 2700 et
2103 2663 2274 2716 usque
2302 2647 2368 2700 ad
2396 2648 2564 2699 Deum
2593 2647 2956 2714 pervenirent.
3005 2646 3079 2699 Ita
3105 2657 3258 2700 erant
3285 2661 3499 2716 magna,
3527 2656 3585 2698 ut

2019 2742 2071 2793 in
2103 2740 2450 2808 corruptione
2479 2748 2788 2808 perpetrata
2827 2741 2877 2793 in
2916 2740 3326 2806 incorruptione
3353 2740 3584 2792 fuissent

2019 2835 2332 2903 praedicata.
2377 2832 2523 2886 Inter
2549 2831 2796 2885 homines
2822 2831 2994 2894 facta,
3035 2833 3174 2884 inter
3203 2830 3422 2900 angelos
3458 2840 3586 2883 sunt

2021 2923 2323 2978 mirilieata.
2351 2922 2496 2984 llam,
2529 2923 2774 2990 inquam,
2803 2922 3017 2976 fuerunt
3046 2921 3147 2975 Job
3179 2936 3371 2987 magna
3397 2936 3583 2991 opera.

2022 3016 2086 3069 Et
2123 3018 2208 3071 ubi
2242 3018 2353 3071 haec
2387 3018 2638 3071 fuerunt?
2663 3017 2718 3070 In
2754 3026 2918 3080 terra,
2958 3015 3148 3084 inquit.
3177 3014 3232 3068 1n
3264 3029 3368 3082 qua
3394 3013 3586 3067 terra?

349 3107 481 3161 Tale
507 3121 638 3176 ergo
666 3117 783 3160 erat
813 3107 1175 3161 ministerium
1221 3105 1324 3160 Job
1364 3106 1588 3159 nimium
1613 3107 1912 3174 copiosum.
1946 3113 1988 3170 C
2019 3110 2260 3164 Primum
2287 3111 2504 3177 quidem
2540 3111 2590 3162 in
2621 3125 2682 3161 ea
2711 3122 2830 3176 qua:
2852 3109 2950 3160 sub
2979 3109 3119 3162 etnlo
3144 3117 3226 3161 est
3257 3117 3424 3160 terra.
3457 3105 3588 3158 Item

353 3202 658 3256 Secundum
722 3200 1121 3254 multitudinem
1173 3200 1318 3253 enim
1374 3199 1641 3253 bonorum
1695 3214 1914 3268 operum

349 3293 489 3364 ejus,
531 3291 871 3361 multiplicati
905 3300 1033 3344 sunt
1070 3291 1317 3345 etelestes
1348 3291 1584 3344 ministri
1612 3300 1776 3360 atque
1817 3305 1917 3344 an-

349 3384 455 3453 geli
489 3384 579 3452 qui
632 3384 682 3436 in
721 3390 1010 3451 conspectu
1062 3381 1158 3436 Dei
1211 3390 1600 3437 attestarentur
1641 3382 1919 3437 beneﬁciis

352 3475 518 3529 illius.
549 3473 699 3530 Unus
725 3491 857 3530 sane
884 3475 1154 3528 devotioni
1197 3475 1360 3528 animi
1395 3476 1508 3542 ejus
1536 3476 1916 3538 attestabatur,

353 3565 490 3618 alius
533 3577 710 3620 autem
759 3566 1128 3644 eleemosynis
1165 3568 1281 3632 ejus
1329 3580 1394 3618 ac
1449 3567 1914 3628 miserationibus,

353 3659 493 3712 alius
551 3659 899 3713 nihilominus
958 3660 1204 3713 sollicitis
1264 3659 1533 3728 precibus,
1605 3659 1744 3713 alius
1793 3674 1920 3712 vero

347 3751 805 3820 justitirejudicii,
836 3755 1109 3820 patientite
1137 3769 1354 3822 quoque
1395 3769 1457 3807 ac
1520 3753 1915 3821 longanimitali

355 3850 518 3910 atque
549 3842 836 3896 cbaritatis
872 3841 1208 3910 plenitudini.
1241 3843 1440 3896 Omnes
1474 3843 1683 3897 scilicet
1709 3844 1920 3895 cunctis

354 3935 472 3997 ejus
505 3932 796 3987 virtutibus
852 3935 1252 3986 attestabantnr
1304 3934 1354 3985 in
1401 3944 1689 4001 conspectu
1738 3934 1918 3984 omnia

357 4024 688 4092 priescientis
722 4022 833 4075 Dei.
867 4020 1329 4090 Omnibusitaque
1355 4021 1528 4075 modis
1561 4020 1919 4072 lltiltistel‘itlllt

355 4118 630 4186 cepiosum
658 4125 774 4171 erat
813 4119 973 4172 beato
1011 4118 1130 4173 Job.
1174 4115 1340 4182 Quale
1373 4123 1533 4183 putas
1566 4113 1642 4166 illi
1672 4113 1786 4166 fieri
1823 4114 1919 4165 ob-

353 4209 599 4276 sequium
649 4209 715 4262 ad
769 4210 1194 4279 susceptionem,
1255 4217 1307 4260 et
1361 4205 1655 4275 gloriosum
1704 4218 1918 4271 quoque

359 4301 640 4363 honorem,
663 4314 694 4351 o
712 4299 901 4364 amice,
927 4313 1047 4353 cum
1080 4298 1257 4351 anima
1283 4296 1397 4364 ejus
1424 4296 1612 4350 exiens
1631 4296 1695 4349 de
1725 4311 1920 4363 corpo-

355 4409 415 4446 re
445 4395 510 4447 ad
546 4393 671 4445 illud
703 4392 956 4446 saeculum
993 4393 1267 4452 transiret,
1305 4405 1423 4442 cum
1457 4388 1528 4442 illi
1567 4395 1923 4441 occurrerent

360 4499 546 4538 omnes
575 4484 775 4553 angeli,
805 4483 1022 4552 quando
1047 4485 1242 4552 gavisa:
1285 4489 1408 4535 sunt
1446 4480 1512 4532 ad
1537 4495 1656 4531 eum
1685 4479 1925 4532 onmium
1959 4469 2002 4522 D

357 4587 667 4630 sanctorum
702 4577 918 4639 animae,
937 4576 1149 4644 quando
1171 4588 1360 4628 omnes
1387 4572 1577 4625 anima:
1605 4571 1924 4624 miserormn

355 4679 519 4738 atque
581 4671 819 4738 inOpum,
865 4669 1060 4738 quibus
1120 4683 1279 4737 super
1336 4675 1536 4719 terram
1577 4664 1924 4723 benefecerit,

354 4760 630 4815 beneflciis
689 4761 804 4830 ejus
839 4770 1104 4815 attestatte
1157 4759 1323 4814 sunt?
1370 4757 1498 4823 Qua:
1561 4757 1826 4808 universa:
1874 4759 1924 4806 in

358 4854 534 4907 lucem
581 4853 688 4906 illic
731 4855 1087 4921 procedentes
1125 4853 1372 4922 gloriosre
1427 4859 1722 4903 occurrunt
1765 4855 1931 4913 atque

357 4955 562 5000 sanctas
589 4953 910 4998 attestantur
943 4960 1048 4998 non
1079 4945 1250 4997 solum
1282 4943 1448 4997 solius
1484 4941 1584 4995 Job
1610 4940 1920 4999 virtutibus,

358 5035 450 5089 sed
495 5043 548 5088 et
586 5036 836 5088 omnibus
889 5035 979 5102 qui
1032 5035 1282 5088 similiter
1327 5044 1385 5086 ut
1421 5032 1521 5086 Job
1550 5033 1924 5101 eleemosynas

359 5127 572 5180 miseris
609 5142 672 5180 ac
733 5127 994 5180 beneficia
1054 5123 1363 5178 infelicibus
1405 5125 1745 5192 impertiunt.
1803 5122 1928 5174 Itzee

361 5217 636 5275 universa,
673 5217 794 5285 quia
825 5217 976 5278 dicit,
1011 5215 1076 5268 Et
1107 5217 1453 5270 ministerium
1492 5217 1715 5267 nimium
1751 5214 1927 5282 copio-

360 5325 497 5362 sum.
556 5307 788 5376 Postque
820 5308 1100 5378 [adjiciens
1166 5308 1337 5361 dicit:
1371 5305 1534 5359 Erant
1581 5323 1736 5374 opera
1785 5305 1926 5358 iuius

360 5418 550 5470 magna
575 5401 625 5451 ir:
651 5401 825 5453 terris.
859 5399 1099 5452 Primum
1133 5413 1266 5453 sane
1294 5412 1457 5466 opera
1489 5413 1678 5466 magna
1711 5399 1929 5450 fuerunt

363 5492 463 5555 illi,
491 5491 538 5546 id
579 5501 681 5557 est,
723 5490 835 5560 agri
879 5501 934 5544 et
971 5489 1158 5554 vincte,
1214 5489 1409 5542 fruteta
1455 5497 1506 5542 et
1559 5489 1775 5544 oliveta.
1832 5486 1925 5540 lla:

365 5599 594 5652 namque
622 5594 777 5637 erant
807 5584 1149 5651 antiquorum
1177 5583 1404 5648 tilVilltB,
1436 5582 1552 5636 haec
1576 5592 1697 5635 erat
1727 5583 1926 5650 prisco-

439 5700 482 5729 ³⁵
526 5699 624 5751 Job
675 5715 711 5757 ι,
749 5698 800 5753 ’5.
901 5697 946 5728 ³⁸
971 5698 1088 5750 Act.
1122 5711 1179 5760 π,
1209 5695 1260 5750 4.
1341 5697 1382 5728 ³⁷
1413 5695 1574 5751 Hebr.
1604 5697 1751 5762 1,14.

365 5770 408 5800 η
439 5769 592 5822 I‘rov.
623 5786 736 5825 xit.
811 5769 853 5800 ⁸³
886 5767 984 5823 Job
1025 5783 1062 5830 t,
1092 5767 1144 5821 5.

1829 5697 1872 5729 ³⁸
1902 5696 2042 5753 Psal.
2074 5716 2182 5767 cnl,
2206 5700 2260 5754 4.

2027 3203 2080 3258 in
2112 3211 2326 3255 terreno
2368 3202 2486 3270 ejus
2529 3215 2774 3267 corpore.
2835 3199 3062 3252 Omnem
3121 3200 3262 3252 enim
3311 3197 3588 3258 virtutem,

2025 3310 2240 3349 omnem
2263 3295 2726 3363 justiticationem,
2749 3307 2906 3345 omne
2929 3306 3064 3360 opus
3085 3299 3354 3352 sanctum,
3375 3303 3590 3342 omnem

2027 3385 2372 3440 tolerantiam
2400 3400 2522 3438 cum
2547 3384 2840 3454 gratiarum
2874 3383 3180 3436 actionibus
3207 3420 3221 3444 ,
3252 3381 3501 3434 universa
3532 3379 3592 3432 in

2027 3475 2130 3529 hoc
2161 3490 2391 3542 corpore
2421 3485 2636 3528 terreno
2664 3474 2908 3542 perfecit,
2957 3482 3012 3526 et
3053 3470 3388 3540 supportavit
3429 3479 3597 3537 atque

2028 3567 2302 3622 sustinuit.
2339 3566 2513 3621 Testis
2536 3575 2619 3620 est
2643 3567 2758 3635 ipse
2792 3566 2976 3620 dicens
2999 3567 3064 3619 de
3092 3565 3292 3617 virtute
3317 3563 3405 3617 Dei
3431 3573 3598 3631 atque

2029 3659 2401 3728 magnitudine
2437 3677 2448 3712 :
2482 3658 2585 3722 Qui
2641 3660 2992 3711 suscitaturus
3049 3666 3122 3709 est
3174 3656 3358 3723 pellent
3399 3671 3596 3720 meam,

2027 3771 2142 3824 qua:
2165 3755 2340 3806 hausit
2371 3755 2480 3806 Iure
2513 3753 2654 3806 mala
2688 3754 2752 3805 “.
2803 3752 3036 3818 Postque
3088 3751 3339 3803 universa
3361 3791 3376 3814 ,
3421 3763 3597 3817 Opera

2028 3862 2219 3914 magna
2263 3845 2564 3900 erantJob.
2621 3845 2767 3899 Ubi?
2813 3848 2866 3897 In
2904 3855 3071 3907 terra,
3132 3843 3327 3911 inquit.
3378 3841 3434 3895 lu
3487 3859 3596 3910 qua

2032 3940 2214 3992 terra?
2242 3938 2296 3991 In
2328 3948 2467 3992 terra
2496 3937 2916 4005 incorruptibili,
2941 3937 2993 3990 in
3023 3947 3165 3989 terra
3196 3934 3506 3997 immortali,
3535 3935 3593 3986 in

2031 4037 2173 4082 terra
2212 4030 2530 4092 viventium,
2559 4030 2610 4081 in
2645 4027 3004 4081 tabernaculis
3029 4026 3293 4092 justorum
3318 4066 3333 4089 ,
3363 4024 3451 4080 ubi
3486 4039 3596 4077 non

2029 4131 2111 4175 est
2149 4120 2436 4173 inﬁrmitas
2499 4135 2673 4186 neque
2727 4135 2914 4180 mors,
2977 4121 3117 4171 unde
3159 4116 3292 4185 fugit
3339 4117 3495 4170 dolor
3539 4126 3598 4170 et

2033 4213 2250 4264 tristitia
2310 4221 2470 4278 atque
2519 4213 2768 4280 gemitus.
2830 4211 2941 4264 Illic
2999 4225 3129 4279 ergo
3191 4222 3380 4277 magna
3439 4216 3599 4260 erant

2030 4317 2191 4371 Opera
2245 4301 2370 4368 Job,
2423 4304 2530 4356 illic
2581 4304 2953 4356 demonstrata
2986 4311 3112 4355 sunt
3149 4312 3310 4368 atque
3349 4311 3594 4362 ostensa,

2032 4397 2142 4449 illic
2178 4396 2438 4450 distincta
2470 4406 2635 4463 atque
2664 4397 3030 4450 manifestata.
3064 4395 3162 4449 Hic
3192 4395 3451 4463 perfecta,
3484 4393 3597 4449 illic

2031 4499 2212 4541 autem
2285 4488 2690 4554 demonstrata;
2764 4488 2852 4541 hic
2910 4489 3212 4550 seminata,
3284 4487 3394 4540 illic
3465 4501 3599 4540 vero

2029 4595 2206 4633 messa
2236 4595 2250 4644 ;
2283 4581 2372 4633 hic
2409 4580 2680 4650 dispersa,
2707 4580 2814 4634 illic
2846 4590 3025 4633 autem
3059 4579 3285 4632 collecta
3316 4596 3331 4638 ;
3367 4578 3456 4632 hic
3484 4577 3597 4631 Deo

2030 4671 2291 4735 fenerata,
2320 4675 2427 4728 illic
2473 4690 2602 4728 vero
2632 4691 2752 4728 cmn
2789 4675 2954 4744 gloria
3007 4689 3034 4729 a
3077 4674 3186 4727 Deo
3227 4674 3595 4728 feuerantibus

2030 4765 2324 4818 redhibila.
2367 4765 2470 4830 Qui
2525 4768 2667 4820 enim
2707 4767 2994 4820 miseretur
3045 4767 3338 4836 pauperis,
3386 4765 3599 4819 fenerat

2032 4855 2140 4908 Deo
2171 4857 2235 4909 “.
2271 4858 2582 4912 Secundum
2618 4868 2797 4912 autem
2827 4859 3009 4912 datum
3043 4859 3187 4912 illius
3216 4859 3480 4912 retribuet
3517 4857 3594 4909 illi

2035 4945 2313 5002 Dominus.

2109 5039 2237 5093 Post
2281 5041 2394 5093 haec
2425 5049 2602 5093 autem
2633 5041 2884 5094 universa
2911 5079 2924 5102 ,
2959 5039 3304 5092 novissimam
3338 5036 3593 5090 virtutem

2031 5128 2130 5184 Job
2155 5130 2524 5196 demonstrat,
2555 5131 2741 5183 dicens
2780 5149 2792 5183 :
2826 5128 2948 5180 Fuit
2991 5141 3164 5181 autem
3211 5129 3296 5180 hic
3339 5133 3492 5179 homo
3533 5128 3599 5180 de

2033 5237 2216 5288 genere
2242 5222 2459 5289 Optimo,
2487 5237 2551 5273 ex
2578 5222 2817 5287 partibus
2852 5221 3081 5273 Orientis
3129 5220 3191 5272 ⁵³.
3239 5218 3367 5274 Item
3417 5228 3596 5271 autem

2033 5321 2088 5365 et
2118 5311 2239 5364 istic
2271 5310 2623 5380 singulariter
2651 5311 2802 5364 illum
2831 5311 3073 5378 designat
3125 5318 3286 5378 atque
3311 5318 3596 5363 memorat.

2036 5401 2132 5456 llic
2162 5403 2325 5456 homo
2357 5403 2666 5472 singularis,
2698 5412 2956 5466 semotus,
2985 5402 3075 5468 qui
3101 5401 3153 5454 in
3183 5415 3346 5454 carne
3376 5414 3596 5468 separaa

2037 5494 2197 5547 vitea
2229 5508 2348 5562 qua:
2384 5495 2569 5546 carnis
2604 5504 2766 5556 sunt,
2820 5495 2908 5560 qui
2951 5493 3091 5544 inter
3133 5491 3381 5545 homines
3437 5503 3601 5556 super

2036 5583 2286 5638 homines
2318 5584 2439 5648 fuit,
2471 5585 2639 5652 quiin
2676 5585 2836 5638 terris
2865 5595 3002 5648 erat,
3035 5593 3086 5638 et
3108 5584 3348 5638 cmlestia
3375 5582 3600 5650 agebat;

2339 5701 2382 5731 ’9
2415 5698 2550 5756 Tob.
2580 5716 2674 5754 xu.
2753 5700 2953 5755 “Gen.
2987 5716 3066 5764 nt,
3103 5699 3186 5754 I9.
3283 5701 3323 5729 “
3349 5696 3448 5751 Job
3483 5710 3599 5750 nx.
