3880 6212
378 324 475 380 531

1471 296 1855 372 ANONYMUS
1892 310 1957 365 IN
1996 295 2135 366 ton.
2173 339 2241 350 —
2280 298 2409 365 LIB.
2452 292 2525 367 i.‘

3516 300 3623 369 39?.

381 451 481 495 tem
520 440 585 491 ⁸⁵.
620 437 747 492 inde
780 436 1036 490 nimirum
1063 432 1399 489 admirabilis
1430 430 1530 487 Job
1554 428 1952 485 dicituriuisse.
1982 454 2029 510 Α
2063 439 2253 480 manos
2283 425 2681 481 conveniebant
2713 428 2778 481 ad
2807 426 3059 483 invicem.
3113 426 3300 483 Nullus
3347 428 3629 497 judicabat

380 533 462 587 Ob
485 547 647 602 quam
684 529 839 583 rem?
869 527 1007 595 Quia
1048 525 1260 581 refulsit
1282 524 1512 579 veritate
1538 531 1592 578 et
1619 520 1954 590 resplenduit

384 624 491 678 iide
520 638 584 677 ac
612 621 834 692 pietate,
863 628 1026 689 atque
1084 616 1366 673 tolerantia
1389 655 1402 679 ,
1453 623 1510 670 et
1557 614 1810 668 omnibus
1843 614 1954 665 vir-

382 722 554 766 tutum
595 712 809 766 studiis.
840 709 920 765 Ob
941 710 1045 764 hoc
1074 722 1204 778 ergo
1229 706 1389 775 digne
1417 721 1481 760 ex
1512 719 1711 775 genere
1743 704 1953 773 optimo

378 815 436 860 et
478 820 543 858 ex
594 804 839 873 partibus
892 802 1118 857 orientis
1172 798 1337 853 fuisse
1375 798 1592 853 dicitur.
1630 795 1764 851 Nam
1814 797 1955 851 sicut

378 908 570 948 omnes
619 893 867 946 homines
920 892 1024 945 diri
1084 891 1207 945 luce
1259 888 1547 958 incipiente
1591 888 1656 940 ad
1690 888 1951 941 orientem

381 998 532 1039 suam
569 983 837 1039 extollunt
864 982 1125 1036 visionem
1146 1021 1161 1045 ,
1188 980 1588 1051 pulcherrimos
1616 978 1747 1031 solis
1777 980 1954 1033 radios

381 1084 740 1147 properantes
772 1074 1081 1144 respicere;
1135 1073 1215 1128 sic
1265 1071 1540 1135 similiter,
1571 1072 1657 1124 vel
1700 1072 1806 1125 imo
1858 1088 1954 1141 p0-

380 1171 487 1223 tius
522 1168 700 1222 omnis
734 1166 818 1234 pia
845 1181 910 1220 ac
938 1166 1192 1236 religiosa
1222 1175 1384 1233 atque
1412 1164 1643 1218 credens
1674 1164 1853 1217 anima
1900 1164 1952 1216 in

379 1261 526 1313 omni
563 1268 804 1328 tempore
844 1259 908 1311 ad
941 1257 1405 1324 incorruptibilem
1454 1255 1743 1316 orientem,
1770 1270 1952 1309 veram

381 1350 679 1419 Spiritalem
711 1350 920 1403 extollit
949 1349 1238 1407 visiOnem,
1266 1356 1323 1400 ut
1357 1344 1745 1411 Solisjustitire
1777 1347 1953 1399 admi-

381 1437 584 1491 rabiles
611 1436 791 1489 radios
823 1435 1018 1489 exinde
1043 1435 1176 1489 orirl
1210 1435 1531 1504 conspiciat.
1560 1434 1671 1488 Hoc
1701 1438 1956 1489 monebat

380 1536 437 1581 et
461 1527 561 1580 1100
612 1527 976 1597 signiﬁcabat,
1005 1535 1059 1580 et
1085 1527 1189 1581 hoc
1223 1527 1453 1581 docebat
1496 1541 1688 1580 omnes
1740 1526 1833 1581 ille
1862 1527 1954 1596 qui

381 1621 457 1672 ait
484 1618 530 1651 “
556 1639 568 1672 :
595 1619 818 1672 Psallite
842 1620 945 1673 Deo
961 1621 1050 1689 qui
1077 1620 1311 1672 ascendit
1333 1636 1487 1686 super
1509 1621 1693 1674 malum
1710 1621 1955 1674 caelorum

382 1712 450 1764 ad
491 1711 762 1764 orientem.
805 1710 898 1766 Sic
941 1725 1174 1780 namque
1214 1710 1419 1764 Danieli
1453 1711 1699 1765 adoranti
1736 1710 1903 1764 Deum
1939 1751 1953 1770 .

382 1813 549 1870 atque
580 1803 891 1871 deprecanti
920 1813 1106 1859 contra
1139 1801 1440 1857 Jerusalem
1464 1804 1849 1871 aperiebantur
1878 1802 1949 1857 fe-
1983 1791 2024 1846 Β

382 1904 584 1950 nestrte
606 1894 670 1950 ⁸⁷.
706 1896 798 1949 1110
824 1897 968 1950 0111111
1004 1897 1093 1949 ubi
1121 1904 1239 1951 erat
1265 1909 1328 1949 ex
1379 1894 1651 1966 Babylone
1678 1895 1742 1947 ad
1771 1895 1953 1949 orien-

383 1996 512 2051 tem,
540 1986 664 2040 inde
688 1996 806 2041 erat
834 1987 963 2041 solis
989 1996 1142 2040 ortus
1175 1985 1240 2039 ad
1265 1984 1624 2055 Babylonem.
1652 1985 1794 2051 Ergo
1824 1987 1951 2054 quia

381 2091 503 2131 cum
527 2077 577 2129 in
616 2075 984 2145 Hierosolyma
1016 2085 1159 2128 esset
1183 2075 1249 2127 ad
1278 2075 1538 2128 orientem
1567 2076 1846 2136 adorabat,
1870 2074 1954 2127 id-

381 2174 531 2227 circo
552 2181 605 2226 et
630 2185 751 2225 cum
784 2178 926 2225 esset
954 2169 1005 2221 in
1030 2165 1325 2238 Babylonia
1353 2179 1607 2235 tanquam
1643 2166 1706 2219 ad
1733 2165 1955 2221 Jerusa-

381 2263 489 2317 lem
528 2275 717 2317 versus
748 2261 814 2315 ad
856 2260 1119 2315 orientem
1150 2259 1413 2313 adorabat
1446 2257 1611 2310 Deum
1639 2265 1694 2311 et
1743 2268 1954 2310 creato-

380 2372 496 2410 rem
528 2355 791 2410 omnium.
822 2353 903 2407 Ad
933 2352 1197 2405 orientem
1242 2350 1505 2404 adorabat
1532 2364 1656 2402 eum
1679 2388 1694 2409 ,
1743 2364 1808 2403 ex
1842 2364 1951 2419 quo

378 2456 463 2501 est
495 2446 656 2500 totius
682 2442 929 2498 beneﬁcii
963 2457 1026 2496 ac
1056 2440 1268 2506 salutis,
1296 2439 1489 2510 gratim
1519 2454 1737 2509 quoque
1762 2454 1826 2494 ac
1852 2440 1952 2492 mi-

381 2536 693 2593 sericordia:
723 2543 901 2589 ortus.
953 2533 1046 2588 Sic
1085 2547 1320 2601 namque
1348 2541 1401 2585 et
1436 2546 1577 2585 nunc
1623 2545 1722 2585 nos
1764 2546 1952 2585 omnes

379 2631 684 2692 credentes,
718 2627 923 2683 sanctis
950 2626 1201 2680 similiter
1232 2623 1577 2678 credentibus
1614 2625 1952 2677 concordan-

382 2731 463 2775 tes
492 2721 557 2774 ad
585 2720 849 2774 orientem
875 2716 1159 2770 adoramus
1177 2713 1465 2768 Dominum
1488 2712 1655 2767 Deum
1681 2722 1947 2776 nostrum,

380 2814 473 2881 qui
508 2820 727 2880 propter
756 2818 995 2863 nostram
1027 2807 1257 2861 salutem
1315 2812 1477 2874 atque
1528 2806 1951 2876 redemptionem

381 2918 549 2971 super
576 2916 834 2957 occasum
884 2915 1015 2953 sane
1053 2897 1351 2961 descendit,
1382 2905 1568 2967 utpote
1590 2897 1645 2950 in
1676 2899 1949 2967 passione,

381 3009 446 3048 ac
482 3001 655 3047 morte
687 3004 1006 3053 occasurus,
1041 2991 1106 3043 ad
1136 2990 1404 3044 orientem
1426 3004 1556 3043 vero
1591 2988 1837 3043 ascendit
1864 2996 1951 3042 ut-

381 3095 505 3156 pote
530 3101 558 3138 a
592 3084 824 3139 mortuis
851 3090 972 3148 post
1005 3082 1311 3151 passionem
1344 3094 1653 3150 resurgens,
1677 3087 1732 3132 et
1758 3080 1811 3133 in
1841 3092 1952 3133 co:-

383 3178 494 3231 lum
523 3183 645 3244 post
690 3174 1143 3228 resurrectionem
1192 3174 1258 3226 ad
1310 3172 1578 3226 orientem
1632 3170 1948 3225 ascendens.

387 3268 588 3323 [lorum
624 3282 860 3337 namque
897 3266 1141 3321 omnium
1174 3266 1404 3337 ﬁguram
1436 3264 1735 3333 adimplens
1764 3263 1954 3319 beatus

381 3355 504 3425 Job,
542 3373 609 3412 ex
633 3358 882 3426 partibus
920 3356 1150 3411 orientis
1194 3371 1315 3412 esse
1347 3356 1570 3420 dicitur,
1600 3357 1725 3425 quia
1777 3355 1953 3410 omnis

384 3451 646 3505 sanctitas
669 3459 724 3505 et
747 3449 921 3519 pietas
950 3459 1113 3520 atque
1142 3449 1277 3504 fides
1308 3463 1478 3517 usque
1506 3447 1561 3502 in
1591 3445 1751 3502 11110111
1773 3448 1824 3501 111
1864 3446 1953 3499 1110

382 3551 501 3598 orta
533 3552 637 3597 est.

454 3635 583 3690 Post
610 3635 725 3689 11ςο0
757 3641 932 3688 autem
969 3632 1220 3687 universa
1271 3632 1534 3703 adjieicns
1571 3632 1743 3687 dicit:
1812 3630 1954 3685 Con-

384 3728 642 3781 oem’entes
672 3740 793 3794 ergo
823 3724 922 3793 ﬁlii
968 3725 1079 3786 eius
1109 3727 1176 3776 ad
1209 3725 1451 3790 invicem,
1473 3725 1759 3792 potationes
1786 3724 1952 3793 facie-

387 3823 507 3872 bant
540 3835 628 3886 per
653 3818 887 3887 singulos
933 3817 1046 3870 dies
1078 3816 1146 3868 “.
1207 3815 1328 3870 Filii
1373 3817 1534 3870 illius.
1593 3815 1799 3885 Cujus?
1826 3814 1947 3869 Jub.

385 3910 504 3966 Filii
539 3910 679 3963 illius
711 3910 802 3978 qui
839 3909 1037 3963 dudum
1067 3918 1196 3964 sunt
1243 3909 1505 3979 designati
1540 3908 1621 3962 vel
1647 3907 1950 3963 memorati.

383 4002 502 4057 Filii
537 4002 631 4070 qui
672 4011 875 4071 septem
900 3998 1121 4055 fuerunt
1154 4016 1406 4063 numero,
1463 4008 1518 4053 et
1550 4013 1710 4051 unam
1745 3998 1952 4051 habue-

382 4101 510 4147 runt
537 4094 795 4146 animam.
827 4091 1045 4159 Septem
1099 4090 1320 4144 fuerunt
1352 4103 1597 4159 persona
1621 4129 1637 4152 ,
1690 4096 1747 4143 et
1784 4102 1950 4141 unum

383 4192 501 4236 erat
528 4182 608 4236 eis
633 4195 746 4235 cor.
811 4179 912 4245 Qui
966 4178 1256 4233 dissimiles
1308 4185 1467 4231 erant
1522 4183 1741 4244 aspectu
1793 4180 1955 4240 atque

382 4274 541 4338 facie,
573 4272 781 4327 similes
811 4286 937 4326 vero
969 4280 1025 4326 et
1074 4270 1361 4324 unanimes
1407 4267 1605 4322 mentis
1660 4264 1954 4321 concordia

383 4378 547 4434 atque
575 4364 794 4433 pietatis
843 4361 1245 4417 communione.
1299 4358 1389 4412 Isti
1440 4372 1572 4428 ergo
1616 4365 1824 4426 septem
1856 4354 1949 4408 lilii

2058 518 2199 572 inter
2230 532 2348 582 eos,
2379 534 2479 573 nec
2512 520 2807 588 quidquam
2843 535 3003 576 suum
3053 534 3174 576 esse
3220 522 3433 575 dicebat
3461 564 3477 588 ,
3532 528 3629 579 sed

2056 618 2212 662 erant
2243 609 2347 663 illis
2375 611 2555 664 omnia
2587 613 2918 673 communia,
2947 621 3001 666 et
3025 627 3268 679 munera,
3295 624 3349 667 et
3374 615 3633 670 substan-

2055 704 2150 765 tia,
2185 714 2242 757 et
2271 703 2493 767 divitiae,
2520 713 2576 756 et
2603 706 2955 771 unanimitas,
2979 715 3033 759 et
3066 707 3325 775 pecunia,
3363 718 3416 762 et
3444 709 3629 763 chari-

2055 803 2159 861 tas,
2192 796 2373 850 omnia
2405 805 2564 850 erant
2616 797 2719 852 illis
2755 799 3081 852 communia.
3117 790 3631 871 Conveniebantque

2059 887 2128 941 ad
2152 888 2381 941 invicem
2406 888 2503 958 ipsi
2522 890 2747 957 priores,
2772 891 3130 960 adimplentes
3151 892 3251 947 hoc
3268 895 3407 961 quod
3422 894 3628 950 dictum

2055 989 2139 1034 est
2166 998 2179 1033 :
2216 979 2348 1035 Ecce
2379 998 2534 1051 quam
2570 985 2782 1045 bonum,
2810 993 2856 1037 et
2890 1002 3046 1053 quam
3072 986 3365 1054 jucundum
3389 990 3631 1045 habitare

2056 1072 2249 1141 fratres
2285 1076 2341 1128 in
2368 1090 2525 1128 unum
2552 1075 2597 1107 ‘9
2625 1092 2637 1129 :
2670 1077 2767 1145 ipsi
2804 1077 3012 1146 priores
3030 1079 3390 1134 observantes
3413 1082 3463 1134 id
3484 1087 3630 1151 quod

2056 1171 2181 1231 post
2213 1165 2280 1217 ab
2313 1164 2574 1233 apostolis
2630 1165 2979 1221 observatum
3011 1178 3096 1223 est
3136 1178 3191 1223 et
3219 1183 3247 1221 a
3283 1171 3630 1225 credentibus

2056 1251 2355 1319 perfectum
2410 1262 2576 1321 atque
2631 1254 3007 1324 adimpletum,
3042 1257 3182 1311 sicut
3216 1258 3415 1314 dicitur
3444 1278 3458 1314 :
3493 1260 3628 1314 Erat

2056 1360 2148 1396 cor
2186 1353 2233 1397 et
2268 1345 2446 1397 anima
2477 1346 2709 1399 omnium
2740 1348 3064 1400 credentium
3097 1366 3203 1402 una
3228 1351 3295 1406 ⁸⁸⁵.
3326 1349 3477 1406 Hanc
3522 1354 3629 1407 sci-

2056 1434 2187 1488 licet
2214 1435 2359 1503 piam
2412 1436 2826 1491 unauimitatem
2858 1440 3211 1496 ostendentes
3258 1450 3421 1509 atque
3451 1445 3629 1497 since—

2058 1543 2173 1580 ram
2219 1526 2564 1580 concordiam
2607 1528 3045 1584 demonstrantes
3083 1531 3223 1585 beati
3282 1533 3359 1588 illi
3400 1535 3495 1588 iilii
3525 1535 3630 1591 Job

2056 1617 2460 1671 conveniebant
2505 1619 2567 1671 ad
2599 1619 2852 1675 invicem.
2887 1621 2963 1675 1ιο
2995 1633 3207 1692 oportet
3232 1628 3393 1681 etiam
3444 1625 3629 1682 facere

2061 1710 2341 1781 religiosos
2368 1710 2589 1774 fratres,
2617 1712 2687 1765 ita
2717 1723 2932 1781 Oportet
2963 1707 3128 1769 etiam
3162 1731 3305 1773 nunc
3336 1719 3629 1775 ostendere

2055 1816 2211 1855 veros
2236 1818 2547 1871 germanos,
2574 1804 2800 1859 blandos
2837 1816 3000 1875 atque
3035 1807 3193 1861 mites
3215 1824 3336 1863 esse
3368 1809 3626 1877 invicem,

2056 1895 2328 1948 modestos
2353 1909 2567 1962 quoque
2593 1905 2647 1948 et
2688 1897 2995 1951 unanimes.
3027 1895 3142 1951 Non
3174 1911 3386 1968 oportet
3408 1911 3630 1956 conten-

2057 1983 2252 2037 tionem
2304 1984 2389 2037 vel
2447 1984 2740 2039 divortium
2777 2002 2898 2042 cum
2948 1990 3175 2045 invicem
3220 1990 3440 2046 habere.
3508 1992 3624 2047 Non

2053 2086 2265 2145 oportet
2289 2091 2383 2130 eos
2417 2076 2674 2131 invidiam
2707 2088 2872 2147 atque
2896 2082 3070 2136 zelum
3105 2084 3368 2139 adversus
3396 2086 3625 2141 invicem

2056 2166 2313 2221 retinere.
2346 2165 2459 2221 Non
2492 2178 2709 2237 oportet
2736 2184 2829 2225 eos
2870 2172 3133 2224 malitiam
3164 2173 3247 2226 vel
3276 2174 3624 2244 iniquitatem

2056 2257 2121 2309 ad
2145 2257 2375 2311 invicem
2407 2273 2707 2322 reservare,
2734 2260 2877 2314 sicut
2903 2262 3029 2315 olim
3062 2264 3199 2317 Esau
3228 2265 3464 2318 servavit
3494 2281 3627 2319 con—

2054 2355 2134 2399 110
2164 2344 2331 2401 Jacob
2388 2347 2619 2403 dicens:
2686 2350 2913 2415 Quando
2965 2355 3455 2421 appropinquabant
3509 2357 3623 2409 dies

2052 2440 2234 2493 mortis
2255 2441 2419 2507 patris
2448 2441 2571 2504 mei,
2594 2442 2903 2512 interﬁciam
2930 2444 3092 2497 Jacob
3112 2446 3332 2514 fratrem
3360 2464 3530 2501 meum
3551 2450 3621 2503 ⁵¹.

2054 2527 2161 2584 Sed
2196 2532 2444 2586 similiter
2464 2544 2522 2586 ut
2550 2533 2624 2586 illi
2654 2534 2891 2605 religiosi
2923 2536 3017 2591 lilii
3046 2534 3145 2590 Job
3177 2553 3236 2593 se
3264 2538 3498 2594 invicem
3529 2542 3624 2595 dc-

2054 2619 2424 2689 bentdiligere
2459 2622 2689 2691 puriter,
2730 2632 2894 2692 atque
2928 2626 3217 2680 sinceriter
3266 2629 3497 2685 invicem
3525 2633 3624 2684 de—

2054 2709 2182 2764 bent
2210 2712 2437 2779 sentire,
2463 2728 2615 2767 suam
2648 2713 2874 2784 gloriam
2908 2726 3074 2786 atque
3100 2718 3357 2775 honorem
3391 2723 3492 2777 sibi
3538 2724 3624 2777 in-

2053 2802 2224 2857 vicem
2255 2802 2491 2869 11111οΠ0,
2521 2806 2662 2859 sicut
2702 2806 2830 2860 dicit
2851 2806 3140 2875 Apostolus
3168 2828 3180 2863 :
3218 2810 3280 2865 Si
3304 2812 3626 2881 honoriﬁca-

2052 2903 2164 2946 tum
2182 2910 2340 2947 unum
2366 2896 2526 2964 fuerit
2548 2898 2860 2965 membrum,
2894 2903 3223 2969 congaudent
3245 2906 3420 2956 omnia
3457 2922 3625 2958 ntem-

2053 2987 2147 3039 bra
2169 2988 2235 3040 ⁸⁵³.
2253 2987 2370 3043 Non
2395 3000 2605 3057 Oportet
2626 2991 2857 3046 invicem
2880 2994 3126 3048 mordere
3155 3007 3317 3065 atque
3340 3000 3629 3053 criminari

2054 3093 2120 3133 ne
2136 3078 2204 3133 ad
2226 3078 2458 3135 invicem
2485 3092 2874 3137 consumantur
2908 3102 2922 3137 :
2953 3084 3096 3139 sicut
3120 3085 3261 3142 Esau
3284 3089 3375 3143 ille
3404 3093 3635 3161 nequis-

2059 3169 2247 3237 simus,
2282 3171 2371 3239 qui
2405 3183 2626 3241 propter
2665 3174 2980 3228 aviditatem
3020 3178 3309 3245 primatum
3340 3181 3632 3250 amittens,

2057 3271 2177 3328 post
2210 3265 2321 3318 haec
2372 3265 2634 3320 adversus
2662 3281 2980 3336 germanum
3014 3268 3237 3325 fratrem
3270 3287 3425 3326 suum
3454 3273 3632 3329 Jacob

2054 3352 2362 3425 insurgens,
2392 3355 2587 3411 divina:
2609 3360 2799 3427 gratiae
2824 3373 3015 3416 exsors
3045 3361 3268 3418 elfectus
3290 3375 3390 3420 est.
3418 3365 3529 3421 Sed
3557 3367 3629 3420 11-

2054 3441 2247 3497 liorum
2270 3442 2372 3500 Job
2400 3445 2603 3500 imitari
2644 3448 2843 3504 debent
2868 3452 3151 3521 benignam
3180 3453 3323 3507 illam
3347 3458 3629 3525 germani-

2057 3542 2246 3599 tatem,
2280 3546 2439 3607 atque
2464 3539 2575 3593 Deo
2598 3539 2847 3594 dilectam
2880 3542 3402 3615 fraternitatem,qui
3432 3563 3630 3605 omnes

2054 3635 2311 3697 tanquam
2346 3645 2408 3684 ex
2443 3640 2631 3686 sancta
2666 3633 2851 3690 radice
2881 3637 3055 3692 sancti
3096 3649 3387 3693 creverunt
3438 3643 3575 3695 rami
3610 3681 3629 3705 ,

2054 3718 2144 3786 qui
2175 3734 2363 3772 omnes
2395 3722 2645 3789 tanqua’m
2676 3739 2742 3777 ex
2782 3735 2968 3779 sancta
3001 3727 3198 3781 arbore
3219 3736 3465 3782 sanctum
3496 3746 3630 3799 pru-

2054 3808 2325 3864 duxerunt
2347 3821 2403 3865 et
2430 3809 2685 3866 fructum.
2711 3814 2786 3869 De
2812 3815 2929 3869 istis
2955 3831 3085 3886 ergo
3126 3818 3249 3873 istic
3279 3820 3410 3874 dicit
3435 3841 3449 3875 :
3478 3822 3627 3877 Can-

2055 3900 2316 3953 venieutes
2349 3912 2521 3954 autem
2555 3900 2653 3967 ﬁlii
2681 3903 2796 3971 ejus
2818 3909 2886 3957 ad
2908 3906 3126 3960 invicem
3155 3948 3170 3974 ,
3198 3912 3497 3975 potationes
3537 3914 3631 3981 ιά-

2054 3989 2257 4043 ciebant
2284 4007 2375 4058 per
2397 3992 2633 4061 singulos
2658 3996 2767 4049 dies
2798 3998 2890 4049 δ”.
2928 3996 3236 4055 Potationes
3258 4000 3541 4058 faciebant.
3570 4006 3628 4059 id

2055 4091 2137 4136 est
2164 4083 2433 4147 convivia,
2476 4083 2837 4151 festivitates,
2889 4088 3155 4158 laetitiam,
3198 4091 3624 4159 jucunditatem.

2057 4173 2161 4227 Sed
2195 4190 2297 4227 non
2328 4174 2429 4228 sibi
2467 4185 2677 4230 tantum
2714 4177 3020 4245 huiusmodi
3074 4180 3386 4251 faciebant,
3434 4186 3530 4240 sed
3565 4198 3628 4241 et

2055 4266 2334 4321 sororibus
2360 4267 2491 4321 suis.
2527 4266 2832 4323 Convocatis
2855 4311 2870 4335 ,
2929 4273 3141 4343 inquit,
3184 4277 3255 4330 ad
3283 4294 3338 4331 se
3381 4289 3428 4331 et
3456 4280 3631 4335 tribus

2054 4357 2323 4409 sororibus
2350 4361 2478 4425 suis,
2501 4367 2556 4412 ut
2579 4376 2752 4414 secum
2775 4364 3175 4431 manducarent,
3202 4377 3246 4421 et
3272 4369 3502 4423 biberent
3526 4369 3623 4424 "‘.

383 4456 481 4513 Job
504 4457 891 4510 cenvenieutes
923 4451 1262 4508 adiuvicem.
1294 4447 1414 4504 Non
1437 4456 1555 4503 erat
1582 4448 1723 4502 inter
1744 4460 1838 4501 eos
1866 4460 1952 4499 su-
1982 4465 2027 4521 ι)
2059 4443 2365 4501 Potationes
2392 4448 2678 4517 faciebant,
2711 4450 2806 4505 sed
2831 4467 2935 4505 non
2972 4465 3194 4524 propter
3223 4457 3622 4527 ebriositatem,

381 4551 590 4621 perbia,
622 4562 795 4618 neque
824 4545 1159 4615 arrogantia,
1193 4556 1368 4613 neque
1392 4540 1616 4603 inﬂatio,
1645 4552 1817 4607 neque
1837 4536 1949 4590 ela-

385 4642 481 4696 tio.
513 4638 631 4693 Non
660 4636 1044 4693 contemnebat
1089 4635 1298 4704 primus
1324 4631 1676 4686 novissimum
1699 4668 1715 4694 ,
1750 4642 1856 4683 non
1890 4640 1949 4680 se

382 4730 697 4795 extollebat,
730 4743 833 4783 non
855 4726 1130 4781 exultabat
1149 4724 1325 4793 major
1350 4737 1512 4792 super
1535 4721 1822 4785 minorem,
1854 4718 1946 4773 sed

384 4835 766 4891 germanorum
794 4819 944 4874 circa
985 4816 1219 4871 invicem
1256 4821 1647 4869 conservantes
1674 4810 1944 4866 unanimi-

385 4920 575 4973 tatem,
600 4908 998 4963 conveniebant
1026 4906 1091 4961 ad
1112 4901 1787 4962 invicem.Conveniebant
1816 4914 1951 4970 pure

383 5010 549 5071 atque
579 5000 810 5065 sincere,
842 4996 1237 5053 conveniebant
1257 4992 1599 5049 concorditer
1620 5000 1785 5061 atque
1816 5003 1951 5042 una-

384 5092 623 5146 nimiter.
646 5088 839 5144 Junior
858 5086 1042 5155 majori
1067 5086 1388 5155 obsequium
1404 5083 1685 5147 reddebat,
1714 5080 1952 5137 novissi-

385 5197 508 5236 mus
535 5185 710 5252 primo
752 5194 876 5234 cum
909 5178 1145 5247 primatu
1184 5178 1445 5232 honorem
1479 5173 1771 5229 exhibebat
1798 5189 1811 5224 :
1844 5186 1951 5225 non

385 5271 663 5326 invidebat
687 5270 827 5324 alter
852 5269 1038 5333 alteri,
1068 5268 1211 5322 sicut
1241 5267 1336 5321 lilii
1365 5262 1534 5321 Jacob
1564 5264 1785 5333 Joseph.
1833 5262 1952 5317 Non

384 5364 672 5418 resistebat
701 5361 841 5416 alter
867 5361 1045 5425 alteri,
1075 5360 1216 5415 sicut
1242 5358 1477 5413 Absalon
1508 5360 1705 5422 Amon,
1738 5364 1794 5411 et
1812 5356 1955 5412 sicut

383 5456 620 5510 Adouias
638 5453 917 5518 Salomon,
948 5454 1041 5508 sed
1064 5452 1456 5507 conveniebant
1476 5450 1542 5503 ad
1560 5449 1812 5515 invicem,
1838 5456 1956 5501 tan-

386 5563 546 5615 quam
587 5547 781 5601 fratres
810 5545 875 5599 ad
901 5544 1130 5612 fratres,
1162 5552 1415 5615 tanquam
1448 5542 1693 5613 germani
1730 5541 1798 5595 ad
1834 5554 1955 5612 ger-

456 5685 502 5717 ⁸⁸
526 5686 661 5741 Gen.
685 5703 744 5748 11,
780 5686 832 5741 8.

387 5757 427 5788 ⁸¹
460 5757 595 5811 Gen.
627 5774 795 5823 xxvii,
827 5758 910 5812 111.

1600 5681 1644 5712 ⁸⁷
1688 5680 1821 5735 Dan.
1856 5695 1930 5736 Vl.

1569 5752 1634 5784 ⁵³·
1660 5750 1760 5806 Job
1792 5766 1828 5817 1,
1854 5752 1907 5804 4.

937 5686 983 5718 ⁸⁸
1013 5684 1153 5740 Psal.
1171 5699 1338 5747 vatt,
1403 5683 1494 5737 35.

988 5758 1032 5790 "
1067 5755 1085 5810 1
1114 5754 1240 5813 Cor.
1272 5770 1370 5821 xu,
1394 5753 1491 5807 9.6.

2055 4552 2233 4606 neque
2255 4554 2351 4608 pro
2383 4539 2618 4607 luxuria,
2673 4559 2844 4611 neque
2882 4560 2980 4615 pro
3033 4548 3365 4616 turpitudine
3390 4591 3407 4616 ,
3448 4566 3626 4621 neque

2053 4643 2153 4697 pro
2180 4630 2593 4699 intemperantia
2621 4672 2636 4696 ,
2677 4648 2852 4702 neque
2899 4650 2997 4703 pro
3036 4637 3241 4692 illicitis
3272 4641 3627 4697 scurrilitati-

2059 4721 2179 4785 bus,
2208 4736 2386 4790 neque
2410 4736 2505 4790 pro
2538 4724 2889 4780 desideriosis
2930 4728 3091 4796 jocis,
3128 4746 3301 4799 neque
3332 4748 3427 4800 pro
3454 4734 3631 4804 impu-

2056 4811 2194 4867 dicis
2247 4812 2531 4882 colloquiis
2589 4826 2749 4887 atque
2802 4819 3073 4875 obscenis.
3123 4822 3178 4876 Si
3213 4824 3356 4877 enim
3417 4826 3627 4894 aliquid

2057 4901 2253 4957 horum
2308 4906 2448 4972 apud
2496 4920 2590 4961 eos
2638 4906 2873 4975 fuisset,
2905 4912 2954 4964 si
2982 4912 3182 4980 aliquid
3213 4913 3281 4968 de
3311 4913 3623 4983 hujusmodi

2057 4993 2200 5049 beati
2228 4993 2302 5049 illi
2338 4995 2431 5051 ﬁlii
2462 4994 2564 5053 Job
2593 5010 2840 5069 agerent,
2871 5017 2977 5058 non
3012 5005 3197 5073 utique
3231 5021 3449 5061 sorores
3493 5022 3626 5064 suas

2058 5096 2241 5137 secum
2272 5098 2686 5156 convocassent,
2733 5100 2791 5144 ut
2819 5105 2943 5146 cum
2974 5096 3253 5151 sororibus
3276 5097 3389 5151 suis
3433 5091 3628 5152 illicita

2055 5188 2218 5247 atque
2240 5178 2513 5248 impudica
2531 5194 2772 5253 agerent,
2805 5187 2888 5241 vel
2905 5186 3358 5257 colloquerentur.
3376 5189 3448 5243 At
3477 5204 3627 5245 nunc

2055 5284 2184 5326 vero
2211 5271 2334 5340 quia
2356 5286 2519 5341 opera
2554 5289 2742 5330 eorum
2769 5316 2786 5341 ,
2822 5289 2877 5333 et
2914 5279 3102 5344 verba,
3131 5290 3187 5334 et
3211 5289 3508 5335 conventus
3535 5291 3625 5333 at-

2057 5377 2164 5431 que
2202 5365 2445 5419 convivia
2479 5367 2565 5435 pia
2601 5383 2664 5423 ac
2688 5371 2880 5437 pudica
2908 5380 3084 5435 erant,
3107 5372 3305 5428 decora
3333 5383 3496 5443 atque
3526 5373 3625 5427 de-

2056 5452 2220 5519 lecta,
2255 5465 2406 5511 casta
2443 5457 2796 5514 nihilominus
2823 5469 2875 5514 et
2909 5462 3127 5529 munda,
3159 5464 3351 5519 merito
3380 5464 3433 5518 in
3459 5464 3628 5518 4eSti-»

2032 5578 2035 5579 ν
2061 5546 2297 5602 monium
2324 5551 2659 5621 purgationis
2690 5563 2993 5623 suteatque
3023 5555 3300 5610 munditia:
3332 5571 3629 5627 germanas

2052 5678 2097 5760 is.
2121 5679 2231 5760 :‘pb
2266 5699 2304 5747 1,
2354 5683 2401 5737 1.
2525 5684 2569 5725 ‘9
2600 5684 2740 5742 Psal.
2778 5704 2984 5757 cxmt,
3025 5691 3079 5745 1.
3198 5692 3242 5723 ⁸ο
3274 5692 3394 5747 Act.
3422 5708 3495 5760 tv,
3526 5691 3629 5751 59.,

1981 5748 2026 5780 ⁸³
2062 5751 2193 5806 ibid.
