3884 6218
211 291 316 347 395

1335 298 1717 355 ANONYML‘S
1756 298 1819 352 IN
1859 296 1996 352 JOli.
2041 332 2104 339 ——
2144 298 2269 353 LIB.
2312 300 2351 353 Ι.

3360 310 3463 364 5M

211 425 429 465 sorores
466 425 592 465 suas
612 426 797 466 secum
836 414 1228 481 convocabaut,
1250 426 1307 470 ut
1336 419 1651 474 innocentes
1679 435 1794 473 sce-
1827 419 1869 474 A
1900 413 2043 467 lalur
2071 416 2213 469 enim
2246 426 2421 472 leculn
2456 416 2717 472 Dominus
2745 418 2887 475 Deus
2919 429 3041 476 llius
3080 437 3176 490 νοτ
3225 425 3463 495 inopem.

212 503 387 558 terum
412 517 597 557 coram
632 514 784 573 patre
827 520 925 559 suo
979 516 1142 576 atque
1187 509 1439 565 omnibus
1464 521 1791 566 attestaren-

211 606 321 651 tur.
358 596 441 652 0b
495 598 597 652 hoc
644 613 775 669 ergo
812 603 1188 656 convocabant
1227 604 1294 657 ad
1342 619 1402 659 se
1432 614 1543 661 tres
1576 622 1791 661 sorores

212 702 344 742 suas
370 697 428 741 ut
449 702 631 743 secum
663 690 1056 745 manducarent
1094 702 1150 747 et
1198 693 1487 759 biberent,
1540 706 1596 749 ut
1648 698 1790 751 sicut

209 792 397 833 secum
431 782 821 835 manducarent
875 791 929 836 et
983 782 1269 850 biberent,
1300 786 1381 841 sic
1411 796 1462 841 et
1511 788 1788 843 collauda-

211 880 360 935 rent,
393 881 449 925 et
484 872 904 928 honorificarenl
939 890 1123 930 secum
1151 878 1435 933 Dominum
1470 880 1749 935 caelestem
1771 920 1786 945 ,

207 962 290 1017 sic
322 973 377 1017 et
410 965 722 1027 adorarent,
757 976 813 1020 et
843 968 1049 1034 gratias
1081 981 1305 1040 agerent
1348 986 1479 1027 vero
1510 970 1785 1035 Creatori,

208 1055 376 1110 sicet
404 1054 698 1112 adorarent
728 1067 783 1112 et
813 1059 1241 1127 deprecarentur
1276 1073 1539 1119 aeternum
1578 1079 1785 1134 regem.

208 1145 294 1201 0b
328 1146 430 1201 boc
462 1162 595 1217 ergo
638 1151 1015 1205 convocabant
1042 1167 1225 1209 secum
1252 1164 1361 1210 tres
1390 1170 1609 1212 sorores
1637 1173 1783 1225 snas,

207 1249 267 1292 ut
290 1238 484 1295 fierent
515 1256 707 1297 omnes
743 1243 901 1297 simul
930 1244 1157 1301 ecclesia
1193 1259 1527 1315 sanctorum,
1558 1266 1787 1323 congre-

208 1332 356 1400 gatio
392 1333 789 1402 religiosorum,
832 1350 1135 1394 conventus
1171 1340 1681 1409 immaculatorum,
1731 1356 1786 1399 ct

209 1422 741 1491 iucoinquinatorum
774 1436 938 1497 atque
988 1440 1287 1485 castorum.
1317 1433 1410 1487 Sic
1440 1434 1627 1503 itaque
1656 1451 1786 1490 con-

206 1516 489 1570 venientes
527 1518 827 1573 adiutricem
871 1504 1175 1590 potationes
1214 1524 1485 1581 faciebant
1534 1543 1629 1597 per
1674 1530 1784 1582 sin-

208 1608 369 1675 gulos
393 1609 529 1663 dies.
564 1608 678 1664 Non
709 1626 804 1677 per
845 1612 1089 1682 singulos
1120 1617 1235 1669 dies
1269 1619 1433 1673 tctius
1477 1619 1597 1673 vitae
1624 1636 1738 1675 sua:
1768 1661 1783 1686 ,

208 1698 305 1751 sed
330 1713 424 1766 per
444 1700 687 1769 singulos
708 1702 825 1756 dies
848 1703 1185 1772 septimanae.
1212 1705 1426 1775 Septem
1447 1724 1567 1761 cum
1603 1718 1785 1763 essent

210 1788 334 1854 filii,
369 1803 575 1861 septem
606 1794 799 1849 diebus
826 1795 963 1851 festa
1002 1799 1373 1854 celebrabant.
1407 1800 1498 1855 Sic
1550 1818 1785 1872 namque

205 1891 265 1937 et
295 1882 380 1937 lex
406 1895 526 1953 post
555 1887 669 1941 haec
701 1888 945 1957 praecipit
977 1900 1183 1961 septem
1232 1894 1424 1950 diebus
1452 1910 1638 1966 agere,
1671 1899 1784 1953 sive

205 1975 445 2041 paschae,
478 1976 594 2030 sive
617 1978 1101 2047 hebdomadarum,
1127 1984 1245 2038 sive
1267 1988 1622 2057 scenopegiaz.
1660 1988 1785 2044 llaec

206 2066 397 2137 itaque
428 2068 652 2138 implere
677 2072 1038 2141 anticipantes
1072 2074 1166 2129 lilii
1196 2074 1319 2139 Job,
1355 2080 1439 2131 vel
1474 2078 1638 2133 etiam
1669 2081 1786 2151 ipse

205 2155 311 2213 Job
334 2160 424 2229 qui
454 2176 548 2217 eos
576 2162 783 2228 docuit,
812 2167 1123 2233 potationes
1170 2167 1444 2223 faciebant
1500 2186 1599 2241 per
1653 2173 1787 2228 istos

206 2261 417 2319 septem
447 2253 562 2307 dics
590 2292 605 2318 ,
662 2256 1031 2325 unusquisque
1079 2270 1263 2311 eorum
1298 2261 1437 2327 apud
1490 2276 1549 2316 se
1581 2262 1786 2318 habens

206 2356 315 2394 una
368 2342 456 2397 die
502 2358 695 2399 omnes
756 2344 952 2401 fratres
983 2361 1141 2411 suos,
1174 2356 1229 2402 et
1262 2364 1482 2405 sorores
1511 2389 1527 2414 ,
1578 2352 1786 2420 primus

205 2432 469 2502 primum,
500 2438 773 2492 secundus
799 2440 1125 2505 secundum,
1156 2451 1213 2495 et
1253 2441 1328 2496 ita
1389 2457 1788 2514 consequenter

208 2538 311 2593 per
345 2526 587 2581 ordinem
622 2543 811 2584 omnes
845 2545 1016 2599 usque
1047 2532 1113 2585 ad
1144 2536 1665 2591 consummationem
1691 2538 1786 2592 ho-

207 2630 333 2669 rnm
355 2628 559 2686 septem
594 2618 831 2675 dierum.
855 2620 960 2677 Per
990 2624 1125 2678 istos
1148 2638 1277 2695 ergo
1304 2627 1545 2698 singulos
1576 2639 1784 2698 septem

207 2709 329 2764 dies
368 2711 676 2780 potationes
704 2713 1002 2779 faciebant,
1034 2716 1087 2771 id
1111 2726 1193 2771 est
1224 2717 1367 2772 diem
1401 2719 1621 2787 festum,
1656 2736 1787 2777 con-

206 2801 446 2867 vivium,
488 2805 727 2872 epulum,
781 2808 1197 2877 jucunditatem.
1253 2811 1361 2869 Sed
1396 2814 1584 2883 procul
1622 2815 1785 2871 dubio

205 2896 357 2964 quod
385 2910 491 2949 non
518 2897 619 2951 sibi
655 2907 886 2967 tantum,
932 2915 1107 2970 neque
1136 2903 1267 2957 solis
1310 2904 1590 2960 sororibus
1627 2908 1742 2961 suis
1766 2948 1782 2973 ,

206 2985 306 3039 sed
337 2994 394 3039 et
420 2988 595 3042 servis
625 2997 678 3042 et
709 2988 913 3055 liberis,
951 3001 1005 3047 et
1034 2995 1382 3063 pauperibus,
1413 3004 1467 3050 et
1492 2999 1700 3067 egenis,
1731 3008 1787 3054 et

1894 513 1948 558 ct
1977 520 2271 575 pauperum
2298 524 2415 573 ora,
2444 510 2533 578 qui
2571 510 2647 563 ait
2674 529 2685 563 :
2725 510 3087 582 Quodcunque
3113 517 3340 583 feceritis
3371 523 3464 574 uni

1893 595 1958 647 de
2007 598 2239 651 minimis
2282 599 2399 653 istis
2455 600 2879 664 miserabilibus,
2909 603 3037 656 mihi
3078 604 3275 672 fecistis
3315 608 3464 662 "-".

1962 686 2091 742 Post
2122 690 2233 743 haec
2258 690 2505 745 universa
2545 691 2680 746 dicit
2710 710 2721 744 :
2751 691 2820 745 Et
2848 710 2965 747 cum
2991 695 3131 764 ﬁniti
3160 710 3328 753 essent
3353 701 3466 755 dies

1890 783 2221 847 palatiomtm
2253 782 2319 834 ⁵⁵.
2353 782 2605 839 Ostendit
2638 788 2919 843 evidenter
2968 788 3091 844 istic
3117 790 3257 859 quod
3307 808 3466 863 supe-

1892 870 2005 925 rius
2031 872 2232 926 dictum
2263 884 2348 928 est
2377 890 2561 929 verum
2589 876 2778 944 fuisse,
2804 878 2931 947 quia
2959 894 3064 933 non
3094 895 3309 951 semper
3332 899 3469 954 epu-

1891 959 2165 1028 labantur,
2195 964 2319 1031 quia
2363 979 2467 1019 non
2514 966 2756 1035 quotidie
2790 968 3099 1037 potationes
3148 970 3465 1042 faciebant,

1892 1053 1987 1107 sed
2038 1055 2204 1110 certis
2240 1056 2451 1124 diebus,
2507 1057 2601 1113 sed
2645 1058 2763 1114 istis
2791 1060 2981 1116 diebus
3034 1062 3127 1132 qui
3175 1067 3465 1121 memorati

1889 1155 2021 1198 Slll'll
2052 1159 2264 1216 SCPICII'I
2313 1164 2540 1205 numero
2583 1153 2881 1206 secundum
2920 1170 3206 1209 numerum
3254 1167 3463 1228 septem

1888 1234 2121 1292 filiorum
2153 1237 2276 1305 Job,
2308 1242 2606 1297 secundum
2640 1243 2760 1299 illos
2782 1255 2989 1315 septem
3019 1247 3113 1317 qui
3145 1248 3197 1302 in
3232 1248 3349 1320 lege
3380 1267 3467 1307 ce-

1888 1327 2085 1383 lebrati
2113 1343 2259 1386 sunt.
2290 1332 2422 1388 Cum
2452 1351 2580 1408 ergo
2609 1337 2698 1392 isti
2726 1337 3032 1405 finireutur,
3065 1350 3189 1411 post
3210 1343 3312 1398 hoc
3338 1360 3463 1399 cum

1890 1420 2145 1475 transiret
2178 1423 2519 1493 solemnitas,
2544 1444 2666 1483 cum
2706 1430 2998 1486 finirentur
3030 1435 3338 1503 potationes
3370 1451 3463 1492 se-

1887 1515 2121 1569 cundum
2160 1515 2473 1573 festivitatis
2501 1524 2973 1579 consuetudinem.
3010 1524 3126 1580 Non
3152 1529 3297 1581 enim
3330 1543 3465 1599 quo-

1892 1602 2020 1657 tidie
2042 1607 2350 1672 potationes
2384 1610 2655 1663 faciebant
2690 1612 2781 1665 lilii
2824 1613 2969 1669 illius
2996 1614 3139 1669 beati
3176 1618 3313 1683 viri,
3369 1635 3466 1675 ne-

1888 1709 1993 1763 que
2019 1711 2234 1766 semper
2284 1700 2333 1752 in
2372 1702 2668 1766 calicibus,
2699 1712 2753 1757 et
2785 1705 2987 1773 pbialis
3018 1709 3223 1764 dabant
3274 1712 3464 1769 oculos

1820 1769 1860 1822 Β
1891 1802 2039 1853 suos,
2082 1806 2188 1843 non
2226 1801 2383 1846 erant
2428 1794 2724 1861 vinolenti,
2759 1796 2902 1851 sicut
2934 1808 3061 1854 sunt
3091 1816 3235 1856 nunc
3270 1820 3464 1872 quam-

1888 1879 2127 1949 plurimi,
2160 1884 2252 1937 sed
2278 1886 2451 1939 sancti
2476 1897 2634 1941 erant
2662 1890 2990 1945 sanctissimi
3032 1892 3177 1948 illius
3210 1895 3301 1949 filii
3338 1894 3457 1952 Job.

1888 1970 2023 2025 Cum
2049 1986 2178 2042 ergo
2204 1976 2376 2029 sancti
2412 1977 2510 2030 viri
2539 1990 2751 2045 essent,
2780 1985 2956 2038 sancti
2992 1985 3047 2039 in
3097 1987 3463 2042 solemnitati-

1889 2061 1991 2115 bus
2026 2063 2161 2125 suis,
2198 2064 2265 2119 de
2300 2067 2552 2122 castitate
2590 2084 2656 2123 ac
2704 2073 2998 2127 sanctitate
3025 2112 3041 2138 ,
3082 2074 3148 2127 de
3197 2076 3461 2129 munditia

1890 2168 2105 2224 quoque
2135 2170 2199 2210 ac
2229 2158 2487 2225 pudicitia
2513 2167 2566 2214 et
2595 2174 2780 2216 secum
2809 2164 3040 2219 invicem
3068 2175 3123 2219 et
3156 2180 3276 2221 cum
3310 2181 3463 2223 soro-

1892 2247 2041 2301 ribus
2069 2250 2180 2303 suis
2216 2250 2499 2319 loquentes
2520 2292 2535 2317 ,
2580 2251 2735 2321 juxta
2766 2256 2881 2311 hec
2914 2272 3035 2327 qua:
3071 2259 3320 2327 superius
3346 2274 3461 2313 me-

1891 2355 2097 2400 morata
2127 2357 2254 2400 sunt
2295 2349 2573 2404 universa.
2596 2348 2889 2421 Postquam
2913 2367 3046 2422 ergo
3069 2353 3149 2407 sic
3176 2352 3313 2407 finiti
3338 2361 3465 2407 sunt

1890 2439 2005 2493 dies
2036 2441 2368 2507 potationum
2424 2441 2477 2494 in
2522 2444 2813 2510 castitate,
2854 2454 2910 2499 et
2966 2446 3017 2499 in
3052 2446 3251 2515 pietate
3300 2455 3463 2516 atque

1890 2530 2172 2596 pudicitia,
2218 2539 2337 2601 post
2364 2531 2465 2587 hoc
2496 2534 2753 2589 nimirum
2773 2537 2900 2605 quid
2931 2534 3134 2590 factum
3167 2546 3252 2591 est
3278 2550 3463 2592 osten-

1889 2624 1967 2685 dit
2000 2625 2187 2679 dicens
2220 2644 2231 2679 :
2269 2626 2513 2681 Mittebat
2539 2628 2639 2681 Job
2670 2638 2719 2681 et
2746 2630 3033 2684 mandabat
3081 2631 3204 2685 illos
3226 2631 3291 2693 ⁵⁸,
3339 2632 3465 2685 mit-

1894 2717 2039 2769 tebat
2076 2717 2141 2768 ad
2165 2730 2259 2772 eos
2316 2718 2406 2787 qui
2444 2717 2706 2786 pietatem
2761 2721 3139 2785 admonerent,
3175 2736 3264 2789 qni
3295 2722 3461 2787 justi-

1891 2805 2019 2861 tiam
2052 2807 2411 2874 instruerent,
2433 2810 2524 2878 qui
2552 2810 2644 2865 Dei
2678 2811 2924 2866 timorem
2952 2814 3229 2880 docerenl,
3259 2816 3353 2884 qui
3384 2826 3465 2871 te-

1888 2896 2262 2972 stificareutur
2297 2900 2391 2953 Dei
2416 2900 2682 2966 judicium
2725 2902 2969 2959 terribile
3000 2904 3053 2959 in
3078 2920 3184 2975 quo
3214 2906 3458 2962 omnium

1888 2999 1941 3044 et
1971 2991 2381 3047 manifestorum
2422 3008 2669 3062 operum,
2702 3002 2757 3049 et
2786 2995 3077 3050 verborum
3110 3000 3248 3054 ratio
3279 2998 3461 3068 inqui-

208 3076 600 3146 indigentibus,
631 3089 686 3135 et
714 3095 820 3137 non
872 3082 1200 3139 habentibus
1230 3085 1480 3141 omnibus
1512 3087 1785 3142 faciebant
1815 3107 1860 3169 ρ
1894 3083 2032 3136 ritur
2064 3094 2230 3155 atque
2275 3084 2543 3150 redditur,
2576 3085 2631 3140 in
2686 3100 2795 3155 quo
2846 3086 3086 3143 vindicta
3119 3089 3463 3159 impatienter

204 3169 452 3238 epulum,
500 3174 759 3227 omnibus
811 3172 1147 3230 exhibebant
1174 3178 1596 3245 jucunditatem,
1628 3189 1790 3249 atque

204 3261 544 3316 convivium.
576 3260 695 3318 Non
727 3266 870 3321 enim
907 3276 1160 3336 poterant
1210 3268 1263 3323 in
1306 3280 1460 3337 parte
1501 3286 1633 3326 sane
1662 3272 1786 3326 imi-

206 3354 315 3407 tari
350 3354 545 3425 legem,
587 3358 640 3411 in
682 3369 837 3426 parte
868 3370 1050 3416 autem
1097 3376 1228 3415 non.
1276 3362 1394 3416 Non
1442 3372 1695 3432 poterant
1734 3365 1787 3419 in

207 3447 318 3501 hoc
354 3447 551 3501 imitari
588 3449 759 3519 legem
793 3460 852 3505 ut
884 3462 1093 3523 septem
1133 3454 1330 3509 diebus
1366 3453 1504 3510 festa
1551 3454 1789 3511 celebra-

203 3549 358 3605 rent,
392 3542 445 3595 in
483 3542 586 3598 boc
608 3554 786 3599 autem
814 3561 919 3601 non
952 3547 1176 3615 imitari,
1207 3556 1266 3601 ut
1294 3564 1401 3603 non
1434 3551 1788 3619 epularentur

203 3646 334 3685 cum
367 3632 474 3687 illis
504 3635 670 3697 servi,
701 3645 869 3704 atque
917 3637 1148 3705 ancillae,
1178 3653 1244 3692 ac
1296 3641 1473 3709 egeni.
1522 3638 1785 3710 Praecepit

206 3737 447 3793 namque
478 3725 531 3779 in
563 3725 680 3795 lege
721 3738 775 3781 et
813 3727 945 3782 dicit
976 3742 989 3780 :
1030 3726 1242 3799 Septem
1280 3730 1462 3783 diebus
1503 3730 1785 3785 celebrabis

203 3816 352 3869 diem
379 3816 569 3885 festum
605 3819 832 3875 Domino
859 3820 968 3875 Deo
991 3832 1105 3889 tuo,
1138 3832 1188 3877 et
1232 3824 1523 3890 epulaberis
1548 3833 1601 3877 tu
1635 3834 1682 3878 et
1716 3826 1783 3893 ft-

201 3913 311 3967 lius
335 3921 477 3975 tuus,
510 3922 557 3966 et
585 3913 699 3980 [ilia
723 3922 836 3978 tua,
869 3926 915 3967 et
944 3932 1123 3969 servus
1163 3924 1307 3981 tuus,
1353 3928 1401 3970 et
1439 3916 1634 3970 ancilla
1669 3927 1781 3979 tua,

200 4018 257 4059 et
290 4006 489 4059 advena
528 4006 618 4076 qui
669 4014 745 4060 est
788 4006 841 4059 in
875 4015 944 4070 tc,
990 4017 1037 4061 et
1080 4024 1269 4077 egenus
1299 4011 1467 4077 gentis
1498 4020 1623 4064 tum.
1654 4011 1782 4077 Qua:

201 4112 341 4167 ergo
364 4100 415 4151 in
444 4098 562 4167 lege
592 4108 711 4167 post
762 4099 875 4154 haec
898 4109 1169 4170 pra-cepta
1201 4110 1349 4165 sunt,
1382 4104 1496 4155 meo
1526 4103 1781 4157 nimirum

199 4190 515 4257 anticipans
546 4187 671 4254 Joh,
727 4201 784 4245 et
842 4192 958 4258 ipse
991 4191 1256 4260 implevit,
1288 4200 1343 4244 et
1394 4192 1532 4244 filius
1560 4192 1783 4261 implere

198 4279 421 4342 docuit,
456 4291 510 4334 et
562 4279 1012 4349 hospitalitatem,
1052 4290 1107 4335 et
1145 4280 1571 4351 eleemosynam,
1601 4291 1655 4337 et
1684 4285 1781 4337 mi-

154 4358 159 4362 ’
198 4370 569 4428 sericordiam
620 4381 675 4425 et
722 4386 1021 4442 pauperum
1071 4379 1127 4426 et
1164 4373 1485 4427 miserorum
1523 4373 1779 4428 beneficia

1893 3175 2147 3229 omnibus
2176 3177 2462 3232 animabus
2489 3176 2743 3243 infertur,
2774 3179 2829 3233 in
2861 3194 2969 3248 quo
3005 3181 3084 3235 ira
3144 3182 3197 3236 in
3242 3181 3463 3239 flamma

1894 3266 2034 3335 ignis
2061 3268 2317 3322 omnibus
2345 3268 2526 3337 impiis
2550 3268 2841 3340 irrogatur.
2871 3270 3063 3328 Verbis
3099 3288 3227 3344 ergo
3256 3277 3462 3331 doctri-

1893 3376 1997 3424 nae,
2025 3361 2321 3429 disciplina:
2358 3372 2518 3431 atque
2550 3364 2964 3432 admonitionis,
2990 3366 3289 3422 mandabat
3318 3368 3463 3433 illos,

1892 3451 2005 3505 sive
2030 3465 2125 3518 per
2153 3466 2249 3507 eos
2273 3467 2409 3520 quos
2441 3453 2693 3507 mittebat
2719 3454 2786 3508 ad
2822 3454 2960 3519 illos,
3002 3456 3116 3512 sive
3140 3472 3235 3526 per
3260 3470 3463 3514 semet-

1892 3542 2067 3611 ipsum
2101 3543 2167 3594 ad
2216 3556 2275 3595 se
2301 3556 2606 3596 convocans
2639 3542 2783 3598 illos.
2819 3543 2925 3599 Sed
2958 3546 3234 3612 mittebat,
3266 3548 3463 3618 inquit,

1892 3644 1946 3689 et
1967 3634 2395 3691 mundabateos.
2426 3636 2566 3702 Quid
2587 3638 2835 3693 mittebat
2864 3637 2948 3692 vel
2976 3641 3249 3708 quomodo
3278 3643 3462 3696 mitte-

1889 3727 2021 3781 bat?
2048 3728 2128 3781 Ad
2169 3729 2450 3783 Dominum
2482 3730 2752 3793 mittebat,
2780 3738 2834 3784 et
2866 3733 2932 3785 ad
2978 3730 3293 3787 Creatorem
3325 3734 3460 3789 diri-

1889 3820 2068 3889 gebat.
2096 3818 2234 3885 Quid
2266 3820 2546 3875 mittebat?
2568 3818 2856 3877 Orationes
2892 3836 2957 3877 ac
2992 3838 3182 3890 preces
3211 3839 3341 3881 suas
3362 3840 3459 3894 pro

1887 3914 1987 3977 eis,
2011 3912 2406 3968 confessionem
2435 3928 2651 3982 quoque
2676 3925 2837 3983 atque
2867 3916 3165 3985 gratiarum
3190 3918 3461 3973 actionem

1887 4020 1985 4074 pro
2017 4005 2143 4059 illis.
2172 4004 2297 4059 llaec
2334 4004 2541 4060 scilicet
2591 4006 2841 4061 universa
2871 4010 3120 4063 mittebat
3148 4017 3202 4063 et
3232 4010 3459 4064 munda-

1889 4099 1981 4153 bat
2004 4114 2117 4154 eos.
2151 4099 2445 4153 Mandabat
2485 4112 2579 4153 eos
2629 4098 2968 4154 orationibus
3005 4101 3139 4165 suis,
3166 4102 3464 4156 mundabat

1888 4205 1981 4243 eos
2012 4192 2262 4259 precibus
2286 4205 2351 4244 ac
2372 4188 3163 4257 postulationibus,mundabat
3194 4206 3291 4245 eos
3321 4191 3462 4244 sicut

1888 4282 2100 4352 Moyses
2125 4282 2261 4337 filios
2289 4282 2450 4335 Israel
2482 4296 2579 4349 pro
2602 4282 2709 4335 illis
2728 4282 2782 4335 in
2803 4282 3021 4336 deserto
3045 4283 3272 4346 orando,
3304 4298 3462 4337 mnu-

1887 4375 2050 4429 dabat
2082 4390 2177 4430 cos
2201 4375 2342 4430 sicut
2377 4374 2598 4429 Samuel
2645 4374 2927 4428 universos
2975 4374 3113 4427 filios
3144 4374 3307 4428 Israel
3355 4376 3458 4428 ad-

200 4472 375 4532 atque
403 4463 825 4528 consolationes,
859 4479 977 4533 quae
1002 4475 1127 4518 sunt
1156 4464 1264 4519 Deo
1314 4465 1470 4520 valde
1524 4476 1778 4536 at-cepta-
1815 4450 1859 4505 Ῑ)
1889 4482 2079 4522 versus
2107 4467 2406 4538 allophylos
2426 4479 2752 4539 pugnantes,
2775 4467 3119 4522 orationibus
3152 4467 3265 4523 suis
3292 4467 3459 4522 Deum

200 4554 349 4610 biles
374 4570 498 4609 cum
530 4554 634 4609 fide
659 4566 980 4625 perpetratae
1017 4565 1180 4624 atque
1208 4555 1479 4625 perfectae.
1515 4558 1588 4610 Ita
1616 4559 1777 4613 debe-

198 4662 330 4703 mus
351 4646 513 4701 etiam
550 4661 669 4713 nos,
699 4662 732 4701 ο
763 4649 945 4713 amici,
977 4648 1032 4701 in
1065 4649 1255 4703 diebus
1286 4648 1441 4703 festis
1470 4650 1670 4704 nostris
1693 4662 1779 4704 at-

198 4757 313 4812 que
341 4740 773 4811 iucunditatibus
814 4758 919 4797 non
970 4742 1147 4798 solum
1182 4743 1283 4798 hoc
1321 4745 1614 4813 respicere,
1647 4759 1767 4814 quo

199 4833 370 4889 modo
402 4849 502 4889 nos
527 4833 627 4890 soli
653 4833 936 4903 cpulemur
958 4843 1123 4903 atque
1148 4834 1643 4903 jucundemus,sed
1676 4837 1779 4891 hoc

198 4925 508 4999 praesertim
544 4926 801 4980 debemus
827 4926 1105 4980 intendere
1124 4936 1179 4979 ut
1201 4926 1485 4996 epulentur
1500 4926 1775 4981 uobiscum

198 5029 260 5074 et
293 5018 571 5074 celebrent
623 5018 761 5071 diem
796 5017 993 5073 festum
1024 5027 1267 5073 nostrum
1299 5020 1439 5073 servi
1496 5019 1671 5072 nostri
1722 5028 1777 5072 et

200 5108 435 5174 ancilla,
456 5117 510 5163 et
538 5106 762 5163 clientes
793 5108 985 5174 nostri,
1008 5117 1063 5163 et
1089 5110 1267 5179 egeni,
1293 5120 1346 5161 et
1369 5122 1634 5178 pauperes
1659 5109 1776 5160 uni-

199 5203 375 5268 versi,
409 5213 462 5257 et
488 5201 827 5258 celebremus
862 5200 1005 5255 diem
1043 5200 1235 5255 festum
1286 5201 1511 5254 Domino
1542 5199 1649 5254 Deo
1684 5213 1779 5253 no-

200 5306 343 5352 stro.
378 5294 436 5349 Si
470 5296 615 5349 enim
648 5293 1045 5349 celebraverint
1078 5304 1253 5348 tecum
1283 5294 1424 5347 diem
1475 5291 1691 5356 festum,
1725 5302 1782 5359 et

200 5388 460 5457 epulatus
495 5396 676 5441 tecum
719 5384 883 5440 fuerit
914 5399 1104 5439 servus
1145 5395 1289 5447 tuus,
1320 5397 1375 5440 et
1410 5385 1607 5441 ancilla
1664 5395 1779 5450 tua,

200 5489 257 5536 et
278 5492 570 5549 pauperes,
603 5488 656 5532 et
678 5476 859 5545 egeni,
884 5486 1047 5544 atque
1076 5477 1283 5548 inopes,
1318 5492 1417 5547 pro
1438 5488 1591 5533 certo
1617 5477 1778 5540 scito,

199 5573 351 5643 quod
389 5573 619 5629 Domino
659 5572 767 5625 Dco
804 5581 896 5625 tuo
929 5569 1069 5624 diem
1104 5571 1300 5626 festum
1333 5571 1599 5627 celebras.
1635 5571 1779 5639 Epu-

274 5735 406 5777 ”-“
437 5734 627 5789 Matth.
666 5750 792 5797 xxv,
826 5735 911 5788 40.
991 5735 1035 5767 ⁸⁵
1056 5734 1154 5788 Job
1191 5750 1203 5787 ι
1237 5777 1251 5800 ,
1429 5732 1633 5788 “ibid.

532 5838 801 5896 Pnnoe.
849 5837 968 5895 (in.
1016 5834 1217 5895 XVII.

1888 4559 1995 4614 illis
2018 4559 2288 4629 placando
2309 4568 2471 4629 atque
2500 4560 2796 4615 exorando.
2818 4559 2910 4614 Sic
2941 4571 3074 4629 ergo
3095 4571 3147 4613 et
3169 4560 3257 4615 hic
3282 4559 3459 4651 iustus

1886 4648 1987 4704 Job
2019 4649 2145 4704 ol’iin
2180 4648 2320 4705 filios
2348 4666 2477 4705 suos
2506 4650 2821 4705 mundabat.
2867 4648 3020 4715 Quod
3053 4661 3231 4704 autem
3255 4648 3460 4705 oratio-

1890 4741 2048 4797 nibus
2101 4751 2266 4810 atque
2318 4742 2786 4798 satisfactionibns
2820 4757 2917 4797 eos
2961 4743 3328 4808 inundavcrit,
3363 4758 3458 4811 per

1886 4846 1947 4884 ea
1967 4846 2087 4899 qua:
2121 4840 2423 4901 sequttntur
2439 4832 2680 4888 ostendit
2697 4832 2885 4887 dicens
2909 4847 2923 4884 :
2956 4830 3192 4901 Sui-gens
3216 4848 3367 4885 ntane
3386 4832 3454 4885 ⁵⁷.

1884 4921 2008 4977 Mox
2034 4925 2101 4977 ad
2132 4924 2301 4977 Deum
2338 4926 2616 4987 currebat,
2647 4937 2768 4978 mox
2801 4924 2870 4977 ad
2913 4923 3076 4979 Deum
3105 4922 3454 4992 procedebat,

1886 5032 1983 5080 pro
2015 5031 2074 5071 se
2101 5026 2155 5071 et
2189 5016 2312 5070 liliis
2338 5017 2452 5073 suis
2483 5017 2648 5072 Deum
2673 5032 2907 5072 exorans
2934 5026 3100 5085 atque
3131 5016 3454 5084 deprecans,

1887 5124 2052 5163 orans
2077 5124 2291 5180 quoque
2325 5118 2490 5179 atque
2512 5109 2790 5179 postulans
2815 5109 3115 5164 terribilem
3139 5108 3235 5164 Dei
3262 5106 3453 5162 faciem

1888 5211 1943 5256 et
1972 5201 2073 5255 sibi
2110 5211 2163 5255 et
2200 5203 2308 5256 illis
2356 5202 2715 5271 repropitiare
2769 5202 3072 5257 festinans:
3122 5214 3223 5254 nec
3253 5215 3359 5254 non
3403 5210 3459 5254 et

1888 5294 2111 5357 docens,
2144 5303 2201 5348 et
2227 5295 2526 5349 admonens
2556 5303 2721 5362 atque
2774 5294 3005 5349 formam
3034 5292 3351 5355 ostendens,
3403 5301 3459 5345 et

1889 5394 2017 5441 tunc
2046 5386 2170 5441 liliis
2196 5386 2332 5452 suis,
2366 5394 2420 5441 et
2448 5402 2588 5441 nunc
2609 5386 2864 5442 omnibus
2888 5387 3043 5443 nobis
3066 5386 3117 5440 in
3142 5393 3464 5454 perpetuum-

1886 5485 1946 5531 ut
1974 5477 2261 5533 confestim
2292 5478 2531 5534 diluculo
2563 5493 2629 5534 ex
2660 5479 2837 5534 noctis
2870 5479 3060 5549 requie
3080 5483 3458 5545 exsurgentes,

1886 5579 2015 5627 ante
2041 5586 2201 5626 omne
2236 5585 2371 5642 opus
2401 5571 2483 5628 vel
2513 5572 2758 5640 verbum,
2782 5581 2910 5626 ante
2938 5584 3099 5628 omne
3127 5565 3457 5637 colloquium

1708 5733 1752 5763 ⁸⁷
1776 5733 1901 5790 ibid.

3070 5826 3097 5882 1
3110 5827 3144 5885 '3
