  <div class='ocr_page' id='page_1' title='image "/cluster/home/n/w/nwhite01/storage/ocr_20150623/17/nnc1.0046978615/207.png"; bbox 0 0 3884 6218; ppageno 0'>
   <div class='ocr_carea' id='block_1_1' title="bbox 439 286 544 341">
    <p class='ocr_par' dir='ltr' id='par_1_1' title="bbox 439 286 544 341">
     <span class='ocr_line' id='line_1_1' title="bbox 439 286 544 341; baseline -0.019 0"><span class='ocrx_word' id='word_1_1' title='bbox 439 286 544 341; x_wconf 76' lang='grc'><strong>595</strong></span> 
     </span>
    </p>
   </div>
   <div class='ocr_carea' id='block_1_2' title="bbox 1568 273 2587 340">
    <p class='ocr_par' dir='ltr' id='par_1_2' title="bbox 1568 273 2587 340">
     <span class='ocr_line' id='line_1_2' title="bbox 1568 273 2587 340; baseline 0.001 -4"><span class='ocrx_word' id='word_1_2' title='bbox 1568 283 1944 340; x_wconf 74' lang='lat' dir='ltr'><strong>ANONYMUS</strong></span> <span class='ocrx_word' id='word_1_3' title='bbox 1981 281 2046 337; x_wconf 82' lang='grc' dir='ltr'><strong>ΙΝ</strong></span> <span class='ocrx_word' id='word_1_4' title='bbox 2087 282 2228 337; x_wconf 87' lang='lat' dir='ltr'><strong>JOB.</strong></span> <span class='ocrx_word' id='word_1_5' title='bbox 2272 314 2336 322; x_wconf 76' lang='lat'><strong>-</strong></span> <span class='ocrx_word' id='word_1_6' title='bbox 2375 273 2502 337; x_wconf 71' lang='grc' dir='ltr'><strong>ΜΒ.</strong></span> <span class='ocrx_word' id='word_1_7' title='bbox 2544 284 2587 338; x_wconf 91' lang='lat' dir='ltr'><strong>l.</strong></span> 
     </span>
    </p>
   </div>
   <div class='ocr_carea' id='block_1_3' title="bbox 3584 280 3685 337">
    <p class='ocr_par' dir='ltr' id='par_1_3' title="bbox 3584 280 3685 337">
     <span class='ocr_line' id='line_1_3' title="bbox 3584 280 3685 337; baseline 0.01 -1"><span class='ocrx_word' id='word_1_8' title='bbox 3584 280 3685 337; x_wconf 73' lang='lat'><strong>396</strong></span> 
     </span>
    </p>
   </div>
   <div class='ocr_carea' id='block_1_4' title="bbox 439 401 3689 478">
    <p class='ocr_par' dir='ltr' id='par_1_4' title="bbox 439 401 3689 478">
     <span class='ocr_line' id='line_1_4' title="bbox 439 401 3689 478; baseline -0.002 -17"><span class='ocrx_word' id='word_1_9' title='bbox 439 412 525 464; x_wconf 84' lang='lat' dir='ltr'><strong>vel</strong></span> <span class='ocrx_word' id='word_1_10' title='bbox 558 411 1000 478; x_wconf 76' lang='lat' dir='ltr'><strong>conventionem,</strong></span> <span class='ocrx_word' id='word_1_11' title='bbox 1034 408 1308 478; x_wconf 77' lang='lat' dir='ltr'><strong>primitias</strong></span> <span class='ocrx_word' id='word_1_12' title='bbox 1360 409 1783 464; x_wconf 81' lang='lat' dir='ltr'><strong>resurrectionis</strong></span> <span class='ocrx_word' id='word_1_13' title='bbox 1814 417 2016 462; x_wconf 79' lang='lat' dir='ltr'><strong>nostrae</strong></span> <span class='ocrx_word' id='word_1_14' title='bbox 2045 409 2093 466; x_wconf 84' lang='lat' dir='ltr'><strong>A</strong></span> <span class='ocrx_word' id='word_1_15' title='bbox 2127 406 2290 459; x_wconf 89' lang='lat' dir='ltr'><strong>rendo</strong></span> <span class='ocrx_word' id='word_1_16' title='bbox 2319 416 2486 476; x_wconf 87' lang='lat' dir='ltr'><strong>atque</strong></span> <span class='ocrx_word' id='word_1_17' title='bbox 2521 404 2752 469; x_wconf 87' lang='lat' dir='ltr'><strong>hostias,</strong></span> <span class='ocrx_word' id='word_1_18' title='bbox 2785 405 2964 460; x_wconf 81' lang='lat' dir='ltr'><strong>ncnne</strong></span> <span class='ocrx_word' id='word_1_19' title='bbox 2998 403 3166 458; x_wconf 92' lang='lat' dir='ltr'><strong>multo</strong></span> <span class='ocrx_word' id='word_1_20' title='bbox 3191 402 3365 474; x_wconf 88' lang='lat' dir='ltr'><strong>magis</strong></span> <span class='ocrx_word' id='word_1_21' title='bbox 3394 401 3689 457; x_wconf 88' lang='lat' dir='ltr'><strong>secundum</strong></span> 
     </span>
    </p>
   </div>
   <div class='ocr_carea' id='block_1_5' title="bbox 440 501 2010 570">
    <p class='ocr_par' dir='ltr' id='par_1_5' title="bbox 440 501 2010 570">
     <span class='ocr_line' id='line_1_5' title="bbox 440 501 2010 570; baseline -0.002 -13"><span class='ocrx_word' id='word_1_22' title='bbox 440 501 552 557; x_wconf 83' lang='lat' dir='ltr'><strong>Deo</strong></span> <span class='ocrx_word' id='word_1_23' title='bbox 575 502 930 556; x_wconf 75' lang='lat' dir='ltr'><strong>exhibeamus</strong></span> <span class='ocrx_word' id='word_1_24' title='bbox 956 502 1009 556; x_wconf 92' lang='lat' dir='ltr'><strong>in</strong></span> <span class='ocrx_word' id='word_1_25' title='bbox 1053 502 1282 557; x_wconf 83' lang='lat' dir='ltr'><strong>sinceris</strong></span> <span class='ocrx_word' id='word_1_26' title='bbox 1307 502 1647 556; x_wconf 87' lang='lat' dir='ltr'><strong>orationibus</strong></span> <span class='ocrx_word' id='word_1_27' title='bbox 1684 511 1849 570; x_wconf 89' lang='lat' dir='ltr'><strong>atque</strong></span> <span class='ocrx_word' id='word_1_28' title='bbox 1882 515 2010 570; x_wconf 89' lang='lat' dir='ltr'><strong>pre-</strong></span> 
     </span>
    </p>
   </div>
   <div class='ocr_carea' id='block_1_6' title="bbox 441 593 2014 664">
    <p class='ocr_par' dir='ltr' id='par_1_6' title="bbox 441 593 2014 664">
     <span class='ocr_line' id='line_1_6' title="bbox 441 593 2014 664; baseline -0.003 -15"><span class='ocrx_word' id='word_1_29' title='bbox 441 596 617 659; x_wconf 84' lang='lat' dir='ltr'><strong>cibus,</strong></span> <span class='ocrx_word' id='word_1_30' title='bbox 650 595 706 648; x_wconf 92' lang='lat' dir='ltr'><strong>in</strong></span> <span class='ocrx_word' id='word_1_31' title='bbox 752 595 1034 649; x_wconf 79' lang='lat' dir='ltr'><strong>matutinis</strong></span> <span class='ocrx_word' id='word_1_32' title='bbox 1085 595 1559 663; x_wconf 87' lang='lat' dir='ltr'><strong>deprecationibus</strong></span> <span class='ocrx_word' id='word_1_33' title='bbox 1603 603 1767 664; x_wconf 89' lang='lat' dir='ltr'><strong>atque</strong></span> <span class='ocrx_word' id='word_1_34' title='bbox 1814 593 2014 661; x_wconf 82' lang='lat' dir='ltr'><strong>gratia-</strong></span> 
     </span>
    </p>
   </div>
   <div class='ocr_carea' id='block_1_7' title="bbox 441 684 2013 757">
    <p class='ocr_par' dir='ltr' id='par_1_7' title="bbox 441 684 2013 757">
     <span class='ocr_line' id='line_1_7' title="bbox 441 684 2013 757; baseline -0.004 -15"><span class='ocrx_word' id='word_1_35' title='bbox 441 705 562 742; x_wconf 88' lang='lat' dir='ltr'><strong>rum</strong></span> <span class='ocrx_word' id='word_1_36' title='bbox 594 688 926 743; x_wconf 84' lang='lat' dir='ltr'><strong>actionibus.</strong></span> <span class='ocrx_word' id='word_1_37' title='bbox 983 686 1138 741; x_wconf 89' lang='lat' dir='ltr'><strong>Hanc</strong></span> <span class='ocrx_word' id='word_1_38' title='bbox 1182 686 1367 757; x_wconf 84' lang='lat' dir='ltr'><strong>itaque</strong></span> <span class='ocrx_word' id='word_1_39' title='bbox 1397 686 1619 756; x_wconf 91' lang='lat' dir='ltr'><strong>pietatis</strong></span> <span class='ocrx_word' id='word_1_40' title='bbox 1651 700 1715 739; x_wconf 85' lang='lat' dir='ltr'><strong>ac</strong></span> <span class='ocrx_word' id='word_1_41' title='bbox 1746 684 2013 753; x_wconf 85' lang='lat' dir='ltr'><strong>religiosi-</strong></span> 
     </span>
    </p>
   </div>
   <div class='ocr_carea' id='block_1_8' title="bbox 443 774 2016 841">
    <p class='ocr_par' dir='ltr' id='par_1_8' title="bbox 443 774 2016 841">
     <span class='ocr_line' id='line_1_8' title="bbox 443 774 2016 841; baseline -0.002 -11"><span class='ocrx_word' id='word_1_42' title='bbox 443 779 570 832; x_wconf 91' lang='lat' dir='ltr'><strong>tatis</strong></span> <span class='ocrx_word' id='word_1_43' title='bbox 598 777 828 832; x_wconf 87' lang='lat' dir='ltr'><strong>formam</strong></span> <span class='ocrx_word' id='word_1_44' title='bbox 854 777 1008 833; x_wconf 89' lang='lat' dir='ltr'><strong>nobis</strong></span> <span class='ocrx_word' id='word_1_45' title='bbox 1037 775 1288 833; x_wconf 82' lang='lat' dir='ltr'><strong>omnibus</strong></span> <span class='ocrx_word' id='word_1_46' title='bbox 1320 777 1701 832; x_wconf 86' lang='lat' dir='ltr'><strong>demonstrans</strong></span> <span class='ocrx_word' id='word_1_47' title='bbox 1733 774 1854 841; x_wconf 88' lang='lat' dir='ltr'><strong>Job,</strong></span> <span class='ocrx_word' id='word_1_48' title='bbox 1883 775 2016 829; x_wconf 88' lang='lat' dir='ltr'><strong>Sur-</strong></span> 
     </span>
    </p>
   </div>
   <div class='ocr_carea' id='block_1_9' title="bbox 438 869 2014 939">
    <p class='ocr_par' dir='ltr' id='par_1_9' title="bbox 438 869 2014 939">
     <span class='ocr_line' id='line_1_9' title="bbox 438 869 2014 939; baseline -0.003 -16"><span class='ocrx_word' id='word_1_49' title='bbox 438 872 588 939; x_wconf 78' lang='lat' dir='ltr'><strong>gebat</strong></span> <span class='ocrx_word' id='word_1_50' title='bbox 620 887 791 935; x_wconf 84' lang='lat' dir='ltr'><strong>mane,</strong></span> <span class='ocrx_word' id='word_1_51' title='bbox 826 879 873 925; x_wconf 88' lang='lat' dir='ltr'><strong>et</strong></span> <span class='ocrx_word' id='word_1_52' title='bbox 900 871 1313 933; x_wconf 81' lang='lat' dir='ltr'><strong>mundabateos,</strong></span> <span class='ocrx_word' id='word_1_53' title='bbox 1331 871 1550 938; x_wconf 67' lang='lat' dir='ltr'><strong>oﬁ‘erens</strong></span> <span class='ocrx_word' id='word_1_54' title='bbox 1567 886 1661 938; x_wconf 88' lang='lat' dir='ltr'><strong>pro</strong></span> <span class='ocrx_word' id='word_1_55' title='bbox 1689 870 1763 923; x_wconf 78' lang='lat' dir='ltr'><strong>eis</strong></span> <span class='ocrx_word' id='word_1_56' title='bbox 1787 869 2014 921; x_wconf 78' lang='lat' dir='ltr'><strong>hostiam</strong></span> 
     </span>
    </p>
   </div>
   <div class='ocr_carea' id='block_1_10' title="bbox 439 960 2012 1028">
    <p class='ocr_par' dir='ltr' id='par_1_10' title="bbox 439 960 2012 1028">
     <span class='ocr_line' id='line_1_10' title="bbox 439 960 2012 1028; baseline -0.001 -12"><span class='ocrx_word' id='word_1_57' title='bbox 439 964 729 1017; x_wconf 78' lang='lat' dir='ltr'><strong>secundum</strong></span> <span class='ocrx_word' id='word_1_58' title='bbox 769 979 1045 1016; x_wconf 86' lang='lat' dir='ltr'><strong>numerum</strong></span> <span class='ocrx_word' id='word_1_59' title='bbox 1097 963 1311 1017; x_wconf 79' lang='lat' dir='ltr'><strong>illorum</strong></span> <span class='ocrx_word' id='word_1_60' title='bbox 1344 964 1436 1016; x_wconf 70' lang='lat'><strong>’7&#39;.</strong></span> <span class='ocrx_word' id='word_1_61' title='bbox 1469 961 1651 1016; x_wconf 90' lang='lat' dir='ltr'><strong>Primo</strong></span> <span class='ocrx_word' id='word_1_62' title='bbox 1690 960 2012 1028; x_wconf 89' lang='lat' dir='ltr'><strong>mundabat,</strong></span> 
     </span>
    </p>
   </div>
   <div class='ocr_carea' id='block_1_11' title="bbox 438 1053 2017 1125">
    <p class='ocr_par' dir='ltr' id='par_1_11' title="bbox 438 1053 2017 1125">
     <span class='ocr_line' id='line_1_11' title="bbox 438 1053 2017 1125; baseline 0.001 -19"><span class='ocrx_word' id='word_1_63' title='bbox 438 1056 781 1123; x_wconf 85' lang='lat' dir='ltr'><strong>puriﬁcabat,</strong></span> <span class='ocrx_word' id='word_1_64' title='bbox 812 1055 1208 1122; x_wconf 90' lang='lat' dir='ltr'><strong>sanctiﬁcabat,</strong></span> <span class='ocrx_word' id='word_1_65' title='bbox 1242 1065 1298 1110; x_wconf 92' lang='lat' dir='ltr'><strong>et</strong></span> <span class='ocrx_word' id='word_1_66' title='bbox 1347 1056 1424 1111; x_wconf 91' lang='lat' dir='ltr'><strong>ita</strong></span> <span class='ocrx_word' id='word_1_67' title='bbox 1455 1056 1667 1110; x_wconf 92' lang='lat' dir='ltr'><strong>demum</strong></span> <span class='ocrx_word' id='word_1_68' title='bbox 1694 1069 1792 1125; x_wconf 89' lang='lat' dir='ltr'><strong>pro</strong></span> <span class='ocrx_word' id='word_1_69' title='bbox 1819 1054 1898 1109; x_wconf 90' lang='lat' dir='ltr'><strong>eis</strong></span> <span class='ocrx_word' id='word_1_70' title='bbox 1922 1053 2017 1107; x_wconf 83' lang='lat' dir='ltr'><strong>ho-</strong></span> 
     </span>
    </p>
   </div>
   <div class='ocr_carea' id='block_1_12' title="bbox 439 1145 2014 1217">
    <p class='ocr_par' dir='ltr' id='par_1_12' title="bbox 439 1145 2014 1217">
     <span class='ocr_line' id='line_1_12' title="bbox 439 1145 2014 1217; baseline -0.003 -16"><span class='ocrx_word' id='word_1_71' title='bbox 439 1149 600 1202; x_wconf 89' lang='lat' dir='ltr'><strong>stiam</strong></span> <span class='ocrx_word' id='word_1_72' title='bbox 640 1146 923 1212; x_wconf 80' lang='lat' dir='ltr'><strong>oll‘erebat,</strong></span> <span class='ocrx_word' id='word_1_73' title='bbox 941 1146 1230 1202; x_wconf 90' lang='lat' dir='ltr'><strong>utcunctis</strong></span> <span class='ocrx_word' id='word_1_74' title='bbox 1253 1148 1304 1202; x_wconf 92' lang='lat' dir='ltr'><strong>in</strong></span> <span class='ocrx_word' id='word_1_75' title='bbox 1325 1157 1645 1217; x_wconf 90' lang='lat' dir='ltr'><strong>perpetuum</strong></span> <span class='ocrx_word' id='word_1_76' title='bbox 1676 1145 2014 1208; x_wconf 86' lang='lat' dir='ltr'><strong>ostenderet,</strong></span> 
     </span>
    </p>
   </div>
   <div class='ocr_carea' id='block_1_13' title="bbox 439 1237 2017 1309">
    <p class='ocr_par' dir='ltr' id='par_1_13' title="bbox 439 1237 2017 1309">
     <span class='ocr_line' id='line_1_13' title="bbox 439 1237 2017 1309; baseline -0.004 -15"><span class='ocrx_word' id='word_1_77' title='bbox 439 1242 566 1309; x_wconf 92' lang='lat' dir='ltr'><strong>quia</strong></span> <span class='ocrx_word' id='word_1_78' title='bbox 607 1241 856 1305; x_wconf 90' lang='lat' dir='ltr'><strong>mundos,</strong></span> <span class='ocrx_word' id='word_1_79' title='bbox 909 1249 1088 1295; x_wconf 91' lang='lat' dir='ltr'><strong>castos</strong></span> <span class='ocrx_word' id='word_1_80' title='bbox 1131 1249 1294 1309; x_wconf 91' lang='lat' dir='ltr'><strong>atque</strong></span> <span class='ocrx_word' id='word_1_81' title='bbox 1341 1247 1562 1292; x_wconf 90' lang='lat' dir='ltr'><strong>sanctos</strong></span> <span class='ocrx_word' id='word_1_82' title='bbox 1605 1237 2017 1291; x_wconf 89' lang='lat' dir='ltr'><strong>condecentsa-</strong></span> 
     </span>
    </p>
   </div>
   <div class='ocr_carea' id='block_1_14' title="bbox 439 1329 2016 1402">
    <p class='ocr_par' dir='ltr' id='par_1_14' title="bbox 439 1329 2016 1402">
     <span class='ocr_line' id='line_1_14' title="bbox 439 1329 2016 1402; baseline -0.004 -15"><span class='ocrx_word' id='word_1_83' title='bbox 439 1332 670 1396; x_wconf 88' lang='lat' dir='ltr'><strong>criﬁcia,</strong></span> <span class='ocrx_word' id='word_1_84' title='bbox 715 1344 776 1386; x_wconf 89' lang='lat' dir='ltr'><strong>ut</strong></span> <span class='ocrx_word' id='word_1_85' title='bbox 810 1342 999 1387; x_wconf 84' lang='lat' dir='ltr'><strong>sancte</strong></span> <span class='ocrx_word' id='word_1_86' title='bbox 1056 1341 1219 1402; x_wconf 88' lang='lat' dir='ltr'><strong>atque</strong></span> <span class='ocrx_word' id='word_1_87' title='bbox 1248 1333 1406 1400; x_wconf 85' lang='lat' dir='ltr'><strong>digne</strong></span> <span class='ocrx_word' id='word_1_88' title='bbox 1461 1329 1739 1384; x_wconf 88' lang='lat' dir='ltr'><strong>immolata</strong></span> <span class='ocrx_word' id='word_1_89' title='bbox 1772 1368 1788 1394; x_wconf 97' lang='lat'><strong>,</strong></span> <span class='ocrx_word' id='word_1_90' title='bbox 1829 1337 2016 1382; x_wconf 86' lang='lat' dir='ltr'><strong>sancte</strong></span> 
     </span>
    </p>
   </div>
   <div class='ocr_carea' id='block_1_15' title="bbox 441 1423 2014 1494">
    <p class='ocr_par' dir='ltr' id='par_1_15' title="bbox 441 1423 2014 1494">
     <span class='ocr_line' id='line_1_15' title="bbox 441 1423 2014 1494; baseline -0.003 -17"><span class='ocrx_word' id='word_1_91' title='bbox 441 1433 606 1492; x_wconf 90' lang='lat' dir='ltr'><strong>atque</strong></span> <span class='ocrx_word' id='word_1_92' title='bbox 651 1423 811 1494; x_wconf 81' lang='lat' dir='ltr'><strong>digne</strong></span> <span class='ocrx_word' id='word_1_93' title='bbox 844 1439 874 1478; x_wconf 87' lang='lat' dir='ltr'><strong>a</strong></span> <span class='ocrx_word' id='word_1_94' title='bbox 919 1425 1123 1479; x_wconf 85' lang='lat' dir='ltr'><strong>sanctis</strong></span> <span class='ocrx_word' id='word_1_95' title='bbox 1152 1424 1510 1494; x_wconf 82' lang='lat' dir='ltr'><strong>accipiantur.</strong></span> <span class='ocrx_word' id='word_1_96' title='bbox 1547 1423 1639 1476; x_wconf 87' lang='lat' dir='ltr'><strong>Sic</strong></span> <span class='ocrx_word' id='word_1_97' title='bbox 1674 1434 1907 1490; x_wconf 85' lang='lat' dir='ltr'><strong>namque</strong></span> <span class='ocrx_word' id='word_1_98' title='bbox 1958 1428 2014 1473; x_wconf 89' lang='lat' dir='ltr'><strong>et</strong></span> 
     </span>
    </p>
   </div>
   <div class='ocr_carea' id='block_1_16' title="bbox 437 1513 2011 1587">
    <p class='ocr_par' dir='ltr' id='par_1_16' title="bbox 437 1513 2011 1587">
     <span class='ocr_line' id='line_1_16' title="bbox 437 1513 2011 1587; baseline -0.003 -16"><span class='ocrx_word' id='word_1_99' title='bbox 437 1517 728 1587; x_wconf 82' lang='lat' dir='ltr'><strong>Apostolus</strong></span> <span class='ocrx_word' id='word_1_100' title='bbox 756 1528 879 1587; x_wconf 90' lang='lat' dir='ltr'><strong>post</strong></span> <span class='ocrx_word' id='word_1_101' title='bbox 908 1519 1023 1573; x_wconf 67' lang='lat' dir='ltr'><strong>haec</strong></span> <span class='ocrx_word' id='word_1_102' title='bbox 1051 1518 1180 1572; x_wconf 88' lang='lat' dir='ltr'><strong>dicit</strong></span> <span class='ocrx_word' id='word_1_103' title='bbox 1213 1536 1226 1572; x_wconf 93' lang='lat'>:</span> <span class='ocrx_word' id='word_1_104' title='bbox 1278 1515 1472 1570; x_wconf 82' lang='lat' dir='ltr'><strong>Probet</strong></span> <span class='ocrx_word' id='word_1_105' title='bbox 1497 1517 1722 1585; x_wconf 78' lang='lat' dir='ltr'><strong>seipsum</strong></span> <span class='ocrx_word' id='word_1_106' title='bbox 1749 1516 1904 1567; x_wconf 83' lang='lat' dir='ltr'><strong>homo</strong></span> <span class='ocrx_word' id='word_1_107' title='bbox 1942 1513 2011 1576; x_wconf 79' lang='grc'><strong>³⁸.</strong></span> 
     </span>
    </p>
   </div>
   <div class='ocr_carea' id='block_1_17' title="bbox 440 1602 2016 1675">
    <p class='ocr_par' dir='ltr' id='par_1_17' title="bbox 440 1602 2016 1675">
     <span class='ocr_line' id='line_1_17' title="bbox 440 1602 2016 1675; baseline -0.003 -15"><span class='ocrx_word' id='word_1_108' title='bbox 440 1608 547 1661; x_wconf 87' lang='lat' dir='ltr'><strong>hoc</strong></span> <span class='ocrx_word' id='word_1_109' title='bbox 575 1618 658 1662; x_wconf 91' lang='lat' dir='ltr'><strong>est</strong></span> <span class='ocrx_word' id='word_1_110' title='bbox 683 1607 906 1661; x_wconf 88' lang='lat' dir='ltr'><strong>mundet</strong></span> <span class='ocrx_word' id='word_1_111' title='bbox 936 1607 1306 1675; x_wconf 86' lang='lat' dir='ltr'><strong>semetipsum,</strong></span> <span class='ocrx_word' id='word_1_112' title='bbox 1343 1615 1396 1661; x_wconf 91' lang='lat' dir='ltr'><strong>et</strong></span> <span class='ocrx_word' id='word_1_113' title='bbox 1420 1606 1495 1659; x_wconf 90' lang='lat' dir='ltr'><strong>ita</strong></span> <span class='ocrx_word' id='word_1_114' title='bbox 1543 1606 1608 1660; x_wconf 92' lang='lat' dir='ltr'><strong>de</strong></span> <span class='ocrx_word' id='word_1_115' title='bbox 1655 1602 2016 1659; x_wconf 86' lang='lat' dir='ltr'><strong>sanctissimis</strong></span> 
     </span>
    </p>
   </div>
   <div class='ocr_carea' id='block_1_18' title="bbox 442 1693 2015 1766">
    <p class='ocr_par' dir='ltr' id='par_1_18' title="bbox 442 1693 2015 1766">
     <span class='ocr_line' id='line_1_18' title="bbox 442 1693 2015 1766; baseline -0.001 -17"><span class='ocrx_word' id='word_1_116' title='bbox 442 1697 655 1750; x_wconf 88' lang='lat' dir='ltr'><strong>Domini</strong></span> <span class='ocrx_word' id='word_1_117' title='bbox 683 1697 968 1752; x_wconf 87' lang='lat' dir='ltr'><strong>sacriﬁciis</strong></span> <span class='ocrx_word' id='word_1_118' title='bbox 992 1695 1222 1750; x_wconf 78' lang='lat' dir='ltr'><strong>fruatur.</strong></span> <span class='ocrx_word' id='word_1_119' title='bbox 1250 1697 1341 1750; x_wconf 91' lang='lat' dir='ltr'><strong>Sic</strong></span> <span class='ocrx_word' id='word_1_120' title='bbox 1368 1705 1421 1751; x_wconf 88' lang='lat' dir='ltr'><strong>et</strong></span> <span class='ocrx_word' id='word_1_121' title='bbox 1446 1694 1548 1750; x_wconf 90' lang='lat' dir='ltr'><strong>Job</strong></span> <span class='ocrx_word' id='word_1_122' title='bbox 1572 1695 1778 1766; x_wconf 87' lang='lat' dir='ltr'><strong>pridem</strong></span> <span class='ocrx_word' id='word_1_123' title='bbox 1805 1693 2015 1749; x_wconf 82' lang='lat' dir='ltr'><strong>faciens</strong></span> 
     </span>
    </p>
   </div>
   <div class='ocr_carea' id='block_1_19' title="bbox 2123 497 3696 566">
    <p class='ocr_par' dir='ltr' id='par_1_19' title="bbox 2123 497 3696 566">
     <span class='ocr_line' id='line_1_19' title="bbox 2123 497 3696 566; baseline -0.001 -14"><span class='ocrx_word' id='word_1_124' title='bbox 2123 515 2408 554; x_wconf 88' lang='lat' dir='ltr'><strong>numerum</strong></span> <span class='ocrx_word' id='word_1_125' title='bbox 2433 514 2641 563; x_wconf 90' lang='lat' dir='ltr'><strong>eorum,</strong></span> <span class='ocrx_word' id='word_1_126' title='bbox 2669 507 2723 553; x_wconf 91' lang='lat' dir='ltr'><strong>et</strong></span> <span class='ocrx_word' id='word_1_127' title='bbox 2750 499 3049 554; x_wconf 91' lang='lat' dir='ltr'><strong>secundum</strong></span> <span class='ocrx_word' id='word_1_128' title='bbox 3077 511 3341 566; x_wconf 86' lang='lat' dir='ltr'><strong>personas</strong></span> <span class='ocrx_word' id='word_1_129' title='bbox 3357 497 3566 553; x_wconf 89' lang='lat' dir='ltr'><strong>hostias</strong></span> <span class='ocrx_word' id='word_1_130' title='bbox 3594 497 3696 551; x_wconf 92' lang='lat' dir='ltr'><strong>im-</strong></span> 
     </span>
    </p>
   </div>
   <div class='ocr_carea' id='block_1_20' title="bbox 2123 593 3697 663">
    <p class='ocr_par' dir='ltr' id='par_1_20' title="bbox 2123 593 3697 663">
     <span class='ocr_line' id='line_1_20' title="bbox 2123 593 3697 663; baseline 0.001 -15"><span class='ocrx_word' id='word_1_131' title='bbox 2123 596 2338 650; x_wconf 90' lang='lat' dir='ltr'><strong>molabo</strong></span> <span class='ocrx_word' id='word_1_132' title='bbox 2375 596 2399 650; x_wconf 83' lang='lat'><strong>?</strong></span> <span class='ocrx_word' id='word_1_133' title='bbox 2443 596 2553 651; x_wconf 87' lang='lat' dir='ltr'><strong>Cur</strong></span> <span class='ocrx_word' id='word_1_134' title='bbox 2599 606 2781 650; x_wconf 88' lang='lat' dir='ltr'><strong>autem</strong></span> <span class='ocrx_word' id='word_1_135' title='bbox 2831 611 2998 650; x_wconf 89' lang='lat' dir='ltr'><strong>unum</strong></span> <span class='ocrx_word' id='word_1_136' title='bbox 3048 594 3278 649; x_wconf 87' lang='lat' dir='ltr'><strong>vitulum</strong></span> <span class='ocrx_word' id='word_1_137' title='bbox 3313 608 3414 663; x_wconf 90' lang='lat' dir='ltr'><strong>pro</strong></span> <span class='ocrx_word' id='word_1_138' title='bbox 3442 593 3697 649; x_wconf 88' lang='lat' dir='ltr'><strong>omnibus</strong></span> 
     </span>
    </p>
   </div>
   <div class='ocr_carea' id='block_1_21' title="bbox 2121 685 3695 754">
    <p class='ocr_par' dir='ltr' id='par_1_21' title="bbox 2121 685 3695 754">
     <span class='ocr_line' id='line_1_21' title="bbox 2121 685 3695 754; baseline -0.003 -11"><span class='ocrx_word' id='word_1_139' title='bbox 2121 688 2448 743; x_wconf 82' lang='lat' dir='ltr'><strong>sacriﬁcas?</strong></span> <span class='ocrx_word' id='word_1_140' title='bbox 2483 687 2591 742; x_wconf 90' lang='lat' dir='ltr'><strong>Cur</strong></span> <span class='ocrx_word' id='word_1_141' title='bbox 2616 702 2782 740; x_wconf 85' lang='lat' dir='ltr'><strong>unum</strong></span> <span class='ocrx_word' id='word_1_142' title='bbox 2806 685 3034 740; x_wconf 91' lang='lat' dir='ltr'><strong>vitulum</strong></span> <span class='ocrx_word' id='word_1_143' title='bbox 3070 685 3434 742; x_wconf 89' lang='lat' dir='ltr'><strong>communiter</strong></span> <span class='ocrx_word' id='word_1_144' title='bbox 3458 699 3556 754; x_wconf 90' lang='lat' dir='ltr'><strong>pro</strong></span> <span class='ocrx_word' id='word_1_145' title='bbox 3577 699 3695 740; x_wconf 90' lang='lat' dir='ltr'><strong>om-</strong></span> 
     </span>
    </p>
   </div>
   <div class='ocr_carea' id='block_1_22' title="bbox 2122 776 3690 850">
    <p class='ocr_par' dir='ltr' id='par_1_22' title="bbox 2122 776 3690 850">
     <span class='ocr_line' id='line_1_22' title="bbox 2122 776 3690 850; baseline -0.003 -16"><span class='ocrx_word' id='word_1_146' title='bbox 2122 781 2282 834; x_wconf 90' lang='lat' dir='ltr'><strong>nibus</strong></span> <span class='ocrx_word' id='word_1_147' title='bbox 2317 780 2602 834; x_wconf 87' lang='lat' dir='ltr'><strong>animabus</strong></span> <span class='ocrx_word' id='word_1_148' title='bbox 2641 779 2855 850; x_wconf 85' lang='lat' dir='ltr'><strong>iugulas</strong></span> <span class='ocrx_word' id='word_1_149' title='bbox 2896 779 2919 831; x_wconf 88' lang='lat'><strong>?</strong></span> <span class='ocrx_word' id='word_1_150' title='bbox 2974 777 3056 833; x_wconf 91' lang='lat' dir='ltr'><strong>Ob</strong></span> <span class='ocrx_word' id='word_1_151' title='bbox 3106 779 3252 842; x_wconf 82' lang='lat' dir='ltr'><strong>hoc,‘</strong></span> <span class='ocrx_word' id='word_1_152' title='bbox 3281 776 3477 845; x_wconf 91' lang='lat' dir='ltr'><strong>inquit,</strong></span> <span class='ocrx_word' id='word_1_153' title='bbox 3530 792 3690 830; x_wconf 90' lang='lat' dir='ltr'><strong>unum</strong></span> 
     </span>
    </p>
   </div>
   <div class='ocr_carea' id='block_1_23' title="bbox 2123 869 3688 938">
    <p class='ocr_par' dir='ltr' id='par_1_23' title="bbox 2123 869 3688 938">
     <span class='ocr_line' id='line_1_23' title="bbox 2123 869 3688 938; baseline -0.001 -15"><span class='ocrx_word' id='word_1_154' title='bbox 2123 871 2349 925; x_wconf 90' lang='lat' dir='ltr'><strong>vitulum</strong></span> <span class='ocrx_word' id='word_1_155' title='bbox 2378 870 2738 925; x_wconf 89' lang='lat' dir='ltr'><strong>communiter</strong></span> <span class='ocrx_word' id='word_1_156' title='bbox 2763 884 2862 938; x_wconf 90' lang='lat' dir='ltr'><strong>pro</strong></span> <span class='ocrx_word' id='word_1_157' title='bbox 2893 869 3133 924; x_wconf 90' lang='lat' dir='ltr'><strong>omnium</strong></span> <span class='ocrx_word' id='word_1_158' title='bbox 3163 869 3449 922; x_wconf 88' lang='lat' dir='ltr'><strong>animabus</strong></span> <span class='ocrx_word' id='word_1_159' title='bbox 3489 877 3688 931; x_wconf 90' lang='lat' dir='ltr'><strong>macto,</strong></span> 
     </span>
    </p>
   </div>
   <div class='ocr_carea' id='block_1_24' title="bbox 2124 959 3690 1031">
    <p class='ocr_par' dir='ltr' id='par_1_24' title="bbox 2124 959 3690 1031">
     <span class='ocr_line' id='line_1_24' title="bbox 2124 959 3690 1031; baseline -0.002 -15"><span class='ocrx_word' id='word_1_160' title='bbox 2124 973 2180 1016; x_wconf 89' lang='lat' dir='ltr'><strong>ut</strong></span> <span class='ocrx_word' id='word_1_161' title='bbox 2208 961 2646 1017; x_wconf 87' lang='lat' dir='ltr'><strong>communionem</strong></span> <span class='ocrx_word' id='word_1_162' title='bbox 2674 969 2836 1031; x_wconf 87' lang='lat' dir='ltr'><strong>atque</strong></span> <span class='ocrx_word' id='word_1_163' title='bbox 2873 959 3244 1023; x_wconf 90' lang='lat' dir='ltr'><strong>concordiam,</strong></span> <span class='ocrx_word' id='word_1_164' title='bbox 3277 960 3690 1013; x_wconf 88' lang='lat' dir='ltr'><strong>unauimitalem</strong></span> 
     </span>
    </p>
   </div>
   <div class='ocr_carea' id='block_1_25' title="bbox 2123 1052 3691 1124">
    <p class='ocr_par' dir='ltr' id='par_1_25' title="bbox 2123 1052 3691 1124">
     <span class='ocr_line' id='line_1_25' title="bbox 2123 1052 3691 1124; baseline -0.001 -16"><span class='ocrx_word' id='word_1_165' title='bbox 2123 1065 2287 1124; x_wconf 89' lang='lat' dir='ltr'><strong>atque</strong></span> <span class='ocrx_word' id='word_1_166' title='bbox 2329 1068 2659 1109; x_wconf 89' lang='lat' dir='ltr'><strong>consensum</strong></span> <span class='ocrx_word' id='word_1_167' title='bbox 2712 1062 2940 1108; x_wconf 87' lang='lat' dir='ltr'><strong>cunctos</strong></span> <span class='ocrx_word' id='word_1_168' title='bbox 2987 1052 3110 1108; x_wconf 92' lang='lat' dir='ltr'><strong>illos</strong></span> <span class='ocrx_word' id='word_1_169' title='bbox 3156 1052 3404 1117; x_wconf 88' lang='lat' dir='ltr'><strong>doceam,</strong></span> <span class='ocrx_word' id='word_1_170' title='bbox 3457 1062 3515 1106; x_wconf 91' lang='lat' dir='ltr'><strong>ut</strong></span> <span class='ocrx_word' id='word_1_171' title='bbox 3569 1067 3691 1106; x_wconf 90' lang='lat' dir='ltr'><strong>cum</strong></span> 
     </span>
    </p>
   </div>
   <div class='ocr_carea' id='block_1_26' title="bbox 2122 1143 3698 1215">
    <p class='ocr_par' dir='ltr' id='par_1_26' title="bbox 2122 1143 3698 1215">
     <span class='ocr_line' id='line_1_26' title="bbox 2122 1143 3698 1215; baseline -0.001 -15"><span class='ocrx_word' id='word_1_172' title='bbox 2122 1162 2266 1202; x_wconf 89' lang='lat' dir='ltr'><strong>unus</strong></span> <span class='ocrx_word' id='word_1_173' title='bbox 2291 1147 2494 1202; x_wconf 84' lang='lat' dir='ltr'><strong>vitulus</strong></span> <span class='ocrx_word' id='word_1_174' title='bbox 2529 1161 2628 1215; x_wconf 90' lang='lat' dir='ltr'><strong>pro</strong></span> <span class='ocrx_word' id='word_1_175' title='bbox 2653 1147 2903 1200; x_wconf 90' lang='lat' dir='ltr'><strong>omnibus</strong></span> <span class='ocrx_word' id='word_1_176' title='bbox 2928 1145 3229 1215; x_wconf 88' lang='lat' dir='ltr'><strong>iugulatur,</strong></span> <span class='ocrx_word' id='word_1_177' title='bbox 3257 1143 3540 1198; x_wconf 89' lang='lat' dir='ltr'><strong>unanimes</strong></span> <span class='ocrx_word' id='word_1_178' title='bbox 3571 1157 3698 1199; x_wconf 83' lang='lat' dir='ltr'><strong>esse</strong></span> 
     </span>
    </p>
   </div>
   <div class='ocr_carea' id='block_1_27' title="bbox 2123 1232 3694 1306">
    <p class='ocr_par' dir='ltr' id='par_1_27' title="bbox 2123 1232 3694 1306">
     <span class='ocr_line' id='line_1_27' title="bbox 2123 1232 3694 1306; baseline -0.002 -14"><span class='ocrx_word' id='word_1_179' title='bbox 2123 1238 2356 1294; x_wconf 88' lang='lat' dir='ltr'><strong>invicem</strong></span> <span class='ocrx_word' id='word_1_180' title='bbox 2399 1232 2588 1293; x_wconf 78' lang='lat' dir='ltr'><strong>omnes</strong></span> <span class='ocrx_word' id='word_1_181' title='bbox 2629 1237 2967 1306; x_wconf 90' lang='lat' dir='ltr'><strong>iudicentur.</strong></span> <span class='ocrx_word' id='word_1_182' title='bbox 3002 1235 3195 1291; x_wconf 82' lang='lat' dir='ltr'><strong>Merito</strong></span> <span class='ocrx_word' id='word_1_183' title='bbox 3239 1251 3371 1306; x_wconf 89' lang='lat' dir='ltr'><strong>ergo</strong></span> <span class='ocrx_word' id='word_1_184' title='bbox 3425 1251 3522 1306; x_wconf 92' lang='lat' dir='ltr'><strong>pro</strong></span> <span class='ocrx_word' id='word_1_185' title='bbox 3571 1251 3694 1289; x_wconf 89' lang='lat' dir='ltr'><strong>om-</strong></span> 
     </span>
    </p>
   </div>
   <div class='ocr_carea' id='block_1_28' title="bbox 2123 1316 3695 1384">
    <p class='ocr_par' dir='ltr' id='par_1_28' title="bbox 2123 1316 3695 1384">
     <span class='ocr_line' id='line_1_28' title="bbox 2123 1316 3695 1384; baseline -0.002 0"><span class='ocrx_word' id='word_1_186' title='bbox 2123 1316 2273 1384; x_wconf 78' lang='lat' dir='ltr'><strong>nium</strong></span> <span class='ocrx_word' id='word_1_187' title='bbox 2322 1329 2605 1384; x_wconf 89' lang='lat' dir='ltr'><strong>animabus</strong></span> <span class='ocrx_word' id='word_1_188' title='bbox 2656 1343 2822 1383; x_wconf 91' lang='lat' dir='ltr'><strong>unum</strong></span> <span class='ocrx_word' id='word_1_189' title='bbox 2878 1327 3100 1382; x_wconf 88' lang='lat' dir='ltr'><strong>vitulum</strong></span> <span class='ocrx_word' id='word_1_190' title='bbox 3153 1328 3516 1383; x_wconf 89' lang='lat' dir='ltr'><strong>communiter</strong></span> <span class='ocrx_word' id='word_1_191' title='bbox 3573 1344 3695 1382; x_wconf 89' lang='lat' dir='ltr'><strong>ma-</strong></span> 
     </span>
    </p>
   </div>
   <div class='ocr_carea' id='block_1_29' title="bbox 2123 1417 3696 1488">
    <p class='ocr_par' dir='ltr' id='par_1_29' title="bbox 2123 1417 3696 1488">
     <span class='ocr_line' id='line_1_29' title="bbox 2123 1417 3696 1488; baseline -0.001 -14"><span class='ocrx_word' id='word_1_192' title='bbox 2123 1420 2287 1474; x_wconf 90' lang='lat' dir='ltr'><strong>ctavi.</strong></span> <span class='ocrx_word' id='word_1_193' title='bbox 2328 1417 2433 1474; x_wconf 91' lang='lat' dir='ltr'><strong>Sed</strong></span> <span class='ocrx_word' id='word_1_194' title='bbox 2465 1420 2666 1482; x_wconf 91' lang='lat' dir='ltr'><strong>adhuc,</strong></span> <span class='ocrx_word' id='word_1_195' title='bbox 2688 1419 2833 1488; x_wconf 88' lang='lat' dir='ltr'><strong>quod</strong></span> <span class='ocrx_word' id='word_1_196' title='bbox 2861 1426 2946 1472; x_wconf 85' lang='lat' dir='ltr'><strong>est</strong></span> <span class='ocrx_word' id='word_1_197' title='bbox 2977 1419 3170 1472; x_wconf 91' lang='lat' dir='ltr'><strong>horum</strong></span> <span class='ocrx_word' id='word_1_198' title='bbox 3203 1418 3520 1483; x_wconf 83' lang='lat' dir='ltr'><strong>maximum,</strong></span> <span class='ocrx_word' id='word_1_199' title='bbox 3553 1420 3696 1472; x_wconf 80' lang='lat' dir='ltr'><strong>uitu-</strong></span> 
     </span>
    </p>
   </div>
   <div class='ocr_carea' id='block_1_30' title="bbox 2123 1496 3694 1580">
    <p class='ocr_par' dir='ltr' id='par_1_30' title="bbox 2123 1496 3694 1580">
     <span class='ocr_line' id='line_1_30' title="bbox 2123 1496 3694 1580; baseline 0.001 -15"><span class='ocrx_word' id='word_1_200' title='bbox 2123 1512 2255 1576; x_wconf 87' lang='lat' dir='ltr'><strong>lum,</strong></span> <span class='ocrx_word' id='word_1_201' title='bbox 2293 1510 2490 1580; x_wconf 85' lang='lat' dir='ltr'><strong>inquit,</strong></span> <span class='ocrx_word' id='word_1_202' title='bbox 2529 1527 2692 1564; x_wconf 87' lang='lat' dir='ltr'><strong>unum</strong></span> <span class='ocrx_word' id='word_1_203' title='bbox 2721 1527 2817 1578; x_wconf 89' lang='lat' dir='ltr'><strong>pro</strong></span> <span class='ocrx_word' id='word_1_204' title='bbox 2862 1496 3090 1577; x_wconf 78' lang='lat' dir='ltr'><strong>peccatis</strong></span> <span class='ocrx_word' id='word_1_205' title='bbox 3119 1510 3418 1562; x_wconf 81' lang='lat' dir='ltr'><strong>animarum</strong></span> <span class='ocrx_word' id='word_1_206' title='bbox 3455 1510 3694 1567; x_wconf 88' lang='lat' dir='ltr'><strong>illorum.</strong></span> 
     </span>
    </p>
   </div>
   <div class='ocr_carea' id='block_1_31' title="bbox 2126 1601 3701 1672">
    <p class='ocr_par' dir='ltr' id='par_1_31' title="bbox 2126 1601 3701 1672">
     <span class='ocr_line' id='line_1_31' title="bbox 2126 1601 3701 1672; baseline 0 -14"><span class='ocrx_word' id='word_1_207' title='bbox 2126 1604 2238 1668; x_wconf 91' lang='lat' dir='ltr'><strong>Dic,</strong></span> <span class='ocrx_word' id='word_1_208' title='bbox 2267 1618 2299 1657; x_wconf 92' lang='grc' dir='ltr'>ο</span> <span class='ocrx_word' id='word_1_209' title='bbox 2329 1605 2486 1659; x_wconf 89' lang='lat' dir='ltr'><strong>beate</strong></span> <span class='ocrx_word' id='word_1_210' title='bbox 2516 1603 2639 1668; x_wconf 88' lang='lat' dir='ltr'><strong>Job,</strong></span> <span class='ocrx_word' id='word_1_211' title='bbox 2687 1604 2809 1672; x_wconf 89' lang='lat' dir='ltr'><strong>quis</strong></span> <span class='ocrx_word' id='word_1_212' title='bbox 2846 1611 2898 1657; x_wconf 90' lang='lat' dir='ltr'><strong>te</strong></span> <span class='ocrx_word' id='word_1_213' title='bbox 2927 1602 3114 1656; x_wconf 89' lang='lat' dir='ltr'><strong>docuit</strong></span> <span class='ocrx_word' id='word_1_214' title='bbox 3169 1601 3400 1655; x_wconf 87' lang='lat' dir='ltr'><strong>vitulum</strong></span> <span class='ocrx_word' id='word_1_215' title='bbox 3452 1613 3701 1659; x_wconf 86' lang='lat' dir='ltr'><strong>mactare</strong></span> 
     </span>
    </p>
   </div>
   <div class='ocr_carea' id='block_1_32' title="bbox 2124 1693 3701 1764">
    <p class='ocr_par' dir='ltr' id='par_1_32' title="bbox 2124 1693 3701 1764">
     <span class='ocr_line' id='line_1_32' title="bbox 2124 1693 3701 1764; baseline 0.001 -17"><span class='ocrx_word' id='word_1_216' title='bbox 2124 1710 2223 1764; x_wconf 92' lang='lat' dir='ltr'><strong>pro</strong></span> <span class='ocrx_word' id='word_1_217' title='bbox 2257 1696 2560 1748; x_wconf 87' lang='lat' dir='ltr'><strong>animarum</strong></span> <span class='ocrx_word' id='word_1_218' title='bbox 2595 1695 2834 1763; x_wconf 88' lang='lat' dir='ltr'><strong>peccatis</strong></span> <span class='ocrx_word' id='word_1_219' title='bbox 2876 1711 2891 1750; x_wconf 92' lang='lat'><strong>:</strong></span> <span class='ocrx_word' id='word_1_220' title='bbox 2945 1694 3068 1763; x_wconf 91' lang='lat' dir='ltr'><strong>quis</strong></span> <span class='ocrx_word' id='word_1_221' title='bbox 3101 1693 3286 1748; x_wconf 79' lang='lat' dir='ltr'><strong>docuit</strong></span> <span class='ocrx_word' id='word_1_222' title='bbox 3331 1695 3400 1747; x_wconf 91' lang='lat' dir='ltr'><strong>ita</strong></span> <span class='ocrx_word' id='word_1_223' title='bbox 3436 1694 3501 1747; x_wconf 92' lang='lat' dir='ltr'><strong>dc</strong></span> <span class='ocrx_word' id='word_1_224' title='bbox 3541 1695 3701 1764; x_wconf 79' lang='lat' dir='ltr'><strong>longe</strong></span> 
     </span>
    </p>
   </div>
   <div class='ocr_carea' id='block_1_33' title="bbox 440 1769 3701 1858">
    <p class='ocr_par' dir='ltr' id='par_1_33' title="bbox 440 1769 3701 1858">
     <span class='ocr_line' id='line_1_33' title="bbox 440 1769 3701 1858; baseline -0.001 -15"><span class='ocrx_word' id='word_1_225' title='bbox 440 1791 674 1858; x_wconf 90' lang='lat' dir='ltr'><strong>primum</strong></span> <span class='ocrx_word' id='word_1_226' title='bbox 696 1791 991 1844; x_wconf 90' lang='lat' dir='ltr'><strong>mundabat</strong></span> <span class='ocrx_word' id='word_1_227' title='bbox 1014 1805 1127 1854; x_wconf 90' lang='lat' dir='ltr'><strong>eos,</strong></span> <span class='ocrx_word' id='word_1_228' title='bbox 1148 1789 1287 1843; x_wconf 87' lang='lat' dir='ltr'><strong>etita</strong></span> <span class='ocrx_word' id='word_1_229' title='bbox 1314 1790 1527 1843; x_wconf 90' lang='lat' dir='ltr'><strong>demum</strong></span> <span class='ocrx_word' id='word_1_230' title='bbox 1555 1803 1654 1858; x_wconf 91' lang='lat' dir='ltr'><strong>pro</strong></span> <span class='ocrx_word' id='word_1_231' title='bbox 1680 1788 1760 1843; x_wconf 89' lang='lat' dir='ltr'><strong>eis</strong></span> <span class='ocrx_word' id='word_1_232' title='bbox 1781 1788 2012 1842; x_wconf 89' lang='lat' dir='ltr'><strong>hostiam</strong></span> <span class='ocrx_word' id='word_1_233' title='bbox 2049 1769 2090 1828; x_wconf 77' lang='grc' dir='ltr'>Β</span> <span class='ocrx_word' id='word_1_234' title='bbox 2123 1790 2350 1857; x_wconf 89' lang='lat' dir='ltr'><strong>ﬁguram</strong></span> <span class='ocrx_word' id='word_1_235' title='bbox 2382 1787 2680 1855; x_wconf 87' lang='lat' dir='ltr'><strong>adimplere</strong></span> <span class='ocrx_word' id='word_1_236' title='bbox 2715 1787 2932 1840; x_wconf 92' lang='lat' dir='ltr'><strong>illorum</strong></span> <span class='ocrx_word' id='word_1_237' title='bbox 2964 1801 3086 1855; x_wconf 77' lang='lat' dir='ltr'><strong>quae</strong></span> <span class='ocrx_word' id='word_1_238' title='bbox 3130 1785 3460 1855; x_wconf 87' lang='lat' dir='ltr'><strong>perﬁcienda</strong></span> <span class='ocrx_word' id='word_1_239' title='bbox 3488 1796 3614 1840; x_wconf 90' lang='lat' dir='ltr'><strong>sunt</strong></span> <span class='ocrx_word' id='word_1_240' title='bbox 3643 1787 3701 1840; x_wconf 90' lang='lat' dir='ltr'><strong>in</strong></span> 
     </span>
    </p>
   </div>
   <div class='ocr_carea' id='block_1_34' title="bbox 440 1880 2018 1948">
    <p class='ocr_par' dir='ltr' id='par_1_34' title="bbox 440 1880 2018 1948">
     <span class='ocr_line' id='line_1_34' title="bbox 440 1880 2018 1948; baseline -0.002 -13"><span class='ocrx_word' id='word_1_241' title='bbox 440 1880 702 1936; x_wconf 76' lang='lat' dir='ltr'><strong>offerebat</strong></span> <span class='ocrx_word' id='word_1_242' title='bbox 728 1883 1026 1936; x_wconf 89' lang='lat' dir='ltr'><strong>secundum</strong></span> <span class='ocrx_word' id='word_1_243' title='bbox 1046 1896 1328 1936; x_wconf 87' lang='lat' dir='ltr'><strong>numerum</strong></span> <span class='ocrx_word' id='word_1_244' title='bbox 1348 1895 1556 1945; x_wconf 90' lang='lat' dir='ltr'><strong>eorum,</strong></span> <span class='ocrx_word' id='word_1_245' title='bbox 1572 1880 1869 1935; x_wconf 90' lang='lat' dir='ltr'><strong>secundum</strong></span> <span class='ocrx_word' id='word_1_246' title='bbox 1896 1893 2018 1948; x_wconf 90' lang='lat' dir='ltr'><strong>per-</strong></span> 
     </span>
    </p>
   </div>
   <div class='ocr_carea' id='block_1_35' title="bbox 440 1971 2018 2040">
    <p class='ocr_par' dir='ltr' id='par_1_35' title="bbox 440 1971 2018 2040">
     <span class='ocr_line' id='line_1_35' title="bbox 440 1971 2018 2040; baseline -0.003 -12"><span class='ocrx_word' id='word_1_247' title='bbox 440 1989 606 2029; x_wconf 89' lang='lat' dir='ltr'><strong>sonas</strong></span> <span class='ocrx_word' id='word_1_248' title='bbox 638 1989 850 2028; x_wconf 92' lang='lat' dir='ltr'><strong>eorum.</strong></span> <span class='ocrx_word' id='word_1_249' title='bbox 901 1972 1086 2040; x_wconf 84' lang='lat' dir='ltr'><strong>Quare</strong></span> <span class='ocrx_word' id='word_1_250' title='bbox 1133 1972 1430 2027; x_wconf 82' lang='lat' dir='ltr'><strong>secundum</strong></span> <span class='ocrx_word' id='word_1_251' title='bbox 1475 1986 1761 2026; x_wconf 89' lang='lat' dir='ltr'><strong>numerum</strong></span> <span class='ocrx_word' id='word_1_252' title='bbox 1786 1971 2018 2025; x_wconf 86' lang='lat' dir='ltr'><strong>eorum?</strong></span> 
     </span>
    </p>
   </div>
   <div class='ocr_carea' id='block_1_36' title="bbox 440 2059 2015 2130">
    <p class='ocr_par' dir='ltr' id='par_1_36' title="bbox 440 2059 2015 2130">
     <span class='ocr_line' id='line_1_36' title="bbox 440 2059 2015 2130; baseline 0.001 -17"><span class='ocrx_word' id='word_1_253' title='bbox 440 2059 670 2129; x_wconf 83' lang='lat' dir='ltr'><strong>Propter</strong></span> <span class='ocrx_word' id='word_1_254' title='bbox 718 2061 940 2114; x_wconf 86' lang='lat' dir='ltr'><strong>nimiam</strong></span> <span class='ocrx_word' id='word_1_255' title='bbox 988 2061 1358 2116; x_wconf 89' lang='lat' dir='ltr'><strong>sinceritatem</strong></span> <span class='ocrx_word' id='word_1_256' title='bbox 1400 2076 1564 2130; x_wconf 89' lang='lat' dir='ltr'><strong>quam</strong></span> <span class='ocrx_word' id='word_1_257' title='bbox 1608 2061 2015 2115; x_wconf 87' lang='lat' dir='ltr'><strong>habebatcirca</strong></span> 
     </span>
    </p>
   </div>
   <div class='ocr_carea' id='block_1_37' title="bbox 443 2152 2018 2224">
    <p class='ocr_par' dir='ltr' id='par_1_37' title="bbox 443 2152 2018 2224">
     <span class='ocr_line' id='line_1_37' title="bbox 443 2152 2018 2224; baseline 0.001 -18"><span class='ocrx_word' id='word_1_258' title='bbox 443 2153 584 2220; x_wconf 93' lang='lat' dir='ltr'><strong>illos,</strong></span> <span class='ocrx_word' id='word_1_259' title='bbox 610 2163 774 2224; x_wconf 90' lang='lat' dir='ltr'><strong>atque</strong></span> <span class='ocrx_word' id='word_1_260' title='bbox 823 2153 1071 2208; x_wconf 86' lang='lat' dir='ltr'><strong>devotam</strong></span> <span class='ocrx_word' id='word_1_261' title='bbox 1115 2152 1563 2208; x_wconf 89' lang='lat' dir='ltr'><strong>castiﬁcationem</strong></span> <span class='ocrx_word' id='word_1_262' title='bbox 1593 2167 1756 2222; x_wconf 90' lang='lat' dir='ltr'><strong>quam</strong></span> <span class='ocrx_word' id='word_1_263' title='bbox 1782 2152 2018 2208; x_wconf 88' lang='lat' dir='ltr'><strong>habebat</strong></span> 
     </span>
    </p>
   </div>
   <div class='ocr_carea' id='block_1_38' title="bbox 440 2244 2018 2316">
    <p class='ocr_par' dir='ltr' id='par_1_38' title="bbox 440 2244 2018 2316">
     <span class='ocr_line' id='line_1_38' title="bbox 440 2244 2018 2316; baseline 0 -16"><span class='ocrx_word' id='word_1_264' title='bbox 440 2247 586 2302; x_wconf 88' lang='lat' dir='ltr'><strong>circa</strong></span> <span class='ocrx_word' id='word_1_265' title='bbox 603 2245 742 2300; x_wconf 91' lang='lat' dir='ltr'><strong>illos.</strong></span> <span class='ocrx_word' id='word_1_266' title='bbox 761 2244 972 2316; x_wconf 86' lang='lat' dir='ltr'><strong>Singuli</strong></span> <span class='ocrx_word' id='word_1_267' title='bbox 987 2244 1324 2314; x_wconf 89' lang='lat' dir='ltr'><strong>itidemquca</strong></span> <span class='ocrx_word' id='word_1_268' title='bbox 1344 2246 1452 2300; x_wconf 90' lang='lat' dir='ltr'><strong>Deo</strong></span> <span class='ocrx_word' id='word_1_269' title='bbox 1466 2245 1634 2300; x_wconf 87' lang='lat' dir='ltr'><strong>creati</strong></span> <span class='ocrx_word' id='word_1_270' title='bbox 1651 2255 1801 2312; x_wconf 88' lang='lat' dir='ltr'><strong>sunt,</strong></span> <span class='ocrx_word' id='word_1_271' title='bbox 1821 2245 2018 2315; x_wconf 87' lang='lat' dir='ltr'><strong>sigilla-</strong></span> 
     </span>
    </p>
   </div>
   <div class='ocr_carea' id='block_1_39' title="bbox 445 2336 2016 2405">
    <p class='ocr_par' dir='ltr' id='par_1_39' title="bbox 445 2336 2016 2405">
     <span class='ocr_line' id='line_1_39' title="bbox 445 2336 2016 2405; baseline -0.001 -13"><span class='ocrx_word' id='word_1_272' title='bbox 445 2339 539 2392; x_wconf 92' lang='lat' dir='ltr'><strong>tim</strong></span> <span class='ocrx_word' id='word_1_273' title='bbox 559 2353 625 2392; x_wconf 80' lang='lat' dir='ltr'><strong>ex</strong></span> <span class='ocrx_word' id='word_1_274' title='bbox 645 2347 797 2391; x_wconf 91' lang='lat' dir='ltr'><strong>utero</strong></span> <span class='ocrx_word' id='word_1_275' title='bbox 821 2337 1014 2392; x_wconf 86' lang='lat' dir='ltr'><strong>matris</strong></span> <span class='ocrx_word' id='word_1_276' title='bbox 1037 2336 1308 2402; x_wconf 82' lang='lat' dir='ltr'><strong>exierunt,</strong></span> <span class='ocrx_word' id='word_1_277' title='bbox 1335 2336 1616 2405; x_wconf 88' lang='lat' dir='ltr'><strong>sigillatim</strong></span> <span class='ocrx_word' id='word_1_278' title='bbox 1635 2337 1855 2392; x_wconf 92' lang='lat' dir='ltr'><strong>totidem</strong></span> <span class='ocrx_word' id='word_1_279' title='bbox 1877 2337 2016 2393; x_wconf 89' lang='lat' dir='ltr'><strong>idem</strong></span> 
     </span>
    </p>
   </div>
   <div class='ocr_carea' id='block_1_40' title="bbox 443 2427 2020 2499">
    <p class='ocr_par' dir='ltr' id='par_1_40' title="bbox 443 2427 2020 2499">
     <span class='ocr_line' id='line_1_40' title="bbox 443 2427 2020 2499; baseline 0.001 -16"><span class='ocrx_word' id='word_1_280' title='bbox 443 2430 497 2484; x_wconf 93' lang='lat' dir='ltr'><strong>in</strong></span> <span class='ocrx_word' id='word_1_281' title='bbox 537 2429 953 2496; x_wconf 89' lang='lat' dir='ltr'><strong>resurrectione,</strong></span> <span class='ocrx_word' id='word_1_282' title='bbox 980 2428 1213 2499; x_wconf 90' lang='lat' dir='ltr'><strong>atquein</strong></span> <span class='ocrx_word' id='word_1_283' title='bbox 1236 2427 1791 2498; x_wconf 87' lang='lat' dir='ltr'><strong>inquisitioneiudicii</strong></span> <span class='ocrx_word' id='word_1_284' title='bbox 1826 2443 2020 2485; x_wconf 85' lang='lat' dir='ltr'><strong>exsur-</strong></span> 
     </span>
    </p>
   </div>
   <div class='ocr_carea' id='block_1_41' title="bbox 440 2521 2019 2594">
    <p class='ocr_par' dir='ltr' id='par_1_41' title="bbox 440 2521 2019 2594">
     <span class='ocr_line' id='line_1_41' title="bbox 440 2521 2019 2594; baseline 0.004 -21"><span class='ocrx_word' id='word_1_285' title='bbox 440 2531 590 2593; x_wconf 87' lang='lat' dir='ltr'><strong>gent.</strong></span> <span class='ocrx_word' id='word_1_286' title='bbox 609 2521 690 2577; x_wconf 90' lang='lat' dir='ltr'><strong>0b</strong></span> <span class='ocrx_word' id='word_1_287' title='bbox 721 2523 844 2589; x_wconf 91' lang='lat' dir='ltr'><strong>hoc,</strong></span> <span class='ocrx_word' id='word_1_288' title='bbox 863 2522 1059 2592; x_wconf 88' lang='lat' dir='ltr'><strong>inquit,</strong></span> <span class='ocrx_word' id='word_1_289' title='bbox 1090 2537 1219 2594; x_wconf 87' lang='lat' dir='ltr'><strong>ergo</strong></span> <span class='ocrx_word' id='word_1_290' title='bbox 1243 2537 1342 2593; x_wconf 90' lang='lat' dir='ltr'><strong>pro</strong></span> <span class='ocrx_word' id='word_1_291' title='bbox 1371 2523 1597 2593; x_wconf 85' lang='lat' dir='ltr'><strong>singulis</strong></span> <span class='ocrx_word' id='word_1_292' title='bbox 1625 2539 1812 2579; x_wconf 91' lang='lat' dir='ltr'><strong>eorum</strong></span> <span class='ocrx_word' id='word_1_293' title='bbox 1833 2540 2019 2580; x_wconf 90' lang='lat' dir='ltr'><strong>secun-</strong></span> 
     </span>
    </p>
   </div>
   <div class='ocr_carea' id='block_1_42' title="bbox 441 2613 2018 2684">
    <p class='ocr_par' dir='ltr' id='par_1_42' title="bbox 441 2613 2018 2684">
     <span class='ocr_line' id='line_1_42' title="bbox 441 2613 2018 2684; baseline 0.003 -16"><span class='ocrx_word' id='word_1_294' title='bbox 441 2617 568 2668; x_wconf 89' lang='lat' dir='ltr'><strong>dum</strong></span> <span class='ocrx_word' id='word_1_295' title='bbox 595 2630 877 2670; x_wconf 89' lang='lat' dir='ltr'><strong>numerum</strong></span> <span class='ocrx_word' id='word_1_296' title='bbox 897 2615 1107 2668; x_wconf 90' lang='lat' dir='ltr'><strong>illorum</strong></span> <span class='ocrx_word' id='word_1_297' title='bbox 1131 2614 1364 2669; x_wconf 89' lang='lat' dir='ltr'><strong>hostiam</strong></span> <span class='ocrx_word' id='word_1_298' title='bbox 1389 2613 1576 2680; x_wconf 82' lang='lat' dir='ltr'><strong>oﬁero,</strong></span> <span class='ocrx_word' id='word_1_299' title='bbox 1601 2623 1659 2669; x_wconf 89' lang='lat' dir='ltr'><strong>ut</strong></span> <span class='ocrx_word' id='word_1_300' title='bbox 1689 2625 1745 2671; x_wconf 90' lang='lat' dir='ltr'><strong>et</strong></span> <span class='ocrx_word' id='word_1_301' title='bbox 1773 2616 1871 2684; x_wconf 88' lang='lat' dir='ltr'><strong>ipsi</strong></span> <span class='ocrx_word' id='word_1_302' title='bbox 1902 2617 2018 2672; x_wconf 70' lang='lat' dir='ltr'><strong>haec</strong></span> 
     </span>
    </p>
   </div>
   <div class='ocr_carea' id='block_1_43' title="bbox 440 2707 2018 2780">
    <p class='ocr_par' dir='ltr' id='par_1_43' title="bbox 440 2707 2018 2780">
     <span class='ocr_line' id='line_1_43' title="bbox 440 2707 2018 2780; baseline 0.002 -19"><span class='ocrx_word' id='word_1_303' title='bbox 440 2707 715 2771; x_wconf 86' lang='lat' dir='ltr'><strong>videntes,</strong></span> <span class='ocrx_word' id='word_1_304' title='bbox 767 2707 955 2762; x_wconf 88' lang='lat' dir='ltr'><strong>eadem</strong></span> <span class='ocrx_word' id='word_1_305' title='bbox 1008 2722 1108 2777; x_wconf 90' lang='lat' dir='ltr'><strong>pro</strong></span> <span class='ocrx_word' id='word_1_306' title='bbox 1153 2708 1462 2777; x_wconf 89' lang='lat' dir='ltr'><strong>semetipsis</strong></span> <span class='ocrx_word' id='word_1_307' title='bbox 1507 2708 1776 2778; x_wconf 88' lang='lat' dir='ltr'><strong>perﬁcere</strong></span> <span class='ocrx_word' id='word_1_308' title='bbox 1822 2725 2018 2780; x_wconf 89' lang='lat' dir='ltr'><strong>prope-</strong></span> 
     </span>
    </p>
   </div>
   <div class='ocr_carea' id='block_1_44' title="bbox 441 2800 2019 2870">
    <p class='ocr_par' dir='ltr' id='par_1_44' title="bbox 441 2800 2019 2870">
     <span class='ocr_line' id='line_1_44' title="bbox 441 2800 2019 2870; baseline 0.003 -15"><span class='ocrx_word' id='word_1_309' title='bbox 441 2810 587 2866; x_wconf 90' lang='lat' dir='ltr'><strong>rent,</strong></span> <span class='ocrx_word' id='word_1_310' title='bbox 623 2800 730 2856; x_wconf 90' lang='lat' dir='ltr'><strong>hoc</strong></span> <span class='ocrx_word' id='word_1_311' title='bbox 763 2801 1023 2866; x_wconf 89' lang='lat' dir='ltr'><strong>scientes,</strong></span> <span class='ocrx_word' id='word_1_312' title='bbox 1069 2801 1194 2869; x_wconf 89' lang='lat' dir='ltr'><strong>quia</strong></span> <span class='ocrx_word' id='word_1_313' title='bbox 1230 2801 1610 2870; x_wconf 91' lang='lat' dir='ltr'><strong>unusquisque</strong></span> <span class='ocrx_word' id='word_1_314' title='bbox 1651 2803 1892 2858; x_wconf 91' lang='lat' dir='ltr'><strong>omnium</strong></span> <span class='ocrx_word' id='word_1_315' title='bbox 1922 2805 2019 2859; x_wconf 84' lang='lat' dir='ltr'><strong>ho-</strong></span> 
     </span>
    </p>
   </div>
   <div class='ocr_carea' id='block_1_45' title="bbox 441 2892 2020 2966">
    <p class='ocr_par' dir='ltr' id='par_1_45' title="bbox 441 2892 2020 2966">
     <span class='ocr_line' id='line_1_45' title="bbox 441 2892 2020 2966; baseline 0.004 -22"><span class='ocrx_word' id='word_1_316' title='bbox 441 2892 647 2946; x_wconf 87' lang='lat' dir='ltr'><strong>minum</strong></span> <span class='ocrx_word' id='word_1_317' title='bbox 679 2906 780 2961; x_wconf 90' lang='lat' dir='ltr'><strong>pro</strong></span> <span class='ocrx_word' id='word_1_318' title='bbox 809 2893 1106 2962; x_wconf 87' lang='lat' dir='ltr'><strong>semetipso</strong></span> <span class='ocrx_word' id='word_1_319' title='bbox 1133 2892 1282 2948; x_wconf 92' lang='lat' dir='ltr'><strong>solus</strong></span> <span class='ocrx_word' id='word_1_320' title='bbox 1323 2895 1375 2947; x_wconf 94' lang='lat' dir='ltr'><strong>in</strong></span> <span class='ocrx_word' id='word_1_321' title='bbox 1403 2894 1606 2963; x_wconf 90' lang='lat' dir='ltr'><strong>iudicio</strong></span> <span class='ocrx_word' id='word_1_322' title='bbox 1655 2904 1932 2966; x_wconf 83' lang='lat' dir='ltr'><strong>resurget,</strong></span> <span class='ocrx_word' id='word_1_323' title='bbox 1963 2906 2020 2951; x_wconf 89' lang='lat' dir='ltr'><strong>et</strong></span> 
     </span>
    </p>
   </div>
   <div class='ocr_carea' id='block_1_46' title="bbox 443 2980 2018 3053">
    <p class='ocr_par' dir='ltr' id='par_1_46' title="bbox 443 2980 2018 3053">
     <span class='ocr_line' id='line_1_46' title="bbox 443 2980 2018 3053; baseline 0.004 -19"><span class='ocrx_word' id='word_1_324' title='bbox 443 2980 592 3036; x_wconf 89' lang='lat' dir='ltr'><strong>solus</strong></span> <span class='ocrx_word' id='word_1_325' title='bbox 620 2982 688 3036; x_wconf 88' lang='lat' dir='ltr'><strong>ad</strong></span> <span class='ocrx_word' id='word_1_326' title='bbox 715 2981 1128 3051; x_wconf 86' lang='lat' dir='ltr'><strong>inquisitionem</strong></span> <span class='ocrx_word' id='word_1_327' title='bbox 1163 2983 1366 3049; x_wconf 84' lang='lat' dir='ltr'><strong>veniet,</strong></span> <span class='ocrx_word' id='word_1_328' title='bbox 1407 2991 1464 3037; x_wconf 88' lang='lat' dir='ltr'><strong>et</strong></span> <span class='ocrx_word' id='word_1_329' title='bbox 1496 2983 1646 3039; x_wconf 87' lang='lat' dir='ltr'><strong>solus</strong></span> <span class='ocrx_word' id='word_1_330' title='bbox 1685 2999 1785 3053; x_wconf 91' lang='lat' dir='ltr'><strong>pro</strong></span> <span class='ocrx_word' id='word_1_331' title='bbox 1813 3000 1871 3039; x_wconf 89' lang='lat' dir='ltr'><strong>se</strong></span> <span class='ocrx_word' id='word_1_332' title='bbox 1899 2985 2018 3040; x_wconf 91' lang='lat' dir='ltr'><strong>solo</strong></span> 
     </span>
    </p>
   </div>
   <div class='ocr_carea' id='block_1_47' title="bbox 441 3075 2091 3171">
    <p class='ocr_par' dir='ltr' id='par_1_47' title="bbox 441 3075 2091 3171">
     <span class='ocr_line' id='line_1_47' title="bbox 441 3075 2091 3171; baseline 0.002 -42"><span class='ocrx_word' id='word_1_333' title='bbox 441 3090 762 3144; x_wconf 85' lang='lat' dir='ltr'><strong>responsum</strong></span> <span class='ocrx_word' id='word_1_334' title='bbox 805 3076 861 3130; x_wconf 90' lang='lat' dir='ltr'><strong>in</strong></span> <span class='ocrx_word' id='word_1_335' title='bbox 910 3075 1226 3131; x_wconf 85' lang='lat' dir='ltr'><strong>visitatione</strong></span> <span class='ocrx_word' id='word_1_336' title='bbox 1290 3077 1600 3132; x_wconf 89' lang='lat' dir='ltr'><strong>animarum</strong></span> <span class='ocrx_word' id='word_1_337' title='bbox 1672 3078 1844 3134; x_wconf 88' lang='lat' dir='ltr'><strong>dabit.</strong></span> <span class='ocrx_word' id='word_1_338' title='bbox 1899 3077 2014 3133; x_wconf 85' lang='lat' dir='ltr'><strong>Non</strong></span> <span class='ocrx_word' id='word_1_339' title='bbox 2044 3109 2091 3171; x_wconf 65' lang='grc' dir='ltr'>ο</span> 
     </span>
    </p>
   </div>
   <div class='ocr_carea' id='block_1_48' title="bbox 443 3165 2014 3236">
    <p class='ocr_par' dir='ltr' id='par_1_48' title="bbox 443 3165 2014 3236">
     <span class='ocr_line' id='line_1_48' title="bbox 443 3165 2014 3236; baseline 0.003 -16"><span class='ocrx_word' id='word_1_340' title='bbox 443 3167 589 3222; x_wconf 90' lang='lat' dir='ltr'><strong>enim</strong></span> <span class='ocrx_word' id='word_1_341' title='bbox 621 3166 874 3221; x_wconf 74' lang='lat' dir='ltr'><strong>liberabit</strong></span> <span class='ocrx_word' id='word_1_342' title='bbox 904 3165 1075 3221; x_wconf 80' lang='lat' dir='ltr'><strong>frater</strong></span> <span class='ocrx_word' id='word_1_343' title='bbox 1098 3165 1349 3233; x_wconf 80' lang='lat' dir='ltr'><strong>fratrem,</strong></span> <span class='ocrx_word' id='word_1_344' title='bbox 1384 3181 1559 3236; x_wconf 89' lang='lat' dir='ltr'><strong>neque</strong></span> <span class='ocrx_word' id='word_1_345' title='bbox 1591 3167 1846 3223; x_wconf 89' lang='lat' dir='ltr'><strong>defendet</strong></span> <span class='ocrx_word' id='word_1_346' title='bbox 1873 3168 2014 3224; x_wconf 93' lang='lat' dir='ltr'><strong>ullus</strong></span> 
     </span>
    </p>
   </div>
   <div class='ocr_carea' id='block_1_49' title="bbox 442 3256 2013 3330">
    <p class='ocr_par' dir='ltr' id='par_1_49' title="bbox 442 3256 2013 3330">
     <span class='ocr_line' id='line_1_49' title="bbox 442 3256 2013 3330; baseline 0.004 -20"><span class='ocrx_word' id='word_1_347' title='bbox 442 3257 606 3311; x_wconf 89' lang='lat' dir='ltr'><strong>alium</strong></span> <span class='ocrx_word' id='word_1_348' title='bbox 640 3258 695 3312; x_wconf 93' lang='lat' dir='ltr'><strong>in</strong></span> <span class='ocrx_word' id='word_1_349' title='bbox 725 3256 949 3326; x_wconf 84' lang='lat' dir='ltr'><strong>iudicio.</strong></span> <span class='ocrx_word' id='word_1_350' title='bbox 976 3257 1170 3314; x_wconf 81' lang='lat' dir='ltr'><strong>Merito</strong></span> <span class='ocrx_word' id='word_1_351' title='bbox 1205 3273 1336 3330; x_wconf 86' lang='lat' dir='ltr'><strong>ergo</strong></span> <span class='ocrx_word' id='word_1_352' title='bbox 1373 3261 1670 3317; x_wconf 87' lang='lat' dir='ltr'><strong>secundum</strong></span> <span class='ocrx_word' id='word_1_353' title='bbox 1726 3277 2013 3318; x_wconf 90' lang='lat' dir='ltr'><strong>numerum</strong></span> 
     </span>
    </p>
   </div>
   <div class='ocr_carea' id='block_1_50' title="bbox 440 3348 2015 3421">
    <p class='ocr_par' dir='ltr' id='par_1_50' title="bbox 440 3348 2015 3421">
     <span class='ocr_line' id='line_1_50' title="bbox 440 3348 2015 3421; baseline 0.004 -16"><span class='ocrx_word' id='word_1_354' title='bbox 440 3364 631 3405; x_wconf 87' lang='lat' dir='ltr'><strong>eorum</strong></span> <span class='ocrx_word' id='word_1_355' title='bbox 659 3348 920 3406; x_wconf 86' lang='lat' dir='ltr'><strong>oll&#39;erebat</strong></span> <span class='ocrx_word' id='word_1_356' title='bbox 945 3365 1047 3421; x_wconf 85' lang='lat' dir='ltr'><strong>pro</strong></span> <span class='ocrx_word' id='word_1_357' title='bbox 1069 3351 1148 3408; x_wconf 90' lang='lat' dir='ltr'><strong>eis</strong></span> <span class='ocrx_word' id='word_1_358' title='bbox 1171 3352 1401 3420; x_wconf 88' lang='lat' dir='ltr'><strong>hostias,</strong></span> <span class='ocrx_word' id='word_1_359' title='bbox 1429 3353 1558 3408; x_wconf 89' lang='lat' dir='ltr'><strong>item</strong></span> <span class='ocrx_word' id='word_1_360' title='bbox 1587 3353 1813 3409; x_wconf 88' lang='lat' dir='ltr'><strong>vitulum</strong></span> <span class='ocrx_word' id='word_1_361' title='bbox 1847 3370 2015 3410; x_wconf 67' lang='lat' dir='ltr'><strong>uinum</strong></span> 
     </span>
    </p>
   </div>
   <div class='ocr_carea' id='block_1_51' title="bbox 443 3441 2016 3513">
    <p class='ocr_par' dir='ltr' id='par_1_51' title="bbox 443 3441 2016 3513">
     <span class='ocr_line' id='line_1_51' title="bbox 443 3441 2016 3513; baseline 0.004 -18"><span class='ocrx_word' id='word_1_362' title='bbox 443 3457 542 3509; x_wconf 90' lang='lat' dir='ltr'><strong>pro</strong></span> <span class='ocrx_word' id='word_1_363' title='bbox 568 3441 809 3512; x_wconf 89' lang='lat' dir='ltr'><strong>peccatis</strong></span> <span class='ocrx_word' id='word_1_364' title='bbox 835 3443 1144 3498; x_wconf 89' lang='lat' dir='ltr'><strong>animarum</strong></span> <span class='ocrx_word' id='word_1_365' title='bbox 1188 3444 1426 3501; x_wconf 90' lang='lat' dir='ltr'><strong>illorum.</strong></span> <span class='ocrx_word' id='word_1_366' title='bbox 1452 3446 1584 3513; x_wconf 86' lang='lat' dir='ltr'><strong>Quis</strong></span> <span class='ocrx_word' id='word_1_367' title='bbox 1607 3456 1786 3501; x_wconf 91' lang='lat' dir='ltr'><strong>autem</strong></span> <span class='ocrx_word' id='word_1_368' title='bbox 1817 3445 2016 3502; x_wconf 73' lang='lat' dir='ltr'><strong>oﬂere-</strong></span> 
     </span>
    </p>
   </div>
   <div class='ocr_carea' id='block_1_52' title="bbox 440 3533 2014 3609">
    <p class='ocr_par' dir='ltr' id='par_1_52' title="bbox 440 3533 2014 3609">
     <span class='ocr_line' id='line_1_52' title="bbox 440 3533 2014 3609; baseline 0.003 -19"><span class='ocrx_word' id='word_1_369' title='bbox 440 3533 535 3590; x_wconf 88' lang='lat' dir='ltr'><strong>bat</strong></span> <span class='ocrx_word' id='word_1_370' title='bbox 565 3535 783 3589; x_wconf 64' lang='lat' dir='ltr'><strong>eaedem</strong></span> <span class='ocrx_word' id='word_1_371' title='bbox 811 3534 1020 3590; x_wconf 89' lang='lat' dir='ltr'><strong>hostias</strong></span> <span class='ocrx_word' id='word_1_372' title='bbox 1046 3536 1069 3591; x_wconf 72' lang='lat'><strong>7</strong></span> <span class='ocrx_word' id='word_1_373' title='bbox 1091 3536 1312 3592; x_wconf 89' lang='lat' dir='ltr'><strong>Certum</strong></span> <span class='ocrx_word' id='word_1_374' title='bbox 1341 3547 1426 3592; x_wconf 91' lang='lat' dir='ltr'><strong>est</strong></span> <span class='ocrx_word' id='word_1_375' title='bbox 1457 3539 1599 3607; x_wconf 92' lang='lat' dir='ltr'><strong>quod</strong></span> <span class='ocrx_word' id='word_1_376' title='bbox 1630 3539 1751 3609; x_wconf 91' lang='lat' dir='ltr'><strong>ipse</strong></span> <span class='ocrx_word' id='word_1_377' title='bbox 1793 3539 1918 3596; x_wconf 89' lang='lat' dir='ltr'><strong>Job.</strong></span> <span class='ocrx_word' id='word_1_378' title='bbox 1955 3541 2014 3595; x_wconf 91' lang='lat' dir='ltr'><strong>Si</strong></span> 
     </span>
    </p>
   </div>
   <div class='ocr_carea' id='block_1_53' title="bbox 441 3627 2014 3700">
    <p class='ocr_par' dir='ltr' id='par_1_53' title="bbox 441 3627 2014 3700">
     <span class='ocr_line' id='line_1_53' title="bbox 441 3627 2014 3700; baseline 0.004 -20"><span class='ocrx_word' id='word_1_379' title='bbox 441 3627 584 3681; x_wconf 92' lang='lat' dir='ltr'><strong>enim</strong></span> <span class='ocrx_word' id='word_1_380' title='bbox 621 3636 740 3697; x_wconf 90' lang='lat' dir='ltr'><strong>post</strong></span> <span class='ocrx_word' id='word_1_381' title='bbox 778 3627 882 3682; x_wconf 89' lang='lat' dir='ltr'><strong>hoc</strong></span> <span class='ocrx_word' id='word_1_382' title='bbox 918 3642 1016 3695; x_wconf 91' lang='lat' dir='ltr'><strong>pro</strong></span> <span class='ocrx_word' id='word_1_383' title='bbox 1047 3630 1238 3684; x_wconf 89' lang='lat' dir='ltr'><strong>amicis</strong></span> <span class='ocrx_word' id='word_1_384' title='bbox 1274 3630 1390 3684; x_wconf 92' lang='lat' dir='ltr'><strong>suis</strong></span> <span class='ocrx_word' id='word_1_385' title='bbox 1433 3630 1550 3699; x_wconf 90' lang='lat' dir='ltr'><strong>ipse</strong></span> <span class='ocrx_word' id='word_1_386' title='bbox 1583 3629 1771 3700; x_wconf 88' lang='lat' dir='ltr'><strong>jussus</strong></span> <span class='ocrx_word' id='word_1_387' title='bbox 1813 3642 1897 3687; x_wconf 91' lang='lat' dir='ltr'><strong>est</strong></span> <span class='ocrx_word' id='word_1_388' title='bbox 1931 3632 2014 3688; x_wconf 83' lang='lat' dir='ltr'><strong>of-</strong></span> 
     </span>
    </p>
   </div>
   <div class='ocr_carea' id='block_1_54' title="bbox 442 3719 2015 3794">
    <p class='ocr_par' dir='ltr' id='par_1_54' title="bbox 442 3719 2015 3794">
     <span class='ocr_line' id='line_1_54' title="bbox 442 3719 2015 3794; baseline 0.004 -22"><span class='ocrx_word' id='word_1_389' title='bbox 442 3721 605 3784; x_wconf 77' lang='lat' dir='ltr'><strong>ferre,</strong></span> <span class='ocrx_word' id='word_1_390' title='bbox 636 3729 798 3789; x_wconf 89' lang='lat' dir='ltr'><strong>atque</strong></span> <span class='ocrx_word' id='word_1_391' title='bbox 830 3719 1042 3775; x_wconf 74' lang='lat' dir='ltr'><strong>hosdas</strong></span> <span class='ocrx_word' id='word_1_392' title='bbox 1070 3719 1375 3785; x_wconf 89' lang='lat' dir='ltr'><strong>immolare,</strong></span> <span class='ocrx_word' id='word_1_393' title='bbox 1411 3721 1582 3779; x_wconf 90' lang='lat' dir='ltr'><strong>multo</strong></span> <span class='ocrx_word' id='word_1_394' title='bbox 1611 3723 1783 3794; x_wconf 87' lang='lat' dir='ltr'><strong>magis</strong></span> <span class='ocrx_word' id='word_1_395' title='bbox 1817 3739 1916 3794; x_wconf 87' lang='lat' dir='ltr'><strong>pro</strong></span> <span class='ocrx_word' id='word_1_396' title='bbox 1945 3724 2015 3778; x_wconf 89' lang='lat' dir='ltr'><strong>ﬁ-</strong></span> 
     </span>
    </p>
   </div>
   <div class='ocr_carea' id='block_1_55' title="bbox 442 3810 2016 3885">
    <p class='ocr_par' dir='ltr' id='par_1_55' title="bbox 442 3810 2016 3885">
     <span class='ocr_line' id='line_1_55' title="bbox 442 3810 2016 3885; baseline 0.006 -21"><span class='ocrx_word' id='word_1_397' title='bbox 442 3812 528 3866; x_wconf 92' lang='lat' dir='ltr'><strong>liis</strong></span> <span class='ocrx_word' id='word_1_398' title='bbox 557 3811 670 3867; x_wconf 91' lang='lat' dir='ltr'><strong>suis</strong></span> <span class='ocrx_word' id='word_1_399' title='bbox 721 3812 836 3882; x_wconf 89' lang='lat' dir='ltr'><strong>ipse</strong></span> <span class='ocrx_word' id='word_1_400' title='bbox 874 3810 1136 3868; x_wconf 70' lang='lat' dir='ltr'><strong>oﬁ‘erebat</strong></span> <span class='ocrx_word' id='word_1_401' title='bbox 1167 3814 1437 3880; x_wconf 91' lang='lat' dir='ltr'><strong>sinceras,</strong></span> <span class='ocrx_word' id='word_1_402' title='bbox 1467 3824 1632 3885; x_wconf 89' lang='lat' dir='ltr'><strong>atque</strong></span> <span class='ocrx_word' id='word_1_403' title='bbox 1679 3817 1816 3872; x_wconf 91' lang='lat' dir='ltr'><strong>adeo</strong></span> <span class='ocrx_word' id='word_1_404' title='bbox 1860 3831 2016 3872; x_wconf 89' lang='lat' dir='ltr'><strong>acce-</strong></span> 
     </span>
    </p>
   </div>
   <div class='ocr_carea' id='block_1_56' title="bbox 440 3904 2014 3974">
    <p class='ocr_par' dir='ltr' id='par_1_56' title="bbox 440 3904 2014 3974">
     <span class='ocr_line' id='line_1_56' title="bbox 440 3904 2014 3974; baseline 0.003 -16"><span class='ocrx_word' id='word_1_405' title='bbox 440 3904 669 3974; x_wconf 84' lang='lat' dir='ltr'><strong>ptabiles</strong></span> <span class='ocrx_word' id='word_1_406' title='bbox 719 3905 948 3962; x_wconf 87' lang='lat' dir='ltr'><strong>hostias.</strong></span> <span class='ocrx_word' id='word_1_407' title='bbox 983 3904 1152 3958; x_wconf 89' lang='lat' dir='ltr'><strong>Erant</strong></span> <span class='ocrx_word' id='word_1_408' title='bbox 1188 3906 1541 3961; x_wconf 89' lang='lat' dir='ltr'><strong>nihilominus</strong></span> <span class='ocrx_word' id='word_1_409' title='bbox 1594 3907 1753 3963; x_wconf 86' lang='lat' dir='ltr'><strong>etiam</strong></span> <span class='ocrx_word' id='word_1_410' title='bbox 1782 3924 1842 3964; x_wconf 91' lang='lat' dir='ltr'><strong>ea</strong></span> <span class='ocrx_word' id='word_1_411' title='bbox 1876 3919 2014 3964; x_wconf 90' lang='lat' dir='ltr'><strong>tem-</strong></span> 
     </span>
    </p>
   </div>
   <div class='ocr_carea' id='block_1_57' title="bbox 441 3993 2012 4067">
    <p class='ocr_par' dir='ltr' id='par_1_57' title="bbox 441 3993 2012 4067">
     <span class='ocr_line' id='line_1_57' title="bbox 441 3993 2012 4067; baseline 0.005 -22"><span class='ocrx_word' id='word_1_412' title='bbox 441 3999 652 4059; x_wconf 87' lang='lat' dir='ltr'><strong>pestate</strong></span> <span class='ocrx_word' id='word_1_413' title='bbox 706 3993 1019 4048; x_wconf 87' lang='lat' dir='ltr'><strong>sacerdotes</strong></span> <span class='ocrx_word' id='word_1_414' title='bbox 1069 3995 1296 4047; x_wconf 89' lang='lat' dir='ltr'><strong>necdum</strong></span> <span class='ocrx_word' id='word_1_415' title='bbox 1327 3995 1505 4051; x_wconf 80' lang='lat' dir='ltr'><strong>adhuc</strong></span> <span class='ocrx_word' id='word_1_416' title='bbox 1545 4012 1572 4050; x_wconf 91' lang='lat' dir='ltr'><strong>a</strong></span> <span class='ocrx_word' id='word_1_417' title='bbox 1615 3996 1732 4067; x_wconf 85' lang='lat' dir='ltr'><strong>lege</strong></span> <span class='ocrx_word' id='word_1_418' title='bbox 1754 3999 2012 4067; x_wconf 89' lang='lat' dir='ltr'><strong>ordinati,</strong></span> 
     </span>
    </p>
   </div>
   <div class='ocr_carea' id='block_1_58' title="bbox 438 4084 2013 4160">
    <p class='ocr_par' dir='ltr' id='par_1_58' title="bbox 438 4084 2013 4160">
     <span class='ocr_line' id='line_1_58' title="bbox 438 4084 2013 4160; baseline 0.006 -23"><span class='ocrx_word' id='word_1_419' title='bbox 438 4084 532 4138; x_wconf 88' lang='lat' dir='ltr'><strong>sed</strong></span> <span class='ocrx_word' id='word_1_420' title='bbox 550 4084 783 4138; x_wconf 82' lang='lat' dir='ltr'><strong>naturali</strong></span> <span class='ocrx_word' id='word_1_421' title='bbox 807 4085 1076 4155; x_wconf 88' lang='lat' dir='ltr'><strong>sapientia</strong></span> <span class='ocrx_word' id='word_1_422' title='bbox 1098 4087 1203 4141; x_wconf 89' lang='lat' dir='ltr'><strong>hoc</strong></span> <span class='ocrx_word' id='word_1_423' title='bbox 1239 4087 1556 4157; x_wconf 88' lang='lat' dir='ltr'><strong>requirente</strong></span> <span class='ocrx_word' id='word_1_424' title='bbox 1582 4103 1647 4144; x_wconf 88' lang='lat' dir='ltr'><strong>ac</strong></span> <span class='ocrx_word' id='word_1_425' title='bbox 1673 4091 2013 4160; x_wconf 88' lang='lat' dir='ltr'><strong>perﬁciente.</strong></span> 
     </span>
    </p>
   </div>
   <div class='ocr_carea' id='block_1_59' title="bbox 439 4176 2017 4239">
    <p class='ocr_par' dir='ltr' id='par_1_59' title="bbox 439 4176 2017 4239">
     <span class='ocr_line' id='line_1_59' title="bbox 439 4176 2017 4239; baseline 0.006 -9"><span class='ocrx_word' id='word_1_426' title='bbox 439 4178 518 4231; x_wconf 84' lang='lat' dir='ltr'><strong>Ita</strong></span> <span class='ocrx_word' id='word_1_427' title='bbox 548 4177 853 4232; x_wconf 88' lang='lat' dir='ltr'><strong>sacerdotio</strong></span> <span class='ocrx_word' id='word_1_428' title='bbox 888 4176 1108 4234; x_wconf 83' lang='lat' dir='ltr'><strong>functus</strong></span> <span class='ocrx_word' id='word_1_429' title='bbox 1135 4189 1218 4235; x_wconf 92' lang='lat' dir='ltr'><strong>est</strong></span> <span class='ocrx_word' id='word_1_430' title='bbox 1250 4179 1383 4237; x_wconf 87' lang='lat' dir='ltr'><strong>Noe.</strong></span> <span class='ocrx_word' id='word_1_431' title='bbox 1420 4180 1497 4236; x_wconf 83' lang='lat' dir='ltr'><strong>ita</strong></span> <span class='ocrx_word' id='word_1_432' title='bbox 1542 4182 1853 4239; x_wconf 87' lang='lat' dir='ltr'><strong>sacerdotio</strong></span> <span class='ocrx_word' id='word_1_433' title='bbox 1888 4183 2017 4239; x_wconf 89' lang='lat' dir='ltr'><strong>fun-</strong></span> 
     </span>
    </p>
   </div>
   <div class='ocr_carea' id='block_1_60' title="bbox 437 4270 2015 4345">
    <p class='ocr_par' dir='ltr' id='par_1_60' title="bbox 437 4270 2015 4345">
     <span class='ocr_line' id='line_1_60' title="bbox 437 4270 2015 4345; baseline 0.004 -20"><span class='ocrx_word' id='word_1_434' title='bbox 437 4279 558 4325; x_wconf 92' lang='lat' dir='ltr'><strong>ctus</strong></span> <span class='ocrx_word' id='word_1_435' title='bbox 587 4277 672 4325; x_wconf 89' lang='lat' dir='ltr'><strong>est</strong></span> <span class='ocrx_word' id='word_1_436' title='bbox 703 4270 1003 4325; x_wconf 88' lang='lat' dir='ltr'><strong>Abraham.</strong></span> <span class='ocrx_word' id='word_1_437' title='bbox 1054 4271 1132 4327; x_wconf 90' lang='lat' dir='ltr'><strong>lta</strong></span> <span class='ocrx_word' id='word_1_438' title='bbox 1166 4273 1533 4328; x_wconf 90' lang='lat' dir='ltr'><strong>sacerdotium</strong></span> <span class='ocrx_word' id='word_1_439' title='bbox 1574 4275 1746 4345; x_wconf 86' lang='lat' dir='ltr'><strong>gessit</strong></span> <span class='ocrx_word' id='word_1_440' title='bbox 1789 4275 2015 4332; x_wconf 83' lang='lat' dir='ltr'><strong>Melchi-</strong></span> 
     </span>
    </p>
   </div>
   <div class='ocr_carea' id='block_1_61' title="bbox 439 4364 2012 4436">
    <p class='ocr_par' dir='ltr' id='par_1_61' title="bbox 439 4364 2012 4436">
     <span class='ocr_line' id='line_1_61' title="bbox 439 4364 2012 4436; baseline 0.003 -13"><span class='ocrx_word' id='word_1_441' title='bbox 439 4366 663 4423; x_wconf 88' lang='lat' dir='ltr'><strong>sedech.</strong></span> <span class='ocrx_word' id='word_1_442' title='bbox 700 4366 776 4422; x_wconf 90' lang='lat' dir='ltr'><strong>Ita</strong></span> <span class='ocrx_word' id='word_1_443' title='bbox 803 4376 858 4422; x_wconf 87' lang='lat' dir='ltr'><strong>et</strong></span> <span class='ocrx_word' id='word_1_444' title='bbox 888 4367 1002 4436; x_wconf 87' lang='lat' dir='ltr'><strong>ipse</strong></span> <span class='ocrx_word' id='word_1_445' title='bbox 1027 4364 1129 4421; x_wconf 89' lang='lat' dir='ltr'><strong>Job</strong></span> <span class='ocrx_word' id='word_1_446' title='bbox 1159 4376 1281 4436; x_wconf 90' lang='lat' dir='ltr'><strong>post</strong></span> <span class='ocrx_word' id='word_1_447' title='bbox 1305 4366 1427 4423; x_wconf 91' lang='lat' dir='ltr'><strong>illos</strong></span> <span class='ocrx_word' id='word_1_448' title='bbox 1451 4368 1761 4425; x_wconf 90' lang='lat' dir='ltr'><strong>sacerdotio</strong></span> <span class='ocrx_word' id='word_1_449' title='bbox 1785 4368 2012 4427; x_wconf 83' lang='lat' dir='ltr'><strong>functus</strong></span> 
     </span>
    </p>
   </div>
   <div class='ocr_carea' id='block_1_62' title="bbox 2120 1879 3700 1949">
    <p class='ocr_par' dir='ltr' id='par_1_62' title="bbox 2120 1879 3700 1949">
     <span class='ocr_line' id='line_1_62' title="bbox 2120 1879 3700 1949; baseline -0.001 -14"><span class='ocrx_word' id='word_1_450' title='bbox 2120 1882 2420 1935; x_wconf 90' lang='lat' dir='ltr'><strong>novissimo</strong></span> <span class='ocrx_word' id='word_1_451' title='bbox 2455 1881 2744 1949; x_wconf 86' lang='lat' dir='ltr'><strong>tempore?</strong></span> <span class='ocrx_word' id='word_1_452' title='bbox 2775 1880 3037 1949; x_wconf 90' lang='lat' dir='ltr'><strong>Spiritus,</strong></span> <span class='ocrx_word' id='word_1_453' title='bbox 3067 1881 3263 1948; x_wconf 88' lang='lat' dir='ltr'><strong>inquit,</strong></span> <span class='ocrx_word' id='word_1_454' title='bbox 3304 1890 3527 1936; x_wconf 88' lang='lat' dir='ltr'><strong>sanctus</strong></span> <span class='ocrx_word' id='word_1_455' title='bbox 3561 1879 3700 1934; x_wconf 90' lang='lat' dir='ltr'><strong>mihi</strong></span> 
     </span>
    </p>
   </div>
   <div class='ocr_carea' id='block_1_63' title="bbox 2119 1972 3699 2042">
    <p class='ocr_par' dir='ltr' id='par_1_63' title="bbox 2119 1972 3699 2042">
     <span class='ocr_line' id='line_1_63' title="bbox 2119 1972 3699 2042; baseline -0.001 -15"><span class='ocrx_word' id='word_1_456' title='bbox 2119 1973 2404 2038; x_wconf 88' lang='lat' dir='ltr'><strong>revelavit,</strong></span> <span class='ocrx_word' id='word_1_457' title='bbox 2439 1973 2676 2042; x_wconf 88' lang='lat' dir='ltr'><strong>Spiritus</strong></span> <span class='ocrx_word' id='word_1_458' title='bbox 2710 1985 2934 2028; x_wconf 90' lang='lat' dir='ltr'><strong>sanctus</strong></span> <span class='ocrx_word' id='word_1_459' title='bbox 2981 1989 3067 2028; x_wconf 90' lang='lat' dir='ltr'><strong>me</strong></span> <span class='ocrx_word' id='word_1_460' title='bbox 3115 1973 3322 2038; x_wconf 91' lang='lat' dir='ltr'><strong>docuit,</strong></span> <span class='ocrx_word' id='word_1_461' title='bbox 3373 1984 3433 2028; x_wconf 91' lang='lat' dir='ltr'><strong>ut</strong></span> <span class='ocrx_word' id='word_1_462' title='bbox 3461 1972 3699 2027; x_wconf 90' lang='lat' dir='ltr'><strong>vitulum</strong></span> 
     </span>
    </p>
   </div>
   <div class='ocr_carea' id='block_1_64' title="bbox 2119 2065 3700 2136">
    <p class='ocr_par' dir='ltr' id='par_1_64' title="bbox 2119 2065 3700 2136">
     <span class='ocr_line' id='line_1_64' title="bbox 2119 2065 3700 2136; baseline 0.001 -17"><span class='ocrx_word' id='word_1_463' title='bbox 2119 2081 2218 2136; x_wconf 89' lang='lat' dir='ltr'><strong>pro</strong></span> <span class='ocrx_word' id='word_1_464' title='bbox 2269 2066 2557 2120; x_wconf 84' lang='lat' dir='ltr'><strong>animabus</strong></span> <span class='ocrx_word' id='word_1_465' title='bbox 2604 2065 2833 2120; x_wconf 78' lang='lat' dir='ltr'><strong>offeram</strong></span> <span class='ocrx_word' id='word_1_466' title='bbox 2870 2066 2922 2120; x_wconf 93' lang='lat' dir='ltr'><strong>in</strong></span> <span class='ocrx_word' id='word_1_467' title='bbox 2955 2066 3183 2136; x_wconf 87' lang='lat' dir='ltr'><strong>ﬁguram</strong></span> <span class='ocrx_word' id='word_1_468' title='bbox 3236 2066 3382 2121; x_wconf 90' lang='lat' dir='ltr'><strong>illius</strong></span> <span class='ocrx_word' id='word_1_469' title='bbox 3426 2065 3700 2127; x_wconf 70' lang='lat' dir='ltr'><strong>vituli,de</strong></span> 
     </span>
    </p>
   </div>
   <div class='ocr_carea' id='block_1_65' title="bbox 2119 2157 3699 2230">
    <p class='ocr_par' dir='ltr' id='par_1_65' title="bbox 2119 2157 3699 2230">
     <span class='ocr_line' id='line_1_65' title="bbox 2119 2157 3699 2230; baseline -0.002 -15"><span class='ocrx_word' id='word_1_470' title='bbox 2119 2176 2225 2230; x_wconf 91' lang='lat' dir='ltr'><strong>quo</strong></span> <span class='ocrx_word' id='word_1_471' title='bbox 2254 2161 2457 2215; x_wconf 89' lang='lat' dir='ltr'><strong>dictum</strong></span> <span class='ocrx_word' id='word_1_472' title='bbox 2479 2169 2563 2214; x_wconf 89' lang='lat' dir='ltr'><strong>est</strong></span> <span class='ocrx_word' id='word_1_473' title='bbox 2591 2178 2603 2213; x_wconf 86' lang='lat'><strong>:</strong></span> <span class='ocrx_word' id='word_1_474' title='bbox 2638 2157 2754 2213; x_wconf 88' lang='lat' dir='ltr'><strong>Cito</strong></span> <span class='ocrx_word' id='word_1_475' title='bbox 2778 2159 3020 2212; x_wconf 80' lang='lat' dir='ltr'><strong>adducite</strong></span> <span class='ocrx_word' id='word_1_476' title='bbox 3045 2159 3270 2213; x_wconf 74' lang='lat' dir='ltr'><strong>vitulum</strong></span> <span class='ocrx_word' id='word_1_477' title='bbox 3297 2159 3600 2228; x_wconf 78' lang='lat' dir='ltr'><strong>saginatum</strong></span> <span class='ocrx_word' id='word_1_478' title='bbox 3623 2159 3699 2223; x_wconf 72' lang='grc'><strong>⁸⁸,</strong></span> 
     </span>
    </p>
   </div>
   <div class='ocr_carea' id='block_1_66' title="bbox 2119 2249 3702 2321">
    <p class='ocr_par' dir='ltr' id='par_1_66' title="bbox 2119 2249 3702 2321">
     <span class='ocr_line' id='line_1_66' title="bbox 2119 2249 3702 2321; baseline -0.001 -13"><span class='ocrx_word' id='word_1_479' title='bbox 2119 2262 2173 2308; x_wconf 85' lang='lat' dir='ltr'><strong>et</strong></span> <span class='ocrx_word' id='word_1_480' title='bbox 2205 2252 2512 2306; x_wconf 90' lang='lat' dir='ltr'><strong>utvitulum</strong></span> <span class='ocrx_word' id='word_1_481' title='bbox 2560 2267 2658 2321; x_wconf 91' lang='lat' dir='ltr'><strong>pro</strong></span> <span class='ocrx_word' id='word_1_482' title='bbox 2703 2251 2945 2320; x_wconf 88' lang='lat' dir='ltr'><strong>peccatis</strong></span> <span class='ocrx_word' id='word_1_483' title='bbox 2984 2249 3226 2319; x_wconf 79' lang='lat' dir='ltr'><strong>iugulem</strong></span> <span class='ocrx_word' id='word_1_484' title='bbox 3262 2250 3312 2304; x_wconf 93' lang='lat' dir='ltr'><strong>in</strong></span> <span class='ocrx_word' id='word_1_485' title='bbox 3371 2260 3500 2321; x_wconf 86' lang='lat' dir='ltr'><strong>typo</strong></span> <span class='ocrx_word' id='word_1_486' title='bbox 3547 2250 3702 2307; x_wconf 87' lang='lat' dir='ltr'><strong>illius</strong></span> 
     </span>
    </p>
   </div>
   <div class='ocr_carea' id='block_1_67' title="bbox 2120 2341 3701 2413">
    <p class='ocr_par' dir='ltr' id='par_1_67' title="bbox 2120 2341 3701 2413">
     <span class='ocr_line' id='line_1_67' title="bbox 2120 2341 3701 2413; baseline -0.001 -15"><span class='ocrx_word' id='word_1_487' title='bbox 2120 2345 2185 2398; x_wconf 87' lang='lat' dir='ltr'><strong>de</strong></span> <span class='ocrx_word' id='word_1_488' title='bbox 2219 2359 2324 2413; x_wconf 90' lang='lat' dir='ltr'><strong>quo</strong></span> <span class='ocrx_word' id='word_1_489' title='bbox 2355 2344 2559 2398; x_wconf 89' lang='lat' dir='ltr'><strong>dictum</strong></span> <span class='ocrx_word' id='word_1_490' title='bbox 2596 2352 2680 2397; x_wconf 87' lang='lat' dir='ltr'><strong>est</strong></span> <span class='ocrx_word' id='word_1_491' title='bbox 2711 2360 2724 2396; x_wconf 88' lang='lat'><strong>:</strong></span> <span class='ocrx_word' id='word_1_492' title='bbox 2757 2341 2892 2396; x_wconf 86' lang='lat' dir='ltr'><strong>Ecce</strong></span> <span class='ocrx_word' id='word_1_493' title='bbox 2924 2341 3108 2412; x_wconf 81' lang='lat' dir='ltr'><strong>Agnus</strong></span> <span class='ocrx_word' id='word_1_494' title='bbox 3145 2342 3263 2408; x_wconf 88' lang='lat' dir='ltr'><strong>Dei,</strong></span> <span class='ocrx_word' id='word_1_495' title='bbox 3290 2359 3406 2396; x_wconf 85' lang='lat' dir='ltr'><strong>ecce</strong></span> <span class='ocrx_word' id='word_1_496' title='bbox 3440 2344 3531 2412; x_wconf 89' lang='lat' dir='ltr'><strong>qui</strong></span> <span class='ocrx_word' id='word_1_497' title='bbox 3553 2343 3701 2396; x_wconf 75' lang='lat' dir='ltr'><strong>tollit</strong></span> 
     </span>
    </p>
   </div>
   <div class='ocr_carea' id='block_1_68' title="bbox 2119 2433 3706 2506">
    <p class='ocr_par' dir='ltr' id='par_1_68' title="bbox 2119 2433 3706 2506">
     <span class='ocr_line' id='line_1_68' title="bbox 2119 2433 3706 2506; baseline -0.001 -16"><span class='ocrx_word' id='word_1_498' title='bbox 2119 2447 2331 2506; x_wconf 75' lang='lat' dir='ltr'><strong>peccata</strong></span> <span class='ocrx_word' id='word_1_499' title='bbox 2358 2436 2540 2489; x_wconf 80' lang='lat' dir='ltr'><strong>mundi</strong></span> <span class='ocrx_word' id='word_1_500' title='bbox 2566 2435 2633 2489; x_wconf 77' lang='lat'><strong>°°.</strong></span> <span class='ocrx_word' id='word_1_501' title='bbox 2667 2436 2806 2504; x_wconf 90' lang='lat' dir='ltr'><strong>Ipse,</strong></span> <span class='ocrx_word' id='word_1_502' title='bbox 2848 2436 3049 2504; x_wconf 92' lang='lat' dir='ltr'><strong>inquit,</strong></span> <span class='ocrx_word' id='word_1_503' title='bbox 3080 2433 3320 2505; x_wconf 82' lang='lat' dir='ltr'><strong>Spiritus</strong></span> <span class='ocrx_word' id='word_1_504' title='bbox 3351 2445 3576 2489; x_wconf 86' lang='lat' dir='ltr'><strong>sanctus</strong></span> <span class='ocrx_word' id='word_1_505' title='bbox 3608 2451 3706 2490; x_wconf 75' lang='lat' dir='ltr'><strong>me</strong></span> 
     </span>
    </p>
   </div>
   <div class='ocr_carea' id='block_1_69' title="bbox 2121 2525 3706 2596">
    <p class='ocr_par' dir='ltr' id='par_1_69' title="bbox 2121 2525 3706 2596">
     <span class='ocr_line' id='line_1_69' title="bbox 2121 2525 3706 2596; baseline 0 -16"><span class='ocrx_word' id='word_1_506' title='bbox 2121 2528 2308 2581; x_wconf 87' lang='lat' dir='ltr'><strong>docuit</strong></span> <span class='ocrx_word' id='word_1_507' title='bbox 2335 2527 2562 2582; x_wconf 88' lang='lat' dir='ltr'><strong>vitulum</strong></span> <span class='ocrx_word' id='word_1_508' title='bbox 2611 2541 2709 2596; x_wconf 89' lang='lat' dir='ltr'><strong>pro</strong></span> <span class='ocrx_word' id='word_1_509' title='bbox 2735 2528 2979 2594; x_wconf 88' lang='lat' dir='ltr'><strong>peccatis</strong></span> <span class='ocrx_word' id='word_1_510' title='bbox 3008 2527 3315 2579; x_wconf 90' lang='lat' dir='ltr'><strong>animarum</strong></span> <span class='ocrx_word' id='word_1_511' title='bbox 3351 2525 3572 2588; x_wconf 79' lang='lat' dir='ltr'><strong>oﬂ&#39;erre,</strong></span> <span class='ocrx_word' id='word_1_512' title='bbox 3613 2535 3706 2580; x_wconf 82' lang='lat' dir='ltr'><strong>at-</strong></span> 
     </span>
    </p>
   </div>
   <div class='ocr_carea' id='block_1_70' title="bbox 2119 2615 3706 2687">
    <p class='ocr_par' dir='ltr' id='par_1_70' title="bbox 2119 2615 3706 2687">
     <span class='ocr_line' id='line_1_70' title="bbox 2119 2615 3706 2687; baseline 0.001 -17"><span class='ocrx_word' id='word_1_513' title='bbox 2119 2633 2226 2686; x_wconf 89' lang='lat' dir='ltr'><strong>que</strong></span> <span class='ocrx_word' id='word_1_514' title='bbox 2277 2619 2344 2673; x_wconf 90' lang='lat' dir='ltr'><strong>de</strong></span> <span class='ocrx_word' id='word_1_515' title='bbox 2392 2617 2554 2687; x_wconf 83' lang='lat' dir='ltr'><strong>longe</strong></span> <span class='ocrx_word' id='word_1_516' title='bbox 2580 2617 2808 2687; x_wconf 90' lang='lat' dir='ltr'><strong>ﬁguram</strong></span> <span class='ocrx_word' id='word_1_517' title='bbox 2840 2615 3087 2686; x_wconf 81' lang='lat' dir='ltr'><strong>implere,</strong></span> <span class='ocrx_word' id='word_1_518' title='bbox 3109 2616 3274 2680; x_wconf 91' lang='lat' dir='ltr'><strong>illius,</strong></span> <span class='ocrx_word' id='word_1_519' title='bbox 3306 2617 3398 2686; x_wconf 90' lang='lat' dir='ltr'><strong>qui</strong></span> <span class='ocrx_word' id='word_1_520' title='bbox 3435 2627 3706 2685; x_wconf 81' lang='lat' dir='ltr'><strong>tanquam</strong></span> 
     </span>
    </p>
   </div>
   <div class='ocr_carea' id='block_1_71' title="bbox 2120 2710 3704 2782">
    <p class='ocr_par' dir='ltr' id='par_1_71' title="bbox 2120 2710 3704 2782">
     <span class='ocr_line' id='line_1_71' title="bbox 2120 2710 3704 2782; baseline -0.001 -17"><span class='ocrx_word' id='word_1_521' title='bbox 2120 2711 2320 2766; x_wconf 87' lang='lat' dir='ltr'><strong>vitulus</strong></span> <span class='ocrx_word' id='word_1_522' title='bbox 2350 2713 2644 2782; x_wconf 86' lang='lat' dir='ltr'><strong>saginatus</strong></span> <span class='ocrx_word' id='word_1_523' title='bbox 2680 2725 2778 2780; x_wconf 85' lang='lat' dir='ltr'><strong>pro</strong></span> <span class='ocrx_word' id='word_1_524' title='bbox 2812 2711 3015 2765; x_wconf 90' lang='lat' dir='ltr'><strong>mundo</strong></span> <span class='ocrx_word' id='word_1_525' title='bbox 3048 2710 3369 2765; x_wconf 89' lang='lat' dir='ltr'><strong>mactandus</strong></span> <span class='ocrx_word' id='word_1_526' title='bbox 3397 2720 3481 2763; x_wconf 90' lang='lat' dir='ltr'><strong>est</strong></span> <span class='ocrx_word' id='word_1_527' title='bbox 3507 2713 3558 2763; x_wconf 93' lang='lat' dir='ltr'><strong>in</strong></span> <span class='ocrx_word' id='word_1_528' title='bbox 3591 2725 3704 2763; x_wconf 84' lang='lat' dir='ltr'><strong>no-</strong></span> 
     </span>
    </p>
   </div>
   <div class='ocr_carea' id='block_1_72' title="bbox 2121 2803 3704 2874">
    <p class='ocr_par' dir='ltr' id='par_1_72' title="bbox 2121 2803 3704 2874">
     <span class='ocr_line' id='line_1_72' title="bbox 2121 2803 3704 2874; baseline 0 -16"><span class='ocrx_word' id='word_1_529' title='bbox 2121 2805 2347 2860; x_wconf 88' lang='lat' dir='ltr'><strong>vissimo</strong></span> <span class='ocrx_word' id='word_1_530' title='bbox 2372 2812 2638 2874; x_wconf 89' lang='lat' dir='ltr'><strong>tempore,</strong></span> <span class='ocrx_word' id='word_1_531' title='bbox 2686 2804 2776 2873; x_wconf 92' lang='lat' dir='ltr'><strong>qui</strong></span> <span class='ocrx_word' id='word_1_532' title='bbox 2818 2813 3079 2872; x_wconf 88' lang='lat' dir='ltr'><strong>tanquam</strong></span> <span class='ocrx_word' id='word_1_533' title='bbox 3110 2818 3280 2872; x_wconf 88' lang='lat' dir='ltr'><strong>agnus</strong></span> <span class='ocrx_word' id='word_1_534' title='bbox 3307 2803 3704 2858; x_wconf 86' lang='lat' dir='ltr'><strong>immaculatus</strong></span> 
     </span>
    </p>
   </div>
   <div class='ocr_carea' id='block_1_73' title="bbox 2121 2895 3705 2969">
    <p class='ocr_par' dir='ltr' id='par_1_73' title="bbox 2121 2895 3705 2969">
     <span class='ocr_line' id='line_1_73' title="bbox 2121 2895 3705 2969; baseline -0.001 -16"><span class='ocrx_word' id='word_1_535' title='bbox 2121 2913 2220 2969; x_wconf 90' lang='lat' dir='ltr'><strong>pro</strong></span> <span class='ocrx_word' id='word_1_536' title='bbox 2275 2898 2490 2952; x_wconf 91' lang='lat' dir='ltr'><strong>mundis</strong></span> <span class='ocrx_word' id='word_1_537' title='bbox 2541 2897 2645 2951; x_wconf 91' lang='lat' dir='ltr'><strong>erit</strong></span> <span class='ocrx_word' id='word_1_538' title='bbox 2697 2895 3077 2952; x_wconf 81' lang='lat' dir='ltr'><strong>immolandus.</strong></span> <span class='ocrx_word' id='word_1_539' title='bbox 3137 2895 3238 2962; x_wconf 89' lang='lat' dir='ltr'><strong>Qui</strong></span> <span class='ocrx_word' id='word_1_540' title='bbox 3287 2897 3434 2949; x_wconf 89' lang='lat' dir='ltr'><strong>enim</strong></span> <span class='ocrx_word' id='word_1_541' title='bbox 3507 2898 3705 2951; x_wconf 86' lang='lat' dir='ltr'><strong>docuit</strong></span> 
     </span>
    </p>
   </div>
   <div class='ocr_carea' id='block_1_74' title="bbox 2121 2984 3706 3051">
    <p class='ocr_par' dir='ltr' id='par_1_74' title="bbox 2121 2984 3706 3051">
     <span class='ocr_line' id='line_1_74' title="bbox 2121 2984 3706 3051; baseline -0.001 -7"><span class='ocrx_word' id='word_1_542' title='bbox 2121 2990 2316 3045; x_wconf 86' lang='lat' dir='ltr'><strong>Isaiam</strong></span> <span class='ocrx_word' id='word_1_543' title='bbox 2347 2988 2528 3042; x_wconf 86' lang='lat' dir='ltr'><strong>dicere</strong></span> <span class='ocrx_word' id='word_1_544' title='bbox 2556 2984 2736 3041; x_wconf 86' lang='lat' dir='ltr'><strong>:Sicut</strong></span> <span class='ocrx_word' id='word_1_545' title='bbox 2762 2988 2867 3040; x_wconf 79' lang='lat' dir='ltr'><strong>ovis</strong></span> <span class='ocrx_word' id='word_1_546' title='bbox 2898 2988 2966 3040; x_wconf 87' lang='lat' dir='ltr'><strong>ad</strong></span> <span class='ocrx_word' id='word_1_547' title='bbox 2997 2987 3262 3040; x_wconf 81' lang='lat' dir='ltr'><strong>victimam</strong></span> <span class='ocrx_word' id='word_1_548' title='bbox 3294 2987 3481 3041; x_wconf 79' lang='lat' dir='ltr'><strong>ductus</strong></span> <span class='ocrx_word' id='word_1_549' title='bbox 3507 2997 3610 3051; x_wconf 83' lang='lat' dir='ltr'><strong>est,</strong></span> <span class='ocrx_word' id='word_1_550' title='bbox 3647 2997 3706 3042; x_wconf 82' lang='lat' dir='ltr'><strong>e:</strong></span> 
     </span>
    </p>
   </div>
   <div class='ocr_carea' id='block_1_75' title="bbox 2122 3077 3702 3148">
    <p class='ocr_par' dir='ltr' id='par_1_75' title="bbox 2122 3077 3702 3148">
     <span class='ocr_line' id='line_1_75' title="bbox 2122 3077 3702 3148; baseline -0.003 -14"><span class='ocrx_word' id='word_1_551' title='bbox 2122 3080 2264 3135; x_wconf 72' lang='lat' dir='ltr'><strong>sicut</strong></span> <span class='ocrx_word' id='word_1_552' title='bbox 2301 3094 2472 3148; x_wconf 78' lang='lat' dir='ltr'><strong>agnus</strong></span> <span class='ocrx_word' id='word_1_553' title='bbox 2503 3093 2680 3130; x_wconf 88' lang='lat' dir='ltr'><strong>coram</strong></span> <span class='ocrx_word' id='word_1_554' title='bbox 2707 3077 2953 3130; x_wconf 85' lang='lat' dir='ltr'><strong>tondente</strong></span> <span class='ocrx_word' id='word_1_555' title='bbox 2983 3093 3037 3130; x_wconf 89' lang='lat' dir='ltr'><strong>se</strong></span> <span class='ocrx_word' id='word_1_556' title='bbox 3061 3077 3175 3130; x_wconf 77' lang='lat' dir='ltr'><strong>sine</strong></span> <span class='ocrx_word' id='word_1_557' title='bbox 3205 3092 3352 3142; x_wconf 86' lang='lat' dir='ltr'><strong>voce,</strong></span> <span class='ocrx_word' id='word_1_558' title='bbox 3383 3087 3433 3130; x_wconf 92' lang='lat' dir='ltr'><strong>et</strong></span> <span class='ocrx_word' id='word_1_559' title='bbox 3474 3088 3702 3145; x_wconf 83' lang='lat' dir='ltr'><strong>peccata</strong></span> 
     </span>
    </p>
   </div>
   <div class='ocr_carea' id='block_1_76' title="bbox 2122 3167 3704 3238">
    <p class='ocr_par' dir='ltr' id='par_1_76' title="bbox 2122 3167 3704 3238">
     <span class='ocr_line' id='line_1_76' title="bbox 2122 3167 3704 3238; baseline -0.003 -12"><span class='ocrx_word' id='word_1_560' title='bbox 2122 3179 2304 3226; x_wconf 81' lang='lat' dir='ltr'><strong>nostra</strong></span> <span class='ocrx_word' id='word_1_561' title='bbox 2348 3171 2460 3238; x_wconf 81' lang='lat' dir='ltr'><strong>ipse</strong></span> <span class='ocrx_word' id='word_1_562' title='bbox 2501 3167 2774 3234; x_wconf 71' lang='lat' dir='ltr'><strong>portavit,</strong></span> <span class='ocrx_word' id='word_1_563' title='bbox 2801 3178 2848 3220; x_wconf 88' lang='lat' dir='ltr'><strong>et</strong></span> <span class='ocrx_word' id='word_1_564' title='bbox 2890 3176 3103 3236; x_wconf 82' lang='lat' dir='ltr'><strong>propter</strong></span> <span class='ocrx_word' id='word_1_565' title='bbox 3144 3167 3438 3235; x_wconf 66' lang='lat' dir='ltr'><strong>impietate:</strong></span> <span class='ocrx_word' id='word_1_566' title='bbox 3483 3178 3704 3222; x_wconf 70' lang='lat' dir='ltr'><strong>nostra:</strong></span> 
     </span>
    </p>
   </div>
   <div class='ocr_carea' id='block_1_77' title="bbox 2119 3256 3704 3328">
    <p class='ocr_par' dir='ltr' id='par_1_77' title="bbox 2119 3256 3704 3328">
     <span class='ocr_line' id='line_1_77' title="bbox 2119 3256 3704 3328; baseline -0.003 -11"><span class='ocrx_word' id='word_1_567' title='bbox 2119 3265 2373 3318; x_wconf 80' lang='lat' dir='ltr'><strong>deductus</strong></span> <span class='ocrx_word' id='word_1_568' title='bbox 2417 3260 2597 3315; x_wconf 79' lang='lat' dir='ltr'><strong>estad</strong></span> <span class='ocrx_word' id='word_1_569' title='bbox 2632 3269 2847 3314; x_wconf 88' lang='lat' dir='ltr'><strong>mortem</strong></span> <span class='ocrx_word' id='word_1_570' title='bbox 2893 3258 2980 3324; x_wconf 83' lang='grc'><strong>⁶¹;</strong></span> <span class='ocrx_word' id='word_1_571' title='bbox 3032 3258 3125 3328; x_wconf 93' lang='lat' dir='ltr'><strong>qui</strong></span> <span class='ocrx_word' id='word_1_572' title='bbox 3173 3258 3361 3312; x_wconf 89' lang='lat' dir='ltr'><strong>docuit</strong></span> <span class='ocrx_word' id='word_1_573' title='bbox 3398 3256 3704 3313; x_wconf 88' lang='lat' dir='ltr'><strong>Jeremiam</strong></span> 
     </span>
    </p>
   </div>
   <div class='ocr_carea' id='block_1_78' title="bbox 2118 3352 3704 3422">
    <p class='ocr_par' dir='ltr' id='par_1_78' title="bbox 2118 3352 3704 3422">
     <span class='ocr_line' id='line_1_78' title="bbox 2118 3352 3704 3422; baseline -0.003 -13"><span class='ocrx_word' id='word_1_574' title='bbox 2118 3355 2303 3409; x_wconf 85' lang='lat' dir='ltr'><strong>dicere</strong></span> <span class='ocrx_word' id='word_1_575' title='bbox 2343 3371 2357 3407; x_wconf 90' lang='lat'><strong>:</strong></span> <span class='ocrx_word' id='word_1_576' title='bbox 2415 3352 2530 3422; x_wconf 86' lang='lat' dir='ltr'><strong>Ego</strong></span> <span class='ocrx_word' id='word_1_577' title='bbox 2579 3362 2752 3404; x_wconf 87' lang='lat' dir='ltr'><strong>autem</strong></span> <span class='ocrx_word' id='word_1_578' title='bbox 2803 3361 3056 3420; x_wconf 89' lang='lat' dir='ltr'><strong>tanquam</strong></span> <span class='ocrx_word' id='word_1_579' title='bbox 3104 3367 3274 3420; x_wconf 82' lang='lat' dir='ltr'><strong>agnus</strong></span> <span class='ocrx_word' id='word_1_580' title='bbox 3321 3353 3704 3405; x_wconf 69' lang='lat' dir='ltr'><strong>immaculata:</strong></span> 
     </span>
    </p>
   </div>
   <div class='ocr_carea' id='block_1_79' title="bbox 2119 3442 3703 3512">
    <p class='ocr_par' dir='ltr' id='par_1_79' title="bbox 2119 3442 3703 3512">
     <span class='ocr_line' id='line_1_79' title="bbox 2119 3442 3703 3512; baseline -0.001 -13"><span class='ocrx_word' id='word_1_581' title='bbox 2119 3447 2308 3500; x_wconf 80' lang='lat' dir='ltr'><strong>ductus</strong></span> <span class='ocrx_word' id='word_1_582' title='bbox 2348 3449 2417 3498; x_wconf 85' lang='lat' dir='ltr'><strong>ad</strong></span> <span class='ocrx_word' id='word_1_583' title='bbox 2449 3443 2834 3497; x_wconf 80' lang='lat' dir='ltr'><strong>immolandum</strong></span> <span class='ocrx_word' id='word_1_584' title='bbox 2880 3443 2946 3506; x_wconf 75' lang='grc'><strong>⁵³,</strong></span> <span class='ocrx_word' id='word_1_585' title='bbox 2998 3442 3213 3512; x_wconf 88' lang='lat' dir='ltr'><strong>aliaque</strong></span> <span class='ocrx_word' id='word_1_586' title='bbox 3263 3443 3554 3496; x_wconf 88' lang='lat' dir='ltr'><strong>innumera</strong></span> <span class='ocrx_word' id='word_1_587' title='bbox 3615 3445 3703 3498; x_wconf 89' lang='lat' dir='ltr'><strong>his</strong></span> 
     </span>
    </p>
   </div>
   <div class='ocr_carea' id='block_1_80' title="bbox 2119 3531 3705 3603">
    <p class='ocr_par' dir='ltr' id='par_1_80' title="bbox 2119 3531 3705 3603">
     <span class='ocr_line' id='line_1_80' title="bbox 2119 3531 3705 3603; baseline -0.002 -13"><span class='ocrx_word' id='word_1_588' title='bbox 2119 3535 2316 3590; x_wconf 88' lang='lat' dir='ltr'><strong>similia</strong></span> <span class='ocrx_word' id='word_1_589' title='bbox 2345 3553 2358 3589; x_wconf 92' lang='lat'><strong>:</strong></span> <span class='ocrx_word' id='word_1_590' title='bbox 2395 3533 2484 3603; x_wconf 90' lang='lat' dir='ltr'><strong>qui</strong></span> <span class='ocrx_word' id='word_1_591' title='bbox 2518 3547 2650 3602; x_wconf 87' lang='lat' dir='ltr'><strong>ergo</strong></span> <span class='ocrx_word' id='word_1_592' title='bbox 2681 3546 2876 3586; x_wconf 86' lang='lat' dir='ltr'><strong>omnes</strong></span> <span class='ocrx_word' id='word_1_593' title='bbox 2905 3531 3025 3586; x_wconf 91' lang='lat' dir='ltr'><strong>illos</strong></span> <span class='ocrx_word' id='word_1_594' title='bbox 3055 3532 3240 3586; x_wconf 90' lang='lat' dir='ltr'><strong>docuit</strong></span> <span class='ocrx_word' id='word_1_595' title='bbox 3271 3533 3456 3588; x_wconf 90' lang='lat' dir='ltr'><strong>dicere</strong></span> <span class='ocrx_word' id='word_1_596' title='bbox 3483 3542 3536 3587; x_wconf 90' lang='lat' dir='ltr'><strong>et</strong></span> <span class='ocrx_word' id='word_1_597' title='bbox 3569 3549 3705 3603; x_wconf 82' lang='lat' dir='ltr'><strong>pro-</strong></span> 
     </span>
    </p>
   </div>
   <div class='ocr_carea' id='block_1_81' title="bbox 2119 3623 3704 3697">
    <p class='ocr_par' dir='ltr' id='par_1_81' title="bbox 2119 3623 3704 3697">
     <span class='ocr_line' id='line_1_81' title="bbox 2119 3623 3704 3697; baseline 0 -17"><span class='ocrx_word' id='word_1_598' title='bbox 2119 3627 2347 3697; x_wconf 91' lang='lat' dir='ltr'><strong>phetare</strong></span> <span class='ocrx_word' id='word_1_599' title='bbox 2390 3629 2455 3681; x_wconf 91' lang='lat' dir='ltr'><strong>de</strong></span> <span class='ocrx_word' id='word_1_600' title='bbox 2499 3641 2588 3688; x_wconf 87' lang='lat' dir='ltr'><strong>eo,</strong></span> <span class='ocrx_word' id='word_1_601' title='bbox 2634 3623 2722 3692; x_wconf 91' lang='lat' dir='ltr'><strong>qui</strong></span> <span class='ocrx_word' id='word_1_602' title='bbox 2771 3633 2891 3677; x_wconf 91' lang='lat' dir='ltr'><strong>erat</strong></span> <span class='ocrx_word' id='word_1_603' title='bbox 2920 3633 3210 3689; x_wconf 85' lang='lat' dir='ltr'><strong>venturus,</strong></span> <span class='ocrx_word' id='word_1_604' title='bbox 3237 3624 3380 3678; x_wconf 88' lang='lat' dir='ltr'><strong>idem</strong></span> <span class='ocrx_word' id='word_1_605' title='bbox 3427 3623 3567 3694; x_wconf 88' lang='lat' dir='ltr'><strong>ipse,</strong></span> <span class='ocrx_word' id='word_1_606' title='bbox 3617 3627 3704 3680; x_wconf 88' lang='lat' dir='ltr'><strong>in-</strong></span> 
     </span>
    </p>
   </div>
   <div class='ocr_carea' id='block_1_82' title="bbox 2118 3717 3703 3792">
    <p class='ocr_par' dir='ltr' id='par_1_82' title="bbox 2118 3717 3703 3792">
     <span class='ocr_line' id='line_1_82' title="bbox 2118 3717 3703 3792; baseline -0.002 -17"><span class='ocrx_word' id='word_1_607' title='bbox 2118 3723 2257 3792; x_wconf 93' lang='lat' dir='ltr'><strong>quit,</strong></span> <span class='ocrx_word' id='word_1_608' title='bbox 2283 3720 2447 3776; x_wconf 84' lang='lat' dir='ltr'><strong>etiam</strong></span> <span class='ocrx_word' id='word_1_609' title='bbox 2479 3734 2565 3775; x_wconf 87' lang='lat' dir='ltr'><strong>me</strong></span> <span class='ocrx_word' id='word_1_610' title='bbox 2600 3717 2943 3783; x_wconf 88' lang='lat' dir='ltr'><strong>illuminavit,</strong></span> <span class='ocrx_word' id='word_1_611' title='bbox 2978 3726 3037 3771; x_wconf 90' lang='lat' dir='ltr'><strong>ut</strong></span> <span class='ocrx_word' id='word_1_612' title='bbox 3065 3717 3292 3771; x_wconf 91' lang='lat' dir='ltr'><strong>vitulum</strong></span> <span class='ocrx_word' id='word_1_613' title='bbox 3326 3733 3426 3787; x_wconf 93' lang='lat' dir='ltr'><strong>pro</strong></span> <span class='ocrx_word' id='word_1_614' title='bbox 3454 3721 3703 3787; x_wconf 82' lang='lat' dir='ltr'><strong>peccatis</strong></span> 
     </span>
    </p>
   </div>
   <div class='ocr_carea' id='block_1_83' title="bbox 2117 3809 3702 3883">
    <p class='ocr_par' dir='ltr' id='par_1_83' title="bbox 2117 3809 3702 3883">
     <span class='ocr_line' id='line_1_83' title="bbox 2117 3809 3702 3883; baseline -0.003 -14"><span class='ocrx_word' id='word_1_615' title='bbox 2117 3813 2395 3878; x_wconf 75' lang='lat' dir='ltr'><strong>olIerrem,</strong></span> <span class='ocrx_word' id='word_1_616' title='bbox 2431 3821 2485 3867; x_wconf 91' lang='lat' dir='ltr'><strong>et</strong></span> <span class='ocrx_word' id='word_1_617' title='bbox 2519 3821 2704 3883; x_wconf 86' lang='lat' dir='ltr'><strong>typum</strong></span> <span class='ocrx_word' id='word_1_618' title='bbox 2753 3810 2921 3866; x_wconf 83' lang='lat' dir='ltr'><strong>l‘utnri</strong></span> <span class='ocrx_word' id='word_1_619' title='bbox 2970 3809 3126 3864; x_wconf 84' lang='lat' dir='ltr'><strong>vituli</strong></span> <span class='ocrx_word' id='word_1_620' title='bbox 3159 3819 3320 3879; x_wconf 86' lang='lat' dir='ltr'><strong>atque</strong></span> <span class='ocrx_word' id='word_1_621' title='bbox 3364 3811 3487 3881; x_wconf 85' lang='lat' dir='ltr'><strong>agni</strong></span> <span class='ocrx_word' id='word_1_622' title='bbox 3517 3811 3702 3864; x_wconf 86' lang='lat' dir='ltr'><strong>adim-</strong></span> 
     </span>
    </p>
   </div>
   <div class='ocr_carea' id='block_1_84' title="bbox 2119 3900 3704 3974">
    <p class='ocr_par' dir='ltr' id='par_1_84' title="bbox 2119 3900 3704 3974">
     <span class='ocr_line' id='line_1_84' title="bbox 2119 3900 3704 3974; baseline -0.001 -17"><span class='ocrx_word' id='word_1_623' title='bbox 2119 3905 2346 3974; x_wconf 88' lang='lat' dir='ltr'><strong>plerem.</strong></span> <span class='ocrx_word' id='word_1_624' title='bbox 2393 3903 2588 3959; x_wconf 83' lang='lat' dir='ltr'><strong>Merito</strong></span> <span class='ocrx_word' id='word_1_625' title='bbox 2628 3917 2758 3974; x_wconf 85' lang='lat' dir='ltr'><strong>ergo</strong></span> <span class='ocrx_word' id='word_1_626' title='bbox 2807 3900 3040 3956; x_wconf 88' lang='lat' dir='ltr'><strong>vitulum</strong></span> <span class='ocrx_word' id='word_1_627' title='bbox 3073 3916 3238 3954; x_wconf 90' lang='lat' dir='ltr'><strong>unum</strong></span> <span class='ocrx_word' id='word_1_628' title='bbox 3294 3914 3396 3970; x_wconf 90' lang='lat' dir='ltr'><strong>pro</strong></span> <span class='ocrx_word' id='word_1_629' title='bbox 3445 3901 3704 3970; x_wconf 85' lang='lat' dir='ltr'><strong>peccatis</strong></span> 
     </span>
    </p>
   </div>
   <div class='ocr_carea' id='block_1_85' title="bbox 2117 3991 3690 4060">
    <p class='ocr_par' dir='ltr' id='par_1_85' title="bbox 2117 3991 3690 4060">
     <span class='ocr_line' id='line_1_85' title="bbox 2117 3991 3690 4060; baseline -0.004 -9"><span class='ocrx_word' id='word_1_630' title='bbox 2117 3998 2422 4052; x_wconf 90' lang='lat' dir='ltr'><strong>animarum</strong></span> <span class='ocrx_word' id='word_1_631' title='bbox 2458 3996 2672 4051; x_wconf 90' lang='lat' dir='ltr'><strong>illorum</strong></span> <span class='ocrx_word' id='word_1_632' title='bbox 2714 3993 2929 4058; x_wconf 89' lang='lat' dir='ltr'><strong>obtullt,</strong></span> <span class='ocrx_word' id='word_1_633' title='bbox 2964 4002 3020 4047; x_wconf 90' lang='lat' dir='ltr'><strong>ut</strong></span> <span class='ocrx_word' id='word_1_634' title='bbox 3064 3991 3155 4045; x_wconf 90' lang='lat' dir='ltr'><strong>illa</strong></span> <span class='ocrx_word' id='word_1_635' title='bbox 3206 4007 3348 4046; x_wconf 92' lang='lat' dir='ltr'><strong>nunc</strong></span> <span class='ocrx_word' id='word_1_636' title='bbox 3387 3991 3690 4060; x_wconf 81' lang='lat' dir='ltr'><strong>perﬁceret</strong></span> 
     </span>
    </p>
   </div>
   <div class='ocr_carea' id='block_1_86' title="bbox 2115 4085 3701 4154">
    <p class='ocr_par' dir='ltr' id='par_1_86' title="bbox 2115 4085 3701 4154">
     <span class='ocr_line' id='line_1_86' title="bbox 2115 4085 3701 4154; baseline -0.006 -9"><span class='ocrx_word' id='word_1_637' title='bbox 2115 4101 2171 4146; x_wconf 93' lang='lat' dir='ltr'><strong>et</strong></span> <span class='ocrx_word' id='word_1_638' title='bbox 2197 4092 2378 4145; x_wconf 89' lang='lat' dir='ltr'><strong>futura</strong></span> <span class='ocrx_word' id='word_1_639' title='bbox 2409 4091 2742 4145; x_wconf 87' lang='lat' dir='ltr'><strong>ostenderet.</strong></span> <span class='ocrx_word' id='word_1_640' title='bbox 2796 4087 2900 4143; x_wconf 80' lang='lat' dir='ltr'><strong>Sed</strong></span> <span class='ocrx_word' id='word_1_641' title='bbox 2932 4095 2988 4141; x_wconf 89' lang='lat' dir='ltr'><strong>et</strong></span> <span class='ocrx_word' id='word_1_642' title='bbox 3014 4085 3189 4140; x_wconf 91' lang='lat' dir='ltr'><strong>adhuc</strong></span> <span class='ocrx_word' id='word_1_643' title='bbox 3228 4094 3516 4154; x_wconf 81' lang='lat' dir='ltr'><strong>propterea</strong></span> <span class='ocrx_word' id='word_1_644' title='bbox 3543 4085 3701 4137; x_wconf 88' lang='lat' dir='ltr'><strong>vitu-</strong></span> 
     </span>
    </p>
   </div>
   <div class='ocr_carea' id='block_1_87' title="bbox 2119 4174 3706 4246">
    <p class='ocr_par' dir='ltr' id='par_1_87' title="bbox 2119 4174 3706 4246">
     <span class='ocr_line' id='line_1_87' title="bbox 2119 4174 3706 4246; baseline -0.004 -10"><span class='ocrx_word' id='word_1_645' title='bbox 2119 4183 2226 4236; x_wconf 90' lang='lat' dir='ltr'><strong>lum</strong></span> <span class='ocrx_word' id='word_1_646' title='bbox 2258 4181 2408 4236; x_wconf 92' lang='lat' dir='ltr'><strong>il-lum</strong></span> <span class='ocrx_word' id='word_1_647' title='bbox 2441 4195 2626 4235; x_wconf 91' lang='lat' dir='ltr'><strong>coram</strong></span> <span class='ocrx_word' id='word_1_648' title='bbox 2671 4178 2796 4233; x_wconf 91' lang='lat' dir='ltr'><strong>ﬁliis</strong></span> <span class='ocrx_word' id='word_1_649' title='bbox 2843 4179 2958 4234; x_wconf 81' lang='lat' dir='ltr'><strong>suis</strong></span> <span class='ocrx_word' id='word_1_650' title='bbox 2993 4191 3095 4246; x_wconf 94' lang='lat' dir='ltr'><strong>pro</strong></span> <span class='ocrx_word' id='word_1_651' title='bbox 3148 4176 3390 4246; x_wconf 89' lang='lat' dir='ltr'><strong>peccatis</strong></span> <span class='ocrx_word' id='word_1_652' title='bbox 3420 4174 3706 4246; x_wconf 85' lang='lat' dir='ltr'><strong>iugulavit</strong></span> 
     </span>
    </p>
   </div>
   <div class='ocr_carea' id='block_1_88' title="bbox 2119 4271 3704 4344">
    <p class='ocr_par' dir='ltr' id='par_1_88' title="bbox 2119 4271 3704 4344">
     <span class='ocr_line' id='line_1_88' title="bbox 2119 4271 3704 4344; baseline -0.004 -12"><span class='ocrx_word' id='word_1_653' title='bbox 2119 4285 2177 4332; x_wconf 86' lang='lat' dir='ltr'><strong>ut</strong></span> <span class='ocrx_word' id='word_1_654' title='bbox 2207 4276 2453 4331; x_wconf 89' lang='lat' dir='ltr'><strong>videntes</strong></span> <span class='ocrx_word' id='word_1_655' title='bbox 2485 4275 2587 4344; x_wconf 91' lang='lat' dir='ltr'><strong>ipsi</strong></span> <span class='ocrx_word' id='word_1_656' title='bbox 2622 4272 2717 4327; x_wconf 91' lang='lat' dir='ltr'><strong>ﬁlii</strong></span> <span class='ocrx_word' id='word_1_657' title='bbox 2770 4273 2914 4343; x_wconf 91' lang='lat' dir='ltr'><strong>quod</strong></span> <span class='ocrx_word' id='word_1_658' title='bbox 2962 4286 3062 4340; x_wconf 93' lang='lat' dir='ltr'><strong>pro</strong></span> <span class='ocrx_word' id='word_1_659' title='bbox 3102 4271 3297 4325; x_wconf 90' lang='lat' dir='ltr'><strong>alienis</strong></span> <span class='ocrx_word' id='word_1_660' title='bbox 3326 4272 3572 4341; x_wconf 90' lang='lat' dir='ltr'><strong>peccatis</strong></span> <span class='ocrx_word' id='word_1_661' title='bbox 3603 4272 3704 4326; x_wconf 89' lang='lat' dir='ltr'><strong>ille</strong></span> 
     </span>
    </p>
   </div>
   <div class='ocr_carea' id='block_1_89' title="bbox 2120 4366 3703 4437">
    <p class='ocr_par' dir='ltr' id='par_1_89' title="bbox 2120 4366 3703 4437">
     <span class='ocr_line' id='line_1_89' title="bbox 2120 4366 3703 4437; baseline -0.003 -13"><span class='ocrx_word' id='word_1_662' title='bbox 2120 4366 2611 4437; x_wconf 89' lang='lat' dir='ltr'><strong>vitulusjugulatus</strong></span> <span class='ocrx_word' id='word_1_663' title='bbox 2641 4372 2967 4428; x_wconf 88' lang='lat' dir='ltr'><strong>moreretur,</strong></span> <span class='ocrx_word' id='word_1_664' title='bbox 3004 4370 3307 4416; x_wconf 91' lang='lat' dir='ltr'><strong>metuentes</strong></span> <span class='ocrx_word' id='word_1_665' title='bbox 3337 4377 3401 4416; x_wconf 93' lang='lat' dir='ltr'><strong>ac</strong></span> <span class='ocrx_word' id='word_1_666' title='bbox 3429 4375 3703 4432; x_wconf 85' lang='lat' dir='ltr'><strong>paventes</strong></span> 
     </span>
    </p>
   </div>
   <div class='ocr_carea' id='block_1_90' title="bbox 439 4449 3703 4532">
    <p class='ocr_par' dir='ltr' id='par_1_90' title="bbox 439 4449 3703 4532">
     <span class='ocr_line' id='line_1_90' title="bbox 439 4449 3703 4532; baseline -0.004 -15"><span class='ocrx_word' id='word_1_667' title='bbox 439 4474 543 4518; x_wconf 81' lang='lat' dir='ltr'><strong>est.</strong></span> <span class='ocrx_word' id='word_1_668' title='bbox 600 4462 707 4517; x_wconf 89' lang='lat' dir='ltr'><strong>Sed</strong></span> <span class='ocrx_word' id='word_1_669' title='bbox 757 4460 974 4516; x_wconf 84' lang='lat' dir='ltr'><strong>interitu</strong></span> <span class='ocrx_word' id='word_1_670' title='bbox 1013 4460 1181 4530; x_wconf 91' lang='lat' dir='ltr'><strong>(sicut</strong></span> <span class='ocrx_word' id='word_1_671' title='bbox 1210 4460 1471 4532; x_wconf 79' lang='lat' dir='ltr'><strong>diximus)</strong></span> <span class='ocrx_word' id='word_1_672' title='bbox 1502 4471 1665 4517; x_wconf 90' lang='lat' dir='ltr'><strong>erant</strong></span> <span class='ocrx_word' id='word_1_673' title='bbox 1708 4464 1875 4519; x_wconf 87' lang='lat' dir='ltr'><strong>etiam</strong></span> <span class='ocrx_word' id='word_1_674' title='bbox 1921 4481 2013 4520; x_wconf 87' lang='lat' dir='ltr'><strong>sa-</strong></span> <span class='ocrx_word' id='word_1_675' title='bbox 2046 4461 2090 4516; x_wconf 88' lang='lat' dir='ltr'><strong>D</strong></span> <span class='ocrx_word' id='word_1_676' title='bbox 2123 4461 2191 4515; x_wconf 93' lang='lat' dir='ltr'><strong>ab</strong></span> <span class='ocrx_word' id='word_1_677' title='bbox 2215 4459 2470 4515; x_wconf 89' lang='lat' dir='ltr'><strong>omnibus</strong></span> <span class='ocrx_word' id='word_1_678' title='bbox 2497 4455 2736 4526; x_wconf 81' lang='lat' dir='ltr'><strong>peccatis</strong></span> <span class='ocrx_word' id='word_1_679' title='bbox 2772 4467 2898 4522; x_wconf 78' lang='lat' dir='ltr'><strong>quae</strong></span> <span class='ocrx_word' id='word_1_680' title='bbox 2945 4451 3162 4506; x_wconf 88' lang='lat' dir='ltr'><strong>animas</strong></span> <span class='ocrx_word' id='word_1_681' title='bbox 3200 4449 3474 4520; x_wconf 82' lang='lat' dir='ltr'><strong>perimunt</strong></span> <span class='ocrx_word' id='word_1_682' title='bbox 3520 4451 3703 4505; x_wconf 86' lang='lat' dir='ltr'><strong>decli-</strong></span> 
     </span>
    </p>
   </div>
   <div class='ocr_carea' id='block_1_91' title="bbox 440 4552 2014 4624">
    <p class='ocr_par' dir='ltr' id='par_1_91' title="bbox 440 4552 2014 4624">
     <span class='ocr_line' id='line_1_91' title="bbox 440 4552 2014 4624; baseline 0.001 -14"><span class='ocrx_word' id='word_1_683' title='bbox 440 4556 686 4611; x_wconf 89' lang='lat' dir='ltr'><strong>cerdotes</strong></span> <span class='ocrx_word' id='word_1_684' title='bbox 717 4569 812 4624; x_wconf 91' lang='lat' dir='ltr'><strong>per</strong></span> <span class='ocrx_word' id='word_1_685' title='bbox 841 4554 962 4608; x_wconf 87' lang='lat' dir='ltr'><strong>loca</strong></span> <span class='ocrx_word' id='word_1_686' title='bbox 992 4553 1084 4620; x_wconf 84' lang='lat' dir='ltr'><strong>qui</strong></span> <span class='ocrx_word' id='word_1_687' title='bbox 1115 4567 1212 4620; x_wconf 91' lang='lat' dir='ltr'><strong>pro</strong></span> <span class='ocrx_word' id='word_1_688' title='bbox 1240 4552 1608 4623; x_wconf 81' lang='lat' dir='ltr'><strong>indigentibus</strong></span> <span class='ocrx_word' id='word_1_689' title='bbox 1639 4555 1846 4612; x_wconf 89' lang='lat' dir='ltr'><strong>hostias</strong></span> <span class='ocrx_word' id='word_1_690' title='bbox 1879 4555 2014 4612; x_wconf 62' lang='grc' dir='ltr'><strong>οὔθ-</strong></span> 
     </span>
    </p>
   </div>
   <div class='ocr_carea' id='block_1_92' title="bbox 441 4643 2011 4714">
    <p class='ocr_par' dir='ltr' id='par_1_92' title="bbox 441 4643 2011 4714">
     <span class='ocr_line' id='line_1_92' title="bbox 441 4643 2011 4714; baseline 0.003 -14"><span class='ocrx_word' id='word_1_691' title='bbox 441 4647 635 4701; x_wconf 89' lang='lat' dir='ltr'><strong>rebant</strong></span> <span class='ocrx_word' id='word_1_692' title='bbox 680 4646 906 4701; x_wconf 89' lang='lat' dir='ltr'><strong>Domino</strong></span> <span class='ocrx_word' id='word_1_693' title='bbox 951 4658 1048 4713; x_wconf 88' lang='lat' dir='ltr'><strong>per</strong></span> <span class='ocrx_word' id='word_1_694' title='bbox 1079 4643 1293 4698; x_wconf 81' lang='lat' dir='ltr'><strong>diversa</strong></span> <span class='ocrx_word' id='word_1_695' title='bbox 1333 4651 1603 4714; x_wconf 90' lang='lat' dir='ltr'><strong>tempora.</strong></span> <span class='ocrx_word' id='word_1_696' title='bbox 1642 4646 1795 4712; x_wconf 88' lang='lat' dir='ltr'><strong>Quod</strong></span> <span class='ocrx_word' id='word_1_697' title='bbox 1831 4658 2011 4704; x_wconf 90' lang='lat' dir='ltr'><strong>autem</strong></span> 
     </span>
    </p>
   </div>
   <div class='ocr_carea' id='block_1_93' title="bbox 442 4735 2015 4806">
    <p class='ocr_par' dir='ltr' id='par_1_93' title="bbox 442 4735 2015 4806">
     <span class='ocr_line' id='line_1_93' title="bbox 442 4735 2015 4806; baseline 0.001 -13"><span class='ocrx_word' id='word_1_698' title='bbox 442 4740 645 4793; x_wconf 88' lang='lat' dir='ltr'><strong>fuerint</strong></span> <span class='ocrx_word' id='word_1_699' title='bbox 683 4752 780 4806; x_wconf 90' lang='lat' dir='ltr'><strong>pro</strong></span> <span class='ocrx_word' id='word_1_700' title='bbox 809 4743 959 4792; x_wconf 90' lang='lat' dir='ltr'><strong>certo</strong></span> <span class='ocrx_word' id='word_1_701' title='bbox 988 4735 1085 4790; x_wconf 87' lang='lat' dir='ltr'><strong>illo</strong></span> <span class='ocrx_word' id='word_1_702' title='bbox 1118 4744 1363 4804; x_wconf 87' lang='lat' dir='ltr'><strong>tempore</strong></span> <span class='ocrx_word' id='word_1_703' title='bbox 1393 4737 1734 4803; x_wconf 86' lang='lat' dir='ltr'><strong>sacerdotes,</strong></span> <span class='ocrx_word' id='word_1_704' title='bbox 1772 4741 2015 4795; x_wconf 91' lang='lat' dir='ltr'><strong>ostendit</strong></span> 
     </span>
    </p>
   </div>
   <div class='ocr_carea' id='block_1_94' title="bbox 441 4826 2008 4901">
    <p class='ocr_par' dir='ltr' id='par_1_94' title="bbox 441 4826 2008 4901">
     <span class='ocr_line' id='line_1_94' title="bbox 441 4826 2008 4901; baseline 0.003 -17"><span class='ocrx_word' id='word_1_705' title='bbox 441 4834 558 4899; x_wconf 83' lang='lat' dir='ltr'><strong>ipse</strong></span> <span class='ocrx_word' id='word_1_706' title='bbox 586 4828 688 4883; x_wconf 91' lang='lat' dir='ltr'><strong>Job</strong></span> <span class='ocrx_word' id='word_1_707' title='bbox 716 4829 940 4884; x_wconf 86' lang='lat' dir='ltr'><strong>dicens:</strong></span> <span class='ocrx_word' id='word_1_708' title='bbox 971 4826 1076 4893; x_wconf 86' lang='lat' dir='ltr'><strong>Qui</strong></span> <span class='ocrx_word' id='word_1_709' title='bbox 1110 4828 1270 4881; x_wconf 86' lang='lat' dir='ltr'><strong>mittit</strong></span> <span class='ocrx_word' id='word_1_710' title='bbox 1311 4831 1610 4883; x_wconf 75' lang='lat' dir='ltr'><strong>sacerdotes</strong></span> <span class='ocrx_word' id='word_1_711' title='bbox 1653 4832 1882 4901; x_wconf 80' lang='lat' dir='ltr'><strong>captivos</strong></span> <span class='ocrx_word' id='word_1_712' title='bbox 1916 4832 2008 4890; x_wconf 57' lang='grc' dir='ltr'><strong>δν.</strong></span> 
     </span>
    </p>
   </div>
   <div class='ocr_carea' id='block_1_95' title="bbox 439 4920 2013 4993">
    <p class='ocr_par' dir='ltr' id='par_1_95' title="bbox 439 4920 2013 4993">
     <span class='ocr_line' id='line_1_95' title="bbox 439 4920 2013 4993; baseline 0.001 -16"><span class='ocrx_word' id='word_1_713' title='bbox 439 4923 566 4977; x_wconf 86' lang='lat' dir='ltr'><strong>Sive</strong></span> <span class='ocrx_word' id='word_1_714' title='bbox 590 4937 720 4992; x_wconf 86' lang='lat' dir='ltr'><strong>ergo</strong></span> <span class='ocrx_word' id='word_1_715' title='bbox 739 4921 1022 4976; x_wconf 90' lang='lat' dir='ltr'><strong>memorati</strong></span> <span class='ocrx_word' id='word_1_716' title='bbox 1054 4920 1389 4986; x_wconf 90' lang='lat' dir='ltr'><strong>sacerdotes,</strong></span> <span class='ocrx_word' id='word_1_717' title='bbox 1413 4921 1528 4977; x_wconf 88' lang='lat' dir='ltr'><strong>sive</strong></span> <span class='ocrx_word' id='word_1_718' title='bbox 1553 4925 1667 4993; x_wconf 89' lang='lat' dir='ltr'><strong>ipse</strong></span> <span class='ocrx_word' id='word_1_719' title='bbox 1698 4937 1792 4992; x_wconf 90' lang='lat' dir='ltr'><strong>per</strong></span> <span class='ocrx_word' id='word_1_720' title='bbox 1814 4933 2013 4980; x_wconf 89' lang='lat' dir='ltr'><strong>semet-</strong></span> 
     </span>
    </p>
   </div>
   <div class='ocr_carea' id='block_1_96' title="bbox 439 5013 2012 5084">
    <p class='ocr_par' dir='ltr' id='par_1_96' title="bbox 439 5013 2012 5084">
     <span class='ocr_line' id='line_1_96' title="bbox 439 5013 2012 5084; baseline 0.002 -16"><span class='ocrx_word' id='word_1_721' title='bbox 439 5017 616 5084; x_wconf 90' lang='lat' dir='ltr'><strong>ipsum</strong></span> <span class='ocrx_word' id='word_1_722' title='bbox 643 5013 746 5069; x_wconf 86' lang='lat' dir='ltr'><strong>Job</strong></span> <span class='ocrx_word' id='word_1_723' title='bbox 776 5013 1038 5068; x_wconf 69' lang='lat' dir='ltr'><strong>offerebat</strong></span> <span class='ocrx_word' id='word_1_724' title='bbox 1067 5013 1279 5069; x_wconf 89' lang='lat' dir='ltr'><strong>hostias</strong></span> <span class='ocrx_word' id='word_1_725' title='bbox 1308 5029 1408 5084; x_wconf 92' lang='lat' dir='ltr'><strong>pro</strong></span> <span class='ocrx_word' id='word_1_726' title='bbox 1452 5014 1561 5070; x_wconf 91' lang='lat' dir='ltr'><strong>illis</strong></span> <span class='ocrx_word' id='word_1_727' title='bbox 1593 5017 1892 5071; x_wconf 90' lang='lat' dir='ltr'><strong>secundum</strong></span> <span class='ocrx_word' id='word_1_728' title='bbox 1920 5032 2012 5071; x_wconf 92' lang='lat' dir='ltr'><strong>nu-</strong></span> 
     </span>
    </p>
   </div>
   <div class='ocr_carea' id='block_1_97' title="bbox 442 5106 2006 5178">
    <p class='ocr_par' dir='ltr' id='par_1_97' title="bbox 442 5106 2006 5178">
     <span class='ocr_line' id='line_1_97' title="bbox 442 5106 2006 5178; baseline 0.003 -17"><span class='ocrx_word' id='word_1_729' title='bbox 442 5122 652 5161; x_wconf 87' lang='lat' dir='ltr'><strong>merum</strong></span> <span class='ocrx_word' id='word_1_730' title='bbox 702 5106 938 5163; x_wconf 75' lang='lat' dir='ltr'><strong>iilorum.</strong></span> <span class='ocrx_word' id='word_1_731' title='bbox 973 5106 1030 5161; x_wconf 91' lang='lat' dir='ltr'><strong>Si</strong></span> <span class='ocrx_word' id='word_1_732' title='bbox 1062 5106 1458 5174; x_wconf 69' lang='lat' dir='ltr'><strong>bsereditatem,</strong></span> <span class='ocrx_word' id='word_1_733' title='bbox 1501 5109 1699 5178; x_wconf 89' lang='lat' dir='ltr'><strong>inquit,</strong></span> <span class='ocrx_word' id='word_1_734' title='bbox 1732 5109 1842 5169; x_wconf 87' lang='lat' dir='ltr'><strong>illis</strong></span> <span class='ocrx_word' id='word_1_735' title='bbox 1889 5110 2006 5166; x_wconf 87' lang='lat' dir='ltr'><strong>dis-</strong></span> 
     </span>
    </p>
   </div>
   <div class='ocr_carea' id='block_1_98' title="bbox 442 5199 2012 5269">
    <p class='ocr_par' dir='ltr' id='par_1_98' title="bbox 442 5199 2012 5269">
     <span class='ocr_line' id='line_1_98' title="bbox 442 5199 2012 5269; baseline 0.004 -16"><span class='ocrx_word' id='word_1_736' title='bbox 442 5201 762 5265; x_wconf 90' lang='lat' dir='ltr'><strong>tribuerem,</strong></span> <span class='ocrx_word' id='word_1_737' title='bbox 794 5199 1006 5255; x_wconf 89' lang='lat' dir='ltr'><strong>sidona</strong></span> <span class='ocrx_word' id='word_1_738' title='bbox 1055 5200 1165 5255; x_wconf 91' lang='lat' dir='ltr'><strong>illis</strong></span> <span class='ocrx_word' id='word_1_739' title='bbox 1214 5201 1454 5269; x_wconf 87' lang='lat' dir='ltr'><strong>ingentia</strong></span> <span class='ocrx_word' id='word_1_740' title='bbox 1489 5201 1774 5267; x_wconf 91' lang='lat' dir='ltr'><strong>donarem,</strong></span> <span class='ocrx_word' id='word_1_741' title='bbox 1826 5218 2012 5259; x_wconf 92' lang='lat' dir='ltr'><strong>nonne</strong></span> 
     </span>
    </p>
   </div>
   <div class='ocr_carea' id='block_1_99' title="bbox 439 5289 2011 5349">
    <p class='ocr_par' dir='ltr' id='par_1_99' title="bbox 439 5289 2011 5349">
     <span class='ocr_line' id='line_1_99' title="bbox 439 5289 2011 5349; baseline 0.001 -2"><span class='ocrx_word' id='word_1_742' title='bbox 439 5291 736 5347; x_wconf 84' lang='lat' dir='ltr'><strong>secundum</strong></span> <span class='ocrx_word' id='word_1_743' title='bbox 767 5304 1049 5345; x_wconf 88' lang='lat' dir='ltr'><strong>numerum</strong></span> <span class='ocrx_word' id='word_1_744' title='bbox 1081 5289 1290 5345; x_wconf 90' lang='lat' dir='ltr'><strong>illorum</strong></span> <span class='ocrx_word' id='word_1_745' title='bbox 1324 5290 1621 5345; x_wconf 91' lang='lat' dir='ltr'><strong>dividerem</strong></span> <span class='ocrx_word' id='word_1_746' title='bbox 1645 5292 1668 5345; x_wconf 78' lang='lat'><strong>?</strong></span> <span class='ocrx_word' id='word_1_747' title='bbox 1694 5290 1886 5348; x_wconf 79' lang='lat' dir='ltr'><strong>Nonne</strong></span> <span class='ocrx_word' id='word_1_748' title='bbox 1923 5308 2011 5349; x_wconf 89' lang='lat' dir='ltr'><strong>se-</strong></span> 
     </span>
    </p>
   </div>
   <div class='ocr_carea' id='block_1_100' title="bbox 440 5382 2010 5453">
    <p class='ocr_par' dir='ltr' id='par_1_100' title="bbox 440 5382 2010 5453">
     <span class='ocr_line' id='line_1_100' title="bbox 440 5382 2010 5453; baseline 0.001 -14"><span class='ocrx_word' id='word_1_749' title='bbox 440 5386 675 5440; x_wconf 87' lang='lat' dir='ltr'><strong>cundum</strong></span> <span class='ocrx_word' id='word_1_750' title='bbox 706 5398 965 5453; x_wconf 74' lang='lat' dir='ltr'><strong>personas</strong></span> <span class='ocrx_word' id='word_1_751' title='bbox 1019 5397 1208 5436; x_wconf 91' lang='lat' dir='ltr'><strong>eorum</strong></span> <span class='ocrx_word' id='word_1_752' title='bbox 1262 5383 1490 5437; x_wconf 86' lang='lat' dir='ltr'><strong>darem?</strong></span> <span class='ocrx_word' id='word_1_753' title='bbox 1522 5382 1675 5437; x_wconf 85' lang='lat' dir='ltr'><strong>Nunc</strong></span> <span class='ocrx_word' id='word_1_754' title='bbox 1705 5399 1834 5439; x_wconf 91' lang='lat' dir='ltr'><strong>vero</strong></span> <span class='ocrx_word' id='word_1_755' title='bbox 1884 5399 2010 5440; x_wconf 90' lang='lat' dir='ltr'><strong>cum</strong></span> 
     </span>
    </p>
   </div>
   <div class='ocr_carea' id='block_1_101' title="bbox 439 5473 2011 5546">
    <p class='ocr_par' dir='ltr' id='par_1_101' title="bbox 439 5473 2011 5546">
     <span class='ocr_line' id='line_1_101' title="bbox 439 5473 2011 5546; baseline 0.001 -16"><span class='ocrx_word' id='word_1_756' title='bbox 439 5477 760 5546; x_wconf 74' lang='lat' dir='ltr'><strong>spiritalem,</strong></span> <span class='ocrx_word' id='word_1_757' title='bbox 793 5475 985 5542; x_wconf 87' lang='lat' dir='ltr'><strong>inquit,</strong></span> <span class='ocrx_word' id='word_1_758' title='bbox 1020 5474 1125 5527; x_wconf 91' lang='lat' dir='ltr'><strong>illis</strong></span> <span class='ocrx_word' id='word_1_759' title='bbox 1165 5473 1535 5528; x_wconf 81' lang='lat' dir='ltr'><strong>haereditatem</strong></span> <span class='ocrx_word' id='word_1_760' title='bbox 1570 5475 1807 5531; x_wconf 89' lang='lat' dir='ltr'><strong>dividam</strong></span> <span class='ocrx_word' id='word_1_761' title='bbox 1847 5487 2011 5545; x_wconf 91' lang='lat' dir='ltr'><strong>atque</strong></span> 
     </span>
    </p>
   </div>
   <div class='ocr_carea' id='block_1_102' title="bbox 439 5566 2015 5638">
    <p class='ocr_par' dir='ltr' id='par_1_102' title="bbox 439 5566 2015 5638">
     <span class='ocr_line' id='line_1_102' title="bbox 439 5566 2015 5638; baseline 0.001 -16"><span class='ocrx_word' id='word_1_762' title='bbox 439 5571 622 5622; x_wconf 85' lang='lat' dir='ltr'><strong>divina</strong></span> <span class='ocrx_word' id='word_1_763' title='bbox 672 5568 775 5621; x_wconf 89' lang='lat' dir='ltr'><strong>illis</strong></span> <span class='ocrx_word' id='word_1_764' title='bbox 820 5568 960 5620; x_wconf 86' lang='lat' dir='ltr'><strong>dona</strong></span> <span class='ocrx_word' id='word_1_765' title='bbox 1011 5566 1234 5636; x_wconf 85' lang='lat' dir='ltr'><strong>largiar,</strong></span> <span class='ocrx_word' id='word_1_766' title='bbox 1280 5566 1549 5629; x_wconf 85' lang='lat' dir='ltr'><strong>sacriﬁcia</strong></span> <span class='ocrx_word' id='word_1_767' title='bbox 1597 5583 1696 5638; x_wconf 90' lang='lat' dir='ltr'><strong>pro</strong></span> <span class='ocrx_word' id='word_1_768' title='bbox 1731 5568 1836 5623; x_wconf 91' lang='lat' dir='ltr'><strong>illis</strong></span> <span class='ocrx_word' id='word_1_769' title='bbox 1881 5567 2015 5624; x_wconf 72' lang='lat' dir='ltr'><strong>oﬁ‘c-</strong></span> 
     </span>
    </p>
   </div>
   <div class='ocr_carea' id='block_1_103' title="bbox 511 5687 1936 5764">
    <p class='ocr_par' dir='ltr' id='par_1_103' title="bbox 511 5687 1936 5764">
     <span class='ocr_line' id='line_1_103' title="bbox 511 5687 1936 5764; baseline 0.003 -22"><span class='ocrx_word' id='word_1_770' title='bbox 511 5690 575 5764; x_wconf 61' lang='lat' dir='ltr'><strong>‘f”</strong></span> <span class='ocrx_word' id='word_1_771' title='bbox 600 5688 701 5742; x_wconf 75' lang='lat' dir='ltr'><strong>Job</strong></span> <span class='ocrx_word' id='word_1_772' title='bbox 737 5703 774 5751; x_wconf 89' lang='lat' dir='ltr'><strong>l,</strong></span> <span class='ocrx_word' id='word_1_773' title='bbox 811 5689 882 5764; x_wconf 79' lang='lat'><strong>5._</strong></span> <span class='ocrx_word' id='word_1_774' title='bbox 915 5687 1185 5764; x_wconf 16' lang='grc' dir='ltr'><strong>»⁵⁸1ῌϐςηο,</strong></span> <span class='ocrx_word' id='word_1_775' title='bbox 1222 5688 1416 5764; x_wconf 72' lang='lat' dir='ltr'><strong>xt,_28.</strong></span> <span class='ocrx_word' id='word_1_776' title='bbox 1492 5692 1559 5724; x_wconf 55' lang='grc' dir='ltr'><strong>σθ’</strong></span> <span class='ocrx_word' id='word_1_777' title='bbox 1589 5690 1688 5748; x_wconf 92' lang='lat' dir='ltr'><strong>Job</strong></span> <span class='ocrx_word' id='word_1_778' title='bbox 1717 5709 1815 5764; x_wconf 78' lang='lat' dir='ltr'><strong>xu,</strong></span> <span class='ocrx_word' id='word_1_779' title='bbox 1856 5694 1936 5750; x_wconf 84' lang='lat'><strong>19.</strong></span> 
     </span>
    </p>
   </div>
   <div class='ocr_carea' id='block_1_104' title="bbox 439 5759 1350 5824">
    <p class='ocr_par' dir='ltr' id='par_1_104' title="bbox 439 5759 1350 5824">
     <span class='ocr_line' id='line_1_104' title="bbox 439 5759 1350 5824; baseline 0.001 -13"><span class='ocrx_word' id='word_1_780' title='bbox 439 5761 484 5790; x_wconf 71' lang='grc'><strong>⁸³</strong></span> <span class='ocrx_word' id='word_1_781' title='bbox 510 5759 707 5813; x_wconf 81' lang='lat' dir='ltr'><strong>Jcrctu.</strong></span> <span class='ocrx_word' id='word_1_782' title='bbox 753 5776 826 5824; x_wconf 61' lang='grc' dir='ltr'><strong>χι,</strong></span> <span class='ocrx_word' id='word_1_783' title='bbox 863 5760 950 5814; x_wconf 74' lang='grc'><strong>19.</strong></span> <span class='ocrx_word' id='word_1_784' title='bbox 1028 5760 1071 5792; x_wconf 75' lang='grc'><strong>⁸³</strong></span> <span class='ocrx_word' id='word_1_785' title='bbox 1096 5759 1195 5815; x_wconf 79' lang='lat' dir='ltr'><strong>Jul)</strong></span> <span class='ocrx_word' id='word_1_786' title='bbox 1222 5772 1261 5822; x_wconf 90' lang='grc' dir='ltr'><strong>ι,</strong></span> <span class='ocrx_word' id='word_1_787' title='bbox 1297 5762 1350 5813; x_wconf 79' lang='grc'><strong>5.</strong></span> 
     </span>
    </p>
   </div>
   <div class='ocr_carea' id='block_1_105' title="bbox 2016 5686 2464 5755">
    <p class='ocr_par' dir='ltr' id='par_1_105' title="bbox 2016 5686 2464 5755">
     <span class='ocr_line' id='line_1_105' title="bbox 2016 5686 2464 5755; baseline -0.022 -4"><span class='ocrx_word' id='word_1_788' title='bbox 2016 5694 2060 5727; x_wconf 75' lang='grc'><strong>⁵⁸</strong></span> <span class='ocrx_word' id='word_1_789' title='bbox 2091 5693 2224 5750; x_wconf 88' lang='lat' dir='ltr'><strong>Luc.</strong></span> <span class='ocrx_word' id='word_1_790' title='bbox 2257 5704 2344 5755; x_wconf 85' lang='lat' dir='ltr'><strong>xv,</strong></span> <span class='ocrx_word' id='word_1_791' title='bbox 2373 5686 2464 5742; x_wconf 70' lang='grc'><strong>23.</strong></span> 
     </span>
    </p>
   </div>
   <div class='ocr_carea' id='block_1_106' title="bbox 2123 4541 3698 4606">
    <p class='ocr_par' dir='ltr' id='par_1_106' title="bbox 2123 4541 3698 4606">
     <span class='ocr_line' id='line_1_106' title="bbox 2123 4541 3698 4606; baseline -0.009 0"><span class='ocrx_word' id='word_1_792' title='bbox 2123 4561 2314 4605; x_wconf 90' lang='lat' dir='ltr'><strong>narent</strong></span> <span class='ocrx_word' id='word_1_793' title='bbox 2353 4559 2407 4604; x_wconf 91' lang='lat' dir='ltr'><strong>ct</strong></span> <span class='ocrx_word' id='word_1_794' title='bbox 2445 4549 2729 4603; x_wconf 78' lang='lat' dir='ltr'><strong>universas</strong></span> <span class='ocrx_word' id='word_1_795' title='bbox 2779 4542 2994 4598; x_wconf 84' lang='lat' dir='ltr'><strong>animas</strong></span> <span class='ocrx_word' id='word_1_796' title='bbox 3051 4543 3449 4606; x_wconf 87' lang='lat' dir='ltr'><strong>interﬁcerent,</strong></span> <span class='ocrx_word' id='word_1_797' title='bbox 3486 4541 3538 4596; x_wconf 91' lang='lat' dir='ltr'><strong>id</strong></span> <span class='ocrx_word' id='word_1_798' title='bbox 3591 4551 3698 4604; x_wconf 89' lang='lat' dir='ltr'><strong>est,</strong></span> 
     </span>
    </p>
   </div>
   <div class='ocr_carea' id='block_1_107' title="bbox 2117 4631 3705 4715">
    <p class='ocr_par' dir='ltr' id='par_1_107' title="bbox 2117 4631 3705 4715">
     <span class='ocr_line' id='line_1_107' title="bbox 2117 4631 3705 4715; baseline -0.006 -18"><span class='ocrx_word' id='word_1_799' title='bbox 2117 4644 2417 4715; x_wconf 88' lang='lat' dir='ltr'><strong>iuventutis</strong></span> <span class='ocrx_word' id='word_1_800' title='bbox 2452 4639 2790 4712; x_wconf 87' lang='lat' dir='ltr'><strong>ignorantias</strong></span> <span class='ocrx_word' id='word_1_801' title='bbox 2837 4653 2865 4692; x_wconf 87' lang='lat' dir='ltr'><strong>a</strong></span> <span class='ocrx_word' id='word_1_802' title='bbox 2910 4651 2968 4692; x_wconf 89' lang='lat' dir='ltr'><strong>se</strong></span> <span class='ocrx_word' id='word_1_803' title='bbox 3017 4635 3433 4689; x_wconf 89' lang='lat' dir='ltr'><strong>mortiﬁcarent.</strong></span> <span class='ocrx_word' id='word_1_804' title='bbox 3472 4631 3555 4688; x_wconf 92' lang='lat' dir='ltr'><strong>Ob</strong></span> <span class='ocrx_word' id='word_1_805' title='bbox 3591 4633 3705 4688; x_wconf 88' lang='lat' dir='ltr'><strong>hoc</strong></span> 
     </span>
    </p>
   </div>
   <div class='ocr_carea' id='block_1_108' title="bbox 2118 4727 3705 4809">
    <p class='ocr_par' dir='ltr' id='par_1_108' title="bbox 2118 4727 3705 4809">
     <span class='ocr_line' id='line_1_108' title="bbox 2118 4727 3705 4809; baseline -0.008 -16"><span class='ocrx_word' id='word_1_806' title='bbox 2118 4753 2247 4809; x_wconf 84' lang='lat' dir='ltr'><strong>ergo</strong></span> <span class='ocrx_word' id='word_1_807' title='bbox 2279 4735 2504 4790; x_wconf 92' lang='lat' dir='ltr'><strong>vitulum</strong></span> <span class='ocrx_word' id='word_1_808' title='bbox 2538 4749 2702 4788; x_wconf 89' lang='lat' dir='ltr'><strong>unum</strong></span> <span class='ocrx_word' id='word_1_809' title='bbox 2740 4734 2792 4785; x_wconf 91' lang='lat' dir='ltr'><strong>in</strong></span> <span class='ocrx_word' id='word_1_810' title='bbox 2824 4731 3048 4800; x_wconf 84' lang='lat' dir='ltr'><strong>ﬁguram</strong></span> <span class='ocrx_word' id='word_1_811' title='bbox 3097 4729 3258 4784; x_wconf 89' lang='lat' dir='ltr'><strong>unius</strong></span> <span class='ocrx_word' id='word_1_812' title='bbox 3302 4728 3590 4781; x_wconf 89' lang='lat' dir='ltr'><strong>memorati</strong></span> <span class='ocrx_word' id='word_1_813' title='bbox 3633 4727 3705 4782; x_wconf 90' lang='lat' dir='ltr'><strong>il-</strong></span> 
     </span>
    </p>
   </div>
   <div class='ocr_carea' id='block_1_109' title="bbox 2120 4821 3699 4894">
    <p class='ocr_par' dir='ltr' id='par_1_109' title="bbox 2120 4821 3699 4894">
     <span class='ocr_line' id='line_1_109' title="bbox 2120 4821 3699 4894; baseline -0.007 -9"><span class='ocrx_word' id='word_1_814' title='bbox 2120 4833 2223 4886; x_wconf 91' lang='lat' dir='ltr'><strong>lius</strong></span> <span class='ocrx_word' id='word_1_815' title='bbox 2258 4828 2409 4882; x_wconf 88' lang='lat' dir='ltr'><strong>vituli</strong></span> <span class='ocrx_word' id='word_1_816' title='bbox 2442 4826 2699 4880; x_wconf 80' lang='lat' dir='ltr'><strong>mactavit</strong></span> <span class='ocrx_word' id='word_1_817' title='bbox 2730 4841 2827 4892; x_wconf 88' lang='lat' dir='ltr'><strong>pro</strong></span> <span class='ocrx_word' id='word_1_818' title='bbox 2857 4822 3097 4894; x_wconf 84' lang='lat' dir='ltr'><strong>peccatis</strong></span> <span class='ocrx_word' id='word_1_819' title='bbox 3131 4821 3436 4874; x_wconf 89' lang='lat' dir='ltr'><strong>animarum</strong></span> <span class='ocrx_word' id='word_1_820' title='bbox 3476 4834 3699 4874; x_wconf 88' lang='lat' dir='ltr'><strong>eorum.</strong></span> 
     </span>
    </p>
   </div>
   <div class='ocr_carea' id='block_1_110' title="bbox 2119 4908 3705 4980">
    <p class='ocr_par' dir='ltr' id='par_1_110' title="bbox 2119 4908 3705 4980">
     <span class='ocr_line' id='line_1_110' title="bbox 2119 4908 3705 4980; baseline -0.008 -3"><span class='ocrx_word' id='word_1_821' title='bbox 2119 4922 2245 4977; x_wconf 68' lang='lat' dir='ltr'><strong>Hace</strong></span> <span class='ocrx_word' id='word_1_822' title='bbox 2287 4919 2546 4973; x_wconf 90' lang='lat' dir='ltr'><strong>nimirum</strong></span> <span class='ocrx_word' id='word_1_823' title='bbox 2596 4917 2848 4970; x_wconf 87' lang='lat' dir='ltr'><strong>universa</strong></span> <span class='ocrx_word' id='word_1_824' title='bbox 2888 4913 3016 4967; x_wconf 85' lang='lat' dir='ltr'><strong>fecit</strong></span> <span class='ocrx_word' id='word_1_825' title='bbox 3064 4912 3258 4966; x_wconf 88' lang='lat' dir='ltr'><strong>beatus</strong></span> <span class='ocrx_word' id='word_1_826' title='bbox 3284 4908 3384 4963; x_wconf 91' lang='lat' dir='ltr'><strong>Job</strong></span> <span class='ocrx_word' id='word_1_827' title='bbox 3413 4911 3705 4980; x_wconf 88' lang='lat' dir='ltr'><strong>sapienter</strong></span> 
     </span>
    </p>
   </div>
   <div class='ocr_carea' id='block_1_111' title="bbox 2118 5001 3704 5076">
    <p class='ocr_par' dir='ltr' id='par_1_111' title="bbox 2118 5001 3704 5076">
     <span class='ocr_line' id='line_1_111' title="bbox 2118 5001 3704 5076; baseline -0.009 -6"><span class='ocrx_word' id='word_1_828' title='bbox 2118 5013 2473 5070; x_wconf 89' lang='lat' dir='ltr'><strong>considerans</strong></span> <span class='ocrx_word' id='word_1_829' title='bbox 2526 5017 2822 5075; x_wconf 88' lang='lat' dir='ltr'><strong>sancteque</strong></span> <span class='ocrx_word' id='word_1_830' title='bbox 2871 5005 3138 5076; x_wconf 84' lang='lat' dir='ltr'><strong>cogitans.</strong></span> <span class='ocrx_word' id='word_1_831' title='bbox 3193 5001 3595 5056; x_wconf 86' lang='lat' dir='ltr'><strong>Dicebatenim</strong></span> <span class='ocrx_word' id='word_1_832' title='bbox 3645 5005 3704 5056; x_wconf 90' lang='lat' dir='ltr'><strong>in</strong></span> 
     </span>
    </p>
   </div>
   <div class='ocr_carea' id='block_1_112' title="bbox 2117 5093 3704 5173">
    <p class='ocr_par' dir='ltr' id='par_1_112' title="bbox 2117 5093 3704 5173">
     <span class='ocr_line' id='line_1_112' title="bbox 2117 5093 3704 5173; baseline -0.01 -11"><span class='ocrx_word' id='word_1_833' title='bbox 2117 5104 2409 5173; x_wconf 85' lang='lat' dir='ltr'><strong>semetipso</strong></span> <span class='ocrx_word' id='word_1_834' title='bbox 2460 5099 2560 5155; x_wconf 90' lang='lat' dir='ltr'><strong>Job</strong></span> <span class='ocrx_word' id='word_1_835' title='bbox 2612 5097 2743 5154; x_wconf 83' lang='lat' dir='ltr'><strong>:Ne</strong></span> <span class='ocrx_word' id='word_1_836' title='bbox 2795 5096 2928 5166; x_wconf 76' lang='lat' dir='ltr'><strong>forte</strong></span> <span class='ocrx_word' id='word_1_837' title='bbox 2984 5095 3084 5162; x_wconf 83' lang='lat' dir='ltr'><strong>ﬁlii</strong></span> <span class='ocrx_word' id='word_1_838' title='bbox 3155 5094 3258 5146; x_wconf 85' lang='lat' dir='ltr'><strong>mei</strong></span> <span class='ocrx_word' id='word_1_839' title='bbox 3303 5093 3432 5146; x_wconf 86' lang='lat' dir='ltr'><strong>mali</strong></span> <span class='ocrx_word' id='word_1_840' title='bbox 3487 5093 3704 5162; x_wconf 78' lang='lat' dir='ltr'><strong>aliquid</strong></span> 
     </span>
    </p>
   </div>
   <div class='ocr_carea' id='block_1_113' title="bbox 2117 5185 3706 5262">
    <p class='ocr_par' dir='ltr' id='par_1_113' title="bbox 2117 5185 3706 5262">
     <span class='ocr_line' id='line_1_113' title="bbox 2117 5185 3706 5262; baseline -0.016 -9"><span class='ocrx_word' id='word_1_841' title='bbox 2117 5202 2171 5253; x_wconf 90' lang='lat' dir='ltr'><strong>in</strong></span> <span class='ocrx_word' id='word_1_842' title='bbox 2196 5198 2349 5252; x_wconf 85' lang='lat' dir='ltr'><strong>corde</strong></span> <span class='ocrx_word' id='word_1_843' title='bbox 2375 5211 2470 5250; x_wconf 83' lang='lat' dir='ltr'><strong>suo</strong></span> <span class='ocrx_word' id='word_1_844' title='bbox 2500 5192 2844 5262; x_wconf 78' lang='lat' dir='ltr'><strong>cogitauerim</strong></span> <span class='ocrx_word' id='word_1_845' title='bbox 2889 5189 3138 5241; x_wconf 75' lang='lat' dir='ltr'><strong>adversus</strong></span> <span class='ocrx_word' id='word_1_846' title='bbox 3171 5185 3338 5239; x_wconf 87' lang='lat' dir='ltr'><strong>Deum</strong></span> <span class='ocrx_word' id='word_1_847' title='bbox 3387 5186 3454 5239; x_wconf 85' lang='grc'><strong>⁸³.</strong></span> <span class='ocrx_word' id='word_1_848' title='bbox 3494 5185 3538 5240; x_wconf 86' lang='grc' dir='ltr'><strong>Ο</strong></span> <span class='ocrx_word' id='word_1_849' title='bbox 3579 5189 3706 5240; x_wconf 89' lang='lat' dir='ltr'><strong>sin.</strong></span> 
     </span>
    </p>
   </div>
   <div class='ocr_carea' id='block_1_114' title="bbox 2118 5276 3708 5357">
    <p class='ocr_par' dir='ltr' id='par_1_114' title="bbox 2118 5276 3708 5357">
     <span class='ocr_line' id='line_1_114' title="bbox 2118 5276 3708 5357; baseline -0.009 -12"><span class='ocrx_word' id='word_1_850' title='bbox 2118 5291 2320 5347; x_wconf 91' lang='lat' dir='ltr'><strong>ceritas</strong></span> <span class='ocrx_word' id='word_1_851' title='bbox 2349 5286 2543 5357; x_wconf 88' lang='lat' dir='ltr'><strong>patris,</strong></span> <span class='ocrx_word' id='word_1_852' title='bbox 2570 5299 2602 5338; x_wconf 92' lang='grc' dir='ltr'>ο</span> <span class='ocrx_word' id='word_1_853' title='bbox 2632 5282 2852 5336; x_wconf 88' lang='lat' dir='ltr'><strong>dilectio</strong></span> <span class='ocrx_word' id='word_1_854' title='bbox 2897 5277 3161 5349; x_wconf 87' lang='lat' dir='ltr'><strong>parentis,</strong></span> <span class='ocrx_word' id='word_1_855' title='bbox 3195 5291 3227 5332; x_wconf 90' lang='grc' dir='ltr'>ο</span> <span class='ocrx_word' id='word_1_856' title='bbox 3257 5276 3498 5330; x_wconf 86' lang='lat' dir='ltr'><strong>studium</strong></span> <span class='ocrx_word' id='word_1_857' title='bbox 3540 5279 3708 5345; x_wconf 82' lang='lat' dir='ltr'><strong>geni-</strong></span> 
     </span>
    </p>
   </div>
   <div class='ocr_carea' id='block_1_115' title="bbox 2121 5368 3705 5441">
    <p class='ocr_par' dir='ltr' id='par_1_115' title="bbox 2121 5368 3705 5441">
     <span class='ocr_line' id='line_1_115' title="bbox 2121 5368 3705 5441; baseline -0.008 -8"><span class='ocrx_word' id='word_1_858' title='bbox 2121 5380 2282 5435; x_wconf 90' lang='lat' dir='ltr'><strong>toris!</strong></span> <span class='ocrx_word' id='word_1_859' title='bbox 2313 5377 2429 5432; x_wconf 86' lang='lat' dir='ltr'><strong>Non</strong></span> <span class='ocrx_word' id='word_1_860' title='bbox 2466 5375 2610 5432; x_wconf 88' lang='lat' dir='ltr'><strong>enim</strong></span> <span class='ocrx_word' id='word_1_861' title='bbox 2639 5383 2846 5428; x_wconf 91' lang='lat' dir='ltr'><strong>tantum</strong></span> <span class='ocrx_word' id='word_1_862' title='bbox 2883 5385 2979 5441; x_wconf 92' lang='lat' dir='ltr'><strong>pro</strong></span> <span class='ocrx_word' id='word_1_863' title='bbox 2998 5383 3225 5437; x_wconf 89' lang='lat' dir='ltr'><strong>corpore</strong></span> <span class='ocrx_word' id='word_1_864' title='bbox 3256 5368 3527 5424; x_wconf 90' lang='lat' dir='ltr'><strong>sollicitus</strong></span> <span class='ocrx_word' id='word_1_865' title='bbox 3549 5380 3705 5431; x_wconf 83' lang='lat' dir='ltr'><strong>erat,</strong></span> 
     </span>
    </p>
   </div>
   <div class='ocr_carea' id='block_1_116' title="bbox 2119 5458 3707 5541">
    <p class='ocr_par' dir='ltr' id='par_1_116' title="bbox 2119 5458 3707 5541">
     <span class='ocr_line' id='line_1_116' title="bbox 2119 5458 3707 5541; baseline -0.008 -13"><span class='ocrx_word' id='word_1_866' title='bbox 2119 5473 2210 5528; x_wconf 88' lang='lat' dir='ltr'><strong>sed</strong></span> <span class='ocrx_word' id='word_1_867' title='bbox 2243 5471 2360 5541; x_wconf 90' lang='lat' dir='ltr'><strong>plus</strong></span> <span class='ocrx_word' id='word_1_868' title='bbox 2396 5472 2463 5524; x_wconf 89' lang='lat' dir='ltr'><strong>de</strong></span> <span class='ocrx_word' id='word_1_869' title='bbox 2503 5467 2684 5521; x_wconf 89' lang='lat' dir='ltr'><strong>anima</strong></span> <span class='ocrx_word' id='word_1_870' title='bbox 2722 5461 3016 5532; x_wconf 86' lang='lat' dir='ltr'><strong>cogitabat.</strong></span> <span class='ocrx_word' id='word_1_871' title='bbox 3049 5458 3124 5512; x_wconf 85' lang='lat' dir='ltr'><strong>Ne</strong></span> <span class='ocrx_word' id='word_1_872' title='bbox 3154 5460 3317 5526; x_wconf 81' lang='lat' dir='ltr'><strong>forte,</strong></span> <span class='ocrx_word' id='word_1_873' title='bbox 3357 5461 3552 5528; x_wconf 83' lang='lat' dir='ltr'><strong>inquit.</strong></span> <span class='ocrx_word' id='word_1_874' title='bbox 3595 5459 3707 5516; x_wconf 87' lang='lat' dir='ltr'><strong>ﬁlii</strong></span> 
     </span>
    </p>
   </div>
   <div class='ocr_carea' id='block_1_117' title="bbox 2120 5551 3710 5633">
    <p class='ocr_par' dir='ltr' id='par_1_117' title="bbox 2120 5551 3710 5633">
     <span class='ocr_line' id='line_1_117' title="bbox 2120 5551 3710 5633; baseline -0.007 -14"><span class='ocrx_word' id='word_1_875' title='bbox 2120 5565 2226 5620; x_wconf 88' lang='lat' dir='ltr'><strong>mei</strong></span> <span class='ocrx_word' id='word_1_876' title='bbox 2259 5564 2350 5633; x_wconf 89' lang='lat' dir='ltr'><strong>qui</strong></span> <span class='ocrx_word' id='word_1_877' title='bbox 2382 5562 2437 5615; x_wconf 90' lang='lat' dir='ltr'><strong>in</strong></span> <span class='ocrx_word' id='word_1_878' title='bbox 2467 5559 2750 5628; x_wconf 88' lang='lat' dir='ltr'><strong>disciplina</strong></span> <span class='ocrx_word' id='word_1_879' title='bbox 2777 5556 2966 5610; x_wconf 89' lang='lat' dir='ltr'><strong>nutriti</strong></span> <span class='ocrx_word' id='word_1_880' title='bbox 3001 5563 3144 5615; x_wconf 91' lang='lat' dir='ltr'><strong>sunt,</strong></span> <span class='ocrx_word' id='word_1_881' title='bbox 3179 5553 3270 5621; x_wconf 89' lang='lat' dir='ltr'><strong>qui</strong></span> <span class='ocrx_word' id='word_1_882' title='bbox 3305 5552 3357 5605; x_wconf 92' lang='lat' dir='ltr'><strong>in</strong></span> <span class='ocrx_word' id='word_1_883' title='bbox 3385 5551 3710 5608; x_wconf 81' lang='lat' dir='ltr'><strong>eruditione</strong></span> 
     </span>
    </p>
   </div>
   <div class='ocr_carea' id='block_1_118' title="bbox 2544 5677 3710 5752">
    <p class='ocr_par' dir='ltr' id='par_1_118' title="bbox 2544 5677 3710 5752">
     <span class='ocr_line' id='line_1_118' title="bbox 2544 5677 3710 5752; baseline 0.017 -36"><span class='ocrx_word' id='word_1_884' title='bbox 2544 5686 2587 5717; x_wconf 73' lang='lat' dir='ltr'><strong>eo</strong></span> <span class='ocrx_word' id='word_1_885' title='bbox 2622 5682 2776 5739; x_wconf 70' lang='lat' dir='ltr'><strong>Joan,</strong></span> <span class='ocrx_word' id='word_1_886' title='bbox 2810 5699 2848 5749; x_wconf 80' lang='grc' dir='ltr'><strong>ι,</strong></span> <span class='ocrx_word' id='word_1_887' title='bbox 2874 5679 2964 5735; x_wconf 72' lang='lat'><strong>29.</strong></span> <span class='ocrx_word' id='word_1_888' title='bbox 3045 5680 3082 5709; x_wconf 55' lang='grc' dir='ltr'><strong>θ’</strong></span> <span class='ocrx_word' id='word_1_889' title='bbox 3114 5678 3216 5733; x_wconf 86' lang='lat' dir='ltr'><strong>lsa.</strong></span> <span class='ocrx_word' id='word_1_890' title='bbox 3247 5693 3361 5743; x_wconf 89' lang='lat' dir='ltr'><strong>Llll,</strong></span> <span class='ocrx_word' id='word_1_891' title='bbox 3391 5677 3421 5730; x_wconf 90' lang='lat'><strong>7</strong></span> <span class='ocrx_word' id='word_1_892' title='bbox 3452 5686 3506 5732; x_wconf 88' lang='lat' dir='ltr'><strong>et</strong></span> <span class='ocrx_word' id='word_1_893' title='bbox 3530 5691 3710 5752; x_wconf 72' lang='lat' dir='ltr'><strong>seqq.</strong></span> 
     </span>
    </p>
   </div>
  </div>
