3884 6218
224 277 336 332 597
1362 301 1744 363 ANONYMUS
1783 309 1848 364 IN
1885 311 2024 369 JOB.
2065 347 2128 354 —
2172 316 2297 374 LIB.
2339 320 2381 379 l.

3390 348 3495 405 598

1847 461 1888 515 Α
1921 459 2138 514 teritum
2177 464 2425 530 tradunt,
2459 476 2516 521 et
2542 471 2870 544 semetipsos
2913 477 2967 532 in
3018 478 3257 540 furorem
3300 486 3494 557 iudicii

1913 551 2253 621 demergunt.
2306 557 2496 615 Omnia
2542 563 2686 618 enim
2737 582 2859 636 qua:
2902 570 3232 643 deliquerim
3277 551 3374 647 ﬁlii
3427 587 3496 642 de

228 432 548 491 creverunt,
591 429 685 496 qui
735 430 790 486 in
838 433 933 490 Dei
993 438 1192 497 timore
1237 450 1522 506 exercitati
1561 462 1711 520 sunt,
1748 471 1815 509 ne

230 511 379 568 forte
409 517 498 570 lilii
531 522 637 575 mei
673 527 870 593 quibus
898 529 1036 588 vivis
1061 549 1162 605 ego
1192 541 1402 607 gaudeo
1441 543 1489 597 si
1527 545 1630 614 ipsi
1657 547 1809 604 vixe-

228 603 340 657 rint
379 606 507 673 Deo,
541 613 738 680 quibus
765 619 901 674 vivis
935 637 1035 694 ego
1062 603 1303 695 gratulor
1329 633 1375 687 si
1407 635 1504 702 ipsi
1539 603 1605 692 ad
1639 603 1804 694 Deum

224 694 583 769 intenderint,
602 704 646 758 si
682 706 779 776 ipsi
810 711 920 766 Deo
950 717 1266 786 servierint,
1295 723 1338 776 si
1361 725 1460 793 ipsi
1492 729 1804 788 aCreatore

221 799 335 840 non
386 797 737 862 recesserint,
772 816 841 855 ne
876 803 1017 860 forte
1060 807 1154 863 ﬁlii
1186 814 1287 868 mei
1315 815 1367 869 in
1401 821 1566 875 corde
1592 838 1710 888 suo,
1747 827 1799 881 in

220 889 428 946 mente,
478 884 531 937 in
564 889 768 955 animo,
805 893 858 946 in
900 911 1088 965 sensu,
1137 901 1190 955 in
1224 909 1558 976 cogitatione
1594 915 1798 986 aliquid

216 971 587 1038 cogitaverim
613 991 800 1036 contra
829 984 1024 1043 Deum.
1055 991 1134 1046 Ac
1169 997 1214 1048 si
1266 999 1512 1057 diceret:
1548 1003 1625 1059 Ne
1656 1009 1797 1064 forte

215 1060 399 1132 aliqua
430 1067 571 1123 mala
606 1072 863 1141 cogitatio
893 1077 946 1132 in
983 1095 1077 1135 cor
1101 1099 1290 1140 eorum
1324 1096 1794 1170 ascenderit,qu:e

218 1165 239 1170 -
275 1151 314 1170 τι
429 1157 441 1170 -
620 1162 640 1170 η
708 1165 719 1170 -

213 1165 245 1203 a
273 1151 386 1208 Deo
427 1157 586 1228 longe
616 1162 772 1230 facit,
802 1182 922 1236 quae
949 1185 977 1224 a
1009 1177 1300 1234 sanctitate
1347 1189 1625 1253 pervertit,
1670 1209 1792 1262 quae

211 1258 242 1296 a
274 1248 532 1307 castitate
568 1268 803 1325 separat,
834 1275 954 1331 quae
981 1280 1010 1319 a
1037 1269 1247 1337 pietate
1284 1275 1575 1336 abstrahit.
1611 1283 1725 1351 Dic,
1757 1304 1791 1342 o

209 1336 370 1396 beate
400 1341 526 1410 Job,
561 1353 836 1416 quomodo
870 1336 1221 1424 permitteres
1251 1375 1309 1420 ut
1338 1370 1544 1440 aliquid
1578 1336 1788 1434 maliﬁ-

206 1421 297 1477 liis
348 1428 454 1482 tuis
503 1431 556 1485 in
605 1438 787 1494 verbis
839 1421 999 1514 atque
1055 1453 1312 1520 operibus
1355 1460 1786 1525 evidentioribus

202 1519 504 1589 excideret,
535 1529 624 1595 qui
656 1546 753 1599 pro
782 1537 1015 1594 occultis
1064 1519 1118 1597 et
1155 1545 1378 1618 abditis,
1419 1564 1515 1607 aut
1556 1561 1784 1616 omnino

202 1608 434 1668 forsitan
489 1633 594 1673 non
637 1626 1048 1697 exsistentibus,
1105 1636 1176 1690 ita
1227 1640 1453 1699 nimium
1517 1650 1781 1708 sollicitus

201 1697 377 1756 fueris
414 1714 579 1776 atque
624 1727 810 1768 curam
843 1725 1119 1787 gesseris:
1155 1731 1245 1797 qui
1298 1734 1565 1794 sollicitus
1615 1752 1779 1812 atque

196 1800 450 1849 metuens
476 1798 658 1855 dixisti
690 1806 808 1860 :Ne
837 1808 974 1876 forte
998 1814 1098 1881 ﬁlii
1130 1821 1229 1872 mei
1258 1821 1313 1875 in
1335 1827 1491 1879 corde
1514 1845 1610 1882 suo
1645 1798 1774 1886 m‘ali

193 1879 401 1950 aliquid
431 1890 769 1956 cogitaverim
805 1900 1057 1957 adversus
1096 1905 1286 1976 Deum,
1317 1929 1383 1968 ne
1411 1915 1552 1972 forte
1581 1921 1649 1975 de
1674 1922 1778 1977 im-

191 1975 458 2041 pudicitia
498 1985 881 2060 cogitaverint,
927 2008 995 2048 ne
1019 1994 1159 2053 forte
1191 2002 1634 2076 adimpietatetn
1679 2015 1778 2070 de-

192 2067 543 2141 clinaverint,
576 2093 643 2132 ne
673 2080 811 2138 forte
855 2096 973 2152 post
1011 2103 1234 2158 peccata
1261 2097 1663 2174 oberraverint,
1703 2123 1774 2164 ne

189 2155 336 2212 forte
373 2161 557 2220 illicita
589 2171 830 2226 meditati
866 2155 1089 2244 fuerint,
1125 2199 1194 2238 ne
1234 2185 1377 2243 forte
1412 2191 1610 2261 injusta
1635 2212 1772 2252 con-

186 2255 483 2323 cupierint,
520 2278 584 2316 ne
613 2263 753 2322 forte
782 2271 967 2342 aliqua
999 2279 1156 2333 radix
1189 2287 1573 2347 amaritudinis
1603 2304 1768 2365 atque

1495 2343 1570 2347 in-
1604 2343 1768 2365 --ηπ

185 2343 332 2401 fellis
366 2363 556 2406 exorta
605 2356 656 2410 in
698 2362 897 2418 animis
925 2382 1116 2424 eorum
1158 2373 1290 2442 ipsis
1323 2385 1768 2446 nocuerit?llazc

181 2437 399 2495 scilicet
431 2452 598 2514 atque
627 2449 711 2504 his
739 2453 940 2512 similia
977 2437 1206 2530 plurima
1236 2469 1378 2522 intra
1410 2477 1763 2548 semetipsum

183 2538 433 2590 tractans
477 2539 672 2598 beatus
721 2544 823 2602 Job
871 2551 1048 2608 dixit:
1096 2554 1180 2609 Ne
1222 2561 1360 2627 forte
1405 2565 1511 2630 ﬁlii
1562 2538 1662 2623 mei
1707 2572 1763 2625 in

177 2626 338 2679 corde
360 2645 456 2682 suo
489 2635 619 2687 mali
643 2639 848 2709 aliquid
883 2647 1231 2715 cogitaverim
1273 2655 1524 2713 adversus
1565 2662 1757 2720 Deum.

177 2714 257 2770 Ne
287 2717 452 2787 forte,
493 2725 687 2795 inquit,
723 2714 1135 2808 confringantur
1175 2749 1310 2802 rami
1350 2752 1479 2816 mei,
1509 2769 1577 2809 ne
1615 2755 1759 2813 forte

173 2809 388 2867 evellan
403 2822 487 2868 tur
515 2825 843 2893 propagines
874 2846 1025 2897 mete,
1056 2851 1124 2889 ne
1150 2836 1287 2893 forte
1305 2845 1518 2899 excidat
1546 2847 1754 2906 fructus

173 2915 354 2969 meus,
408 2922 569 2976 quem
609 2927 708 2982 ego
747 2919 800 2972 in
848 2921 1062 2989 juStitia
1107 2931 1288 2995 genui,
1339 2950 1498 3002 quem
1544 2940 1594 2993 in
1649 2941 1755 2997 ﬁde

169 2996 408 3062 produxi
437 3017 453 3054 :
496 3001 580 3057 Ne
610 3006 746 3074 forte
777 3011 882 3078 ﬁlii
919 3019 1019 3070 mei
1052 3019 1105 3072 in
1145 3025 1308 3077 corde
1356 2996 1453 3082 suo
1486 3033 1614 3085 ntali
1646 3036 1750 3088 ali-

167 3087 300 3152 quid
333 3094 674 3162 cogitaverim
705 3103 957 3161 adversus
981 3109 1170 3167 Deum.
1242 3115 1320 3170 Ne
1355 3119 1499 3175 forte
1554 3125 1750 3181 oblivi—

166 3191 397 3237 scantur
423 3184 615 3256 Deum,
649 3201 708 3246 et
740 3198 1059 3257 recedentes
1105 3219 1136 3258 a
1175 3207 1370 3265 timore
1392 3213 1531 3283 ejus,
1584 3227 1746 3289 atque

165 3275 610 3346 derelinqucntes
631 3284 748 3352 ejus
781 3289 1070 3362 beneﬁcia,
1101 3298 1283 3355 dicant
1317 3304 1368 3358 in
1403 3310 1571 3364 corde
1609 3329 1741 3368 suo:

161 3365 282 3421 Non
331 3379 415 3425 est
456 3373 615 3439 Deus,
671 3396 777 3435 non
810 3386 1152 3458 estjustitia,
1201 3411 1311 3450 non
1346 3410 1429 3454 est
1453 3401 1742 3474 judicium,

161 3472 268 3514 non
303 3472 388 3516 est
419 3473 770 3539 resurrectio,
805 3491 979 3548 neque
1013 3482 1317 3556 inquisitio,
1350 3507 1527 3563 neque
1576 3501 1739 3556 retri-

158 3550 334 3609 butio.
367 3553 563 3614 Omnia
606 3579 840 3636 namque
875 3571 990 3628 haec
1033 3550 1172 3632 mala
1202 3593 1354 3649 sunt,
1387 3594 1442 3640 et
1473 3589 1580 3644 Deo
1605 3607 1737 3648 con-

159 3648 349 3714 traria,
377 3661 432 3707 et
458 3668 487 3708 a
515 3656 625 3712 Deo
658 3660 949 3735 longinqua
980 3680 1034 3724 et
1063 3671 1174 3727 Deo
1201 3648 1422 3734 odibilia
1466 3699 1479 3735 :
1514 3694 1570 3737 et
1615 3702 1736 3741 om-

157 3740 244 3794 nis
272 3741 438 3800 homo
467 3751 558 3816 qui
599 3752 713 3808 haec
744 3758 1084 3831 cogitaverit,
1128 3767 1213 3821 vel
1260 3771 1613 3844 disposuerit,
1652 3780 1736 3836 vel

152 3829 367 3900 iecerit,
411 3840 496 3893 vel
539 3851 906 3916 proposuerit,
957 3854 1214 3914 inimicus
1261 3874 1348 3917 est
1399 3867 1513 3934 Dei,
1569 3880 1734 3942 atque

150 3923 395 3983 odibilis.
438 3929 527 3986 Sic
563 3934 747 4004 itaque
793 3943 1105 4001 omnimode
1145 3953 1443 4011 sanissime
1487 3961 1733 4030 cogitans

149 4033 252 4086 pro
279 4021 566 4082 animabus
609 4028 840 4086 ﬁliorum
872 4051 1094 4094 suorum
1123 4039 1224 4098 Job
1248 4045 1388 4100 dixit
1415 4065 1427 4102 :
1475 4021 1578 4104 Νί
1593 4053 1731 4122 forte

145 4111 252 4178 ﬁlii
281 4115 382 4167 mei
412 4117 465 4170 in
492 4121 649 4174 corde
689 4140 786 4178 suo
820 4128 948 4181 mali
978 4129 1187 4201 aliquid
1232 4111 1604 4206 cogitarerint'
1629 4146 1730 4198 ad-

144 4218 329 4260 rerqu
361 4205 549 4266 Deum.
583 4212 684 4278 Qui
723 4218 866 4272 enim
900 4222 1043 4276 mala
1064 4225 1432 4294 cogitaverint
1460 4234 1726 4292 adversus

143 4294 340 4363 Deum,
369 4301 482 4356 cito
517 4305 809 4374 intereunt,
849 4323 904 4365 et
940 4313 995 4368 in
1043 4330 1306 4386 perpetuo
1351 4327 1724 4382 condemnan-

142 4397 254 4452 tur,
292 4390 727 4465 intercipiuntur,
763 4401 1150 4472 impediuntur,
1176 4419 1344 4480 atque
1372 4413 1422 4466 in
1454 4417 1722 4483 profundo

139 4479 342 4536 inferni
382 4485 435 4538 in
473 4498 737 4545 aeternum
769 4500 1116 4562 torquentur.
1165 4499 1271 4555 Sed
1322 4502 1572 4573 plerique
1620 4509 1716 4562 ho-

139 4574 353 4630 minum
392 4577 505 4633 hate
547 4597 654 4636 non
709 4586 1156 4655 reminiscuntur,
1187 4594 1277 4660 qui
1325 4595 1464 4650 ﬁlios
1491 4615 1618 4654 suos
1648 4603 1717 4656 ab

139 4666 373 4723 infantia
417 4675 806 4740 exterminant,
841 4679 930 4745 qui
967 4678 1104 4734 ﬁlios
1139 4697 1270 4736 suos
1314 4694 1370 4738 et
1412 4686 1553 4743 ﬁlias
1585 4705 1714 4747 suas

137 4763 208 4815 ab
255 4761 594 4820 incunabulis
637 4782 741 4821 non
775 4771 1048 4834 erudiunt,
1085 4790 1190 4828 non
1238 4779 1539 4846 corripiunt
1565 4796 1594 4835 a
1620 4783 1713 4850 ju-

135 4861 380 4918 ventute,
409 4871 510 4908 non
545 4858 837 4924 prohibent
875 4864 1040 4928 mala,
1079 4875 1183 4920 nOn
1225 4869 1419 4923 odiunt
1452 4875 1707 4940 pessima,

137 4961 242 5000 non
269 4960 525 5002 coercent
558 4951 770 5018 illicita,
824 4971 929 5010 non
971 4959 1267 5016 admonent
1308 4964 1558 5020 timorem
1591 4967 1709 5036 Dei,

137 5050 242 5089 non
305 5039 707 5096 coinminantur
766 5042 1031 5112 judicium
1089 5052 1372 5120 gehennae,
1427 5073 1535 5111 non
1586 5062 1710 5116 vitae

133 5135 352 5180 met-nae
404 5128 686 5186 introitum
720 5134 933 5191 docent.
988 5137 1105 5194 Non
1158 5145 1298 5197 enim
1331 5148 1565 5202 educant
1609 5167 1708 5206 nos

134 5217 186 5268 in
251 5218 535 5287 disciplina
589 5233 754 5292 atque
803 5228 1116 5286 eruditione
1164 5233 1401 5301 Domini,
1454 5239 1546 5308 qui
1598 5256 1704 5298 non

132 5321 359 5377 egerunt
397 5328 583 5368 curam
614 5331 711 5383 pro
741 5319 1027 5376 animabus
1063 5339 1274 5389 eorum,
1325 5343 1502 5396 neque
1555 5333 1704 5388 solli-

132 5400 224 5453 citi
278 5415 403 5458 sunt
450 5421 548 5474 pro
577 5408 774 5476 salute,
814 5412 900 5466 vel
929 5414 1237 5482 perditione
1286 5419 1543 5475 ﬁliorum.
1582 5423 1698 5479 Hu-

127 5489 363 5558 iusmodi
390 5510 512 5550 cum
542 5513 647 5553 non
677 5502 948 5570 erudiunt,
987 5519 1162 5576 neque
1205 5512 1511 5580 corripiunt
1559 5514 1700 5574 ﬁlios

127 5597 276 5651 suos,
312 5595 366 5641 et
391 5586 634 5657 ipsorum
655 5594 866 5650 animas
899 5596 1010 5668 igni
1050 5599 1477 5672 inexstinguibili
1515 5605 1569 5661 in
1614 5607 1697 5662 in-

175 5719 242 5752 ‘“
269 5718 415 5777 Psal.
452 5739 605 5793 xvm,
658 5728 745 5785 15.
821 5728 890 5762 δν
918 5730 1017 5788 Job
1054 5749 1092 5801 ι,
1129 5735 1182 5790 5.
1263 5738 1307 5770 ⁸³
1341 5738 1572 5813 Philipp.
1611 5759 1650 5813 ι,
1681 5745 1732 5801 6.

1908 643 2227 709 parentibus
2256 649 2630 719 requiruntur,
2677 657 2768 724 qui
2806 673 2911 713 non
2942 664 3262 735 erudierint,
3317 690 3495 745 neque

1905 734 2270 802 corripuerint
2301 739 2442 797 ﬁlios
2486 760 2634 801 suos.
2688 747 2862 818 Hujus
2910 757 3135 814 evidens
3176 766 3488 835 exemplum

1904 821 1958 875 in
1995 824 2110 879 lleli
2162 833 2472 889 ostenditur
2496 847 2552 889 ct
2591 840 2643 891 in
2689 840 2816 897 ﬁliis
2865 846 3003 916 ejus,
3040 859 3206 920 atque
3255 856 3311 910 in
3363 859 3487 917 aliis

1902 915 2052 972 alibi.
2104 917 2226 975 llaec
2269 926 2448 980 sciens
2481 929 2752 998 gloriosus
2791 935 2885 991 Dei
2937 938 3172 999 famulus
3213 947 3336 1014 Job,
3373 969 3485 1010 non

1900 1005 2073 1058 solum
2108 1024 2136 1062 a
2191 1014 2497 1072 manifestis
2553 1024 2792 1088 peccatis
2839 1025 3100 1086 observat
3142 1035 3283 1093 ﬁlios
3328 1055 3484 1110 suos,

1898 1097 1992 1149 sed
2024 1108 2077 1151 et
2106 1102 2173 1156 ab
2205 1107 2459 1174 occultis,
2492 1126 2557 1164 ne
2588 1114 2714 1166 mali
2747 1116 2949 1187 aliquid
2979 1123 3031 1177 in
3063 1129 3226 1183 corde
3257 1146 3357 1187 suo
3386 1150 3483 1189 co-

1895 1187 2146 1254 gitarent.
2182 1197 2396 1254 Primus
2428 1200 2619 1258 beatus
2668 1205 2758 1260 ille
2815 1216 3113 1273 ostendens
3150 1220 3310 1278 factis
3347 1233 3477 1294 hoc,

1893 1283 2035 1349 quod
2075 1297 2198 1352 post
2229 1288 2329 1344 hoc
2362 1293 2567 1348 dictum
2597 1305 2681 1351 es:
2711 1301 2891 1357 verbis
2919 1323 2932 1358 :
2967 1307 3047 1361 Ab
3091 1314 3317 1370 occultis
3345 1321 3480 1378 meis

1889 1372 2088 1426 munda
2119 1391 2199 1429 me
2232 1377 2314 1432 σιτ
2352 1397 2450 1450 pro
2494 1387 2729 1445 occultis
2778 1392 3156 1467 nihilominus,
3210 1413 3376 1475 atque
3419 1410 3477 1467 in

1889 1459 2196 1530 ignorantia
2261 1479 2590 1541 perpetratis
2664 1484 2879 1542 delictis
2936 1489 3176 1548 ﬁliorum
3241 1511 3472 1559 suorum

1887 1553 2123 1610 sollicite
2152 1566 2450 1620 mundabat
2477 1584 2591 1635 eos,
2629 1583 2684 1628 et
2734 1593 2841 1633 non
2899 1591 3113 1639 tantum
3141 1602 3240 1657 pro
3269 1606 3472 1664 perpe-

1886 1647 2044 1702 tratis
2096 1659 2263 1720 atque
2307 1660 2494 1725 certis,
2526 1676 2789 1731 quantum
2843 1688 2941 1740 pro
2991 1679 3216 1735 incertis
3256 1693 3312 1738 et
3359 1702 3470 1743 non

1885 1742 2294 1802 exsistentibus.
2316 1749 2429 1808 lloc
2459 1755 2718 1813 nimirum
2741 1761 2978 1821 faciebat
3011 1768 3106 1826 ille
3137 1771 3329 1831 beatus
3356 1778 3463 1835 vir.

1805 1816 1855 1877 Β
1884 1829 1998 1886 Non
2025 1839 2190 1892 semel
2226 1850 2318 1895 aut
2347 1848 2606 1914 secundo,
2641 1867 2815 1922 neque
2857 1873 2965 1913 uno
3009 1875 3153 1918 anno
3182 1874 3275 1919 aut
3325 1868 3465 1923 duo-

1881 1925 2002 1994 bus,
2050 1933 2144 1985 sed
2177 1937 2257 1987 sic
2296 1938 2520 2004 faciebat
2551 1942 2652 1996 Job
2688 1950 2930 2004 omnibus
2977 1954 3161 2011 diebus
3206 1961 3328 2014 vita:
3373 1979 3464 2018 eo-

1881 2032 1998 2071 rum
2028 2019 2118 2076 “'.
2163 2022 2277 2078 Non
2317 2029 2655 2098 quiescebat,
2699 2052 2806 2090 non
2840 2039 3090 2099 ﬁduciam
3123 2052 3460 2119 resumebat,

1877 2125 1986 2164 non
2021 2114 2442 2188 obdormitabat,
2497 2140 2672 2195 neque
2715 2131 3163 2206 obliviscebatur,
3195 2159 3302 2199 non
3339 2155 3461 2204 erat

1874 2205 2189 2276 negligens,
2234 2229 2341 2268 non
2385 2228 2504 2272 erat
2562 2221 2907 2296 fastidiosus,
2959 2235 3054 2288 sed
3106 2237 3181 2292 ita
3219 2239 3459 2300 faciebat

1871 2299 2082 2353 cunctis
2118 2302 2308 2360 diebus
2337 2309 2460 2365 vita:
2493 2326 2705 2383 eorum,
2738 2332 2867 2376 ante
2897 2328 3171 2394 apostolos
3213 2346 3277 2387 ea
3327 2351 3454 2406 quae

1869 2392 2239 2455 apostolorum
2274 2411 2402 2454 sunt
2435 2404 2762 2475 adimplens,
2796 2392 2946 2468 sicut
2984 2418 3118 2474 dicit
3158 2439 3172 2475 :
3209 2421 3315 2488 Qui
3344 2392 3455 2482 ica:-

1865 2479 1941 2537 pit
1980 2481 2034 2533 in
2078 2487 2221 2539 vobis
2269 2505 2400 2557 Opus
2451 2495 2664 2566 bonum,
2715 2504 2950 2571 perﬁciet
3002 2525 3166 2580 usque
3215 2516 3272 2569 in
3310 2518 3451 2572 diem

1866 2569 2068 2627 Christi
2109 2577 2196 2632 '5:
2245 2591 2297 2635 et
2335 2595 2460 2639 ante
2507 2569 2816 2647 adventum
2845 2597 3082 2668 Domini,
3115 2620 3446 2679 prteceptum

1863 2661 2074 2718 Domini
2131 2671 2436 2742 adimplens
2468 2678 2700 2739 dicentis
2744 2704 2757 2739 :
2811 2689 2915 2754 Qui
2953 2694 3250 2752 toleraverit
3281 2718 3446 2772 usque

1860 2752 1918 2805 in
1950 2754 2110 2821 ﬁnem
2144 2760 2230 2815 hic
2255 2765 2433 2821 salvus
2459 2772 2561 2824 erit
2596 2773 2660 2827 ⁸⁸.
2705 2776 2796 2832 Sic
2833 2752 3027 2853 itaque
3056 2786 3298 2847 faciebat
3341 2752 3444 2850 Job

1859 2847 2113 2905 omnibus
2159 2853 2348 2911 diebus
2396 2860 2521 2916 vita:
2555 2878 2765 2932 eorum,
2818 2887 3074 2944 magnum
3124 2881 3440 2942 thesaurum

1859 2949 1919 2989 se
1951 2941 2183 2997 credens
2215 2945 2416 3004 habere
2443 2951 2496 3005 in
2538 2969 2708 3025 regno
2733 2961 3022 3031 malorum,
3057 2977 3116 3024 ut
3147 2971 3441 3034 inviolatos

1856 3036 2020 3096 atque
2054 3033 2430 3095 immaculatos
2477 3043 2620 3100 ﬁlios
2664 3065 2793 3107 suos
2825 3057 3132 3128 exhiberet,
3163 3075 3219 3118 et
3243 3070 3309 3121 ad
3348 3084 3439 3123 re-

1855 3134 2018 3188 gnum
2053 3126 2310 3183 coelormn
2343 3146 2437 3188 eos
2470 3139 2728 3196 mitteret.
2764 3145 2874 3213 Sic,
2915 3149 3164 3219 inquam,
3197 3158 3438 3218 faciebat

1853 3212 1954 3269 Job
1989 3218 2244 3276 omnibus
2277 3225 2472 3283 diebus
2497 3231 2621 3287 vitae
2652 3212 2865 3293 eorum.
2895 3212 3262 3303 Sic-faciebat
3288 3252 3436 3310 sicut

1851 3307 1990 3361 alter
2019 3313 2172 3378 prior
2209 3315 2300 3371 illo
2329 3335 2434 3374 non
2468 3321 2618 3394 fecit,
2657 3329 2801 3385 sicut
2833 3333 2977 3391 alter
3025 3338 3116 3394 illo
3153 3344 3434 3413 antiquior

1848 3413 1956 3452 non
2003 3405 2191 3472 gessit.
2225 3407 2451 3478 Magnus
2498 3427 2617 3470 erat
2659 3421 2934 3480 Avbraham
2975 3428 3029 3483 in
3056 3432 3182 3497 ﬁde,
3206 3438 3298 3490 sed
3331 3454 3431 3492 ex-

1847 3488 1996 3542 cellit
2029 3491 2182 3547 illum
2213 3494 2316 3553 Job
2357 3501 2410 3554 in
2445 3505 2752 3563 tolerantia.
2782 3512 3010 3586 Magnus
3038 3535 3151 3577 erat
3177 3523 3344 3583 Jacob
3369 3529 3426 3585 in

1847 3582 2029 3637 cordis
2081 3589 2375 3657 munditia,
2422 3596 2515 3649 sed
2570 3613 2674 3653 non
2720 3601 2824 3658 fuit
2871 3582 2967 3663 illo
3003 3613 3181 3669 minor
3221 3582 3334 3674 Job,

1843 3675 2241 3735 misericordia.
2279 3686 2558 3744 Adversus
2602 3707 2834 3753 creteros
2880 3716 3068 3761 omnes
3117 3711 3328 3778 priores
3367 3724 3425 3770 et

1840 3766 2192 3836 novissimos,
2261 3790 2370 3829 non
2427 3781 2718 3836 succubuit
2763 3786 2814 3842 in
2865 3794 3132 3850 virtutum
3196 3804 3417 3863 studiis.

1838 3855 1973 3910 Cum
2008 3864 2249 3918 omnium
2271 3869 2566 3928 virtutibus
2598 3882 3054 3952 communicaret,
3085 3901 3141 3945 et
3173 3897 3418 3952 omnium

1835 3945 2020 4014 ﬁdem,
2086 3963 2141 4008 et
2211 3959 2472 4026 pietatem
2527 3976 2692 4037 atque
2748 3970 3019 4039 justitiam
3081 3979 3417 4057 imitaretur,

1837 4045 2176 4099 transcendit
2209 4061 2458 4119 cunctos,
2489 4065 2652 4127 atque
2700 4066 2960 4130 praecellit
3000 4071 3287 4131 tolerantia
3322 4093 3416 4135 ve-

1833 4134 2168 4195 hementiam
2216 4145 2487 4207 dolorum.
2520 4153 2714 4210 Merito
2758 4157 2920 4230 digne
2961 4162 3163 4221 dicitur
3199 4172 3263 4226 de
3293 4175 3413 4232 solo

1829 4223 1931 4281 Job
1960 4247 1973 4282 :
2009 4233 2137 4299 quia
2170 4233 2241 4287 ita
2267 4236 2506 4296 faciebat
2535 4245 2682 4299 sicut
2717 4223 2986 4308 non'fecit
3012 4257 3170 4318 alter.
3210 4263 3404 4323 Omnia

1827 4321 1969 4374 enim
2024 4340 2144 4394 qua:
2183 4328 2432 4386 fecerunt
2483 4340 2660 4394 sancti
2713 4341 2846 4396 fecit
2889 4346 3054 4402 etiam
3097 4351 3219 4409 Job.
3252 4357 3407 4426 Quod

1825 4423 2010 4469 autem
2035 4421 2293 4477 sustinuit
2317 4424 2420 4482 Job
2445 4443 2566 4482 cum
2601 4437 2904 4501 gratiarum
2937 4446 3271 4516 actionibus,
3301 4453 3404 4507 hoc

1747 4527 1794 4582 Ι)
1826 4504 2179 4566 nihilominus
2231 4516 2414 4572 nullus
2467 4521 2609 4576 alius
2664 4529 2945 4589 sustinuit.
2980 4536 3244 4596 Omnibus
3272 4559 3403 4614 ergo

1827 4597 2005 4651 modis
2049 4605 2318 4660 veraciter
2365 4610 2585 4680 dicitur,
2637 4617 2714 4671 sic
2757 4619 2986 4688 faciebat
3035 4629 3135 4685 Job
3194 4639 3399 4694 cunctis

1824 4685 2009 4742 diebus
2049 4693 2167 4745 vittr
2191 4710 2397 4752 eorum.
2430 4701 2522 4757 Sic
2552 4685 2812 4782 faciebat,
2843 4717 2997 4782 quasi
3021 4718 3225 4788 justus,
3256 4728 3393 4793 pius,

1823 4779 1978 4846 quasi
2028 4781 2136 4838 Deo
2187 4785 2455 4858 dilectus,
2509 4779 2954 4864 quasicrede—ns.
3018 4779 3113 4867 Sic
3161 4779 3397 4876 fa'ci'ebai

1818 4869 1958 4923 sicut
1991 4872 2098 4928 Deo
2128 4877 2399 4948 placebat,
2461 4887 2602 4943 sicut
2633 4891 2880 4952 Creatori
2936 4901 3149 4961 libitum
3195 4910 3392 4981 fuerat,

1816 4963 1955 5017 sicut
1997 4983 2090 5022 rex
2126 4984 2349 5030 sanctus
2381 4979 2618 5040 volebat.

1885 5055 1990 5112 Sed
2037 5079 2159 5116 cutn
2199 5067 2274 5121 ita
2325 5069 2533 5128 faceret
2583 5077 2707 5143 Job,
2763 5093 2926 5153 atque
2975 5086 3093 5145 haec
3132 5095 3390 5154 universa

1811 5145 1951 5202 bona
1984 5156 2293 5223 perliceret,
2327 5178 2434 5218 non
2469 5171 2732 5226 sustinuit
2775 5179 3073 5247 malignus,
3107 5200 3214 5240 non
3248 5191 3385 5245 tole-

1809 5243 1953 5296 ravit
1985 5250 2368 5321 nequissimus,
2419 5262 2515 5315 sed
2566 5264 2750 5320 zelans
2801 5272 3132 5342 malignatus
3178 5290 3285 5346 est,
3329 5296 3386 5340 et

1811 5331 2057 5391 invidens
2081 5356 2378 5402 succensus
2426 5360 2528 5405 est.
2583 5354 2749 5424 Quid,
2803 5360 3000 5432 inquit,
3035 5366 3109 5420 illi
3160 5369 3383 5438 faciam,

1809 5431 2081 5492 quomodo
2109 5439 2394 5506 aggrediar
2416 5442 2438 5495 ?
2455 5443 2736 5511 Quomodo
2752 5453 3176 5514 circumveniam
3196 5464 3218 5515 ?
3236 5463 3382 5527 Quo-

1808 5527 1968 5577 modo
2021 5531 2361 5597 supplanlem
2395 5538 2417 5590 ?
2470 5540 2752 5606 Quomodo
2799 5552 3129 5615 praevaricer
3165 5554 3190 5608 ?
3228 5557 3380 5622 Quo—

1805 5614 1966 5670 modo
1997 5618 2265 5686 ajustitia
2305 5628 2614 5689 abducam?
2668 5614 2963 5694 Praesentia
2995 5658 3099 5698 non
3137 5657 3378 5720 reputat,

1812 5749 1854 5781 ⁶⁶
1884 5749 2075 5809 Matth.
2112 5773 2166 5826 x,
2201 5758 2292 5817 2‘2.
