3884 6218
426 310 531 368 399

1561 304 1941 362 ANONYMUS
1978 305 2047 359 IN
2088 304 2232 359 JOB.
2272 334 2340 346 --—
2380 303 2508 358 LIB.
2550 304 2591 357 1.

3592 303 3697 358 400

425 424 666 481 visibilia
699 438 803 477 non
837 421 1091 491 requirit,
1129 421 1223 475 sed
1249 420 1428 474 futura
1464 425 1672 490 sperat,
1715 419 2009 475 invisibilia
2040 423 2083 478 Α
2118 426 2362 471 tumaces
2390 417 2661 486 patienter
2690 418 3031 484 sustinendo,
3062 419 3450 489 spernentibus
3482 437 3541 477 se
3584 422 3696 477 cle-

426 525 732 587 exspectat,
784 517 968 570 divina
1019 514 1296 569 desiderat
1356 522 1522 583 atque
1569 511 2009 581 incorruptibitia

427 608 681 678 requirit.
737 606 988 674 Undique
1047 604 1257 675 justitia
1314 603 1535 657 indutus
1599 613 1705 666 est,
1767 602 2012 669 undique

428 702 723 757 sanctitate
745 711 828 754 est
862 698 1113 762 vestitus,
1149 696 1206 749 in
1242 695 1473 750 veritate
1508 696 1789 759 fundatus,
1828 694 1881 747 in
1907 693 2011 748 (ide

426 804 513 851 est
544 794 923 850 confirmatus.
972 790 1098 845 Haec
1153 791 1414 845 nimirum
1448 790 1699 859 cogitans
1741 786 2013 857 nequissi-

430 902 553 941 mus
594 886 827 950 daemon,
866 885 979 937 haec
1014 884 1157 952 apud
1205 884 1562 951 semetipsum
1613 881 1887 935 meditans
1921 879 2011 934 ille

430 982 521 1050 qui
555 982 625 1035 ab
659 980 815 1033 initio
843 979 1106 1032 adversus
1137 986 1356 1033 sanctos
1387 977 1590 1032 bellum
1623 974 1792 1046 gessit
1823 974 2013 1028 diabo-

430 1075 535 1139 lus,
570 1072 747 1127 dixit:
799 1069 1157 1124 Consideravi
1209 1070 1337 1140 quid
1390 1067 1612 1131 faciam,
1656 1068 1723 1121 ad
1773 1066 2010 1136 priorem

430 1168 577 1221 illam
630 1179 809 1219 meam
861 1161 1165 1232 nequitiam
1202 1160 1541 1230 confugiam,
1591 1158 1876 1228 principali
1919 1157 2010 1211 illa

432 1259 626 1313 fraude
670 1268 815 1320 utar,
852 1257 1126 1309 accusabo
1153 1255 1296 1324 apud
1343 1254 1512 1306 Deum
1554 1250 1678 1314 Job,
1713 1250 1855 1305 sicut
1882 1248 2010 1303 olim

430 1352 599 1405 Deum
632 1348 775 1421 apud
806 1348 999 1412 Adam,
1036 1347 1322 1400 detraham
1356 1344 1457 1399 Job
1483 1345 1623 1415 apud
1646 1345 1840 1405 Deum,
1870 1343 2014 1395 sicut

430 1461 457 1496 a
496 1442 799 1514 primordio
832 1443 999 1497 Adam
1032 1442 1221 1512 (habet
1251 1439 1412 1494 etiam
1440 1438 1541 1494 Job
1575 1437 1891 1508 paradisum
1931 1436 2014 1490 di-

428 1537 710 1600 vitiarum,
764 1534 906 1588 sicut
956 1544 1013 1589 et
1050 1533 1179 1588 olim
1228 1532 1448 1601 Adam),
1477 1543 1543 1586 eo
1576 1530 1717 1600 quod
1764 1530 2012 1585 invidens

430 1629 528 1683 tibi
559 1628 725 1691 Deus,
763 1641 830 1681 ne
853 1625 1109 1681 elliciaris
1138 1627 1280 1679 sicut
1312 1625 1457 1679 Deus
1492 1638 1597 1677 non
1638 1622 1887 1692 permisit
1910 1638 2011 1692 gu-

428 1730 579 1775 stare
614 1729 670 1773 te
710 1718 774 1771 de
802 1717 947 1788 ligno
978 1716 1222 1771 scicntia:
1268 1733 1279 1767 :
1317 1715 1497 1769 dicam
1539 1728 1683 1766 nunc
1712 1713 1777 1767 ad
1815 1714 2010 1778 Deum,

429 1813 554 1881 quia
589 1826 695 1865 non
754 1818 980 1879 propter
1031 1807 1408 1871 dilectionem,
1443 1805 1537 1861 sed
1575 1815 1797 1876 propter
1844 1820 2011 1875 pecu-

429 1903 576 1957 niam
627 1902 809 1957 colere
871 1900 1085 1955 videtur
1119 1910 1168 1953 te
1200 1897 1325 1953 Job.
1356 1898 1462 1953 Sed
1493 1914 1615 1953 cum
1652 1899 1771 1951 haac
1799 1898 2008 1966 cogita-

427 2004 516 2049 ret
546 1994 914 2063 nequissimus
961 2002 1126 2061 atque
1160 1993 1273 2046 lace
1320 2007 1506 2047 secum
1556 1991 1896 2061 loqueretur,
1927 1993 2009 2061 [a-

428 2104 571 2147 ctum
615 2108 715 2153 est,
764 2092 964 2161 inquit,
1010 2091 1163 2161 quasi
1193 2091 1287 2143 illa
1324 2092 1435 2145 dies
1466 2091 1536 2142 ⁵⁷.
1563 2090 1693 2157 Quae
1728 2090 1844 2145 dies
1876 2090 2011 2145 illa?

431 2183 558 2238 Dies
583 2197 703 2252 quae
732 2180 934 2236 diaboli
963 2181 1261 2249 nequitiam
1304 2180 1599 2251 redarguit,
1650 2195 1773 2249 qua:
1802 2179 1900 2234 Dei
1924 2179 2013 2249 ju—

430 2278 636 2333 stitiam
666 2275 1060 2339 manifestavit,
1106 2289 1225 2342 quae
1274 2274 1375 2329 Job
1424 2274 1769 2329 tolerantiam
1804 2276 2011 2344 patefe-

429 2372 527 2425 cit.
564 2367 655 2422 Illa
694 2370 811 2422 dies
837 2382 955 2435 quae
987 2366 1078 2421 Dei
1117 2365 1613 2435 longanimitatem,
1668 2374 1725 2419 et
1769 2364 1871 2419 Job
1902 2366 2013 2418 ala-

430 2462 709 2522 critatem,
742 2469 795 2513 et
826 2457 1023 2513 diaboli
1044 2459 1342 2525 nequitiam
1376 2456 1673 2526 publicavit
1703 2477 1716 2511 :
1750 2458 2015 2526 quemad-

431 2555 653 2609 modum
686 2552 777 2607 ille
807 2551 925 2605 dies
957 2549 1351 2613 manilestabit,
1404 2549 1495 2618 qui
1535 2550 1588 2603 in
1647 2550 1773 2617 igne
1797 2549 2011 2603 revela-

430 2651 603 2710 bitur,
637 2650 716 2702 sic
745 2646 833 2701 ille
860 2646 977 2700 dies
1010 2642 1314 2713 publicavit
1343 2656 1560 2696 onmem
1617 2641 2011 2710 ncquissimum

431 2738 635 2795 diaboli
659 2737 860 2801 zelum,
894 2745 1057 2804 atque
1084 2734 1395 2788 universam
1426 2733 1650 2804 maligni
1683 2732 1904 2786 Satana:
1930 2734 2013 2786 in-

430 2831 658 2889 vidiam.
717 2827 831 2882 Hoc
878 2842 1115 2895 namque
1162 2826 1547 2880 demonstrans
1574 2825 1710 2879 dicit
1738 2842 1750 2877 :
1782 2822 2012 2878 Factum

432 2931 512 2978 est
548 2920 703 2991 quasi
756 2922 861 2972 dies
886 2918 1001 2983 illa,
1034 2928 1082 2971 et
1107 2927 1354 2971 venerunt
1386 2927 1441 2970 ut
1465 2916 1637 2986 anget'i
1672 2916 1769 2969 Dei
1812 2925 2013 2970 starent

434 3026 557 3071 ante
602 3015 767 3069 Deum
816 3011 883 3065 “.
935 3010 1214 3065 Venerunt
1244 3025 1349 3065 non
1378 3012 1444 3064 de
1473 3011 1588 3064 loco
1622 3010 1674 3063 in
1719 3009 1897 3064 locum
1924 3024 2014 3064 ce-

2116 512 2457 567 mentissime
2511 512 2857 578 miserando,
2917 514 3131 585 aliaque
3177 516 3472 571 ineffabilia
3531 528 3698 589 atque

2117 603 2551 680 inexcogitabilia
2616 605 2881 659 beneiicia
2938 608 3084 660 circa
3155 623 3327 675 genus
3396 610 3695 666 humanum

2115 698 2466 765 perficiendo.
2499 698 2630 767 Quae
2662 699 2919 756 universa
2955 701 3203 769 quotidie
3234 703 3479 757 videntes
3513 707 3694 759 sancti

2115 791 2289 859 angeli
2323 801 2531 847 stantes
2568 794 2619 846 in
2658 801 2952 862 conspectu
2984 792 3123 859 ejus,
3158 792 3398 859 laudant,
3436 806 3490 850 et
3523 798 3694 850 hono-

2117 883 2353 948 rilicaut,
2391 882 2741 951 magniticant
2792 899 3006 953 quoque
3041 886 3208 939 Deum
3242 898 3408 957 atque
3448 888 3525 941 illi
3560 905 3690 958 gra-

2118 975 2222 1028 tias
2247 985 2417 1043 agunt
2445 989 2543 1043 pro
2579 976 3055 1031 intestimabilibus
3100 977 3217 1048 ejus
3252 978 3570 1046 beneficiis,
3609 992 3693 1036 at-

2115 1081 2220 1132 que
2256 1067 2647 1121 misericordia:
2685 1066 2825 1134 ejus,
2871 1084 2990 1138 quae
3030 1070 3416 1127 demonstrans
3459 1074 3581 1129 istic
3614 1076 3696 1130 di-

2116 1157 2222 1209 cit:
2268 1154 2531 1211 Venerunt
2585 1162 2757 1229 angeli
2810 1160 2929 1224 Dei,
2971 1171 3028 1215 ut
3081 1170 3283 1216 starent
3332 1178 3454 1219 ante
3503 1166 3693 1221 Deum.

2116 1245 2360 1302 llumana
2407 1266 2536 1303 usus
2583 1252 3003 1321 consuetudine,
3054 1269 3117 1307 ae
3160 1255 3475 1323 proverbio,
3528 1268 3697 1329 atque

2116 1339 2411 1407 locutione,
2463 1342 2595 1397 dicit
2642 1359 2912 1400 venerunt
2965 1355 3090 1400 ante
3131 1347 3322 1414 Deum,
3369 1352 3459 1419 qui
3508 1356 3696 1407 omnia

2117 1432 2305 1500 replet,
2356 1435 2447 1500 qui
2497 1436 2699 1505 ubique
2746 1451 2987 1505 praesens
3031 1447 3136 1505 est,
3169 1449 3223 1495 et
3274 1457 3380 1496 non
3420 1453 3507 1497 est
3540 1443 3697 1500 locus

2115 1536 2291 1593 neque
2318 1522 2371 1577 in
2406 1524 2563 1591 caele,
2600 1541 2774 1597 neque
2808 1529 2858 1581 in
2895 1538 3063 1594 terra,
3094 1547 3270 1599 neque
3320 1533 3375 1587 in
3436 1534 3693 1601 excelsis,

2115 1632 2291 1686 neque
2324 1618 2464 1687 apud
2496 1617 2699 1674 inferos
2733 1621 2827 1675 ubi
2851 1637 2957 1677 non
2988 1623 3059 1678 sit
3090 1638 3332 1693 praesens
3368 1626 3529 1682 Deus.
3581 1628 3699 1684 ilnc

2115 1711 2323 1767 sciebat
2354 1713 2443 1766 ille
2472 1715 2562 1782 qui
2596 1715 2671 1767 ait
2703 1732 2715 1767 :
2755 1712 2814 1768 Si
2852 1717 3138 1771 ascendere
3158 1718 3211 1769 in
3242 1717 3450 1784 emtum,
3499 1730 3557 1774 tu
3584 1721 3700 1776 illic

2114 1821 2188 1869 es,
2219 1816 2267 1859 et
2298 1807 2344 1859 si
2378 1808 2692 1861 descendero
2731 1809 2799 1861 ad
2830 1809 3095 1880 infernum
3131 1812 3259 1865 ades
3302 1812 3371 1869 ‘9.
3412 1812 3528 1868 1100
3556 1816 3701 1870 scie-

2114 1898 2207 1952 bat
2237 1898 2408 1965 Elias,
2442 1900 2586 1970 quod
2612 1910 2666 1955 et
2694 1901 2918 1970 etclam,
2950 1914 3006 1958 et
3036 1914 3178 1957 terra
3225 1914 3391 1973 atque
3440 1909 3702 1963 universa

2115 2006 2236 2062 quae.
2266 2001 2393 2047 sunt
2423 1992 2476 2046 in
2509 1993 2611 2057 eis,
2642 1993 2697 2047 in
2726 2007 3019 2064 conspectu
3057 1996 3150 2050 Dei
3183 2008 3330 2053 sunt.
3361 1999 3552 2053 Merito
3575 2016 3704 2054 cum

2115 2094 2261 2140 esset
2292 2100 2458 2155 super
2491 2096 2723 2150 terram,
2763 2098 2899 2142 ante
2944 2088 3115 2144 Deum
3170 2106 3231 2146 se
3276 2100 3425 2146 stare
3476 2093 3705 2147 demon-

2116 2179 2333 2243 stravit,
2362 2178 2556 2233 dicens
2583 2198 2596 2233 :
2646 2178 2783 2233 Vivit
2816 2178 3073 2236 Dominus
3132 2184 3216 2236 cui
3255 2195 3369 2238 asto
3402 2185 3457 2237 in
3484 2202 3707 2253 conspe-

2116 2281 2202 2323 ctu
2231 2271 2345 2341 ejus
2374 2271 2439 2324 7°.
2475 2270 2739 2325 Similiter
2769 2284 2824 2327 et
2865 2274 3093 2343 angelus
3138 2274 3357 2329 Gabriel
3401 2295 3415 2331 :
3466 2277 3570 2342 Qui
3611 2295 3707 2330 as-

2115 2363 2245 2415 sisto
2289 2364 2343 2415 in
2390 2376 2677 2433 conspectu
2723 2366 2837 2435 ejus
2864 2376 2913 2422 et
2948 2366 3049 2420 Dei
3090 2367 3158 2421 ⁷³.
3203 2368 3441 2424 EtElias
3479 2385 3614 2439 ergo
3646 2371 3704 2423 in

2114 2471 2350 2525 corpore
2401 2472 2566 2527 super
2622 2468 2846 2523 terram,
2887 2466 2943 2514 et
2990 2460 3213 2516 Gabriel
3295 2462 3415 2515 sine
3467 2477 3707 2531 corpore

2118 2546 2169 2599 in
2205 2547 2380 2612 ccelis,
2414 2558 2641 2619 uterque
2672 2551 2924 2606 similiter
2957 2552 3223 2607 assistere
3262 2567 3319 2606 se
3351 2553 3612 2605 dixerunt
3643 2554 3701 2607 in

2116 2648 2411 2709 conspectu
2447 2640 2582 2696 Dei:
2628 2643 2827 2712 ubique
2861 2654 2948 2699 est
2981 2645 3127 2699 enim
3178 2646 3350 2700 facies
3404 2644 3521 2709 Dei,
3574 2655 3703 2699 tan-

2119 2742 2231 2785 tum
2265 2734 2407 2787 mala
2441 2736 2629 2790 videre
2673 2751 2781 2790 non
2831 2736 2944 2790 vult
2978 2737 3165 2807 justus
3192 2747 3247 2792 et
3279 2748 3504 2793 sanctus
3533 2738 3703 2805 Deus,

2120 2825 2242 2879 ideo
2272 2827 2443 2881 dicit:
2480 2828 2627 2883 Mala
2655 2830 2830 2884 videre
2864 2847 2967 2885 non
2991 2831 3103 2885 vult
3129 2830 3405 2886 Dominus.
3432 2833 3499 2886 Et
3528 2833 3661 2887 alibi
3688 2852 3702 2887 :

2118 2917 2186 2971 Et
2217 2935 2309 2989 ego
2334 2928 2383 2973 te
2414 2921 2593 2975 videns
2620 2923 2925 2990 despiciam.
2972 2923 3040 2978 Et
3073 2925 3253 2978 adhuc
3289 2942 3301 2977 :
3352 2922 3486 2978 Cum
3517 2935 3704 2978 :zten‘

2119 3012 2305 3067 deritis
2333 3031 2519 3068 manus
2552 3024 2751 3069 vestras
2784 3017 2851 3068 ad
2878 3032 2977 3081 me,
3005 3028 3237 3072 avertam
3261 3017 3451 3086 faciem
3474 3036 3647 3072 meam
3671 3036 3707 3071 a

436 3112 646 3172 dentes,
684 3118 860 3175 neque
896 3104 1093 3157 eximie
1125 3102 1407 3157 venientes
1436 3102 1526 3155 ubi
1558 3101 1700 3155 Deus
1742 3116 1849 3155 non
1897 3100 2015 3153 fue—
2044 3112 2088 3172 ο
2122 3106 2263 3160 vobis
2294 3108 2362 3162 ⁷³.
2392 3108 2576 3163 Sancti
2609 3124 2737 3179 ergo
2767 3110 2937 3180 digni,
2966 3126 3030 3164 00
3063 3110 3220 3179 justi,
3256 3120 3423 3181 atque
3465 3112 3705 3165 creden-

435 3202 509 3255 rit
537 3213 795 3269 prtesens,
822 3196 913 3251 illo
944 3204 1122 3249 autem
1166 3194 1471 3257 venientes,
1513 3194 1601 3248 ubi
1650 3193 1821 3247 Deum
1860 3193 2014 3248 inve-

434 3297 638 3362 nirent,
676 3295 760 3349 vel
804 3292 1072 3346 viderent.
1118 3290 1329 3345 Ctelum
1374 3291 1542 3353 enim,
1574 3298 1629 3342 et
1655 3297 1884 3353 terrain,
1926 3304 2015 3343 su-

433 3404 617 3459 peros,
665 3399 721 3442 et
764 3386 992 3451 inferos,
1046 3384 1479 3454 corruptionem,
1513 3384 2012 3451 incorruptionem,

436 3491 493 3536 et
530 3481 784 3534 universa
815 3476 932 3546 ejus
964 3476 1131 3546 replet
1166 3476 1471 3539 beatitudo,
1504 3475 1757 3529 universa
1785 3476 2018 3529 circum-

435 3574 529 3625 dat
577 3571 773 3633 virtus,
824 3578 1016 3624 cuncta
1064 3566 1183 3636 ejus
1238 3569 1487 3621 continet
1540 3567 1855 3638 magnitudo
1901 3584 1914 3618 :
1961 3576 2015 3620 et

436 3665 575 3719 nihil
610 3673 693 3717 est
727 3671 881 3716 extra
930 3676 1076 3717 eum.
1124 3660 1411 3726 Quomodo
1468 3674 1599 3730 ergo
1654 3668 1925 3712 venerunt
1965 3665 2019 3712 et

435 3760 580 3813 unde
614 3766 885 3812 venerunt
910 3767 1038 3811 ante
1073 3754 1267 3809 facient
1300 3753 1417 3817 Dei,
1451 3753 1543 3822 qui
1586 3752 1769 3808 omnia
1802 3750 2019 3819 replet?

435 3850 581 3905 Bene
609 3849 998 3916 intelligamus,
1032 3861 1065 3902 o
1092 3846 1279 3911 amici,
1309 3854 1363 3899 et
1384 3853 1593 3909 sancte,
1627 3852 1681 3898 et
1710 3843 1820 3899 Deo
1850 3842 2020 3914 digne

437 3942 618 3997 omnia
650 3957 769 4011 qua:
794 3942 937 3996 dicta
967 3940 1053 3995 vel
1083 3939 1285 4009 scripta
1313 3946 1478 3992 sunt:
1514 3936 1610 3991 Dei
1637 3937 1785 3991 enim
1813 3950 2020 3990 sermo-

439 4051 537 4091 nes
569 4043 623 4087 et
653 4033 879 4088 consilia
914 4033 1079 4101 digne
1112 4032 1221 4085 Deo
1253 4029 1610 4100 percipienda
1652 4036 1802 4083 sunt.
1839 4028 2019 4082 Vene-

440 4136 568 4182 runt
601 4126 775 4195 angeii
808 4124 902 4179 Dei
951 4132 1011 4177 ut
1065 4132 1277 4178 starent
1326 4133 1455 4176 ante
1511 4122 1704 4183 Deum,
1755 4131 2020 4174 venerunt

439 4236 551 4275 non
581 4218 827 4288 vestigiis
856 4217 1190 4281 carnalibus,
1224 4230 1404 4286 neque
1454 4214 1766 4269 incessibus
1822 4227 2017 4280 c0rpo—

441 4312 666 4375 ralibus,
700 4311 795 4365 sed
844 4309 1076 4379 spiritali
1125 4322 1355 4363 accessu
1390 4317 1556 4377 atque
1607 4300 2017 4374 incorruptibili

442 4416 589 4461 statu
622 4403 855 4459 ctelesti.
889 4404 1169 4459 Venerunt
1196 4402 1503 4465 laudantes,
1556 4397 2017 4461 honorificantes,

441 4498 878 4568 magnificantes,
933 4497 1281 4560 coniitentes,
1339 4493 1549 4565 gratias
1605 4499 1854 4561 agentes.
1919 4486 2022 4541 Per

444 4591 548 4644 hoc
578 4590 723 4642 enim
761 4588 903 4657 quod
932 4589 1148 4643 venisse
1195 4586 1345 4647 dicit.
1392 4600 1492 4656 per
1527 4584 1630 4638 hoc
1662 4580 2020 4636 nihilominus

443 4680 715 4749 significat
768 4679 912 4749 quod
962 4681 1032 4734 sit
1078 4694 1235 4749 opus,
1283 4676 1367 4731 vel
1408 4676 1647 4730 studium
1701 4680 2021 4728 sanctorum

447 4772 788 4840 angelorum,
819 4773 962 4841 quod
996 4771 1213 4825 assidue
1243 4768 1519 4824 cmlestem
1571 4766 1859 4820 Dominum
1905 4764 2024 4815 lau-

449 4863 599 4928 dent,
629 4863 772 4933 quod
803 4872 1005 4918 azterno
1035 4864 1141 4916 Deo
1170 4862 1378 4932 gratias
1426 4869 1614 4930 agant,
1646 4858 1789 4929 quod
1833 4866 2025 4911 sancto

448 4951 563 5009 Deo
593 4952 968 5008 indesinenter
1000 4953 1228 5020 gloriam
1278 4968 1377 5022 pro
1403 4949 1685 5006 beneficiis
1721 4947 1838 5015 ejus
1880 4945 2025 5000 refe»

450 5053 593 5112 rant,
628 5060 725 5114 pro
751 5045 923 5114 gratia
968 5045 1107 5115 ejus,
1158 5059 1255 5113 pro
1307 5042 1684 5098 misericordia
1734 5040 1873 5109 ejus,
1925 5054 2024 5107 pro

454 5136 794 5191 mirabilibus
817 5136 958 5204 ejus,
993 5150 1113 5205 quae
1161 5135 1406 5205 impertit
1446 5134 1634 5205 generi
1686 5133 1927 5187 humano
1971 5133 2024 5185 in

452 5229 598 5284 omni
626 5230 779 5295 hora,
827 5229 881 5283 in
923 5228 1071 5283 omni
1123 5236 1389 5297 tempore,
1432 5227 1685 5295 plurima,
1721 5232 1777 5278 et
1811 5239 2025 5293 magna,

454 5331 618 5390 atque
644 5322 881 5387 diversa,
914 5320 1211 5390 aliquando
1243 5320 1307 5373 de
1339 5318 1598 5386 periculis
1629 5318 1889 5381 liberans,
1929 5316 2027 5370 ali-

455 5416 672 5484 quando
697 5416 761 5470 de
789 5412 1203 5469 discriminibus
1236 5410 1498 5479 eripiens,
1539 5422 1928 5476 nonnunquam
1960 5422 2024 5460 ex

456 5509 724 5577 angustiis
772 5507 1009 5572 salvans,
1067 5503 1417 5573 peccantibus
1468 5501 1856 5571 longanimiter
1905 5514 2029 5568 par-

456 5600 651 5666 cendo,
683 5599 1013 5667 ptenitentes
1045 5594 1475 5651 misericorditer
1506 5592 1875 5663 suscipiendo,
1900 5607 2029 5646 con-

530 5721 570 5747 "
597 5717 693 5770 Joh
746 5734 786 5781 ι,
827 5718 880 5770 ti.
988 5716 1031 5747 ⁸⁸
1061 5715 1189 5768 ibid.
1296 5714 1339 5745 ⁸³
1366 5712 1509 5770 Psal.
1554 5727 1817 5780 cxxxvm,
1844 5709 1896 5766 8.

455 5786 692 5855 “ini-3.
750 5806 786 5854 i,
826 5789 909 5842 ll.
986 5785 1199 5841 “Psai.
1235 5801 1307 5852 Cl,
1344 5787 1391 5839 ι.

1988 5710 2031 5742 ⁷ο
2058 5707 2122 5765 111
2165 5710 2295 5784 Reg.
2334 5731 2492 5782 xviii,
2524 5717 2607 5772 15.

2122 3207 2223 3262 tes,
2265 3199 2402 3254 casti
2439 3214 2657 3270 quoque
2688 3215 2751 3255 00
2787 3216 3026 3266 veraces,
3061 3203 3176 3257 sive
3212 3203 3265 3257 in
3292 3219 3524 3274 corpore
3567 3206 3703 3269 sint,

2120 3292 2237 3345 sive
2270 3301 2422 3347 extra
2457 3309 2678 3363 corpus,
2707 3295 2823 3348 sive
2854 3296 2907 3349 iu
2935 3303 3103 3363 terra,
3138 3295 3255 3351 sive
3296 3296 3348 3351 iu
3380 3297 3543 3363 00310,
3591 3299 3707 3353 sive

2119 3386 2295 3455 angeli
2332 3387 2575 3458 gloriosi,
2605 3389 2718 3442 sive
2754 3391 2927 3444 sancti
2971 3390 3100 3454 viri,
3138 3391 3344 3462 jugiter
3377 3408 3441 3445 ac
3494 3392 3708 3447 indesi-

2122 3488 2313 3532 nenter
2349 3488 2514 3547 atque
2545 3479 3029 3533 indissociabiliter
3075 3490 3260 3533 astant
3309 3481 3360 3534 in
3403 3490 3705 3548 conspectu

2122 3571 2237 3625 Dei.
2279 3570 2481 3627 Venire
2516 3581 2697 3625 autem
2749 3572 3008 3626 dicuntur
3057 3582 3183 3625 ante
3228 3573 3392 3626 Deum
3431 3573 3703 3635 homines.

2118 3661 2247 3715 dum
2293 3676 2417 3716 enni
2467 3661 2656 3731 majori
2711 3662 2997 3717 devotione
3038 3671 3201 3733 atque
3254 3663 3432 3718 studio
3487 3667 3708 3718 animas

2120 3768 2245 3807 suas
2277 3752 2567 3808 effuderint
2606 3754 2657 3808 in
2692 3755 2942 3808 oratione
2977 3763 3102 3809 ante
3132 3757 3319 3818 Deum,
3365 3756 3512 3809 sicut
3546 3759 3708 3811 Anna

2121 3852 2295 3898 mater
2334 3844 2623 3910 Samuelis,
2667 3861 2789 3898 cum
2846 3846 2899 3899 in
2949 3846 3137 3900 dolore
3187 3846 3352 3899 animi
3402 3846 3709 3903 effunderet

2123 3935 2427 3989 orationem
2456 3950 2611 3989 suam
2659 3935 2711 3988 in
2741 3946 3037 4003 conspectu
3072 3937 3284 3991 Domini
3309 3937 3355 3967 ⁷³
3392 3955 3404 3990 :
3449 3938 3594 3991 sicut
3622 3938 3711 3991 ille

2121 4030 2187 4082 de
2225 4042 2333 4097 quo
2360 4029 2564 4082 dictum
2598 4038 2716 4081 est:
2745 4028 2929 4083 Oratio
2958 4030 3225 4097 pauperis,
3250 4047 3366 4083 cum
3397 4034 3711 4085 anxiaretur

2120 4133 2166 4173 et
2202 4122 2254 4174 in
2291 4131 2565 4189 conspectu
2594 4121 2805 4173 Domini
2850 4122 3139 4190 e/junderet
3182 4125 3475 4177 orationem
3505 4125 3575 4180 ⁷³.
3619 4127 3711 4179 Sic

2122 4213 2304 4281 itaque
2332 4214 2594 4267 assistunt
2626 4224 2752 4265 ante
2782 4213 2947 4265 Deum
2978 4228 3167 4267 omnes
3187 4215 3279 4283 qui
3310 4214 3543 4269 soliicitc
3579 4232 3705 4271 eum

2123 4306 2372 4359 oratione
2431 4303 2804 4358 adoraverint.
2888 4304 2980 4359 Sic
3060 4306 3236 4375 angeli
3308 4321 3430 4360 cum
3498 4307 3710 4376 gratias

2128 4406 2349 4466 agentes
2389 4396 2795 4451 misericordias
2827 4395 2945 4464 ejus
2985 4399 3341 4463 confitentur,
3376 4409 3539 4468 atque
3581 4416 3710 4469 gra-

2054 4462 2097 4517 D
2131 4490 2231 4542 tias
2265 4489 2339 4542 illi
2370 4504 2468 4557 pro
2497 4488 2615 4558 ejus
2664 4489 2943 4545 beneficiis
2981 4504 3172 4560 agunt,
3219 4508 3336 4560 qua:
3390 4483 3477 4545 ille
3525 4492 3705 4546 inces-

2128 4592 2315 4635 santer
2366 4582 2608 4649 impertit
2664 4580 2790 4635 filiis
2840 4580 3155 4647 hominum,
3192 4593 3285 4637 aut
3314 4599 3434 4636 cum
3473 4584 3710 4637 viderint

2130 4683 2444 4726 sanctorum
2494 4673 2728 4728 virtutes
2764 4675 3031 4739 virorum,
3072 4675 3309 4742 insignia
3343 4675 3583 4728 virorum
3626 4676 3709 4727 ni-

2132 4766 2424 4820 hilominus
2461 4765 2555 4821 Dei
2589 4783 2891 4834 servorum,
2932 4768 3319 4829 constantiam,
3371 4780 3534 4835 atque
3578 4782 3708 4833 ago-

2131 4873 2248 4922 nes,
2286 4869 2413 4913 tuuc
2453 4860 2706 4913 nimirum
2742 4876 2863 4914 cum
2915 4860 3108 4929 gaudio
3138 4869 3303 4928 atque
3336 4860 3707 4913 exsultatione

2135 4952 2404 5004 assistunt
2430 4962 2554 5005 ante
2586 4953 2770 5013 Deum,
2830 4967 3018 5006 revera
3050 4962 3105 5004 et
3133 4961 3192 5004 ut
3227 4950 3393 5004 Deum
3441 4950 3705 5003 honoriti-

2134 5052 2280 5110 cent,
2314 5054 2476 5114 atque
2507 5044 2725 5098 laudent
2755 5045 2819 5098 de
2850 5044 3077 5099 victoria
3118 5058 3401 5098 servorum
3454 5043 3571 5109 Dei,
3613 5056 3709 5095 nec

2137 5150 2243 5189 non
2284 5147 2341 5188 ut
2372 5136 2454 5189 eis
2480 5137 2571 5206 qui
2611 5147 2833 5206 propter
2879 5135 3048 5189 Deum
3080 5136 3383 5205 patiuntur,
3430 5136 3709 5199 patiezitite

2139 5228 2479 5281 tolerantiam
2541 5239 2704 5299 atque
2756 5239 2997 5283 sanctam
3061 5228 3585 5282 consummationem
3644 5226 3709 5279 ab

2138 5320 2330 5375 eodem
2358 5322 2631 5390 postulent
2665 5321 2796 5376 Deo.
2853 5322 2942 5375 Sic
2996 5321 3182 5390 itaque
3233 5327 3503 5373 venerunt
3533 5330 3590 5371 et
3619 5332 3707 5368 ve-

2136 5412 2292 5465 niunt
2320 5412 2491 5483 angeli
2528 5412 2645 5478 Dei,
2675 5422 2733 5467 ut
2772 5422 2983 5467 starent
3011 5422 3137 5466 ante
3171 5412 3361 5466 Deum.
3395 5410 3485 5465 Sic
3520 5412 3707 5464 astite-

2138 5512 2265 5556 runt
2295 5518 2415 5557 cum
2439 5505 2601 5559 totius
2621 5505 2802 5558 mundi
2830 5510 2974 5561 salus
2998 5505 3064 5559 ad
3092 5505 3337 5559 homines
3369 5502 3707 5559 veniensini-

2140 5595 2275 5648 tium
2305 5596 2557 5666 sumpsit,
2589 5616 2654 5652 ex
2686 5596 2906 5668 Virgine
2944 5606 3070 5653 nato
3103 5597 3395 5668 Unigenito
3422 5596 3552 5661 Deo,
3585 5610 3705 5657 cum

2718 5718 2758 5748 τ’
2788 5715 2917 5772 Luc.
2949 5732 2986 5783 I,
3035 5717 3121 5773 19.
3227 5719 3269 5749 ⁷³
3303 5715 3403 5772 lsa.
3435 5714 3564 5781 t,14
3592 5728 3704 5783 seq.
