  <div class='ocr_page' id='page_1' title='image "/cluster/home/n/w/nwhite01/storage/ocr_20150623/17/nnc1.0046978615/210.png"; bbox 0 0 3884 6218; ppageno 0'>
   <div class='ocr_carea' id='block_1_1' title="bbox 241 287 346 342">
    <p class='ocr_par' dir='ltr' id='par_1_1' title="bbox 241 287 346 342">
     <span class='ocr_line' id='line_1_1' title="bbox 241 287 346 342; baseline 0 0"><span class='ocrx_word' id='word_1_1' title='bbox 241 287 346 342; x_wconf 73' lang='grc'><strong>401</strong></span> 
     </span>
    </p>
   </div>
   <div class='ocr_carea' id='block_1_2' title="bbox 1358 292 2417 355">
    <p class='ocr_par' dir='ltr' id='par_1_2' title="bbox 1358 292 2417 355">
     <span class='ocr_line' id='line_1_2' title="bbox 1358 292 2417 355; baseline 0.005 -5"><span class='ocrx_word' id='word_1_2' title='bbox 1358 292 1772 352; x_wconf 70' lang='grc' dir='ltr'><strong>ἈΝΟΝΥΜΠΒ</strong></span> <span class='ocrx_word' id='word_1_3' title='bbox 1808 296 1878 352; x_wconf 83' lang='grc' dir='ltr'><strong>ΙΝ</strong></span> <span class='ocrx_word' id='word_1_4' title='bbox 1914 295 2053 352; x_wconf 86' lang='lat' dir='ltr'><strong>JOB.</strong></span> <span class='ocrx_word' id='word_1_5' title='bbox 2096 329 2166 339; x_wconf 91' lang='lat'><strong><em>—</em></strong></span> <span class='ocrx_word' id='word_1_6' title='bbox 2203 295 2333 355; x_wconf 76' lang='lat' dir='ltr'><strong>LIB.</strong></span> <span class='ocrx_word' id='word_1_7' title='bbox 2377 298 2417 354; x_wconf 91' lang='lat' dir='ltr'><strong>l.</strong></span> 
     </span>
    </p>
   </div>
   <div class='ocr_carea' id='block_1_3' title="bbox 3408 299 3513 360">
    <p class='ocr_par' dir='ltr' id='par_1_3' title="bbox 3408 299 3513 360">
     <span class='ocr_line' id='line_1_3' title="bbox 3408 299 3513 360; baseline 0 -4"><span class='ocrx_word' id='word_1_8' title='bbox 3408 299 3513 360; x_wconf 61' lang='grc'><strong>402</strong></span> 
     </span>
    </p>
   </div>
   <div class='ocr_carea' id='block_1_4' title="bbox 244 404 3511 487">
    <p class='ocr_par' dir='ltr' id='par_1_4' title="bbox 244 404 3511 487">
     <span class='ocr_line' id='line_1_4' title="bbox 244 404 3511 487; baseline 0.003 -25"><span class='ocrx_word' id='word_1_9' title='bbox 244 407 429 462; x_wconf 78' lang='lat' dir='ltr'><strong>subito</strong></span> <span class='ocrx_word' id='word_1_10' title='bbox 453 404 593 461; x_wconf 79' lang='lat' dir='ltr'><strong>laeta</strong></span> <span class='ocrx_word' id='word_1_11' title='bbox 611 406 697 463; x_wconf 86' lang='lat' dir='ltr'><strong>est</strong></span> <span class='ocrx_word' id='word_1_12' title='bbox 718 407 1007 466; x_wconf 74' lang='lat' dir='ltr'><strong>multitudo</strong></span> <span class='ocrx_word' id='word_1_13' title='bbox 1029 410 1371 468; x_wconf 81' lang='lat' dir='ltr'><strong>exercituum</strong></span> <span class='ocrx_word' id='word_1_14' title='bbox 1384 412 1688 469; x_wconf 80' lang='lat' dir='ltr'><strong>ctelestium</strong></span> <span class='ocrx_word' id='word_1_15' title='bbox 1707 413 1827 467; x_wconf 90' lang='lat' dir='ltr'><strong>lau-</strong></span> <span class='ocrx_word' id='word_1_16' title='bbox 1857 416 1903 474; x_wconf 77' lang='grc' dir='ltr'><strong>Α</strong></span> <span class='ocrx_word' id='word_1_17' title='bbox 1929 411 2031 470; x_wconf 86' lang='lat' dir='ltr'><strong>Job</strong></span> <span class='ocrx_word' id='word_1_18' title='bbox 2056 415 2520 486; x_wconf 81' lang='lat' dir='ltr'><strong>appropinquare,</strong></span> <span class='ocrx_word' id='word_1_19' title='bbox 2554 414 2637 471; x_wconf 90' lang='lat' dir='ltr'><strong>vel</strong></span> <span class='ocrx_word' id='word_1_20' title='bbox 2673 430 2793 470; x_wconf 88' lang='lat' dir='ltr'><strong>eam</strong></span> <span class='ocrx_word' id='word_1_21' title='bbox 2827 424 3054 487; x_wconf 85' lang='lat' dir='ltr'><strong>tangere</strong></span> <span class='ocrx_word' id='word_1_22' title='bbox 3073 415 3372 487; x_wconf 87' lang='lat' dir='ltr'><strong>permissus</strong></span> <span class='ocrx_word' id='word_1_23' title='bbox 3405 430 3511 472; x_wconf 90' lang='lat' dir='ltr'><strong>non</strong></span> 
     </span>
    </p>
   </div>
   <div class='ocr_carea' id='block_1_5' title="bbox 244 502 1829 578">
    <p class='ocr_par' dir='ltr' id='par_1_5' title="bbox 244 502 1829 578">
     <span class='ocr_line' id='line_1_5' title="bbox 244 502 1829 578; baseline 0.003 -22"><span class='ocrx_word' id='word_1_24' title='bbox 244 502 492 556; x_wconf 88' lang='lat' dir='ltr'><strong>dantittm</strong></span> <span class='ocrx_word' id='word_1_25' title='bbox 514 512 679 571; x_wconf 84' lang='lat' dir='ltr'><strong>alque</strong></span> <span class='ocrx_word' id='word_1_26' title='bbox 703 504 1171 575; x_wconf 80' lang='lat' dir='ltr'><strong>magniﬁcantium</strong></span> <span class='ocrx_word' id='word_1_27' title='bbox 1202 507 1369 561; x_wconf 90' lang='lat' dir='ltr'><strong>Deum</strong></span> <span class='ocrx_word' id='word_1_28' title='bbox 1401 523 1500 578; x_wconf 91' lang='lat' dir='ltr'><strong>pro</strong></span> <span class='ocrx_word' id='word_1_29' title='bbox 1535 507 1718 561; x_wconf 90' lang='lat' dir='ltr'><strong>mundi</strong></span> <span class='ocrx_word' id='word_1_30' title='bbox 1742 523 1829 561; x_wconf 87' lang='lat' dir='ltr'><strong>sa—</strong></span> 
     </span>
    </p>
   </div>
   <div class='ocr_carea' id='block_1_6' title="bbox 242 592 1830 668">
    <p class='ocr_par' dir='ltr' id='par_1_6' title="bbox 242 592 1830 668">
     <span class='ocr_line' id='line_1_6' title="bbox 242 592 1830 668; baseline 0.006 -21"><span class='ocrx_word' id='word_1_31' title='bbox 242 592 377 649; x_wconf 73' lang='lat' dir='ltr'><strong>lute“.</strong></span> <span class='ocrx_word' id='word_1_32' title='bbox 402 592 495 648; x_wconf 87' lang='lat' dir='ltr'><strong>Sic</strong></span> <span class='ocrx_word' id='word_1_33' title='bbox 522 596 813 650; x_wconf 86' lang='lat' dir='ltr'><strong>astiterunt</strong></span> <span class='ocrx_word' id='word_1_34' title='bbox 844 597 898 650; x_wconf 92' lang='lat' dir='ltr'><strong>in</strong></span> <span class='ocrx_word' id='word_1_35' title='bbox 923 597 1191 668; x_wconf 88' lang='lat' dir='ltr'><strong>principio</strong></span> <span class='ocrx_word' id='word_1_36' title='bbox 1222 600 1389 655; x_wconf 91' lang='lat' dir='ltr'><strong>totius</strong></span> <span class='ocrx_word' id='word_1_37' title='bbox 1414 610 1698 665; x_wconf 80' lang='lat' dir='ltr'><strong>creaturae,</strong></span> <span class='ocrx_word' id='word_1_38' title='bbox 1722 602 1830 656; x_wconf 89' lang='lat' dir='ltr'><strong>sic-</strong></span> 
     </span>
    </p>
   </div>
   <div class='ocr_carea' id='block_1_7' title="bbox 250 685 1828 762">
    <p class='ocr_par' dir='ltr' id='par_1_7' title="bbox 250 685 1828 762">
     <span class='ocr_line' id='line_1_7' title="bbox 250 685 1828 762; baseline 0.006 -24"><span class='ocrx_word' id='word_1_39' title='bbox 250 694 311 738; x_wconf 89' lang='lat' dir='ltr'><strong>ut</strong></span> <span class='ocrx_word' id='word_1_40' title='bbox 347 685 478 739; x_wconf 90' lang='lat' dir='ltr'><strong>dicit</strong></span> <span class='ocrx_word' id='word_1_41' title='bbox 506 685 670 755; x_wconf 89' lang='lat' dir='ltr'><strong>paulo</strong></span> <span class='ocrx_word' id='word_1_42' title='bbox 691 696 814 758; x_wconf 90' lang='lat' dir='ltr'><strong>post</strong></span> <span class='ocrx_word' id='word_1_43' title='bbox 834 685 951 758; x_wconf 92' lang='lat' dir='ltr'><strong>ipse</strong></span> <span class='ocrx_word' id='word_1_44' title='bbox 968 688 1112 745; x_wconf 88' lang='lat' dir='ltr'><strong>Deus</strong></span> <span class='ocrx_word' id='word_1_45' title='bbox 1129 690 1193 745; x_wconf 89' lang='lat' dir='ltr'><strong>ad</strong></span> <span class='ocrx_word' id='word_1_46' title='bbox 1212 689 1315 747; x_wconf 89' lang='lat' dir='ltr'><strong>Job</strong></span> <span class='ocrx_word' id='word_1_47' title='bbox 1331 692 1659 762; x_wconf 87' lang='lat' dir='ltr'><strong>depromens</strong></span> <span class='ocrx_word' id='word_1_48' title='bbox 1675 703 1729 748; x_wconf 90' lang='lat' dir='ltr'><strong>et</strong></span> <span class='ocrx_word' id='word_1_49' title='bbox 1746 694 1828 747; x_wconf 85' lang='lat' dir='ltr'><strong>di—</strong></span> 
     </span>
    </p>
   </div>
   <div class='ocr_carea' id='block_1_8' title="bbox 249 776 1828 857">
    <p class='ocr_par' dir='ltr' id='par_1_8' title="bbox 249 776 1828 857">
     <span class='ocr_line' id='line_1_8' title="bbox 249 776 1828 857; baseline 0.007 -27"><span class='ocrx_word' id='word_1_50' title='bbox 249 792 412 832; x_wconf 81' lang='lat' dir='ltr'><strong>cens:</strong></span> <span class='ocrx_word' id='word_1_51' title='bbox 434 776 565 831; x_wconf 87' lang='lat' dir='ltr'><strong>Cum</strong></span> <span class='ocrx_word' id='word_1_52' title='bbox 594 779 780 847; x_wconf 77' lang='lat' dir='ltr'><strong>ﬁerent</strong></span> <span class='ocrx_word' id='word_1_53' title='bbox 808 781 975 836; x_wconf 74' lang='lat' dir='ltr'><strong>stella:</strong></span> <span class='ocrx_word' id='word_1_54' title='bbox 1004 781 1357 839; x_wconf 78' lang='lat' dir='ltr'><strong>laudauerunt</strong></span> <span class='ocrx_word' id='word_1_55' title='bbox 1392 803 1471 840; x_wconf 87' lang='lat' dir='ltr'><strong>me</strong></span> <span class='ocrx_word' id='word_1_56' title='bbox 1496 803 1615 840; x_wconf 87' lang='lat' dir='ltr'><strong>voce</strong></span> <span class='ocrx_word' id='word_1_57' title='bbox 1633 802 1828 857; x_wconf 88' lang='lat' dir='ltr'><strong>magna</strong></span> 
     </span>
    </p>
   </div>
   <div class='ocr_carea' id='block_1_9' title="bbox 239 870 1825 942">
    <p class='ocr_par' dir='ltr' id='par_1_9' title="bbox 239 870 1825 942">
     <span class='ocr_line' id='line_1_9' title="bbox 239 870 1825 942; baseline 0.009 -21"><span class='ocrx_word' id='word_1_58' title='bbox 239 870 419 939; x_wconf 81' lang='lat' dir='ltr'><strong>angeli</strong></span> <span class='ocrx_word' id='word_1_59' title='bbox 448 871 570 937; x_wconf 83' lang='lat' dir='ltr'><strong>mei,</strong></span> <span class='ocrx_word' id='word_1_60' title='bbox 603 883 651 926; x_wconf 88' lang='lat' dir='ltr'><strong>et</strong></span> <span class='ocrx_word' id='word_1_61' title='bbox 693 875 945 942; x_wconf 81' lang='lat' dir='ltr'><strong>hymnum</strong></span> <span class='ocrx_word' id='word_1_62' title='bbox 975 876 1247 931; x_wconf 79' lang='lat' dir='ltr'><strong>dixerunt.</strong></span> <span class='ocrx_word' id='word_1_63' title='bbox 1286 876 1344 933; x_wconf 87' lang='lat' dir='ltr'><strong>Si</strong></span> <span class='ocrx_word' id='word_1_64' title='bbox 1390 888 1520 934; x_wconf 89' lang='lat' dir='ltr'><strong>tunc</strong></span> <span class='ocrx_word' id='word_1_65' title='bbox 1566 881 1825 934; x_wconf 88' lang='lat' dir='ltr'><strong>laudave-</strong></span> 
     </span>
    </p>
   </div>
   <div class='ocr_carea' id='block_1_10' title="bbox 240 962 1826 1035">
    <p class='ocr_par' dir='ltr' id='par_1_10' title="bbox 240 962 1826 1035">
     <span class='ocr_line' id='line_1_10' title="bbox 240 962 1826 1035; baseline 0.009 -22"><span class='ocrx_word' id='word_1_66' title='bbox 240 973 372 1015; x_wconf 85' lang='lat' dir='ltr'><strong>runt</strong></span> <span class='ocrx_word' id='word_1_67' title='bbox 419 962 635 1030; x_wconf 88' lang='lat' dir='ltr'><strong>quando</strong></span> <span class='ocrx_word' id='word_1_68' title='bbox 682 965 994 1021; x_wconf 70' lang='lat' dir='ltr'><strong>inanimatae</strong></span> <span class='ocrx_word' id='word_1_69' title='bbox 1046 967 1218 1023; x_wconf 75' lang='lat' dir='ltr'><strong>stellte</strong></span> <span class='ocrx_word' id='word_1_70' title='bbox 1269 969 1428 1024; x_wconf 70' lang='lat' dir='ltr'><strong>facta:</strong></span> <span class='ocrx_word' id='word_1_71' title='bbox 1474 980 1624 1035; x_wconf 89' lang='lat' dir='ltr'><strong>sunt,</strong></span> <span class='ocrx_word' id='word_1_72' title='bbox 1655 973 1826 1027; x_wconf 90' lang='lat' dir='ltr'><strong>multo</strong></span> 
     </span>
    </p>
   </div>
   <div class='ocr_carea' id='block_1_11' title="bbox 240 1054 1826 1128">
    <p class='ocr_par' dir='ltr' id='par_1_11' title="bbox 240 1054 1826 1128">
     <span class='ocr_line' id='line_1_11' title="bbox 240 1054 1826 1128; baseline 0.009 -22"><span class='ocrx_word' id='word_1_73' title='bbox 240 1054 417 1123; x_wconf 82' lang='lat' dir='ltr'><strong>magis</strong></span> <span class='ocrx_word' id='word_1_74' title='bbox 437 1055 947 1111; x_wconf 88' lang='lat' dir='ltr'><strong>tunclaudaverunt</strong></span> <span class='ocrx_word' id='word_1_75' title='bbox 978 1060 1195 1128; x_wconf 89' lang='lat' dir='ltr'><strong>quando</strong></span> <span class='ocrx_word' id='word_1_76' title='bbox 1224 1061 1476 1116; x_wconf 80' lang='lat' dir='ltr'><strong>animatae</strong></span> <span class='ocrx_word' id='word_1_77' title='bbox 1504 1071 1559 1117; x_wconf 88' lang='lat' dir='ltr'><strong>et</strong></span> <span class='ocrx_word' id='word_1_78' title='bbox 1593 1076 1826 1120; x_wconf 68' lang='lat' dir='ltr'><strong>sensatte</strong></span> 
     </span>
    </p>
   </div>
   <div class='ocr_carea' id='block_1_12' title="bbox 240 1146 1825 1227">
    <p class='ocr_par' dir='ltr' id='par_1_12' title="bbox 240 1146 1825 1227">
     <span class='ocr_line' id='line_1_12' title="bbox 240 1146 1825 1227; baseline 0.009 -29"><span class='ocrx_word' id='word_1_79' title='bbox 240 1146 411 1201; x_wconf 72' lang='lat' dir='ltr'><strong>stella:</strong></span> <span class='ocrx_word' id='word_1_80' title='bbox 455 1148 613 1203; x_wconf 76' lang='lat' dir='ltr'><strong>taetre</strong></span> <span class='ocrx_word' id='word_1_81' title='bbox 661 1157 810 1214; x_wconf 89' lang='lat' dir='ltr'><strong>sunt,</strong></span> <span class='ocrx_word' id='word_1_82' title='bbox 844 1150 896 1205; x_wconf 90' lang='lat' dir='ltr'><strong>id</strong></span> <span class='ocrx_word' id='word_1_83' title='bbox 944 1163 1029 1207; x_wconf 92' lang='lat' dir='ltr'><strong>est</strong></span> <span class='ocrx_word' id='word_1_84' title='bbox 1059 1156 1253 1209; x_wconf 65' lang='lat' dir='ltr'><strong>animae</strong></span> <span class='ocrx_word' id='word_1_85' title='bbox 1300 1166 1618 1211; x_wconf 85' lang='lat' dir='ltr'><strong>sanctorum</strong></span> <span class='ocrx_word' id='word_1_86' title='bbox 1660 1170 1825 1227; x_wconf 89' lang='lat' dir='ltr'><strong>atque</strong></span> 
     </span>
    </p>
   </div>
   <div class='ocr_carea' id='block_1_13' title="bbox 260 1240 1825 1312">
    <p class='ocr_par' dir='ltr' id='par_1_13' title="bbox 260 1240 1825 1312">
     <span class='ocr_line' id='line_1_13' title="bbox 260 1240 1825 1312; baseline 0.009 -21"><span class='ocrx_word' id='word_1_87' title='bbox 260 1251 527 1294; x_wconf 88' lang='lat' dir='ltr'><strong>ustorum.</strong></span> <span class='ocrx_word' id='word_1_88' title='bbox 574 1240 652 1297; x_wconf 91' lang='lat' dir='ltr'><strong>De</strong></span> <span class='ocrx_word' id='word_1_89' title='bbox 693 1244 890 1312; x_wconf 87' lang='lat' dir='ltr'><strong>quibus</strong></span> <span class='ocrx_word' id='word_1_90' title='bbox 936 1244 1115 1301; x_wconf 85' lang='lat' dir='ltr'><strong>stellis</strong></span> <span class='ocrx_word' id='word_1_91' title='bbox 1148 1246 1441 1303; x_wconf 88' lang='lat' dir='ltr'><strong>dicendum</strong></span> <span class='ocrx_word' id='word_1_92' title='bbox 1493 1260 1619 1306; x_wconf 88' lang='lat' dir='ltr'><strong>est:</strong></span> <span class='ocrx_word' id='word_1_93' title='bbox 1656 1249 1825 1305; x_wconf 86' lang='lat' dir='ltr'><strong>Stella</strong></span> 
     </span>
    </p>
   </div>
   <div class='ocr_carea' id='block_1_14' title="bbox 252 1331 1823 1403">
    <p class='ocr_par' dir='ltr' id='par_1_14' title="bbox 252 1331 1823 1403">
     <span class='ocr_line' id='line_1_14' title="bbox 252 1331 1823 1403; baseline 0.011 -25"><span class='ocrx_word' id='word_1_94' title='bbox 252 1331 378 1384; x_wconf 62' lang='lat' dir='ltr'><strong>enim</strong></span> <span class='ocrx_word' id='word_1_95' title='bbox 416 1347 447 1384; x_wconf 81' lang='grc' dir='ltr'><em>α</em></span> <span class='ocrx_word' id='word_1_96' title='bbox 491 1333 647 1386; x_wconf 81' lang='lat' dir='ltr'><strong>stella</strong></span> <span class='ocrx_word' id='word_1_97' title='bbox 701 1334 878 1402; x_wconf 76' lang='lat' dir='ltr'><strong>di/j‘ert</strong></span> <span class='ocrx_word' id='word_1_98' title='bbox 924 1335 982 1389; x_wconf 87' lang='lat' dir='ltr'><strong>in</strong></span> <span class='ocrx_word' id='word_1_99' title='bbox 1033 1335 1300 1403; x_wconf 77' lang='lat' dir='ltr'><strong>claritate,</strong></span> <span class='ocrx_word' id='word_1_100' title='bbox 1326 1339 1402 1391; x_wconf 86' lang='lat' dir='ltr'><strong>ita</strong></span> <span class='ocrx_word' id='word_1_101' title='bbox 1432 1348 1481 1393; x_wconf 89' lang='lat' dir='ltr'><strong>et</strong></span> <span class='ocrx_word' id='word_1_102' title='bbox 1512 1342 1823 1395; x_wconf 73' lang='lat' dir='ltr'><strong>resurrectio</strong></span> 
     </span>
    </p>
   </div>
   <div class='ocr_carea' id='block_1_15' title="bbox 244 1422 1824 1500">
    <p class='ocr_par' dir='ltr' id='par_1_15' title="bbox 244 1422 1824 1500">
     <span class='ocr_line' id='line_1_15' title="bbox 244 1422 1824 1500; baseline 0.009 -29"><span class='ocrx_word' id='word_1_103' title='bbox 244 1422 667 1475; x_wconf 80' lang='lat' dir='ltr'><strong>mortuorum&quot;.</strong></span> <span class='ocrx_word' id='word_1_104' title='bbox 702 1422 770 1476; x_wconf 91' lang='lat' dir='ltr'><strong>Et</strong></span> <span class='ocrx_word' id='word_1_105' title='bbox 798 1424 928 1479; x_wconf 87' lang='lat' dir='ltr'><strong>alibi</strong></span> <span class='ocrx_word' id='word_1_106' title='bbox 960 1442 974 1479; x_wconf 91' lang='lat'><strong>:</strong></span> <span class='ocrx_word' id='word_1_107' title='bbox 1007 1424 1154 1481; x_wconf 86' lang='lat' dir='ltr'><strong>Tunc</strong></span> <span class='ocrx_word' id='word_1_108' title='bbox 1186 1427 1460 1499; x_wconf 80' lang='lat' dir='ltr'><strong>fulgebunt</strong></span> <span class='ocrx_word' id='word_1_109' title='bbox 1483 1431 1618 1500; x_wconf 72' lang='lat' dir='ltr'><strong>justi</strong></span> <span class='ocrx_word' id='word_1_110' title='bbox 1647 1441 1701 1484; x_wconf 91' lang='lat' dir='ltr'><strong>ut</strong></span> <span class='ocrx_word' id='word_1_111' title='bbox 1739 1432 1824 1485; x_wconf 83' lang='lat' dir='ltr'><strong>lu-</strong></span> 
     </span>
    </p>
   </div>
   <div class='ocr_carea' id='block_1_16' title="bbox 241 1511 1823 1590">
    <p class='ocr_par' dir='ltr' id='par_1_16' title="bbox 241 1511 1823 1590">
     <span class='ocr_line' id='line_1_16' title="bbox 241 1511 1823 1590; baseline 0.009 -27"><span class='ocrx_word' id='word_1_112' title='bbox 241 1511 474 1565; x_wconf 77' lang='lat' dir='ltr'><strong>minaria</strong></span> <span class='ocrx_word' id='word_1_113' title='bbox 527 1513 667 1579; x_wconf 74' lang='lat' dir='ltr'><strong>caeli,</strong></span> <span class='ocrx_word' id='word_1_114' title='bbox 710 1524 759 1568; x_wconf 90' lang='lat' dir='ltr'><strong>et</strong></span> <span class='ocrx_word' id='word_1_115' title='bbox 809 1515 947 1569; x_wconf 79' lang='lat' dir='ltr'><strong>sicut</strong></span> <span class='ocrx_word' id='word_1_116' title='bbox 993 1518 1160 1573; x_wconf 75' lang='lat' dir='ltr'><strong>stellte</strong></span> <span class='ocrx_word' id='word_1_117' title='bbox 1204 1520 1259 1574; x_wconf 86' lang='lat' dir='ltr'><strong>in</strong></span> <span class='ocrx_word' id='word_1_118' title='bbox 1311 1522 1696 1590; x_wconf 83' lang='lat' dir='ltr'><strong>perpetuum&quot;.</strong></span> <span class='ocrx_word' id='word_1_119' title='bbox 1730 1521 1823 1578; x_wconf 86' lang='lat' dir='ltr'><strong>Sic</strong></span> 
     </span>
    </p>
   </div>
   <div class='ocr_carea' id='block_1_17' title="bbox 239 1603 1821 1679">
    <p class='ocr_par' dir='ltr' id='par_1_17' title="bbox 239 1603 1821 1679">
     <span class='ocr_line' id='line_1_17' title="bbox 239 1603 1821 1679; baseline 0.011 -25"><span class='ocrx_word' id='word_1_120' title='bbox 239 1603 425 1671; x_wconf 86' lang='lat' dir='ltr'><strong>itaque</strong></span> <span class='ocrx_word' id='word_1_121' title='bbox 459 1622 487 1659; x_wconf 88' lang='lat' dir='ltr'><strong>a</strong></span> <span class='ocrx_word' id='word_1_122' title='bbox 518 1606 722 1663; x_wconf 76' lang='lat' dir='ltr'><strong>saeculo</strong></span> <span class='ocrx_word' id='word_1_123' title='bbox 752 1617 807 1663; x_wconf 91' lang='lat' dir='ltr'><strong>et</strong></span> <span class='ocrx_word' id='word_1_124' title='bbox 840 1624 1014 1679; x_wconf 90' lang='lat' dir='ltr'><strong>usque</strong></span> <span class='ocrx_word' id='word_1_125' title='bbox 1059 1610 1112 1665; x_wconf 91' lang='lat' dir='ltr'><strong>in</strong></span> <span class='ocrx_word' id='word_1_126' title='bbox 1166 1621 1432 1667; x_wconf 60' lang='lat' dir='ltr'><strong>aeternum</strong></span> <span class='ocrx_word' id='word_1_127' title='bbox 1479 1626 1658 1670; x_wconf 82' lang='lat' dir='ltr'><strong>astant</strong></span> <span class='ocrx_word' id='word_1_128' title='bbox 1706 1616 1821 1669; x_wconf 91' lang='lat' dir='ltr'><strong>sin-</strong></span> 
     </span>
    </p>
   </div>
   <div class='ocr_carea' id='block_1_18' title="bbox 235 1694 1817 1775">
    <p class='ocr_par' dir='ltr' id='par_1_18' title="bbox 235 1694 1817 1775">
     <span class='ocr_line' id='line_1_18' title="bbox 235 1694 1817 1775; baseline 0.009 -28"><span class='ocrx_word' id='word_1_129' title='bbox 235 1694 361 1765; x_wconf 86' lang='lat' dir='ltr'><strong>gula</strong></span> <span class='ocrx_word' id='word_1_130' title='bbox 414 1695 681 1754; x_wconf 80' lang='lat' dir='ltr'><strong>beneﬁcia</strong></span> <span class='ocrx_word' id='word_1_131' title='bbox 735 1702 1073 1771; x_wconf 82' lang='lat' dir='ltr'><strong>operationis</strong></span> <span class='ocrx_word' id='word_1_132' title='bbox 1119 1704 1357 1771; x_wconf 87' lang='lat' dir='ltr'><strong>Domini,</strong></span> <span class='ocrx_word' id='word_1_133' title='bbox 1414 1722 1534 1775; x_wconf 84' lang='lat' dir='ltr'><strong>quae</strong></span> <span class='ocrx_word' id='word_1_134' title='bbox 1588 1708 1641 1761; x_wconf 88' lang='lat' dir='ltr'><strong>in</strong></span> <span class='ocrx_word' id='word_1_135' title='bbox 1673 1709 1817 1762; x_wconf 90' lang='lat' dir='ltr'><strong>omni</strong></span> 
     </span>
    </p>
   </div>
   <div class='ocr_carea' id='block_1_19' title="bbox 1933 507 3514 580">
    <p class='ocr_par' dir='ltr' id='par_1_19' title="bbox 1933 507 3514 580">
     <span class='ocr_line' id='line_1_19' title="bbox 1933 507 3514 580; baseline 0.003 -21"><span class='ocrx_word' id='word_1_136' title='bbox 1933 507 2057 560; x_wconf 89' lang='lat' dir='ltr'><strong>est?</strong></span> <span class='ocrx_word' id='word_1_137' title='bbox 2085 507 2368 574; x_wconf 84' lang='lat' dir='ltr'><strong>Quomodo</strong></span> <span class='ocrx_word' id='word_1_138' title='bbox 2396 509 2613 563; x_wconf 80' lang='lat' dir='ltr'><strong>veniret</strong></span> <span class='ocrx_word' id='word_1_139' title='bbox 2640 509 2706 560; x_wconf 92' lang='lat' dir='ltr'><strong>ad</strong></span> <span class='ocrx_word' id='word_1_140' title='bbox 2741 507 2910 561; x_wconf 81' lang='lat' dir='ltr'><strong>ctelos</strong></span> <span class='ocrx_word' id='word_1_141' title='bbox 2945 509 2990 561; x_wconf 90' lang='lat' dir='ltr'><strong>is</strong></span> <span class='ocrx_word' id='word_1_142' title='bbox 3022 508 3112 577; x_wconf 89' lang='lat' dir='ltr'><strong>qui</strong></span> <span class='ocrx_word' id='word_1_143' title='bbox 3141 523 3247 561; x_wconf 89' lang='lat' dir='ltr'><strong>non</strong></span> <span class='ocrx_word' id='word_1_144' title='bbox 3276 518 3362 563; x_wconf 90' lang='lat' dir='ltr'><strong>est</strong></span> <span class='ocrx_word' id='word_1_145' title='bbox 3389 525 3514 580; x_wconf 85' lang='lat' dir='ltr'><strong>per-</strong></span> 
     </span>
    </p>
   </div>
   <div class='ocr_carea' id='block_1_20' title="bbox 1932 597 3513 667">
    <p class='ocr_par' dir='ltr' id='par_1_20' title="bbox 1932 597 3513 667">
     <span class='ocr_line' id='line_1_20' title="bbox 1932 597 3513 667; baseline 0.004 -17"><span class='ocrx_word' id='word_1_146' title='bbox 1932 597 2132 651; x_wconf 91' lang='lat' dir='ltr'><strong>missus</strong></span> <span class='ocrx_word' id='word_1_147' title='bbox 2180 598 2406 651; x_wconf 82' lang='lat' dir='ltr'><strong>introire</strong></span> <span class='ocrx_word' id='word_1_148' title='bbox 2463 598 2513 651; x_wconf 88' lang='lat' dir='ltr'><strong>in</strong></span> <span class='ocrx_word' id='word_1_149' title='bbox 2562 599 2914 667; x_wconf 85' lang='lat' dir='ltr'><strong>paradisum?</strong></span> <span class='ocrx_word' id='word_1_150' title='bbox 2947 597 3004 653; x_wconf 89' lang='lat' dir='ltr'><strong>Si</strong></span> <span class='ocrx_word' id='word_1_151' title='bbox 3036 599 3181 652; x_wconf 88' lang='lat' dir='ltr'><strong>enint</strong></span> <span class='ocrx_word' id='word_1_152' title='bbox 3212 600 3278 654; x_wconf 91' lang='lat' dir='ltr'><strong>ad</strong></span> <span class='ocrx_word' id='word_1_153' title='bbox 3308 601 3513 657; x_wconf 89' lang='lat' dir='ltr'><strong>ostium</strong></span> 
     </span>
    </p>
   </div>
   <div class='ocr_carea' id='block_1_21' title="bbox 1930 691 3513 762">
    <p class='ocr_par' dir='ltr' id='par_1_21' title="bbox 1930 691 3513 762">
     <span class='ocr_line' id='line_1_21' title="bbox 1930 691 3513 762; baseline 0.004 -19"><span class='ocrx_word' id='word_1_154' title='bbox 1930 691 2171 762; x_wconf 82' lang='lat' dir='ltr'><strong>paradisi</strong></span> <span class='ocrx_word' id='word_1_155' title='bbox 2226 692 2628 746; x_wconf 87' lang='lat' dir='ltr'><strong>observandum</strong></span> <span class='ocrx_word' id='word_1_156' title='bbox 2678 693 2963 747; x_wconf 88' lang='lat' dir='ltr'><strong>clterttbim</strong></span> <span class='ocrx_word' id='word_1_157' title='bbox 3029 693 3238 762; x_wconf 89' lang='lat' dir='ltr'><strong>positus</strong></span> <span class='ocrx_word' id='word_1_158' title='bbox 3292 701 3398 759; x_wconf 86' lang='lat' dir='ltr'><strong>est,</strong></span> <span class='ocrx_word' id='word_1_159' title='bbox 3454 701 3513 750; x_wconf 76' lang='lat' dir='ltr'><strong>et</strong></span> 
     </span>
    </p>
   </div>
   <div class='ocr_carea' id='block_1_22' title="bbox 1930 783 3509 854">
    <p class='ocr_par' dir='ltr' id='par_1_22' title="bbox 1930 783 3509 854">
     <span class='ocr_line' id='line_1_22' title="bbox 1930 783 3509 854; baseline 0.001 -17"><span class='ocrx_word' id='word_1_160' title='bbox 1930 784 2241 853; x_wconf 75' lang='lat' dir='ltr'><strong>rhompltaea</strong></span> <span class='ocrx_word' id='word_1_161' title='bbox 2290 784 2560 850; x_wconf 82' lang='lat' dir='ltr'><strong>ﬂammea,</strong></span> <span class='ocrx_word' id='word_1_162' title='bbox 2602 794 2660 837; x_wconf 87' lang='lat' dir='ltr'><strong>ut</strong></span> <span class='ocrx_word' id='word_1_163' title='bbox 2696 785 2860 839; x_wconf 87' lang='lat' dir='ltr'><strong>homo</strong></span> <span class='ocrx_word' id='word_1_164' title='bbox 2895 783 2981 838; x_wconf 90' lang='lat' dir='ltr'><strong>illc</strong></span> <span class='ocrx_word' id='word_1_165' title='bbox 3009 786 3101 854; x_wconf 88' lang='lat' dir='ltr'><strong>qui</strong></span> <span class='ocrx_word' id='word_1_166' title='bbox 3137 784 3334 839; x_wconf 81' lang='lat' dir='ltr'><strong>exinde</strong></span> <span class='ocrx_word' id='word_1_167' title='bbox 3380 784 3509 839; x_wconf 89' lang='lat' dir='ltr'><strong>olim</strong></span> 
     </span>
    </p>
   </div>
   <div class='ocr_carea' id='block_1_23' title="bbox 1931 875 3503 946">
    <p class='ocr_par' dir='ltr' id='par_1_23' title="bbox 1931 875 3503 946">
     <span class='ocr_line' id='line_1_23' title="bbox 1931 875 3503 946; baseline 0.003 -17"><span class='ocrx_word' id='word_1_168' title='bbox 1931 876 2148 941; x_wconf 81' lang='lat' dir='ltr'><strong>cecidit,</strong></span> <span class='ocrx_word' id='word_1_169' title='bbox 2194 875 2245 930; x_wconf 93' lang='lat' dir='ltr'><strong>id</strong></span> <span class='ocrx_word' id='word_1_170' title='bbox 2297 886 2381 930; x_wconf 88' lang='lat' dir='ltr'><strong>est</strong></span> <span class='ocrx_word' id='word_1_171' title='bbox 2434 877 2630 941; x_wconf 84' lang='lat' dir='ltr'><strong>Adam,</strong></span> <span class='ocrx_word' id='word_1_172' title='bbox 2660 876 2799 931; x_wconf 90' lang='lat' dir='ltr'><strong>ultra</strong></span> <span class='ocrx_word' id='word_1_173' title='bbox 2857 878 3079 931; x_wconf 88' lang='lat' dir='ltr'><strong>introire</strong></span> <span class='ocrx_word' id='word_1_174' title='bbox 3122 893 3229 932; x_wconf 91' lang='lat' dir='ltr'><strong>non</strong></span> <span class='ocrx_word' id='word_1_175' title='bbox 3280 886 3503 946; x_wconf 85' lang='lat' dir='ltr'><strong>posset:</strong></span> 
     </span>
    </p>
   </div>
   <div class='ocr_carea' id='block_1_24' title="bbox 1929 970 3505 1039">
    <p class='ocr_par' dir='ltr' id='par_1_24' title="bbox 1929 970 3505 1039">
     <span class='ocr_line' id='line_1_24' title="bbox 1929 970 3505 1039; baseline 0.005 -19"><span class='ocrx_word' id='word_1_176' title='bbox 1929 970 2118 1039; x_wconf 84' lang='lat' dir='ltr'><strong>quales</strong></span> <span class='ocrx_word' id='word_1_177' title='bbox 2148 977 2398 1039; x_wconf 83' lang='lat' dir='ltr'><strong>putamus</strong></span> <span class='ocrx_word' id='word_1_178' title='bbox 2437 985 2555 1024; x_wconf 89' lang='lat' dir='ltr'><strong>esse</strong></span> <span class='ocrx_word' id='word_1_179' title='bbox 2588 980 2805 1024; x_wconf 87' lang='lat' dir='ltr'><strong>sanctas</strong></span> <span class='ocrx_word' id='word_1_180' title='bbox 2852 970 3166 1039; x_wconf 81' lang='lat' dir='ltr'><strong>angelorum</strong></span> <span class='ocrx_word' id='word_1_181' title='bbox 3201 973 3505 1039; x_wconf 87' lang='lat' dir='ltr'><strong>custodias,</strong></span> 
     </span>
    </p>
   </div>
   <div class='ocr_carea' id='block_1_25' title="bbox 1929 1061 3507 1133">
    <p class='ocr_par' dir='ltr' id='par_1_25' title="bbox 1929 1061 3507 1133">
     <span class='ocr_line' id='line_1_25' title="bbox 1929 1061 3507 1133; baseline 0.004 -19"><span class='ocrx_word' id='word_1_182' title='bbox 1929 1062 2271 1132; x_wconf 82' lang='lat' dir='ltr'><strong>virtutesque</strong></span> <span class='ocrx_word' id='word_1_183' title='bbox 2321 1061 2609 1126; x_wconf 73' lang='lat' dir='ltr'><strong>caelorum,</strong></span> <span class='ocrx_word' id='word_1_184' title='bbox 2636 1077 2757 1130; x_wconf 84' lang='lat' dir='ltr'><strong>quae</strong></span> <span class='ocrx_word' id='word_1_185' title='bbox 2808 1062 3124 1117; x_wconf 89' lang='lat' dir='ltr'><strong>custodiunt</strong></span> <span class='ocrx_word' id='word_1_186' title='bbox 3152 1074 3334 1133; x_wconf 88' lang='lat' dir='ltr'><strong>portas</strong></span> <span class='ocrx_word' id='word_1_187' title='bbox 3360 1065 3507 1133; x_wconf 88' lang='lat' dir='ltr'><strong>illas,</strong></span> 
     </span>
    </p>
   </div>
   <div class='ocr_carea' id='block_1_26' title="bbox 1928 1155 3506 1226">
    <p class='ocr_par' dir='ltr' id='par_1_26' title="bbox 1928 1155 3506 1226">
     <span class='ocr_line' id='line_1_26' title="bbox 1928 1155 3506 1226; baseline 0.004 -19"><span class='ocrx_word' id='word_1_188' title='bbox 1928 1155 1994 1210; x_wconf 90' lang='lat' dir='ltr'><strong>ad</strong></span> <span class='ocrx_word' id='word_1_189' title='bbox 2025 1171 2158 1223; x_wconf 86' lang='lat' dir='ltr'><strong>quas</strong></span> <span class='ocrx_word' id='word_1_190' title='bbox 2184 1155 2384 1210; x_wconf 90' lang='lat' dir='ltr'><strong>dictum</strong></span> <span class='ocrx_word' id='word_1_191' title='bbox 2416 1166 2528 1212; x_wconf 86' lang='lat' dir='ltr'><strong>est:</strong></span> <span class='ocrx_word' id='word_1_192' title='bbox 2550 1156 2739 1209; x_wconf 84' lang='lat' dir='ltr'><strong>Tollite</strong></span> <span class='ocrx_word' id='word_1_193' title='bbox 2758 1166 2959 1223; x_wconf 83' lang='lat' dir='ltr'><strong>portas,</strong></span> <span class='ocrx_word' id='word_1_194' title='bbox 2986 1157 3266 1226; x_wconf 84' lang='lat' dir='ltr'><strong>principes,</strong></span> <span class='ocrx_word' id='word_1_195' title='bbox 3284 1171 3506 1226; x_wconf 68' lang='lat' dir='ltr'><strong>vestras,</strong></span> 
     </span>
    </p>
   </div>
   <div class='ocr_carea' id='block_1_27' title="bbox 1926 1248 3507 1319">
    <p class='ocr_par' dir='ltr' id='par_1_27' title="bbox 1926 1248 3507 1319">
     <span class='ocr_line' id='line_1_27' title="bbox 1926 1248 3507 1319; baseline 0.003 -17"><span class='ocrx_word' id='word_1_196' title='bbox 1926 1257 1979 1302; x_wconf 90' lang='lat' dir='ltr'><strong>et</strong></span> <span class='ocrx_word' id='word_1_197' title='bbox 2006 1259 2058 1299; x_wconf 88' lang='lat' dir='ltr'><strong>ut</strong></span> <span class='ocrx_word' id='word_1_198' title='bbox 2093 1249 2318 1301; x_wconf 88' lang='lat' dir='ltr'><strong>introeat</strong></span> <span class='ocrx_word' id='word_1_199' title='bbox 2338 1265 2429 1303; x_wconf 70' lang='lat' dir='ltr'><strong>rex</strong></span> <span class='ocrx_word' id='word_1_200' title='bbox 2463 1248 2643 1319; x_wconf 75' lang='lat' dir='ltr'><strong>gloria:</strong></span> <span class='ocrx_word' id='word_1_201' title='bbox 2663 1248 2745 1303; x_wconf 69' lang='lat'><strong>’3?</strong></span> <span class='ocrx_word' id='word_1_202' title='bbox 2778 1263 2912 1318; x_wconf 83' lang='lat' dir='ltr'><strong>quas</strong></span> <span class='ocrx_word' id='word_1_203' title='bbox 2947 1253 3180 1304; x_wconf 90' lang='lat' dir='ltr'><strong>transire</strong></span> <span class='ocrx_word' id='word_1_204' title='bbox 3209 1252 3290 1305; x_wconf 90' lang='lat' dir='ltr'><strong>vel</strong></span> <span class='ocrx_word' id='word_1_205' title='bbox 3328 1264 3507 1306; x_wconf 83' lang='lat' dir='ltr'><strong>trans—</strong></span> 
     </span>
    </p>
   </div>
   <div class='ocr_carea' id='block_1_28' title="bbox 1926 1338 3508 1413">
    <p class='ocr_par' dir='ltr' id='par_1_28' title="bbox 1926 1338 3508 1413">
     <span class='ocr_line' id='line_1_28' title="bbox 1926 1338 3508 1413; baseline 0.004 -21"><span class='ocrx_word' id='word_1_206' title='bbox 1926 1338 2076 1409; x_wconf 83' lang='lat' dir='ltr'><strong>gredi</strong></span> <span class='ocrx_word' id='word_1_207' title='bbox 2132 1341 2200 1394; x_wconf 82' lang='lat' dir='ltr'><strong>ad</strong></span> <span class='ocrx_word' id='word_1_208' title='bbox 2261 1341 2457 1394; x_wconf 71' lang='lat' dir='ltr'><strong>crelum</strong></span> <span class='ocrx_word' id='word_1_209' title='bbox 2500 1341 2835 1410; x_wconf 90' lang='lat' dir='ltr'><strong>nequissimo</strong></span> <span class='ocrx_word' id='word_1_210' title='bbox 2893 1342 3113 1397; x_wconf 83' lang='lat' dir='ltr'><strong>diabolo</strong></span> <span class='ocrx_word' id='word_1_211' title='bbox 3173 1343 3508 1413; x_wconf 79' lang='lat' dir='ltr'><strong>impossibile</strong></span> 
     </span>
    </p>
   </div>
   <div class='ocr_carea' id='block_1_29' title="bbox 1926 1433 3503 1504">
    <p class='ocr_par' dir='ltr' id='par_1_29' title="bbox 1926 1433 3503 1504">
     <span class='ocr_line' id='line_1_29' title="bbox 1926 1433 3503 1504; baseline 0.004 -17"><span class='ocrx_word' id='word_1_212' title='bbox 1926 1442 2065 1498; x_wconf 90' lang='lat' dir='ltr'><strong>erat,</strong></span> <span class='ocrx_word' id='word_1_213' title='bbox 2097 1441 2151 1486; x_wconf 90' lang='lat' dir='ltr'><strong>et</strong></span> <span class='ocrx_word' id='word_1_214' title='bbox 2184 1442 2287 1487; x_wconf 91' lang='lat' dir='ltr'><strong>est.</strong></span> <span class='ocrx_word' id='word_1_215' title='bbox 2316 1433 2447 1487; x_wconf 87' lang='lat' dir='ltr'><strong>Nam</strong></span> <span class='ocrx_word' id='word_1_216' title='bbox 2485 1448 2605 1487; x_wconf 88' lang='lat' dir='ltr'><strong>cunt</strong></span> <span class='ocrx_word' id='word_1_217' title='bbox 2636 1434 2703 1489; x_wconf 91' lang='lat' dir='ltr'><strong>de</strong></span> <span class='ocrx_word' id='word_1_218' title='bbox 2731 1434 2886 1489; x_wconf 76' lang='lat' dir='ltr'><strong>caelis</strong></span> <span class='ocrx_word' id='word_1_219' title='bbox 2916 1443 3135 1504; x_wconf 83' lang='lat' dir='ltr'><strong>prOpter</strong></span> <span class='ocrx_word' id='word_1_220' title='bbox 3162 1436 3503 1504; x_wconf 89' lang='lat' dir='ltr'><strong>iniquitatem</strong></span> 
     </span>
    </p>
   </div>
   <div class='ocr_carea' id='block_1_30' title="bbox 1926 1525 3497 1596">
    <p class='ocr_par' dir='ltr' id='par_1_30' title="bbox 1926 1525 3497 1596">
     <span class='ocr_line' id='line_1_30' title="bbox 1926 1525 3497 1596; baseline 0.003 -17"><span class='ocrx_word' id='word_1_221' title='bbox 1926 1525 2231 1590; x_wconf 87' lang='lat' dir='ltr'><strong>ceciderit,</strong></span> <span class='ocrx_word' id='word_1_222' title='bbox 2288 1542 2566 1596; x_wconf 90' lang='lat' dir='ltr'><strong>nunquam</strong></span> <span class='ocrx_word' id='word_1_223' title='bbox 2632 1542 2820 1581; x_wconf 85' lang='lat' dir='ltr'><strong>rursus</strong></span> <span class='ocrx_word' id='word_1_224' title='bbox 2866 1528 3117 1583; x_wconf 88' lang='lat' dir='ltr'><strong>introibit</strong></span> <span class='ocrx_word' id='word_1_225' title='bbox 3162 1527 3216 1582; x_wconf 90' lang='lat' dir='ltr'><strong>itt</strong></span> <span class='ocrx_word' id='word_1_226' title='bbox 3283 1528 3497 1589; x_wconf 72' lang='lat' dir='ltr'><strong>etclam.</strong></span> 
     </span>
    </p>
   </div>
   <div class='ocr_carea' id='block_1_31' title="bbox 1926 1614 3504 1682">
    <p class='ocr_par' dir='ltr' id='par_1_31' title="bbox 1926 1614 3504 1682">
     <span class='ocr_line' id='line_1_31' title="bbox 1926 1614 3504 1682; baseline 0.005 -16"><span class='ocrx_word' id='word_1_227' title='bbox 1926 1627 2203 1682; x_wconf 86' lang='lat' dir='ltr'><strong>nunquam</strong></span> <span class='ocrx_word' id='word_1_228' title='bbox 2241 1614 2419 1667; x_wconf 89' lang='lat' dir='ltr'><strong>denuo</strong></span> <span class='ocrx_word' id='word_1_229' title='bbox 2450 1624 2756 1669; x_wconf 80' lang='lat' dir='ltr'><strong>revertetur</strong></span> <span class='ocrx_word' id='word_1_230' title='bbox 2808 1618 2871 1670; x_wconf 91' lang='lat' dir='ltr'><strong>ad</strong></span> <span class='ocrx_word' id='word_1_231' title='bbox 2921 1616 3072 1672; x_wconf 92' lang='lat' dir='ltr'><strong>illud.</strong></span> <span class='ocrx_word' id='word_1_232' title='bbox 3119 1616 3175 1672; x_wconf 89' lang='lat' dir='ltr'><strong>Si</strong></span> <span class='ocrx_word' id='word_1_233' title='bbox 3234 1619 3378 1672; x_wconf 91' lang='lat' dir='ltr'><strong>enim</strong></span> <span class='ocrx_word' id='word_1_234' title='bbox 3434 1621 3504 1674; x_wconf 89' lang='lat' dir='ltr'><strong>ad</strong></span> 
     </span>
    </p>
   </div>
   <div class='ocr_carea' id='block_1_32' title="bbox 1926 1706 3502 1776">
    <p class='ocr_par' dir='ltr' id='par_1_32' title="bbox 1926 1706 3502 1776">
     <span class='ocr_line' id='line_1_32' title="bbox 1926 1706 3502 1776; baseline 0.003 -16"><span class='ocrx_word' id='word_1_235' title='bbox 1926 1706 2120 1776; x_wconf 89' lang='lat' dir='ltr'><strong>impios</strong></span> <span class='ocrx_word' id='word_1_236' title='bbox 2157 1717 2322 1776; x_wconf 88' lang='lat' dir='ltr'><strong>atque</strong></span> <span class='ocrx_word' id='word_1_237' title='bbox 2352 1706 2649 1762; x_wconf 89' lang='lat' dir='ltr'><strong>sceleratos</strong></span> <span class='ocrx_word' id='word_1_238' title='bbox 2684 1709 2816 1763; x_wconf 86' lang='lat' dir='ltr'><strong>dicit</strong></span> <span class='ocrx_word' id='word_1_239' title='bbox 2851 1710 3011 1775; x_wconf 85' lang='lat' dir='ltr'><strong>Deus,</strong></span> <span class='ocrx_word' id='word_1_240' title='bbox 3048 1708 3271 1763; x_wconf 88' lang='lat' dir='ltr'><strong>Calcare</strong></span> <span class='ocrx_word' id='word_1_241' title='bbox 3320 1712 3502 1765; x_wconf 86' lang='lat' dir='ltr'><strong>aulam</strong></span> 
     </span>
    </p>
   </div>
   <div class='ocr_carea' id='block_1_33' title="bbox 238 1791 3501 1872">
    <p class='ocr_par' dir='ltr' id='par_1_33' title="bbox 238 1791 3501 1872">
     <span class='ocr_line' id='line_1_33' title="bbox 238 1791 3501 1872; baseline 0.005 -33"><span class='ocrx_word' id='word_1_242' title='bbox 238 1798 482 1858; x_wconf 90' lang='lat' dir='ltr'><strong>tempore</strong></span> <span class='ocrx_word' id='word_1_243' title='bbox 512 1791 756 1861; x_wconf 89' lang='lat' dir='ltr'><strong>impertit</strong></span> <span class='ocrx_word' id='word_1_244' title='bbox 785 1794 913 1849; x_wconf 89' lang='lat' dir='ltr'><strong>llliis</strong></span> <span class='ocrx_word' id='word_1_245' title='bbox 946 1795 1251 1865; x_wconf 89' lang='lat' dir='ltr'><strong>hominum,</strong></span> <span class='ocrx_word' id='word_1_246' title='bbox 1283 1800 1621 1869; x_wconf 87' lang='lat' dir='ltr'><strong>conlitenlia,</strong></span> <span class='ocrx_word' id='word_1_247' title='bbox 1653 1812 1820 1872; x_wconf 88' lang='lat' dir='ltr'><strong>atque</strong></span> <span class='ocrx_word' id='word_1_248' title='bbox 1851 1793 1895 1851; x_wconf 86' lang='grc' dir='ltr'>Β</span> <span class='ocrx_word' id='word_1_249' title='bbox 1924 1815 2094 1853; x_wconf 87' lang='lat' dir='ltr'><strong>meam</strong></span> <span class='ocrx_word' id='word_1_250' title='bbox 2142 1816 2244 1852; x_wconf 88' lang='lat' dir='ltr'><strong>non</strong></span> <span class='ocrx_word' id='word_1_251' title='bbox 2281 1800 2565 1869; x_wconf 80' lang='lat' dir='ltr'><strong>adjicietis,</strong></span> <span class='ocrx_word' id='word_1_252' title='bbox 2604 1815 2782 1854; x_wconf 91' lang='lat' dir='ltr'><strong>nonne</strong></span> <span class='ocrx_word' id='word_1_253' title='bbox 2831 1800 3002 1855; x_wconf 91' lang='lat' dir='ltr'><strong>multo</strong></span> <span class='ocrx_word' id='word_1_254' title='bbox 3046 1803 3220 1870; x_wconf 88' lang='lat' dir='ltr'><strong>magis</strong></span> <span class='ocrx_word' id='word_1_255' title='bbox 3252 1802 3501 1856; x_wconf 84' lang='lat' dir='ltr'><strong>diabolus</strong></span> 
     </span>
    </p>
   </div>
   <div class='ocr_carea' id='block_1_34' title="bbox 234 1882 1812 1958">
    <p class='ocr_par' dir='ltr' id='par_1_34' title="bbox 234 1882 1812 1958">
     <span class='ocr_line' id='line_1_34' title="bbox 234 1882 1812 1958; baseline 0.01 -24"><span class='ocrx_word' id='word_1_256' title='bbox 234 1882 567 1949; x_wconf 83' lang='lat' dir='ltr'><strong>invocantia,</strong></span> <span class='ocrx_word' id='word_1_257' title='bbox 596 1897 650 1940; x_wconf 91' lang='lat' dir='ltr'><strong>et</strong></span> <span class='ocrx_word' id='word_1_258' title='bbox 681 1888 887 1956; x_wconf 80' lang='lat' dir='ltr'><strong>gratias</strong></span> <span class='ocrx_word' id='word_1_259' title='bbox 912 1891 1127 1958; x_wconf 78' lang='lat' dir='ltr'><strong>agentia</strong></span> <span class='ocrx_word' id='word_1_260' title='bbox 1149 1891 1470 1945; x_wconf 89' lang='lat' dir='ltr'><strong>beatitudini</strong></span> <span class='ocrx_word' id='word_1_261' title='bbox 1490 1895 1678 1948; x_wconf 80' lang='lat' dir='ltr'><strong>aeterni</strong></span> <span class='ocrx_word' id='word_1_262' title='bbox 1697 1895 1812 1950; x_wconf 92' lang='lat' dir='ltr'><strong>Dei.</strong></span> 
     </span>
    </p>
   </div>
   <div class='ocr_carea' id='block_1_35' title="bbox 234 1971 1816 2043">
    <p class='ocr_par' dir='ltr' id='par_1_35' title="bbox 234 1971 1816 2043">
     <span class='ocr_line' id='line_1_35' title="bbox 234 1971 1816 2043; baseline 0.009 -15"><span class='ocrx_word' id='word_1_263' title='bbox 234 1971 347 2029; x_wconf 87' lang='lat' dir='ltr'><strong>Sed</strong></span> <span class='ocrx_word' id='word_1_264' title='bbox 404 1975 623 2031; x_wconf 87' lang='lat' dir='ltr'><strong>interim</strong></span> <span class='ocrx_word' id='word_1_265' title='bbox 678 1983 980 2035; x_wconf 88' lang='lat' dir='ltr'><strong>secundum</strong></span> <span class='ocrx_word' id='word_1_266' title='bbox 1034 1981 1321 2036; x_wconf 87' lang='lat' dir='ltr'><strong>historiam</strong></span> <span class='ocrx_word' id='word_1_267' title='bbox 1372 1992 1642 2039; x_wconf 91' lang='lat' dir='ltr'><strong>steterunt</strong></span> <span class='ocrx_word' id='word_1_268' title='bbox 1688 1994 1816 2043; x_wconf 90' lang='lat' dir='ltr'><strong>tunc</strong></span> 
     </span>
    </p>
   </div>
   <div class='ocr_carea' id='block_1_36' title="bbox 233 2066 1817 2147">
    <p class='ocr_par' dir='ltr' id='par_1_36' title="bbox 233 2066 1817 2147">
     <span class='ocr_line' id='line_1_36' title="bbox 233 2066 1817 2147; baseline 0.009 -27"><span class='ocrx_word' id='word_1_269' title='bbox 233 2076 364 2120; x_wconf 86' lang='lat' dir='ltr'><strong>ante</strong></span> <span class='ocrx_word' id='word_1_270' title='bbox 400 2066 568 2122; x_wconf 85' lang='lat' dir='ltr'><strong>Deum</strong></span> <span class='ocrx_word' id='word_1_271' title='bbox 602 2071 784 2140; x_wconf 81' lang='lat' dir='ltr'><strong>angeli</strong></span> <span class='ocrx_word' id='word_1_272' title='bbox 816 2073 1158 2141; x_wconf 82' lang='lat' dir='ltr'><strong>conﬁtentes,</strong></span> <span class='ocrx_word' id='word_1_273' title='bbox 1194 2082 1247 2129; x_wconf 90' lang='lat' dir='ltr'><strong>et</strong></span> <span class='ocrx_word' id='word_1_274' title='bbox 1276 2075 1479 2145; x_wconf 76' lang='lat' dir='ltr'><strong>gratias</strong></span> <span class='ocrx_word' id='word_1_275' title='bbox 1507 2077 1555 2129; x_wconf 91' lang='lat' dir='ltr'><strong>ei</strong></span> <span class='ocrx_word' id='word_1_276' title='bbox 1593 2086 1817 2147; x_wconf 89' lang='lat' dir='ltr'><strong>agentes</strong></span> 
     </span>
    </p>
   </div>
   <div class='ocr_carea' id='block_1_37' title="bbox 233 2162 1814 2238">
    <p class='ocr_par' dir='ltr' id='par_1_37' title="bbox 233 2162 1814 2238">
     <span class='ocr_line' id='line_1_37' title="bbox 233 2162 1814 2238; baseline 0.009 -27"><span class='ocrx_word' id='word_1_277' title='bbox 233 2168 461 2229; x_wconf 86' lang='lat' dir='ltr'><strong>propter</strong></span> <span class='ocrx_word' id='word_1_278' title='bbox 502 2162 854 2217; x_wconf 87' lang='lat' dir='ltr'><strong>sanctitatem</strong></span> <span class='ocrx_word' id='word_1_279' title='bbox 910 2162 1035 2231; x_wconf 89' lang='lat' dir='ltr'><strong>Job,</strong></span> <span class='ocrx_word' id='word_1_280' title='bbox 1084 2178 1150 2220; x_wconf 89' lang='lat' dir='ltr'><strong>ac</strong></span> <span class='ocrx_word' id='word_1_281' title='bbox 1200 2167 1481 2234; x_wconf 87' lang='lat' dir='ltr'><strong>meritum,</strong></span> <span class='ocrx_word' id='word_1_282' title='bbox 1544 2168 1814 2238; x_wconf 89' lang='lat' dir='ltr'><strong>justitiam</strong></span> 
     </span>
    </p>
   </div>
   <div class='ocr_carea' id='block_1_38' title="bbox 231 2254 1816 2331">
    <p class='ocr_par' dir='ltr' id='par_1_38' title="bbox 231 2254 1816 2331">
     <span class='ocr_line' id='line_1_38' title="bbox 231 2254 1816 2331; baseline 0.009 -28"><span class='ocrx_word' id='word_1_283' title='bbox 231 2266 476 2321; x_wconf 85' lang='lat' dir='ltr'><strong>quoque,</strong></span> <span class='ocrx_word' id='word_1_284' title='bbox 512 2268 575 2307; x_wconf 91' lang='lat' dir='ltr'><strong>ac</strong></span> <span class='ocrx_word' id='word_1_285' title='bbox 607 2254 886 2321; x_wconf 89' lang='lat' dir='ltr'><strong>pietatem,</strong></span> <span class='ocrx_word' id='word_1_286' title='bbox 921 2256 1291 2313; x_wconf 87' lang='lat' dir='ltr'><strong>innocentiam</strong></span> <span class='ocrx_word' id='word_1_287' title='bbox 1337 2268 1505 2330; x_wconf 92' lang='lat' dir='ltr'><strong>atque</strong></span> <span class='ocrx_word' id='word_1_288' title='bbox 1532 2261 1816 2331; x_wconf 89' lang='lat' dir='ltr'><strong>integrita-</strong></span> 
     </span>
    </p>
   </div>
   <div class='ocr_carea' id='block_1_39' title="bbox 234 2345 1811 2420">
    <p class='ocr_par' dir='ltr' id='par_1_39' title="bbox 234 2345 1811 2420">
     <span class='ocr_line' id='line_1_39' title="bbox 234 2345 1811 2420; baseline 0.01 -24"><span class='ocrx_word' id='word_1_289' title='bbox 234 2353 371 2409; x_wconf 85' lang='lat' dir='ltr'><strong>tem,</strong></span> <span class='ocrx_word' id='word_1_290' title='bbox 415 2345 709 2401; x_wconf 79' lang='lat' dir='ltr'><strong>maximam</strong></span> <span class='ocrx_word' id='word_1_291' title='bbox 750 2347 853 2403; x_wconf 91' lang='lat' dir='ltr'><strong>sibi</strong></span> <span class='ocrx_word' id='word_1_292' title='bbox 883 2347 1111 2418; x_wconf 90' lang='lat' dir='ltr'><strong>gloriam</strong></span> <span class='ocrx_word' id='word_1_293' title='bbox 1146 2361 1459 2420; x_wconf 89' lang='lat' dir='ltr'><strong>repulantes</strong></span> <span class='ocrx_word' id='word_1_294' title='bbox 1488 2363 1614 2410; x_wconf 89' lang='lat' dir='ltr'><strong>ante</strong></span> <span class='ocrx_word' id='word_1_295' title='bbox 1646 2355 1811 2411; x_wconf 91' lang='lat' dir='ltr'><strong>Deum</strong></span> 
     </span>
    </p>
   </div>
   <div class='ocr_carea' id='block_1_40' title="bbox 232 2435 1814 2515">
    <p class='ocr_par' dir='ltr' id='par_1_40' title="bbox 232 2435 1814 2515">
     <span class='ocr_line' id='line_1_40' title="bbox 232 2435 1814 2515; baseline 0.007 -25"><span class='ocrx_word' id='word_1_296' title='bbox 232 2435 377 2490; x_wconf 85' lang='lat' dir='ltr'><strong>beati</strong></span> <span class='ocrx_word' id='word_1_297' title='bbox 401 2435 505 2491; x_wconf 91' lang='lat' dir='ltr'><strong>Job</strong></span> <span class='ocrx_word' id='word_1_298' title='bbox 538 2439 913 2493; x_wconf 89' lang='lat' dir='ltr'><strong>innocentiam</strong></span> <span class='ocrx_word' id='word_1_299' title='bbox 949 2449 1111 2511; x_wconf 90' lang='lat' dir='ltr'><strong>atque</strong></span> <span class='ocrx_word' id='word_1_300' title='bbox 1140 2443 1510 2499; x_wconf 86' lang='lat' dir='ltr'><strong>sanctitatem.</strong></span> <span class='ocrx_word' id='word_1_301' title='bbox 1535 2445 1640 2500; x_wconf 92' lang='lat' dir='ltr'><strong>Sed</strong></span> <span class='ocrx_word' id='word_1_302' title='bbox 1671 2447 1814 2515; x_wconf 91' lang='lat' dir='ltr'><strong>quod</strong></span> 
     </span>
    </p>
   </div>
   <div class='ocr_carea' id='block_1_41' title="bbox 230 2529 1816 2606">
    <p class='ocr_par' dir='ltr' id='par_1_41' title="bbox 230 2529 1816 2606">
     <span class='ocr_line' id='line_1_41' title="bbox 230 2529 1816 2606; baseline 0.008 -26"><span class='ocrx_word' id='word_1_303' title='bbox 230 2543 332 2598; x_wconf 92' lang='lat' dir='ltr'><strong>pro</strong></span> <span class='ocrx_word' id='word_1_304' title='bbox 357 2529 556 2596; x_wconf 84' lang='lat' dir='ltr'><strong>gaudio</strong></span> <span class='ocrx_word' id='word_1_305' title='bbox 591 2538 750 2599; x_wconf 86' lang='lat' dir='ltr'><strong>atque</strong></span> <span class='ocrx_word' id='word_1_306' title='bbox 783 2531 957 2601; x_wconf 90' lang='lat' dir='ltr'><strong>gloria</strong></span> <span class='ocrx_word' id='word_1_307' title='bbox 987 2536 1194 2589; x_wconf 89' lang='lat' dir='ltr'><strong>sanctis</strong></span> <span class='ocrx_word' id='word_1_308' title='bbox 1222 2534 1448 2606; x_wconf 89' lang='lat' dir='ltr'><strong>angelis,</strong></span> <span class='ocrx_word' id='word_1_309' title='bbox 1485 2536 1589 2592; x_wconf 89' lang='lat' dir='ltr'><strong>boe</strong></span> <span class='ocrx_word' id='word_1_310' title='bbox 1620 2537 1816 2593; x_wconf 91' lang='lat' dir='ltr'><strong>nihilo-</strong></span> 
     </span>
    </p>
   </div>
   <div class='ocr_carea' id='block_1_42' title="bbox 230 2621 1813 2701">
    <p class='ocr_par' dir='ltr' id='par_1_42' title="bbox 230 2621 1813 2701">
     <span class='ocr_line' id='line_1_42' title="bbox 230 2621 1813 2701; baseline 0.01 -29"><span class='ocrx_word' id='word_1_311' title='bbox 230 2621 413 2677; x_wconf 89' lang='lat' dir='ltr'><strong>minus</strong></span> <span class='ocrx_word' id='word_1_312' title='bbox 434 2622 500 2675; x_wconf 91' lang='lat' dir='ltr'><strong>ad</strong></span> <span class='ocrx_word' id='word_1_313' title='bbox 535 2622 1018 2683; x_wconf 81' lang='lat' dir='ltr'><strong>inﬂammationem</strong></span> <span class='ocrx_word' id='word_1_314' title='bbox 1045 2638 1209 2696; x_wconf 90' lang='lat' dir='ltr'><strong>atque</strong></span> <span class='ocrx_word' id='word_1_315' title='bbox 1241 2628 1416 2683; x_wconf 89' lang='lat' dir='ltr'><strong>zelum</strong></span> <span class='ocrx_word' id='word_1_316' title='bbox 1449 2632 1669 2701; x_wconf 82' lang='lat' dir='ltr'><strong>prolicit</strong></span> <span class='ocrx_word' id='word_1_317' title='bbox 1695 2649 1813 2687; x_wconf 86' lang='lat' dir='ltr'><strong>ma-</strong></span> 
     </span>
    </p>
   </div>
   <div class='ocr_carea' id='block_1_43' title="bbox 228 2709 1814 2790">
    <p class='ocr_par' dir='ltr' id='par_1_43' title="bbox 228 2709 1814 2790">
     <span class='ocr_line' id='line_1_43' title="bbox 228 2709 1814 2790; baseline 0.01 -26"><span class='ocrx_word' id='word_1_318' title='bbox 228 2709 378 2781; x_wconf 84' lang='lat' dir='ltr'><strong>ligno</strong></span> <span class='ocrx_word' id='word_1_319' title='bbox 414 2723 471 2768; x_wconf 90' lang='lat' dir='ltr'><strong>et</strong></span> <span class='ocrx_word' id='word_1_320' title='bbox 498 2715 818 2772; x_wconf 86' lang='lat' dir='ltr'><strong>adversario</strong></span> <span class='ocrx_word' id='word_1_321' title='bbox 874 2719 1111 2775; x_wconf 90' lang='lat' dir='ltr'><strong>diabolo.</strong></span> <span class='ocrx_word' id='word_1_322' title='bbox 1143 2719 1440 2790; x_wconf 84' lang='lat' dir='ltr'><strong>Pmpterea</strong></span> <span class='ocrx_word' id='word_1_323' title='bbox 1494 2738 1618 2778; x_wconf 91' lang='lat' dir='ltr'><strong>cum</strong></span> <span class='ocrx_word' id='word_1_324' title='bbox 1666 2726 1814 2780; x_wconf 83' lang='lat' dir='ltr'><strong>veni-</strong></span> 
     </span>
    </p>
   </div>
   <div class='ocr_carea' id='block_1_44' title="bbox 228 2807 1812 2886">
    <p class='ocr_par' dir='ltr' id='par_1_44' title="bbox 228 2807 1812 2886">
     <span class='ocr_line' id='line_1_44' title="bbox 228 2807 1812 2886; baseline 0.012 -29"><span class='ocrx_word' id='word_1_325' title='bbox 228 2814 356 2859; x_wconf 85' lang='lat' dir='ltr'><strong>rent</strong></span> <span class='ocrx_word' id='word_1_326' title='bbox 403 2807 577 2877; x_wconf 87' lang='lat' dir='ltr'><strong>angeli</strong></span> <span class='ocrx_word' id='word_1_327' title='bbox 626 2809 832 2878; x_wconf 87' lang='lat' dir='ltr'><strong>gratias</strong></span> <span class='ocrx_word' id='word_1_328' title='bbox 881 2826 1064 2884; x_wconf 86' lang='lat' dir='ltr'><strong>agere,</strong></span> <span class='ocrx_word' id='word_1_329' title='bbox 1113 2829 1179 2869; x_wconf 91' lang='lat' dir='ltr'><strong>ac</strong></span> <span class='ocrx_word' id='word_1_330' title='bbox 1227 2815 1478 2871; x_wconf 80' lang='lat' dir='ltr'><strong>confiteri</strong></span> <span class='ocrx_word' id='word_1_331' title='bbox 1520 2832 1621 2886; x_wconf 93' lang='lat' dir='ltr'><strong>pro</strong></span> <span class='ocrx_word' id='word_1_332' title='bbox 1666 2818 1812 2885; x_wconf 90' lang='lat' dir='ltr'><strong>justo</strong></span> 
     </span>
    </p>
   </div>
   <div class='ocr_carea' id='block_1_45' title="bbox 224 2896 1813 2976">
    <p class='ocr_par' dir='ltr' id='par_1_45' title="bbox 224 2896 1813 2976">
     <span class='ocr_line' id='line_1_45' title="bbox 224 2896 1813 2976; baseline 0.01 -26"><span class='ocrx_word' id='word_1_333' title='bbox 224 2896 351 2960; x_wconf 86' lang='lat' dir='ltr'><strong>Job,</strong></span> <span class='ocrx_word' id='word_1_334' title='bbox 381 2900 531 2955; x_wconf 82' lang='lat' dir='ltr'><strong>venit</strong></span> <span class='ocrx_word' id='word_1_335' title='bbox 559 2900 810 2959; x_wconf 90' lang='lat' dir='ltr'><strong>diabolus</strong></span> <span class='ocrx_word' id='word_1_336' title='bbox 832 2904 1174 2975; x_wconf 82' lang='lat' dir='ltr'><strong>malignitate</strong></span> <span class='ocrx_word' id='word_1_337' title='bbox 1199 2917 1364 2976; x_wconf 90' lang='lat' dir='ltr'><strong>atque</strong></span> <span class='ocrx_word' id='word_1_338' title='bbox 1388 2907 1813 2966; x_wconf 82' lang='lat' dir='ltr'><strong>inﬂammatione</strong></span> 
     </span>
    </p>
   </div>
   <div class='ocr_carea' id='block_1_46' title="bbox 228 2989 1813 3058">
    <p class='ocr_par' dir='ltr' id='par_1_46' title="bbox 228 2989 1813 3058">
     <span class='ocr_line' id='line_1_46' title="bbox 228 2989 1813 3058; baseline 0.01 -17"><span class='ocrx_word' id='word_1_339' title='bbox 228 2989 475 3058; x_wconf 88' lang='lat' dir='ltr'><strong>repletus</strong></span> <span class='ocrx_word' id='word_1_340' title='bbox 529 2992 796 3051; x_wconf 87' lang='lat' dir='ltr'><strong>adversus</strong></span> <span class='ocrx_word' id='word_1_341' title='bbox 844 3006 1209 3052; x_wconf 87' lang='lat' dir='ltr'><strong>memoratum</strong></span> <span class='ocrx_word' id='word_1_342' title='bbox 1269 2998 1393 3055; x_wconf 90' lang='lat' dir='ltr'><strong>Job.</strong></span> <span class='ocrx_word' id='word_1_343' title='bbox 1458 2999 1813 3058; x_wconf 77' lang='lat' dir='ltr'><strong>Venientibus</strong></span> 
     </span>
    </p>
   </div>
   <div class='ocr_carea' id='block_1_47' title="bbox 226 3082 1812 3156">
    <p class='ocr_par' dir='ltr' id='par_1_47' title="bbox 226 3082 1812 3156">
     <span class='ocr_line' id='line_1_47' title="bbox 226 3082 1812 3156; baseline 0.009 -23"><span class='ocrx_word' id='word_1_344' title='bbox 226 3082 486 3138; x_wconf 81' lang='lat' dir='ltr'><strong>videlicet</strong></span> <span class='ocrx_word' id='word_1_345' title='bbox 524 3086 755 3156; x_wconf 86' lang='lat' dir='ltr'><strong>angelis,</strong></span> <span class='ocrx_word' id='word_1_346' title='bbox 797 3091 949 3143; x_wconf 81' lang='lat' dir='ltr'><strong>venit</strong></span> <span class='ocrx_word' id='word_1_347' title='bbox 998 3096 1054 3145; x_wconf 89' lang='lat' dir='ltr'><strong>et</strong></span> <span class='ocrx_word' id='word_1_348' title='bbox 1086 3089 1337 3146; x_wconf 89' lang='lat' dir='ltr'><strong>diabolus</strong></span> <span class='ocrx_word' id='word_1_349' title='bbox 1388 3098 1448 3145; x_wconf 92' lang='lat' dir='ltr'><strong>ut</strong></span> <span class='ocrx_word' id='word_1_350' title='bbox 1491 3101 1662 3147; x_wconf 87' lang='lat' dir='ltr'><strong>staret</strong></span> <span class='ocrx_word' id='word_1_351' title='bbox 1686 3103 1812 3148; x_wconf 89' lang='lat' dir='ltr'><strong>ante</strong></span> 
     </span>
    </p>
   </div>
   <div class='ocr_carea' id='block_1_48' title="bbox 228 3177 1812 3261">
    <p class='ocr_par' dir='ltr' id='par_1_48' title="bbox 228 3177 1812 3261">
     <span class='ocr_line' id='line_1_48' title="bbox 228 3177 1812 3261; baseline 0.008 -28"><span class='ocrx_word' id='word_1_352' title='bbox 228 3177 542 3233; x_wconf 89' lang='lat' dir='ltr'><strong>Dominum.</strong></span> <span class='ocrx_word' id='word_1_353' title='bbox 584 3182 773 3253; x_wconf 85' lang='lat' dir='ltr'><strong>Angeli</strong></span> <span class='ocrx_word' id='word_1_354' title='bbox 807 3194 1077 3240; x_wconf 89' lang='lat' dir='ltr'><strong>venerunt</strong></span> <span class='ocrx_word' id='word_1_355' title='bbox 1135 3197 1195 3241; x_wconf 90' lang='lat' dir='ltr'><strong>ttt</strong></span> <span class='ocrx_word' id='word_1_356' title='bbox 1246 3188 1448 3258; x_wconf 87' lang='lat' dir='ltr'><strong>gratias</strong></span> <span class='ocrx_word' id='word_1_357' title='bbox 1483 3199 1723 3261; x_wconf 87' lang='lat' dir='ltr'><strong>agerent,</strong></span> <span class='ocrx_word' id='word_1_358' title='bbox 1758 3199 1812 3245; x_wconf 90' lang='lat' dir='ltr'><strong>et</strong></span> 
     </span>
    </p>
   </div>
   <div class='ocr_carea' id='block_1_49' title="bbox 226 3277 1813 3349">
    <p class='ocr_par' dir='ltr' id='par_1_49' title="bbox 226 3277 1813 3349">
     <span class='ocr_line' id='line_1_49' title="bbox 226 3277 1813 3349; baseline 0.008 -16"><span class='ocrx_word' id='word_1_359' title='bbox 226 3277 647 3349; x_wconf 82' lang='lat' dir='ltr'><strong>conﬁterentur,</strong></span> <span class='ocrx_word' id='word_1_360' title='bbox 684 3294 741 3338; x_wconf 89' lang='lat' dir='ltr'><strong>et</strong></span> <span class='ocrx_word' id='word_1_361' title='bbox 772 3282 1103 3339; x_wconf 89' lang='lat' dir='ltr'><strong>laudarent:</strong></span> <span class='ocrx_word' id='word_1_362' title='bbox 1135 3285 1387 3343; x_wconf 90' lang='lat' dir='ltr'><strong>diabolus</strong></span> <span class='ocrx_word' id='word_1_363' title='bbox 1423 3303 1551 3344; x_wconf 89' lang='lat' dir='ltr'><strong>vero</strong></span> <span class='ocrx_word' id='word_1_364' title='bbox 1586 3291 1732 3345; x_wconf 84' lang='lat' dir='ltr'><strong>venit</strong></span> <span class='ocrx_word' id='word_1_365' title='bbox 1755 3302 1813 3346; x_wconf 87' lang='lat' dir='ltr'><strong>ut</strong></span> 
     </span>
    </p>
   </div>
   <div class='ocr_carea' id='block_1_50' title="bbox 229 3374 1813 3449">
    <p class='ocr_par' dir='ltr' id='par_1_50' title="bbox 229 3374 1813 3449">
     <span class='ocr_line' id='line_1_50' title="bbox 229 3374 1813 3449; baseline 0.008 -22"><span class='ocrx_word' id='word_1_366' title='bbox 229 3374 579 3441; x_wconf 89' lang='lat' dir='ltr'><strong>mentiretur,</strong></span> <span class='ocrx_word' id='word_1_367' title='bbox 624 3384 679 3430; x_wconf 92' lang='lat' dir='ltr'><strong>et</strong></span> <span class='ocrx_word' id='word_1_368' title='bbox 718 3386 1223 3448; x_wconf 75' lang='lat' dir='ltr'><strong>accusaret,.atque</strong></span> <span class='ocrx_word' id='word_1_369' title='bbox 1254 3379 1521 3449; x_wconf 92' lang='lat' dir='ltr'><strong>culparet.</strong></span> <span class='ocrx_word' id='word_1_370' title='bbox 1577 3382 1641 3436; x_wconf 87' lang='lat' dir='ltr'><strong>Et</strong></span> <span class='ocrx_word' id='word_1_371' title='bbox 1687 3399 1813 3439; x_wconf 89' lang='lat' dir='ltr'><strong>vere</strong></span> 
     </span>
    </p>
   </div>
   <div class='ocr_carea' id='block_1_51' title="bbox 228 3462 1810 3539">
    <p class='ocr_par' dir='ltr' id='par_1_51' title="bbox 228 3462 1810 3539">
     <span class='ocr_line' id='line_1_51' title="bbox 228 3462 1810 3539; baseline 0.008 -24"><span class='ocrx_word' id='word_1_372' title='bbox 228 3464 383 3530; x_wconf 88' lang='lat' dir='ltr'><strong>quasi</strong></span> <span class='ocrx_word' id='word_1_373' title='bbox 412 3462 629 3519; x_wconf 88' lang='lat' dir='ltr'><strong>duabus</strong></span> <span class='ocrx_word' id='word_1_374' title='bbox 658 3468 907 3535; x_wconf 91' lang='lat' dir='ltr'><strong>personis</strong></span> <span class='ocrx_word' id='word_1_375' title='bbox 937 3476 1096 3522; x_wconf 90' lang='lat' dir='ltr'><strong>utens</strong></span> <span class='ocrx_word' id='word_1_376' title='bbox 1125 3468 1438 3539; x_wconf 90' lang='lat' dir='ltr'><strong>angelorum</strong></span> <span class='ocrx_word' id='word_1_377' title='bbox 1487 3480 1543 3525; x_wconf 92' lang='lat' dir='ltr'><strong>et</strong></span> <span class='ocrx_word' id='word_1_378' title='bbox 1584 3473 1810 3539; x_wconf 89' lang='lat' dir='ltr'><strong>diaboli,</strong></span> 
     </span>
    </p>
   </div>
   <div class='ocr_carea' id='block_1_52' title="bbox 229 3555 1812 3624">
    <p class='ocr_par' dir='ltr' id='par_1_52' title="bbox 229 3555 1812 3624">
     <span class='ocr_line' id='line_1_52' title="bbox 229 3555 1812 3624; baseline 0.006 -17"><span class='ocrx_word' id='word_1_379' title='bbox 229 3555 543 3624; x_wconf 83' lang='lat' dir='ltr'><strong>angelorum</strong></span> <span class='ocrx_word' id='word_1_380' title='bbox 573 3571 704 3612; x_wconf 90' lang='lat' dir='ltr'><strong>sane</strong></span> <span class='ocrx_word' id='word_1_381' title='bbox 754 3558 1052 3612; x_wconf 89' lang='lat' dir='ltr'><strong>bonitatem</strong></span> <span class='ocrx_word' id='word_1_382' title='bbox 1087 3559 1352 3624; x_wconf 91' lang='lat' dir='ltr'><strong>ostendit,</strong></span> <span class='ocrx_word' id='word_1_383' title='bbox 1381 3571 1432 3612; x_wconf 87' lang='lat' dir='ltr'><strong>et</strong></span> <span class='ocrx_word' id='word_1_384' title='bbox 1466 3560 1665 3617; x_wconf 90' lang='lat' dir='ltr'><strong>diaboli</strong></span> <span class='ocrx_word' id='word_1_385' title='bbox 1715 3579 1812 3617; x_wconf 84' lang='lat' dir='ltr'><strong>ne-</strong></span> 
     </span>
    </p>
   </div>
   <div class='ocr_carea' id='block_1_53' title="bbox 229 3648 1813 3722">
    <p class='ocr_par' dir='ltr' id='par_1_53' title="bbox 229 3648 1813 3722">
     <span class='ocr_line' id='line_1_53' title="bbox 229 3648 1813 3722; baseline 0.005 -21"><span class='ocrx_word' id='word_1_386' title='bbox 229 3648 460 3718; x_wconf 81' lang='lat' dir='ltr'><strong>quitiam</strong></span> <span class='ocrx_word' id='word_1_387' title='bbox 510 3650 809 3720; x_wconf 86' lang='lat' dir='ltr'><strong>redarguit,</strong></span> <span class='ocrx_word' id='word_1_388' title='bbox 835 3660 999 3719; x_wconf 86' lang='lat' dir='ltr'><strong>atque</strong></span> <span class='ocrx_word' id='word_1_389' title='bbox 1048 3650 1416 3720; x_wconf 80' lang='lat' dir='ltr'><strong>aequissimas</strong></span> <span class='ocrx_word' id='word_1_390' title='bbox 1448 3653 1813 3722; x_wconf 86' lang='lat' dir='ltr'><strong>cogitationes</strong></span> 
     </span>
    </p>
   </div>
   <div class='ocr_carea' id='block_1_54' title="bbox 226 3741 1809 3817">
    <p class='ocr_par' dir='ltr' id='par_1_54' title="bbox 226 3741 1809 3817">
     <span class='ocr_line' id='line_1_54' title="bbox 226 3741 1809 3817; baseline 0.003 -23"><span class='ocrx_word' id='word_1_391' title='bbox 226 3741 348 3808; x_wconf 84' lang='lat' dir='ltr'><strong>cjus</strong></span> <span class='ocrx_word' id='word_1_392' title='bbox 374 3742 593 3811; x_wconf 85' lang='lat' dir='ltr'><strong>detegit,</strong></span> <span class='ocrx_word' id='word_1_393' title='bbox 620 3745 819 3813; x_wconf 86' lang='lat' dir='ltr'><strong>quibus</strong></span> <span class='ocrx_word' id='word_1_394' title='bbox 866 3744 1119 3815; x_wconf 86' lang='lat' dir='ltr'><strong>nequiter</strong></span> <span class='ocrx_word' id='word_1_395' title='bbox 1150 3755 1312 3813; x_wconf 89' lang='lat' dir='ltr'><strong>atque</strong></span> <span class='ocrx_word' id='word_1_396' title='bbox 1345 3744 1569 3815; x_wconf 86' lang='lat' dir='ltr'><strong>indigne</strong></span> <span class='ocrx_word' id='word_1_397' title='bbox 1599 3748 1809 3817; x_wconf 87' lang='lat' dir='ltr'><strong>cogita-</strong></span> 
     </span>
    </p>
   </div>
   <div class='ocr_carea' id='block_1_55' title="bbox 227 3834 1810 3907">
    <p class='ocr_par' dir='ltr' id='par_1_55' title="bbox 227 3834 1810 3907">
     <span class='ocr_line' id='line_1_55' title="bbox 227 3834 1810 3907; baseline 0.004 -20"><span class='ocrx_word' id='word_1_398' title='bbox 227 3834 308 3890; x_wconf 88' lang='lat' dir='ltr'><strong>vit</strong></span> <span class='ocrx_word' id='word_1_399' title='bbox 347 3835 489 3903; x_wconf 82' lang='lat' dir='ltr'><strong>apud</strong></span> <span class='ocrx_word' id='word_1_400' title='bbox 528 3838 877 3905; x_wconf 90' lang='lat' dir='ltr'><strong>semetipsum</strong></span> <span class='ocrx_word' id='word_1_401' title='bbox 904 3837 1097 3907; x_wconf 85' lang='lat' dir='ltr'><strong>procul</strong></span> <span class='ocrx_word' id='word_1_402' title='bbox 1143 3837 1304 3892; x_wconf 90' lang='lat' dir='ltr'><strong>dubio</strong></span> <span class='ocrx_word' id='word_1_403' title='bbox 1338 3847 1599 3904; x_wconf 89' lang='lat' dir='ltr'><strong>tractans,</strong></span> <span class='ocrx_word' id='word_1_404' title='bbox 1632 3854 1697 3893; x_wconf 92' lang='lat' dir='ltr'><strong>ac</strong></span> <span class='ocrx_word' id='word_1_405' title='bbox 1726 3840 1810 3894; x_wconf 76' lang='lat' dir='ltr'><strong>di-</strong></span> 
     </span>
    </p>
   </div>
   <div class='ocr_carea' id='block_1_56' title="bbox 228 3928 1809 3999">
    <p class='ocr_par' dir='ltr' id='par_1_56' title="bbox 228 3928 1809 3999">
     <span class='ocr_line' id='line_1_56' title="bbox 228 3928 1809 3999; baseline 0.001 -15"><span class='ocrx_word' id='word_1_406' title='bbox 228 3944 362 3984; x_wconf 89' lang='lat' dir='ltr'><strong>cens</strong></span> <span class='ocrx_word' id='word_1_407' title='bbox 394 3946 409 3984; x_wconf 89' lang='lat'><strong>:</strong></span> <span class='ocrx_word' id='word_1_408' title='bbox 444 3928 574 3995; x_wconf 86' lang='lat' dir='ltr'><strong>Quis</strong></span> <span class='ocrx_word' id='word_1_409' title='bbox 618 3929 749 3982; x_wconf 85' lang='lat' dir='ltr'><strong>mihi</strong></span> <span class='ocrx_word' id='word_1_410' title='bbox 787 3930 938 3983; x_wconf 88' lang='lat' dir='ltr'><strong>dabit</strong></span> <span class='ocrx_word' id='word_1_411' title='bbox 988 3939 1047 3983; x_wconf 90' lang='lat' dir='ltr'><strong>ut</strong></span> <span class='ocrx_word' id='word_1_412' title='bbox 1074 3930 1277 3999; x_wconf 91' lang='lat' dir='ltr'><strong>possim</strong></span> <span class='ocrx_word' id='word_1_413' title='bbox 1306 3931 1495 3985; x_wconf 90' lang='lat' dir='ltr'><strong>venire</strong></span> <span class='ocrx_word' id='word_1_414' title='bbox 1529 3940 1657 3985; x_wconf 87' lang='lat' dir='ltr'><strong>ante</strong></span> <span class='ocrx_word' id='word_1_415' title='bbox 1679 3947 1809 3986; x_wconf 85' lang='lat' dir='ltr'><strong>con-</strong></span> 
     </span>
    </p>
   </div>
   <div class='ocr_carea' id='block_1_57' title="bbox 227 4021 1807 4092">
    <p class='ocr_par' dir='ltr' id='par_1_57' title="bbox 227 4021 1807 4092">
     <span class='ocr_line' id='line_1_57' title="bbox 227 4021 1807 4092; baseline 0.003 -17"><span class='ocrx_word' id='word_1_416' title='bbox 227 4030 476 4091; x_wconf 87' lang='lat' dir='ltr'><strong>spectum</strong></span> <span class='ocrx_word' id='word_1_417' title='bbox 520 4021 653 4077; x_wconf 87' lang='lat' dir='ltr'><strong>Dei?</strong></span> <span class='ocrx_word' id='word_1_418' title='bbox 684 4022 817 4088; x_wconf 86' lang='lat' dir='ltr'><strong>Quis</strong></span> <span class='ocrx_word' id='word_1_419' title='bbox 843 4021 971 4075; x_wconf 92' lang='lat' dir='ltr'><strong>mihi</strong></span> <span class='ocrx_word' id='word_1_420' title='bbox 1014 4022 1163 4077; x_wconf 90' lang='lat' dir='ltr'><strong>dabit</strong></span> <span class='ocrx_word' id='word_1_421' title='bbox 1187 4022 1466 4092; x_wconf 89' lang='lat' dir='ltr'><strong>utpossim</strong></span> <span class='ocrx_word' id='word_1_422' title='bbox 1504 4031 1651 4076; x_wconf 90' lang='lat' dir='ltr'><strong>stare</strong></span> <span class='ocrx_word' id='word_1_423' title='bbox 1680 4033 1807 4079; x_wconf 85' lang='lat' dir='ltr'><strong>ante</strong></span> 
     </span>
    </p>
   </div>
   <div class='ocr_carea' id='block_1_58' title="bbox 227 4114 1808 4182">
    <p class='ocr_par' dir='ltr' id='par_1_58' title="bbox 227 4114 1808 4182">
     <span class='ocr_line' id='line_1_58' title="bbox 227 4114 1808 4182; baseline -0.001 -14"><span class='ocrx_word' id='word_1_424' title='bbox 227 4116 428 4170; x_wconf 82' lang='lat' dir='ltr'><strong>faciem</strong></span> <span class='ocrx_word' id='word_1_425' title='bbox 478 4114 624 4170; x_wconf 90' lang='lat' dir='ltr'><strong>illius</strong></span> <span class='ocrx_word' id='word_1_426' title='bbox 668 4114 896 4169; x_wconf 69' lang='lat' dir='ltr'><strong>aeterni?</strong></span> <span class='ocrx_word' id='word_1_427' title='bbox 943 4115 1097 4169; x_wconf 88' lang='lat' dir='ltr'><strong>Hanc</strong></span> <span class='ocrx_word' id='word_1_428' title='bbox 1159 4115 1371 4169; x_wconf 88' lang='lat' dir='ltr'><strong>scilicet</strong></span> <span class='ocrx_word' id='word_1_429' title='bbox 1425 4114 1808 4182; x_wconf 84' lang='lat' dir='ltr'><strong>cogitationem</strong></span> 
     </span>
    </p>
   </div>
   <div class='ocr_carea' id='block_1_59' title="bbox 230 4206 1809 4279">
    <p class='ocr_par' dir='ltr' id='par_1_59' title="bbox 230 4206 1809 4279">
     <span class='ocr_line' id='line_1_59' title="bbox 230 4206 1809 4279; baseline -0.001 -16"><span class='ocrx_word' id='word_1_430' title='bbox 230 4209 450 4274; x_wconf 86' lang='lat' dir='ltr'><strong>diaboli,</strong></span> <span class='ocrx_word' id='word_1_431' title='bbox 479 4218 533 4263; x_wconf 87' lang='lat' dir='ltr'><strong>et</strong></span> <span class='ocrx_word' id='word_1_432' title='bbox 569 4209 743 4279; x_wconf 91' lang='lat' dir='ltr'><strong>ipsum</strong></span> <span class='ocrx_word' id='word_1_433' title='bbox 784 4206 899 4275; x_wconf 84' lang='lat' dir='ltr'><strong>ejus</strong></span> <span class='ocrx_word' id='word_1_434' title='bbox 930 4209 1287 4272; x_wconf 69' lang='lat' dir='ltr'><strong>desiderium,</strong></span> <span class='ocrx_word' id='word_1_435' title='bbox 1322 4207 1478 4276; x_wconf 89' lang='lat' dir='ltr'><strong>quasi</strong></span> <span class='ocrx_word' id='word_1_436' title='bbox 1513 4208 1809 4261; x_wconf 89' lang='lat' dir='ltr'><strong>adventum</strong></span> 
     </span>
    </p>
   </div>
   <div class='ocr_carea' id='block_1_60' title="bbox 229 4300 1809 4372">
    <p class='ocr_par' dir='ltr' id='par_1_60' title="bbox 229 4300 1809 4372">
     <span class='ocr_line' id='line_1_60' title="bbox 229 4300 1809 4372; baseline -0.001 -17"><span class='ocrx_word' id='word_1_437' title='bbox 229 4318 545 4357; x_wconf 87' lang='lat' dir='ltr'><strong>memorans</strong></span> <span class='ocrx_word' id='word_1_438' title='bbox 594 4303 861 4372; x_wconf 88' lang='lat' dir='ltr'><strong>scriptor,</strong></span> <span class='ocrx_word' id='word_1_439' title='bbox 913 4302 1084 4355; x_wconf 89' lang='lat' dir='ltr'><strong>dicit:</strong></span> <span class='ocrx_word' id='word_1_440' title='bbox 1118 4300 1186 4354; x_wconf 88' lang='lat' dir='ltr'><strong>Et</strong></span> <span class='ocrx_word' id='word_1_441' title='bbox 1245 4300 1490 4353; x_wconf 78' lang='lat' dir='ltr'><strong>diabolus</strong></span> <span class='ocrx_word' id='word_1_442' title='bbox 1553 4300 1691 4353; x_wconf 81' lang='lat' dir='ltr'><strong>venit</strong></span> <span class='ocrx_word' id='word_1_443' title='bbox 1752 4308 1809 4353; x_wconf 90' lang='lat' dir='ltr'><strong>ut</strong></span> 
     </span>
    </p>
   </div>
   <div class='ocr_carea' id='block_1_61' title="bbox 225 4391 1813 4462">
    <p class='ocr_par' dir='ltr' id='par_1_61' title="bbox 225 4391 1813 4462">
     <span class='ocr_line' id='line_1_61' title="bbox 225 4391 1813 4462; baseline -0.003 -12"><span class='ocrx_word' id='word_1_444' title='bbox 225 4406 395 4450; x_wconf 81' lang='lat' dir='ltr'><strong>staret</strong></span> <span class='ocrx_word' id='word_1_445' title='bbox 443 4405 562 4449; x_wconf 88' lang='lat' dir='ltr'><strong>ante</strong></span> <span class='ocrx_word' id='word_1_446' title='bbox 615 4394 894 4449; x_wconf 89' lang='lat' dir='ltr'><strong>Dominum</strong></span> <span class='ocrx_word' id='word_1_447' title='bbox 910 4394 978 4447; x_wconf 87' lang='grc'><strong>⁷⁷.</strong></span> <span class='ocrx_word' id='word_1_448' title='bbox 1016 4391 1199 4458; x_wconf 77' lang='lat' dir='ltr'><strong>Venit,</strong></span> <span class='ocrx_word' id='word_1_449' title='bbox 1230 4392 1324 4448; x_wconf 89' lang='lat' dir='ltr'><strong>sed</strong></span> <span class='ocrx_word' id='word_1_450' title='bbox 1353 4406 1458 4445; x_wconf 89' lang='lat' dir='ltr'><strong>non</strong></span> <span class='ocrx_word' id='word_1_451' title='bbox 1490 4392 1541 4446; x_wconf 93' lang='lat' dir='ltr'><strong>in</strong></span> <span class='ocrx_word' id='word_1_452' title='bbox 1575 4407 1813 4462; x_wconf 60' lang='lat' dir='ltr'><strong>praesen-</strong></span> 
     </span>
    </p>
   </div>
   <div class='ocr_carea' id='block_1_62' title="bbox 1924 1892 3501 1961">
    <p class='ocr_par' dir='ltr' id='par_1_62' title="bbox 1924 1892 3501 1961">
     <span class='ocr_line' id='line_1_62' title="bbox 1924 1892 3501 1961; baseline 0.003 -17"><span class='ocrx_word' id='word_1_453' title='bbox 1924 1892 2014 1961; x_wconf 93' lang='lat' dir='ltr'><strong>qui</strong></span> <span class='ocrx_word' id='word_1_454' title='bbox 2067 1902 2150 1945; x_wconf 91' lang='lat' dir='ltr'><strong>est</strong></span> <span class='ocrx_word' id='word_1_455' title='bbox 2204 1893 2366 1945; x_wconf 90' lang='lat' dir='ltr'><strong>totius</strong></span> <span class='ocrx_word' id='word_1_456' title='bbox 2397 1892 2698 1960; x_wconf 84' lang='lat' dir='ltr'><strong>iniquitatis</strong></span> <span class='ocrx_word' id='word_1_457' title='bbox 2733 1904 2943 1956; x_wconf 89' lang='lat' dir='ltr'><strong>auctor,</strong></span> <span class='ocrx_word' id='word_1_458' title='bbox 2977 1902 3033 1949; x_wconf 88' lang='lat' dir='ltr'><strong>et</strong></span> <span class='ocrx_word' id='word_1_459' title='bbox 3063 1895 3239 1947; x_wconf 91' lang='lat' dir='ltr'><strong>omnis</strong></span> <span class='ocrx_word' id='word_1_460' title='bbox 3278 1894 3501 1949; x_wconf 90' lang='lat' dir='ltr'><strong>sceleris</strong></span> 
     </span>
    </p>
   </div>
   <div class='ocr_carea' id='block_1_63' title="bbox 1919 1984 3498 2055">
    <p class='ocr_par' dir='ltr' id='par_1_63' title="bbox 1919 1984 3498 2055">
     <span class='ocr_line' id='line_1_63' title="bbox 1919 1984 3498 2055; baseline 0.001 -18"><span class='ocrx_word' id='word_1_461' title='bbox 1919 1993 2076 2055; x_wconf 89' lang='lat' dir='ltr'><strong>pater</strong></span> <span class='ocrx_word' id='word_1_462' title='bbox 2126 1992 2289 2054; x_wconf 89' lang='lat' dir='ltr'><strong>atque</strong></span> <span class='ocrx_word' id='word_1_463' title='bbox 2323 1984 2597 2048; x_wconf 88' lang='lat' dir='ltr'><strong>inventor,</strong></span> <span class='ocrx_word' id='word_1_464' title='bbox 2629 1984 2697 2037; x_wconf 89' lang='lat' dir='ltr'><strong>ad</strong></span> <span class='ocrx_word' id='word_1_465' title='bbox 2741 1984 3018 2039; x_wconf 72' lang='lat' dir='ltr'><strong>cmicstem</strong></span> <span class='ocrx_word' id='word_1_466' title='bbox 3064 1984 3238 2038; x_wconf 84' lang='lat' dir='ltr'><strong>aulam</strong></span> <span class='ocrx_word' id='word_1_467' title='bbox 3276 2001 3343 2040; x_wconf 84' lang='lat' dir='ltr'><strong>ex</strong></span> <span class='ocrx_word' id='word_1_468' title='bbox 3394 2001 3498 2054; x_wconf 92' lang='lat' dir='ltr'><strong>qua</strong></span> 
     </span>
    </p>
   </div>
   <div class='ocr_carea' id='block_1_64' title="bbox 1921 2077 3505 2148">
    <p class='ocr_par' dir='ltr' id='par_1_64' title="bbox 1921 2077 3505 2148">
     <span class='ocr_line' id='line_1_64' title="bbox 1921 2077 3505 2148; baseline 0 -17"><span class='ocrx_word' id='word_1_469' title='bbox 1921 2084 2112 2146; x_wconf 90' lang='lat' dir='ltr'><strong>sponte</strong></span> <span class='ocrx_word' id='word_1_470' title='bbox 2138 2077 2355 2141; x_wconf 87' lang='lat' dir='ltr'><strong>cecidit,</strong></span> <span class='ocrx_word' id='word_1_471' title='bbox 2392 2092 2665 2145; x_wconf 90' lang='lat' dir='ltr'><strong>nunquam</strong></span> <span class='ocrx_word' id='word_1_472' title='bbox 2695 2080 2891 2130; x_wconf 89' lang='lat' dir='ltr'><strong>iterum</strong></span> <span class='ocrx_word' id='word_1_473' title='bbox 2921 2078 3200 2144; x_wconf 90' lang='lat' dir='ltr'><strong>ascendet,</strong></span> <span class='ocrx_word' id='word_1_474' title='bbox 3222 2092 3505 2148; x_wconf 82' lang='lat' dir='ltr'><strong>nunquam</strong></span> 
     </span>
    </p>
   </div>
   <div class='ocr_carea' id='block_1_65' title="bbox 1923 2166 3497 2238">
    <p class='ocr_par' dir='ltr' id='par_1_65' title="bbox 1923 2166 3497 2238">
     <span class='ocr_line' id='line_1_65' title="bbox 1923 2166 3497 2238; baseline 0.001 -15"><span class='ocrx_word' id='word_1_475' title='bbox 1923 2169 2102 2223; x_wconf 89' lang='lat' dir='ltr'><strong>denuo</strong></span> <span class='ocrx_word' id='word_1_476' title='bbox 2133 2168 2477 2223; x_wconf 80' lang='lat' dir='ltr'><strong>revertetur?</strong></span> <span class='ocrx_word' id='word_1_477' title='bbox 2508 2166 2562 2223; x_wconf 88' lang='lat' dir='ltr'><strong>Si</strong></span> <span class='ocrx_word' id='word_1_478' title='bbox 2597 2168 2742 2223; x_wconf 89' lang='lat' dir='ltr'><strong>enim</strong></span> <span class='ocrx_word' id='word_1_479' title='bbox 2788 2169 3011 2238; x_wconf 89' lang='lat' dir='ltr'><strong>spiritus</strong></span> <span class='ocrx_word' id='word_1_480' title='bbox 3063 2169 3251 2223; x_wconf 81' lang='lat' dir='ltr'><strong>exiens</strong></span> <span class='ocrx_word' id='word_1_481' title='bbox 3301 2174 3497 2224; x_wconf 90' lang='lat' dir='ltr'><strong>iterum</strong></span> 
     </span>
    </p>
   </div>
   <div class='ocr_carea' id='block_1_66' title="bbox 1911 2261 3495 2331">
    <p class='ocr_par' dir='ltr' id='par_1_66' title="bbox 1911 2261 3495 2331">
     <span class='ocr_line' id='line_1_66' title="bbox 1911 2261 3495 2331; baseline 0 -16"><span class='ocrx_word' id='word_1_482' title='bbox 1911 2275 2031 2315; x_wconf 76' lang='lat' dir='ltr'><strong>non</strong></span> <span class='ocrx_word' id='word_1_483' title='bbox 2081 2262 2393 2326; x_wconf 82' lang='lat' dir='ltr'><strong>revertitur,</strong></span> <span class='ocrx_word' id='word_1_484' title='bbox 2452 2276 2627 2331; x_wconf 90' lang='lat' dir='ltr'><strong>neque</strong></span> <span class='ocrx_word' id='word_1_485' title='bbox 2682 2270 2969 2315; x_wconf 85' lang='lat' dir='ltr'><strong>revocatur</strong></span> <span class='ocrx_word' id='word_1_486' title='bbox 3018 2261 3203 2315; x_wconf 90' lang='lat' dir='ltr'><strong>anima</strong></span> <span class='ocrx_word' id='word_1_487' title='bbox 3265 2262 3495 2316; x_wconf 88' lang='lat' dir='ltr'><strong>ablata:</strong></span> 
     </span>
    </p>
   </div>
   <div class='ocr_carea' id='block_1_67' title="bbox 1920 2352 3498 2423">
    <p class='ocr_par' dir='ltr' id='par_1_67' title="bbox 1920 2352 3498 2423">
     <span class='ocr_line' id='line_1_67' title="bbox 1920 2352 3498 2423; baseline 0.001 -16"><span class='ocrx_word' id='word_1_488' title='bbox 1920 2367 2102 2407; x_wconf 90' lang='lat' dir='ltr'><strong>nonne</strong></span> <span class='ocrx_word' id='word_1_489' title='bbox 2131 2352 2299 2407; x_wconf 89' lang='lat' dir='ltr'><strong>multo</strong></span> <span class='ocrx_word' id='word_1_490' title='bbox 2322 2353 2557 2423; x_wconf 87' lang='lat' dir='ltr'><strong>amplius</strong></span> <span class='ocrx_word' id='word_1_491' title='bbox 2584 2353 2630 2408; x_wconf 92' lang='lat' dir='ltr'><strong>is</strong></span> <span class='ocrx_word' id='word_1_492' title='bbox 2662 2352 2753 2422; x_wconf 90' lang='lat' dir='ltr'><strong>qui</strong></span> <span class='ocrx_word' id='word_1_493' title='bbox 2802 2361 3026 2421; x_wconf 88' lang='lat' dir='ltr'><strong>propter</strong></span> <span class='ocrx_word' id='word_1_494' title='bbox 3061 2352 3402 2421; x_wconf 87' lang='lat' dir='ltr'><strong>iniquitatem</strong></span> <span class='ocrx_word' id='word_1_495' title='bbox 3431 2354 3498 2409; x_wconf 90' lang='lat' dir='ltr'><strong>de</strong></span> 
     </span>
    </p>
   </div>
   <div class='ocr_carea' id='block_1_68' title="bbox 1921 2443 3498 2515">
    <p class='ocr_par' dir='ltr' id='par_1_68' title="bbox 1921 2443 3498 2515">
     <span class='ocr_line' id='line_1_68' title="bbox 1921 2443 3498 2515; baseline 0.001 -15"><span class='ocrx_word' id='word_1_496' title='bbox 1921 2444 2059 2500; x_wconf 84' lang='lat' dir='ltr'><strong>coelo</strong></span> <span class='ocrx_word' id='word_1_497' title='bbox 2094 2445 2283 2511; x_wconf 81' lang='lat' dir='ltr'><strong>exivit,</strong></span> <span class='ocrx_word' id='word_1_498' title='bbox 2315 2459 2589 2515; x_wconf 90' lang='lat' dir='ltr'><strong>nunquam</strong></span> <span class='ocrx_word' id='word_1_499' title='bbox 2622 2460 2814 2500; x_wconf 89' lang='lat' dir='ltr'><strong>rursus</strong></span> <span class='ocrx_word' id='word_1_500' title='bbox 2851 2443 2977 2499; x_wconf 86' lang='lat' dir='ltr'><strong>illuc</strong></span> <span class='ocrx_word' id='word_1_501' title='bbox 3010 2453 3335 2511; x_wconf 88' lang='lat' dir='ltr'><strong>revertetur,</strong></span> <span class='ocrx_word' id='word_1_502' title='bbox 3370 2455 3425 2501; x_wconf 88' lang='lat' dir='ltr'><strong>et</strong></span> <span class='ocrx_word' id='word_1_503' title='bbox 3450 2447 3498 2501; x_wconf 88' lang='lat' dir='ltr'><strong>is</strong></span> 
     </span>
    </p>
   </div>
   <div class='ocr_carea' id='block_1_69' title="bbox 1919 2537 3499 2609">
    <p class='ocr_par' dir='ltr' id='par_1_69' title="bbox 1919 2537 3499 2609">
     <span class='ocr_line' id='line_1_69' title="bbox 1919 2537 3499 2609; baseline 0.003 -18"><span class='ocrx_word' id='word_1_504' title='bbox 1919 2537 2011 2606; x_wconf 93' lang='lat' dir='ltr'><strong>qui</strong></span> <span class='ocrx_word' id='word_1_505' title='bbox 2037 2547 2259 2607; x_wconf 86' lang='lat' dir='ltr'><strong>propter</strong></span> <span class='ocrx_word' id='word_1_506' title='bbox 2314 2538 2744 2606; x_wconf 90' lang='lat' dir='ltr'><strong>impoenitentem</strong></span> <span class='ocrx_word' id='word_1_507' title='bbox 2786 2538 3087 2608; x_wconf 87' lang='lat' dir='ltr'><strong>nequitiam</strong></span> <span class='ocrx_word' id='word_1_508' title='bbox 3118 2538 3390 2609; x_wconf 89' lang='lat' dir='ltr'><strong>projectus</strong></span> <span class='ocrx_word' id='word_1_509' title='bbox 3415 2549 3499 2595; x_wconf 91' lang='lat' dir='ltr'><strong>est</strong></span> 
     </span>
    </p>
   </div>
   <div class='ocr_carea' id='block_1_70' title="bbox 1920 2630 3498 2703">
    <p class='ocr_par' dir='ltr' id='par_1_70' title="bbox 1920 2630 3498 2703">
     <span class='ocr_line' id='line_1_70' title="bbox 1920 2630 3498 2703; baseline 0.003 -19"><span class='ocrx_word' id='word_1_510' title='bbox 1920 2643 1986 2684; x_wconf 86' lang='lat' dir='ltr'><strong>ex</strong></span> <span class='ocrx_word' id='word_1_511' title='bbox 2021 2630 2203 2686; x_wconf 87' lang='lat' dir='ltr'><strong>choris</strong></span> <span class='ocrx_word' id='word_1_512' title='bbox 2248 2641 2559 2686; x_wconf 91' lang='lat' dir='ltr'><strong>sanctorum</strong></span> <span class='ocrx_word' id='word_1_513' title='bbox 2596 2630 2933 2699; x_wconf 86' lang='lat' dir='ltr'><strong>angelorum,</strong></span> <span class='ocrx_word' id='word_1_514' title='bbox 2960 2647 3235 2701; x_wconf 88' lang='lat' dir='ltr'><strong>nunquam</strong></span> <span class='ocrx_word' id='word_1_515' title='bbox 3275 2648 3498 2703; x_wconf 88' lang='lat' dir='ltr'><strong>prorsus</strong></span> 
     </span>
    </p>
   </div>
   <div class='ocr_carea' id='block_1_71' title="bbox 1919 2722 3495 2796">
    <p class='ocr_par' dir='ltr' id='par_1_71' title="bbox 1919 2722 3495 2796">
     <span class='ocr_line' id='line_1_71' title="bbox 1919 2722 3495 2796; baseline 0.004 -22"><span class='ocrx_word' id='word_1_516' title='bbox 1919 2722 1985 2775; x_wconf 92' lang='lat' dir='ltr'><strong>ad</strong></span> <span class='ocrx_word' id='word_1_517' title='bbox 2011 2724 2391 2791; x_wconf 64' lang='lat' dir='ltr'><strong>paenitentiam</strong></span> <span class='ocrx_word' id='word_1_518' title='bbox 2433 2724 2816 2778; x_wconf 88' lang='lat' dir='ltr'><strong>revocabitur?</strong></span> <span class='ocrx_word' id='word_1_519' title='bbox 2846 2724 3024 2778; x_wconf 88' lang='lat' dir='ltr'><strong>Stabit</strong></span> <span class='ocrx_word' id='word_1_520' title='bbox 3058 2726 3200 2779; x_wconf 90' lang='lat' dir='ltr'><strong>enim</strong></span> <span class='ocrx_word' id='word_1_521' title='bbox 3237 2734 3495 2796; x_wconf 91' lang='lat' dir='ltr'><strong>tanquam</strong></span> 
     </span>
    </p>
   </div>
   <div class='ocr_carea' id='block_1_72' title="bbox 1918 2814 3496 2887">
    <p class='ocr_par' dir='ltr' id='par_1_72' title="bbox 1918 2814 3496 2887">
     <span class='ocr_line' id='line_1_72' title="bbox 1918 2814 3496 2887; baseline 0.006 -21"><span class='ocrx_word' id='word_1_522' title='bbox 1918 2814 2247 2883; x_wconf 88' lang='lat' dir='ltr'><strong>incomptus,</strong></span> <span class='ocrx_word' id='word_1_523' title='bbox 2281 2828 2443 2886; x_wconf 89' lang='lat' dir='ltr'><strong>atque</strong></span> <span class='ocrx_word' id='word_1_524' title='bbox 2492 2817 2750 2871; x_wconf 89' lang='lat' dir='ltr'><strong>indomita</strong></span> <span class='ocrx_word' id='word_1_525' title='bbox 2785 2816 3095 2873; x_wconf 82' lang='lat' dir='ltr'><strong>aversione.</strong></span> <span class='ocrx_word' id='word_1_526' title='bbox 3124 2818 3190 2872; x_wconf 89' lang='lat' dir='ltr'><strong>Et</strong></span> <span class='ocrx_word' id='word_1_527' title='bbox 3218 2820 3416 2887; x_wconf 86' lang='lat' dir='ltr'><strong>adhuc,</strong></span> <span class='ocrx_word' id='word_1_528' title='bbox 3448 2822 3496 2875; x_wconf 90' lang='lat' dir='ltr'><strong>si</strong></span> 
     </span>
    </p>
   </div>
   <div class='ocr_carea' id='block_1_73' title="bbox 1917 2908 3494 2983">
    <p class='ocr_par' dir='ltr' id='par_1_73' title="bbox 1917 2908 3494 2983">
     <span class='ocr_line' id='line_1_73' title="bbox 1917 2908 3494 2983; baseline 0.002 -20"><span class='ocrx_word' id='word_1_529' title='bbox 1917 2908 2045 2963; x_wconf 91' lang='lat' dir='ltr'><strong>olim</strong></span> <span class='ocrx_word' id='word_1_530' title='bbox 2076 2909 2209 2964; x_wconf 89' lang='lat' dir='ltr'><strong>Cain</strong></span> <span class='ocrx_word' id='word_1_531' title='bbox 2242 2925 2364 2963; x_wconf 90' lang='lat' dir='ltr'><strong>cum</strong></span> <span class='ocrx_word' id='word_1_532' title='bbox 2393 2910 2569 2965; x_wconf 81' lang='lat' dir='ltr'><strong>exiret</strong></span> <span class='ocrx_word' id='word_1_533' title='bbox 2622 2924 2652 2964; x_wconf 87' lang='lat' dir='ltr'><strong>a</strong></span> <span class='ocrx_word' id='word_1_534' title='bbox 2712 2910 2849 2964; x_wconf 82' lang='lat' dir='ltr'><strong>facie</strong></span> <span class='ocrx_word' id='word_1_535' title='bbox 2904 2908 3118 2964; x_wconf 88' lang='lat' dir='ltr'><strong>Domini</strong></span> <span class='ocrx_word' id='word_1_536' title='bbox 3173 2926 3270 2980; x_wconf 93' lang='lat' dir='ltr'><strong>pro</strong></span> <span class='ocrx_word' id='word_1_537' title='bbox 3316 2912 3494 2983; x_wconf 88' lang='lat' dir='ltr'><strong>impiis</strong></span> 
     </span>
    </p>
   </div>
   <div class='ocr_carea' id='block_1_74' title="bbox 1917 3000 3497 3074">
    <p class='ocr_par' dir='ltr' id='par_1_74' title="bbox 1917 3000 3497 3074">
     <span class='ocr_line' id='line_1_74' title="bbox 1917 3000 3497 3074; baseline 0.004 -20"><span class='ocrx_word' id='word_1_538' title='bbox 1917 3000 2161 3066; x_wconf 89' lang='lat' dir='ltr'><strong>ausibus,</strong></span> <span class='ocrx_word' id='word_1_539' title='bbox 2200 3017 2472 3071; x_wconf 91' lang='lat' dir='ltr'><strong>nunquam</strong></span> <span class='ocrx_word' id='word_1_540' title='bbox 2513 3010 2643 3057; x_wconf 89' lang='lat' dir='ltr'><strong>ante</strong></span> <span class='ocrx_word' id='word_1_541' title='bbox 2662 3016 3010 3074; x_wconf 85' lang='lat' dir='ltr'><strong>conspecmm</strong></span> <span class='ocrx_word' id='word_1_542' title='bbox 3044 3004 3256 3060; x_wconf 90' lang='lat' dir='ltr'><strong>Domini</strong></span> <span class='ocrx_word' id='word_1_543' title='bbox 3287 3004 3379 3060; x_wconf 92' lang='lat' dir='ltr'><strong>Dei</strong></span> <span class='ocrx_word' id='word_1_544' title='bbox 3412 3018 3497 3061; x_wconf 88' lang='lat' dir='ltr'><strong>est</strong></span> 
     </span>
    </p>
   </div>
   <div class='ocr_carea' id='block_1_75' title="bbox 1919 3094 3493 3167">
    <p class='ocr_par' dir='ltr' id='par_1_75' title="bbox 1919 3094 3493 3167">
     <span class='ocr_line' id='line_1_75' title="bbox 1919 3094 3493 3167; baseline 0.003 -21"><span class='ocrx_word' id='word_1_545' title='bbox 1919 3106 2175 3148; x_wconf 87' lang='lat' dir='ltr'><strong>reversus</strong></span> <span class='ocrx_word' id='word_1_546' title='bbox 2201 3109 2215 3146; x_wconf 91' lang='lat'><strong>:</strong></span> <span class='ocrx_word' id='word_1_547' title='bbox 2241 3109 2421 3149; x_wconf 91' lang='lat' dir='ltr'><strong>nonne</strong></span> <span class='ocrx_word' id='word_1_548' title='bbox 2451 3094 2621 3149; x_wconf 92' lang='lat' dir='ltr'><strong>multo</strong></span> <span class='ocrx_word' id='word_1_549' title='bbox 2651 3096 2884 3165; x_wconf 90' lang='lat' dir='ltr'><strong>amplius</strong></span> <span class='ocrx_word' id='word_1_550' title='bbox 2908 3097 2999 3153; x_wconf 92' lang='lat' dir='ltr'><strong>hic</strong></span> <span class='ocrx_word' id='word_1_551' title='bbox 3029 3097 3280 3152; x_wconf 89' lang='lat' dir='ltr'><strong>diabolus</strong></span> <span class='ocrx_word' id='word_1_552' title='bbox 3306 3096 3397 3167; x_wconf 92' lang='lat' dir='ltr'><strong>qui</strong></span> <span class='ocrx_word' id='word_1_553' title='bbox 3427 3100 3493 3151; x_wconf 90' lang='lat' dir='ltr'><strong>ad</strong></span> 
     </span>
    </p>
   </div>
   <div class='ocr_carea' id='block_1_76' title="bbox 1916 3184 3494 3259">
    <p class='ocr_par' dir='ltr' id='par_1_76' title="bbox 1916 3184 3494 3259">
     <span class='ocr_line' id='line_1_76' title="bbox 1916 3184 3494 3259; baseline 0.001 -20"><span class='ocrx_word' id='word_1_554' title='bbox 1916 3199 2132 3239; x_wconf 91' lang='lat' dir='ltr'><strong>omnem</strong></span> <span class='ocrx_word' id='word_1_555' title='bbox 2163 3186 2547 3240; x_wconf 89' lang='lat' dir='ltr'><strong>crudelitatem</strong></span> <span class='ocrx_word' id='word_1_556' title='bbox 2595 3184 2697 3241; x_wconf 78' lang='lat' dir='ltr'><strong>fuit</strong></span> <span class='ocrx_word' id='word_1_557' title='bbox 2725 3188 2987 3257; x_wconf 89' lang='lat' dir='ltr'><strong>magister</strong></span> <span class='ocrx_word' id='word_1_558' title='bbox 3018 3189 3158 3259; x_wconf 83' lang='lat' dir='ltr'><strong>ejus,</strong></span> <span class='ocrx_word' id='word_1_559' title='bbox 3189 3187 3280 3257; x_wconf 89' lang='lat' dir='ltr'><strong>qui</strong></span> <span class='ocrx_word' id='word_1_560' title='bbox 3311 3198 3365 3242; x_wconf 90' lang='lat' dir='ltr'><strong>et</strong></span> <span class='ocrx_word' id='word_1_561' title='bbox 3391 3188 3494 3241; x_wconf 83' lang='lat' dir='ltr'><strong>lto-</strong></span> 
     </span>
    </p>
   </div>
   <div class='ocr_carea' id='block_1_77' title="bbox 1918 3278 3493 3349">
    <p class='ocr_par' dir='ltr' id='par_1_77' title="bbox 1918 3278 3493 3349">
     <span class='ocr_line' id='line_1_77' title="bbox 1918 3278 3493 3349; baseline 0.003 -18"><span class='ocrx_word' id='word_1_562' title='bbox 1918 3278 2114 3332; x_wconf 87' lang='lat' dir='ltr'><strong>micida</strong></span> <span class='ocrx_word' id='word_1_563' title='bbox 2146 3279 2213 3332; x_wconf 90' lang='lat' dir='ltr'><strong>ab</strong></span> <span class='ocrx_word' id='word_1_564' title='bbox 2238 3278 2566 3345; x_wconf 46' lang='lat' dir='ltr'><strong>initiojuste,</strong></span> <span class='ocrx_word' id='word_1_565' title='bbox 2585 3288 2667 3334; x_wconf 91' lang='lat' dir='ltr'><strong>est</strong></span> <span class='ocrx_word' id='word_1_566' title='bbox 2691 3289 3036 3349; x_wconf 89' lang='lat' dir='ltr'><strong>nuncupatus</strong></span> <span class='ocrx_word' id='word_1_567' title='bbox 3056 3297 3084 3334; x_wconf 89' lang='lat' dir='ltr'><strong>a</strong></span> <span class='ocrx_word' id='word_1_568' title='bbox 3112 3280 3252 3336; x_wconf 85' lang='lat' dir='ltr'><strong>facie</strong></span> <span class='ocrx_word' id='word_1_569' title='bbox 3278 3280 3493 3336; x_wconf 89' lang='lat' dir='ltr'><strong>Domini</strong></span> 
     </span>
    </p>
   </div>
   <div class='ocr_carea' id='block_1_78' title="bbox 1918 3366 3495 3440">
    <p class='ocr_par' dir='ltr' id='par_1_78' title="bbox 1918 3366 3495 3440">
     <span class='ocr_line' id='line_1_78' title="bbox 1918 3366 3495 3440; baseline 0.004 -21"><span class='ocrx_word' id='word_1_570' title='bbox 1918 3366 2013 3422; x_wconf 90' lang='lat' dir='ltr'><strong>Dei</strong></span> <span class='ocrx_word' id='word_1_571' title='bbox 2038 3378 2290 3437; x_wconf 82' lang='lat' dir='ltr'><strong>tanquam</strong></span> <span class='ocrx_word' id='word_1_572' title='bbox 2317 3369 2549 3438; x_wconf 89' lang='lat' dir='ltr'><strong>injustus</strong></span> <span class='ocrx_word' id='word_1_573' title='bbox 2568 3367 2714 3438; x_wconf 87' lang='lat' dir='ltr'><strong>juste</strong></span> <span class='ocrx_word' id='word_1_574' title='bbox 2744 3368 3039 3438; x_wconf 90' lang='lat' dir='ltr'><strong>projectus,</strong></span> <span class='ocrx_word' id='word_1_575' title='bbox 3066 3386 3341 3440; x_wconf 87' lang='lat' dir='ltr'><strong>nunquam</strong></span> <span class='ocrx_word' id='word_1_576' title='bbox 3367 3381 3495 3427; x_wconf 89' lang='lat' dir='ltr'><strong>ante</strong></span> 
     </span>
    </p>
   </div>
   <div class='ocr_carea' id='block_1_79' title="bbox 1915 3459 3495 3533">
    <p class='ocr_par' dir='ltr' id='par_1_79' title="bbox 1915 3459 3495 3533">
     <span class='ocr_line' id='line_1_79' title="bbox 1915 3459 3495 3533; baseline 0.003 -20"><span class='ocrx_word' id='word_1_577' title='bbox 1915 3459 2109 3516; x_wconf 82' lang='lat' dir='ltr'><strong>faciem</strong></span> <span class='ocrx_word' id='word_1_578' title='bbox 2145 3460 2359 3515; x_wconf 91' lang='lat' dir='ltr'><strong>Domini</strong></span> <span class='ocrx_word' id='word_1_579' title='bbox 2398 3462 2579 3516; x_wconf 85' lang='lat' dir='ltr'><strong>veniet</strong></span> <span class='ocrx_word' id='word_1_580' title='bbox 2619 3461 2877 3531; x_wconf 89' lang='lat' dir='ltr'><strong>amplius,</strong></span> <span class='ocrx_word' id='word_1_581' title='bbox 2930 3478 3204 3533; x_wconf 90' lang='lat' dir='ltr'><strong>nunquam</strong></span> <span class='ocrx_word' id='word_1_582' title='bbox 3257 3463 3308 3517; x_wconf 92' lang='lat' dir='ltr'><strong>in</strong></span> <span class='ocrx_word' id='word_1_583' title='bbox 3365 3478 3495 3519; x_wconf 83' lang='lat' dir='ltr'><strong>con-</strong></span> 
     </span>
    </p>
   </div>
   <div class='ocr_carea' id='block_1_80' title="bbox 1915 3555 3493 3627">
    <p class='ocr_par' dir='ltr' id='par_1_80' title="bbox 1915 3555 3493 3627">
     <span class='ocr_line' id='line_1_80' title="bbox 1915 3555 3493 3627; baseline 0.001 -18"><span class='ocrx_word' id='word_1_584' title='bbox 1915 3564 2102 3623; x_wconf 91' lang='lat' dir='ltr'><strong>spectu</strong></span> <span class='ocrx_word' id='word_1_585' title='bbox 2159 3565 2363 3609; x_wconf 85' lang='lat' dir='ltr'><strong>sanctae</strong></span> <span class='ocrx_word' id='word_1_586' title='bbox 2434 3555 2616 3626; x_wconf 62' lang='lat' dir='ltr'><strong>gloriae</strong></span> <span class='ocrx_word' id='word_1_587' title='bbox 2667 3566 2973 3610; x_wconf 90' lang='lat' dir='ltr'><strong>revertetur</strong></span> <span class='ocrx_word' id='word_1_588' title='bbox 3034 3557 3292 3613; x_wconf 87' lang='lat' dir='ltr'><strong>ulterius?</strong></span> <span class='ocrx_word' id='word_1_589' title='bbox 3339 3557 3493 3627; x_wconf 88' lang='lat' dir='ltr'><strong>juxta</strong></span> 
     </span>
    </p>
   </div>
   <div class='ocr_carea' id='block_1_81' title="bbox 1917 3647 3493 3717">
    <p class='ocr_par' dir='ltr' id='par_1_81' title="bbox 1917 3647 3493 3717">
     <span class='ocr_line' id='line_1_81' title="bbox 1917 3647 3493 3717; baseline 0.001 -16"><span class='ocrx_word' id='word_1_590' title='bbox 1917 3650 2019 3701; x_wconf 90' lang='lat' dir='ltr'><strong>ltoc</strong></span> <span class='ocrx_word' id='word_1_591' title='bbox 2067 3648 2210 3716; x_wconf 88' lang='lat' dir='ltr'><strong>quod</strong></span> <span class='ocrx_word' id='word_1_592' title='bbox 2256 3647 2459 3701; x_wconf 87' lang='lat' dir='ltr'><strong>dictum</strong></span> <span class='ocrx_word' id='word_1_593' title='bbox 2497 3657 2620 3702; x_wconf 87' lang='lat' dir='ltr'><strong>est:</strong></span> <span class='ocrx_word' id='word_1_594' title='bbox 2652 3648 2945 3717; x_wconf 76' lang='lat' dir='ltr'><strong>Auferatur</strong></span> <span class='ocrx_word' id='word_1_595' title='bbox 2985 3649 3177 3717; x_wconf 83' lang='lat' dir='ltr'><strong>impius</strong></span> <span class='ocrx_word' id='word_1_596' title='bbox 3219 3665 3282 3702; x_wconf 87' lang='lat' dir='ltr'><strong>ne</strong></span> <span class='ocrx_word' id='word_1_597' title='bbox 3320 3650 3493 3703; x_wconf 83' lang='lat' dir='ltr'><strong>videat</strong></span> 
     </span>
    </p>
   </div>
   <div class='ocr_carea' id='block_1_82' title="bbox 1913 3739 3495 3813">
    <p class='ocr_par' dir='ltr' id='par_1_82' title="bbox 1913 3739 3495 3813">
     <span class='ocr_line' id='line_1_82' title="bbox 1913 3739 3495 3813; baseline 0.002 -22"><span class='ocrx_word' id='word_1_598' title='bbox 1913 3740 2137 3810; x_wconf 83' lang='lat' dir='ltr'><strong>gloriam</strong></span> <span class='ocrx_word' id='word_1_599' title='bbox 2172 3739 2470 3798; x_wconf 76' lang='lat' dir='ltr'><strong>Domini&quot;.</strong></span> <span class='ocrx_word' id='word_1_600' title='bbox 2503 3740 2757 3796; x_wconf 87' lang='lat' dir='ltr'><strong>Etadltuc</strong></span> <span class='ocrx_word' id='word_1_601' title='bbox 2785 3761 2797 3796; x_wconf 91' lang='lat'><strong><em>:</em></strong></span> <span class='ocrx_word' id='word_1_602' title='bbox 2828 3740 2882 3795; x_wconf 90' lang='lat' dir='ltr'><strong>Si</strong></span> <span class='ocrx_word' id='word_1_603' title='bbox 2909 3742 3057 3811; x_wconf 82' lang='lat' dir='ltr'><strong>impii</strong></span> <span class='ocrx_word' id='word_1_604' title='bbox 3094 3759 3196 3796; x_wconf 88' lang='lat' dir='ltr'><strong>non</strong></span> <span class='ocrx_word' id='word_1_605' title='bbox 3226 3753 3495 3813; x_wconf 77' lang='lat' dir='ltr'><strong>resurgent</strong></span> 
     </span>
    </p>
   </div>
   <div class='ocr_carea' id='block_1_83' title="bbox 1913 3833 3494 3903">
    <p class='ocr_par' dir='ltr' id='par_1_83' title="bbox 1913 3833 3494 3903">
     <span class='ocr_line' id='line_1_83' title="bbox 1913 3833 3494 3903; baseline 0.002 -17"><span class='ocrx_word' id='word_1_606' title='bbox 1913 3833 2228 3903; x_wconf 81' lang='lat' dir='ltr'><strong>injudicio,</strong></span> <span class='ocrx_word' id='word_1_607' title='bbox 2265 3843 2311 3886; x_wconf 89' lang='lat' dir='ltr'><strong>et</strong></span> <span class='ocrx_word' id='word_1_608' title='bbox 2360 3845 2658 3902; x_wconf 84' lang='lat' dir='ltr'><strong>peccatores</strong></span> <span class='ocrx_word' id='word_1_609' title='bbox 2698 3836 2752 3887; x_wconf 84' lang='lat' dir='ltr'><strong>in</strong></span> <span class='ocrx_word' id='word_1_610' title='bbox 2801 3835 3018 3888; x_wconf 83' lang='lat' dir='ltr'><strong>consilio</strong></span> <span class='ocrx_word' id='word_1_611' title='bbox 3065 3834 3335 3903; x_wconf 82' lang='lat' dir='ltr'><strong>justorum</strong></span> <span class='ocrx_word' id='word_1_612' title='bbox 3385 3851 3494 3889; x_wconf 90' lang='lat' dir='ltr'><strong>non</strong></span> 
     </span>
    </p>
   </div>
   <div class='ocr_carea' id='block_1_84' title="bbox 1914 3925 3493 3997">
    <p class='ocr_par' dir='ltr' id='par_1_84' title="bbox 1914 3925 3493 3997">
     <span class='ocr_line' id='line_1_84' title="bbox 1914 3925 3493 3997; baseline 0.001 -20"><span class='ocrx_word' id='word_1_613' title='bbox 1914 3925 2344 3996; x_wconf 74' lang='lat' dir='ltr'><strong>apparebunt&quot;,</strong></span> <span class='ocrx_word' id='word_1_614' title='bbox 2376 3928 2647 3995; x_wconf 91' lang='lat' dir='ltr'><strong>quomodo</strong></span> <span class='ocrx_word' id='word_1_615' title='bbox 2692 3927 2783 3981; x_wconf 91' lang='lat' dir='ltr'><strong>ille</strong></span> <span class='ocrx_word' id='word_1_616' title='bbox 2813 3928 2905 3996; x_wconf 88' lang='lat' dir='ltr'><strong>qui</strong></span> <span class='ocrx_word' id='word_1_617' title='bbox 2953 3937 3107 3997; x_wconf 89' lang='lat' dir='ltr'><strong>pater</strong></span> <span class='ocrx_word' id='word_1_618' title='bbox 3149 3928 3359 3982; x_wconf 83' lang='lat' dir='ltr'><strong>exstitit</strong></span> <span class='ocrx_word' id='word_1_619' title='bbox 3390 3928 3493 3980; x_wconf 89' lang='lat' dir='ltr'><strong>im-</strong></span> 
     </span>
    </p>
   </div>
   <div class='ocr_carea' id='block_1_85' title="bbox 1914 4019 3492 4089">
    <p class='ocr_par' dir='ltr' id='par_1_85' title="bbox 1914 4019 3492 4089">
     <span class='ocr_line' id='line_1_85' title="bbox 1914 4019 3492 4089; baseline 0.003 -18"><span class='ocrx_word' id='word_1_620' title='bbox 1914 4019 2201 4088; x_wconf 88' lang='lat' dir='ltr'><strong>pietatum,</strong></span> <span class='ocrx_word' id='word_1_621' title='bbox 2232 4029 2287 4073; x_wconf 90' lang='lat' dir='ltr'><strong>et</strong></span> <span class='ocrx_word' id='word_1_622' title='bbox 2335 4020 2551 4089; x_wconf 86' lang='lat' dir='ltr'><strong>genitor</strong></span> <span class='ocrx_word' id='word_1_623' title='bbox 2583 4029 2959 4089; x_wconf 89' lang='lat' dir='ltr'><strong>peccatorum,</strong></span> <span class='ocrx_word' id='word_1_624' title='bbox 2996 4020 3049 4073; x_wconf 91' lang='lat' dir='ltr'><strong>id</strong></span> <span class='ocrx_word' id='word_1_625' title='bbox 3082 4029 3165 4074; x_wconf 89' lang='lat' dir='ltr'><strong>est</strong></span> <span class='ocrx_word' id='word_1_626' title='bbox 3220 4019 3492 4083; x_wconf 86' lang='lat' dir='ltr'><strong>diabolus,</strong></span> 
     </span>
    </p>
   </div>
   <div class='ocr_carea' id='block_1_86' title="bbox 1915 4110 3492 4181">
    <p class='ocr_par' dir='ltr' id='par_1_86' title="bbox 1915 4110 3492 4181">
     <span class='ocr_line' id='line_1_86' title="bbox 1915 4110 3492 4181; baseline 0.001 -17"><span class='ocrx_word' id='word_1_627' title='bbox 1915 4110 1969 4164; x_wconf 91' lang='lat' dir='ltr'><strong>in</strong></span> <span class='ocrx_word' id='word_1_628' title='bbox 2001 4121 2292 4180; x_wconf 88' lang='lat' dir='ltr'><strong>conspectu</strong></span> <span class='ocrx_word' id='word_1_629' title='bbox 2321 4123 2526 4165; x_wconf 74' lang='lat' dir='ltr'><strong>sancta:</strong></span> <span class='ocrx_word' id='word_1_630' title='bbox 2553 4112 2737 4179; x_wconf 78' lang='lat' dir='ltr'><strong>gloriae</strong></span> <span class='ocrx_word' id='word_1_631' title='bbox 2772 4111 2865 4165; x_wconf 92' lang='lat' dir='ltr'><strong>Dei</strong></span> <span class='ocrx_word' id='word_1_632' title='bbox 2909 4111 3227 4181; x_wconf 89' lang='lat' dir='ltr'><strong>apparebit?</strong></span> <span class='ocrx_word' id='word_1_633' title='bbox 3260 4112 3492 4178; x_wconf 72' lang='lat' dir='ltr'><strong>Quomu~</strong></span> 
     </span>
    </p>
   </div>
   <div class='ocr_carea' id='block_1_87' title="bbox 1916 4203 3494 4269">
    <p class='ocr_par' dir='ltr' id='par_1_87' title="bbox 1916 4203 3494 4269">
     <span class='ocr_line' id='line_1_87' title="bbox 1916 4203 3494 4269; baseline -0.001 -12"><span class='ocrx_word' id='word_1_634' title='bbox 1916 4203 1985 4257; x_wconf 90' lang='lat' dir='ltr'><strong>do</strong></span> <span class='ocrx_word' id='word_1_635' title='bbox 2028 4218 2175 4257; x_wconf 92' lang='lat' dir='ltr'><strong>mors</strong></span> <span class='ocrx_word' id='word_1_636' title='bbox 2219 4204 2342 4257; x_wconf 73' lang='lat' dir='ltr'><strong>vita:</strong></span> <span class='ocrx_word' id='word_1_637' title='bbox 2381 4203 2741 4259; x_wconf 89' lang='lat' dir='ltr'><strong>conveniret?</strong></span> <span class='ocrx_word' id='word_1_638' title='bbox 2775 4203 3057 4269; x_wconf 86' lang='lat' dir='ltr'><strong>Quomodo</strong></span> <span class='ocrx_word' id='word_1_639' title='bbox 3088 4204 3310 4257; x_wconf 85' lang='lat' dir='ltr'><strong>stabunt</strong></span> <span class='ocrx_word' id='word_1_640' title='bbox 3341 4214 3494 4257; x_wconf 88' lang='lat' dir='ltr'><strong>tene-</strong></span> 
     </span>
    </p>
   </div>
   <div class='ocr_carea' id='block_1_88' title="bbox 1913 4291 3497 4361">
    <p class='ocr_par' dir='ltr' id='par_1_88' title="bbox 1913 4291 3497 4361">
     <span class='ocr_line' id='line_1_88' title="bbox 1913 4291 3497 4361; baseline -0.002 -15"><span class='ocrx_word' id='word_1_641' title='bbox 1913 4291 2028 4346; x_wconf 67' lang='lat' dir='ltr'><strong>brae</strong></span> <span class='ocrx_word' id='word_1_642' title='bbox 2085 4293 2137 4345; x_wconf 91' lang='lat' dir='ltr'><strong>in</strong></span> <span class='ocrx_word' id='word_1_643' title='bbox 2190 4303 2486 4361; x_wconf 90' lang='lat' dir='ltr'><strong>conspectu</strong></span> <span class='ocrx_word' id='word_1_644' title='bbox 2546 4293 2685 4347; x_wconf 91' lang='lat' dir='ltr'><strong>lucis</strong></span> <span class='ocrx_word' id='word_1_645' title='bbox 2733 4291 3165 4347; x_wconf 85' lang='lat' dir='ltr'><strong>inaccessibilis?</strong></span> <span class='ocrx_word' id='word_1_646' title='bbox 3214 4292 3497 4358; x_wconf 80' lang='lat' dir='ltr'><strong>Quomodo</strong></span> 
     </span>
    </p>
   </div>
   <div class='ocr_carea' id='block_1_89' title="bbox 1918 4382 3492 4452">
    <p class='ocr_par' dir='ltr' id='par_1_89' title="bbox 1918 4382 3492 4452">
     <span class='ocr_line' id='line_1_89' title="bbox 1918 4382 3492 4452; baseline -0.003 -15"><span class='ocrx_word' id='word_1_647' title='bbox 1918 4382 2230 4438; x_wconf 86' lang='lat' dir='ltr'><strong>sustineant</strong></span> <span class='ocrx_word' id='word_1_648' title='bbox 2272 4383 2497 4451; x_wconf 89' lang='lat' dir='ltr'><strong>stipula,</strong></span> <span class='ocrx_word' id='word_1_649' title='bbox 2534 4384 2719 4438; x_wconf 80' lang='lat' dir='ltr'><strong>fenum</strong></span> <span class='ocrx_word' id='word_1_650' title='bbox 2769 4393 2934 4452; x_wconf 83' lang='lat' dir='ltr'><strong>atque</strong></span> <span class='ocrx_word' id='word_1_651' title='bbox 2984 4397 3112 4436; x_wconf 91' lang='lat' dir='ltr'><strong>cera</strong></span> <span class='ocrx_word' id='word_1_652' title='bbox 3157 4382 3492 4437; x_wconf 86' lang='lat' dir='ltr'><strong>vicinitatem</strong></span> 
     </span>
    </p>
   </div>
   <div class='ocr_carea' id='block_1_90' title="bbox 225 4475 3495 4559">
    <p class='ocr_par' dir='ltr' id='par_1_90' title="bbox 225 4475 3495 4559">
     <span class='ocr_line' id='line_1_90' title="bbox 225 4475 3495 4559; baseline -0.005 -18"><span class='ocrx_word' id='word_1_653' title='bbox 225 4490 326 4549; x_wconf 88' lang='lat' dir='ltr'><strong>tia,</strong></span> <span class='ocrx_word' id='word_1_654' title='bbox 363 4503 466 4541; x_wconf 91' lang='lat' dir='ltr'><strong>non</strong></span> <span class='ocrx_word' id='word_1_655' title='bbox 498 4501 743 4551; x_wconf 85' lang='lat' dir='ltr'><strong>accessu,</strong></span> <span class='ocrx_word' id='word_1_656' title='bbox 780 4500 956 4556; x_wconf 91' lang='lat' dir='ltr'><strong>neque</strong></span> <span class='ocrx_word' id='word_1_657' title='bbox 999 4485 1243 4552; x_wconf 88' lang='lat' dir='ltr'><strong>introitu,</strong></span> <span class='ocrx_word' id='word_1_658' title='bbox 1287 4485 1381 4539; x_wconf 89' lang='lat' dir='ltr'><strong>sed</strong></span> <span class='ocrx_word' id='word_1_659' title='bbox 1413 4484 1561 4539; x_wconf 89' lang='lat' dir='ltr'><strong>venit</strong></span> <span class='ocrx_word' id='word_1_660' title='bbox 1593 4486 1806 4553; x_wconf 82' lang='lat' dir='ltr'><strong>cogita-</strong></span> <span class='ocrx_word' id='word_1_661' title='bbox 1841 4504 1886 4559; x_wconf 69' lang='grc' dir='ltr'><strong>ι)</strong></span> <span class='ocrx_word' id='word_1_662' title='bbox 1917 4475 2055 4544; x_wconf 79' lang='lat' dir='ltr'><strong>ignis</strong></span> <span class='ocrx_word' id='word_1_663' title='bbox 2096 4476 2512 4545; x_wconf 83' lang='lat' dir='ltr'><strong>insuperabilis;</strong></span> <span class='ocrx_word' id='word_1_664' title='bbox 2552 4476 2618 4530; x_wconf 82' lang='lat' dir='ltr'><strong>de</strong></span> <span class='ocrx_word' id='word_1_665' title='bbox 2643 4491 2751 4544; x_wconf 88' lang='lat' dir='ltr'><strong>quo</strong></span> <span class='ocrx_word' id='word_1_666' title='bbox 2772 4476 2976 4529; x_wconf 89' lang='lat' dir='ltr'><strong>dicitur</strong></span> <span class='ocrx_word' id='word_1_667' title='bbox 3006 4493 3019 4529; x_wconf 89' lang='lat'>:</span> <span class='ocrx_word' id='word_1_668' title='bbox 3050 4475 3196 4529; x_wconf 86' lang='lat' dir='ltr'><strong>Sicut</strong></span> <span class='ocrx_word' id='word_1_669' title='bbox 3221 4476 3343 4543; x_wconf 82' lang='lat' dir='ltr'><strong>ﬂuit</strong></span> <span class='ocrx_word' id='word_1_670' title='bbox 3378 4490 3495 4526; x_wconf 73' lang='lat' dir='ltr'><strong>cera</strong></span> 
     </span>
    </p>
   </div>
   <div class='ocr_carea' id='block_1_91' title="bbox 231 4577 1808 4649">
    <p class='ocr_par' dir='ltr' id='par_1_91' title="bbox 231 4577 1808 4649">
     <span class='ocr_line' id='line_1_91' title="bbox 231 4577 1808 4649; baseline -0.003 -12"><span class='ocrx_word' id='word_1_671' title='bbox 231 4587 407 4649; x_wconf 87' lang='lat' dir='ltr'><strong>tione,</strong></span> <span class='ocrx_word' id='word_1_672' title='bbox 438 4583 663 4645; x_wconf 83' lang='lat' dir='ltr'><strong>consilio</strong></span> <span class='ocrx_word' id='word_1_673' title='bbox 710 4591 765 4635; x_wconf 90' lang='lat' dir='ltr'><strong>et</strong></span> <span class='ocrx_word' id='word_1_674' title='bbox 820 4580 1110 4635; x_wconf 91' lang='lat' dir='ltr'><strong>desiderio.</strong></span> <span class='ocrx_word' id='word_1_675' title='bbox 1148 4577 1280 4632; x_wconf 83' lang='lat' dir='ltr'><strong>Nam</strong></span> <span class='ocrx_word' id='word_1_676' title='bbox 1314 4579 1456 4632; x_wconf 93' lang='lat' dir='ltr'><strong>sicut</strong></span> <span class='ocrx_word' id='word_1_677' title='bbox 1488 4579 1609 4645; x_wconf 89' lang='lat' dir='ltr'><strong>quis</strong></span> <span class='ocrx_word' id='word_1_678' title='bbox 1640 4580 1808 4633; x_wconf 90' lang='lat' dir='ltr'><strong>latro-</strong></span> 
     </span>
    </p>
   </div>
   <div class='ocr_carea' id='block_1_92' title="bbox 227 4668 1808 4745">
    <p class='ocr_par' dir='ltr' id='par_1_92' title="bbox 227 4668 1808 4745">
     <span class='ocr_line' id='line_1_92' title="bbox 227 4668 1808 4745; baseline -0.006 -15"><span class='ocrx_word' id='word_1_679' title='bbox 227 4691 359 4730; x_wconf 90' lang='lat' dir='ltr'><strong>num</strong></span> <span class='ocrx_word' id='word_1_680' title='bbox 393 4677 598 4745; x_wconf 90' lang='lat' dir='ltr'><strong>positus</strong></span> <span class='ocrx_word' id='word_1_681' title='bbox 646 4675 697 4727; x_wconf 90' lang='lat' dir='ltr'><strong>in</strong></span> <span class='ocrx_word' id='word_1_682' title='bbox 733 4687 954 4728; x_wconf 88' lang='lat' dir='ltr'><strong>carcere</strong></span> <span class='ocrx_word' id='word_1_683' title='bbox 985 4686 1049 4727; x_wconf 89' lang='lat' dir='ltr'><strong>ac</strong></span> <span class='ocrx_word' id='word_1_684' title='bbox 1088 4669 1321 4724; x_wconf 82' lang='lat' dir='ltr'><strong>vinculis</strong></span> <span class='ocrx_word' id='word_1_685' title='bbox 1349 4669 1464 4723; x_wconf 89' lang='lat' dir='ltr'><strong>vult</strong></span> <span class='ocrx_word' id='word_1_686' title='bbox 1489 4668 1808 4738; x_wconf 80' lang='lat' dir='ltr'><strong>frequenter</strong></span> 
     </span>
    </p>
   </div>
   <div class='ocr_carea' id='block_1_93' title="bbox 225 4762 1804 4836">
    <p class='ocr_par' dir='ltr' id='par_1_93' title="bbox 225 4762 1804 4836">
     <span class='ocr_line' id='line_1_93' title="bbox 225 4762 1804 4836; baseline -0.006 -12"><span class='ocrx_word' id='word_1_687' title='bbox 225 4779 285 4824; x_wconf 89' lang='lat' dir='ltr'><strong>et</strong></span> <span class='ocrx_word' id='word_1_688' title='bbox 314 4779 466 4836; x_wconf 88' lang='lat' dir='ltr'><strong>optat</strong></span> <span class='ocrx_word' id='word_1_689' title='bbox 496 4776 554 4820; x_wconf 91' lang='lat' dir='ltr'><strong>ut</strong></span> <span class='ocrx_word' id='word_1_690' title='bbox 588 4767 822 4821; x_wconf 79' lang='lat' dir='ltr'><strong>sitloras</strong></span> <span class='ocrx_word' id='word_1_691' title='bbox 853 4766 906 4818; x_wconf 89' lang='lat' dir='ltr'><strong>itt</strong></span> <span class='ocrx_word' id='word_1_692' title='bbox 940 4764 1216 4818; x_wconf 88' lang='lat' dir='ltr'><strong>montibus</strong></span> <span class='ocrx_word' id='word_1_693' title='bbox 1244 4763 1337 4817; x_wconf 91' lang='lat' dir='ltr'><strong>ubi</strong></span> <span class='ocrx_word' id='word_1_694' title='bbox 1364 4763 1572 4832; x_wconf 89' lang='lat' dir='ltr'><strong>pridem</strong></span> <span class='ocrx_word' id='word_1_695' title='bbox 1604 4762 1804 4827; x_wconf 81' lang='lat' dir='ltr'><strong>fuerat,</strong></span> 
     </span>
    </p>
   </div>
   <div class='ocr_carea' id='block_1_94' title="bbox 225 4855 1805 4927">
    <p class='ocr_par' dir='ltr' id='par_1_94' title="bbox 225 4855 1805 4927">
     <span class='ocr_line' id='line_1_94' title="bbox 225 4855 1805 4927; baseline -0.004 -14"><span class='ocrx_word' id='word_1_696' title='bbox 225 4861 328 4913; x_wconf 82' lang='lat' dir='ltr'><strong>sed</strong></span> <span class='ocrx_word' id='word_1_697' title='bbox 380 4874 485 4911; x_wconf 92' lang='lat' dir='ltr'><strong>non</strong></span> <span class='ocrx_word' id='word_1_698' title='bbox 530 4859 643 4927; x_wconf 87' lang='lat' dir='ltr'><strong>ipse</strong></span> <span class='ocrx_word' id='word_1_699' title='bbox 676 4866 757 4911; x_wconf 87' lang='lat' dir='ltr'><strong>est</strong></span> <span class='ocrx_word' id='word_1_700' title='bbox 786 4856 921 4920; x_wconf 92' lang='lat' dir='ltr'><strong>illic,</strong></span> <span class='ocrx_word' id='word_1_701' title='bbox 953 4856 1048 4910; x_wconf 89' lang='lat' dir='ltr'><strong>sed</strong></span> <span class='ocrx_word' id='word_1_702' title='bbox 1083 4870 1276 4909; x_wconf 87' lang='lat' dir='ltr'><strong>sensus</strong></span> <span class='ocrx_word' id='word_1_703' title='bbox 1325 4864 1487 4923; x_wconf 88' lang='lat' dir='ltr'><strong>atque</strong></span> <span class='ocrx_word' id='word_1_704' title='bbox 1547 4855 1805 4924; x_wconf 84' lang='lat' dir='ltr'><strong>cogitatio</strong></span> 
     </span>
    </p>
   </div>
   <div class='ocr_carea' id='block_1_95' title="bbox 226 4944 1808 5021">
    <p class='ocr_par' dir='ltr' id='par_1_95' title="bbox 226 4944 1808 5021">
     <span class='ocr_line' id='line_1_95' title="bbox 226 4944 1808 5021; baseline -0.005 -15"><span class='ocrx_word' id='word_1_705' title='bbox 226 4953 368 5021; x_wconf 88' lang='lat' dir='ltr'><strong>ejus,</strong></span> <span class='ocrx_word' id='word_1_706' title='bbox 402 4960 457 5005; x_wconf 91' lang='lat' dir='ltr'><strong>et</strong></span> <span class='ocrx_word' id='word_1_707' title='bbox 488 4949 636 5003; x_wconf 87' lang='lat' dir='ltr'><strong>venit</strong></span> <span class='ocrx_word' id='word_1_708' title='bbox 693 4947 762 5000; x_wconf 91' lang='lat' dir='ltr'><strong>illi</strong></span> <span class='ocrx_word' id='word_1_709' title='bbox 816 4946 1076 5017; x_wconf 84' lang='lat' dir='ltr'><strong>cogitatio</strong></span> <span class='ocrx_word' id='word_1_710' title='bbox 1123 4945 1619 5001; x_wconf 84' lang='lat' dir='ltr'><strong>commonefaciens</strong></span> <span class='ocrx_word' id='word_1_711' title='bbox 1655 4961 1713 5000; x_wconf 88' lang='lat' dir='ltr'><strong>se</strong></span> <span class='ocrx_word' id='word_1_712' title='bbox 1742 4944 1808 4998; x_wconf 91' lang='lat' dir='ltr'><strong>de</strong></span> 
     </span>
    </p>
   </div>
   <div class='ocr_carea' id='block_1_96' title="bbox 227 5037 1804 5114">
    <p class='ocr_par' dir='ltr' id='par_1_96' title="bbox 227 5037 1804 5114">
     <span class='ocr_line' id='line_1_96' title="bbox 227 5037 1804 5114; baseline -0.006 -14"><span class='ocrx_word' id='word_1_713' title='bbox 227 5047 295 5101; x_wconf 90' lang='lat' dir='ltr'><strong>iis</strong></span> <span class='ocrx_word' id='word_1_714' title='bbox 324 5059 445 5114; x_wconf 63' lang='lat' dir='ltr'><strong>quae</strong></span> <span class='ocrx_word' id='word_1_715' title='bbox 476 5044 583 5098; x_wconf 91' lang='lat' dir='ltr'><strong>illic</strong></span> <span class='ocrx_word' id='word_1_716' title='bbox 606 5053 731 5098; x_wconf 88' lang='lat' dir='ltr'><strong>sunt</strong></span> <span class='ocrx_word' id='word_1_717' title='bbox 760 5042 891 5096; x_wconf 89' lang='lat' dir='ltr'><strong>locis</strong></span> <span class='ocrx_word' id='word_1_718' title='bbox 918 5050 975 5094; x_wconf 90' lang='lat' dir='ltr'><strong>ct</strong></span> <span class='ocrx_word' id='word_1_719' title='bbox 1003 5040 1351 5104; x_wconf 86' lang='lat' dir='ltr'><strong>stationibus,</strong></span> <span class='ocrx_word' id='word_1_720' title='bbox 1383 5037 1545 5092; x_wconf 85' lang='lat' dir='ltr'><strong>factis</strong></span> <span class='ocrx_word' id='word_1_721' title='bbox 1567 5051 1804 5106; x_wconf 89' lang='lat' dir='ltr'><strong>quoque,</strong></span> 
     </span>
    </p>
   </div>
   <div class='ocr_carea' id='block_1_97' title="bbox 223 5130 1807 5210">
    <p class='ocr_par' dir='ltr' id='par_1_97' title="bbox 223 5130 1807 5210">
     <span class='ocr_line' id='line_1_97' title="bbox 223 5130 1807 5210; baseline -0.009 -14"><span class='ocrx_word' id='word_1_722' title='bbox 223 5151 395 5210; x_wconf 88' lang='lat' dir='ltr'><strong>atque</strong></span> <span class='ocrx_word' id='word_1_723' title='bbox 436 5137 673 5193; x_wconf 92' lang='lat' dir='ltr'><strong>studiis:</strong></span> <span class='ocrx_word' id='word_1_724' title='bbox 704 5136 775 5189; x_wconf 90' lang='lat' dir='ltr'><strong>ita</strong></span> <span class='ocrx_word' id='word_1_725' title='bbox 814 5133 1084 5199; x_wconf 89' lang='lat' dir='ltr'><strong>diabolus,</strong></span> <span class='ocrx_word' id='word_1_726' title='bbox 1129 5148 1251 5187; x_wconf 92' lang='lat' dir='ltr'><strong>cum</strong></span> <span class='ocrx_word' id='word_1_727' title='bbox 1284 5130 1705 5186; x_wconf 82' lang='lat' dir='ltr'><strong>commonefacit</strong></span> <span class='ocrx_word' id='word_1_728' title='bbox 1748 5143 1807 5183; x_wconf 89' lang='lat' dir='ltr'><strong>se</strong></span> 
     </span>
    </p>
   </div>
   <div class='ocr_carea' id='block_1_98' title="bbox 223 5224 1807 5303">
    <p class='ocr_par' dir='ltr' id='par_1_98' title="bbox 223 5224 1807 5303">
     <span class='ocr_line' id='line_1_98' title="bbox 223 5224 1807 5303; baseline -0.009 -16"><span class='ocrx_word' id='word_1_729' title='bbox 223 5233 475 5303; x_wconf 88' lang='lat' dir='ltr'><strong>priorum</strong></span> <span class='ocrx_word' id='word_1_730' title='bbox 507 5231 773 5292; x_wconf 87' lang='lat' dir='ltr'><strong>omnium,</strong></span> <span class='ocrx_word' id='word_1_731' title='bbox 807 5236 862 5281; x_wconf 90' lang='lat' dir='ltr'><strong>et</strong></span> <span class='ocrx_word' id='word_1_732' title='bbox 905 5226 1181 5280; x_wconf 85' lang='lat' dir='ltr'><strong>desiderat</strong></span> <span class='ocrx_word' id='word_1_733' title='bbox 1224 5224 1307 5277; x_wconf 91' lang='lat' dir='ltr'><strong>illa</strong></span> <span class='ocrx_word' id='word_1_734' title='bbox 1342 5239 1463 5291; x_wconf 64' lang='lat' dir='ltr'><strong>qum</strong></span> <span class='ocrx_word' id='word_1_735' title='bbox 1510 5231 1638 5276; x_wconf 89' lang='lat' dir='ltr'><strong>sunt</strong></span> <span class='ocrx_word' id='word_1_736' title='bbox 1681 5234 1807 5274; x_wconf 89' lang='lat' dir='ltr'><strong>ante</strong></span> 
     </span>
    </p>
   </div>
   <div class='ocr_carea' id='block_1_99' title="bbox 226 5313 1806 5389">
    <p class='ocr_par' dir='ltr' id='par_1_99' title="bbox 226 5313 1806 5389">
     <span class='ocr_line' id='line_1_99' title="bbox 226 5313 1806 5389; baseline -0.008 -14"><span class='ocrx_word' id='word_1_737' title='bbox 226 5322 424 5389; x_wconf 90' lang='lat' dir='ltr'><strong>Deum,</strong></span> <span class='ocrx_word' id='word_1_738' title='bbox 471 5328 527 5374; x_wconf 88' lang='lat' dir='ltr'><strong>et</strong></span> <span class='ocrx_word' id='word_1_739' title='bbox 568 5319 717 5373; x_wconf 88' lang='lat' dir='ltr'><strong>vadit</strong></span> <span class='ocrx_word' id='word_1_740' title='bbox 766 5317 889 5370; x_wconf 91' lang='lat' dir='ltr'><strong>illuc</strong></span> <span class='ocrx_word' id='word_1_741' title='bbox 921 5332 1082 5370; x_wconf 88' lang='lat' dir='ltr'><strong>sensu</strong></span> <span class='ocrx_word' id='word_1_742' title='bbox 1130 5325 1295 5385; x_wconf 86' lang='lat' dir='ltr'><strong>atque</strong></span> <span class='ocrx_word' id='word_1_743' title='bbox 1327 5313 1676 5383; x_wconf 81' lang='lat' dir='ltr'><strong>COgitatione,</strong></span> <span class='ocrx_word' id='word_1_744' title='bbox 1713 5324 1806 5363; x_wconf 88' lang='lat' dir='ltr'><strong>vc-</strong></span> 
     </span>
    </p>
   </div>
   <div class='ocr_carea' id='block_1_100' title="bbox 226 5403 1807 5473">
    <p class='ocr_par' dir='ltr' id='par_1_100' title="bbox 226 5403 1807 5473">
     <span class='ocr_line' id='line_1_100' title="bbox 226 5403 1807 5473; baseline -0.008 -4"><span class='ocrx_word' id='word_1_745' title='bbox 226 5416 380 5470; x_wconf 90' lang='lat' dir='ltr'><strong>nisse</strong></span> <span class='ocrx_word' id='word_1_746' title='bbox 432 5412 634 5467; x_wconf 90' lang='lat' dir='ltr'><strong>dicitur</strong></span> <span class='ocrx_word' id='word_1_747' title='bbox 676 5420 800 5464; x_wconf 89' lang='lat' dir='ltr'><strong>ante</strong></span> <span class='ocrx_word' id='word_1_748' title='bbox 847 5409 1039 5473; x_wconf 88' lang='lat' dir='ltr'><strong>Deum,</strong></span> <span class='ocrx_word' id='word_1_749' title='bbox 1075 5423 1200 5461; x_wconf 92' lang='lat' dir='ltr'><strong>cum</strong></span> <span class='ocrx_word' id='word_1_750' title='bbox 1257 5421 1363 5459; x_wconf 91' lang='lat' dir='ltr'><strong>non</strong></span> <span class='ocrx_word' id='word_1_751' title='bbox 1426 5404 1540 5473; x_wconf 90' lang='lat' dir='ltr'><strong>ipse</strong></span> <span class='ocrx_word' id='word_1_752' title='bbox 1586 5403 1807 5473; x_wconf 88' lang='lat' dir='ltr'><strong>proprie</strong></span> 
     </span>
    </p>
   </div>
   <div class='ocr_carea' id='block_1_101' title="bbox 221 5496 1807 5572">
    <p class='ocr_par' dir='ltr' id='par_1_101' title="bbox 221 5496 1807 5572">
     <span class='ocr_line' id='line_1_101' title="bbox 221 5496 1807 5572; baseline -0.006 -12"><span class='ocrx_word' id='word_1_753' title='bbox 221 5507 461 5571; x_wconf 80' lang='lat' dir='ltr'><strong>venerit,</strong></span> <span class='ocrx_word' id='word_1_754' title='bbox 494 5505 588 5560; x_wconf 90' lang='lat' dir='ltr'><strong>sed</strong></span> <span class='ocrx_word' id='word_1_755' title='bbox 647 5518 808 5558; x_wconf 88' lang='lat' dir='ltr'><strong>sensu</strong></span> <span class='ocrx_word' id='word_1_756' title='bbox 864 5510 917 5557; x_wconf 85' lang='lat' dir='ltr'><strong>et</strong></span> <span class='ocrx_word' id='word_1_757' title='bbox 961 5501 1311 5572; x_wconf 84' lang='lat' dir='ltr'><strong>cogitatione.</strong></span> <span class='ocrx_word' id='word_1_758' title='bbox 1345 5496 1479 5551; x_wconf 89' lang='lat' dir='ltr'><strong>Nam</strong></span> <span class='ocrx_word' id='word_1_759' title='bbox 1535 5496 1807 5567; x_wconf 84' lang='lat' dir='ltr'><strong>quomodo</strong></span> 
     </span>
    </p>
   </div>
   <div class='ocr_carea' id='block_1_102' title="bbox 225 5587 1804 5662">
    <p class='ocr_par' dir='ltr' id='par_1_102' title="bbox 225 5587 1804 5662">
     <span class='ocr_line' id='line_1_102' title="bbox 225 5587 1804 5662; baseline -0.007 -11"><span class='ocrx_word' id='word_1_760' title='bbox 225 5597 444 5653; x_wconf 80' lang='lat' dir='ltr'><strong>veniret</strong></span> <span class='ocrx_word' id='word_1_761' title='bbox 487 5604 615 5649; x_wconf 87' lang='lat' dir='ltr'><strong>ante</strong></span> <span class='ocrx_word' id='word_1_762' title='bbox 653 5603 1000 5662; x_wconf 88' lang='lat' dir='ltr'><strong>conspectum</strong></span> <span class='ocrx_word' id='word_1_763' title='bbox 1032 5591 1127 5646; x_wconf 88' lang='lat' dir='ltr'><strong>Dei</strong></span> <span class='ocrx_word' id='word_1_764' title='bbox 1159 5592 1222 5651; x_wconf 89' lang='lat' dir='ltr'><strong>is,</strong></span> <span class='ocrx_word' id='word_1_765' title='bbox 1257 5589 1348 5658; x_wconf 92' lang='lat' dir='ltr'><strong>qui</strong></span> <span class='ocrx_word' id='word_1_766' title='bbox 1380 5596 1582 5643; x_wconf 82' lang='lat' dir='ltr'><strong>sanctae</strong></span> <span class='ocrx_word' id='word_1_767' title='bbox 1608 5587 1804 5641; x_wconf 77' lang='lat' dir='ltr'><strong>animae</strong></span> 
     </span>
    </p>
   </div>
   <div class='ocr_carea' id='block_1_103' title="bbox 298 5685 1424 5755">
    <p class='ocr_par' dir='ltr' id='par_1_103' title="bbox 298 5685 1424 5755">
     <span class='ocr_line' id='line_1_103' title="bbox 298 5685 1424 5755; baseline -0.006 -10"><span class='ocrx_word' id='word_1_768' title='bbox 298 5691 395 5745; x_wconf 81' lang='lat' dir='ltr'><strong>&quot;l</strong></span> <span class='ocrx_word' id='word_1_769' title='bbox 427 5692 562 5747; x_wconf 90' lang='lat' dir='ltr'><strong>Cor.</strong></span> <span class='ocrx_word' id='word_1_770' title='bbox 592 5705 682 5755; x_wconf 87' lang='lat' dir='ltr'><strong>xv,</strong></span> <span class='ocrx_word' id='word_1_771' title='bbox 713 5691 803 5755; x_wconf 68' lang='lat'><strong>4|,</strong></span> <span class='ocrx_word' id='word_1_772' title='bbox 840 5689 927 5745; x_wconf 74' lang='grc'><strong>42.</strong></span> <span class='ocrx_word' id='word_1_773' title='bbox 1006 5688 1051 5719; x_wconf 79' lang='grc'>⁷⁶</span> <span class='ocrx_word' id='word_1_774' title='bbox 1074 5688 1208 5742; x_wconf 90' lang='lat' dir='ltr'><strong>Dan.</strong></span> <span class='ocrx_word' id='word_1_775' title='bbox 1244 5702 1339 5752; x_wconf 83' lang='lat' dir='ltr'><strong>xu,</strong></span> <span class='ocrx_word' id='word_1_776' title='bbox 1372 5685 1424 5739; x_wconf 76' lang='lat'><strong>3.</strong></span> 
     </span>
    </p>
   </div>
   <div class='ocr_carea' id='block_1_104' title="bbox 225 5762 1349 5827">
    <p class='ocr_par' dir='ltr' id='par_1_104' title="bbox 225 5762 1349 5827">
     <span class='ocr_line' id='line_1_104' title="bbox 225 5762 1349 5827; baseline -0.012 -7"><span class='ocrx_word' id='word_1_777' title='bbox 225 5768 271 5799; x_wconf 84' lang='grc'><strong>⁸¹</strong></span> <span class='ocrx_word' id='word_1_778' title='bbox 308 5763 453 5819; x_wconf 88' lang='lat' dir='ltr'><strong>Psal.</strong></span> <span class='ocrx_word' id='word_1_779' title='bbox 488 5778 659 5827; x_wconf 73' lang='lat' dir='ltr'><strong>th&#39;tt,</strong></span> <span class='ocrx_word' id='word_1_780' title='bbox 697 5762 747 5814; x_wconf 80' lang='grc'><strong>5.</strong></span> <span class='ocrx_word' id='word_1_781' title='bbox 1338 5786 1349 5789; x_wconf 86' lang='grc'><strong><em>-</em></strong></span> 
     </span>
    </p>
   </div>
   <div class='ocr_carea' id='block_1_105' title="bbox 1541 5681 1861 5748">
    <p class='ocr_par' dir='ltr' id='par_1_105' title="bbox 1541 5681 1861 5748">
     <span class='ocr_line' id='line_1_105' title="bbox 1541 5681 1861 5748; baseline -0.009 -11"><span class='ocrx_word' id='word_1_782' title='bbox 1541 5684 1584 5713; x_wconf 87' lang='grc'><strong>⁷⁷</strong></span> <span class='ocrx_word' id='word_1_783' title='bbox 1609 5681 1709 5737; x_wconf 89' lang='lat' dir='ltr'><strong>Job</strong></span> <span class='ocrx_word' id='word_1_784' title='bbox 1740 5699 1778 5748; x_wconf 82' lang='grc' dir='ltr'><strong>ι,</strong></span> <span class='ocrx_word' id='word_1_785' title='bbox 1809 5681 1861 5735; x_wconf 87' lang='grc'><strong>6.</strong></span> 
     </span>
    </p>
   </div>
   <div class='ocr_carea' id='block_1_106' title="bbox 1916 4564 3498 4637">
    <p class='ocr_par' dir='ltr' id='par_1_106' title="bbox 1916 4564 3498 4637">
     <span class='ocr_line' id='line_1_106' title="bbox 1916 4564 3498 4637; baseline -0.003 -17"><span class='ocrx_word' id='word_1_786' title='bbox 1916 4585 1947 4620; x_wconf 86' lang='lat' dir='ltr'><strong>a</strong></span> <span class='ocrx_word' id='word_1_787' title='bbox 1987 4567 2124 4635; x_wconf 80' lang='lat' dir='ltr'><strong>[acie</strong></span> <span class='ocrx_word' id='word_1_788' title='bbox 2165 4569 2321 4637; x_wconf 78' lang='lat' dir='ltr'><strong>ignis,</strong></span> <span class='ocrx_word' id='word_1_789' title='bbox 2350 4568 2425 4620; x_wconf 80' lang='lat' dir='ltr'><strong>sic</strong></span> <span class='ocrx_word' id='word_1_790' title='bbox 2473 4578 2687 4635; x_wconf 82' lang='lat' dir='ltr'><strong>pereant</strong></span> <span class='ocrx_word' id='word_1_791' title='bbox 2732 4577 3032 4634; x_wconf 65' lang='lat' dir='ltr'><strong>peccatores</strong></span> <span class='ocrx_word' id='word_1_792' title='bbox 3071 4583 3102 4618; x_wconf 91' lang='lat' dir='ltr'><strong>a</strong></span> <span class='ocrx_word' id='word_1_793' title='bbox 3144 4565 3281 4634; x_wconf 80' lang='lat' dir='ltr'><strong>facie</strong></span> <span class='ocrx_word' id='word_1_794' title='bbox 3305 4564 3498 4617; x_wconf 73' lang='lat' dir='ltr'><strong>Dei“?</strong></span> 
     </span>
    </p>
   </div>
   <div class='ocr_carea' id='block_1_107' title="bbox 1914 4656 3494 4728">
    <p class='ocr_par' dir='ltr' id='par_1_107' title="bbox 1914 4656 3494 4728">
     <span class='ocr_line' id='line_1_107' title="bbox 1914 4656 3494 4728; baseline -0.003 -16"><span class='ocrx_word' id='word_1_795' title='bbox 1914 4658 2199 4725; x_wconf 88' lang='lat' dir='ltr'><strong>Quomodo</strong></span> <span class='ocrx_word' id='word_1_796' title='bbox 2229 4674 2415 4712; x_wconf 85' lang='lat' dir='ltr'><strong>vocem</strong></span> <span class='ocrx_word' id='word_1_797' title='bbox 2454 4658 2545 4712; x_wconf 88' lang='lat' dir='ltr'><strong>Dei</strong></span> <span class='ocrx_word' id='word_1_798' title='bbox 2593 4660 2845 4722; x_wconf 88' lang='lat' dir='ltr'><strong>audiens,</strong></span> <span class='ocrx_word' id='word_1_799' title='bbox 2891 4659 3221 4728; x_wconf 89' lang='lat' dir='ltr'><strong>respondeat</strong></span> <span class='ocrx_word' id='word_1_800' title='bbox 3266 4656 3342 4709; x_wconf 91' lang='lat' dir='ltr'><strong>illi</strong></span> <span class='ocrx_word' id='word_1_801' title='bbox 3391 4658 3494 4709; x_wconf 87' lang='lat' dir='ltr'><strong>im-</strong></span> 
     </span>
    </p>
   </div>
   <div class='ocr_carea' id='block_1_108' title="bbox 1917 4752 3493 4822">
    <p class='ocr_par' dir='ltr' id='par_1_108' title="bbox 1917 4752 3493 4822">
     <span class='ocr_line' id='line_1_108' title="bbox 1917 4752 3493 4822; baseline -0.002 -17"><span class='ocrx_word' id='word_1_802' title='bbox 1917 4753 2171 4816; x_wconf 90' lang='lat' dir='ltr'><strong>mundus,</strong></span> <span class='ocrx_word' id='word_1_803' title='bbox 2203 4765 2367 4822; x_wconf 88' lang='lat' dir='ltr'><strong>atque</strong></span> <span class='ocrx_word' id='word_1_804' title='bbox 2410 4754 2761 4809; x_wconf 81' lang='lat' dir='ltr'><strong>exsecrabilis</strong></span> <span class='ocrx_word' id='word_1_805' title='bbox 2799 4752 2982 4820; x_wconf 77' lang='lat' dir='ltr'><strong>refuga</strong></span> <span class='ocrx_word' id='word_1_806' title='bbox 3032 4752 3301 4816; x_wconf 87' lang='lat' dir='ltr'><strong>diabolus,</strong></span> <span class='ocrx_word' id='word_1_807' title='bbox 3333 4766 3493 4820; x_wconf 83' lang='lat' dir='ltr'><strong>quem</strong></span> 
     </span>
    </p>
   </div>
   <div class='ocr_carea' id='block_1_109' title="bbox 1914 4842 3497 4916">
    <p class='ocr_par' dir='ltr' id='par_1_109' title="bbox 1914 4842 3497 4916">
     <span class='ocr_line' id='line_1_109' title="bbox 1914 4842 3497 4916; baseline -0.001 -19"><span class='ocrx_word' id='word_1_808' title='bbox 1914 4860 2013 4898; x_wconf 92' lang='lat' dir='ltr'><strong>nec</strong></span> <span class='ocrx_word' id='word_1_809' title='bbox 2073 4847 2245 4900; x_wconf 85' lang='lat' dir='ltr'><strong>sancti</strong></span> <span class='ocrx_word' id='word_1_810' title='bbox 2298 4846 2473 4916; x_wconf 81' lang='lat' dir='ltr'><strong>angeli</strong></span> <span class='ocrx_word' id='word_1_811' title='bbox 2538 4847 2756 4914; x_wconf 82' lang='lat' dir='ltr'><strong>dignum</strong></span> <span class='ocrx_word' id='word_1_812' title='bbox 2794 4846 2997 4899; x_wconf 81' lang='lat' dir='ltr'><strong>habent</strong></span> <span class='ocrx_word' id='word_1_813' title='bbox 3044 4861 3142 4900; x_wconf 91' lang='lat' dir='ltr'><strong>suo</strong></span> <span class='ocrx_word' id='word_1_814' title='bbox 3190 4842 3497 4911; x_wconf 89' lang='lat' dir='ltr'><strong>colloquio?</strong></span> 
     </span>
    </p>
   </div>
   <div class='ocr_carea' id='block_1_110' title="bbox 1916 4935 3492 5004">
    <p class='ocr_par' dir='ltr' id='par_1_110' title="bbox 1916 4935 3492 5004">
     <span class='ocr_line' id='line_1_110' title="bbox 1916 4935 3492 5004; baseline -0.004 -13"><span class='ocrx_word' id='word_1_815' title='bbox 1916 4936 2083 5004; x_wconf 88' lang='lat' dir='ltr'><strong>Cujus</strong></span> <span class='ocrx_word' id='word_1_816' title='bbox 2132 4936 2571 5003; x_wconf 84' lang='lat' dir='ltr'><strong>conjunctionem</strong></span> <span class='ocrx_word' id='word_1_817' title='bbox 2628 4937 2807 4991; x_wconf 88' lang='lat' dir='ltr'><strong>nullus</strong></span> <span class='ocrx_word' id='word_1_818' title='bbox 2858 4948 3173 4990; x_wconf 84' lang='lat' dir='ltr'><strong>sanctorum</strong></span> <span class='ocrx_word' id='word_1_819' title='bbox 3228 4935 3492 5002; x_wconf 88' lang='lat' dir='ltr'><strong>suscepit,</strong></span> 
     </span>
    </p>
   </div>
   <div class='ocr_carea' id='block_1_111' title="bbox 1854 5025 3496 5098">
    <p class='ocr_par' dir='ltr' id='par_1_111' title="bbox 1854 5025 3496 5098">
     <span class='ocr_line' id='line_1_111' title="bbox 1854 5025 3496 5098; baseline -0.002 -17"><span class='ocrx_word' id='word_1_820' title='bbox 1854 5048 1857 5051; x_wconf 56' lang='grc' dir='ltr'><strong><em>λ</em></strong></span> <span class='ocrx_word' id='word_1_821' title='bbox 1917 5043 2092 5097; x_wconf 88' lang='lat' dir='ltr'><strong>neque</strong></span> <span class='ocrx_word' id='word_1_822' title='bbox 2124 5029 2403 5098; x_wconf 78' lang='lat' dir='ltr'><strong>amplexus</strong></span> <span class='ocrx_word' id='word_1_823' title='bbox 2434 5031 2555 5083; x_wconf 89' lang='lat' dir='ltr'><strong>est?</strong></span> <span class='ocrx_word' id='word_1_824' title='bbox 2589 5030 2743 5096; x_wconf 88' lang='lat' dir='ltr'><strong>Quod</strong></span> <span class='ocrx_word' id='word_1_825' title='bbox 2778 5028 2976 5083; x_wconf 87' lang='lat' dir='ltr'><strong>claruit</strong></span> <span class='ocrx_word' id='word_1_826' title='bbox 3030 5029 3083 5081; x_wconf 91' lang='lat' dir='ltr'><strong>in</strong></span> <span class='ocrx_word' id='word_1_827' title='bbox 3136 5028 3297 5081; x_wconf 90' lang='lat' dir='ltr'><strong>beato</strong></span> <span class='ocrx_word' id='word_1_828' title='bbox 3327 5025 3496 5079; x_wconf 87' lang='lat' dir='ltr'><strong>Paulo</strong></span> 
     </span>
    </p>
   </div>
   <div class='ocr_carea' id='block_1_112' title="bbox 1917 5118 3497 5188">
    <p class='ocr_par' dir='ltr' id='par_1_112' title="bbox 1917 5118 3497 5188">
     <span class='ocr_line' id='line_1_112' title="bbox 1917 5118 3497 5188; baseline -0.002 -13"><span class='ocrx_word' id='word_1_829' title='bbox 1917 5129 1971 5175; x_wconf 91' lang='lat' dir='ltr'><strong>et</strong></span> <span class='ocrx_word' id='word_1_830' title='bbox 2001 5118 2135 5185; x_wconf 88' lang='lat' dir='ltr'><strong>Sila,</strong></span> <span class='ocrx_word' id='word_1_831' title='bbox 2172 5121 2367 5188; x_wconf 87' lang='lat' dir='ltr'><strong>quibus</strong></span> <span class='ocrx_word' id='word_1_832' title='bbox 2401 5120 2557 5175; x_wconf 85' lang='lat' dir='ltr'><strong>valde</strong></span> <span class='ocrx_word' id='word_1_833' title='bbox 2595 5121 2883 5175; x_wconf 88' lang='lat' dir='ltr'><strong>molestum</strong></span> <span class='ocrx_word' id='word_1_834' title='bbox 2932 5118 3028 5171; x_wconf 82' lang='lat' dir='ltr'><strong>fuit</strong></span> <span class='ocrx_word' id='word_1_835' title='bbox 3063 5120 3203 5187; x_wconf 90' lang='lat' dir='ltr'><strong>quod</strong></span> <span class='ocrx_word' id='word_1_836' title='bbox 3250 5118 3497 5174; x_wconf 86' lang='lat' dir='ltr'><strong>diabolus</strong></span> 
     </span>
    </p>
   </div>
   <div class='ocr_carea' id='block_1_113' title="bbox 1916 5202 3497 5283">
    <p class='ocr_par' dir='ltr' id='par_1_113' title="bbox 1916 5202 3497 5283">
     <span class='ocr_line' id='line_1_113' title="bbox 1916 5202 3497 5283; baseline -0.002 -15"><span class='ocrx_word' id='word_1_837' title='bbox 1916 5228 2012 5283; x_wconf 91' lang='lat' dir='ltr'><strong>per</strong></span> <span class='ocrx_word' id='word_1_838' title='bbox 2049 5213 2193 5268; x_wconf 78' lang='lat' dir='ltr'><strong>illius</strong></span> <span class='ocrx_word' id='word_1_839' title='bbox 2238 5214 2532 5268; x_wconf 89' lang='lat' dir='ltr'><strong>divinantis</strong></span> <span class='ocrx_word' id='word_1_840' title='bbox 2565 5214 2753 5282; x_wconf 74' lang='lat' dir='ltr'><strong>puella:</strong></span> <span class='ocrx_word' id='word_1_841' title='bbox 2795 5228 2857 5267; x_wconf 90' lang='lat' dir='ltr'><strong>os</strong></span> <span class='ocrx_word' id='word_1_842' title='bbox 2908 5212 2960 5265; x_wconf 92' lang='lat' dir='ltr'><strong>in</strong></span> <span class='ocrx_word' id='word_1_843' title='bbox 2996 5211 3375 5281; x_wconf 89' lang='lat' dir='ltr'><strong>Pltilippenses</strong></span> <span class='ocrx_word' id='word_1_844' title='bbox 3407 5202 3497 5266; x_wconf 39' lang='lat' dir='ltr'><strong>see</strong></span> 
     </span>
    </p>
   </div>
   <div class='ocr_carea' id='block_1_114' title="bbox 1917 5304 3497 5374">
    <p class='ocr_par' dir='ltr' id='par_1_114' title="bbox 1917 5304 3497 5374">
     <span class='ocr_line' id='line_1_114' title="bbox 1917 5304 3497 5374; baseline -0.001 -15"><span class='ocrx_word' id='word_1_845' title='bbox 1917 5317 2147 5374; x_wconf 88' lang='lat' dir='ltr'><strong>quentes</strong></span> <span class='ocrx_word' id='word_1_846' title='bbox 2190 5321 2285 5359; x_wconf 87' lang='lat' dir='ltr'><strong>eos</strong></span> <span class='ocrx_word' id='word_1_847' title='bbox 2327 5306 2669 5369; x_wconf 85' lang='lat' dir='ltr'><strong>clamaverit,</strong></span> <span class='ocrx_word' id='word_1_848' title='bbox 2710 5316 2993 5373; x_wconf 86' lang='lat' dir='ltr'><strong>usquequo</strong></span> <span class='ocrx_word' id='word_1_849' title='bbox 3053 5318 3157 5356; x_wconf 92' lang='lat' dir='ltr'><strong>non</strong></span> <span class='ocrx_word' id='word_1_850' title='bbox 3218 5304 3497 5358; x_wconf 81' lang='lat' dir='ltr'><strong>sustinens</strong></span> 
     </span>
    </p>
   </div>
   <div class='ocr_carea' id='block_1_115' title="bbox 1916 5393 3495 5466">
    <p class='ocr_par' dir='ltr' id='par_1_115' title="bbox 1916 5393 3495 5466">
     <span class='ocr_line' id='line_1_115' title="bbox 1916 5393 3495 5466; baseline -0.005 -11"><span class='ocrx_word' id='word_1_851' title='bbox 1916 5400 2117 5456; x_wconf 91' lang='lat' dir='ltr'><strong>Paulus</strong></span> <span class='ocrx_word' id='word_1_852' title='bbox 2143 5399 2410 5455; x_wconf 76' lang='lat' dir='ltr'><strong>confusus</strong></span> <span class='ocrx_word' id='word_1_853' title='bbox 2436 5398 2569 5453; x_wconf 91' lang='lat' dir='ltr'><strong>illud</strong></span> <span class='ocrx_word' id='word_1_854' title='bbox 2608 5397 2934 5452; x_wconf 66' lang='lat' dir='ltr'><strong>daemonium</strong></span> <span class='ocrx_word' id='word_1_855' title='bbox 2972 5396 3198 5466; x_wconf 81' lang='lat' dir='ltr'><strong>pepulit.</strong></span> <span class='ocrx_word' id='word_1_856' title='bbox 3228 5393 3495 5449; x_wconf 85' lang='lat' dir='ltr'><strong>Omnibus</strong></span> 
     </span>
    </p>
   </div>
   <div class='ocr_carea' id='block_1_116' title="bbox 1919 5484 3496 5561">
    <p class='ocr_par' dir='ltr' id='par_1_116' title="bbox 1919 5484 3496 5561">
     <span class='ocr_line' id='line_1_116' title="bbox 1919 5484 3496 5561; baseline -0.006 -16"><span class='ocrx_word' id='word_1_857' title='bbox 1919 5491 2105 5561; x_wconf 89' lang='lat' dir='ltr'><strong>itaque</strong></span> <span class='ocrx_word' id='word_1_858' title='bbox 2153 5491 2327 5547; x_wconf 93' lang='lat' dir='ltr'><strong>modis</strong></span> <span class='ocrx_word' id='word_1_859' title='bbox 2372 5490 2788 5560; x_wconf 86' lang='lat' dir='ltr'><strong>comprobatum</strong></span> <span class='ocrx_word' id='word_1_860' title='bbox 2829 5497 2940 5554; x_wconf 89' lang='lat' dir='ltr'><strong>est,</strong></span> <span class='ocrx_word' id='word_1_861' title='bbox 2990 5489 3115 5557; x_wconf 83' lang='lat' dir='ltr'><strong>quia</strong></span> <span class='ocrx_word' id='word_1_862' title='bbox 3162 5484 3412 5539; x_wconf 83' lang='lat' dir='ltr'><strong>diabolus</strong></span> <span class='ocrx_word' id='word_1_863' title='bbox 3462 5500 3496 5536; x_wconf 87' lang='lat' dir='ltr'><strong>a</strong></span> 
     </span>
    </p>
   </div>
   <div class='ocr_carea' id='block_1_117' title="bbox 1917 5576 3499 5652">
    <p class='ocr_par' dir='ltr' id='par_1_117' title="bbox 1917 5576 3499 5652">
     <span class='ocr_line' id='line_1_117' title="bbox 1917 5576 3499 5652; baseline -0.006 -15"><span class='ocrx_word' id='word_1_864' title='bbox 1917 5585 2125 5638; x_wconf 90' lang='lat' dir='ltr'><strong>sanctis</strong></span> <span class='ocrx_word' id='word_1_865' title='bbox 2172 5585 2363 5652; x_wconf 90' lang='lat' dir='ltr'><strong>pulsus</strong></span> <span class='ocrx_word' id='word_1_866' title='bbox 2413 5592 2520 5645; x_wconf 87' lang='lat' dir='ltr'><strong>est,</strong></span> <span class='ocrx_word' id='word_1_867' title='bbox 2566 5592 2731 5651; x_wconf 87' lang='lat' dir='ltr'><strong>atque</strong></span> <span class='ocrx_word' id='word_1_868' title='bbox 2779 5592 3090 5636; x_wconf 80' lang='lat' dir='ltr'><strong>sanctorum</strong></span> <span class='ocrx_word' id='word_1_869' title='bbox 3148 5576 3499 5646; x_wconf 82' lang='lat' dir='ltr'><strong>praesentiam</strong></span> 
     </span>
    </p>
   </div>
   <div class='ocr_carea' id='block_1_118' title="bbox 1941 5668 3492 5745">
    <p class='ocr_par' dir='ltr' id='par_1_118' title="bbox 1941 5668 3492 5745">
     <span class='ocr_line' id='line_1_118' title="bbox 1941 5668 3492 5745; baseline -0.007 -10"><span class='ocrx_word' id='word_1_870' title='bbox 1941 5681 1987 5712; x_wconf 82' lang='grc'><strong>⁷⁸</strong></span> <span class='ocrx_word' id='word_1_871' title='bbox 2028 5679 2169 5737; x_wconf 79' lang='lat' dir='ltr'><strong>Psal.</strong></span> <span class='ocrx_word' id='word_1_872' title='bbox 2211 5695 2364 5745; x_wconf 80' lang='lat' dir='ltr'><strong>xxttt,</strong></span> <span class='ocrx_word' id='word_1_873' title='bbox 2402 5679 2451 5733; x_wconf 89' lang='lat'><strong>7.</strong></span> <span class='ocrx_word' id='word_1_874' title='bbox 2517 5678 2561 5712; x_wconf 79' lang='grc' dir='ltr'><strong>τ’</strong></span> <span class='ocrx_word' id='word_1_875' title='bbox 2592 5678 2695 5735; x_wconf 90' lang='lat' dir='ltr'><strong>lsa.</strong></span> <span class='ocrx_word' id='word_1_876' title='bbox 2749 5692 2897 5743; x_wconf 71' lang='lat' dir='ltr'><strong>xxvi,</strong></span> <span class='ocrx_word' id='word_1_877' title='bbox 2930 5676 3015 5729; x_wconf 84' lang='lat' dir='ltr'><strong>l0.</strong></span> <span class='ocrx_word' id='word_1_878' title='bbox 3096 5672 3139 5704; x_wconf 83' lang='grc'><strong>⁸⁰</strong></span> <span class='ocrx_word' id='word_1_879' title='bbox 3167 5671 3309 5727; x_wconf 84' lang='lat' dir='ltr'><strong>Psal.</strong></span> <span class='ocrx_word' id='word_1_880' title='bbox 3360 5687 3396 5734; x_wconf 87' lang='grc' dir='ltr'><strong>ι,</strong></span> <span class='ocrx_word' id='word_1_881' title='bbox 3435 5668 3492 5724; x_wconf 73' lang='grc' dir='ltr'><strong>ιι.</strong></span> 
     </span>
    </p>
   </div>
  </div>
