3884 6218
389 239 497 302 405

1519 240 1901 297 ΑΝΟΝῩΜΗΞ
1937 239 2006 295 IN
2043 239 2187 297 JOB.
2225 271 2294 280 -—
2331 239 2461 296 LIB.
2495 240 2538 294 Ι.

3526 238 3634 294 404

395 381 502 422 non
556 362 848 428 sustinuit,
877 360 1012 417 'sive
1053 360 1403 430 angelorum,
1453 360 1569 414 sive
1628 359 1906 414 hominum
1942 376 1955 410 :
1991 359 2117 419 Ain
2165 359 2378 426 spiritu,
2430 365 2617 426 utpote
2671 367 2776 408 non
2829 349 3089 419 carnalia,
3137 351 3229 407 sed
3279 350 3540 422 spiritalia
3575 352 3632 405 i-n

391 458 563 514 multo
599 456 770 524 magis
811 456 1106 508 terribilem
1152 455 1242 508 Dei
1289 455 1627 524 praesentiam
1661 466 1766 506 non
1793 451 1959 505 susti-

389 547 560 610 nebit,
597 561 775 616 neque
823 555 948 600 ante
991 545 1286 614 gloriosam
1336 544 1431 598 Dei
1486 542 1680 596 faciem
1717 543 1952 598 accedet.

391 638 447 692 Si
485 637 630 692 enim
657 652 777 691 cum
807 635 874 690 ad
911 646 1082 689 terras
1111 635 1321 689 veniret
1349 633 1702 701 Unigenitus,
1737 631 1961 687 Deitatis

393 729 447 783 in
492 744 552 785 se
593 729 848 784 virtutem
899 735 1062 796 atque
1113 741 1392 781 accessum
1430 741 1534 778 non
1572 725 1863 786 sustinens,
1893 737 1961 777 ne

393 827 758 888 torqueretur,
793 818 1002 886 rogavit
1034 833 1046 868 :
1081 818 1350 886 quomodo
1395 815 1462 869 ad
1495 815 1960 883 incorruptionem

393 910 678 972 accedens,
708 916 837 962 ante
866 906 1011 960 illam
1042 905 1445 961 intolerabilem
1472 916 1635 975 atque
1663 905 1960 960 inaccessi-

393 1000 556 1056 bilem
611 999 705 1053 Dei
752 996 952 1053 faciem
998 997 1181 1060 stabit,
1218 1005 1273 1051 et
1318 1011 1504 1051 vocem
1535 995 1824 1050 verborum
1861 1011 1961 1048 au-

391 1091 570 1155 diens,
601 1105 922 1160 responsum
959 1099 1121 1160 atque
1148 1089 1560 1160 replicationem
1589 1089 1778 1144 dabit?
1811 1088 1964 1155 Quod

391 1195 476 1238 est
501 1184 754 1237 omnibus
787 1182 960 1237 modis
988 1193 1043 1236 et
1079 1183 1345 1246 illicitum,
1372 1191 1423 1235 et
1455 1181 1804 1250 impossibile.
1835 1181 1966 1236 Post

391 1291 513 1345 qua:
549 1276 826 1341 universa,
850 1291 884 1332 ο
915 1277 1096 1339 amici,
1132 1287 1192 1331 ut
1235 1277 1488 1347 superius
1529 1276 1660 1339 dixi,
1699 1274 1966 1345 intelliga-

392 1382 514 1421 mus
543 1366 704 1421 verba
730 1375 934 1421 sancta:
963 1366 1282 1436 Scripturte.

467 1456 692 1512 Venisse
731 1457 976 1512 diabolus
1024 1457 1229 1512 dicitur
1282 1466 1408 1512 ante
1458 1457 1648 1522 Deum,
1675 1457 1968 1510 etaudisse

395 1564 426 1603 a
466 1548 596 1614 Deo,
635 1558 690 1602 et
735 1550 1080 1618 reSpondisse
1131 1548 1263 1613 Deo,
1295 1563 1404 1603 non
1443 1548 1583 1617 quod
1622 1548 1890 1618 malignus
1915 1555 1969 1602 et

395 1639 706 1694 immundus
745 1649 912 1708 atque
964 1639 1286 1694 tenebrosus
1321 1639 1571 1693 diabolus
1611 1637 1751 1694 facie
1777 1640 1844 1694 ad
1887 1639 1968 1693 fa-

392 1729 530 1782 ciem
569 1730 782 1784 steterit
813 1739 938 1784 ante
982 1731 1172 1785 Deum.
1214 1729 1413 1785 Absit:
1448 1731 1571 1799 quis
1621 1731 1763 1785 enim
1799 1733 1967 1786 durus
1999 1701 2045 1760 Β

393 1820 622 1877 effectus
671 1823 965 1888 sustineat,
997 1822 1194 1892 inquit,
1237 1825 1582 1892 praesentiam
1613 1822 1766 1890 ejus?
1804 1822 1969 1878 Paulo

396 1924 515 1984 post
539 1915 591 1967 in
617 1914 807 1968 eodem
833 1913 993 1976 libro,
1032 1914 1135 1968 hoc
1166 1925 1272 1980 est,
1299 1914 1422 1983 quis
1451 1914 1622 1969 durus
1648 1914 1872 1970 effectus
1902 1914 1970 1970 ad

397 2021 502 2060 non
548 2005 943 2073 pcenitendum,
988 2005 1238 2060 timorem
1292 2014 1457 2075 atque
1511 2007 1765 2061 virtutem
1800 2006 1972 2061 susti-

395 2105 522 2151 neat
570 2095 749 2150 vultus
789 2096 947 2164 ejus?
992 2095 1139 2163 ldeo,
1178 2105 1237 2150 ut
1281 2098 1530 2165 superius
1574 2097 1832 2164 diximus,
1863 2109 1972 2151 non

396 2189 452 2242 in
486 2202 715 2259 persona
741 2190 891 2242 venit
936 2188 1307 2258 nequissimus
1341 2190 1594 2246 diabolus
1616 2200 1745 2245 ante
1775 2191 1969 2254 Deum,

395 2283 493 2336 sed
534 2280 803 2346 consiliis,
831 2289 887 2334 et
917 2281 1360 2351 cogitationibus,
1392 2291 1556 2352 atque
1583 2282 1836 2353 nequitiae
1861 2297 1972 2337 suae

398 2371 837 2428 meditationibus
865 2387 878 2424 :
903 2381 958 2426 et
1005 2386 1124 2440 quae
1155 2373 1412 2442 cogitavit
1439 2376 1504 2428 de
1536 2388 1622 2439 eo,
1657 2388 1775 2443 qua:
1808 2374 1971 2429 etiam

395 2464 463 2517 de
505 2458 605 2517 Job
658 2460 829 2530 justo,
880 2462 996 2516 lucc
1043 2471 1312 2517 venerunt
1362 2470 1492 2516 ante
1545 2462 1736 2529 Deum,
1780 2462 1971 2517 horum

398 2555 662 2610 memoria
694 2555 844 2608 venit
889 2555 944 2608 in
983 2565 1278 2625 conspectu
1329 2554 1518 2608 aeterni
1548 2553 1665 2610 Dei.
1704 2553 1830 2610 Haec
1861 2570 1973 2610 me-

399 2664 617 2704 morans
640 2647 852 2720 Moyses
886 2661 1149 2718 personas
1179 2647 1330 2717 ponit
1360 2657 1522 2715 atque
1557 2647 1808 2701 ostendit.
1845 2646 1974 2702 Per-

398 2740 550 2794 sonis
578 2740 772 2810 quibus
794 2739 1000 2794 utitur?
1031 2739 1336 2809 Aliquando
1361 2737 1699 2808 angelorum,
1721 2737 1974 2806 aliquan-

399 2833 470 2886 do
504 2832 724 2896 diaboli,
753 2846 1149 2901 nonnunquam
1187 2840 1368 2885 autem
1394 2830 1510 2895 Dei,
1549 2837 1608 2883 ut
1634 2844 1732 2899 per
1757 2828 1972 2896 signifi-

398 2924 640 2978 cationes
676 2938 1029 2994 personarum
1074 2937 1137 2977 ea
1186 2937 1310 2991 qua:
1342 2922 1675 2990 contigerint
1704 2923 1974 2990 designet,

398 3028 455 3072 et
504 3033 625 3086 qua:
678 3017 821 3072 facta
881 3026 1008 3072 sunt
1052 3015 1383 3070 manifestat.
1449 3014 1691 3082 Quorum
1753 3015 1974 3069 evidens

401 3109 708 3178 exemplum
768 3109 821 3164 in
878 3108 1036 3163 nobis
1098 3107 1480 3176 reperimus,o
1538 3107 1720 3161 amici.
1753 3105 1883 3160 Nam
1919 3115 1974 3161 et

399 3201 714 3269 frequenter
739 3198 989 3254 sensibus
1019 3199 1220 3253 nostris
1252 3197 1343 3252 illo
1387 3199 1683 3268 pergimus,
1715 3197 1802 3252 ubi
1834 3213 1974 3251 nun-

396 3308 562 3362 quam
597 3306 826 3362 corpore
861 3301 1159 3361 praesentes
1201 3289 1423 3355 fuimus,
1449 3291 1565 3345 sive
1596 3290 1649 3343 in
1678 3290 1874 3345 caelum
1905 3291 1973 3343 ad

399 3384 595 3450 Deum,
624 3385 740 3440 sive
765 3386 820 3438 in
848 3393 1048 3438 terram
1072 3384 1151 3456 ad
1197 3384 1465 3438 homines.
1499 3384 1654 3453 Saepe
1680 3386 1747 3440 ad
1778 3384 1974 3439 absen-

403 3487 489 3531 tes
507 3475 779 3548 'tanquam
816 3478 882 3531 ad
923 3486 1225 3547 prtesentes
1268 3475 1567 3545 loquimur,
1601 3486 1655 3531 et
1695 3477 1977 3547 cogitation

403 3571 564 3626 nibus
595 3570 797 3625 nostris
825 3585 947 3623 cum
971 3569 1078 3623 illis
1101 3569 1195 3638 qui
1227 3568 1382 3624 valde
1412 3569 1569 3639 longe
1601 3579 1728 3624 sunt
1754 3580 1976 3624 conten-

399 3663 601 3728 dimus,
631 3674 687 3716 et
717 3663 1070 3728 altercamur,
1101 3672 1376 3718 certamus
1411 3677 1628 3732 quoque
1653 3672 1708 3718 et
1748 3665 1977 3734 replica-

399 3769 546 3822 mus,
592 3763 646 3809 et
679 3769 748 3808 ex
798 3753 1011 3808 illorum
1058 3767 1291 3822 persona
1336 3756 1757 3821 controversias,
1812 3765 1976 3825 atque

403 3848 806 3917 replicationes,
833 3848 992 3903 nobis
1027 3847 1160 3916 ipsis
1192 3848 1441 3903 facimus.
1474 3846 1627 3918 Sazpe
1649 3851 1813 3903 etiam
1839 3859 1895 3903 et
1925 3850 1975 3903 in

402 3940 603 3996 caelum
653 3941 720 3995 ad
764 3941 929 3994 Deum
977 3939 1327 3995 ascendimus
1365 3952 1420 3994 et
1451 3949 1713 4009 tanquam
1763 3941 1820 3994 in
1846 3956 1978 3994 con-

404 4045 599 4102 spectu
635 4033 728 4088 Dei
757 4033 810 4087 in
844 4032 1076 4088 excelsis
1107 4032 1273 4086 animi
1301 4032 1534 4098 visione,
1567 4041 1730 4101 atque
1754 4032 1978 4100 spiritus

403 4123 711 4180 elevatione
743 4136 972 4190 stamus,
1005 4134 1061 4180 et
1090 4130 1157 4179 ad
1193 4125 1358 4179 Deum
1402 4125 1699 4194 loquimur,
1723 4133 1778 4179 et
1811 4140 1840 4177 a
1869 4124 1978 4178 Deo

405 4219 672 4280 audimus,
703 4229 866 4288 atque
898 4219 1007 4272 Deo
1035 4233 1351 4287 responsum
1385 4219 1595 4272 damus.
1621 4217 1686 4271 Et
1713 4218 1826 4272 haec
1853 4217 1978 4271 uni-

404 4324 565 4364 versa
597 4309 825 4363 dicimus
870 4308 1049 4362 adhuc
1090 4309 1141 4361 in
1181 4322 1410 4376 corpore
1439 4309 1623 4377 positi,
1651 4317 1816 4376 atque
1855 4321 1980 4361 car-

2059 451 2206 528 omni
2257 461 2500 521 tempore
2550 450 2878 520 cogitantes,
2913 459 3170 517 tanquam
3204 450 3347 502 inter
3381 446 3635 502 homines

2061 559 2223 613 super
2254 552 2454 598 terram
2484 543 2608 606 visi,
2638 542 2805 595 animi
2841 555 2972 595 vero
3003 540 3187 594 studio
3221 549 3348 592 ante
3375 539 3541 593 Deum
3573 539 3631 592 in

2061 637 2199 691 caelo
2237 635 2404 689 fuisse
2433 631 2787 702 comprobati.
2823 631 3094 699 Ejusmodi
3134 629 3316 683 dicunt
3342 644 3464 682 cum
3496 628 3634 680 fidu-

2062 729 2148 782 cia
2173 744 2187 782 :
2220 726 2511 788 Habitatio,
2543 725 2623 779 vel
2641 723 2965 778 conversatio
2995 731 3177 776 nostra
3211 721 3274 774 in
3299 721 3437 773 caelis
3465 729 3540 773 est
3563 719 3631 771 ⁸³.

2063 819 2124 874 Si
2155 820 2319 889 igitur
2345 818 2594 871 homines
2627 831 2792 870 carne
2835 816 3031 880 induti,
3063 823 3121 868 et
3143 812 3495 882 corruptione
3526 811 3637 865 eir-

2063 909 2303 964 cumdati
2337 907 2393 962 in
2419 907 2570 962 coelis
2596 918 2722 961 ante
2753 907 2918 959 Deum
2949 913 3094 959 stare
3123 913 3179 959 et
3208 917 3330 957 esse
3363 902 3636 967 dicuntur,

2064 1016 2170 1056 non
2203 1009 2392 1054 natura
2422 999 2550 1052 illuc
2571 996 2825 1068 profecti,
2850 997 2944 1051 sed
2965 995 3246 1050 voluntate
3271 1003 3326 1049 et
3342 992 3634 1056 desiderio,

2066 1093 2236 1146 animi
2267 1091 2616 1146 meditatione
2633 1091 2831 1156 evecti,
2863 1090 2990 1159 quid
3024 1103 3278 1159 magnum
3313 1089 3358 1142 si
3391 1086 3640 1142 diabolus

2065 1201 2188 1240 cum
2215 1184 2286 1239 sit
2313 1184 2535 1254 spiritus
2560 1193 2614 1238 et
2642 1181 3126 1251 incorruptibiliter
3146 1195 3328 1235 aerem
3356 1189 3641 1249 pertrans-

2066 1277 2183 1332 ieus
2223 1286 2278 1330 et
2319 1277 2562 1346 pelagus,
2601 1283 2725 1330 ante
2778 1274 2946 1328 Deum
2991 1272 3203 1326 venisse
3249 1269 3482 1323 dicitur?
3520 1267 3642 1321 Non

2067 1363 2210 1432 quod
2235 1364 2348 1431 ipse
2375 1364 2543 1425 venit,
2568 1362 2664 1416 sed
2703 1371 2968 1416 venerunt
2991 1357 3322 1414 immortales
3354 1357 3645 1428 cogitatio.-

2067 1469 2165 1508 nes
2186 1454 2302 1523 ejus
2328 1473 2342 1507 :
2377 1464 2537 1523 atque
2567 1453 2913 1522 nequissima:
2942 1451 3300 1521 cogitationes
3334 1449 3474 1518 ejus.
3505 1449 3640 1500 Nam

2068 1548 2210 1602 sicut
2239 1548 2304 1600 ad
2328 1546 2639 1602 Cornelium
2666 1546 2868 1600 dictum
2900 1545 2966 1598 de
2991 1544 3149 1598 bonis
3175 1557 3191 1596 :
3218 1542 3499 1596 Orationes
3533 1550 3644 1594 tua:

2071 1652 2118 1696 et
2151 1641 2486 1708 eleemosynaz
2518 1647 2622 1692 tua:
2649 1639 2991 1692 ascenderunt
3010 1638 3064 1690 in
3088 1635 3392 1689 memoriam
3428 1635 3482 1688 in
3511 1650 3644 1687 con-

2071 1744 2251 1802 spectu
2303 1732 2512 1797 Deis",
2547 1732 2628 1787 sic
2657 1731 2934 1786 ctdictum
2963 1738 3048 1783 est
3098 1727 3308 1783 diabolo
3354 1728 3418 1782 de
3463 1725 3645 1791 malis,

2072 1825 2445 1893 malignitates
2475 1832 2788 1893 tute,atque
2823 1821 3138 1890 iniquitates
3187 1819 3550 1874 ascenderunt
3590 1817 3646 1871 in

2071 1918 2395 1972 memoriam
2443 1917 2495 1971 in
2551 1923 2847 1984 conspectu
2887 1913 3004 1967 Dei.
3055 1911 3340 1979 Quomodo
3387 1911 3651 1966 ascende-

2072 2010 2234 2064 runt?
2272 2010 2316 2063 A
2346 2009 2551 2064 sanctis
2576 2008 2786 2077 angelis
2810 2006 3025 2061 oblatae.
3063 2006 3217 2059 Sicut
3241 2005 3385 2059 enim
3408 2002 3651 2059 offerunt

2072 2101 2246 2156 sancti
2292 2102 2469 2171 angeli
2517 2100 2838 2155 memoriam
2862 2099 3155 2167 justorum,
3194 2098 3650 2168 atquejustifica-

2073 2193 2252 2247 tiones
2299 2208 2486 2247 eorum
2536 2201 2663 2246 ante
2713 2191 2928 2246 Deum:
2966 2190 3046 2246 sic
3093 2191 3347 2245 similiter
3398 2188 3652 2247 deferunt

2072 2283 2236 2337 iidem
2300 2282 2473 2353 angeli
2522 2283 2836 2336 memoriam
2888 2280 3132 2347 malitias,
3193 2290 3358 2351 atque
3394 2280 3652 2348 nequitia:

2074 2375 2300 2440 diaboli,
2330 2375 2521 2429 livoris
2551 2388 2763 2444 quoque
2793 2374 2910 2444 ejus
2947 2383 3004 2428 et
3039 2371 3255 2427 invidiae
3283 2388 3444 2441 quam
3482 2372 3652 2427 habet

2074 2467 2221 2520 circa
2283 2474 2504 2521 sanctos
2552 2465 2604 2519 in
2657 2471 2951 2532 conspectu
3016 2462 3277 2516 terribilis
3324 2461 3442 2516 Dei.
3492 2463 3652 2529 Quod

2074 2567 2254 2612 autem
2286 2555 2521 2611 offerunt
2550 2555 2769 2624 gloriosi
2796 2553 2972 2624 angeli
3010 2555 3061 2608 in
3095 2563 3391 2622 conspectu
3427 2555 3648 2608 Domini

2075 2650 2192 2705 hate
2226 2650 2505 2714 universa,
2540 2649 2635 2702 Dei
2685 2647 2925 2717 Raphael
2967 2648 3189 2701 nuntius
3224 2648 3378 2700 testis
3410 2657 3516 2710 est,
3554 2649 3651 2714 qui

2077 2743 2291 2797 locutus
2323 2751 2408 2797 est
2450 2741 2518 2794 ad
2564 2740 2788 2795 Tobiam
2831 2742 3022 2795 dicens
3054 2755 3068 2793 :
3098 2739 3229 2793 Cum
3265 2755 3445 2792 orares
3482 2749 3653 2804 ,τιθεῖ

2077 2835 2219 2891 Sara
2249 2835 2364 2904 ﬁlia
2402 2834 2677 2905 Raguelis,
2711 2850 2804 2903 ego
2835 2833 3002 2888 obtuli
3037 2832 3344 2887 memoriam
3391 2831 3653 2886 orationis

2077 2940 2286 2993 vestrm,
2334 2939 2380 2982 et
2420 2929 2656 2996 legitima
2692 2927 2805 2997 ejus
2843 2928 2897 2980 in
2928 2935 3205 2996 conspectu
3249 2925 3433 2995 gloria:
3464 2924 3561 2978 Dei
3577 2925 3649 2979 ⁸⁸.

2003 3057 2045 3114 Ο
2079 3019 2328 3076 Offerunt
2373 3019 2727 3073 nihilominus
2775 3018 2951 3072 sancti
3002 3017 3182 3087 angeli
3219 3016 3310 3072 Dei
3356 3031 3462 3072 non
3490 3017 3655 3086 quasi

2083 3113 2294 3167 nesciat
2330 3111 2377 3165 is
2407 3113 2497 3180 qui
2553 3111 2735 3166 omnia
2777 3110 2928 3165 novit
2955 3119 3243 3179 antequam
3281 3109 3435 3173 ﬁant,
3469 3109 3566 3164 sed
3594 3119 3657 3164 ut

2084 3215 2248 3260 testes
2274 3203 2579 3258 efﬁciantur
2603 3203 2915 3257 sanctitatis
2939 3213 3102 3270 atque
3124 3199 3653 3271 pietatisjustorum.

2083 3297 2283 3350 lterum
2317 3306 2572 3364 tanquam
2600 3293 2856 3349 delleutes
2892 3294 3221 3363 impietates,
3248 3303 3411 3362 atque
3438 3291 3651 3359 injusti-

2086 3390 2186 3442 tias
2241 3387 2593 3458 injustorum,
2657 3395 2751 3439 aut
2805 3386 2970 3440 etiam
3029 3385 3198 3453 ipsius
3241 3383 3468 3440 diaboli.
3529 3383 3659 3438 Haec

2084 3493 2322 3549 namque
2379 3479 2759 3532 demonstrans
2804 3486 2967 3545 atque
3015 3476 3330 3545 significans
3388 3475 3657 3531 Dominus

2083 3573 2220 3628 dicit
2253 3573 2317 3626 de
2360 3571 2465 3625 illis
2497 3570 2654 3625 bonis
2680 3571 2850 3624 servis
2882 3570 3009 3637 (hoc
3037 3578 3120 3623 est
3145 3569 3210 3623 de
3236 3568 3502 3638 angelis):
3544 3565 3650 3621 Ve-

2085 3668 2280 3720 nientes
2323 3674 2497 3718 autem
2531 3662 2906 3715 nuntiaverunt
2935 3663 3145 3716 domino
3189 3678 3286 3715 suo
3325 3661 3506 3715 omnia
3536 3677 3659 3731 qua?

2085 3759 2229 3829 facta
2253 3759 2460 3827 fuerant
2493 3756 2583 3812 ⁸⁶’.

2158 3852 2248 3905 Sic
2295 3851 2479 3921 itaque
2518 3851 2827 3906 omnimode
2869 3858 3146 3904 ostensum
3179 3858 3283 3912 εει,
3313 3856 3369 3902 et
3394 3863 3493 3918 per
3525 3863 3659 3902 san-

2086 3955 2296 4000 ctorum
2347 3946 2533 4009 verba,
2586 3953 2750 4014 atque
2792 3943 3072 4006 historias,
3099 3951 3152 3994 et
3199 3955 3295 4008 per
3341 3940 3658 4009 angelorum

2087 4039 2250 4101 dicta,
2277 4037 2404 4106 quia
2450 4052 2558 4090 non
2600 4051 2835 4106 persona
2859 4050 2953 4088 sua
2986 4033 3074 4086 illa
3104 4047 3264 4096 sava,
3295 4032 3521 4096 crudeli,
3559 4033 3662 4086 ob-

2087 4143 2272 4194 scena,
2329 4137 2491 4197 atque
2547 4127 2892 4187 exsecrabili,
2928 4126 3210 4180 tenebrosa
3243 4138 3458 4195 quoque
3486 4133 3659 4192 atque

2088 4221 2456 4285 abominabili,
2501 4220 2716 4274 venerit
2763 4219 3011 4273 diabolus
3064 4219 3117 4272 in
3158 4225 3450 4285 conspectu
3477 4219 3656 4269 sancti

2086 4328 2151 4368 ac
2180 4313 2400 4383 gloriosi
2429 4313 2548 4378 Dei,
2583 4314 2677 4367 sed
2717 4310 2971 4380 nequitiae
3006 4310 3355 4375 revelatione,
3390 4309 3484 4365 sed
3519 4311 3660 4364 livo-

405 4403 493 4459 uis
518 4402 866 4471 corruptione
899 4415 1064 4470 super
1091 4411 1290 4456 terram
1320 4403 1663 4456 circumdati.
1693 4401 1844 4468 Quod
1877 4417 1975 4455 au-
2009 4419 2054 4475 ι)
2089 4406 2164 4460 ris
2189 4416 2354 4474 atque
2383 4404 2600 4459 invidia:
2644 4403 3060 4473 approbatione,
3092 4412 3147 4456 et
3176 4401 3455 4472 injustitiaa
3483 4401 3660 4456 incre-

408 4505 517 4549 tem
552 4495 626 4548 ita
655 4494 748 4557 sit,
781 4503 982 4548 norunt
1012 4495 1047 4548 ii
1078 4495 1168 4562 qui
1213 4494 1413 4548 sinceri
1460 4505 1587 4548 sunt
1616 4494 1760 4548 circa
1790 4493 1981 4557 Deum,

408 4587 488 4643 illi
516 4587 609 4656 qui
638 4586 837 4641 animis
859 4586 973 4640 suis
997 4586 1064 4639 ad
1091 4585 1528 4656 incorruptibilia
1564 4595 1727 4653 atque
1761 4584 1978 4638 excelsa

408 4694 626 4748 semper
651 4679 956 4733 intendunt.
976 4678 1069 4732 Sic
1101 4677 1312 4732 locutus
1344 4685 1426 4731 est
1451 4680 1517 4730 ad
1547 4677 1717 4730 Deum
1749 4675 1982 4745 Moyses,

410 4771 632 4840 quando
667 4771 943 4840 respondit
973 4769 1052 4824 illi
1076 4771 1218 4824 Deus
1245 4770 1434 4825 dicens
1463 4786 1477 4824 :
1511 4768 1651 4834 Quid
1692 4769 1890 4822 clamas
1915 4769 1983 4820 ad

409 4879 492 4918 me
511 4863 596 4916 "‘2
625 4862 717 4916 Sic
751 4863 901 4917 stetit
928 4871 1055 4916 ante
1098 4861 1267 4916 Deum
1298 4861 1447 4916 Elias
1472 4875 1592 4915 cum
1625 4861 1850 4925 diceret,
1891 4857 1983 4913 Vi-

411 4959 485 5011 uit
516 4955 773 5009 Dominus
808 4955 893 5008 cui
925 4963 1041 5007 asto
1083 4955 1137 5007 in
1186 4963 1464 5021 conspectu
1504 4952 1617 5021 ejus
1640 4952 1708 5006 ⁸³.
1760 4952 1828 5006 Et
1891 4949 1981 5004 alii

411 5045 841 5102 innumerabiles
895 5046 1258 5100 ostenduntur
1316 5059 1381 5098 ex
1437 5044 1754 5113 Scripturis,
1801 5049 1856 5096 et
1914 5044 1982 5096 ad

411 5142 582 5196 Deum
635 5139 801 5195 locuti
849 5138 1040 5204 fuisse,
1069 5147 1123 5193 et
1155 5154 1184 5190 a
1212 5138 1410 5192 saeculo
1434 5139 1672 5203 audisse,
1695 5147 1750 5191 et
1782 5137 1978 5190 identi-

414 5236 537 5289 dem
557 5233 669 5287 Deo
703 5232 1066 5296 respondisse,
1095 5245 1203 5285 non
1225 5245 1460 5300 corpore
1482 5239 1661 5284 tamen
1697 5230 1750 5284 in
1781 5229 1985 5285 coelum

413 5326 472 5380 in
527 5333 825 5395 conspectu
863 5324 958 5378 Dei
1004 5323 1343 5389 ascendisse,
1377 5323 1471 5377 sed
1516 5322 1743 5392 spiritali
1793 5323 1987 5375 animae

417 5417 733 5473 sinceritate
767 5426 894 5470 ante
918 5415 1088 5470 Deum
1115 5415 1349 5478 venisse.
1375 5415 1538 5469 Tales
1569 5415 1789 5470 fuerunt
1813 5415 1887 5469 illi
1921 5415 1988 5470 ad

420 5526 554 5580 quos
586 5511 713 5565 dicit
755 5509 1044 5578 Apostolus
1059 5509 1105 5541 ⁸⁸
1135 5529 1148 5564 :
1188 5507 1289 5563 Vos
1319 5526 1421 5563 non
1450 5509 1576 5562 estis
1608 5508 1662 5560 in
1685 5525 1862 5572 carne,
1900 5507 1989 5561 sed

489 5607 534 5636 ⁸⁸
563 5608 730 5664 Exod.
769 5623 883 5678 inv,
922 5607 1007 5661 15.
1093 5607 1138 5636 ⁸³
1164 5601 1225 5658 111
1249 5605 1386 5678 Reg.
1413 5621 1578 5678 ixvqtn,
1613 5605 1700 5657 15.
1855 5605 1987 5660 Ιὶοιῐι

422 5692 520 5739 an,
561 5679 644 5732 1:2.
721 5678 786 5708 ⁸⁶·
841 5677 1029 5732 Matth.
1065 5691 1219 5746 xvm,
1248 5674 1361 5733 51C
1408 5677 1450 5709 ⁸⁷
1481 5674 1587 5730 Jer.
1623 5691 1735 5741 xlv,
1766 5676 1852 5728 10.

1998 5643 2011 5659 .
2045 5619 2162 5673 vut,
2192 5605 2246 5662 9.

2086 4496 2324 4566 patione,
2355 4496 2664 4563 iniquarum
2693 4492 3048 4547 nihilominus
3069 4502 3123 4547 et
3147 4493 3658 4561 malignissimarum

2087 4589 2474 4660 cogitationum
2515 4586 2959 4643 manifestatione
2993 4594 3156 4656 atque
3179 4583 3659 4639 commemoratio-

2089 4697 2177 4737 ne.
2212 4679 2415 4734 Horum
2453 4682 2663 4737 scilicet
2709 4684 2952 4737 omnium
3005 4679 3456 4736 commemoratio
3495 4689 3660 4745 atque

2091 4773 2352 4828 memoria
2378 4774 2526 4827 venit
2563 4775 2618 4827 in
2667 4785 2958 4843 conspectu
2992 4774 3109 4829 Dei.
3144 4774 3235 4828 Sic
3261 4785 3494 4840 namque
3526 4771 3662 4825 dicit

2089 4875 2214 4938 post
2242 4866 2358 4920 haec
2385 4884 2398 4920 :
2423 4865 2579 4919 Nunc
2634 4867 2949 4920 recordabar
3002 4865 3328 4934 impietatum
3369 4878 3574 4926 eorum,
3611 4870 3662 4915 et

2087 4958 2361 5012 vindicabo
2388 4968 2602 5026 peccata
2636 4957 2848 5012 illorum
2885 4958 2952 5022 ⁸⁷,
2976 4971 3081 5010 non
3110 4956 3264 5024 quasi
3292 4954 3492 5009 oblitus
3516 4969 3662 5009 nunc

2089 5051 2430 5114 recordetur,
2484 5049 2580 5102 sed
2624 5047 2749 5116 quia
2801 5063 2944 5102 nunc
2973 5047 3249 5100 vindicare
3275 5046 3419 5113 juste
3443 5045 3663 5110 judica-

2089 5139 2254 5193 verit.
2313 5139 2474 5194 Juxta
2523 5139 2625 5194 hoc
2676 5139 2850 5207 ipsum
2887 5137 3193 5205 exemplum
3253 5149 3398 5189 nunc
3450 5135 3664 5187 venisse

2095 5231 2295 5286 dicitur
2335 5230 2390 5285 in
2435 5239 2729 5299 conspectu
2779 5228 2877 5283 Dei
2923 5229 3196 5295 diabolus,
3231 5242 3335 5281 non
3383 5227 3528 5296 quod
3567 5241 3666 5280 ne-

2093 5324 2390 5395 quissimus
2446 5321 2533 5376 ille
2573 5322 2783 5377 venerit
2818 5323 2874 5376 in
2918 5330 3215 5390 conspectu
3262 5320 3389 5374 boni
3413 5319 3531 5382 Dei,
3567 5322 3662 5374 sed

2095 5416 2252 5486 quasi
2314 5413 2673 5483 cogitationes
2724 5412 2843 5481 ejus
2902 5411 3148 5468 crudeles
3199 5426 3263 5465 ac
3313 5410 3666 5477 nequissimae

2094 5506 2346 5560 venerint
2389 5507 2444 5560 in
2496 5505 2816 5558 memoriam
2865 5504 2918 5557 in
2964 5509 3252 5570 conspectu
3284 5500 3400 5554 Dei.
3439 5499 3560 5552 Haec
3588 5501 3669 5552 ni-

2322 5603 2629 5675 “Philipp.
2667 5600 2866 5672 111,20.
2942 5598 3008 5632 ου’
3037 5600 3157 5654 Act.
3191 5598 3359 5668 11,31.
3447 5596 3664 5652 “Tob.
