3880 6212
347 291 448 349 (107

1475 290 1858 347 ANONYMUS
1896 289 1966 345 IN
2004 289 2144 347 JOB.
2186 322 2252 331 —
2291 291 2423 347 LIB.
2464 292 2507 348 1.

3496 284 3603 341 408

345 408 562 472 hendit,
589 419 750 479 atque
778 409 979 466 revelat
1003 412 1279 468 omnibus.
1305 411 1436 479 Quae
1465 411 1623 468 nobis
1649 412 1932 467 evidenter
1958 416 2001 473 Α
2032 413 2295 468 abdicans
2345 427 2561 483 quoque
2594 422 2754 483 alque
2787 409 3141 480 redarguens,
3177 415 3230 462 et
3259 405 3604 476 iniquitatem

347 503 588 559 ostendit
614 503 729 557 haec
754 519 896 559 nunc
921 519 1352 560 commemorans
1382 507 1661 576 Scriptura
1694 508 1880 561 dicens
1909 522 1924 557 :

351 593 421 648 Et
457 595 588 648 dixit
625 594 882 650 Dominus
929 598 1000 649 ad
1043 597 1313 652 diabolum
1339 614 1358 653 :
1389 596 1541 654 Unde
1580 601 1722 654 venis
1775 607 1831 652 tu
1846 598 1931 651 ἐἳ

350 686 419 742 Ει
450 689 751 759 interrogat
784 688 872 742 ille
909 689 998 756 qui
1040 690 1300 756 pra-scius
1327 701 1427 755 est,
1459 701 1620 760 atque
1652 695 1928 760 providus,

354 781 744 849 nequissimum
770 779 1040 834 diabolum
1068 783 1208 834 unde
1237 784 1466 847 veniret,
1497 784 1642 837 illum
1670 784 1926 854 injustam

351 871 620 943 refugam,
645 871 787 926 unde
819 884 1255 941 approperasset.
1287 875 1376 929 Sic
1406 875 1761 945 interrogavit
1799 878 1937 932 olim-

349 965 546 1031 Adam,
575 963 679 1019 Ubi
720 982 772 1019 es
805 965 976 1017 Adam
1001 965 1109 1019 “"L’
1148 966 1261 1021 Non
1289 977 1350 1022 ut
1379 968 1604 1033 inscius,
1631 970 1723 1024 sed
1753 970 1933 1024 sciens

352 1059 724 1126 praescienter,
754 1066 805 1112 et
838 1067 964 1112 tunc
995 1057 1061 1112 ad
1096 1059 1292 1123 Adam,
1326 1069 1378 1115 et
1413 1077 1555 1116 nunc
1588 1062 1655 1116 ad
1689 1063 1816 1117 Ada-
1842 1077 1931 1117 se-

354 1151 656 1212 ductorem,
689 1150 782 1206 sed
808 1148 910 1204 Job
941 1167 1044 1205 non
1083 1152 1515 1221 supplantantem
1544 1171 1558 1208 :
1596 1157 1662 1208 ad
1689 1170 1811 1208 eum
1840 1157 1931 1224 qui

352 1241 524 1299 Adam
578 1243 954 1309 circumvenit,
998 1247 1092 1299 sed
1127 1243 1228 1300 Job
1269 1261 1376 1299 non
1426 1249 1724 1316 superavit.
1794 1248 1935 1318 Ergo

354 1332 479 1402 quia
512 1333 562 1386 in
597 1341 830 1401 utroque
885 1333 1126 1402 ejusdem
1184 1336 1497 1404 nequissimi
1551 1337 1754 1391 malitia
1815 1337 1932 1402 fuit,

353 1425 550 1481 merito
595 1426 661 1480 ad
711 1434 1002 1496 utrumque
1035 1429 1224 1482 eodem
1263 1443 1392 1482 usus
1420 1437 1502 1482 est
1540 1431 1708 1484 verbo
1742 1445 1755 1483 :
1799 1430 1936 1484 dixit

356 1518 423 1570 ad
449 1516 619 1570 Adam
646 1517 796 1576 olim.
833 1515 934 1571 Ubi
966 1536 1019 1573 es
1051 1519 1264 1572 Adam?
1291 1518 1354 1572 ad
1403 1519 1676 1573 diabolum
1707 1533 1890 1589 postea
1918 1539 1932 1574 :

357 1605 510 1662 Unde
532 1609 672 1662 venis
702 1610 794 1665 tu?
829 1608 935 1664 Sed
967 1625 1072 1662 non
1104 1619 1160 1662 ιιι
1186 1609 1388 1664 inscius
1416 1611 1767 1682 interrogavit
1793 1615 1937 1670 unde

353 1701 618 1767 venisset,
648 1701 786 1756 sicut
817 1715 916 1757 nee
940 1702 1110 1756 Adam
1142 1701 1292 1770 olim,
1321 1704 1409 1757 ubi
1439 1714 1604 1768 esset,
1637 1707 1730 1760 sed
1756 1707 1936 1762 occul-

358 1803 470 1848 tam
497 1801 661 1863 atque
683 1793 915 1849 abditam
942 1796 1326 1866 cogitationem
1357 1798 1474 1866 ejus
1499 1798 1750 1868 detegere
1774 1811 1938 1868 atque
1967 1784 2011 1839 Β

355 1886 634 1958 publicare
672 1886 858 1942 voluit.
905 1886 1118 1943 Latenti
1166 1890 1310 1945 enim
1356 1890 1528 1945 livore
1553 1890 1811 1946 adversus
1840 1890 1940 1948 Job

355 1979 726 2035 inflammatus
782 1989 884 2044 est,
931 1979 1121 2035 latenti
1170 1983 1496 2053 cogitatione
1549 1983 1712 2036 Deum
1761 1998 1941 2053 repre-

357 2070 567 2137 hendit,
598 2072 751 2142 quasi
790 2071 885 2128 101)
916 2071 1315 2140 defendentem,
1345 2083 1400 2128 et
1423 2073 1822 2128 multitudinem
1850 2077 1938 2128 di-

357 2165 610 2221 vitiarum
638 2165 714 2220 illi
743 2166 1088 2221 continenter
1121 2166 1462 2237 largientem.
1509 2167 1655 2222 Dixit
1706 2183 1942 2237 namque

358 2257 502 2312 intra
525 2259 871 2328 semetipsum
901 2258 992 2314 :Si
1023 2260 1152 2314 mihi
1178 2268 1325 2315 tanta
1348 2261 1487 2315 bona
1513 2260 1752 2315 dedisset
1776 2275 1944 2330 super

361 2358 586 2417 terram,
635 2352 878 2422 profecto
923 2362 978 2408 et
1013 2368 1114 2423 ego
1164 2351 1395 2407 colerem
1449 2351 1596 2406 illum
1645 2353 1698 2405 in
1755 2354 1941 2420 terris,

361 2442 504 2498 sicut
555 2441 676 2499 Job.
719 2443 871 2501 Nunc
910 2460 1039 2515 ergo
1074 2447 1196 2515 quis
1245 2445 1375 2499 mihi
1418 2445 1566 2500 dabit
1620 2453 1680 2498 ut
1740 2446 1940 2514 possim

361 2537 656 2592 ascendere
688 2554 810 2594 cum
857 2539 1066 2610 angelis
1096 2541 1151 2593 in
1180 2539 1400 2604 coelum,
1448 2547 1502 2594 et
1533 2548 1679 2594 stare
1718 2541 1768 2594 in
1811 2555 1940 2596 con-

361 2640 548 2700 spectu
576 2630 673 2685 Dei
707 2631 761 2686 in
791 2631 970 2687 medio
1007 2645 1220 2696 eorum,
1261 2639 1316 2684 et
1341 2640 1661 2700 potestatem
1693 2630 1944 2700 accipere

359 2738 396 2777 a
434 2723 543 2778 Deo
581 2725 824 2779 omnium
862 2725 979 2795 ejus
1009 2723 1312 2780 bonorum?
1343 2721 1409 2777 Et
1437 2725 1781 2779 ostenderem
1817 2739 1941 2778 eum

363 2834 461 2875 sua
487 2819 626 2876 bona
657 2822 975 2890 perdidisse,
1004 2823 1130 2892 quia
1157 2839 1265 2877 non
1293 2832 1377 2877 est
1403 2821 1610 2888 utilior,
1648 2839 1822 2894 neque
1851 2828 1945 2878 lir-

362 2911 504 2968 mior
533 2911 636 2967 Job
658 2915 870 2968 czeteris
899 2915 1206 2969 hominibus
1232 2913 1519 2980 universis,
1544 2917 1667 2984 quia
1696 2933 1799 2970 non
1822 2932 1945 2986 pro-

361 3014 486 3073 pter
528 3005 873 3070 charitatem,
929 3021 1104 3077 neque
1155 3007 1407 3076 pietatem
1453 3007 1552 3063 Job
1584 3007 1716 3063 colit
1750 3008 1943 3072 Deum,

365 3097 462 3150 sed
493 3109 716 3168 propter
747 3097 990 3167 pecunia:
1036 3098 1434 3154 multitudinem
1485 3110 1651 3170 atque
1680 3101 1942 3155 bonorum

364 3186 776 3243 abundantiam.
826 3189 944 3244 Nisi
997 3192 1142 3244 enim
1192 3205 1289 3258 pro
1339 3192 1528 3246 horum
1576 3193 1946 3248 blamlimento

363 3283 596 3336 serviret
625 3283 755 3347 Deo,
783 3283 1024 3350 perfecto
1048 3299 1154 3337 000
1187 3292 1332 3339 esset
1362 3284 1552 3340 melior
1573 3285 1715 3339 Esau
1749 3287 1948 3340 tritavo

365 3387 484 3429 suo.
523 3370 678 3427 Nunc
704 3388 835 3427 vero
869 3382 1122 3445 tanquam
1153 3374 1255 3430 llos
1291 3375 1508 3430 videtur
1529 3380 1596 3431 ex
1630 3377 1801 3446 spinis
1831 3379 1945 3432 ori-

365 3463 412 3515 ri
446 3459 548 3517 Job
579 3478 647 3518 ex
678 3465 997 3532 posteritate
1029 3464 1170 3520 Esau
1212 3485 1224 3521 :
1269 3467 1364 3522 sed
1400 3468 1444 3522 si
1479 3469 1782 3524 denudetnr
1813 3469 1950 3524 divi-

365 3555 480 3620 tiis,
512 3554 758 3623 profecto
793 3557 1051 3612 continuo
1081 3559 1445 3614 denudabitur
1494 3563 1658 3616 etiam
1705 3562 1798 3617 Dei
1837 3563 1950 3616 cnl-

369 3655 528 3714 tura;
557 3647 603 3702 si
637 3647 915 3702 auferatur
937 3649 1005 3704 ab
1034 3649 1124 3704 illo
1148 3653 1398 3720 pecunia,
1428 3651 1670 3720 profecto
1697 3669 1802 3708 000
1820 3653 1951 3709 olfe-

366 3748 453 3794 ret
484 3740 599 3810 ipse
630 3742 926 3809 gratiarum
949 3744 1196 3798 actiones
1222 3743 1353 3798 Deo.
1392 3745 1535 3817 Ergo
1561 3747 1684 3816 quia
1718 3748 1830 3802 ham
1859 3764 1952 3803 co-

365 3833 560 3904 gitavit
589 3834 835 3889 diabolus
872 3849 991 3889 cum
1027 3837 1282 3904 nequiter
1310 3838 1504 3894 invidit
1531 3839 1652 3904 Job,
1685 3848 1739 3894 et
1767 3840 1952 3895 illicite

368 3924 720 3992 reprehendit
754 3926 945 3991 Deum,
983 3924 1182 3993 injuste
1209 3927 1564 3983 nihilominus
1598 3939 1761 3997 atque
1811 3930 1952 3982 indi-

368 4032 474 4086 gne
508 4019 807 4086 ingressum
843 4033 965 4072 cum
995 4019 1202 4088 angelis
1228 4021 1544 4076 desiderans
1591 4031 1722 4075 ante
1759 4021 1950 4086 Deum,

369 4127 582 4168 necnon
628 4115 812 4168 ethoc
838 4115 981 4184 quod
1015 4115 1207 4170 illicite
1241 4114 1498 4171 deferens
1536 4114 1659 4181 Job,
1711 4116 1953 4186 pecuniae

370 4213 536 4274 atque
585 4206 822 4260 filiorum
867 4206 985 4276 ejus
1025 4216 1349 4276 potestatem
1399 4208 1649 4275 accipere
1687 4216 1951 4274 cuperet,

368 4313 704 4371 acceptaque
749 4300 932 4354 omnia
985 4301 1167 4354 subito
1223 4300 1493 4368 perderet,
1527 4308 1582 4354 et
1616 4314 1739 4354 cum
1775 4299 1954 4368 perdi-

369 4397 562 4459 disset,
595 4403 690 4449 aut
723 4403 874 4449 certe
903 4392 1005 4448 Job
1037 4409 1066 4447 a
1094 4392 1206 4448 Deo
1245 4391 1606 4454 abstraheret,
1669 4399 1762 4444 aut
1786 4392 1951 4446 etiam

2030 504 2145 574 ejus
2172 515 2336 575 atque
2383 507 2712 575 apostasiam
2733 546 2747 569 ,
2797 504 3196 574 malignumque
3226 499 3342 570 ejus
3373 497 3603 553 livorem

2031 601 2179 654 circa
2209 597 2330 664 Job,
2384 611 2440 653 et
2490 600 2636 655 circa
2683 612 2876 654 omnes
2921 607 3140 652 sanctos
3196 593 3603 658 demonstrans,

2031 694 2213 748 dixit:
2243 691 2392 748 Unde
2437 695 2581 748 venis
2629 694 2730 747 tu?
2769 692 2879 747 Non
2917 691 3054 746 dixit
3095 690 3199 744 hoc
3245 687 3312 742 ad
3360 685 3603 756 angelos,

2035 801 2210 858 neque
2237 789 2302 841 ad
2332 799 2549 843 sanctas
2575 788 2823 850 virtutes,
2852 800 2956 840 non
2997 783 3355 853 interrogavit
3388 779 3604 850 specia-

2033 880 2112 935 les
2147 881 2426 935 ministros
2464 880 2606 933 unde
2634 879 2928 945 venissent,
2961 877 3043 932 vel
3079 879 3221 931 unde
3254 875 3494 931 veniant.
3545 873 3605 928 In

2034 973 2150 1042 ipso
2192 972 2338 1028 enim
2388 979 2549 1042 atque
2597 972 2651 1026 in
2699 972 2815 1043 ejus
2849 971 3144 1038 voluntate,
3192 970 3245 1024 in
3300 966 3607 1022 visionibus

2033 1064 2151 1132 ejus
2203 1074 2365 1135 atque
2401 1065 2835 1120 ordinationibus
2879 1075 2934 1120 et
2979 1072 3113 1118 eunt
3158 1071 3214 1118 et
3261 1062 3502 1128 veniunt,
3553 1072 3612 1115 et

2036 1157 2214 1212 omnia
2253 1156 2542 1225 perﬁciunt
2576 1167 2739 1226 atque
2764 1156 2943 1210 omnia
2974 1154 3271 1224 adimplent
3292 1196 3308 1221 ,
3333 1163 3389 1208 et
3413 1163 3610 1208 cuncta

2037 1249 2330 1301 secundum
2379 1248 2494 1317 ejus
2544 1246 2875 1302 voluntatem
2928 1254 3243 1316 operantur,
3293 1244 3444 1316 juxta
3506 1244 3613 1298 hoc

2037 1342 2177 1412 qttod
2225 1343 2424 1395 dictum
2465 1351 2549 1396 est
2581 1357 2597 1395 :
2633 1341 2932 1395 Benedicite
2964 1339 3267 1405 Dominum,
3303 1355 3476 1392 omnes
3509 1355 3612 1390 an-

2038 1435 2140 1504 geli
2169 1436 2300 1501 eius.
2335 1435 2564 1488 ministri
2589 1435 2726 1503 ejus,
2756 1433 2846 1505 qui
2867 1432 3045 1501 facitis
3071 1431 3388 1486 voluntatem
3408 1432 3522 1498 ejus
3541 1429 3610 1482 ”.

2041 1528 2182 1597 Ergo
2217 1527 2339 1594 quia
2373 1527 2504 1582 tales
2527 1535 2654 1581 sunt
2684 1525 2857 1582 sancti
2887 1524 3084 1595 angeli,
3114 1532 3169 1578 et
3198 1521 3376 1577 taliter
3403 1523 3619 1577 faciunt

2041 1622 2374 1675 voluntatem
2403 1620 2518 1684 Dei,
2550 1619 2680 1675 etin
2710 1620 2826 1690 ipso
2851 1630 3002 1682 eunt,
3032 1627 3086 1671 et
3114 1617 3354 1679 veniunt,
3378 1624 3433 1670 et
3455 1623 3616 1670 extra

2043 1714 2215 1783 ipsum
2251 1728 2525 1781 nunquam
2564 1721 2709 1778 sunt,
2759 1709 2954 1764 merito
3001 1724 3129 1778 ergo
3159 1708 3279 1764 illos
3313 1721 3418 1762 non
3446 1706 3620 1760 inter-

2047 1815 2200 1876 rogat
2231 1806 2371 1859 unde
2423 1805 2686 1860 veniant:
2723 1803 3018 1872 malignum
3055 1812 3233 1855 autem
3281 1799 3429 1854 illum
3468 1797 3620 1852 refu-

2045 1916 2165 1972 gam
2195 1910 2358 1970 atque
2389 1906 2690 1967 apostatam
2726 1899 3045 1964 interrogat,
3081 1905 3335 1965 tanquam
3360 1894 3621 1963 alienige-

2047 2007 2196 2053 nam,
2226 2001 2479 2061 tanquam
2505 1999 2776 2056 exterum,
2806 1997 3057 2056 tanquam
3083 1985 3472 2050 adversarium,
3499 1993 3621 2038 tan-

2045 2095 2205 2152 quam
2244 2082 2520 2136 inimicum
2570 2082 2810 2136 omnium
2845 2081 3132 2135 bonorum.
3168 2077 3324 2132 llunc
3373 2091 3504 2144 ergo
3534 2073 3624 2129 in-

2050 2184 2333 2243 terrogans
2366 2172 2497 2227 dicit
2533 2170 2718 2226 :Unde
2755 2172 2894 2226 venis
2946 2171 3045 2225 tu?
3092 2169 3172 2224 Ab
3207 2165 3534 2228 homicidiis,
3586 2181 3619 2219 a

2045 2264 2418 2333 sanguinibus,
2463 2265 2530 2320 ab
2561 2263 2866 2327 adulteriis,
2906 2277 2936 2316 a
2983 2261 3168 2326 furtis,
3212 2275 3242 2314 a
3295 2257 3620 2322 mendaciis,

2050 2367 2305 2430 tanquam
2342 2357 2643 2422 homicida,
2679 2365 2733 2411 et
2766 2365 3017 2425 tanquam
3049 2353 3314 2409 mendacii
3350 2361 3527 2423 pater,
3562 2359 3622 2406 et

2046 2453 2240 2507 horum
2285 2460 2476 2506 auctor
2496 2459 2659 2519 atque
2692 2447 2943 2502 inventor
2975 2447 3246 2502 exsislens
3289 2459 3454 2514 super
3511 2453 3624 2497 ter-

2047 2561 2209 2601 ram:
2251 2541 2399 2597 Unde
2445 2542 2584 2595 uenis
2625 2541 2721 2595 tu?
2757 2540 2836 2595 Ab
2885 2538 3255 2594 internecione
3286 2534 3439 2600 Abel,
3485 2550 3514 2589 a
3541 2534 3624 2603 gi-

2048 2643 2269 2706 gantnm
2300 2632 2634 2704 impudicitia
2667 2640 2829 2702 atque
2861 2632 3080 2686 interitu
3131 2629 3368 2695 illorum,
3414 2642 3446 2682 a
3475 2638 3624 2680 turre

2049 2728 2405 2784 contumacia:
2446 2735 2612 2796 atque
2653 2725 3006 2795 dispersione,
3049 2723 3117 2779 ab
3168 2723 3308 2778 Esau
3360 2721 3624 2777 aviditate

2048 2831 2212 2890 atque
2237 2819 2422 2875 fratris
2448 2817 2933 2883 circumventione,
2967 2832 2995 2870 a
3039 2815 3342 2872 Pharaonis
3381 2813 3623 2884 pertina-

2047 2914 2133 2969 cia
2165 2921 2325 2982 atque
2360 2911 2663 2982 perditione
2683 2951 2698 2975 ,
2728 2910 2798 2965 ab
2831 2910 2995 2965 Israel
3031 2910 3083 2963 in
3113 2909 3327 2963 deserto
3355 2905 3623 2961 idol’xam

2049 3006 2259 3063 cultura
2307 3013 2469 3074 atque
2500 3004 2677 3070 ruina,
2721 3017 2750 3056 a
2795 3001 3179 3072 prephetarum
3223 2992 3623 3069 persecutione,

1971 3133 2015 3191 α
2049 3100 2116 3154 ab
2149 3097 2528 3154 interfectione
2571 3093 2816 3159 Joannis,
2852 3109 2883 3149 a
2927 3093 3235 3150 Judaaorum
3275 3089 3623 3155 crudelitate,

2049 3205 2104 3248 et
2133 3195 2201 3250 ab
2237 3194 2480 3248 omnium
2507 3206 2537 3245 a
2569 3190 2768 3247 saeculo
2794 3198 2847 3246 et
2877 3204 3048 3259 usque
3094 3189 3148 3242 in
3175 3186 3430 3243 saeculum
3455 3183 3628 3239 malo-

2052 3303 2170 3341 rum
2213 3285 2572 3356 perfectione.
2627 3283 2840 3352 Omnia,
2883 3283 3079 3352 inquit,
3123 3280 3262 3335 mala
3311 3294 3430 3349 quia
3467 3292 3629 3346 super

2055 3390 2251 3434 terram
2282 3391 2470 3434 exorta
2520 3387 2666 3441 sunt,
2703 3393 2770 3432 ex
2803 3387 2858 3432 te
2905 3377 3113 3431 initium
3157 3378 3527 3441 sumpserunt,
3575 3378 3630 3423 et

2053 3487 2148 3541 per
2181 3481 2232 3525 te
2262 3473 2360 3527 sub
2402 3470 2544 3526 caelo
2579 3469 2927 3525 disseminata
2975 3476 3126 3529 sunt,
3161 3475 3213 3519 et
3242 3474 3296 3518 tu
3325 3478 3407 3526 es,
3437 3478 3470 3516 o
3513 3461 3629 3515 dia-

2055 3565 2200 3628 bole,
2227 3564 2472 3618 omnium
2501 3561 2695 3616 horum
2738 3560 2934 3625 factor,
2959 3567 3012 3614 et
3044 3556 3390 3628 suffragator,
3424 3563 3482 3608 et
3522 3551 3630 3606 ini-

2055 3657 2212 3720 tium,
2244 3664 2298 3710 et
2323 3655 2468 3709 ﬁnis.
2496 3653 2727 3717 Obltaec,
2755 3652 2949 3721 inquit,
2977 3667 3009 3708 ο
3037 3649 3269 3714 diabole,
3303 3658 3355 3702 et
3377 3661 3525 3701 mors
3550 3644 3630 3699 vi-

2053 3745 2151 3810 vit,
2183 3754 2236 3799 et
2261 3743 2505 3798 infernus
2528 3741 2704 3808 floret,
2727 3750 2780 3795 et
2810 3741 3045 3796 tenebrae
3072 3738 3329 3809 gaudent,
3352 3746 3406 3790 et
3433 3735 3631 3790 obscu-

2055 3839 2190 3893 ritas
2217 3851 2322 3892 non
2369 3835 2694 3899 minoratur,
2725 3843 2779 3888 et
2807 3831 3061 3900 iniquitas
3089 3846 3194 3885 non
3223 3828 3433 3892 deficit,
3465 3837 3520 3880 et
3543 3826 3631 3895 ju-

2056 3930 2158 3982 dex
2189 3926 2377 3980 mortis
2408 3925 2686 3980 victoriam
2720 3923 2936 3991 accipit.
2965 3921 3100 3976 Cum
3135 3935 3264 3988 ergo
3297 3919 3631 3987 interrogem

2059 4027 2109 4073 te
2138 4019 2281 4072 unde
2315 4016 2524 4080 venias,
2563 4029 2666 4069 non
2708 4013 2864 4082 quasi
2903 4012 3151 4067 nesciens
3207 4012 3505 4078 interrogo,
3541 4024 3638 4063 ne-

2056 4127 2161 4181 que
2189 4122 2247 4165 ut
2277 4111 2493 4177 ignarus
2521 4109 2790 4172 sciscitor,
2822 4107 2916 4161 sed
2953 4115 3010 4160 ut
3045 4102 3448 4173 reprehendens
3473 4110 3639 4170 atque

2057 4207 2336 4276 detegens,
2372 4204 2702 4258 convincens
2741 4211 2907 4270 atque
2955 4199 3307 4266 redarguens,
3341 4194 3640 4251 ostendens

2057 4281 2276 4366 quoque
2312 4305 2477 4364 atque
2505 4293 2887 4348 demonstrans
2917 4290 3058 4358 quod
3091 4289 3160 4343 ab
3189 4286 3334 4342 omni
3386 4285 3641 4354 impieta-

2060 4387 2128 4443 tis
2175 4397 2338 4457 atqne
2391 4384 2670 4456 injustitia:
2716 4381 3054 4452 perfectione
3103 4391 3267 4447 atque
3317 4375 3640 4446 operatiOne

371 4502 494 4540 cum
534 4486 741 4555 justum
783 4483 884 4539 Job
915 4483 1200 4540 tormentis
1229 4481 1503 4548 afﬁceret,
1543 4483 1801 4552 nequitia:
1842 4497 1955 4536 sua:
1988 4478 2032 4533 D
2058 4480 2268 4533 venies.
2293 4478 2388 4532 Dic
2417 4477 2559 4530 unde
2589 4475 2740 4529 venis
2771 4484 2848 4539 tu,
2875 4472 2988 4526 zelo
3010 4485 3326 4533 succensus,
3353 4467 3641 4536 iniquitate

371 4579 736 4635 Satisfaceret.
792 4578 934 4648 Ergo
988 4578 1113 4646 quia
1161 4585 1221 4632 ιιι
1269 4578 1380 4632 dixi
1429 4577 1700 4631 desiderio
1743 4591 1842 4629 suo
1889 4590 1954 4630 ac

370 4672 602 4727 consilio
631 4672 705 4725 ita
738 4671 886 4723 venit
915 4670 1280 4739 nequissimus
1314 4668 1563 4722 diabolus
1604 4677 1730 4720 ante
1760 4667 1950 4732 Deum,

371 4765 428 4818 in
461 4765 637 4817 medio
667 4763 989 4830 angelorum
1031 4763 1227 4816 merito
1253 4761 1466 4816 venisse
1493 4776 1616 4814 eum
1643 4760 1807 4825 dicit,
1847 4775 1952 4814 non

373 4854 518 4922 quod
553 4853 667 4918 ipse
693 4853 924 4915 venerit,
955 4852 1051 4906 sed
1079 4851 1414 4906 desiderium
1462 4849 1582 4920 ejus
1616 4861 1781 4920 atque
1807 4851 1955 4919 cogi-

373 4942 514 4996 tatio
550 4942 718 4995 venit.
765 4942 1039 4996 Adversus
1072 4957 1234 5010 quam
1289 4941 1673 5012 cogitationem
1729 4955 1958 5009 respon-

373 5033 521 5088 disse
549 5033 747 5085 dicitur
778 5032 941 5098 Deus,
975 5042 1029 5086 et
1060 5032 1426 5100 interrogasse
1465 5031 1764 5095 diabolum,
1813 5032 1958 5086 unde

374 5125 606 5179 veniret.
642 5122 776 5177 Nam
816 5138 945 5178 vero
983 5139 1090 5177 non
1139 5131 1393 5193 poterant
1441 5124 1555 5178 haec
1601 5124 1961 5177 historialiter

375 5217 568 5282 scribi,
601 5232 778 5286 neque
805 5215 964 5270 aliter
997 5216 1154 5269 nobis
1189 5215 1429 5279 recitari,
1465 5216 1566 5269 nisi
1603 5225 1662 5268 ut
1709 5230 1957 5284 personae

376 5309 739 5366 recitarentur
774 5307 929 5376 quasi
961 5307 1028 5360 ad
1059 5306 1285 5360 invicem
1314 5305 1728 5373 respondentes,
1761 5306 1831 5359 ob
1855 5305 1959 5359 hoc

371 5403 549 5462 dicit:
585 5401 652 5456 Et
701 5401 836 5455 dixit
880 5399 1021 5454 Deus
1067 5400 1136 5453 ad
1175 5399 1445 5453 diabolum
1474 5396 1660 5452 :Unde
1692 5398 1830 5452 venis
1862 5400 1960 5452 tu?

375 5497 493 5550 Non
529 5494 687 5566 quasi
728 5496 1094 5565 interrogans,
1131 5493 1215 5548 vel
1243 5507 1517 5562 qnzerens,
1554 5491 1636 5544 vel
1669 5490 1980 5569 sciscitans

379 5587 582 5643 dixerit
612 5601 628 5641 :
662 5585 814 5642 Unde
854 5588 992 5642 venis
1042 5586 1136 5640 tu?
1177 5585 1270 5642 sed
1315 5586 1566 5653 culpatis,
1599 5591 1654 5636 et
1683 5581 1960 5652 detegens,

454 5745 497 5778 "
525 5745 624 5802 101)
657 5761 692 5815 ι,
730 5746 779 5802 7.
859 5746 1092 5815 θ’θ’,ϐριι
1129 5761 1207 5808 ιιι,
1243 5743 1296 5796 9.
1374 5743 1418 5774 95
1466 5739 1604 5797 Psal.
1645 5756 1736 5805 cu,
1772 5738 1857 5804 20,
1890 5737 1980 5791 21.

2059 4582 2340 4635 oneratus,
2370 4569 2571 4622 invidia
2606 4567 2835 4636 plenus?
2877 4565 3008 4634 Ego,
3046 4564 3244 4631 inquit,
3275 4559 3396 4616 dedi
3431 4559 3554 4623 Job,
3587 4567 3642 4610 et

2061 4671 2116 4715 ιιι
2153 4660 2381 4716 invides.
2420 4659 2530 4729 Ego
2555 4658 2722 4726 adjeci
2752 4657 2850 4723 illi,
2880 4666 2936 4710 et
2966 4666 3018 4708 tu
3042 4653 3331 4707 aemularis.
3360 4652 3472 4719 Ego
3505 4653 3642 4704 mul-

2063 4749 2332 4821 tiplicavi,
2356 4759 2412 4802 tu
2443 4764 2572 4803 vero
2597 4747 2834 4802 lluescis.
2868 4747 2978 4816 Ego
3001 4746 3226 4814 largitus
3256 4761 3396 4808 sum,
3431 4755 3482 4797 tu
3513 4758 3642 4798 vero

2065 4840 2284 4894 auferre
2315 4838 2550 4893 conaris.
2579 4838 2998 4908 Apprehendam
3032 4839 3177 4890 enim
3208 4843 3280 4900 te,
3311 4845 3367 4888 et
3393 4835 3639 4903 detegam

2063 4931 2251 4986 divina
2289 4931 2657 4995 Providentia,
2713 4939 2968 4998 tanquam
3021 4929 3194 4982 furem
3242 4927 3435 4981 alienis
3483 4925 3641 4980 bonis

2059 5023 2385 5089 inhiantem,
2423 5035 2477 5080 et
2506 5031 2816 5093 sperantem
2850 5022 2995 5092 quod
3026 5036 3122 5090 per
3153 5021 3266 5074 haec
3305 5017 3510 5086 justum
3540 5014 3641 5070 101)

2061 5117 2385 5171 subvertere
2413 5115 2608 5185 possis.
2649 5115 2756 5169 Sed
2783 5130 2908 5185 ego,
2941 5113 3152 5182 inquit,
3189 5121 3242 5165 et
3271 5121 3414 5165 tuam
3443 5108 3642 5177 iniqui-

2065 5217 2226 5262 tatem
2260 5210 2606 5278 redarguam,
2635 5207 2772 5261 bona
2803 5205 2904 5262 Job
2937 5204 3030 5259 tibi
3061 5203 3345 5267 tradendo,
3376 5213 3435 5255 ut
3463 5211 3515 5255 et
3541 5199 3640 5252 Job

2054 5298 2256 5367 justum
2290 5299 2656 5352 demonstrem
2687 5311 2784 5365 per
2807 5294 3151 5351 tolerantiam
3185 5292 3470 5345 victoriam
3499 5289 3566 5343 de
3591 5298 3642 5340 te

2059 5397 2386 5442 smnentem.
2417 5385 2497 5441 01)
2532 5389 2634 5442 hoc
2668 5400 2796 5457 ergo
2825 5395 3080 5454 tanquam
3114 5384 3456 5451 interrogans
3482 5381 3637 5433 dico:

2021 5557 2023 5559 ι
2063 5479 2216 5534 Unde
2246 5481 2385 5534 venis
2415 5480 2512 5534 tu?
2565 5478 2633 5534 Ut
2672 5479 2886 5534 occulta
2919 5490 3008 5532 tua
3044 5477 3325 5531 meditatio
3358 5482 3638 5543 appareat,

2065 5587 2122 5632 ut
2151 5577 2446 5634 vehemens
2492 5585 2580 5631 tua
2631 5575 2869 5645 nequitia
2915 5571 3169 5630 onmibus
3214 5570 3639 5631 demonstretur,
