3884 6218
249 316 357 375 £09

1396 314 1783 373 ANONYMUS
1821 312 1886 370 IN
1925 314 2069 371 JOB.
2105 344 2171 353 —
2213 312 2342 371 LIB.
2382 311 2426 368 1.

3419 311 3517 366 ΗΟ

250 444 311 488 ut
342 433 647 489 malitiosos
695 441 820 488 tuus
863 433 1004 488 livor
1053 433 1310 489 omnibus
1347 435 1675 494 innotescat.
1728 439 1838 493 Pro
1866 440 1914 499 Α
1942 452 2047 506 que
2077 446 2163 492 est
2190 448 2437 506 praasens
2478 441 2641 503 atque
2680 441 2854 488 totum
2894 428 3152 487 mundum
3178 430 3357 487 subito
3393 446 3517 502 per-

250 528 342 583 his
369 541 500 598 ergo
531 527 786 582 omnibus
827 527 950 582 dico
982 543 997 580 :
1044 524 1195 582 Unde
1229 531 1375 583 venis
1413 531 1509 584 tu?
1559 531 1837 586 Adversus

250 630 376 682 qua:
400 615 732 683 respondens
754 614 1005 671 diabolus
1034 617 1164 671 dicit
1192 634 1206 671 :
1238 617 1471 674 Οἰνοαίυὶ
1496 638 1702 676 omnem
1730 633 1837 676 ler—

250 722 368 762 ram
392 724 509 776 qua:
543 706 638 762 sub
672 707 797 762 caelo
830 717 929 776 est,
953 720 999 763 et
1026 710 1140 764 veni
1169 712 1237 766 ³⁸.
1272 710 1639 783 Magniloquio
1673 727 1837 787 atque

252 800 565 870 arrogantia
618 800 813 866 uteris,
870 815 906 856 o
953 802 1264 857 miserrime
1314 803 1549 873 diabole,
1600 806 1837 864 elatione

251 908 467 963 quoque
491 903 655 963 atque
680 893 968 963 jactantia,
994 905 1054 948 ut
1081 895 1155 949 ita
1182 906 1446 965 appareat
1470 900 1617 967 quod
1644 915 1835 955 omnes

250 984 609 1055 magniloqui,
635 983 998 1051 jactanticuli,
1022 996 1370 1057 arrogantes,
1401 998 1455 1045 et
1483 992 1703 1061 superbi
1730 1002 1837 1048 tua:

251 1075 510 1143 nequitiae
538 1074 649 1129 sint
668 1072 946 1144 discipuli,
969 1085 1027 1131 et
1047 1077 1189 1146 apud
1223 1085 1278 1133 te
1306 1079 1599 1136 didicerint
1624 1096 1686 1137 ea
1712 1099 1835 1154 quae

252 1167 365 1221 Deo
399 1176 527 1221 sunt
567 1168 848 1222 contraria
895 1183 908 1219 :
958 1168 1101 1223 Deus
1142 1170 1283 1225 enim
1324 1172 1563 1242 superbis
1610 1175 1833 1243 resistit,

247 1260 537 1315 humilibus
565 1269 741 1314 autem
767 1260 861 1314 dat
884 1262 1118 1330 gratiam
1152 1264 1217 1316 ⁸⁷.
1249 1262 1344 1318 His
1386 1267 1639 1322 similiter
1668 1269 1832 1324 etiam

246 1353 403 1407 Anna
445 1360 620 1407 mater
664 1352 939 1408 Samuelis
974 1354 1152 1410 dicit:
1189 1354 1373 1410 Nolite
1418 1357 1564 1429 loqui
1611 1360 1834 1429 superba

247 1446 303 1499 in
345 1444 610 1512 superbia,
653 1456 834 1501 etnon
875 1456 1023 1500 exeat
1060 1448 1481 1520 magniloquium
1520 1468 1585 1506 ea:
1628 1470 1715 1507 ore
1748 1471 1833 1509 ve-

246 1545 360 1589 stro
387 1537 453 1593 ⁸⁸.
486 1536 591 1591 Sed
616 1536 807 1592 horum
842 1538 1130 1594 immemor
1164 1542 1435 1607 diabolus,
1464 1553 1519 1599 et
1559 1545 1697 1600 alios
1730 1546 1833 1602 do-

246 1630 385 1693 cuit,
426 1639 481 1683 et
535 1631 654 1700 ipse
684 1647 876 1702 magna
913 1632 1124 1687 locutus
1170 1633 1308 1689 dixit
1346 1653 1360 1689 :
1400 1635 1635 1692 Circuivi
1669 1650 1831 1695 totam

246 1731 445 1773 terram
481 1737 597 1790 qua:
643 1724 737 1775 sub
771 1722 901 1777 caelo
946 1733 1043 1777 est.
1084 1723 1376 1791 lntendite,
1425 1741 1459 1781 ο
1489 1728 1678 1794 amici,
1704 1729 1829 1799 quia

244 1812 512 1869 circuisse
546 1829 605 1870 se
636 1815 768 1871 dicit
803 1824 972 1871 totam
1018 1826 1219 1873 terram
1247 1833 1369 1889 quas
1419 1821 1523 1876 sub
1555 1820 1695 1875 cmlo
1724 1829 1831 1887 est,

245 1907 344 1961 sed
374 1922 481 1961 non
516 1908 830 1963 carnalibus
875 1910 1141 1980 vestigiis,
1168 1925 1345 1981 neque
1385 1914 1831 1984 corruptibilibus

244 2000 546 2069 gressibus,
575 2000 668 2057 sed
702 2001 933 2071 spiritali
968 2010 1310 2071 transcursu,
1344 2014 1507 2075 atque
1538 2007 1591 2061 in
1635 2023 1830 2063 corno-

245 2092 349 2147 rali
396 2094 631 2149 transitu
683 2095 937 2151 universa
975 2112 1096 2167 quae
1140 2099 1242 2152 sub
1281 2099 1423 2155 coelo
1481 2111 1611 2156 sunt
1654 2102 1832 2157 subito

243 2186 536 2256 pervolans
564 2195 725 2256 atque
764 2201 1084 2259 peragrans.
1128 2189 1285 2246 Sicut
1318 2204 1451 2260 ergo
1499 2206 1606 2246 non
1638 2208 1828 2248 corru-

243 2279 531 2346 ptibilibus
561 2279 860 2349 gressibus,
902 2295 1082 2350 neque
1113 2282 1427 2340 carnalibus
1454 2284 1702 2355 vestigiis
1725 2286 1834 2341 cir-

244 2370 416 2423 cuivit
454 2370 719 2438 diabolus,
754 2374 849 2428 sed
881 2372 935 2427 in
969 2374 1373 2445 incorruptibill
1418 2386 1582 2449 atque
1614 2379 1830 2435 occulto

248 2470 572 2518 transcursu
627 2482 643 2522 z
700 2466 780 2522 sic
836 2465 1091 2522 similiter
1145 2483 1271 2524 cum
1325 2469 1461 2525 dicit
1508 2473 1655 2541 quod
1704 2482 1832 2527 ante

248 2554 417 2609 Deum
450 2559 684 2623 steterit,
713 2574 822 2615 non
861 2559 999 2616 facie
1026 2561 1092 2617 ad
1115 2560 1317 2618 faciem
1349 2578 1534 2618 coram
1581 2565 1692 2621 Deo
1718 2576 1831 2621 ste-

248 2649 334 2713 tit,
372 2650 466 2704 sed
498 2651 732 2708 occultis
754 2654 1206 2724 cogitationibus,
1251 2664 1306 2711 et
1338 2657 1689 2727 nequissimis
1717 2675 1831 2714 me-

246 2743 606 2801 ditationibus
637 2754 761 2802 ante
792 2747 961 2802 Deum
984 2750 1202 2805 venisse
1229 2751 1447 2819 dicitur,
1481 2753 1587 2809 hoc
1621 2764 1704 2807 est
1735 2770 1832 2809 nc-

246 2834 530 2904 quissimtn
573 2834 693 2905 ejus
733 2838 1094 2909 cogitationes
1137 2855 1237 2911 pro
1281 2842 1400 2912 ejus
1460 2846 1832 2913 increpatione

244 2937 520 2985 steterunt
558 2939 685 2986 ante
715 2932 907 2987 Deum.
936 2932 1043 2989 Sed
1070 2933 1310 3001 interim,
1363 2935 1563 3007 inquit,
1598 2938 1832 2993 Circuivi

244 3033 409 3078 totam
441 3032 638 3076 terram
662 3040 780 3093 qua:
826 3024 920 3079 sub
958 3024 1085 3081 ecula
1128 3036 1225 3096 est,
1260 3037 1308 3082 et
1338 3030 1474 3083 veni.
1528 3027 1654 3096 Sed,
1691 3033 1832 3089 male

1938 531 2149 586 volans.
2202 529 2257 584 Si
2288 530 2433 583 enim
2464 528 2613 583 venti
2647 525 2793 582 aeris
2819 527 3072 597 regiones
3106 539 3170 581 ac
3202 525 3518 595 provincias

1938 624 2116 681 subito
2149 621 2379 693 perﬂant
2414 630 2579 692 atque
2625 627 2936 684 transeunt,
2982 631 3163 673 nonne
3206 616 3375 672 multo
3404 631 3517 670 am-

1936 717 2077 788 plius
2119 716 2265 771 aerei
2308 713 2553 784 spiritus,
2599 712 2654 767 id
2716 718 2803 766 est
2857 709 3178 779 nequissimi
3219 708 3519 772 daemones,

1938 805 2118 860 subito
2167 802 2453 874 pervolant
2488 811 2659 857 totum
2714 799 2997 865 mundum,
3041 798 3222 854 subito
3261 796 3519 851 universa

1937 902 2232 967 peragrant
2275 908 2397 963 qua:
2442 894 2542 949 sub
2584 892 2724 947 caelo
2755 901 2903 956 sunt,
2943 890 3123 946 subito
3172 888 3370 958 ubique
3395 897 3521 943 sunt

1936 988 2268 1059 praesentes?
2302 987 2360 1042 In
2392 986 2541 1041 omni
2568 985 2755 1055 praalio
2780 983 2862 1040 vel
2893 998 3094 1054 pugna,
3130 982 3182 1036 in
3216 980 3364 1036 omni
3396 993 3521 1051 per-

1937 1078 2253 1135 turbatione
2277 1088 2442 1151 atque
2467 1078 2658 1133 mortis
2683 1077 2865 1142 ruina,
2901 1078 2953 1130 in
2978 1075 3125 1130 omni
3155 1073 3427 1128 seditione
3455 1088 3520 1128 ac

1938 1172 2195 1238 tumultu,
2228 1173 2283 1227 in
2313 1173 2461 1227 omni
2494 1170 2847 1226 contentione
2875 1178 2930 1224 et
2964 1168 3082 1234 lite,
3130 1168 3184 1221 in
3218 1166 3363 1220 omni
3391 1181 3519 1219 sau-

1936 1269 2099 1341 guine
2129 1276 2186 1322 et
2220 1264 2538 1330 homicidio,
2565 1272 2618 1318 et
2649 1262 2794 1317 furto
2825 1271 2991 1331 atque
3018 1260 3307 1324 adulterio,
3342 1256 3517 1311 omni~

1935 1378 2041 1432 que
2064 1359 2400 1416 lamentabili
2434 1358 2577 1414 bello
2601 1358 2715 1412 sive
2746 1356 2997 1421 orientis,
3048 1355 3162 1408 sive
3193 1352 3515 1416 occidentis,

1935 1456 2050 1512 sive
2107 1451 2421 1518 meridiani,
2469 1451 2585 1507 sive
2632 1449 2925 1519 aquilonis,
2972 1447 3173 1517 ubique
3217 1453 3519 1514 praesentes

1936 1553 2065 1602 sunt
2094 1542 2413 1616 nequissimi
2458 1550 2625 1611 atque
2651 1540 2801 1596 aerei
2852 1541 3125 1595 daemones
3154 1536 3272 1607 plus
3298 1542 3519 1604 pertur-

1934 1640 2146 1706 bantes,
2188 1645 2247 1692 et
2290 1636 2689 1691 succendentes
2724 1644 2889 1701 atque
2924 1632 3175 1686 universa
3208 1635 3516 1683 moventes.

1935 1732 2091 1789 Unde
2124 1731 2487 1788 divinationes
2522 1737 2671 1795 sunt,
2707 1742 2774 1783 ex
2831 1742 2939 1797 quo
2969 1722 3350 1795 malignissimi
3410 1721 3519 1775 dte-

1937 1838 2147 1890 mones,
2178 1823 2435 1892 aereique
2459 1820 2683 1891 spiritus
2716 1820 2896 1875 subito
2923 1820 3070 1874 hunc
3100 1816 3361 1870 mundum
3393 1825 3520 1881 per-

1934 1915 2179 1969 volantes
2233 1922 2397 1983 alque
2433 1911 2688 1966 universa
2735 1926 2856 1980 qua:
2886 1911 2938 1964 in
2989 1910 3139 1965 omni
3187 1908 3307 1966 loco
3359 1911 3521 1978 hujus

1934 2025 2119 2063 monui
2176 2012 2316 2061 nunt
2357 2003 2792 2072 contemplantes
2838 2016 2852 2054 :
2895 2012 2949 2056 et
2996 2019 3060 2058 ea
3095 2017 3216 2072 quae
3262 2003 3522 2057 dicuntur

1935 2101 2238 2167 audientes,
2288 2100 2383 2170 qui
2414 2098 2541 2153 alibi
2574 2096 2887 2166 ubicunque
2922 2095 3077 2166 longe
3122 2096 3285 2165 positi
3317 2095 3523 2150 fuerint

1933 2194 2033 2250 sub
2065 2191 2321 2262 nequitia:
2353 2188 2624 2244 ministris
2654 2186 2901 2243 revelant
2924 2197 3090 2256 atque
3119 2188 3519 2252 demonstrant,

1934 2294 2043 2341 tam
2072 2285 2128 2338 in
2170 2282 2379 2339 somnis
2403 2296 2567 2352 quam
2614 2281 2668 2334 in
2722 2278 2949 2349 vigiliis,
2998 2293 3099 2333 nec
3123 2294 3227 2334 non
3263 2281 3315 2333 in
3351 2280 3523 2347 phano

1936 2374 2277 2443 tasmatibus,
2315 2384 2371 2431 et
2391 2371 2548 2443 iuxta
2584 2374 2702 2429 haec
2733 2387 2854 2442 quze
2883 2373 3042 2438 ﬁunt,
3091 2370 3177 2427 vel
3208 2383 3520 2440 emergunt,

1933 2469 2098 2523 etiam
2145 2466 2253 2522 alia
2279 2475 2442 2537 atque
2475 2465 2582 2520 alia
2607 2463 2794 2520 futura
2825 2477 3054 2534 sperare
3082 2473 3248 2533 atque
3290 2463 3524 2533 probare

1935 2563 2153 2619 docent.
2189 2562 2400 2618 Exinde
2442 2559 2612 2630 ctepit
2658 2558 3011 2613 divinationis
3053 2570 3212 2612 error
3252 2554 3393 2612 ﬁlios
3423 2557 3524 2612 ho-

1936 2659 2139 2709 minum
2179 2654 2235 2709 in
2275 2652 2595 2709 scandalum
2645 2652 2698 2705 in
2734 2664 2828 2706 eos
2855 2648 3058 2719 quibus
3113 2662 3279 2717 super
3319 2657 3520 2703 terram

1934 2758 2114 2802 ortum
2145 2754 2249 2803 est.
2277 2744 2373 2799 His
2403 2758 2638 2814 namque
2670 2741 2924 2797 omnibus
2948 2741 3338 2796 demonstratis
3361 2747 3524 2810 atque

1936 2838 2251 2896 memoratis
2314 2836 2745 2909 malignissimus
2804 2844 2971 2905 atque
3018 2846 3210 2888 aereus
3270 2832 3521 2888 diabolus

1937 2932 2109 2988 dicit:
2148 2930 2379 2986 Circuivi
2418 2939 2583 2983 totam
2616 2938 2813 2983 terram
2863 2942 2981 2998 qua:
3028 2926 3123 2979 sub
3174 2925 3301 2979 calo
3339 2933 3439 2989 est,
3473 2934 3524 2978 et

1937 3028 2074 3082 veni.
2105 3025 2149 3082 Ο
2175 3024 2511 3095 nequissime
2536 3022 2872 3087 adversarie,
2915 3035 2947 3076 ο
2976 3020 3372 3090 malignissime
3402 3020 3523 3074 dia-

245 3114 535 3185 gloriaris;
580 3124 635 3170 et
674 3115 815 3170 mala
856 3125 940 3171 est
983 3117 1100 3174 hac
1148 3127 1241 3173 tua
1283 3119 1551 3190 gloriatio.
1606 3121 1830 3178 Terram
1860 3140 1904 3198 ο
1936 3122 2080 3189 bole,
2103 3136 2268 3192 quam
2300 3119 2572 3190 malignus
2606 3131 2691 3181 es,
2736 3126 2793 3171 et
2821 3116 2887 3169 ad
2935 3114 3120 3169 omnia
3158 3113 3299 3168 mala
3329 3128 3524 3168 versu-

244 3206 473 3269 circuis,
504 3208 601 3260 sed
629 3206 697 3259 ad
741 3205 940 3262 coelum
970 3224 1076 3264 non
1112 3214 1420 3268 reverteris.
1462 3213 1534 3267 Ea
1565 3229 1686 3284 quae
1728 3217 1828 3271 sub

244 3292 388 3348 coelo
418 3302 545 3347 sunt
585 3308 872 3364 peragras,
910 3299 1004 3352 sed
1032 3297 1123 3352 illa
1175 3315 1296 3369 qua:
1333 3302 1385 3356 in
1431 3306 1662 3360 excelsis
1704 3315 1833 3361 sunt

246 3403 356 3441 non
389 3387 716 3456 possidebis.
765 3388 996 3445 Circuivi
1051 3408 1256 3447 omnem
1312 3404 1511 3449 terram
1549 3413 1669 3468 quae
1732 3399 1828 3451 sub

244 3480 377 3534 calo
402 3489 501 3533 est.
536 3480 799 3536 Circuivit
822 3498 931 3537 non
962 3484 1273 3540 carnalibus
1303 3488 1567 3555 vestigiis,
1593 3488 1689 3545 sed
1718 3490 1829 3544 cir-

243 3572 585 3627 cnitionibus
612 3573 939 3643 iniquitatis,
986 3592 1092 3632 non
1129 3580 1360 3634 terrenis
1402 3582 1701 3651 gressibus,
1735 3583 1830 3637 sed

243 3664 589 3733 spiritalibus
634 3668 1074 3735 seductionibus,
1146 3670 1378 3725 Circuivi
1423 3682 1584 3727 totam
1636 3685 1831 3727 terram

244 3774 366 3828 qua:
389 3759 483 3811 sub
507 3759 631 3813 caelo
665 3771 761 3814 est.
792 3761 908 3817 Non
941 3778 1038 3831 per
1067 3771 1371 3833 temporum
1407 3766 1579 3835 Spatia
1629 3767 1831 3821 circui-

246 3853 342 3916 sti,
389 3853 482 3905 sed
526 3853 727 3918 subito,
762 3854 1016 3911 celeriter
1066 3871 1131 3910 ac
1188 3857 1451 3913 velociter
1502 3860 1687 3913 omnia
1712 3876 1834 3930 quae

245 3942 351 3999 sub
395 3943 536 3998 caelo
569 3954 694 3998 sunt
741 3948 1064 4016 peragrasti,
1110 3956 1163 4001 et
1216 3950 1402 4002 omnia
1447 3965 1568 4018 qua:
1609 3950 1678 4016 in,
1707 3966 1834 4006 aere

245 4043 378 4090 sunt
422 4034 777 4104 pervolando,
819 4046 872 4092 et
903 4047 1101 4093 cuncta
1130 4054 1252 4109 quae
1283 4041 1385 4095 sub
1422 4041 1562 4096 coelo
1596 4052 1722 4097 sunt
1750 4044 1833 4097 iu-

246 4129 548 4197 spiciendo,
577 4129 759 4184 subito
787 4130 853 4184 ab
876 4131 1086 4186 oriente
1109 4133 1175 4187 ad
1198 4126 1451 4188 occasum
1476 4137 1830 4204 transeundo,

245 4229 302 4275 et
331 4234 359 4271 a
392 4219 698 4273 meridiano
725 4222 792 4274 ad
826 4222 1135 4291 aquilonem
1162 4224 1513 4291 pervolando,
1541 4237 1596 4281 et
1617 4242 1681 4282 ea
1713 4242 1835 4298 quae

245 4327 347 4382 per
374 4325 609 4382 quatuor
638 4315 901 4369 terminos
932 4315 1080 4370 orbis
1108 4315 1161 4368 in
1193 4318 1445 4372 omnibus
1475 4320 1752 4388 gentibus,
1782 4331 1837 4374 et

244 4405 573 4475 provinciis,
632 4414 687 4460 et
730 4406 1043 4478 regionibus
1087 4418 1250 4478 atque
1307 4410 1508 4481 linguis
1546 4414 1702 4481 liunt,
1752 4415 1832 4468 vel

1935 3227 2022 3271 tus
2066 3225 2230 3281 atque
2274 3210 2538 3267 callidus!
2580 3209 2717 3264 Cum
2766 3209 2913 3264 enim
2948 3207 3016 3262 ad
3048 3205 3217 3261 Deum
3262 3204 3525 3275 loqueris,

1936 3309 2299 3364 humilitatem
2354 3309 2584 3378 ﬁngens,
2630 3314 2800 3360 totam
2848 3313 3051 3358 terram
3101 3316 3222 3371 quae
3250 3300 3353 3356 sub
3387 3299 3527 3356 coelo

1934 3411 2022 3457 est
2062 3400 2329 3455 circuisse
2365 3409 2415 3454 te
2448 3399 2606 3463 dicis,
2645 3407 2701 3453 et
2730 3396 2854 3452 caali
2888 3410 2995 3451 non
3034 3394 3350 3449 meministi.
3390 3393 3526 3448 Cum

1934 3504 2116 3550 autem
2139 3495 2207 3547 ad
2233 3492 2481 3546 homines
2506 3488 2767 3560 loqueris,
2794 3498 2925 3542 tunc
2950 3486 3304 3542 nihilominus
3330 3500 3527 3554 magna

1934 3584 2162 3653 loquens
2190 3591 2249 3636 ut
2277 3581 2522 3636 homines
2557 3581 2760 3650 rapias,
2805 3578 2944 3634 dicis
2976 3595 2988 3631 :
3021 3576 3089 3632 In
3120 3577 3307 3632 caelum
3342 3592 3530 3630 ascen-

1935 3677 2080 3741 dam,
2126 3690 2282 3743 super
2317 3673 2499 3727 stellas
2540 3673 2653 3727 caeli
2686 3688 2878 3742 ponam
2908 3669 3080 3725 sedem
3115 3686 3309 3736 meum,
3342 3678 3390 3724 et
3436 3683 3527 3723 ero

1935 3767 2124 3821 similis
2151 3765 2421 3819 Altissimo
2456 3765 2544 3817 ’3'.
2592 3764 2707 3819 Hoc
2736 3764 2992 3818 nimirum
3020 3764 3089 3817 ob
3119 3763 3221 3817 hoc
3255 3762 3393 3817 dicis
3418 3801 3433 3827 ,
3470 3769 3528 3816 ut

1934 3874 2033 3929 pro
2051 3857 2330 3912 Altissimo
2349 3856 2560 3909 adorari
2580 3866 2742 3925 atque
2762 3855 2868 3909 coli
2898 3855 2965 3909 ab
2989 3854 3302 3908 hominibus
3322 3854 3523 3922 possis.

1972 3964 1975 3965 '
2005 3950 2233 4006 Circuivi
2254 3991 2270 4016 ,
2320 3950 2517 4020 inquit,
2566 3958 2729 4003 totam
2761 3960 2958 4003 terram
3001 3964 3119 4019 qua:
3154 3947 3247 4002 sub
3278 3948 3404 4001 caelo
3427 3957 3525 4005 est.

1936 4043 2162 4099 Terram
2200 4045 2425 4111 circuis,
2446 4058 2477 4094 ο
2504 4043 2739 4108 diabole,
2768 4042 2834 4096 ad
2866 4042 3237 4105 desolandum,
3259 4041 3323 4095 ad
3348 4050 3529 4095 exter-

1936 4138 2250 4192 minandum
2289 4152 2433 4191 calli.
2468 4136 2541 4189 Ea
2570 4151 2690 4205 qua:
2722 4134 2825 4189 sub
2850 4135 2990 4189 cmlo
3019 4144 3145 4189 sunt
3175 4148 3432 4204 peragras
3460 4133 3527 4188 ad

1937 4228 2363 4299 perturbandam
2394 4237 2448 4281 et
2474 4226 2923 4296 pervertendum,
2949 4233 3003 4278 et
3026 4226 3091 4278 ad
3125 4224 3367 4278 furorem
3392 4240 3527 4278 con—

1937 4321 2181 4376 citandas
2213 4329 2376 4390 atque
2406 4318 2820 4374 exacerbandas
2867 4326 3058 4386 gentes
3095 4317 3365 4371 adversus
3395 4331 3529 4385 gen-

1941 4426 2021 4471 tes
2070 4423 2124 4469 et
2151 4414 2418 4484 regiones.
2447 4411 2554 4466 Pro
2586 4411 2705 4467 istis
2732 4426 2862 4478 ergo
2889 4411 3162 4471 omnibus,
3196 4409 3391 4477 inquit,
3421 4410 3530 4463 cir-

244 4502 508 4554 dicuntur
547 4501 758 4565 videns,
804 4511 856 4556 et
901 4502 1149 4569 audiens,
1194 4511 1250 4556 et
1292 4504 1472 4557 sciens
1496 4545 1510 4568 ,
1556 4521 1662 4559 non
1718 4515 1835 4558 latt-
1868 4489 1914 4543 D
1942 4507 2085 4563 cuivi
2122 4516 2291 4561 totam
2321 4516 2522 4559 terram
2548 4518 2669 4574 quae
2697 4504 2797 4558 sub
2837 4502 2977 4557 coelo
3009 4511 3112 4567 est,
3149 4511 3202 4555 et
3238 4502 3380 4553 veni.
3418 4500 3527 4555 Sed

244 4609 415 4663 quam
470 4594 521 4646 in
564 4596 853 4663 przescntia
896 4595 1127 4659 habens,
1175 4596 1268 4650 sed
1307 4605 1565 4667 tanquam
1611 4599 1834 4667 spiritus

245 4686 460 4749 volans,
492 4694 547 4740 et
569 4688 747 4740 omnia
774 4703 893 4757 qua:
922 4703 1053 4743 voce
1076 4688 1333 4743 dicuntur
1356 4691 1605 4754 audiens,
1634 4701 1687 4744 et
1716 4706 1834 4759 qum-

244 4779 511 4847 operibus
557 4778 692 4832 ﬁunt
747 4780 995 4834 universa
1060 4780 1272 4845 videns,
1330 4796 1394 4834 ea
1448 4796 1580 4834 vero
1628 4796 1749 4850 qua:
1780 4782 1832 4834 in

246 4870 420 4925 corde
452 4878 616 4940 atque
646 4870 787 4923 intra
824 4871 1066 4924 animum
1103 4878 1432 4934 tractantur,
1467 4871 1737 4925 nesciens.
1775 4870 1833 4925 Si

245 4964 398 5021 enim
441 4964 720 5019 hominum
762 4966 1119 5036 cogitationes
1171 4965 1386 5028 scisset,
1449 4964 1696 5035 profecto
1725 4968 1838 5021 nol-

245 5055 365 5113 lum
411 5056 688 5112 hominem
743 5057 953 5112 salvum
1009 5058 1129 5112 ﬁeri
1181 5057 1546 5127 permisisset,
1593 5058 1836 5128 nihilque

250 5150 381 5204 boni
408 5152 695 5220 perlicere,
729 5151 824 5205 sed
856 5151 1038 5205 omnia
1074 5150 1214 5205 bona
1254 5166 1381 5205 mox
1412 5160 1471 5204 ut
1510 5151 1839 5221 cogitatione

251 5252 434 5313 ccepta
461 5241 712 5310 fuissent,
743 5243 1003 5299 continuo
1034 5244 1361 5309 destrueret,
1400 5243 1661 5297 continuo
1719 5256 1841 5311 per-

252 5338 421 5391 licere
471 5351 579 5389 non
625 5336 981 5404 permisisset.
1021 5334 1177 5391 Nunc
1206 5350 1333 5390 vero
1363 5349 1427 5389 ea
1472 5335 1690 5403 quidem
1722 5350 1842 5404 qua:

250 5432 580 5499 cogitantur,
613 5430 697 5485 vel
730 5439 1033 5485 tractantur
1078 5431 1290 5501 ignorat
1320 5449 1333 5484 :
1374 5446 1438 5485 ea
1468 5446 1601 5485 vero
1632 5445 1753 5499 quae
1788 5430 1840 5489 in

248 5524 509 5592 operibus
537 5524 695 5591 ﬁunt,
729 5534 783 5578 et
818 5539 915 5594 per
943 5539 1132 5579 vocem
1168 5525 1447 5589 dicuntur,
1474 5524 1643 5589 audit,
1672 5531 1729 5576 et
1762 5523 1840 5575 vi-

250 5618 369 5680 det,
401 5626 588 5687 utpote
613 5618 843 5687 spiritus
876 5618 1108 5673 callidus
1138 5633 1207 5674 ac
1242 5618 1482 5684 subtilis,
1511 5626 1565 5672 et
1592 5616 1680 5685 qui
1722 5615 1839 5670 ubi-

330 5795 375 5825 "
420 5792 515 5849 iob
549 5811 586 5859 ι,
621 5794 671 5847 7.
750 5794 792 5825 ⁹⁷
838 5793 851 5846 l
890 5793 1036 5850 Pctr.
1064 5812 1115 5861 ν,
1146 5795 1195 5849 5.
1276 5796 1317 5829 ⁸⁸
1355 5796 1371 5849 I
1404 5796 1531 5867 Reg.
1578 5810 1636 5863 ιι,
1682 5794 1735 5851 5.

1942 4601 2115 4654 adhuc
2145 4599 2305 4653 aliter
2330 4598 2550 4652 circuivi
2582 4606 2749 4651 totam
2779 4606 3005 4659 terram,
3032 4610 3223 4648 omnes
3254 4603 3527 4660 terrenos,

1943 4706 2036 4746 eos
2082 4692 2175 4760 qui
2226 4701 2442 4745 terrena
2486 4688 2705 4757 sapiunt
2761 4697 2995 4752 tantum,
3043 4702 3136 4741 eos
3167 4688 3255 4756 qui
3310 4696 3529 4740 terrena

1944 4783 2055 4838 sola
2087 4783 2352 4851 cogitant,
2384 4793 2439 4836 et
2483 4780 2841 4846 meditantur,
2877 4778 3111 4850 diligunt
3150 4788 3313 4848 atque
3356 4779 3531 4847 requi-

1946 4882 2090 4928 runt.
2122 4874 2261 4928 lstos
2291 4888 2419 4942 ergo
2449 4872 2670 4938 circuis,
2712 4870 2994 4940 exploras,
3021 4870 3269 4940 exquiris
3309 4879 3364 4923 et
3399 4886 3531 4922 con-

1944 4967 2145 5033 culcas,
2179 4967 2306 5035 quia
2352 4966 2609 5020 introitus
2642 4976 2697 5020 et
2736 4965 2919 5019 exitus
2951 4964 3095 5017 viam
3151 4975 3313 5031 atque
3344 4962 3446 5017 iter
3477 4966 3528 5014 in

1944 5059 2025 5113 eis
2052 5059 2238 5113 habes.
2271 5057 2383 5125 Sic,
2413 5059 2658 5127 inquam,
2695 5056 2893 5111 circuis
2922 5065 3194 5120 terram,o
3219 5053 3451 5117 diabnle,
3479 5062 3531 5106 et

1944 5165 2208 5221 peragras
2238 5164 2301 5204 ea
2350 5164 2471 5219 qua:
2502 5149 2601 5204 sub
2655 5148 2795 5204 cwlo
2844 5157 2992 5203 sunt.
3042 5146 3171 5214 Quae
3200 5157 3326 5202 sunt
3376 5143 3535 5201 hinc?

1945 5240 2120 5296 Corda
2152 5256 2273 5310 qua:
2318 5256 2425 5295 non
2453 5251 2581 5295 sunt
2631 5241 2684 5295 in
2732 5240 2896 5305 casio,
2924 5256 3045 5310 qua:
3089 5240 3142 5293 in
3175 5239 3372 5294 coelum
3402 5255 3534 5293 nun-

1945 5349 2109 5405 quam
2141 5335 2531 5401 ascemlerunt,
2574 5350 2751 5403 neque
2794 5333 2919 5387 ﬁdei
2965 5333 3305 5403 integritate,
3352 5348 3529 5399 neque

1947 5429 2147 5482 mentis
2194 5428 2489 5491 desiderio,
2536 5443 2709 5497 neque
2758 5425 2972 5481 Domini
3022 5426 3309 5491 memoria,
3353 5440 3531 5493 neque

1949 5521 2370 5575 resurrectionis
2401 5521 2832 5590 exspectatione,
2884 5535 3062 5588 neque
3085 5518 3276 5587 judicii
3311 5518 3526 5583 timore,

1923 5612 2122 5683 'neque
2151 5629 2247 5683 spc
2272 5614 2459 5685 gloria:
2485 5625 2721 5681 sclerum,
2753 5614 2848 5668 sed
2880 5615 3075 5670 horum
3134 5612 3373 5667 omnium
3410 5625 3531 5681 qua:

1814 5795 1875 5828 93‘
1909 5794 2008 5850 lsa.
2046 5811 2154 5864 xiv,
2184 5796 2271 5853 15.
