3884 6218
422 248 521 346 in
1544 299 1925 357 anonvaus
1963 301 2029 356 IN
2062 303 2202 361 JOB.
2238 337 2306 346 —
2343 304 2470 360 LIB.
2507 306 2546 360 l.
3554 317 3655 372 η

421 407 475 460 in
534 405 675 462 coelo
718 414 883 477 sunt,
912 406 1366 480 ’obiiviscuntur,
1417 400 1723 486 despiciunt
1775 432 1989 488 quoque
2016 423 2064 479 Α
2094 418 2299 486 Mosen,
2331 421 2399 475 de
2426 436 2534 491 quo
2561 420 2691 477 dicit
2720 421 2789 476 ad
2819 421 3000 478 Aaron
3026 438 3039 476 :
3071 422 3193 478 Non
3233 426 3367 480 sicut
3419 425 3658 497 [catulus

402 504 579 564 atque
611 496 956 567 delinquunt.
1001 499 1151 554 Talia
1187 510 1315 556 sunt
1341 503 1503 557 corda
1552 505 1793 560 omnium
1841 506 1987 562 fero-
2090 526 2235 566 meus
2262 510 2434 566 Moses
2460 513 2514 565 in
2547 522 2658 566 tota
2685 514 2839 567 domo
2865 530 2979 568 mea
3001 515 3172 582 ﬁdelis
3196 517 3237 570 ³.
3271 515 3335 569 Et
3372 496 3493 584 post
3515 531 3655 584 pau-

410 588 576 653 cium,
608 589 992 659 pertinacium,
1038 606 1226 647 eorum
1265 596 1355 663 qui
1383 610 1488 650 non
1521 604 1690 664 agunt
1714 599 1985 667 pteniten-

413 677 569 737 tiam.
622 679 1001 751 Hujuscemodi
1063 684 1207 739 enim
1267 687 1433 742 corda
1490 687 1685 744 circuit
1732 689 1981 747 diabolus

410 772 744 838 persuadens
772 782 936 844 atque
963 775 1264 845 infatuans,
1288 780 1598 837 obtundens
1625 789 1789 852 atque
1814 784 1981 839 obdu—

409 875 555 925 rans,
583 879 770 919 eorum
804 866 903 937 qui
928 882 991 922 ea
1019 882 1138 939 quae
1160 885 1321 940 super
1346 873 1543 928 coelum
1570 886 1699 931 sunt
1725 879 1776 931 in
1803 877 1979 934 incor-

407 954 658 1024 ruptione
711 972 818 1012 non
849 960 1087 1029 sapiunt,
1144 964 1237 1018 sed
1266 979 1331 1020 ea
1374 965 1489 1021 sola
1536 982 1656 1037 quae
1682 970 1782 1025 sub
1836 971 1977 1026 caelo

405 1054 533 1100 sunt
578 1048 631 1101 in
680 1053 1031 1121 corruptione
1082 1068 1246 1124 super
1291 1066 1492 1112 terram
1544 1061 1846 1129 requirunt.
1899 1062 1975 1119 De

402 1137 522 1193 istis
553 1153 681 1209 ergo
709 1143 961 1198 omnibus
992 1144 1120 1200 dicit
1153 1163 1167 1199 :
1202 1146 1430 1202 Circuivi
1453 1156 1621 1205 totam
1643 1162 1837 1206 terram
1856 1170 1973 1223 quas

399 1231 495 1284 sub
524 1232 653 1286 calo
688 1243 788 1301 est,
828 1246 876 1290 et
900 1238 1037 1295 veni.
1080 1240 1125 1293 A
1155 1240 1313 1295 nobis
1340 1252 1523 1296 autem
1554 1245 1822 1301 avertitur
1847 1262 1968 1301 cum

400 1322 567 1379 donat
619 1324 762 1383 Deus
797 1343 894 1384 cor
938 1332 1221 1397 mundum,
1270 1333 1509 1389 animam
1549 1347 1775 1403 castam,
1816 1353 1970 1395 meno

401 1422 614 1485 temque
642 1418 810 1487 piam,
850 1421 1009 1477 iidem
1042 1423 1330 1494 integram,
1375 1426 1587 1495 plenam
1618 1430 1967 1497 charitatcm,

399 1505 826 1567 misericordiam
875 1514 1168 1580 sinceram,
1213 1519 1504 1587 puritatem
1543 1535 1650 1577 non
1697 1521 1875 1577 ﬁctam
1910 1533 1966 1580 et

394 1614 545 1668 spem
600 1601 952 1672 immobilem,
1002 1614 1061 1659 ut
1107 1622 1299 1664 omnes
1349 1612 1670 1679 nequissimi
1716 1614 1968 1672 incursus

397 1701 560 1760 atque
588 1706 839 1750 accessus
869 1696 1028 1767 longe
1069 1713 1099 1752 a
1145 1700 1299 1756 nobis
1334 1712 1669 1768 avertantur,
1704 1715 1759 1760 et
1785 1705 1963 1762 omnis

2088 604 2256 658 Iulum
2293 621 2308 658 :
2340 603 2612 668 Quomodo
2644 622 2748 659 non
2780 607 3003 661 timuisti
3032 608 3178 679 loqui
3205 612 3268 662 de
3300 609 3500 677 famulo
3535 626 3649 664 meo

2087 694 2234 749 Maso
2260 696 2315 749 '?
2339 695 2479 761 Quid
2510 697 2613 753 hoc
2646 695 2816 766 majus
2842 708 2946 765 est,
2979 700 3106 768 quid
3139 701 3411 770 superius,
3439 712 3498 756 ut
3525 704 3655 769 quis

2085 788 2157 842 sit
2191 785 2465 843 Creatoris
2497 804 2684 845 servus
2724 799 2886 859 atque
2915 790 3149 846 ctelestis
3198 792 3340 862 regis
3378 791 3645 849 famulus?

2084 878 2200 934 Non
2226 888 2313 935 est
2341 880 2441 935 hac
2468 881 2641 950 major
2669 881 2859 951 gloria.
2886 880 3061 952 Super
3094 883 3207 938 haec
3236 893 3415 939 autem
3466 885 3641 953 ipsum

2082 969 2355 1026 diabolum
2389 969 2654 1040 increpat,
2700 972 2886 1042 dejicit
2926 981 3091 1042 atque
3134 970 3388 1044 objurgat
3431 988 3529 1043 per
3587 976 3641 1029 id

2080 1061 2225 1132 quod
2262 1061 2364 1117 Job
2409 1076 2638 1131 puerum
2678 1077 2833 1119 suum
2878 1065 3156 1133 appellat:
3189 1065 3639 1132 Animadvertisti,

2077 1152 2271 1222 inquit,
2300 1153 2370 1207 ad
2394 1169 2613 1222 puerum
2636 1170 2805 1208 meum
2827 1152 2967 1208 Job?
3000 1157 3078 1211 Ac
3112 1157 3158 1211 si
3185 1156 3422 1214 diceret:
3453 1158 3640 1214 Nonne

2075 1244 2252 1299 victus
2280 1258 2360 1309 es,
2393 1253 2448 1300 et
2471 1244 2715 1313 dejectus
2740 1252 2902 1315 atque
2934 1246 3270 1317 humiliatus,
3291 1260 3358 1313 ,ut
3382 1249 3483 1307 Job
3514 1267 3640 1307 cor-

2075 1334 2345 1404 ruptibilis
2372 1346 2537 1405 atque
2561 1344 2810 1392 terrenus
2845 1338 3009 1393 homo
3039 1352 3229 1396 servus
3258 1355 3408 1396 meus
3458 1342 3550 1407 sit,
3580 1353 3638 1397 et

2072 1427 2128 1482 in
2156 1441 2276 1482 mea
2301 1428 2560 1483 servitute
2599 1430 2852 1485 maneat?
2886 1429 2963 1484 Tu
2995 1445 3145 1498 vero,
3171 1446 3206 1487 ο
3244 1432 3477 1499 diabole,
3509 1449 3633 1488 cum

2072 1523 2320 1591 superior
2366 1523 2443 1579 sis
2495 1521 2721 1593 angelis,
2776 1537 2898 1578 cum
2952 1523 3093 1580 inter
3140 1525 3424 1581 cherubim
3474 1541 3505 1580 a
3545 1541 3645 1581 me

2071 1625 2309 1681 creatus,
2335 1630 2365 1669 a
2395 1629 2512 1670 mea
2542 1616 2807 1671 servitute
2838 1616 3133 1681 recessisti,
3165 1625 3220 1672 et
3246 1632 3421 1674 meum
3462 1618 3631 1673 mini-

2069 1710 2294 1766 sterium
2322 1709 2682 1780 dereliquisti,
2708 1709 2900 1766 merito
2931 1725 2999 1766 ex
3039 1711 3243 1766 sanctis
3288 1711 3473 1766 choris
3505 1725 3632 1781 pro-

396 1785 634 1839 versutia
666 1785 784 1855 ejus
813 1789 1038 1844 contusa
1082 1800 1247 1861 atque
1275 1793 1522 1849 ineﬂicax
1563 1799 1963 1867 comprobetur.
1995 1776 2041 1837 Β
2065 1800 2241 1873 jectus
2265 1811 2429 1872 atque
2454 1816 2484 1856 a
2512 1801 2828 1858 cmlestibus
2866 1801 3054 1873 pulsus
3092 1802 3236 1859 circa
3275 1812 3445 1858 terras
3467 1804 3628 1858 ober—

397 1875 503 1930 Sed
532 1877 750 1933 interim
779 1896 902 1935 cum
933 1882 1047 1936 haec
1069 1883 1272 1939 diceret
1296 1885 1542 1943 diabolus
1566 1890 1708 1957 quod
1736 1891 1966 1947 circuis-

395 1976 477 2021 set
526 1979 747 2036 terram,
797 1982 853 2027 et
880 1986 1224 2044 peragrasset
1262 1990 1325 2032 ea
1357 1993 1479 2047 quae
1518 1981 1619 2035 sub
1647 1982 1789 2037 cmlo
1816 1992 1962 2049 sunt,

391 2059 673 2128 respondit
700 2061 751 2116 ei
782 2061 945 2130 Deus,
992 2065 1180 2120 dicens
1213 2082 1229 2122 :
1260 2066 1692 2126 Animadvertisti
1737 2072 1807 2126 ad
1835 2089 1961 2143 pue-

389 2165 508 2203 rum
539 2168 710 2206 meum
742 2153 864 2219 Job,
896 2157 1021 2223 quia
1043 2158 1234 2212 similis
1271 2160 1321 2213 ei
1349 2176 1453 2214 non
1485 2171 1559 2216 est
1596 2163 1874 2234 quisquam
1906 2166 1965 2220 in

389 2243 546 2296 terris
576 2244 654 2298 ὀἳ
686 2244 967 2317 Tanquam
993 2250 1039 2304 si
1080 2250 1286 2307 diceret
1316 2271 1328 2306 :
1359 2253 1493 2320 Quia
1525 2254 1779 2324 gloriaris
1816 2258 1960 2326 quod

389 2344 593 2390 terram
642 2337 944 2401 circuieris,
990 2350 1045 2396 et
1088 2358 1153 2398 ea
1195 2358 1317 2413 quat
1364 2346 1465 2401 sub
1500 2347 1636 2402 coelo
1673 2358 1800 2403 sunt
1836 2364 1959 2418 per-

384 2428 684 2494 agraveris,
703 2429 789 2484 dic
811 2431 965 2497 mihi,
992 2434 1420 2491 animadvertisti
1446 2437 1509 2491 ad
1528 2453 1750 2507 puerum
1778 2456 1959 2496 meum

383 2513 521 2571 Job?
561 2517 715 2585 Quod
744 2523 791 2577 si
831 2522 1063 2581 forsitan
1094 2526 1316 2594 dixeris,
1357 2529 1543 2585 nescio
1572 2531 1693 2599 quis
1725 2532 1798 2587 sit
1833 2530 1954 2600 Job,

383 2608 475 2664 hic
501 2620 607 2679 est,
631 2613 720 2668 cui
748 2629 853 2669 non
880 2626 965 2672 est
995 2618 1157 2673 homo
1181 2619 1375 2674 similis
1396 2636 1559 2692 super
1589 2632 1809 2679 terram.
1836 2625 1954 2697 Ego

383 2701 505 2757 dico
541 2704 683 2772 quod
705 2720 811 2760 non
838 2707 909 2761 sit
945 2708 1021 2763 illi
1048 2710 1243 2766 similis
1277 2727 1440 2782 super
1468 2723 1667 2770 terram
1700 2735 1719 2772 ζ
1742 2724 1795 2771 tu
1824 2733 1954 2773 vero

381 2791 475 2859 qui
495 2791 630 2847 dicis
657 2796 798 2863 quod
825 2805 1025 2852 terram
1052 2799 1356 2870 circuieris,
1385 2812 1439 2857 et
1467 2819 1528 2858 ea
1550 2819 1669 2874 quae
1691 2807 1793 2861 sub
1814 2808 1955 2865 caelo

378 2891 507 2937 sunt
536 2889 937 2957 peragraveris,
985 2892 1210 2947 ostende
1259 2894 1422 2949 alium
1470 2896 1707 2952 similem
1751 2898 1847 2955 illi.
1884 2899 1953 2954 Et

377 2987 509 3029 vere
541 2978 856 3047 nequissimi
901 2981 1101 3039 diaboli
1150 2987 1506 3056 cogitationes
1542 2991 1745 3060 arguit,
1786 3002 1951 3062 atque

2067 1907 2179 1957 ras,
2210 1892 2355 1947 circa
2398 1902 2571 1947 terras
2612 1902 2816 1964 reptas,
2857 1904 2909 1950 et
2958 1902 3200 1949 terrenos
3237 1895 3630 1951 circumvenire

2064 1985 2299 2039 conaris.
2332 1982 2412 2039 οι)
2443 1984 2546 2039 hoc
2577 2000 2698 2040 cum
2742 1985 2877 2041 dicis
2906 1987 3047 2056 quod
3094 1995 3291 2041 terram
3326 1987 3623 2054 circuieris,

2062 2079 2118 2127 et
2142 2085 2204 2126 ea
2235 2086 2354 2141 quae
2380 2072 2480 2127 sub
2508 2077 2645 2128 caelo
2692 2084 2820 2129 sunt
2855 2077 3255 2148 peragraveris,
3301 2077 3427 2147 quia
3457 2077 3625 2132 coale-

2062 2165 2227 2219 stium
2259 2165 2443 2237 refuga
2476 2165 2708 2222 eﬂectus
2740 2178 2902 2237 atque
2929 2168 2983 2222 in
3024 2168 3254 2223 terrenis
3286 2177 3522 2238 reptare,
3569 2170 3621 2224 in

2060 2266 2204 2313 terra
2260 2260 2611 2322 manducare,
2665 2260 2716 2314 in
2772 2275 3003 2331 persona
3037 2261 3303 2330 serpentis
3332 2276 3393 2316 es
3452 2262 3623 2319 male-

2058 2346 2256 2409 dictus,
2293 2348 2725 2405 animadvertisti
2776 2352 2959 2407 animo
2995 2352 3087 2407 illo
3130 2353 3484 2423 nequissimo,
3536 2354 3623 2408 in-

2056 2438 2204 2506 vido,
2234 2440 2464 2507 crudeli,
2513 2455 2700 2511 pravo,
2732 2441 2868 2509 fero,
2913 2442 2980 2497 ad
3025 2458 3252 2513 puerum
3288 2460 3467 2499 meum
3512 2446 3619 2499 mi-

2058 2538 2184 2595 tem,
2233 2532 2548 2602 henignum,
2592 2532 2915 2602 subjectum,
2960 2534 3287 2606 religiosum,
3330 2552 3435 2590 non
3470 2535 3619 2591 frau-

2054 2622 2353 2690 dulentum,
2400 2625 2495 2681 sed
2553 2625 2827 2693 devotum,
2870 2628 2937 2682 ad
2993 2642 3221 2698 puerum
3272 2645 3473 2692 meum.
3529 2633 3614 2685 cui

2052 2729 2158 2769 non
2216 2725 2299 2769 est
2333 2716 2494 2770 homo
2530 2716 2720 2773 similis
2768 2733 2931 2788 super
2974 2721 3215 2777 terram?
3263 2719 3321 2775 ln
3363 2722 3631 2778 omnibus,

2050 2806 2348 2863 virtutibus
2390 2817 2553 2878 atque
2604 2811 2801 2866 studiis
2843 2825 2951 2865 non
2991 2820 3077 2865 est
3119 2812 3194 2866 illi
3234 2812 3425 2867 similis
3452 2828 3617 2884 super

2052 2906 2278 2952 terram.
2320 2897 2593 2954 Abraham
2624 2916 2731 2957 non
2781 2911 2887 2968 est,
2930 2902 3081 2958 Isaac
3126 2904 3409 2973 requievit,
3446 2908 3628 2961 Israel.

2052 2989 2322 3054 transivit,
2347 2986 2546 3060 Joseph
2572 2992 2806 3060 quietem
2839 2996 3133 3065 assumpsit
3159 3011 3172 3047 :
3196 3004 3480 3068 propterea
3502 3012 3611 3053 non

374 3064 623 3123 illicitum
654 3069 775 3139 ejus
799 3071 1022 3127 livorem
1064 3078 1318 3144 ostendit,
1348 3094 1507 3149 quem
1545 3082 1837 3137 meditatus
1862 3093 1946 3140 est
1973 3109 2023 3168 α
2051 3088 2138 3134 est
2170 3080 2246 3134 illi
2273 3080 2464 3135 similis
2502 3096 2663 3152 super
2692 3091 2912 3137 terram.
2946 3064 3081 3153 Ego,
3131 3064 3324 3155 inquit,
3362 3087 3612 3142 testimo-

374 3173 438 3213 ac
465 3161 716 3231 nequiter
770 3167 1048 3236 cogitavit,
1084 3184 1205 3224 cum
1244 3170 1343 3227 Job
1377 3173 1584 3229 zelatur
1615 3183 1670 3230 et
1713 3176 1940 3232 invidet.

370 3249 451 3305 Ac
498 3251 544 3305 si
586 3252 833 3309 diceret:
866 3256 975 3327 Ego
1012 3273 1180 3326 arguo
1219 3263 1594 3320 meditationes
1642 3274 1784 3332 tuas,
1815 3282 1942 3324 ecce

370 3340 553 3395 revelo
603 3345 834 3400 consilia
881 3357 991 3413 tua,
1024 3365 1152 3405 ecce
1201 3356 1429 3409 ostendo
1469 3356 1764 3426 nequitiam
1794 3367 1941 3413 tuam

368 3440 537 3499 atque
567 3431 814 3489 livorem.
862 3435 1001 3497 Ecce
1038 3439 1108 3494 do
1141 3441 1232 3495 tibi
1264 3445 1570 3511 audaciam,
1615 3447 1940 3517 utprol‘eras

367 3522 628 3577 malitiam
663 3533 833 3588 tuam,
857 3539 915 3583 ut
941 3528 1230 3599 depromas
1262 3534 1647 3605 malignitatem
1679 3547 1845 3603 tuam,
1880 3546 1940 3593 ut

365 3611 435 3666 ad
471 3622 751 3670 certamen
781 3626 943 3689 atque
968 3621 1210 3690 prndium
1259 3624 1475 3681 beatum
1514 3628 1780 3697 requiras.
1825 3628 1939 3684 Nisi

364 3702 511 3759 enim
549 3707 799 3763 liduciam
854 3714 1168 3782 acceperis,
1221 3731 1465 3786 quaerere
1512 3735 1616 3773 non
1668 3720 1933 3777 audebis:

360 3794 794 3853 Animadvertisti
826 3802 895 3856 ad
940 3820 1158 3872 puerum
1205 3824 1374 3862 meum
1420 3807 1565 3865 Job?
1608 3809 1722 3869 lloc
1743 3827 1826 3869 est
1852 3831 1939 3870 re—

363 3882 561 3943 laxasti
608 3891 848 3947 animum
897 3903 1066 3963 tuum,
1114 3899 1476 3969 cogitationes
1522 3912 1663 3969 tuas,
1708 3907 1934 3962 consilia

363 3988 477 4045 tua,
505 3980 883 4040 meditationes
912 3997 1050 4043 tuas.
1074 3990 1153 4044 Ad
1174 3993 1378 4059 quem?
1407 3993 1491 4047 Ad
1516 4011 1736 4063 puerum
1765 4015 1935 4053 meum

358 4071 480 4128 Job.
525 4074 820 4132 Laetaberis
860 4080 1167 4135 adversarie
1212 4084 1409 4153 sagitta
1455 4085 1509 4139 in
1545 4088 1763 4144 modum
1792 4090 1932 4160 ignis

358 4166 746 4223 comburente?
792 4168 942 4225 Hanc
966 4185 1154 4227 vocem
1197 4174 1441 4231 diabolus
1469 4193 1810 4249 nequaquam
1834 4198 1932 4237 au-

357 4253 475 4325 dire
512 4258 734 4325 patitur,
780 4274 888 4315 non
931 4259 1127 4315 tolerat
1171 4264 1570 4333 nequissimus,
1625 4278 1683 4323 ut
1732 4271 1930 4341 aliquis

357 4362 550 4404 servus
577 4349 671 4405 Dei
700 4351 794 4415 sit,
820 4352 903 4406 vel
936 4353 1159 4410 omnino
1194 4355 1524 4412 nominetur.
1577 4359 1709 4415 Cum
1747 4373 1924 4419 autem

2048 3171 2196 3225 nium
2228 3171 2488 3241 perhibeo
2527 3172 2818 3227 virtutibus
2847 3174 2984 3244 ejus,
3012 3185 3197 3244 utpote
3239 3178 3479 3232 omnium
3520 3193 3613 3234 ce-

2044 3261 2223 3331 gnitor
2248 3262 2531 3317 Dominus.
2574 3262 2883 3319 Attestatur
2914 3265 3162 3321 videlicet
3192 3267 3267 3321 illi
3298 3269 3460 3322 etiam
3495 3284 3613 3323 nia--

2042 3355 2221 3425 lignus
2276 3363 2403 3408 tuus
2451 3354 2629 3420 livor,
2663 3372 2696 3410 ο
2745 3356 2976 3412 diabole.
3031 3356 3179 3425 Nisi,
3217 3359 3609 3428 inquit,meus

2042 3453 2233 3496 servus
2266 3440 2457 3497 fuisset
2505 3452 2727 3499 sanctus
2754 3459 2817 3499 ac
2852 3446 3047 3516 dignus
3067 3486 3083 3508 ,
3110 3457 3267 3517 atque
3298 3449 3429 3503 mihi
3470 3452 3608 3507 bene

2041 3530 2415 3599 complacens,
2452 3548 2558 3587 non
2588 3534 2774 3603 utique
2818 3550 2939 3590 eum
2992 3537 3198 3594 zelatns
3236 3538 3452 3605 fuisses,
3497 3560 3619 3597 non.

2041 3621 2226 3691 utique
2259 3637 2384 3677 eum
2422 3624 2719 3683 invideres.
2752 3624 2866 3684 Non
2903 3644 2961 3683 es
2988 3631 3192 3685 zelatus
3232 3632 3370 3686 Esau
3391 3673 3406 3696 ,
3434 3649 3608 3702 neque

2040 3712 2254 3780 lsmael,
2284 3731 2388 3772 non
2421 3716 2682 3774 zelabcris
2724 3718 2872 3786 Saul,
2916 3731 3079 3795 atque
3123 3722 3406 3788 Achitofel,
3432 3740 3608 3794 neque

2037 3805 2247 3875 Doecb,
2269 3823 2445 3878 neque
2472 3810 2637 3865 ullum
2668 3828 2735 3867 ex
2776 3812 2843 3868 iis
2881 3813 2974 3883 qni
3006 3822 3151 3868 tuam
3186 3831 3493 3885 perversam
3526 3820 3606 3874 fe.

2036 3909 2230 3954 cerunt
2256 3900 2585 3956 voluntatem
2621 3918 2634 3954 :
2668 3904 2761 3958 sed
2810 3904 3016 3959 zeletus
3050 3920 3110 3959 es
3140 3922 3170 3960 a
3195 3907 3388 3962 saeculo
3417 3924 3605 3965 omnes

2034 4005 2221 4048 servos
2271 4008 2420 4049 meos
2460 4003 2625 4065 atque
2664 3996 2916 4065 cultores,
2945 3998 2995 4052 id
3032 3999 3270 4053 estAbel
3296 4009 3349 4057 et
3380 3998 3600 4072 Joseph,

2034 4093 2090 4138 et
2144 4100 2287 4140 nunc
2339 4086 2514 4155 ipsum
2547 4085 2673 4153 Job,
2722 4098 2884 4158 atque
2923 4090 3007 4144 his
3050 4091 3254 4147 similes
3293 4109 3518 4158 omnes,
3548 4108 3604 4149 et

2034 4190 2225 4231 omnes
2268 4178 2556 4234 sinceriter
2586 4194 2673 4234 me
2706 4180 3036 4237 invocantes.
3071 4183 3209 4249 Quia
3245 4201 3347 4239 non
3390 4199 3487 4252 est,
3514 4188 3601 4241 in-

2032 4267 2168 4337 quit,
2193 4268 2381 4323 similis
2425 4270 2509 4324 illi
2556 4288 2714 4342 super
2752 4282 2971 4328 terram.
3031 4274 3088 4329 In
3129 4291 3235 4345 quo
3267 4293 3371 4331 non
3411 4288 3494 4332 est
3520 4281 3601 4334 si-

2032 4358 2175 4413 milis
2215 4360 2264 4415 ei
2298 4361 2581 4431 quisquam
2633 4378 2798 4432 super
2843 4375 3043 4419 terram
3074 4366 3096 4419 ?
3123 4365 3182 4420 In
3218 4370 3468 4425 omnibus
3503 4370 3601 4424 bo-

353 4439 480 4496 odio
503 4442 730 4498 haberet
761 4441 861 4498 Job
886 4453 1050 4515 atque
1078 4446 1346 4502 zelaretur
1369 4464 1516 4515 eum,
1545 4451 1739 4521 adjecit
1763 4469 1922 4524 super
1952 4453 1996 4509 D
2026 4452 2110 4506 nis
2155 4454 2430 4521 operibus,
2464 4466 2623 4524 atque
2664 4456 2784 4510 ideo
2830 4456 3058 4523 dilectis,
3087 4461 3203 4514 sine
3233 4461 3453 4530 querela
3490 4475 3597 4528 est,

353 4531 650 4601 nequitiam
685 4549 807 4589 cum
843 4549 1059 4590 servum
1096 4538 1190 4593 Dei
1219 4540 1369 4595 illum
1400 4545 1706 4613 nuncupari
1737 4547 1921 4600 audis-

351 4631 456 4689 set,
514 4623 625 4680 Deo
688 4637 986 4696 astruente,
1040 4632 1124 4684 Ad
1181 4651 1403 4702 puerum
1461 4654 1633 4693 meum
1673 4640 1797 4696 Job.
1852 4642 1923 4698 Et

349 4719 718 4779 animadverte
741 4734 977 4795 quantus
1000 4741 1196 4784 sensus
1223 4730 1275 4784 in
1305 4731 1406 4787 hoc
1432 4732 1547 4803 ipso
1577 4738 1921 4791 demonstra-

351 4820 441 4865 tur
467 4824 739 4879 sermone,
776 4830 899 4870 cum
928 4832 1145 4873 servum
1176 4836 1332 4877 suum
1358 4823 1591 4893 appellat
1620 4827 1738 4882 Job.
1794 4828 1918 4883 Pri-

347 4916 495 4955 mum
521 4903 737 4972 quidem
765 4913 1022 4975 tanquam
1062 4910 1288 4980 gloriam
1330 4914 1435 4970 sibi
1460 4917 1731 4972 existimat
1757 4929 1921 4990 atque

347 4992 604 5047 honorem
641 4994 882 5050 omnium
919 4999 1178 5054 Dominus
1206 5019 1328 5057 cum
1356 5014 1543 5060 sancte
1571 5015 1734 5077 atque
1771 5018 1919 5063 caste

347 5082 427 5136 illi
466 5083 707 5137 serviunt
747 5085 1012 5143 homines.
1051 5088 1258 5146 Idcirco
1302 5094 1458 5162 quasi
1502 5094 1741 5165 glorians
1788 5096 1918 5151 dicit

345 5191 493 5231 nunc
519 5190 650 5233 sane
681 5180 746 5234 de
773 5181 888 5236 solo
910 5180 1032 5247 Job,
1064 5181 1297 5237 Puerum
1332 5201 1502 5240 meum
1520 5185 1643 5253 Job,
1676 5191 1778 5243 hoc
1809 5197 1911 5255 est,

343 5285 559 5326 servum
591 5286 767 5328 meum
796 5287 811 5325 :
843 5274 970 5329 alibi
1019 5285 1200 5330 autem
1252 5278 1318 5331 de
1367 5276 1612 5347 plurimis
1640 5295 1654 5333 :
1686 5280 1815 5334 Misi
1842 5281 1912 5335 ad

341 5376 431 5415 vos
470 5378 648 5419 omnes
695 5381 869 5419 servos
930 5382 1068 5421 meos
1114 5369 1393 5437 prophetas
1438 5370 1479 5426 ¹.
1552 5369 1707 5427 Unde
1746 5373 1908 5425 etiam

344 5451 489 5522 ipsos
520 5452 787 5524 glorificat
837 5467 999 5527 atque
1034 5460 1348 5527 magniﬁcat
1403 5476 1499 5531 per
1532 5462 1584 5516 id
1617 5463 1757 5531 quod
1795 5479 1912 5516 ser-

342 5548 460 5611 VOs,
490 5554 545 5599 et
574 5542 804 5604 famulos
858 5562 955 5602 cos
1014 5550 1211 5604 astruit
1256 5559 1417 5619 atque
1470 5551 1721 5621 appellat,
1773 5552 1912 5606 sicut

2025 4549 2208 4611 utpote
2238 4543 2329 4612 qui
2357 4544 2411 4598 in
2452 4546 2599 4600 nullo
2631 4547 2806 4615 potuit
2840 4550 3179 4618 reprehendi.
3208 4553 3495 4623 Quamvis,
3515 4558 3598 4612 in-

2023 4633 2163 4702 quit,
2201 4642 2255 4686 tu
2298 4649 2421 4689 eum
2463 4638 2844 4706 reprehendas,
2870 4656 2903 4696 ο
2932 4643 3165 4706 diabole,
3191 4644 3342 4715 qbasi
3375 4660 3596 4719 propter

2022 4724 2242 4780 divitias
2282 4740 2370 4780 me
2400 4728 2688 4795 colentem,
2735 4741 2859 4800 post
2905 4735 3181 4803 paululum
3238 4741 3592 4808 probabitur,

2022 4816 2148 4886 quia
2176 4817 2396 4873 omnino
2424 4817 2524 4875 Job
2554 4821 2672 4875 sine
2694 4825 2912 4891 querela
2938 4839 3238 4895 permanet,
3274 4839 3327 4885 et
3373 4847 3477 4887 non
3506 4851 3597 4890 so-

2021 4908 2131 4962 lum
2159 4910 2274 4964 sine
2303 4911 2545 4979 querela,
2578 4914 2672 4968 sed
2721 4922 2777 4969 et
2805 4916 3006 4985 justus,
3037 4935 3156 4975 cum
3188 4922 3395 4992 justitia
3426 4927 3590 4982 etiam

2018 5014 2203 5056 verus.
2252 5001 2358 5057 Sed
2404 5004 2531 5071 quia
2575 5004 2817 5075 plerique
2862 5007 3138 5064 hominum
3172 5012 3223 5064 in
3267 5013 3369 5068 hoc
3392 5018 3592 5072 mundo

2015 5090 2266 5146 omnibus
2295 5093 2467 5147 modis
2488 5094 2605 5147 sine
2638 5094 2855 5163 querela
2881 5096 3093 5153 fuerunt
3123 5110 3178 5155 et
3202 5102 3330 5171 justi
3358 5114 3411 5158 et
3433 5120 3589 5160 vera-

2013 5198 2104 5235 ces
2136 5184 2189 5236 in
2232 5185 2478 5239 humanis
2525 5186 2785 5241 duntaxat
2832 5187 3051 5257 judiciis
3088 5201 3142 5247 et
3182 5197 3380 5261 causis,
3426 5208 3591 5267 atque

2015 5274 2457 5341 corruptibilibus
2482 5274 2710 5346 justitiis
2744 5279 3034 5350 universis,
3062 5291 3119 5339 et
3147 5284 3291 5353 quod
3318 5302 3587 5342 summum

2017 5372 2072 5420 et
2101 5365 2388 5419 maximum
2414 5374 2516 5432 est,
2542 5368 2633 5422 Dei
2660 5370 2944 5426 scientiam
2972 5389 3079 5428 non
3106 5375 3428 5443 habuerunt,
3454 5379 3586 5432 cha~

2018 5452 2233 5514 rﬂatem
2274 5476 2488 5532 quoque
2526 5460 2644 5529 Dei,
2692 5474 2856 5535 atque
2885 5469 3173 5535 culturam,
3201 5472 3393 5527 merito
3424 5488 3586 5541 super

2017 5548 2133 5605 haec
2166 5550 2413 5608 universa
2451 5549 2552 5608 Job
2608 5551 2748 5609 bona
2786 5555 2968 5627 adjicit
3014 5559 3066 5615 id
3114 5562 3256 5630 quod
3290 5562 3589 5618 maximum

417 5701 462 5735 "
485 5701 585 5762 Job
622 5724 660 5772 ι,
690 5708 742 5766 8.
822 5710 839 5743 ¹
866 5708 1059 5769 Matth.
1087 5727 1245 5780 unt,
1284 5712 1371 5767 56.
1449 5716 1467 5745 ¹
1498 5712 1657 5768 Num.
1687 5716 1854 5783 xn,7.
1933 5714 1946 5746 ⁸

2048 5715 2110 5771 id.
2143 5714 2198 5773 8.
