3884 6218
311 268 422 328 411⁷)

1453 267 1840 326 ANONYMUS
1877 269 1944 323 1N
1982 267 2120 325 JOB.
2157 300 2225 311 —~
2262 269 2388 324 LIB.
2434 271 2474 324 1.

3466 271 3571 324 414

308 398 397 443 est
429 389 645 454 dicens,
677 388 775 442 Dei
822 389 1072 444 cultor‘:
1108 389 1225 444 sive
1257 387 1375 443 sine
1415 388 1636 458 querela
1677 385 1891 452 fuisset,
1921 390 1967 447 Α
1998 385 2186 439 Deum.
2230 384 2420 454 lncipit
2457 392 2768 447 osteunere,
2802 383 2927 452 quia
2973 383 3229 453 nequiter
3283 385 3571 441 meditatus

308 479 426 534 sive
455 478 658 547 justus,
701 481 818 534 sive
846 496 1032 546 verax,
1073 481 1258 535 omnia
1309 480 1424 533 haec
1456 490 1681 549 propter
1718 479 1888 532 Deum

305 579 489 636 erant,
520 580 684 640 atque
718 569 810 625 Dei
843 572 1132 626 culturam.
1162 571 1336 641 Super
1367 587 1486 641 quae
1514 571 1768 625 universa
1793 567 1889 622 ad-

301 661 503 731 jiciens
521 663 650 717 dicit
678 681 690 716 :
714 662 992 716 Abstinens
1023 678 1077 716 se
1101 662 1167 715 ab
1195 663 1340 715 omni
1372 678 1425 716 re
1449 661 1670 728 mala“,
1700 669 1889 730 utpote

304 754 398 824 qui
425 755 588 809 Deum
615 754 848 818 colebat,
879 763 1067 824 utpote
1108 755 1200 824 qui
1235 756 1401 809 Deum
1433 757 1728 816 metuebat,
1773 763 1889 806 tau-

304 859 472 914 quam
504 846 593 914 qui
630 847 734 899 Deo
764 847 1062 909 serviebat,
1093 854 1148 900 et
1177 853 1432 914 tanquam
1461 845 1554 914 qui
1609 845 1721 900 Deo
1766 843 1887 913 pla-

303 952 425 992 cere
462 939 736 1007 cupiebat.
768 938 859 994 Sic
887 940 1071 1009 itaque
1105 953 1271 1008 super
1303 953 1496 994 omnes
1519 948 1746 993 caeteras
1769 937 1887 993 vir-

303 1038 446 1084 tutes
481 1030 806 1099 praecipuam
836 1030 955 1100 ejus
998 1032 1258 1086 virtutem
1305 1032 1361 1086 in
1393 1030 1746 1086 conclusione
1797 1030 1888 1086 de-

301 1131 619 1178 monstrans
652 1122 746 1177 Dei
779 1125 1044 1179 cultorem
1076 1126 1228 1180 illum
1254 1125 1422 1180 fuisse
1445 1124 1886 1195 ostendit,atque

299 1215 370 1270 ab
408 1215 554 1269 omni
584 1231 644 1270 re
677 1216 816 1270 mala
839 1232 900 1272 se
940 1219 1325 1274 abstinentem.
1361 1220 1429 1272 Et
1457 1231 1586 1273 vere
1612 1233 1735 1272 cum
1765 1218 1884 1274 haec

299 1309 369 1361 ad
394 1309 666 1363 diabolum
697 1310 955 1380 loquitur,
984 1325 1082 1381 per
1123 1311 1239 1367 hzec
1273 1312 1547 1368 diabolum
1580 1314 1761 1382 arguit
1795 1320 1882 1366 at-

296 1412 409 1468 que
461 1399 724 1467 increpat,
755 1407 810 1454 et
849 1400 1017 1455 veluti
1047 1400 1276 1466 diceret,
1308 1402 1457 1468 audi,
1481 1417 1514 1456 0
1549 1401 1783 1466 diabole,
1812 1402 1882 1457 ad

297 1499 352 1544 te
373 1489 516 1544 enim
551 1501 632 1544 est
666 1491 755 1546 hic
781 1506 981 1559 sermo,
1028 1501 1083 1548 et
1115 1502 1205 1548 tua
1233 1494 1348 1549 haec
1387 1494 1687 1563 increpatio
1721 1505 1883 1563 atque

295 1581 622 1652 objurgatio.
657 1582 790 1638 Sine
819 1585 1048 1654 querela
1074 1594 1154 1641 est
1181 1584 1310 1653 Job,
1346 1597 1400 1641 tu
1453 1602 1582 1642 vero
1627 1586 1880 1642 omnibus

293 1676 625 1731 criminibus
650 1691 709 1732 es
740 1675 996 1734 refertus.
1027 1677 1216 1734 Justus
1245 1687 1331 1735 est
1367 1677 1493 1743 101),
1523 1689 1578 1733 tu
1605 1694 1734 1733 vero
1765 1679 1881 1747 ipse

291 1767 529 1837 injustas
574 1782 656 1832 es,
706 1777 763 1824 et
819 1769 985 1823 totius
1040 1769 1322 1841 injustitiae
1376 1769 1722 1840 suffragator.
1768 1744 1877 1824 Ve-
1908 1744 1954 1800 Β

291 1872 390 1912 rus
437 1868 523 1913 est
570 1858 710 1926 Job,
750 1868 805 1914 tu
841 1868 1019 1915 autem
1068 1861 1234 1918 totius
1266 1861 1512 1916 veritatis
1552 1875 1613 1915 es
1646 1876 1875 1929 exsors,

290 1960 458 2020 atque
489 1953 635 2006 omni
666 1952 950 2007 mendacio
985 1954 1174 2022 plenus
1195 1995 1209 2017 ,
1234 1963 1289 2008 et
1312 1954 1490 2010 omnis
1516 1954 1764 2019 fallaciae,
1797 1964 1878 2008 01-

287 2058 398 2112 que
427 2042 534 2097 doli
559 2058 619 2098 es
640 2053 814 2114 pater.
850 2045 943 2098 Dei
973 2046 1150 2099 cultor
1175 2056 1259 2100 est
1283 2044 1404 2112 Job,
1436 2057 1489 2100 tu
1514 2063 1642 2101 vero
1670 2047 1760 2100 Dei
1792 2063 1878 2102 re-

286 2136 422 2204 fuga
447 2146 501 2189 et
545 2146 810 2206 apostata,
843 2147 1006 2206 atque
1049 2138 1267 2192 rebellis
1297 2155 1310 2191 :
1344 2146 1399 2192 et
1434 2154 1542 2193 non
1583 2139 1762 2194 solum
1792 2149 1873 2204 tu,

286 2228 388 2282 sed
420 2236 475 2282 et
507 2241 698 2283 omnes
746 2228 996 2284 homines
1029 2230 1098 2284 ad
1148 2231 1254 2286 hoc
1296 2231 1549 2301 instigas,
1583 2231 1777 2285 suades
1820 2238 1876 2284 et

286 2318 473 2373 doces.
500 2318 746 2375 Abstinet
765 2333 826 2374 se
851 2322 918 2375 ab
945 2321 1090 2376 omni
1112 2337 1277 2391 opere
1297 2323 1438 2378 malo
1460 2332 1515 2378 et
1538 2325 1706 2379 verbo
1729 2322 1829 2377 Job
1855 2341 1868 2377 :

286 2419 347 2464 ιιι
382 2418 559 2464 autent
591 2425 753 2466 omne
800 2411 1002 2466 malum
1038 2422 1094 2468 et
1128 2413 1394 2482 illicitum,
1433 2425 1596 2484 atque
1646 2416 1870 2484 impium

282 2516 446 2571 opus,
473 2511 566 2556 aut
617 2505 838 2558 verbum
887 2503 1169 2561 seminasti
1221 2506 1364 2561 inter
1409 2507 1676 2571 homines,
1710 2517 1873 2576 atque

283 2595 343 2650 in
377 2610 438 2649 ea
472 2611 591 2665 quae
619 2595 722 2651 sub
749 2597 888 2652 caelo
923 2609 1049 2653 sunt
1075 2598 1209 2653 oriri
1241 2599 1438 2655 fecisti.
1476 2600 1615 2653 Dicit
1639 2600 1871 2668 denique

282 2689 405 2746 haec
455 2691 708 2747 universa
760 2693 904 2747 Deus
937 2695 1004 2749 ad
1047 2695 1342 2761 diabolum,
1387 2711 1509 2750 cum
1545 2694 1727 2748 laudat
1767 2693 1869 2750 Job

280 2792 341 2839 et
375 2787 639 2842 veraciter
672 2787 984 2857 ιιιοςηίῦοοι
1019 2803 1162 2854 eum,
1195 2797 1254 2843 ut
1283 2798 1468 2844 nosset
1495 2789 1740 2844 diabolus
1769 2794 1866 2843 ad-

283 2891 476 2932 versus
503 2893 664 2947 quem
700 2878 967 2943 habebat,
995 2892 1060 2932 ne
1093 2887 1280 2948 postea
1309 2880 1534 2945 diceret,
1577 2896 1683 2934 non
1734 2880 1866 2934 mihi

280 2970 566 3037 indicasti,
602 2988 781 3042 neque
811 2987 911 3042 ego
966 2973 1250 3041 sperabam
1297 2973 1353 3026 in
1402 2973 1662 3028 omnibus
1704 2989 1868 3044 super

1993 489 2078 535 est
2104 496 2118 532 :
2145 478 2336 547 incipit
2363 476 2660 546 publicare,
2687 476 2812 540 quia
2846 474 3110 531 malitiose
3141 477 3419 546 cogitavit.
3446 479 3570 534 Non

1991 573 2103 627 sine
2150 589 2334 635 causa,
2382 569 2659 638 inquiens,
2699 567 2800 621 Job
2841 568 2964 620 colit
3001 568 3186 623 Deum.
3233 568 3348 623 Non
3377 573 3567 640 gratis,

1991 665 2085 720 sed
2112 680 2233 719 cum
2259 663 2468 731 pretio;
2505 675 2609 714 non
2639 661 2864 724 frustra,
2899 659 2992 713 sed
3023 675 3120 727 pro
3151 663 3434 726 mercede;
3461 679 3566 718 non

1989 766 2211 825 propter
2237 755 2512 824 pietatem,
2546 752 2638 807 sed
2667 758 2888 819 propter
2909 753 3163 818 divitias;
3191 768 3296 808 non
3347 765 3569 824 propter

1990 847 2203 901 Domini
2235 845 2604 907 dilectionem,
2648 845 2741 897 sed
2775 855 2995 913 propter
3025 845 3220 912 peculii
3267 846 3568 902 multitudi-

1988 954 2135 994 nem.
2176 937 2292 991 Non
2343 937 2461 992 sine
2508 951 2670 990 causa
2712 934 2813 989 Job
2853 935 2977 990 colit
3031 937 3216 989 Deum.
3247 935 3419 992 Habet
3470 954 3568 1008 pro

1987 1029 2184 1099 quibus
2208 1037 2602 1096 recompenset,
2633 1027 2802 1082 habet
2829 1041 2930 1095 pro
2961 1028 3157 1096 quibus
3189 1028 3380 1083 reddat
3406 1029 3569 1083 retri-

1985 1124 2283 1180 butionem.
2316 1118 2441 1175 Non
2493 1121 2605 1174 sine
2638 1135 2800 1173 causa
2834 1121 2957 1172 colit
3007 1119 3192 1174 Deum.
3220 1119 3279 1174 Si
3306 1122 3449 1176 enim
3484 1122 3565 1176 fe-

1985 1216 2291 1272 rocioribus
2353 1223 2517 1284 atque
2569 1213 2987 1267 immanioribus
3040 1213 3347 1269 hominibus
3391 1225 3567 1273 tantas

1983 1309 2265 1367 conferres
2299 1308 2612 1374 divitias,et
2645 1316 2850 1361 tantam
2881 1307 3136 1375 gloriam,
3165 1317 3329 1377 atque
3356 1317 3563 1364 tantum

1983 1403 2267 1468 honorem,
2298 1401 2542 1472 profecto
2573 1417 2765 1457 omnes
2801 1417 2907 1456 uno
2957 1417 3222 1458 consensu
3263 1404 3357 1458 tibi
3392 1406 3566 1459 servi-

1983 1504 2105 1550 rent
2145 1504 2201 1549 et
2230 1503 2282 1549 te
2309 1494 2571 1550 colerent.
2601 1492 2728 1548 Non
2753 1495 2865 1548 sine
2896 1511 3061 1548 causa
3089 1495 3190 1549 Job
3221 1495 3343 1550 colit
3373 1496 3562 1564 Deum,

1981 1589 2076 1644 sed
2106 1603 2205 1656 pro
2236 1586 2578 1657 divitiis,pro
2607 1585 3078 1655 possibilitatibns,
3112 1603 3210 1655 pro
3232 1588 3560 1654 substantia,

1981 1697 2080 1752 pro
2112 1680 2485 1745 facultatibus,
2516 1694 2614 1749 pro
2664 1679 2902 1749 potentia
2929 1688 2986 1734 et
3033 1679 3227 1748 gloria,
3266 1689 3428 1750 atque
3461 1683 3562 1737 bo-

1981 1787 2133 1826 nore.
2151 1769 2258 1825 Pro
2279 1770 2364 1825 his
2389 1784 2522 1838 ergo
2559 1777 2722 1838 atque
2753 1769 2945 1823 horum
2987 1769 3374 1826 blandimentis
3398 1780 3451 1827 te
3472 1787 3566 1826 co-

1980 1863 2062 1918 lit.
2096 1862 2254 1918 Nunc
2305 1877 2435 1917 vero
2468 1861 2626 1916 facile
2671 1870 2756 1915 est
2803 1861 2878 1914 illi
2935 1861 3114 1916 colere
3155 1870 3230 1927 te,
3264 1861 3426 1919 facile
3478 1874 3565 1920 est

1979 1958 2141 2011 etiam
2187 1958 2306 2011 sine
2328 1956 2546 2024 querela
2589 1965 2643 2010 et
2675 1956 2882 2025 justum
2927 1964 3090 2024 atque
3133 1969 3386 2012 veracem
3416 1973 3559 2014 esse.

1981 2051 2110 2105 Sine
2135 2050 2353 2120 querela
2378 2061 2484 2115 est,
2509 2049 2634 2118 quia
2669 2050 3083 2103 innumerabilia
3123 2049 3308 2116 habet,
3338 2060 3394 2105 et
3416 2051 3561 2107 nullo

1978 2144 2182 2214 indiget
2211 2160 2225 2208 ;
2255 2142 2435 2211 justus
2459 2153 2563 2205 est,
2597 2142 2720 2212 quia
2754 2143 2970 2196 divitias
3003 2142 3167 2196 habet
3193 2160 3206 2208 ;
3261 2156 3425 2196 verax
3454 2151 3556 2205 est.

1977 2236 2100 2302 quia
2153 2249 2341 2289 omnes
2367 2234 2604 2303 undique
2660 2233 2735 2288 illi
2773 2235 3126 2300 inclinantur,
3153 2241 3209 2288 et
3249 2249 3556 2290 sermonem

1975 2326 2094 2396 ejus
2131 2339 2300 2394 usque
2349 2324 2414 2378 ad
2452 2325 2624 2378 nubes
2659 2326 2959 2394 perferunt.
3004 2324 3110 2380 Sed
3152 2327 3301 2379 mitte
3342 2343 3558 2380 manum

1975 2427 2122 2469 tuam
2148 2425 2199 2469 et
2233 2426 2386 2486 tange
2416 2415 2593 2468 omnia
2622 2431 2739 2484 qua:
2772 2415 2926 2468 habet
2974 2425 3022 2468 et
3055 2416 3184 2469 scito
3219 2416 3263 2469 si
3291 2416 3559 2469 benedicat

1975 2507 2085 2562 te'.
2131 2505 2322 2569 Aufer,
2360 2505 2566 2574 inquit,
2608 2505 2858 2566 divitias.
2895 2504 3133 2573 exspolia
3181 2505 3556 2569 facultatibus,

1973 2600 2164 2670 detege
2193 2599 2385 2668 gloria,
2413 2598 2564 2666 priva
2599 2599 2826 2662 honore,
2852 2598 3076 2651 humilia
3107 2612 3174 2652 ex
3200 2597 3554 2665 sublimitate,

1971 2701 2027 2746 et
2051 2701 2179 2745 tunc
2211 2706 2315 2744 non
2339 2690 2512 2744 solum
2555 2691 2697 2744 hanc
2726 2690 2996 2744 culturam
3028 2690 3393 2760 derelinquet,
3425 2699 3480 2745 et
3509 2690 3557 2746 si

1972 2799 2076 2837 non
2108 2784 2159 2837 in
2192 2782 2445 2852 praesenti
2471 2789 2521 2834 te
2552 2782 2857 2844 benedicet,
2886 2782 2987 2836 hoc
3014 2793 3095 2836 est
3118 2783 3218 2835 nisi
3253 2791 3303 2835 te
3334 2783 3386 2836 in
3418 2798 3556 2852 pras-

1970 2877 2110 2929 senti
2145 2875 2433 2929 maledicat
2467 2884 2522 2929 et
2557 2875 2918 2944 blaspltetnet,
2954 2883 3116 2942 atque
3141 2875 3414 2930 detrahat.
3444 2873 3558 2927 Mo-

1969 2985 2056 3025 ses
2083 2971 2226 3023 enim
2261 2983 2488 3039 magnus
2527 2969 2690 3022 homo
2723 2967 2812 3020 Dei
2845 2983 2967 3020 cum
2999 2967 3267 3020 scriberet
3291 2965 3412 3030 Job,
3441 2981 3554 3020 non

280 3074 486 3118 terram
513 3063 883 3132 hujuscemodi
916 3081 1037 3120 esse
1085 3066 1468 3121 constantiam.
1501 3066 1737 3122 Cunctos
1765 3084 1862 3120 au-
1893 3087 1936 3146 α
1972 3063 2044 3116 110
2076 3061 2299 3132 scripsit
2331 3061 2474 3114 sicut
2533 3059 2785 3113 diabolus
2826 3058 3037 3112 locutus
3065 3067 3184 3122 est,
3219 3058 3312 3112 sed
3361 3059 3557 3113 decen-

277 3155 414 3220 divi,
446 3155 536 3224 qui
581 3156 796 3209 fuerunt
833 3157 901 3211 ab
925 3157 1080 3212 initio
1116 3157 1322 3222 saeculi,
1354 3167 1409 3212 et
1432 3159 1861 3228 quampluritnos

275 3245 417 3298 meis
446 3245 726 3314 discipulis
765 3247 1119 3316 circumdedi,
1151 3258 1313 3318 atque
1349 3249 1485 3304 meis
1516 3250 1728 3306 insidiis
1761 3268 1858 3321 ap-

274 3339 564 3406 prehendi.
594 3339 785 3394 Merito
816 3339 1072 3409 putabam
1119 3341 1280 3394 etiam
1320 3341 1462 3397 hunc
1497 3344 1652 3412 quasi
1695 3361 1860 3398 unum

275 3438 349 3482 ex
377 3430 630 3484 omnibus
665 3430 822 3486 facile
849 3445 1136 3500 superare.
1173 3432 1251 3487 0b
1282 3435 1385 3489 hoc
1418 3450 1547 3503 ergo
1589 3451 1657 3491 ne
1687 3436 1864 3492 victus

276 3520 527 3574 diabolus
556 3531 677 3589 post
703 3522 805 3577 hoc
841 3533 1025 3592 posset
1052 3540 1111 3578 ea
1141 3540 1259 3594 qua:
1290 3536 1593 3580 memorata
1619 3537 1744 3582 sunt
1780 3530 1861 3583 di-

275 3625 438 3675 cere,
475 3622 760 3680 propterea
817 3615 1138 3671 testificatus
1169 3626 1250 3671 est
1299 3617 1370 3670 illi
1407 3617 1585 3685 Deus,
1625 3628 1681 3674 et
1734 3631 1862 3675 ante

275 3706 602 3774 prmmonuit
634 3705 700 3759 de
736 3708 983 3763 omnibus
1013 3724 1132 3778 quae
1161 3711 1302 3764 circa
1331 3707 1431 3764 Job
1462 3723 1772 3778 agerentur,
1799 3730 1862 3767 ac

273 3793 321 3848 si
357 3795 563 3849 diceret
599 3811 614 3847 :
645 3793 766 3850 Noli
818 3808 1031 3866 putare,
1067 3815 1099 3854 o
1131 3799 1364 3865 diabole,
1397 3803 1538 3871 quod
1573 3803 1860 3858 adversum

272 3901 441 3940 avum
485 3885 586 3941 Job
635 3887 777 3942 Esau
819 3889 1055 3956 habeas,
1099 3900 1192 3944 aut
1245 3896 1533 3948 adversum
1578 3910 1740 3948 unum
1792 3910 1859 3948 ex

270 3975 418 4031 Esau
447 3978 734 4044 similibus,
753 3981 845 4034 sed
877 3983 1164 4037 adversum
1205 3981 1307 4038 Job
1342 3985 1530 4050 habes,
1560 3986 1611 4040 in
1649 3985 1859 4041 fidein~

271 4069 680 4135 declinabilem,
719 4071 1051 4126 iunnobilem
1108 4073 1414 4143 injustitia,
1471 4077 1522 4130 in
1559 4079 1858 4147 gratiarum

271 4161 583 4215 actionibus
616 4163 1038 4228 immutabilem,
1071 4165 1124 4218 in
1154 4165 1430 4220 doloribus
1471 4184 1574 4221 non
1607 4183 1861 4222 succum-

269 4253 514 4320 lnentem,
559 4270 666 4309 non
714 4256 1052 4311 delicientem
1089 4258 1141 4311 in
1180 4259 1638 4316 tribulationibus.
1674 4262 1859 4315 Talem

270 4347 441 4400 fuisse
467 4344 568 4402 101)
609 4349 790 4404 sciens
821 4349 996 4414 Deus,
1025 4361 1151 4406 ante
1183 4352 1508 4407 testificatus
1536 4363 1622 4408 est
1648 4354 1861 4410 diabolo

1968 3158 2075 3211 tius
2105 3170 2169 3209 ac
2201 3153 2510 3224 benignius,
2538 3161 2724 3221 utpote
2755 3152 2984 3205 devotus
3008 3152 3100 3204 Dei
3140 3150 3393 3207 famulus.
3428 3151 3554 3204 Dia-

1964 3249 2120 3303 bolus
2149 3248 2291 3300 enim
2321 3245 2622 3299 crudeliter
2658 3259 2721 3298 ac
2756 3244 3006 3311 nequiter
3030 3243 3242 3298 locutus
3275 3251 3378 3307 est,
3410 3254 3464 3296 et
3497 3251 3555 3298 ut

1964 3342 2083 3413 plus
2114 3341 2179 3393 ad
2220 3338 2578 3401 iracundiam,
2624 3345 2682 3389 ttt
2725 3335 2964 3403 putabat,
2993 3344 3314 3403 provocaret
3358 3335 3550 3400 Deum,

1967 3449 2073 3487 non
2097 3431 2236 3486 dixit
2261 3432 2307 3484 si
2343 3447 2446 3483 non
2492 3431 2546 3482 in
2585 3429 2777 3496 [aciem
2808 3438 2856 3480 te
2881 3428 3228 3490 benedixerit,
3249 3428 3344 3481 sed
3373 3429 3419 3481 si
3447 3442 3553 3481 non

1963 3527 2019 3580 in
2056 3526 2240 3594 faciem
2274 3523 2367 3576 tibi
2400 3522 2756 3575 maledixerit.
2803 3519 2978 3573 Moses
3011 3535 3142 3573 vero
3173 3519 3413 3573 illicitam
3466 3528 3553 3571 at-

1965 3635 2070 3688 que
2103 3616 2378 3672 crudelem
2424 3614 2620 3669 diaboli
2662 3629 2850 3667 vocem
2905 3613 3231 3677 immutans,
3273 3612 3452 3666 dixit:
3485 3611 3552 3666 In

1963 3712 2154 3783 facient
2192 3711 2286 3762 tibi
2336 3708 2621 3761 benedicet.
2664 3707 2778 3762 Non
2822 3707 2940 3760 sine
2983 3721 3169 3772 causa,
3212 3705 3419 3775 inquit,
3447 3703 3551 3761 Job

1965 3804 2094 3860 colit
2123 3804 2311 3858 Deum.
2345 3801 2409 3854 Et
2451 3801 2641 3870 utquid
2662 3801 2686 3852 ‘l
2711 3799 2796 3854 vel
2829 3800 2897 3852 ob
2933 3813 3091 3867 quam
3127 3813 3347 3853 causam
3377 3797 3551 3852 colit?

1966 3897 2104 3962 Quia
2143 3907 2200 3950 tu
2228 3895 2446 3948 munisti
2483 3893 2562 3946 illi
2585 3910 2644 3946 ea
2670 3909 2788 3963 qua:
2812 3901 2958 3945 extra
2981 3894 3194 3944 domum
3228 3904 3382 3961 atque
3408 3893 3552 3945 intra

1963 3989 2175 4039 domum
2221 3985 2336 4054 ejtts
2384 3995 2502 4038 sunt
2527 3984 2571 4036 ⁸.
2606 3984 2683 4043 Tu
2725 3983 2967 4048 munisti,
3007 3992 3060 4034 tu
3114 3982 3547 4050 circumdedisti,

1966 4089 2022 4131 tu
2050 4077 2413 4141 obumbrasti,
2446 4086 2498 4129 tn
2549 4077 2901 4146 prospexisti,
2950 4086 3004 4129 tu
3059 4077 3223 4130 illaesa
3255 4075 3549 4130 custodisti

1962 4168 2145 4223 omnia
2201 4168 2342 4221 bona
2395 4165 2530 4234 ejus,
2566 4182 2669 4220 non
2704 4168 2876 4220 solum
2917 4183 2978 4220 ea
3011 4184 3131 4237 quas
3160 4169 3299 4220 intra
3328 4169 3547 4222 domum

1964 4273 2114 4328 sunt,
2141 4263 2234 4317 sed
2261 4272 2313 4317 et
2337 4277 2399 4316 ea
2429 4277 2546 4331 qua:
2584 4261 2926 4315 extrinsecus
2967 4272 3094 4315 sunt
3126 4271 3280 4315 extra
3329 4263 3546 4315 domutn

1965 4355 2246 4418 universa,
2277 4368 2396 4423 qua:
2426 4361 2552 4408 sunt
2575 4352 2648 4406 -ei
2679 4353 2732 4406 in
2773 4354 3026 4406 circuitu.
3070 4352 3316 4419 Quoties,
3347 4353 3544 4421 inquit,

269 4440 460 4494 dicens
497 4460 511 4496 :
547 4439 718 4495 Homo
747 4443 861 4496 sine
883 4441 1118 4512 querela,
1133 4442 1515 4511 justus,vera:c
1541 4445 1640 4501 Dei
1665 4449 1856 4515 cultor,
1887 4432 1940 4491 Ι)
1965 4447 2112 4502 volui
2149 4448 2610 4516 appropinquare,
2641 4453 2698 4499 et
2727 4459 2833 4498 non
2861 4445 3042 4498 inveni
3073 4460 3375 4509 accessum,
3422 4459 3547 4498 cum

267 4531 541 4585 abstinens
571 4549 624 4585 se
653 4533 795 4586 omni
827 4550 881 4586 re
907 4531 1048 4586 mala
1071 4533 1112 4586 ⁵.

344 4622 452 4679 Sed
486 4634 540 4679 et
571 4641 692 4694 quae
717 4627 771 4679 in
803 4625 1014 4680 laudem
1061 4626 1202 4681 beati
1229 4627 1329 4683 Job
1361 4629 1490 4685 dicit
1516 4630 1660 4686 Deus
1691 4642 1856 4701 atque

266 4717 325 4771 in
374 4718 746 4772 testimonium
781 4721 1101 4788 nequissimi
1142 4723 1364 4788 diaboli,
1412 4723 1526 4778 haec
1560 4726 1626 4780 ad
1683 4726 1858 4779 maxi-

266 4825 414 4864 mam
448 4809 923 4867 inﬂammationem
970 4813 1335 4882 profecerunt,
1363 4826 1418 4870 et
1444 4818 1852 4872 succensionem

265 4901 525 4969 nequitiae
561 4903 862 4956 adversarii
899 4913 1066 4973 atque
1093 4907 1386 4959 maximam
1417 4907 1702 4960 adversum
1752 4905 1852 4961 Job

265 4994 685 5048 concitationem
713 4993 900 5050 livoris
941 5011 1005 5052 ac
1037 4997 1160 5052 zeli.
1200 4996 1396 5051 Merito
1423 4998 1646 5053 audacia
1677 4996 1852 5052 fretus

267 5084 633 5154 nequissimus
655 5127 670 5152 ,
699 5088 1124 5144 immoderanter
1153 5089 1369 5160 protulit
1413 5106 1569 5146 suam
1597 5091 1852 5160 iniquita-

267 5188 375 5231 tem
400 5178 587 5234 diceus
613 5195 626 5232 :
663 5176 787 5233 Non
808 5181 918 5235 sine
947 5198 1108 5235 causa
1145 5185 1309 5253 gratis
1336 5183 1436 5237 Job
1470 5184 1589 5235 colit
1614 5182 1782 5236 Deum
1807 5182 1852 5236 °.

263 5269 574 5341 Respondet
591 5271 958 5338 nihilominus,
977 5283 1030 5328 et
1049 5274 1202 5340 dicit,
1219 5290 1321 5329 non
1341 5274 1496 5330 labiis
1512 5277 1854 5345 depromens,

264 5379 443 5433 neque
473 5366 712 5419 lnnnano
745 5380 839 5420 ore
880 5365 1117 5432 locutus,
1152 5369 1246 5421 sed
1277 5368 1522 5422 consiliis
1553 5369 1721 5438 iniqui
1754 5384 1852 5424 co-

262 5456 465 5526 gitans,
500 5466 662 5526 atque
686 5457 820 5526 ipsis
853 5460 1274 5529 cogitationibus
1309 5461 1495 5517 illicita
1534 5463 1845 5527 meditatus,

263 5551 598 5618 respondens
633 5549 880 5607 diabolus
913 5553 1073 5619 dicit,
1110 5551 1233 5608 Non
1264 5555 1375 5609 sine
1400 5571 1563 5608 causa
1588 5553 1690 5609 Job
1724 5556 1846 5609 colit

374 5705 393 5734 "
429 5704 527 5764 Job
588 5724 628 5779 I,
664 5707 716 5765 8.
796 5710 837 5742 δ’
873 5711 1006 5769 ibid.
1084 5715 1104 5745 ⁵
1139 5712 1269 5770 ibid.
1334 5715 1352 5746 ⁸
1388 5713 1519 5772 ibid.
1552 5714 1604 5770 9.

1683 5715 1702 5747 ⁷
1727 5715 1858 5775 ibid.
1901 5716 1980 5772 11.

1963 4541 2207 4613 protegis
2254 4550 2417 4609 atque
2466 4537 2797 4594 obumbras?
2859 4537 3081 4604 Quoties
3111 4577 3126 4600 ,
3160 4537 3354 4606 inquit,
3399 4536 3544 4590 volui

1963 4634 2192 4706 perdere
2233 4641 2290 4687 et
2338 4632 2739 4697 exterminare,
2766 4639 2822 4684 et
2855 4646 2962 4684 non
3006 4629 3253 4699 permisit
3297 4630 3547 4698 omnipo-

1967 4739 2089 4784 tens
2144 4742 2340 4782 manus
2381 4726 2520 4781 tua?
2549 4725 2628 4780 Tu
2673 4725 2898 4780 munisti
2932 4724 2982 4780 ei
3029 4726 3211 4779 omnia
3247 4739 3369 4795 quae
3419 4734 3546 4780 sunt

1962 4823 2106 4877 intra
2143 4823 2363 4876 domum
2387 4861 2404 4887 ,
2442 4830 2607 4889 atque
2655 4830 2811 4874 extra
2861 4820 3079 4874 domum
3132 4818 3251 4888 ejus
3284 4828 3542 4890 tanquam

1959 4916 2178 4968 flamma
2235 4913 2373 4984 ignis
2405 4911 2723 4982 angelorum
2763 4921 2985 4966 tuorum
3035 4910 3277 4963 custodia
3305 4917 3430 4962 ante
3459 4923 3544 4962 me

1960 5006 2143 5063 omnia
2202 5006 2344 5061 bona
2385 5005 2754 5070 circumdans,
2814 5019 3093 5060 accessum
3139 5003 3270 5058 mihi
3321 5002 3544 5056 minime

1959 5099 2302 5165 concessisti,
2328 5113 2504 5167 neque
2533 5100 2911 5168 approximare
2934 5097 3066 5150 mihi
3096 5094 3415 5165 permisisti,
3439 5109 3544 5163 po-

1961 5200 2217 5246 testatem
2254 5191 2385 5244 mihi
2441 5190 2748 5245 nullatenus
2780 5189 2995 5244 dedisti.
3031 5188 3210 5255 Quare
3245 5203 3374 5257 ergo
3427 5187 3545 5241 lau-

1965 5284 2061 5338 das
2102 5281 2202 5337 Job
2239 5282 2390 5351 quasi
2415 5281 2664 5351 justum?
2701 5282 2841 5349 Quid
2879 5281 3198 5352 magnificas
3235 5278 3360 5344 Job,
3386 5279 3541 5347 quasi

1967 5375 2063 5430 Dei
2089 5375 2355 5430 cultorem
2409 5385 2576 5446 atque
2623 5375 2985 5447 religiosum?
3020 5373 3133 5427 Non
3187 5371 3289 5428 101)
3327 5370 3543 5440 religio-

1956 5467 2111 5531 sitas,
2145 5465 2549 5534 nequejustitia
2585 5468 2688 5522 hoc
2717 5466 2870 5533 fecit,
2915 5467 3012 5522 sed
3053 5464 3370 5534 largitiones
3414 5471 3539 5526 tum,

1955 5566 2118 5627 atque
2174 5557 2494 5626 multiplicia
2553 5567 2642 5614 tua
2703 5557 2865 5626 bona,
2913 5573 3014 5629 pro
3041 5558 3233 5627 quibus
3265 5564 3315 5608 te.
3360 5552 3541 5610 colere

2057 5714 2078 5747 ⁸
2109 5714 2236 5771 ibid.
2267 5713 2350 5770 l0.
