3884 6218
336 247 446 304 415

1490 237 1880 300 Α’ΝΟΝἷΜυδ
1917 240 1987 296 ΙΝ
2022 240 2162 298 JOB.
2196 274 2269 284 —
2298 240 2429 299 LIB.
2470 240 2509 297 Ι.

3510 234 3632 289 416

332 372 568 429 videtur.
593 369 746 438 Quod
786 361 837 426 si
861 381 969 423 non
1007 367 1113 422 hoc
1146 371 1250 428 est,
1291 363 1441 420 Mitte
1488 381 1705 419 manum
1744 374 1910 429 tuam,
1942 368 1990 425 Α
2020 366 2133 435 ipse
2158 363 2400 420 diabolus
2430 370 2512 417 est
2532 361 2697 416 etiam
2729 373 2894 424 nunc,
2912 357 3002 426 qui
3024 356 3208 424 utique
3233 353 3331 408 fuit
3353 361 3407 407 et
3430 369 3580 408 nunc
3609 374 3627 422 ;

334 477 490 534 tange
532 464 708 517 omnia
748 476 867 532 quae
896 460 1088 524 habet,
1120 458 1223 512 nisi
1259 458 1316 512 in
1364 458 1557 527 faciem
1599 458 1919 512 benedixerit

335 557 452 622 tibi,
484 554 567 610 vel
622 554 799 623 potius
852 549 1216 615 maledixerit,
1268 549 1413 604 sicut
1465 550 1596 605 dicit
1645 549 1917 605 diabolus.

334 647 438 713 Tu,
490 644 702 714 inquit,
746 643 1004 711 munisti,
1054 652 1110 697 tu
1160 641 1520 704 benedixisti,
1565 650 1620 695 tu
1660 641 1922 710 multipli-

334 738 494 803 casti,
524 748 578 791 tu
632 734 970 791 conservasti
1000 745 1055 788 et
1086 748 1151 789 ea
1202 750 1324 804 qute
1374 734 1519 788 domi
1570 744 1730 799 sunt,
1758 744 1815 787 et
1858 747 1921 789 ea

336 843 456 898 qua:
482 837 637 883 extra
668 829 907 892 domum,
941 828 1037 882 sed
1081 828 1134 881 in
1181 826 1412 881 circuitu
1451 834 1598 887 sunt,
1627 833 1679 879 et
1714 840 1775 878 ea
1803 839 1924 893 qua:

335 931 461 975 sunt
506 935 696 989 prope,
731 929 787 973 et
833 934 897 975 ea
940 934 1062 989 quae
1117 919 1276 985 longe
1324 926 1454 972 sunt
1508 918 1786 971 universa.
1817 915 1923 971 Pro

336 1015 443 1075 his.
474 1014 670 1083 inquit,
698 1012 954 1068 omnibus
982 1013 1308 1080 deprecatur
1336 1019 1393 1066 et
1433 1010 1600 1075 colit,
1634 1016 1690 1063 et
1719 1009 1925 1078 gratias

339 1108 447 1176 agit
478 1124 491 1160 :
522 1121 631 1160 non
681 1104 776 1159 tibi
825 1105 1028 1175 gratias
1062 1119 1251 1174 agens,
1295 1104 1391 1159 sed
1438 1118 1536 1173 pro
1593 1102 1729 1171 ipsis
1766 1101 1926 1157 bonis

341 1198 549 1265 gratias
602 1210 1052 1265 recompensans,
1102 1211 1210 1249 non
1246 1205 1298 1249 te
1325 1195 1574 1263 diligens,
1624 1193 1720 1248 sed
1752 1193 1924 1262 ipsam

340 1291 745 1345 multitudinem
790 1289 1033 1357 pecuniae
1066 1302 1258 1342 amans
1289 1295 1345 1341 et
1379 1300 1733 1350 conservans,
1764 1295 1927 1354 atque

340 1381 566 1451 perdere
595 1378 805 1433 nolens.
836 1377 951 1431 Non
988 1391 1139 1445 ergo,
1164 1376 1364 1445 inquit,
1391 1390 1489 1444 pro
1519 1384 1609 1429 tua
1640 1374 1927 1430 dilectione

342 1482 393 1525 te
421 1470 575 1533 colit,
610 1484 785 1539 neque
828 1476 1051 1538 propter
1094 1478 1240 1521 tuam
1282 1467 1676 1521 beatitudinem
1723 1467 1929 1536 gratias

342 1565 471 1634 agit,
502 1562 595 1617 sed
643 1576 745 1631 pro
791 1561 1034 1629 pecuniae
1078 1560 1238 1629 hujus
1281 1558 1653 1614 blandimento
1691 1568 1743 1613 te
1776 1557 1925 1624 colit,

342 1653 434 1706 sed
468 1660 693 1720 propter
718 1650 1115 1704 beatitudinem
1149 1665 1304 1705 suam
1337 1664 1629 1717 rerumque
1666 1649 1928 1719 plurima-

344 1760 459 1797 rum
490 1758 627 1813 quas
663 1742 752 1796 hic
774 1742 1015 1809 possidet
1036 1781 1052 1804 ,
1078 1740 1290 1810 copiam
1316 1756 1479 1810 quam
1507 1742 1698 1796 dedisti
1730 1742 1801 1806 ei,
1831 1742 1926 1797 tibi

339 1835 548 1905 gratias
581 1834 719 1904 agit.
754 1833 924 1887 Aufer
971 1847 1103 1901 ergo
1155 1833 1229 1887 illi
1260 1848 1381 1902 qute
1413 1834 1607 1887 dedisti
1651 1835 1925 1900 universa,

340 1924 627 1995 apparebit
676 1925 931 1978 omnibus
983 1939 1103 1993 qum
1145 1926 1217 1979 sit
1252 1922 1355 1979 Job
1387 1926 1615 1993 perfidia
1643 1965 1657 1989 ,
1691 1936 1747 1981 et
1799 1927 1926 1995 quia

342 2031 449 2070 non
502 2028 636 2085 pura
665 2013 959 2069 dilectione
992 2024 1041 2067 te
1070 2014 1221 2081 colit,
1255 2015 1352 2069 sed
1400 2025 1621 2085 propter
1642 2018 1925 2084 pecuniam

342 2118 632 2172 rerumque
673 2112 948 2157 tantarum
999 2104 1420 2172 possessionem,
1462 2120 1530 2159 ne
1571 2120 1690 2161 eam
1742 2107 1787 2162 si
1847 2108 1930 2163 in-

340 2205 527 2268 gratus
573 2198 821 2252 videatur
875 2196 1125 2261 auferas,
1160 2206 1213 2252 te
1262 2208 1562 2253 reveretur.
1606 2199 1704 2254 Cui
1766 2200 1928 2271 digne

340 2294 734 2363 respondeatur
780 2300 838 2348 et
885 2293 1097 2347 dicatur
1132 2293 1201 2347 ad
1229 2307 1377 2347 eum.
1402 2292 1553 2357 Dico,
1595 2294 1928 2364 nequissime

339 2385 564 2453 Satana,
596 2386 741 2453 dico,
772 2385 1006 2455 maligne
1035 2384 1275 2450 diabole,
1303 2400 1411 2441 non
1456 2386 1733 2455 intelligis,
1761 2404 1793 2442 ο
1826 2389 1926 2442 ιιιί-

338 2478 599 2542 serrime,
636 2478 763 2547 quia
814 2486 871 2532 tu
923 2477 1154 2546 teipsnm
1212 2477 1441 2546 dejicis,
1474 2488 1531 2532 tu
1583 2480 1925 2549 temetipsum

338 2571 692 2626 condemnas.
722 2568 857 2623 Nam
906 2569 960 2623 in
1006 2569 1093 2623 his
1132 2583 1252 2636 quae
1290 2569 1343 2623 in
1392 2568 1494 2623 Job
1546 2570 1924 2639 reprehendis,

338 2662 481 2733 quod
533 2662 623 2718 ille
686 2663 928 2734 ingratus
966 2662 1269 2727 exstiterit,
1307 2663 1537 2732 teipsnm
1593 2666 1927 2722 condemnas

340 2771 463 2809 cum
499 2764 553 2809 tu
586 2756 774 2809 eadem
818 2754 1038 2812 feceris.
1073 2753 1209 2809 Nam
1263 2756 1367 2811 hoc
1416 2757 1589 2825 ipsum
1639 2767 1693 2811 tu
1749 2759 1925 2815 fecisti

339 2862 463 2902 cum
489 2862 519 2901 a
543 2845 653 2903 Deo
686 2848 1016 2914 discederes,
1047 2858 1212 2917 atque
1234 2850 1343 2905 Deo
1365 2850 1667 2917 resisteres,
1692 2854 1927 2909 derelin-

341 2954 538 3007 queres
570 2953 805 3009 quoque,
833 2949 997 3009 atque
1021 2940 1266 3010 ingratus
1298 2943 1608 3008 exsisteres,
1642 2944 1707 2999 de
1730 2946 1926 3015 quibus

2021 458 2272 512 eumdem
2304 456 2610 525 iniquitatis
2639 455 2863 507 livorem
2896 452 3062 506 etiam
3098 464 3241 503 nunc
3276 449 3440 503 habet
3467 448 3631 502 circa

2022 564 2123 604 nos
2152 547 2552 617 proculdubio,
2584 561 2747 616 quem
2777 553 2834 600 et
2870 553 2999 598 tunc
3033 541 3223 598 habuit
3254 550 3419 610 atque
3451 554 3632 594 exer-

2024 643 2136 695 cuit
2166 641 2312 695 circa
2347 638 2473 693 Job.
2529 638 2645 693 Non
2694 637 2931 708 quiescit
2978 649 3215 704 unquam
3273 632 3628 686 aduersarius

2023 743 2191 788 uester
2206 732 2476 798 diabolus,
2496 731 2591 786 sed
2622 740 2871 800 tanquam
2903 730 2983 783 leo
3009 728 3239 797 rugiens,
3257 725 3446 779 circuit
3469 740 3629 793 qua:-

2024 844 2143 882 rcns
2173 842 2325 894 quem
2359 827 2567 877 devoret
2595 824 2638 877 ’.
2674 821 2793 877 Non
2825 822 3059 892 quiescit
3092 834 3328 889 unquam
3356 832 3629 872 accusare

2026 919 2274 973 homines
2295 917 2364 971 ad
2392 916 2581 982 Deum,
2605 924 2657 969 et
2681 915 2849 969 Deum
2877 913 2943 967 ad
2968 911 3233 967 homines.
3267 908 3459 965 Merito
3484 923 3627 976 ergo

2027 1012 2273 1067 diabolus
2302 1021 2385 1067 est
2427 1010 2750 1081 appellatus,
2784 1009 2838 1065 id
2872 1017 2955 1065 est
2990 1018 3287 1063 accusator.
3318 1005 3412 1061 Sic
3454 1021 3629 1060 nam—

2027 1119 2134 1173 que
2158 1112 2214 1158 et
2263 1112 2391 1157 tunc
2416 1101 2521 1158 Job
2577 1100 2859 1157 accusavit
2897 1101 3047 1156 circa
3092 1099 3282 1163 Deum,
3311 1099 3467 1168 quasi
3507 1112 3626 1151 non

2027 1205 2247 1265 propter
2297 1195 2702 1261 sinceritatem,
2736 1194 2833 1249 sed
2875 1201 3100 1263 pr0pter
3129 1192 3373 1261 pecunia:
3405 1191 3628 1247 blandi-

2029 1290 2230 1344 tionem
2258 1288 2424 1343 Deum
2451 1287 2682 1343 coluerit
2710 1304 2724 1344 :
2757 1297 2812 1342 et
2838 1287 3007 1341 Deum
3038 1284 3315 1340 accusavit
3337 1292 3391 1337 et
3420 1297 3623 1351 repre-

2028 1380 2217 1435 lteudit
2247 1396 2353 1435 non
2388 1380 2633 1447 minime,
2664 1379 2759 1435 sed
2782 1379 2962 1448 pctius
2984 1394 3146 1448 quam
3174 1376 3429 1440 maxime,
3455 1374 3626 1444 quasi

2028 1486 2137 1524 non
2172 1470 2365 1541 digne,
2411 1471 2505 1525 sed
2557 1473 2903 1526 continenter
2933 1467 3036 1524 Job
3085 1467 3303 1523 divitias
3337 1465 3625 1532 tribuerit,

2030 1566 2099 1619 ob
2130 1565 2234 1619 hoc
2261 1564 2461 1628 solum,
2490 1574 2550 1619 ut
2584 1566 2880 1621 adorarent
2920 1564 3069 1618 illum
3103 1570 3313 1616 tantum
3364 1559 3627 1615 homines

2030 1666 2088 1711 et
2111 1657 2373 1711 colerent.
2404 1654 2521 1711 Hoc
2551 1656 2730 1724 ipsum
2762 1654 3019 1709 nimirum
3071 1652 3237 1707 etiam
3281 1666 3430 1705 nunc
3459 1650 3621 1717 facit,

2031 1758 2089 1805 et
2130 1764 2301 1818 usque
2338 1749 2403 1803 ad
2435 1748 2960 1802 consummationem
2999 1745 3183 1801 saeculi
3214 1758 3402 1800 omnes
3432 1744 3622 1798 homi-

2029 1857 2132 1897 nes
2162 1840 2377 1895 occulte
2404 1854 2670 1895 accusans
2700 1839 2767 1893 ad
2798 1839 2965 1894 Deum
2998 1848 3054 1892 et
3075 1853 3174 1907 pro
3224 1836 3391 1892 verbo
3421 1850 3476 1891 et
3516 1850 3623 1906 pro

2029 1950 2220 2005 opere,
2251 1933 2505 1989 omnibus
2555 1932 2870 1988 hominibus
2916 1933 3143 2001 laqueos
3188 1941 3243 1987 et
3277 1940 3534 2003 capturas
3558 1936 3625 1984 et

2032 2028 2332 2082 tendiculas
2371 2024 2525 2096 ponit
2551 2035 2603 2079 et
2628 2023 2883 2079 scandala
2912 2022 3259 2090 multiplicat,
3284 2032 3343 2077 et
3385 2020 3621 2077 tribulao

2030 2122 2208 2173 tiones
2241 2127 2297 2173 et
2337 2116 2611 2172 molestias
2661 2115 2879 2185 ingerit,
2906 2115 3140 2169 maxime
3165 2114 3330 2185 justis
3360 2113 3621 2168 omnibus

2030 2221 2196 2281 atque
2225 2212 2452 2275 sanctis,
2476 2209 2621 2263 circa
2651 2223 2789 2277 quos
2818 2208 2981 2262 etiam
3010 2206 3182 2262 zelum
3214 2206 3376 2262 habet
3400 2213 3455 2260 et
3474 2204 3619 2261 bella

2029 2304 2254 2358 suscitat
2282 2312 2443 2370 atque
2463 2298 2705 2370 praelium
2736 2297 3047 2363 committit,
3069 2298 3210 2352 sicut
3232 2295 3365 2351 dicit
3396 2295 3453 2349 in
3482 2309 3623 2365 quo-

2029 2399 2150 2453 dam
2197 2397 2319 2451 loco
2372 2396 2679 2466 propheta:
2717 2392 2788 2447 Et
2822 2392 3051 2462 faciebat
3091 2390 3285 2445 bellum
3331 2406 3449 2444 cum
3486 2405 3621 2443 san—

2028 2492 2125 2544 ctis
2186 2488 2432 2543 altissimi
2496 2486 2621 2552 Dei,
2668 2494 2716 2541 et
2766 2483 3081 2553 prevalebat
3130 2483 3205 2537 eis
3262 2482 3429 2535 donec
3479 2483 3621 2535 venit

2026 2582 2285 2650 Antiquus
2342 2581 2548 2634 dierum
2584 2585 2634 2631 et
2672 2575 2938 2646 judicium
2981 2573 3124 2628 dedit
3177 2572 3374 2627 sanctis
3428 2570 3622 2626 Excel-

2027 2680 2073 2732 si
2115 2678 2179 2732 ¹⁰.
2222 2675 2410 2730 Merito
2453 2687 2582 2741 ergo
2642 2672 2696 2725 in
2734 2668 2883 2725 omni
2940 2677 3185 2738 tempore
3245 2673 3402 2722 caute
3454 2670 3620 2736 atque

2026 2771 2254 2827 sollicite
2301 2769 2685 2829 observemus,
2725 2772 2887 2832 atque
2936 2761 3278 2817 intendamus
3332 2758 3623 2814 animabus

2028 2865 2246 2926 nostris,
2294 2870 2354 2915 ut
2398 2874 2499 2914 nec
2542 2859 2629 2912 hic
2667 2870 2949 2912 accessum
2990 2855 3057 2909 ad
3106 2868 3206 2909 nos
3250 2852 3623 2923 nequissimus

2028 2954 2285 3017 inveniat,
2317 2965 2415 3005 nec
2464 2948 2571 3002 illic
2625 2946 2678 3000 in
2712 2956 3001 3017 conspectu
3054 2943 3146 2998 Dei
3196 2956 3296 2998 nos
3325 2939 3621 3012 reprehen-

341 3045 485 3085 nunc
510 3028 612 3085 Job
639 3044 740 3085 nec
775 3031 1072 3121 quidquam
1119 3033 1435 3102 hujusmodi
1481 3034 1769 3092 facientem
1800 3052 1925 3107 pes-
1950 3058 1995 3121 ρ
2027 3049 2140 3105 dat.

343 3122 481 3177 sime
512 3121 885 3191 reprehendis.
919 3120 1023 3177 Sed
1049 3124 1285 3190 interim,
1311 3139 1344 3179 ο
1374 3126 1606 3192 diabole,
1634 3129 1768 3185 dicis
1788 3132 1932 3201 quod

343 3228 451 3270 non
484 3224 705 3283 propter
752 3216 1183 3271 benedictionem
1236 3221 1380 3275 colat
1425 3237 1511 3277 me
1560 3220 1683 3289 Job,
1708 3225 1803 3279 sed
1835 3242 1932 3294 pro

344 3307 500 3362 donis
523 3307 660 3362 meis
694 3315 856 3377 atque
884 3309 1133 3376 pecunia.
1164 3309 1261 3365 Dic
1282 3327 1437 3383 ergo,
1463 3315 1798 3385 nequissime
1825 3317 1929 3371 Sa-

344 3407 495 3463 taua,
522 3405 782 3465 quantum
831 3399 916 3454 vel
961 3401 1090 3469 quid
1125 3402 1249 3457 dedi
1297 3401 1400 3459 Job
1422 3444 1438 3469 ,
1471 3408 1928 3475 quemadmodum

348 3492 485 3546 tibi?
518 3491 709 3548 Nonne
753 3502 804 3547 te
835 3496 1173 3565 superiorem
1210 3497 1417 3566 angelis
1444 3498 1570 3564 feci,
1605 3508 1662 3554 et
1694 3503 1931 3557 anterio-

345 3600 460 3639 rem
510 3586 858 3656 archaugelis
895 3586 918 3640 ?
959 3585 1151 3642 Nonne
1200 3588 1345 3643 inter
1393 3591 1612 3646 ordines
1644 3592 1927 3649 cherubim

346 3679 525 3732 creavi
551 3677 575 3732 τ
599 3678 788 3733 Nonne
815 3680 1241 3748 incorruptionis
1260 3681 1430 3752 gloria
1456 3692 1506 3737 te
1538 3683 1930 3742 indui?Nonne

346 3770 401 3824 in
431 3770 757 3826 indesinenti
791 3770 978 3827 laetitia
1027 3773 1208 3827 vultus
1258 3773 1359 3828 mei
1389 3782 1441 3827 te
1487 3776 1748 3829 constitui
1778 3776 1931 3833 ?Pro

346 3863 546 3931 quibus
583 3873 636 3916 tu
661 3863 928 3919 universis
952 3864 1191 3934 ingratus
1219 3865 1487 3920 exsistens
1522 3881 1607 3921 me
1634 3867 1931 3939 dereliqui-

346 3956 440 4019 sti,
470 3966 525 4010 et
569 3971 599 4009 a
639 3971 725 4010 me
757 3958 1055 4021 reccssisﬁ,
1100 3968 1156 4012 et
1198 3958 1413 4013 rebellis
1460 3962 1591 4013 mihi
1641 3961 1924 4017 exstitisti.

345 4047 443 4103 Dic
458 4062 656 4118 ergo,o
683 4048 916 4115 diabole,
941 4051 1068 4117 quid
1096 4050 1469 4118 hujuscemodi
1488 4052 1611 4106 dedi
1638 4052 1736 4107 Job
1753 4054 1929 4120 ?Quid

346 4140 718 4209 hujuscemodi
764 4142 1032 4213 impertivi
1065 4142 1088 4195 ἲ
1115 4141 1307 4197 Nonne
1339 4145 1621 4200 mortalem
1648 4156 1703 4201 et
1745 4162 1931 4201 corru-

344 4235 588 4304 ptibilem
633 4236 771 4289 infra
803 4237 1144 4307 angelorum,
1171 4238 1621 4309 archangelorum
1676 4250 1927 4295 naturam

346 4325 563 4379 creavi?
585 4323 776 4379 Nonne
800 4324 855 4379 in
886 4325 1023 4381 valle
1046 4326 1387 4382 miseriarum
1410 4344 1532 4382 cum
1564 4330 1778 4385 caeteris
1805 4331 1929 4385 filiis

2110 3136 2290 3202 Mitte,
2322 3132 2520 3204 inquit.
2541 3146 2761 3187 manum
2785 3138 2931 3184 tuam
2960 3141 3081 3197 quae
3111 3140 3255 3181 nunc
3287 3124 3618 3189 circumdat,

2034 3244 2153 3300 quae
2189 3241 2332 3282 nunc
2366 3224 2562 3287 tnunit,
2594 3238 2713 3291 qua:
2744 3236 2887 3277 nunc
2908 3218 3164 3289 protegit,
3197 3230 3316 3285 qua:
3347 3229 3492 3269 nunc
3518 3229 3618 3268 un-

2034 3324 2196 3391 dique
2224 3318 2539 3380 obumbrat,
2573 3331 2691 3384 qute
2742 3328 2886 3369 nunc
2912 3311 3220 3366 nullatenus
3268 3307 3401 3361 mihi
3435 3320 3618 3360 acces-

2033 3430 2151 3471 sum
2184 3412 2392 3467 tribuit.
2428 3409 2581 3463 Mitte
2612 3422 2757 3462 nunc
2786 3420 3003 3460 manum
3034 3412 3204 3465 tuam,
3231 3401 3337 3455 hoc
3365 3407 3449 3456 est
3480 3412 3618 3467 prte-

2032 3518 2249 3580 ceptum
2299 3516 2490 3565 tuum.
2519 3503 2819 3571 jussionem
2856 3509 3042 3561 tuam,
3093 3495 3381 3563 imperium
3443 3503 3614 3546 tuum.

2032 3600 2159 3657 Hazc
2190 3612 2424 3667 namque
2463 3595 2783 3666 significans
2823 3593 2977 3659 dicit,
3012 3589 3167 3644 Mitte
3198 3604 3412 3642 manum
3447 3595 3615 3650 tuam,

2034 3709 2097 3749 ac
2123 3694 2167 3748 si
2199 3693 2429 3755 diceret,
2469 3690 2722 3758 praecipe,
2748 3686 2901 3755 jube,
2934 3683 3149 3746 manda,
3186 3681 3456 3752 permitte.
3490 3677 3616 3731 llzec

2032 3787 2219 3854 utique
2254 3786 2508 3837 universa
2544 3781 2748 3834 habens
2775 3779 2917 3830 intra
2947 3784 3183 3830 mentem
3217 3787 3372 3827 suam
3405 3770 3619 3838 nequis-

2033 3879 2202 3933 simus
2232 3874 2482 3929 diabolus
2526 3872 2696 3934 tlixit,
2748 3868 2899 3924 Mitte
2937 3884 3154 3921 manum
3184 3875 3351 3919 tuam.
3394 3862 3513 3918 Non
3552 3863 3619 3917 de

2032 3984 2097 4025 eo
2123 3969 2308 4023 infelix
2355 3965 2494 4021 dixit
2544 3964 2609 4017 ad
2655 3964 2820 4016 Deum
2850 4000 2864 4025 ,
2900 3959 3052 4013 Mitte
3102 3974 3316 4012 manum
3351 3967 3516 4020 tuam,
3551 3968 3616 4008 eo

2032 4060 2171 4130 quod
2193 4073 2407 4111 manum
2441 4055 2532 4110 Dei
2565 4053 2724 4107 vellet
2746 4052 2907 4115 mitti,
2934 4048 3139 4103 sciebat
3167 4060 3400 4114 namque
3431 4046 3614 4108 miser,

2033 4153 2161 4222 quia
2190 4150 2497 4218 ubicunque
2534 4161 2725 4200 manus
2749 4144 2844 4197 Dei
2886 4143 3144 4201 mittitur.
3192 4155 3313 4194 cum
3352 4137 3613 4208 prepitia-

2034 4241 2181 4301 tione
2224 4238 2487 4304 mittitur,
2518 4235 2631 4290 illic
2667 4244 2720 4289 et
2754 4235 2930 4287 munit
2974 4242 3028 4287 et
3056 4231 3367 4295 auxiliatur,
3401 4244 3466 4283 ac
3497 4229 3614 4298 Opi-

2035 4330 2235 4383 tulatur
2262 4337 2317 4382 et
2346 4327 2485 4395 regit
2519 4335 2573 4380 et
2600 4334 2757 4380 sanat
2786 4331 2947 4392 atque
2981 4322 3176 4376 salvat.
3204 4321 3329 4376 Haec
3362 4320 3614 4373 nimirum

346 4416 628 4471 hominum
665 4420 927 4475 constitui
967 4419 990 4473 ?
1019 4418 1213 4476 Nonne
1247 4421 1599 4476 mortalitatis
1637 4432 1692 4477 et
1736 4438 1928 4477 corru-
1961 4405 2006 4460 Ῑ)
2035 4419 2212 4472 sciens
2237 4418 2476 4488 iniquus,
2503 4416 2647 4469 aliud
2682 4414 3010 4483 loquebatur
3046 4423 3103 4467 et
3141 4412 3288 4466 aliud
3320 4411 3615 4480 cogitabat,

344 4508 658 4577 ptibilitatis
687 4525 797 4565 suae
836 4512 1180 4581 passionibus
1206 4528 1348 4575 curn,
1383 4521 1441 4566 ut
1485 4522 1717 4568 caeteros
1755 4516 1931 4570 homi-

347 4616 470 4665 nes,
504 4601 708 4669 subjeci
741 4604 764 4656 Ἰ
792 4603 996 4672 Nempe
1050 4618 1155 4657 non
1203 4604 1255 4657 in
1305 4604 1541 4660 tristitiis
1589 4607 1723 4661 vivit
1769 4623 1932 4677 super

350 4702 549 4748 terram
575 4695 599 4747 ’ἶ
630 4694 832 4765 Nempe
864 4712 968 4751 non
994 4698 1208 4753 labores
1241 4713 1498 4752 manuum
1532 4714 1751 4754 suarum
1785 4717 1933 4755 man-

347 4785 797 4857 ducat?Nempe
847 4804 951 4841 non
1006 4788 1219 4846 labores
1269 4804 1397 4845 suos
1454 4805 1558 4845 non
1608 4791 1933 4846 habentibus

347 4876 638 4940 dividens,
675 4879 804 4932 milti
850 4880 1054 4948 gratias
1098 4882 1208 4949 agit
1250 4882 1272 4933 ?
1320 4880 1525 4951 Nempe
1582 4896 1687 4936 non
1734 4883 1933 4937 sudore

348 4968 529 5022 vultus
563 4969 645 5021 sui
685 4970 854 5024 edens
895 4987 981 5025 me
1013 4971 1183 5026 colit?
1210 4972 1509 5039 Quomodo,
1546 4972 1740 5041 inquit,
1771 4990 1805 5028 ο
1843 4975 1929 5026 itt-

346 5057 665 5116 .”clicissime
690 5060 919 5125 diabole,
956 5077 1079 5116 cum
1116 5073 1167 5115 tu
1195 5080 1291 5131 pro
1311 5064 1568 5133 gloriosis
1601 5066 1655 5118 in
1683 5065 1929 5119 incorru-

347 5152 534 5221 ptione
570 5152 812 5220 ingratus
844 5154 1123 5207 exstiteris
1150 5192 1164 5213 .
1208 5152 1307 5207 Job
1344 5156 1729 5225 reprehendis,
1777 5155 1925 5209 illuttt

350 5244 440 5313 qui
477 5244 528 5296 in
560 5243 769 5312 exiguis
800 5252 959 5312 atque
996 5248 1177 5315 parvis
1209 5247 1379 5315 ﬁdelis
1406 5249 1697 5313 exsistens,
1732 5249 1933 5303 indesi-

351 5346 542 5392 nenter
586 5351 672 5389 me
720 5335 904 5391 colens
952 5339 1082 5392 mihi
1132 5340 1340 5408 gratias
1384 5341 1541 5410 agit?
1577 5340 1702 5397 Haec
1752 5344 1936 5413 itaque

354 5429 639 5483 audientes
665 5444 782 5492 nos,
824 5444 856 5483 ο
890 5429 992 5483 viri
1026 5433 1207 5501 periti,
1245 5442 1402 5487 caute
1438 5450 1536 5488 nos
1557 5436 1938 5501 observemus,

354 5521 584 5576 sollicite
622 5522 904 5577 animabus
956 5525 1156 5579 nostris
1202 5524 1572 5582 intendamus.
1619 5527 1753 5582 Nam
1797 5529 1939 5584 idem

424 5684 442 5712 θ
480 5681 493 5733 1
531 5682 676 5738 Petr.
710 5701 760 5751 ν,
795 5686 848 5743 8.
932 5688 972 5719 ¹⁰
1021 5683 1151 5739 Dan.
1190 5699 1287 5752 vn,
1326 5683 1419 5749 2|,
1471 5684 1559 5739 22.

2038 4509 2180 4564 aliud
2209 4509 2535 4578 suggerebat
2585 4517 2640 4561 et
2691 4506 2838 4560 aliud
2884 4504 3183 4575 quaerebat.
3220 4503 3301 4560 Ob
3344 4505 3449 4558 hoc
3491 4518 3614 4574 ergo

2039 4604 2169 4659 dicit
2197 4603 2391 4663 callide
2416 4618 2431 4655 :
2457 4601 2610 4655 Mitte
2637 4616 2855 4654 manum
2887 4611 3053 4654 tuam.
3078 4599 3458 4669 Bene,inquit,
3490 4613 3612 4653 ecce

2039 4695 2193 4749 mitto
2222 4709 2438 4748 manum
2464 4707 2638 4747 meam
2667 4702 2725 4745 ut
2755 4700 2808 4745 tu
2839 4692 2977 4745 dicis
3005 4708 3020 4746 :
3050 4691 3129 4745 Ad
3153 4692 3279 4761 quid
3314 4691 3610 4745 faciendum

2036 4787 2247 4840 mittam
2276 4800 2493 4839 manum
2526 4800 2699 4839 meant
2730 4783 2754 4836 ?
2784 4782 2957 4847 Mitte,
2986 4782 3180 4852 iuqttit,
3209 4798 3421 4835 manum
3449 4790 3613 4847 tuam,

2033 4889 2081 4934 et
2116 4890 2272 4948 tange
2297 4879 2473 4931 omnia
2497 4894 2615 4946 qua:
2647 4876 2821 4930 habet.
2860 4873 2972 4929 Cur
3020 4885 3258 4943 tangam,
3290 4872 3508 4942 inquit?
3536 4872 3609 4925 Ad

2033 4973 2342 5036 delendum,
2372 4971 2469 5036 ait,
2504 4982 2682 5038 tange,
2702 4971 2767 5023 ad
2791 4969 3092 5034 interitum,
3113 4969 3180 5021 ad
3207 4964 3608 5027 exterminium,

2034 5067 2100 5118 ad
2135 5065 2508 5134 perditionem.
2544 5065 2607 5116 Et
2627 5063 2916 5131 quomodo,
2950 5062 3142 5130 inquit,
3180 5060 3423 5128 perdam,
3454 5072 3487 5109 ο
3517 5057 3610 5111 ini-

2031 5158 2173 5211 inice
2200 5155 2437 5210 omnium
2464 5156 2727 5209 bonorum
2744 5151 2977 5220 diabole,
3002 5166 3064 5204 ea
3089 5166 3210 5219 quae.
3229 5149 3407 5205 creavi
3429 5148 3452 5203 i
3476 5146 3608 5213 Quo-

2032 5247 2192 5307 modo
2221 5245 2580 5300 exterminem
2619 5259 2682 5299 ea
2710 5257 2831 5312 qum
2870 5241 3039 5296 dedi?
3068 5240 3161 5295 Vel
3204 5240 3475 5309 quomodo
3523 5239 3609 5293 de-

2033 5341 2173 5396 leatu
2207 5355 2267 5395 ea
2299 5354 2417 5408 qua:
2446 5354 2546 5409 ego
2588 5337 2692 5393 feci
2725 5339 2748 5391 ?
2778 5338 2844 5391 Et
2892 5338 3068 5391 adhuc
3108 5336 3306 5391 aliter:
3337 5335 3614 5401 Quomodo

2037 5432 2282 5503 perdam,
2303 5447 2337 5486 ο
2371 5430 2605 5497 diabole,
2624 5428 2987 5484 substantiam
3011 5443 3079 5485 ex
3100 5445 3203 5497 qua
3241 5429 3374 5483 mihi
3400 5444 3502 5482 non
3530 5429 3605 5482 iu-

2044 5527 2218 5596 dignte
2248 5526 2483 5581 victima:
2517 5522 2850 5589 offeruntur,
2884 5530 3048 5592 atque
3089 5523 3301 5577 sincera
3344 5517 3623 5575 sacrificia.
