3884 6218
271 248 379 303 Διΐ

1411 245 1795 302 ANONYMUS
1832 244 1901 300 ΙΝ
1932 243 2073 301 JOB.
2114 274 2183 285 —-
2222 246 2352 300 LIB.
2408 248 2448 304 l.

3440 250 3547 303 428

264 367 625 424 immolantur
654 367 677 421 ?
711 366 997 434 Quomodo
1047 367 1405 423 exterminem
1454 368 1817 423 substantiam
1839 406 1854 432 ,
1887 372 1935 427 Α
1963 366 2163 431 nando,
2197 368 2599 435 obumbrando,
2650 368 3003 438 protegendo,
3037 368 3219 423 omnia
3266 383 3389 438 qua:
3446 369 3547 423 sub

264 462 410 515 unde
436 460 613 515 viduae
657 463 962 515 vestiuntur
996 468 1052 515 et
1078 461 1306 529 orphani
1344 470 1644 530 pascuntur
1673 468 1728 515 et
1768 459 1853 513 in-

267 549 550 604 ﬁrmorum
601 550 840 618 scapulae
866 549 1129 605 calehunt
1164 550 1187 602 ?
1216 548 1502 615 Quomodo
1539 550 1784 615 perdam,
1818 564 1852 603 ο

264 642 503 705 diabole,
530 642 668 695 lilios
695 640 812 707 ejus
835 644 925 710 qui
964 657 1049 695 me
1072 642 1301 695 nimium
1328 640 1544 711 diligit?
1573 642 1853 709 Quomodo

263 736 519 789 obturem
542 749 635 788 ora
669 750 857 789 eorum
897 735 988 802 qui
1038 734 1089 787 in
1125 734 1438 789 innocentia
1472 751 1576 788 una
1606 750 1728 789 cum
1760 749 1850 801 pa-

265 838 350 879 tre
372 841 473 880 suo
499 826 598 881 Job
628 826 824 881 devote
854 828 984 881 mihi
1017 829 1218 898 gratias
1241 839 1410 899 agunt
1439 828 1462 881 ?
1491 826 1597 883 Sed
1632 828 1852 881 interim

265 922 395 990 quia
428 935 534 975 non
568 930 768 989 potest,
813 921 1009 990 inquit,
1046 922 1204 977 aliter
1252 933 1340 976 tua
1379 922 1640 993 iniquitas
1673 922 1853 977 sedari

263 1013 373 1066 nisi
417 1013 518 1074 sic,
569 1009 702 1066 Ecce
739 1014 913 1066 omnia
960 1030 1079 1083 qua:
1118 1015 1309 1080 habet,
1367 1013 1484 1067 dedi
1531 1014 1583 1066 in
1637 1029 1851 1067 manant

264 1105 645 1165 tum“.Nam
669 1106 714 1159 si
743 1121 847 1160 non
876 1106 1093 1171 dedero,
1126 1107 1410 1161 discedens
1452 1108 1771 1177 gloriaberis
1803 1117 1857 1161 ct

267 1198 519 1268 plaudes,
547 1198 703 1268 quasi
734 1199 905 1253 victor
938 1198 1279 1263 discesseris,
1305 1200 1455 1267 quasi
1484 1214 1583 1269 ego
1610 1199 1712 1253 hoc
1736 1213 1859 1252 cer-

264 1300 455 1346 tamen
489 1307 597 1346 non
631 1294 1019 1353 concesserim,
1056 1292 1213 1360 quasi
1245 1292 1349 1346 hoc
1373 1292 1568 1346 bellum
1606 1292 1720 1345 ﬁeri
1748 1306 1853 1346 nou

264 1385 635 1455 permiserim,
687 1387 841 1455 quasi
874 1387 941 1439 de
973 1384 1075 1440 Job
1124 1387 1429 1440 constantia
1466 1402 1569 1440 non
1599 1400 1854 1456 prazsum-

263 1476 496 1545 pserim,
521 1476 675 1544 quasi
704 1484 830 1529 ante
856 1476 1097 1542 praelium
1135 1486 1191 1532 et
1218 1478 1659 1547 congressionem
1697 1492 1856 1545 supe-

263 1577 423 1621 ratus
460 1565 624 1620 fuerit
661 1565 785 1631 Job,
818 1568 907 1636 qui
946 1584 1091 1623 a-me
1132 1568 1510 1639 magniﬁcatus
1539 1580 1702 1638 atque
1739 1571 1855 1623 lau-

262 1658 425 1713 datus
451 1668 553 1713 est.
588 1657 668 1713 0b
693 1658 820 1724 hoc,
856 1658 1061 1724 inquit,
1094 1675 1161 1715 ne
1195 1662 1261 1714 de
1301 1660 1385 1715 his
1416 1660 1691 1731 glorieris.
1720 1661 1856 1715 Ecce

1954 458 2095 513 cmlo
2119 470 2249 513 sunt
2293 460 2436 515 facta
2470 461 2689 516 tuendo.
2730 462 2885 528 Quod
2917 473 3096 517 autem
3127 462 3201 517 ita
3235 473 3317 516 est
3367 463 3548 529 perdi-

1958 552 2088 606 tioni
2119 552 2297 606 dedita
2342 552 2660 622 nequissimi
2703 554 2904 609 diaboli
2954 569 3170 619 manus,
3199 554 3545 609 manifestum

1956 654 2041 698 est
2067 643 2119 697 in
2144 642 2276 709 Job;
2313 660 2434 713 qua:
2467 662 2590 699 mox
2622 654 2681 700 ut
2710 646 2974 717 permissa
3001 657 3174 710 est,et
3205 663 3328 702 mox
3360 646 3550 715 utjus-

1952 736 2161 789 sionem
2178 736 2408 802 accepit,
2426 737 2607 790 statim
2634 739 3000 807 imparcenter
3016 748 3211 793 cuncta
3227 739 3423 807 perdit,
3440 748 3553 793 sta-

1958 826 2052 880 tim
2071 829 2255 881 omnia
2280 828 2556 882 interﬁcit.
2583 829 2736 895 Ecce,
2764 830 3005 899 inquam,
3038 832 3215 883 omnia
3243 847 3360 899 qua:
3392 832 3549 885 habet

1956 920 2103 975 dedit
2130 920 2185 973 in
2215 937 2433 974 manum
2455 922 2769 977 tuam.Ecce
2785 938 2979 977 omnes
2998 925 3090 977 tibi
3110 923 3286 978 ademi
3305 926 3550 980 occasio-

1959 1028 2076 1078 nes,
2094 1028 2222 1067 ecce
2248 1029 2352 1067 non
2373 1013 2539 1068 habes
2560 1014 3075 1081 contradictionem,
3093 1029 3222 1070 ecce
3245 1031 3351 1069 non
3379 1017 3550 1071 habes

1958 1106 2123 1160 ullam
2153 1107 2730 1175 replicationem,ecce
2767 1122 2873 1161 non
2900 1109 3068 1163 habes
3093 1110 3503 1164 excusationem
3530 1126 3546 1163 :

1956 1201 2131 1253 omnia
2158 1215 2482 1269 quiscunque
2516 1200 2665 1253 habet
2723 1199 2843 1254 dedi
2888 1202 2947 1253 in
2998 1217 3211 1254 manum
3258 1212 3429 1266 tuam,
3480 1213 3541 1258 ιιι

1958 1308 2081 1346 cum
2114 1304 2329 1346 onmem
2359 1290 2461 1346 Job
2509 1291 2873 1346 substantiam
2904 1292 3222 1362 perdideris,
3260 1303 3385 1348 tunc
3408 1310 3548 1363 pra:-

1958 1385 2146 1439 sertim
2177 1397 2479 1454 cognoscas
2504 1382 2632 1451 quia
2667 1397 2775 1437 non
2808 1395 3031 1452 propter
3064 1383 3431 1439 substantiam
3462 1401 3548 1441 me

1959 1475 2087 1530 colit
2120 1474 2244 1542 Job,
2280 1476 2374 1530 sed
2409 1484 2630 1546 propter
2658 1476 3006 1541 charitatem,
3031 1477 3158 1544 quia
3192 1492 3299 1531 non
3326 1487 3550 1545 propter

1961 1569 2247 1624 facultates
2276 1570 2484 1638 gratias
2509 1570 2644 1623 mihi
2672 1569 2806 1640 agit,
2855 1572 2949 1624 sed
3006 1580 3227 1639 propter
3260 1571 3550 1625 sincerita-

1962 1670 2090 1718 tem.
2121 1662 2202 1716 Ob
2227 1662 2329 1716 hoc
2359 1676 2491 1731 ergo
2515 1660 2652 1715 Ecce
2682 1664 2859 1715 omnia
2877 1678 3202 1732 quwcunque
3234 1664 3386 1717 habet
3426 1665 3549 1719 dedi

261 1751 442 1803 omnia
486 1765 603 1819 qua:
638 1750 821 1815 habet,
853 1749 973 1803 dedi
1004 1750 1063 1803 in
1110 1766 1330 1804 manum
1362 1760 1528 1804 tuam.
1582 1752 1649 1806 Et
1676 1753 1857 1807 adhuc
1890 1730 1930 1785 Β
1961 1756 2016 1807 in
2072 1770 2289 1808 manant
2359 1765 2527 1818 tuam,
2578 1755 2668 1807 sed
2710 1756 2884 1822 ipsum
2936 1770 3062 1808 cave
3116 1730 3186 1809 ne
3228 1766 3416 1826 tangas
3458 1757 3546 1810 ³³⁸.

262 1853 577 1911 prapterea,
609 1853 669 1895 ut
705 1856 825 1896 cum
859 1841 960 1896 hoc
992 1841 1136 1911 quod
1171 1842 1411 1913 gloriari,
1443 1850 1528 1897 vel
1561 1847 1856 1913 applaude-

263 1952 323 1992 re
348 1952 457 1991 non
493 1935 844 2004 permitteris,
888 1950 1011 1990 cum
1047 1935 1151 1991 hoc
1197 1936 1314 2005 ipso
1343 1938 1507 1991 etiam
1547 1937 1888 1994 humilieriS‘

261 2046 329 2086 ac
381 2030 635 2087 refuteris
668 2042 830 2102 atque
877 2031 1108 2086 mendax
1149 2035 1520 2101 comproberis
1549 2050 1561 2086 :
1589 2033 1690 2091 Job
1723 2050 1854 2090 vero

260 2122 536 2177 exaltetur
560 2134 614 2177 et
642 2122 1005 2185 beatiﬁcetur,
1039 2133 1201 2192 atque
1228 2126 1401 2179 victor
1426 2125 1851 2191 demonstretur,

260 2227 317 2271 et
349 2216 421 2270 sit
452 2215 590 2270 Deus
622 2231 806 2281 verax,
833 2215 921 2284 qui
950 2216 1312 2270 testimonium
1345 2218 1617 2285 perhibuit
1639 2217 1760 2284 Job,
1798 2229 1853 2274 tu

260 2325 395 2364 vero
421 2309 635 2364 tliabole
658 2309 912 2374 mendax,
943 2319 1107 2380 atque
1129 2321 1323 2364 auctor
1367 2311 1632 2364 mendacii
1664 2320 1852 2365 osten-

261 2403 432 2456 daris.
458 2400 539 2457 Ol)
569 2402 671 2455 hoc
699 2416 829 2470 ergo
859 2403 1039 2455 omnia
1067 2416 1402 2471 quascunque
1432 2402 1617 2467 habet,
1645 2402 1766 2456 dedi
1800 2402 1851 2455 in

262 2510 486 2548 manum
511 2503 679 2561 tuam,
714 2505 773 2548 ut
819 2509 1010 2549 omnes
1045 2494 1097 2548 in
1140 2505 1403 2562 perpetuo
1441 2503 1769 2564 cognoscant
1798 2503 1855 2549 et

260 2600 409 2642 tuam
464 2588 839 2656 iniquitatem,
883 2602 917 2642 ο
952 2586 1203 2650 diabole,
1238 2595 1293 2641 et
1340 2585 1440 2640 Job
1481 2586 1746 2654 justitiam
1787 2602 1852 2642 ac

264 2678 628 2743 tolerantiam,
660 2688 714 2733 et
739 2693 913 2733 meam
943 2677 1318 2747 praesentiam;
1352 2686 1407 2731 et
1436 2679 1561 2746 quia
1596 2678 1646 2731 in
1678 2680 1851 2732 tribu-

262 2771 556 2826 lationibus
590 2781 754 2840 atque
788 2770 1075 2826 tolerantia
1123 2769 1293 2838 probo
1322 2768 1524 2822 electos
1574 2783 1724 2823 meos
1756 2785 1771 2835 ;
1799 2779 1854 2824 et

261 2867 387 2934 quia
426 2866 667 2934 plurima:
697 2864 1061 2917 tribulatione:
1086 2864 1379 2930 justorunt,
1417 2871 1465 2915 et
1503 2879 1567 2916 ea:
1609 2864 1850 2915 omnibus

260 2960 347 3011 his
369 2958 609 3011 liberabit
634 2972 721 3010 eos
749 2954 1093 3021 Dominus“;
1128 2964 1182 3010 et
1206 2956 1331 3024 quia
1364 2964 1618 3023 tanquam
1659 2969 1849 3008 aurum

262 3054 317 3106 in
359 3052 597 3116 fornace,
628 3051 701 3103 ita
724 3049 854 3117 justi
880 3057 1046 3117 atque
1079 3049 1191 3103 Deo
1226 3048 1592 3118 acceptabiles
1616 3051 1850 3117 proban-

261 3160 354 3201 tur
380 3148 432 3200 in
470 3145 789 3200 tentatione.
822 3142 901 3198 0b
943 3144 1047 3197 hoc
1088 3156 1221 3211 ergo
1253 3140 1591 3210 respondens
1622 3140 1754 3195 dicit
1783 3140 1852 3195 ad

261 3240 535 3294 diabolum
567 3256 581 3291 :
623 3237 777 3304 Ecce,
812 3237 1001 3306 inquit,
1037 3235 1213 3289 omnia
1257 3251 1373 3304 qua:
1421 3234 1612 3297 habet,
1645 3234 1766 3287 dedi
1796 3235 1852 3287 in

261 3348 479 3387 manum
532 3342 693 3385 tuam.
728 3331 863 3397 Quia
925 3331 1027 3384 hoc
1078 3328 1361 3399 qumsisti,
1397 3337 1456 3381 ut
1500 3342 1600 3397 ego
1632 3342 1851 3380 manum

263 3440 443 3478 meam
480 3428 772 3490 mitterem,
803 3424 922 3477 ideo
945 3438 1077 3479 ecce
1104 3437 1204 3492 ego
1234 3422 1355 3477 dedi
1390 3420 1571 3475 omnia
1604 3435 1856 3490 quaecun-

261 3535 371 3587 que
407 3520 567 3572 habet
599 3519 651 3571 in
687 3533 901 3571 manum
928 3527 1107 3583 tuam,
1142 3529 1195 3574 et
1231 3516 1500 3585 peculium
1530 3523 1584 3570 et
1630 3512 1766 3567 ﬁlios
1798 3522 1867 3595 et

262 3612 623 3666 substantiam
653 3621 708 3666 et
748 3611 960 3666 labores
1001 3621 1056 3666 et
1078 3612 1297 3667 divitias
1325 3620 1378 3665 et
1409 3608 1847 3679 possibilitatem.

261 3702 460 3761 Omnia
484 3717 602 3770 quae
629 3712 756 3757 sunt
783 3704 921 3758 intra
955 3706 1171 3758 domum
1197 3713 1252 3757 et
1274 3712 1429 3756 extra
1457 3702 1673 3756 domum
1710 3698 1849 3768 ejus,

261 3796 445 3848 omnia
469 3810 805 3867 quaecunque
838 3797 997 3851 habet
1035 3814 1140 3850 non
1166 3797 1414 3863 defendo,
1439 3809 1614 3863 neque
1638 3803 1852 3847 contra-

262 3890 409 3953 dico,
443 3907 546 3945 non
598 3892 890 3961 praepedio,
946 3906 1121 3954 neque
1154 3889 1469 3953 obvio,sed
1521 3887 1573 3940 in
1627 3900 1849 3939 manum

264 3995 413 4038 tuam
442 3987 615 4039 trado.
648 3984 892 4039 luterﬁce
913 4027 928 4048 ,
960 3987 1124 4053 perde
1164 3982 1284 4038 dele
1329 3990 1489 4052 atque
1520 3978 1846 4035 extermina.

261 4078 472 4133 Perﬁce
498 4080 790 4148 malignum
820 4090 969 4134 tuum
1009 4079 1259 4133 livorem.
1291 4076 1458 4146 Imple
1504 4075 1848 4129 maledictum

262 4174 396 4229 illud
422 4184 569 4228 tuum
603 4175 803 4230 odium.
836 4173 1127 4229 Pecuniam
1171 4174 1313 4227 enim
1345 4183 1399 4226 et
1434 4170 1571 4225 ﬁlios
1606 4170 1704 4225 Job
1730 4184 1850 4238 per-

260 4268 381 4331 des,
420 4266 511 4322 sed
554 4268 875 4323 cbaritatem
917 4267 1034 4335 ejus
1069 4282 1174 4321 non
1222 4267 1436 4335 perdes.
1473 4262 1859 4319 Substautiam-

262 4373 330 4413 ac
356 4358 570 4413 labores
623 4360 739 4430 ejus
773 4360 1110 4430 intercipies,
1147 4359 1239 4414 sed
1278 4360 1647 4412 sinceritatem
1704 4356 1849 4409 illius

1962 1846 2184 1911 Dixisti,
2215 1861 2248 1901 o
2273 1846 2505 1908 diabole,
2535 1847 2678 1914 quod
2727 1862 2832 1899 non
2877 1855 3104 1915 prepter
3139 1847 3418 1915 pietatem,
3453 1850 3548 1902 sed

1960 1949 2186 2009 propter
2222 1939 2440 1993 divitias
2469 1937 2571 1994 Job
2594 1938 2824 1994 coluerit
2854 1954 2979 1993 me:
3014 1941 3222 2005 dixisti,
3255 1940 3412 1995 aufer
3428 1957 3549 2011 qua:

1963 2031 2183 2093 dedisti,
2235 2041 2289 2083 et
2333 2046 2631 2101 cognosces
2682 2032 2811 2101 quid
2866 2033 2937 2087 sit
2987 2031 3303 2104 Job..Ego,
3347 2035 3545 2105 inquit,

1962 2138 2295 2194 cognoscere
2331 2140 2438 2178 non
2478 2139 2703 2179 necesse
2745 2124 2916 2180 habeo
2961 2146 2973 2180 :
3008 2127 3361 2195 przescienter
3400 2128 3546 2181 enim

1961 2216 2075 2271 scio
2106 2217 2464 2270 constantiam
2509 2214 2608 2270 Job
2655 2225 2819 2285 atque
2870 2215 3210 2270 devotionem
3252 2233 3415 2286 quam
3450 2218 3549 2271 ha-

1963 2310 2055 2363 bet
2087 2309 2233 2363 circa
2274 2324 2360 2363 me
2396 2324 2408 2359 :
2436 2310 2616 2362 omnia
2664 2324 2795 2363 vero
2825 2323 3165 2377 quaecunque
3194 2319 3320 2361 sunt
3344 2308 3441 2374 illi,
3480 2311 3547 2362 do

1964 2403 2016 2455 in
2052 2417 2271 2455 manum
2333 2412 2502 2467 tuam,
2566 2410 2624 2453 ut
2676 2416 2798 2455 eum
2851 2398 3196 2468 probaveris,
3249 2414 3547 2470 cognoscas

1961 2494 2085 2565 quia
2123 2495 2272 2549 solus
2304 2492 2404 2547 Job
2440 2492 2579 2546 valet
2636 2493 2893 2548 resistere
2944 2494 3211 2548 universa:
3267 2493 3545 2562 iniquitati

1961 2601 2125 2659 atque
2199 2590 2422 2642 malitiae
2472 2601 2596 2641 tuae.
2647 2589 2754 2643 Sed
2817 2588 3034 2641 interim
3089 2588 3292 2651 omnia,
3346 2587 3543 2654 inquit,

1958 2700 2283 2754 qua'cunque
2306 2682 2456 2735 habet
2497 2683 2619 2736 dedi
2646 2682 2703 2736 in
2762 2697 2979 2735 manum
3021 2690 3192 2744 tuam,
3240 2680 3330 2733 sed
3374 2680 3546 2749 ipsum

1960 2793 2082 2830 cave
2108 2793 2171 2830 ne
2197 2785 2402 2845 tangas.
2441 2776 2594 2842 Quod
2621 2775 2940 2843 quaesivisti,
2964 2774 3157 2843 inquit,
3184 2773 3352 2830 habes
3378 2791 3391 2826 :
3425 2789 3546 2841 quae

1962 2868 2169 2938 petisti,
2191 2869 2473 2936 accepisti,
2498 2877 2822 2937 potestatem
2851 2867 3170 2921 substantiae
3189 2877 3243 2920 et
3265 2866 3546 2936 possibili-

1967 2962 2093 3015 tatis
2110 2968 2275 3029 atque
2293 2961 2630 3025 divitiarum,
2648 2959 2843 3031 peculii
2865 2958 3220 3014 nihiIOminus
3236 2968 3397 3029 atque
3415 2959 3547 3016 ﬁlio-

1963 3068 2081 3106 rum
2121 3071 2134 3106 :
2175 3054 2269 3107 sed
2307 3052 2482 3120 ipsum
2515 3069 2638 3105 cave
2673 3068 2733 3105 ne
2768 3060 2990 3120 tangas,
3033 3052 3160 3120 quia
3211 3067 3318 3105 non
3364 3051 3544 3121 ipsum

1955 3147 2221 3216 quaesisti,
2240 3147 2332 3201 sed
2353 3160 2693 3215 quaecunque
2710 3145 2891 3199 habet.
2910 3142 3118 3196 Idcirco
3130 3144 3384 3198 omnibus
3401 3158 3542 3213 qua:-

1954 3255 2172 3310 cunque
2206 3240 2368 3295 habet
2404 3239 2648 3309 acceptis
2683 3238 2859 3308 ipsqu
2895 3254 3017 3292 care
3052 3254 3114 3290 ne
3130 3249 3337 3307 tangas,
3365 3252 3544 3306 neque

1955 3333 2271 3397 carnaliter,
2301 3345 2476 3399 neque
2514 3329 2853 3398 spiritaliter,
2886 3342 3063 3396 neque
3095 3327 3404 3392 manifeste,
3448 3344 3544 3383 ne-

1954 3441 2060 3496 que
2093 3426 2350 3479 latenter.
2386 3423 2569 3492 Ipsum
2608 3439 2730 3475 cave
2767 3438 2829 3474 ne
2861 3430 3067 3490 tangas.
3111 3420 3225 3475 Cur
3255 3421 3402 3473 enim
3434 3435 3539 3473 non

1957 3516 2213 3585 tangam?
2237 3515 2317 3569 0b
2348 3514 2472 3577 hoc,
2499 3513 2693 3580 inquit,
2729 3512 2855 3581 quia
2874 3518 3126 3565 servatur
3148 3510 3214 3564 ad
3240 3512 3539 3564 secundam

1954 3608 2330 3671 luctationem,
2362 3616 2637 3661 certamen
2666 3619 2881 3674 quoque
2927 3612 2981 3657 et
3037 3603 3425 3668 constantiam,
3458 3612 3543 3655 at-

1952 3717 2060 3772 que
2085 3702 2382 3755 tolerantiae
2410 3700 2881 3769 approbationem.
2911 3696 3142 3764 Sullicit,
3176 3696 3371 3766 inquit,
3396 3710 3540 3751 nunc

1955 3793 2068 3847 hcce
2102 3808 2224 3862 qua:
2259 3806 2355 3861 per
2406 3791 2650 3860 pecuniae
2686 3802 2852 3859 atque
2912 3790 3146 3845 ﬁliorqu
3179 3790 3538 3861 perditionem

1954 3883 2013 3938 ﬁt
2042 3884 2288 3938 tentatio.
2322 3882 2515 3937 Merito
2541 3882 2720 3951 ipsum
2752 3897 2886 3937 cave
2918 3898 2983 3936 ne
3013 3892 3226 3953 tangas.
3252 3883 3296 3938 0
3321 3884 3539 3938 bonitas

1956 3987 2069 4044 tua,
2099 3992 2216 4043 rex,
2241 3993 2274 4032 ο
2298 3978 2473 4033 virtus
2497 3986 2661 4047 atque
2701 3975 3106 4046 magniﬁcentia
3153 3986 3259 4038 tua,
3289 3977 3533 4033 Eterue!

1952 4072 2125 4137 Quam
2155 4086 2405 4141 magnam
2438 4070 2866 4125 consolationem
2907 4068 3101 4124 tribuis
3137 4070 3203 4125 iis
3231 4072 3323 4139 qui
3375 4071 3440 4125 ad
3486 4080 3539 4125 te

1953 4163 2321 4232 confugerint,
2345 4173 2400 4217 et
2417 4163 2742 4217 constantiae
2774 4162 3027 4216 ﬁduciam
3047 4170 3147 4216 ate
3172 4162 3533 4232 Speraverint,

1952 4267 2013 4311 ut
2042 4271 2217 4324 neque
2240 4257 2522 4310 hominum
2558 4270 2734 4324 neque
2758 4256 3131 4324 jumentorum
3155 4296 3170 4319 ,
3219 4270 3390 4323 neque
3419 4256 3536 4306 ani-

1956 4356 2223 4400 matorum
2269 4362 2445 4414 neque
2497 4346 2917 4400 inanimatorum
2952 4354 3275 4414 potestatem
3336 4344 3534 4399 habeat

261 4459 430 4517 atque
482 4450 777 4519 gratiarum
827 4453 1096 4505 actionem
1136 4465 1241 4504 ηοη
1279 4447 1614 4516 intercipies,
1651 4446 1843 4502 Omnia
1878 4435 1920 4488 D
1950 4438 2320 4501 adversarius,
2348 4439 2448 4491 nisi
2488 4438 2575 4492 ubi
2602 4436 2767 4491 fuerit
2798 4438 3129 4505 permissus!
3182 4436 3299 4490 Non
3349 4446 3530 4490 autem

260 4555 397 4608 ergo
426 4556 761 4609 quaecunque
817 4541 979 4596 habet
1010 4541 1131 4595 dedi
1168 4540 1221 4594 in
1280 4554 1498 4592 manum
1535 4547 1703 4601 tuam,
1731 4551 1850 4603 qua:

264 4631 403 4683 iram
458 4640 622 4701 atque
671 4631 908 4700 gladium
953 4634 1216 4698 continet,
1272 4613 1391 4699 qua:
1441 4628 1625 4698 praelia
1684 4638 1850 4697 atque

262 4722 402 4776 bella
459 4733 735 4792 operatur,
786 4740 906 4793 qua:
950 4725 1311 4792 perditionem
1344 4731 1506 4791 atque
1546 4719 1849 4775 damnatio-

263 4828 389 4866 nem
436 4814 665 4882 perﬁcit,
698 4829 818 4883 quae
858 4814 1135 4869 doloribus
1168 4814 1422 4879 satiatur,
1453 4827 1572 4881 quae
1629 4810 1851 4865 sceleri-

260 4901 365 4958 bus
398 4912 560 4972 atque
598 4904 967 4973 impietatibus
997 4905 1189 4959 inhiat.
1226 4902 1283 4957 lo
1319 4905 1484 4969 hanc,
1510 4901 1703 4970 inquit,
1736 4915 1850 4953 ma-

261 5011 392 5049 num
433 5005 577 5049 tuam
622 4997 776 5051 trado
822 4998 1003 5051 omnia
1048 5012 1383 5067 quaecunque
1430 5004 1557 5048 sunt
1584 4994 1764 5055 illius;
1796 4992 1846 5045 in

266 5091 407 5141 hanc
440 5104 681 5151 manum,
709 5106 825 5157 qua:
856 5090 899 5143 si
938 5089 1276 5158 prmvaleret,
1314 5104 1530 5144 onmem
1573 5086 1846 5139 hominem

261 5189 318 5230 et
352 5192 567 5231 omnem
607 5180 856 5246 spiritum
887 5181 977 5249 qui
1018 5180 1120 5234 sub
1150 5179 1288 5235 ρωιο
1315 5191 1421 5243 est,
1455 5176 1636 5231 subito
1661 5177 1713 5228 in
1738 5176 1844 5227 ictu

260 5271 405 5324 oculi
438 5273 724 5340 perderet,
763 5274 968 5328 deleret
1025 5285 1187 5343 atque
1232 5274 1586 5334 interﬁceret,
1640 5270 1681 5323 si
1724 5284 1847 5337 per-

262 5363 593 5430 mitteretur,
626 5364 682 5418 ei
734 5365 775 5419 si
805 5365 957 5433 juxta
1010 5367 1343 5419 voluntatem
1395 5360 1702 5429 iniquitatis
1734 5373 1857 5412 sure

260 5466 585 5525 potestatem
611 5459 854 5513 haberet.
885 5457 989 5512 Sed
1020 5458 1226 5512 resistit
1259 5456 1331 5510 illi
1358 5454 1701 5520 omnipotens
1735 5463 1848 5502 ma-

261 5567 365 5604 nus
394 5551 506 5617 Dei,
550 5559 713 5621 atque
752 5550 1046 5606 fortissima
1078 5551 1299 5606 dextera
1337 5546 1613 5605 Creatoris
1654 5536 1855 5616 guber?

338 5717 373 5745 ¹¹
421 5712 519 5769 Job
551 5733 589 5779 ι,
625 5714 709 5768 l2.
791 5717 831 5748 ”
862 5714 1005 5771 Psal.
1042 5731 1229 5775 X\Xlll,
1259 5716 1344 5769 ‘20.
1444 5713 1507 5763 "3
1551 5709 1647 5764 sz
1684 5726 1727 5774 ι,
1770 5708 1846 5761 12.

1950 4528 2308 4598 permittitur,
2342 4528 2444 4583 nisi
2479 4529 2566 4582 tibi
2594 4529 2807 4583 noverit
2849 4526 2990 4582 Deus
3027 4544 3126 4597 pro
3183 4528 3303 4582 ﬁdei
3358 4530 3530 4581 mani-

1949 4621 2261 4683 festatione,
2305 4628 2358 4673 et
2383 4620 2703 4674 constantia:
2740 4618 3157 4687 approbatione,
3199 4630 3363 4687 atque
3418 4618 3533 4687 glo-

1949 4714 2113 4768 riosa:
2172 4711 2631 4765 renumerationis
2694 4711 3072 4765 retributione.
3136 4710 3261 4765 Haec
3324 4712 3534 4766 scilicet

1954 4818 2055 4857 nos
2086 4802 2319 4856 scientes
2345 4802 2575 4856 sollicite
2602 4813 2763 4869 atque
2792 4803 2985 4855 devote
3024 4801 3091 4854 ad
3139 4801 3306 4855 Deum
3343 4802 3533 4855 coofu-

1953 4896 2185 4967 giamus,
2222 4894 2615 4948 instantissime
2644 4905 2808 4962 atque
2831 4893 3202 4947 sincerissime
3239 4894 3292 4947 in
3320 4896 3529 4948 oratio-

1954 4987 2115 5041 nibus
2147 4988 2309 5041 Deum
2338 4986 2674 5051 invocemus,
2713 4997 2771 5038 ιιι
2797 4994 3013 5038 avertat
3047 5000 3077 5037 a
3109 4984 3266 5039 nobis
3309 4986 3529 5055 maligni

1952 5077 2214 5143 insidias;
2254 5087 2311 5129 ut
2337 5076 2533 5145 eripiat
2563 5091 2660 5129 nos
2684 5076 2750 5128 de
2792 5074 3105 5127 crudelibus
3134 5073 3279 5127 illius
3341 5074 3529 5129 incur-

1951 5172 2219 5236 sionibus,
2252 5181 2307 5223 et
2330 5186 2434 5223 non
2463 5168 2740 5237 permittat
2766 5182 2862 5221 nos
2890 5166 3083 5221 tentari
3113 5180 3273 5235 super
3302 5166 3353 5221 id
3386 5166 3531 5236 quod

1949 5264 2226 5332 possimus
2259 5261 2523 5317 sufferre:

2020 5354 2179 5418 Ecce,
2213 5356 2413 5423 inquit,
2451 5354 2693 5407 universa
2748 5358 3067 5422 quicumque
3113 5352 3262 5407 habet
3319 5352 3438 5405 dedi
3477 5353 3530 5405 in

1951 5467 2111 5505 manu
2136 5460 2245 5502 tua.
2281 5446 2397 5501 Non
2431 5446 2576 5512 ideo,
2610 5447 2805 5516 inquit.
2836 5446 2960 5501 dedi
2986 5446 3099 5500 haec
3122 5446 3300 5499 omnia
3328 5446 3380 5497 in
3417 5462 3529 5498 ma-

1958 5560 2029 5598 nu
2067 5552 2177 5610 tua,
2212 5541 2338 5613 quia
2366 5549 2683 5611 oportuerat
2711 5540 2793 5596 vel
2824 5538 3029 5610 justum
3081 5537 3277 5604 fuerat,
3308 5536 3402 5591 sed
3459 5538 3529 5591 ob
