3884 6218
382 260 492 317 419

1512 260 1897 319 ANONYMUS
1929 261 1996 319 IN
2033 261 2172 319 JOB.
2212 293 2282 303 -
2319 263 2446 319 LIB.
2485 265 2525 319 1.

3528 270 3634 325 420

384 386 491 442 bac
523 394 579 439 ut
605 383 857 454 nequitiae
894 391 999 437 tute
1030 382 1343 439 occasiones
1368 384 1658 440 auferrem.
1681 387 1958 453 Quomodo
1986 388 2036 452 Α
2067 386 2171 441 alio
2201 397 2451 456 poterant
2492 388 2827 443 manducare
2856 388 2941 444 vel
2966 389 3153 446 bibere
3208 389 3333 445 talis
3380 404 3445 444 ac
3497 390 3633 445 tanti

383 479 528 533 enim
554 476 760 544 justum
788 486 929 540 erat,
952 475 1036 530 vel
1064 486 1379 546 oportuerat
1401 487 1460 531 ut
1492 478 1675 531 darem
1709 479 1761 532 in
1795 493 1953 531 manu

386 580 475 624 tua
522 569 650 639 juga
702 570 859 623 boum
892 584 1014 638 quae
1055 569 1244 623 viduas
1271 569 1476 624 orando
1535 569 1844 624 revelabant
1902 579 1957 625 et

384 674 577 729 greges
611 659 1009 729 peeorum,qni
1074 658 1349 727 orphanos
1418 660 1740 725 vestiebant,
1794 672 1955 730 atque

385 751 814 805 calefaciebant?
839 750 1121 817 Quomodo
1149 761 1485 820 oportuerat,
1506 752 1590 807 vel
1612 752 1819 821 justum
1839 763 1957 808 erat

384 853 442 898 ut
463 844 642 913 justos
667 853 723 898 et
752 844 1069 899 innocentes
1096 844 1235 899 ﬁlios
1262 844 1363 899 Job
1390 855 1444 898 tu
1488 847 1734 914 nequiter
1781 845 1954 900 inter-

386 936 649 1002 ﬁceres,o
676 935 908 1001 diabole,
934 951 1056 989 cum
1097 935 1325 989 dixerim
1350 945 1473 1006 post
1496 936 1549 989 in
1574 934 1955 1006 legezlustum

382 1041 430 1084 et
458 1030 786 1082 innocentem
811 1044 912 1081 non
946 1028 1150 1081 occides
1182 1028 1261 1082 "‘i
1295 1027 1412 1083 Non
1456 1042 1586 1098 ergo
1638 1038 1957 1096 oportuerat

383 1123 783 1191 nequejustum
819 1121 1016 1184 fuerat,
1047 1121 1141 1175 sed
1175 1130 1400 1190 propter
1431 1121 1773 1192 iniquitatem
1808 1131 1953 1175 tuam

382 1225 435 1270 et
468 1214 641 1269 zelum
679 1223 737 1268 et
763 1215 1011 1277 livorem,
1045 1223 1102 1266 ut
1141 1212 1526 1267 inexcusabilis
1561 1211 1953 1281 comproberis,

381 1317 438 1361 et
488 1308 692 1375 absque
747 1306 1182 1360 contradictione
1243 1305 1610 1374 redarguaris,
1668 1316 1955 1375 propterea

380 1415 499 1454 ecce
554 1401 732 1453 omnia
774 1415 1094 1469 quwcunqne
1154 1397 1309 1451 habet
1357 1398 1480 1452 dedi
1529 1398 1583 1451 in
1630 1414 1791 1452 manu
1838 1408 1951 1466 tua,

381 1492 475 1547 sed
505 1494 675 1560 ipsum
713 1506 833 1544 caue
887 1508 949 1544 ne
987 1501 1196 1561 tangas.
1228 1488 1293 1541 Et
1325 1489 1522 1558 factum
1559 1502 1632 1545 est
1663 1491 1815 1557 quasi
1843 1491 1952 1544 dies

381 1585 476 1638 illa
502 1584 567 1638 ”.
600 1584 728 1650 Quae
758 1582 915 1637 dies?
936 1583 1028 1636 llla
1061 1585 1176 1637 dies
1207 1583 1261 1637 in
1295 1599 1401 1653 qua
1424 1583 1690 1653 malignus
1728 1582 1954 1652 permis-

382 1675 588 1729 sionem
626 1674 856 1743 aceepit,
909 1673 962 1727 in
1030 1688 1134 1743 qua
1195 1675 1559 1743 nequissimus
1610 1674 1804 1729 ﬁducia
1870 1685 1953 1729 est

2062 477 2164 532 viri
2202 478 2296 532 ﬁlii
2334 490 2576 549 tempore
2612 497 2626 533 :
2662 480 2789 549 quia
2834 495 2934 536 nec
2996 482 3114 550 ipse
3168 491 3325 538 extra
3385 483 3633 537 ordinem

2063 572 2392 629 manducare
2423 572 2507 627 vel
2534 573 2724 628 bibere
2746 573 2949 629 solitus
2973 585 3091 630 erat
3111 615 3129 640 ,
3163 574 3259 631 sed
3306 575 3632 645 competenti

2063 672 2326 733 tempore,
2389 665 2483 719 sed
2529 664 2796 733 disposito
2818 673 3063 730 tempore
3090 675 3254 737 atque
3286 665 3538 721 ordinato
3576 676 3636 721 et

2063 756 2180 825 ipse
2203 756 2572 823 manducavit,
2600 765 2656 811 et
2687 757 2826 811 ﬁlios
2866 771 2995 811 suos
3028 758 3172 813 circa
3202 758 3449 813 ordinem
3483 773 3635 814 man-

2064 847 2264 902 ducare
2291 846 2493 903 docuit.
2528 847 2618 903 Sic
2658 848 2841 918 itaque
2870 849 3002 904 hora
3037 848 3245 917 prandii
3297 849 3632 905 manducan-

2064 938 2210 994 tibus
2238 938 2346 993 illis
2373 954 2438 994 ac
2462 938 2797 1006 bibentibus,
2821 938 2923 995 Job
2958 954 3089 994 sane
3116 941 3170 994 in
3199 940 3359 994 domo
3386 955 3505 1005 sua,
3535 940 3633 995 ﬁlii

2064 1039 2240 1086 autem
2272 1030 2461 1101 ejuset
2491 1030 2639 1096 ﬁliae,
2692 1031 2745 1085 in
2808 1030 2970 1086 domo
3015 1029 3203 1084 fratris
3247 1030 3329 1085 sui
3388 1030 3631 1101 majoris,

2063 1123 2286 1177 nuntius
2315 1121 2467 1175 venit
2488 1122 2555 1176 ad
2582 1120 2707 1177 Job.
2746 1120 2877 1175 Erat
2903 1137 3137 1191 namque
3167 1120 3483 1192 nequissimi
3513 1121 3633 1176 dia-

2061 1214 2168 1269 boli
2194 1214 2455 1276 versutia,
2484 1223 2543 1266 ut
2572 1214 2761 1270 horam
2793 1214 3001 1283 prandii
3030 1217 3365 1278 observaret,
3386 1222 3444 1268 ut
3469 1229 3636 1284 pran-

2062 1305 2220 1359 dente
2250 1305 2345 1361 illo
2385 1305 2570 1358 tristes
2623 1320 2687 1359 ac
2738 1304 3048 1359 mortiferus
3101 1306 3320 1360 nuntios
3380 1307 3446 1360 ad
3505 1322 3632 1361 eum

2061 1396 2320 1461 mitteret,
2350 1410 2456 1465 quo
2489 1395 2663 1464 magis
2712 1396 2963 1465 fatigaret
3017 1405 3072 1450 et
3113 1411 3235 1451 eum
3276 1397 3631 1463 interﬁceret,

2060 1497 2120 1541 ut
2143 1497 2384 1557 tempore
2410 1488 2763 1543 cornestionis
2790 1503 2854 1542 ac
2882 1498 3042 1557 potus
3069 1498 3234 1557 atque
3271 1487 3634 1557 jucunditatis

2062 1578 2244 1633 tristes
2279 1581 2500 1634 nuntios
2530 1580 2796 1635 mittendo
2823 1580 3055 1635 deﬁcere
3080 1581 3230 1635 illum
3251 1582 3456 1651 justum
3485 1580 3634 1636 face-

2059 1678 2161 1723 ret.
2183 1669 2309 1725 Haac
2339 1686 2574 1740 namque
2604 1674 2981 1727 demonstrans
3015 1673 3145 1727 dicit
3172 1690 3191 1727 :
3226 1672 3363 1727 Ecce
3411 1675 3631 1728 nuntius

383 1766 576 1831 fretus,
602 1766 657 1819 in
689 1780 793 1835 qua
817 1765 907 1820 die
935 1766 1182 1821 diabolus
1209 1767 1558 1821 innocentum
1605 1777 1831 1822 mortem
1878 1767 1955 1820 fa-
1990 1756 2031 1810 Β
2061 1760 2199 1814 venit
2232 1761 2301 1812 ad
2320 1760 2423 1814 Job
2448 1760 2515 1829 ¹⁶,
2544 1760 2790 1817 dolorum
2825 1771 2988 1831 atque
3032 1763 3327 1832 gemituum
3388 1764 3630 1827 mulius.

380 1859 620 1912 brieatus
652 1866 736 1912 est
766 1875 779 1911 :
808 1856 876 1910 Et
907 1857 1106 1926 factum
1137 1867 1215 1911 est
1259 1860 1409 1928 quasi
1438 1860 1547 1912 dies
1585 1858 1705 1921 illa,
1742 1859 1793 1912 in
1846 1873 1953 1928 qua

381 1949 626 2003 diabolus
666 1950 886 2019 gavisus
917 1959 1021 2013 est,
1052 1950 1143 2020 qui
1190 1966 1469 2021 nunquam
1508 1962 1591 2005 est
1623 1953 1859 2022 gavisus,
1898 1952 1952 2006 in

380 2055 486 2111 qua
524 2040 793 2112 malignus
834 2041 1149 2107 exsultavit,
1181 2044 1270 2112 qui
1331 2058 1606 2112 nunquam
1678 2044 1952 2099 exsultare

377 2141 465 2187 est
496 2132 900 2203 comprobatus.
936 2131 1071 2187 Nam
1112 2134 1527 2189 exsultationem
1561 2133 1711 2189 ducit
1762 2151 1949 2190 eorum

378 2224 471 2291 qui
500 2232 628 2278 sunt
654 2224 1037 2293 perditionem,
1064 2235 1228 2293 atque
1270 2226 1512 2279 vivorum
1576 2225 1949 2279 mortiﬁcatio-

380 2331 524 2370 nem.
554 2315 622 2369 Et
644 2317 843 2385 factum
868 2327 944 2370 est
966 2319 1099 2371 sicut
1128 2317 1222 2370 illa
1272 2318 1406 2371 dies.
1462 2317 1599 2384 Qum
1636 2317 1794 2371 dies?
1834 2316 1948 2382 Illa,

377 2408 578 2479 inquit,
608 2409 724 2463 dies
755 2410 806 2463 in
829 2424 936 2479 qua
956 2409 1052 2464 ﬁlii
1082 2407 1186 2465 Job
1209 2421 1265 2465 et
1287 2409 1411 2464 ﬁliae
1440 2410 1791 2464 novissimum
1822 2410 1950 2464 illud

378 2501 752 2557 unanimitatis
782 2512 945 2572 atque
959 2502 1271 2557 concordiae
1296 2502 1584 2572 prandium
1615 2502 1952 2570 pranderunt

376 2609 539 2664 super
568 2604 791 2649 terram.
826 2594 880 2648 ln
918 2594 1072 2648 caelis
1108 2608 1342 2663 namque
1389 2603 1605 2648 aeterna:
1647 2596 1832 2667 gloriae
1895 2603 1951 2650 et

378 2685 809 2753 incorruptibilis
839 2685 1178 2741 beatitudine
1214 2687 1419 2754 pariter
1482 2686 1755 2741 fruuntur.
1794 2688 1946 2753 Quod

378 2787 559 2831 autem
586 2776 945 2831 novissimum
974 2777 1260 2847 prandium
1296 2786 1423 2830 tunc
1443 2777 1495 2830 in
1533 2793 1759 2846 corpore
1782 2794 1947 2848 pran-

376 2866 592 2931 derunt,
617 2882 740 2920 mox
770 2868 1166 2937 subsequenter
1202 2869 1458 2933 ostendit,
1490 2869 1675 2923 dicens
1701 2887 1714 2922 :
1744 2867 1813 2922 Et
1849 2869 1949 2938 ﬁlii

374 2960 478 3014 Job
503 2970 550 3014 et
584 2961 710 3028 ﬁlice
728 2960 1115 3014 manducabant
1143 2971 1191 3014 et
1232 2961 1469 3014 bibebant
1497 2962 1553 3013 in
1582 2962 1736 3015 domo
1763 2962 1948 3031 fratris

377 3054 461 3105 sui
486 3052 710 3120 majoris
728 3052 795 3118 ",
828 3066 891 3107 ac
912 3051 1075 3106 veluti
1098 3052 1306 3122 parvuli
1333 3051 1569 3108 infantes
1596 3055 1753 3109 malis
1771 3056 1950 3109 omni-

379 3144 479 3198 bus
504 3153 776 3214 expertes,
797 3144 959 3200 simul
987 3145 1175 3199 sedent
1200 3153 1254 3199 et
1282 3154 1460 3210 stant,
1501 3145 1659 3199 simul
1683 3155 1739 3200 et
1760 3146 1952 3202 ludunt

377 3245 433 3290 et
463 3236 675 3301 bibunt,
732 3251 831 3291 nec
893 3236 1188 3307 quidquam
1236 3237 1387 3304 mali,
1439 3246 1533 3291 aut
1593 3237 1789 3303 illiciti,
1855 3248 1952 3293 aut

376 3328 540 3383 etiam
573 3328 792 3382 obsceni
835 3327 901 3382 de
933 3328 1161 3384 invicem
1191 3327 1255 3382 ad
1285 3328 1516 3383 invicem
1562 3328 1798 3397 cogitant
1830 3347 1844 3384 :
1872 3328 1950 3383 ita

374 3427 432 3474 et
464 3417 765 3474 beatissimi
804 3418 897 3472 ﬁlii
930 3417 1033 3474 Job
1066 3434 1130 3474 ac
1161 3418 1284 3473 tilia:
1314 3420 1451 3475 casti
1482 3430 1640 3473 erant
1674 3419 1872 3475 animis
1896 3429 1951 3474 et

376 3511 576 3565 mundo
609 3511 795 3574 corde,
825 3520 881 3564 et
912 3511 1255 3566 immaculata
1300 3511 1632 3566 conscientia
1669 3520 1727 3566 et
1774 3512 1951 3566 omni-

375 3601 478 3657 bus
529 3602 888 3657 immunditiis
936 3612 1104 3672 atque
1150 3602 1356 3658 illicitis
1417 3611 1691 3672 expertes.
1757 3602 1949 3658 Merito

377 3710 501 3748 eum
558 3693 933 3763 lmjnscemodi
989 3703 1193 3756 essent,
1234 3693 1394 3750 sinml
1449 3694 1848 3749 manducabant
1896 3702 1951 3749 et

375 3785 629 3840 bibebant
653 3794 824 3839 caste.
852 3785 930 3839 Ita
960 3795 1119 3839 erant
1149 3785 1308 3840 simul
1338 3785 1469 3841 olim
1514 3786 1686 3840 Adam
1734 3797 1789 3841 et
1839 3786 1947 3840 Eva

374 3877 612 3946 quandiu
662 3878 715 3930 in
743 3877 999 3946 paradiso
1041 3878 1094 3932 in
1144 3878 1459 3934 innocentia
1502 3879 1945 3947 permansissent.

374 3971 450 4025 Ita
485 3979 537 4025 et
566 3984 709 4024 nunc
736 3978 859 4026 sum
881 3970 935 4024 in
964 3980 1152 4025 sancta
1189 3971 1624 4027 Ecclesiacastae
1653 3971 1849 4024 animae
1881 3985 1945 4023 ac

373 4074 593 4129 sanctae,
624 4063 766 4118 sicut
822 4062 1098 4133 simplices
1150 4062 1407 4128 infantes,
1469 4073 1635 4133 atque
1694 4061 1948 4118 omnibus

374 4156 528 4211 malis
552 4164 825 4224 expertes.
863 4153 957 4209 Sic
987 4155 1198 4210 scilicet
1223 4154 1443 4210 fuerunt
1468 4156 1634 4209 etiam
1666 4153 1947 4224 benignis-

372 4249 520 4311 simi,
547 4263 612 4301 ac
652 4248 763 4303 Deo
794 4246 999 4309 dilecti,
1028 4256 1191 4318 atque
1228 4246 1479 4303 omnibus
1508 4246 1713 4317 angelis
1738 4246 1945 4301 sanctis

371 4340 489 4410 ejus
512 4336 730 4394 ﬁliiJob
763 4348 986 4409 propter
1025 4340 1396 4394 innocentiam
1457 4348 1513 4393 et
1566 4341 1938 4394 sanctitatem.

2062 1851 2324 1906 malorum
2379 1860 2542 1921 atque
2604 1853 2984 1908 amaritudinis
3031 1868 3228 1922 prmco,
3268 1854 3635 1909 tribulationis

2028 1970 2033 1977 -
2061 1952 2224 2012 atque
2257 1944 2522 2014 angustia:
2549 1946 2893 2013 pradicator.
2925 1943 3160 2000 Nuntius
3192 1945 3343 2000 venit
3387 1946 3453 2000 ad
3508 1944 3631 2010 Job,

2060 2035 2153 2104 qui
2194 2045 2548 2091 conservatus
2593 2037 2660 2090 ab
2692 2037 3006 2092 adversario
3052 2039 3250 2093 missus
3287 2047 3370 2092 est
3414 2054 3443 2093 a
3498 2038 3635 2092 dia-

2058 2126 2205 2182 bolo.
2253 2126 2486 2183 Nuntius
2540 2129 2689 2184 venit
2729 2129 2797 2184 ad
2848 2128 2984 2195 Job,
3021 2130 3294 2197 concisus,
3333 2128 3630 2189 laceratus.

2058 2219 2406 2289 compilatus,
2466 2230 2749 2286 contusus,
2800 2221 2958 2286 ﬂens,
2991 2221 3316 2288 lamentans,
3366 2223 3633 2293 plangens

2058 2322 2114 2367 et
2150 2310 2488 2377 vociferans,
2539 2321 2703 2382 atque
2753 2313 3003 2369 universa
3057 2329 3180 2384 quae
3232 2324 3355 2370 sunt
3402 2315 3632 2369 misera-

2056 2404 2185 2459 bilia
2224 2404 2372 2459 luctu
2405 2404 2808 2472 demonstrans,
2844 2404 2915 2459 ita
2962 2419 2994 2460 a
3030 2406 3265 2475 maligno
3309 2405 3533 2461 edoctus
3568 2415 3635 2460 ut

2058 2496 2174 2566 ipso
2206 2497 2385 2567 potius
2422 2497 2716 2552 miserabili
2763 2513 2862 2552 suo
2894 2496 3040 2555 luctu
3071 2513 3132 2554 ac
3170 2498 3387 2569 planctu
3430 2498 3486 2552 in
3532 2498 3628 2553 Dei

2057 2590 2533 2659 reprehensionem
2588 2588 2723 2657 justi
2785 2589 2928 2644 illius
2999 2600 3232 2645 mentem
3308 2591 3627 2646 concitaret.

2056 2680 2288 2737 Nuntius
2343 2682 2490 2737 venit
2524 2681 2592 2736 ad
2636 2680 2737 2736 Job
2780 2693 2836 2736 et
2883 2682 3021 2739 dixit
3055 2682 3149 2746 illi,
3208 2682 3501 2738 miserabili
3545 2692 3629 2737 at-

2056 2788 2163 2842 que
2211 2773 2543 2845 lacrymabili
2593 2789 2727 2829 voce
2770 2774 2907 2829 dixit
2960 2774 3009 2829 ei
3058 2789 3077 2828 :
3122 2775 3262 2842 Quid
3309 2776 3538 2845 cogitas,
3591 2790 3630 2829 o

2055 2864 2189 2920 Job?
2239 2868 2321 2920 Ad
2384 2882 2622 2921 mensam
2668 2868 2860 2934 sedes,
2896 2874 2949 2921 et
2997 2882 3062 2924 ea
3115 2882 3235 2937 quae
3285 2868 3629 2938 contigerunt

2058 2957 2294 3025 ignoras.
2353 2958 2567 3012 Deliciis
2614 2958 2822 3023 uteris,
2901 2965 2956 3013 et
3008 2959 3317 3015 accidentes
3372 2958 3469 3013 tibi
3525 2958 3629 3013 mi-

2056 3051 2231 3105 serias
2269 3052 2468 3105 nescis.
2523 3050 2670 3106 Dixit
2708 3050 2784 3104 illi
2825 3068 2838 3103 :
2871 3049 2952 3105 Ad
2999 3065 3240 3105 mensam
3286 3049 3628 3120 splendidam

2053 3142 2231 3207 sedes,
2252 3142 2395 3198 Job:
2437 3142 2531 3197 sed
2571 3142 2731 3197 hodie
2777 3142 2844 3196 ad
2881 3157 3147 3206 mensam,
3200 3157 3321 3199 cras
3376 3156 3507 3197 vero
3557 3143 3627 3197 ad

2054 3234 2251 3290 lectum
2274 3234 2419 3290 foras
2445 3235 2850 3304 deportatorum
2874 3235 3129 3299 ﬁliorum,
3162 3235 3321 3291 modo
3348 3234 3399 3289 in
3425 3235 3628 3305 jucun-

2053 3330 2245 3394 ditate,
2281 3337 2402 3397 post
2424 3328 2699 3397 paululum
2726 3337 2905 3381 autem
2948 3327 3001 3380 in
3046 3326 3249 3381 infelici
3287 3336 3625 3398 paupertate.

2051 3421 2205 3490 Quod
2234 3422 2277 3476 si
2304 3436 2410 3477 non
2438 3421 2654 3487 credis,
2683 3421 2825 3488 quod
2863 3419 2907 3472 si
2960 3434 3066 3474 non
3126 3434 3318 3489 speras
3376 3420 3449 3474 ita
3501 3434 3623 3475 esse

2050 3513 2177 3569 audi
2207 3512 2379 3583 :Juga
2412 3514 2565 3567 boum
2600 3522 2811 3566 tuorum
2840 3512 3063 3565 orabant
3090 3523 3139 3567 et
3171 3514 3337 3567 asina:
3358 3513 3523 3581 juxta
3556 3514 3629 3567 il-

2050 3604 2128 3659 los
2145 3606 2448 3675 pascebant,
2479 3614 2527 3658 et
2558 3614 2806 3658 venerunt
2835 3604 3106 3671 prwdones
3149 3613 3200 3657 et
3248 3604 3476 3671 pra-dmi
3502 3616 3626 3659 sunt

2048 3697 2167 3763 illa,
2195 3708 2241 3750 et
2272 3713 2460 3765 pueros
2504 3696 2811 3750 occiderunt
2859 3697 2912 3751 in
2940 3712 3032 3750 ore
3085 3696 3283 3767 gladii,
3308 3708 3356 3750 et
3392 3698 3625 3750 remansi

2049 3806 2142 3859 ego
2172 3788 2338 3854 solus,
2367 3800 2413 3842 et
2443 3788 2561 3843 veni
2589 3798 2646 3842 ut
2695 3788 2791 3842 tibi
2833 3790 3133 3843 nuntiarem
3158 3789 3222 3843 ".
3261 3787 3306 3845 Ο
3340 3789 3627 3859 multiplex

2049 3890 2211 3950 atque
2235 3880 2430 3935 callida
2462 3879 2760 3934 adversarii
2791 3881 3016 3945 astutia,
3064 3890 3124 3933 ut
3162 3881 3352 3936 eadem
3398 3895 3519 3951 qua:
3542 3882 3626 3936 in-

2049 3982 2294 4040 gesserat
2319 3971 2481 4037 mala,
2502 3971 2575 4025 ita
2607 3971 2799 4027 callide
2828 3979 3131 4037 enarraret,
3155 3983 3213 4027 ut
3248 3973 3315 4028 ad
3347 3971 3441 4028 Dei
3478 3972 3625 4028 blas-

2045 4063 2318 4132 phemiam
2346 4061 2481 4131 justi
2509 4061 2650 4117 illius
2673 4062 2774 4116 viri
2811 4063 3048 4117 animum
3078 4075 3398 4132 provocaret
3419 4064 3432 4117 !
3453 4062 3621 4133 Juga,

2050 4156 2245 4224 inquit,
2291 4154 2448 4208 boum
2501 4163 2713 4208 tuorum
2782 4154 3027 4209 arabant.
3076 4153 3194 4209 Non
3255 4155 3399 4209 enim
3443 4157 3621 4210 otiosa

2047 4256 2204 4301 erant
2234 4260 2409 4316 neque
2436 4246 2647 4301 inutilia
2671 4244 2914 4312 stabant,
2955 4246 3051 4301 sed
3081 4245 3317 4300 arabant
3373 4246 3620 4300 ultimam

2046 4348 2343 4403 araturam,
2368 4348 2531 4407 atque
2570 4322 2920 4392 novissimam
2972 4346 3293 4392 exercentes
3322 4337 3616 4391 culturam.

374 4433 449 4487 De
480 4432 601 4486 istis
629 4446 761 4502 ergo
783 4431 911 4485 ﬁliis
937 4429 1040 4486 Job
1065 4431 1197 4485 dicit
1229 4431 1351 4485 istic
1405 4449 1418 4484 :
1456 4430 1523 4484 Et
1585 4430 1686 4499 ﬁlii
1743 4429 1846 4485 Job
1893 4442 1940 4485 et
1975 4455 2019 4509 ι)
2048 4431 2186 4498 Quid
2210 4430 2276 4483 ad
2315 4431 2445 4489 haec.
2484 4428 2694 4497 inquit?
2722 4426 2789 4480 Et
2823 4437 3070 4483 uenerunt
3111 4430 3383 4496 prwdonea
3410 4440 3456 4483 et
3476 4445 3614 4497 prcs-

371 4523 499 4593 filia:
526 4525 984 4577 manducabantet
1035 4521 1275 4577 bibebant
1328 4526 1382 4575 in
1426 4522 1582 4576 domo
1632 4521 1819 4591 fratris
1861 4524 1943 4576 sui

371 4613 616 4683 majoris.
649 4613 716 4668 Et
737 4614 791 4667 in
834 4614 936 4668 hoc
959 4613 1104 4683 quod
1139 4613 1328 4684 majori
1355 4613 1621 4683 primatus
1671 4614 1845 4668 honor
1876 4614 1945 4668 ab

371 4705 624 4760 omnibus
647 4705 1029 4769 exhibebatur,
1062 4706 1116 4759 in
1154 4705 1261 4760 hoc
1288 4706 1401 4774 ipso
1425 4705 1586 4759 etiam
1619 4704 1758 4759 sicut
1796 4714 1851 4759 et
1890 4706 1941 4758 in

370 4796 625 4852 omnibus
649 4797 795 4850 circa
829 4796 921 4851 Dei
950 4797 1347 4852 ordinationem
1380 4798 1659 4852 ambulare
1681 4811 1940 4866 propera-

370 4895 585 4940 verunt.
612 4887 703 4942 Dei
734 4889 877 4943 enim
905 4890 1198 4953 ordinatio,
1230 4901 1393 4959 atque
1419 4888 1511 4944 Dei
1559 4887 1771 4957 jnstitia
1827 4887 1943 4942 haec

370 4987 473 5040 est,
508 4978 781 5047 utmajori
818 4981 1076 5047 primatus
1101 4981 1272 5035 honor
1299 4980 1367 5034 ab
1405 4981 1656 5034 omnibus
1684 4980 1943 5034 exhibea-

370 5078 477 5125 tur.
511 5068 909 5125 Mandueabant
941 5086 1071 5140 ergo
1099 5082 1154 5125 et
1203 5071 1463 5126 bibebant
1489 5087 1594 5126 non
1645 5070 1938 5134 luxuriose,

371 5175 543 5229 neque
572 5163 900 5231 petulanter,
936 5177 1109 5229 neque
1142 5162 1411 5231 superﬂua
1440 5163 1738 5233 loquentes,
1766 5178 1940 5231 neque

370 5252 557 5307 illicita
621 5253 945 5319 fabulantes,
987 5255 1083 5309 sed
1133 5254 1535 5308 manducabant
1590 5264 1644 5309 et
1684 5256 1940 5311 bibebant

368 5344 652 5401 laudantes
697 5360 854 5400 suum
916 5344 1268 5411 Creatorem,
1321 5346 1721 5403 benefactorem
1773 5364 1928 5403 suum

367 5438 678 5501 adorantes,
709 5445 875 5504 atque
896 5436 1134 5491 alentem
1157 5450 1217 5490 se
1243 5436 1651 5495 benedicentcs.
1692 5438 1784 5494 Sic
1829 5440 1933 5494 ita-

365 5546 471 5599 que
495 5530 894 5584 manducabant
916 5537 973 5583 et
998 5528 1255 5583 bibebant
1294 5528 1387 5584 ﬁlii
1423 5527 1543 5586 Job.
1576 5530 1697 5598 Quo
1726 5540 1933 5603 tempo-

366 5623 463 5677 re?
493 5622 714 5677 Certum
758 5621 1010 5690 estquod
1050 5629 1293 5690 tempore
1341 5624 1575 5691 prandii.
1613 5622 1731 5681 Non
1788 5625 1932 5680 enim

437 5738 481 5771 ³³
511 5737 680 5794 Exod.
712 5739 939 5807 xxnt,7.
1019 5738 1061 5771 ¹⁵
1087 5738 1187 5796 Job
1222 5754 1260 5806 ι,
1299 5741 1384 5795 15.

1480 5743 1522 5776 ¹⁸
1540 5742 1679 5802 ibid.
1757 5743 1957 5802 “ibid.
1995 5742 2082 5800 14.

2048 4524 2160 4575 dati
2190 4530 2309 4575 sunt
2333 4537 2416 4574 ea.
2439 4518 2562 4584 Job,
2586 4519 2668 4574 vel
2706 4519 2850 4575 unde
2883 4520 2979 4575 tibi
3005 4521 3177 4585 vives,
3206 4521 3288 4575 vel
3322 4522 3464 4576 unde
3494 4522 3618 4575 aliis

2045 4613 2308 4669 beneﬁcia
2343 4613 2663 4683 imperties?
2694 4612 2852 4667 Unde
2884 4612 2967 4667 vel
2992 4614 3087 4668 tibi
3111 4613 3305 4677 victus.
3330 4613 3411 4667 vel
3456 4615 3618 4670 mise-

2043 4707 2120 4761 ris
2150 4717 2204 4762 et
2227 4720 2331 4760 non
2355 4704 2675 4759 habentibus
2700 4705 2958 4759 refectio?
2991 4702 3127 4775 Juga
3179 4705 3337 4759 boum
3401 4715 3614 4760 tuorum

2041 4798 2298 4864 arabant,
2324 4812 2444 4867 quae
2478 4812 2579 4851 nec
2606 4798 2698 4852 tibi
2729 4797 2892 4861 ultra,
2917 4813 3018 4852 nec
3052 4798 3177 4853 aliis
3204 4798 3455 4853 arabunt.
3492 4798 3615 4852 Asi-

2041 4905 2125 4944 nae
2154 4898 2258 4942 tute
2290 4887 2598 4959 pascebant,
2629 4904 2749 4957 qua:
2779 4888 2917 4943 ultra
2946 4888 3088 4944 fetus
3110 4906 3214 4945 non
3242 4889 3465 4955 facient,
3495 4905 3614 4959 qua:

2039 4997 2141 5035 nec
2166 4980 2259 5035 tibi
2300 4996 2401 5035 nec
2431 4980 2552 5034 aliis
2581 4981 2897 5049 proderunt.
2921 4979 3124 5047 Quare,
3158 4982 3329 5050 inquit
3349 4979 3467 5037 ’ἔοὺ
3489 4983 3610 5046 hoc,

2038 5076 2133 5137 ait,
2165 5076 2290 5143 quia
2319 5082 2578 5127 venerunt
2624 5076 2904 5143 praedones
2937 5084 2992 5129 et
3052 5075 3275 5144 praedati
3340 5085 3469 5129 sunt
3525 5089 3607 5131 ea.

2037 5168 2135 5234 Qui
2163 5165 2238 5220 ait
2266 5182 2280 5218 :
2308 5165 2537 5219 Tantum
2573 5180 2656 5220 me
2684 5175 2874 5228 terres,
2893 5183 2924 5217 ο
2958 5166 3140 5226 homo.
3169 5166 3323 5235 quasi
3352 5166 3495 5235 jugis
3520 5166 3612 5220 de-

2036 5257 2287 5329 praedatis
2310 5257 2493 5312 vivere
2533 5272 2639 5311 non
2688 5258 2911 5327 possim.
2962 5256 3102 5311 Sunt
3157 5257 3307 5326 pueri
3372 5257 3609 5326 plurimi,

2038 5350 2215 5405 coloni
2244 5349 2718 5414 abundantissimi,
2747 5350 2838 5419 qui
2891 5349 3127 5404 universi
3195 5350 3610 5404 mercimonium

2039 5440 2324 5508 facientes,
2363 5449 2418 5496 et
2446 5454 2531 5496 me
2558 5450 2613 5496 et
2632 5454 2692 5496 se
2725 5451 2970 5511 pascant,
2990 5448 3045 5495 et
3074 5456 3161 5497 me
3190 5450 3243 5497 et
3275 5456 3334 5496 se
3358 5440 3608 5495 tolerent.

2040 5532 2145 5588 Sed
2177 5534 2463 5604 reapondet
2498 5534 2718 5588 nuntius
2746 5535 2835 5603 qni
2865 5541 3102 5599 venerat,
3132 5542 3187 5589 et
3220 5532 3354 5589 dicit
3382 5552 3395 5587 :
3430 5531 3612 5587 Inani-

2040 5634 2123 5681 ter
2155 5627 2249 5681 tibi
2274 5625 2562 5689 blandiris.
2596 5643 2627 5680 ο
2657 5624 2783 5693 Job,
2834 5635 2997 5698 atque
3034 5631 3369 5697 supervacue
3397 5640 3607 5696 speras,

2203 5742 2249 5780 ⁸⁷
2275 5744 2405 5801 ibid.
2438 5743 2521 5810 Η,
2553 5743 2638 5799 l5.
