3884 6218
249 242 351 298 42!
1390 250 1880 310 ANONYMUSIN
1921 252 2064 309 JOB.
2105 286 2175 295 -—
2212 253 2341 309 LIB.
2383 254 2427 310 I.
3405 260 3514 317 422

249 363 402 431 quod
430 363 610 420 coloni
642 366 1027 424 remanserint.
1056 368 1190 425 Nam
1216 370 1270 427 bi
1298 372 1390 443 qui
1420 371 1550 444 juga
1583 375 1745 429 boum
1772 384 1827 429 et
1855 394 1903 449 Α
1931 372 2154 443 praedati
2184 381 2312 428 sunt
2345 387 2375 427 a
2408 370 2608 427 saeculo
2631 380 2686 428 et
2714 372 3095 445 depraedantur
3118 387 3290 445 usque
3320 381 3376 432 in
3406 358 3511 434 sre-

250 455 442 511 asinas
476 456 771 527 depraedati
796 468 945 527 sunt,
978 460 1140 517 iidem
1176 463 1275 534 ipsi
1304 472 1360 519 et
1390 479 1590 534 pueros
1617 467 1831 522 occide-
1931 463 2137 530 culum,
2170 463 2307 519 alios
2336 478 2436 535 per
2465 463 2721 520 adulterii
2779 466 3165 535 appetentiam,
3202 477 3259 522 ut
3307 466 3508 538 Amori,

248 557 403 604 runt.
436 546 1087 616 Quomodoocciderunt?
1125 555 1181 610 In
1224 571 1320 612 ore
1385 556 1571 628 gladii,
1630 557 1827 628 inquit,
1931 555 2067 611 alios
2089 556 2440 627 per'honoris
2505 555 2897 622 ambitionem,
2954 566 3012 611 ut
3058 556 3320 624 Absalon,
3372 560 3513 619 alias

247 655 359 693 non
389 651 768 710 pepercerunt,
794 659 901 699 non
940 647 1148 701 miserti
1173 656 1321 714 sunt,
1339 664 1444 705 non
1470 648 1826 718 reliquerunt;
1930 662 2028 717 per
2049 648 2362 713 avaritiam,
2398 646 2696 703 utJudam.
2750 648 2888 704 Istos
2922 663 3054 720 ergo
3103 651 3329 720 praedati
3383 662 3512 709 sunt

245 733 341 786 sed
376 747 568 788 omnes
604 734 973 804 imparcenter
1008 740 1361 805 occiderunt,
1401 742 1496 796 sed
1548 740 1829 794 immiseri—
1931 740 2252 809 nequissimi
2304 740 2504 795 diaboli
2533 742 2738 806 hostes,
2777 741 2909 796 alias
2937 751 3117 796 autem
3148 740 3283 797 alios
3312 743 3511 812 deprae-

244 823 492 878 corditer
540 824 956 894 interfecerunt,
1002 837 1165 898 atque
1222 830 1464 884 omnium
1505 827 1826 898 sanguinem
1929 830 2043 885 dati
2075 839 2222 897 sunt,
2251 839 2310 885 ut
2338 830 2453 886 Noe
2483 831 2673 896 Cham,
2709 830 3184 899 Abrahtelsmael,
3238 841 3298 888 ut
3355 834 3508 890 Isaac

242 915 541 970 crudeliter
564 915 838 972 fuderunt.
879 918 1008 974 Mihi
1041 920 1166 985 soli,
1197 922 1393 991 inquit,
1445 925 1824 990 pepercerunt,
1928 922 2096 986 Esau,
2122 933 2179 977 ut
2212 922 2375 978 Israel
2426 922 2645 979 Simeon
2684 922 2813 980 Levi
2859 933 2915 979 et
2940 924 3150 990 Ruben,
3184 934 3239 979 ut
3294 927 3377 982 Eli
3427 943 3510 983 sa-

240 1022 331 1063 me
362 1005 535 1062 solum
566 1008 912 1069 remiserunt.
944 1012 1007 1066 Et
1056 1026 1177 1067 cum
1225 1011 1376 1066 solus
1420 1011 1823 1077 remansissem,
1928 1015 2136 1070 cerdoti
2166 1014 2342 1085 Ophni
2367 1024 2423 1071 et
2452 1016 2682 1072 Phinees
2706 1016 2846 1071 ﬁlios
2869 1016 3007 1085 ejus,
3042 1026 3105 1071 ut
3148 1017 3314 1072 David
3344 1035 3501 1090 supe-

239 1102 368 1156 veni
396 1106 456 1153 ut
485 1100 791 1159 nntiarem
826 1103 944 1159 tibi.
966 1104 1127 1171 Quid,
1154 1104 1354 1173 inquit,
1423 1104 1549 1158 mihi
1581 1103 1822 1167 nuntias,
1928 1105 2042 1161 rius
2069 1117 2404 1163 memoratos
2432 1106 2596 1174 ﬁlios,
2639 1116 2808 1178 atque
2857 1109 2981 1164 aliis
3019 1108 3157 1165 alios
3191 1111 3398 1181 primos
3441 1127 3505 1168 ac

179 1253 215 1275 ἓ.
239 1206 275 1246 o
296 1192 500 1250 homo?
528 1194 643 1251 Hoc
678 1195 812 1250 mihi
838 1197 1057 1251 nuntias
1087 1198 1232 1266 quod
1283 1196 1568 1266 praedones
1598 1194 1823 1264 praedati
1927 1197 2273 1256 novissimos.
2290 1199 2419 1266 Quae
2442 1200 2693 1256 universa
2707 1201 2943 1257 scientes
2968 1217 3068 1258 nos
3090 1213 3254 1273 atque
3276 1204 3501 1258 audien-a

240 1296 398 1352 sunt,
426 1296 481 1342 et
509 1302 632 1342 cum
654 1286 883 1358 praedati
924 1286 1175 1352 fuissent,
1201 1287 1386 1357 pueris
1408 1302 1515 1342 non
1567 1302 1824 1357 peperce-
1929 1298 2008 1345 tes
2040 1290 2388 1347 intendamus
2422 1302 2584 1348 caute
2603 1293 2890 1349 animabus
2918 1296 3143 1360 nostris,
3172 1310 3237 1350 ne
3254 1286 3504 1366 praeden-

237 1390 392 1446 runt,
426 1379 519 1435 sed
538 1388 590 1434 et
612 1379 759 1449 ipsos
793 1378 848 1433 in
888 1393 983 1433 ore
1006 1377 1170 1448 gladii
1197 1379 1537 1444 occiderunt,
1566 1379 1823 1449 reliquias
1927 1390 2015 1437 tur
2039 1398 2153 1447 nos,
2181 1392 2343 1453 atque
2374 1384 2700 1453 populentur
2750 1387 3032 1455 prmdones
3085 1388 3379 1454 daemones,
3430 1405 3501 1446 ne

235 1472 375 1527 mihi
411 1486 517 1526 non
561 1472 931 1537 dimittentes,
974 1486 1150 1541 neque
1194 1470 1387 1526 solatia
1428 1471 1818 1541 relinquentes.
1925 1475 2136 1530 dicatur
2158 1476 2222 1531 de
2246 1474 2440 1532 nobis:
2473 1475 2735 1531 Venerunt
2760 1479 3035 1546 prwdones
3052 1488 3100 1534 et
3128 1481 3354 1549 prazdati
3377 1492 3497 1537 sunt

234 1560 387 1629 Haec,
418 1563 612 1633 inquit,
632 1563 766 1618 mihi
793 1566 1029 1629 nuntias,
1067 1564 1254 1618 nuntia
1280 1574 1330 1619 et
1351 1563 1658 1634 praedones,
1685 1580 1818 1617 nuu-
1923 1580 2030 1630 eos,
2062 1579 2128 1619 ne
2197 1566 2588 1637 compellamur
2647 1567 2804 1623 ﬂetus
2864 1578 3029 1639 atque
3092 1570 3497 1628 lamentationis

232 1656 313 1711 tia
347 1664 401 1711 et
422 1656 827 1722 interfectores,
853 1664 912 1711 ut
956 1657 1001 1713 si
1037 1670 1281 1726 possum,
1312 1656 1510 1726 inquit,
1548 1656 1817 1711 vindicem
1923 1656 2190 1711 canticum
2211 1667 2496 1713 cantantes
2519 1659 2701 1713 dicere
2738 1657 2950 1728 :Sttper
2965 1661 3188 1729 ﬂumina
3209 1661 3496 1733 Babylonis

234 1763 325 1803 me
357 1766 371 1802 :
403 1749 548 1818 quod
581 1747 627 1804 si
666 1763 773 1804 non
823 1748 977 1804 valeo
1024 1748 1306 1803 vindicare
1340 1749 1406 1803 de
1439 1748 1523 1802 his
1576 1750 1667 1817 qui
1714 1748 1817 1803 hoc
1850 1735 1890 1787 Β
1919 1748 2027 1801 illic
2054 1749 2282 1803 sedimus
2320 1761 2371 1804 et
2413 1752 2738 1820 ﬂeuimus”.
2796 1752 2877 1808 0b
2926 1768 3091 1822 quam
3141 1760 3300 1810 rem?
3356 1757 3495 1822 Quia

231 1842 503 1910 fecerunt,
538 1856 632 1898 eos
658 1856 990 1907 enumerem,
1026 1842 1136 1896 Deo
1159 1850 1340 1897 autem
1367 1842 1418 1896 id
1442 1842 1584 1911 quod
1612 1842 1813 1896 factum
1917 1842 2027 1896 illic
2061 1844 2516 1913 interrogaverunt
2551 1862 2666 1912 nos,
2697 1846 2787 1915 qui
2807 1848 3037 1915 captivos
3085 1848 3348 1902 duxerunt
3399 1865 3494 1905 nos

230 1943 342 1998 est,
367 1942 427 1988 ut
452 1932 599 2000 iuste
634 1935 872 2006 inquirat
902 1935 1307 1989 commendem.
1335 1934 1406 1988 At
1439 1942 1585 1998 tunc,
1617 1934 1812 2003 inquit,
1915 1934 2067 1987 verba
2101 1938 2402 1989 cantionum
2424 1938 2492 1993 ἰ.
2555 1937 2661 1992 Sed
2703 1954 2826 1992 eum
2884 1940 2997 1993 haec
3053 1941 3234 1994 omnia
3282 1942 3495 1998 audiret

226 2041 263 2081 o
288 2027 473 2092 homo,
504 2041 624 2081 cum
656 2037 715 2081 tu
750 2025 897 2082 solus
920 2026 1186 2092 evaseris,
1214 2026 1283 2081 ad
1325 2025 1621 2079 maximum
1679 2025 1813 2080 mihi
1914 2024 2038 2091 Job,
2069 2028 2205 2081 tanti
2239 2029 2435 2098 peculii
2476 2030 2954 2099 depraedationem,
3010 2040 3174 2101 alque
3224 2032 3493 2087 venientis

229 2118 547 2173 incendium
579 2118 827 2185 evasisti,
854 2134 951 2189 pro
982 2127 1276 2187 augmento
1315 2117 1518 2174 doloris
1552 2117 1683 2172 mihi
1718 2116 1815 2172 ad-
1914 2127 1968 2172 et
1997 2121 2268 2174 narrantis
2294 2120 2757 2187 lamentationem,
2793 2137 2894 2178 nec
2948 2123 3241 2192 quidquam
3270 2124 3372 2179 hac
3434 2139 3493 2178 re

227 2209 451 2265 venisti.
490 2210 955 2280 Depraedationem
991 2211 1123 2266 mihi
1155 2210 1396 2274 nuntias,
1434 2219 1490 2264 et
1532 2211 1814 2279 praedones
1914 2223 2034 2280 qua:
2060 2211 2284 2265 obvenit
2311 2211 2529 2281 dignum
2560 2210 2708 2277 fecit,
2731 2212 2824 2267 sed
2852 2214 3055 2281 pariter
3074 2214 3216 2267 hunc
3246 2214 3489 2269 auditum

225 2317 339 2356 non
373 2302 640 2372 publicas.
676 2304 753 2357 De
787 2304 1040 2374 proximo
1071 2312 1222 2368 sunt,
1271 2318 1339 2357 an
1371 2303 1436 2358 de
1469 2301 1814 2372 longinquo?
1911 2304 2208 2365 sustinens,
2234 2302 2429 2357 blande
2460 2302 2738 2357 enarranti
2779 2301 2880 2357 sibi
2933 2304 3213 2372 respondit
3251 2305 3439 2360 dicens
3471 2322 3487 2361 :

225 2393 425 2449 Hostes
468 2404 594 2449 sunt
619 2393 817 2463 publici
862 2410 933 2450 an
997 2395 1150 2451 fures
1193 2396 1390 2451 occulti
1418 2395 1442 2449 ἲ
1476 2393 1582 2449 Sed
1634 2394 1679 2448 is
1716 2393 1811 2463 qui
1908 2393 2052 2461 Quid
2084 2393 2278 2463 ejulas,
2306 2408 2338 2447 o
2366 2394 2488 2446 vir?
2514 2393 2642 2462 quid
2673 2392 3022 2459 lamentaris,
3056 2411 3088 2449 ο
3118 2394 3327 2448 homo?
3398 2396 3491 2451 Di-

222 2486 425 2551 evasit,
456 2502 565 2542 non
593 2486 713 2542 ideo
752 2495 811 2540 ut
839 2487 887 2542 ei
914 2496 1233 2557 parceretur
1263 2487 1567 2551 evasit,sed
1592 2495 1813 2555 propter
1912 2486 2165 2539 vitiarum
2199 2486 2531 2555 possibilitas
2580 2487 2655 2540 ita
2715 2500 2931 2555 semper
2978 2496 3061 2540 est
3104 2486 3393 2552 vertibilis,
3429 2495 3492 2544 ut

223 2587 578 2649 augmentum
618 2580 936 2635 tentationis
962 2578 1066 2635 Job
1105 2580 1351 2635 advenit.
1392 2577 1494 2634 Hic
1518 2593 1647 2650 ergo
1673 2578 1811 2632 nihil
1912 2576 2071 2631 hodie
2099 2578 2171 2631 sit
2198 2578 2309 2643 hic,
2355 2578 2593 2632 crastina
2641 2592 2771 2633 vero
2835 2576 2986 2631 alibi.
3047 2576 3116 2630 Et
3161 2578 3490 2648 prasertim,

224 2672 494 2727 adversus
523 2686 584 2727 ea
619 2686 741 2741 quae
762 2671 904 2727 dicta
937 2679 1064 2727 sunt
1095 2672 1403 2740 respondit,
1447 2672 1541 2725 sed
1599 2678 1809 2724 tantum
1912 2667 2104 2738 inquit,
2137 2669 2261 2738 quia
2290 2669 2494 2724 inimici
2541 2670 2765 2739 przedati
2818 2678 2963 2736 sunt,
3010 2670 3138 2740 quia
3188 2672 3489 2729 adversarii

224 2764 512 2832 praedones
543 2763 903 2819 nominavit:
967 2777 1069 2818 nos
1122 2762 1428 2832 intelligere
1485 2762 1807 2829 admonens,
1910 2761 2275 2827 abstulerunt,
2299 2762 2425 2832 quia
2477 2759 2659 2829 injusti
2697 2761 3059 2831 diripuerunt.
3103 2764 3235 2834 Ego,
3290 2765 3487 2835 inquit,

222 2866 391 2925 atque
443 2857 599 2913 nobis
659 2855 1072 2925 intelligendum
1126 2855 1467 2925 relinquens,
1523 2871 1673 2924 quos.
1723 2855 1807 2910 vel
1910 2862 1970 2907 ut
1998 2854 2246 2909 inimicos
2275 2856 2616 2923 acquirerem
2649 2870 2754 2908 non
2788 2854 2968 2925 gessi,
3022 2870 3197 2924 neque
3240 2856 3489 2912 inimicos

218 2948 415 3017 quales
440 2948 722 3018 praedones
756 2947 1128 3004 nominaverit
1163 2966 1178 3002 :
1213 2948 1336 3003 illos
1363 2948 1483 3003 sine
1509 2947 1674 3001 dubio
1714 2946 1807 3015 qui
1908 2958 1995 3000 me
2028 2946 2211 3015 putavi
2236 2945 2458 2999 habere.
2481 2946 2546 2999 Et
2569 2946 2693 3014 quia
2727 2960 2837 2999 non
2880 2947 3124 3014 peccanti
3154 2946 3489 3001 mihiinimi-

219 3039 291 3092 de
318 3039 459 3094 ctelo
484 3051 706 3111 propter
730 3041 1066 3110 apostasiam
1097 3040 1149 3095 in
1180 3041 1419 3111 praedam
1451 3048 1806 3101 venerunt,et
1835 3096 1875 3111 Α
1906 3036 1955 3092 ei
2008 3037 2229 3105 quidem
2266 3035 2443 3092 effecti
2488 3038 2602 3091 haec
2654 3036 2997 3107 ingesserunt
3024 3074 3040 3100 ,
3095 3046 3150 3090 ut
3194 3045 3249 3090 et
3291 3052 3490 3106 pueros

217 3144 290 3185 ex
329 3141 643 3187 sanctorum
679 3133 864 3188 choris
892 3140 1114 3202 propter
1141 3133 1543 3187 contumaciam
1576 3131 1800 3201 projecti
1830 3096 1876 3157 δ
1907 3128 2244 3192 occiderent,
2274 3137 2327 3182 et
2352 3128 2621 3196 peculium
2654 3128 2986 3196 abriperent,
3016 3127 3133 3180 sine
3158 3127 3279 3182 illos
3311 3129 3491 3197 possi-

219 3231 369 3276 sunt.
396 3221 473 3276 Illi
513 3223 791 3288 nimirum,
812 3225 905 3293 qui
937 3222 1039 3279 sub
1073 3222 1217 3278 coelo
1245 3238 1465 3279 omnem
1519 3222 1805 3292 captivita-
1907 3219 2037 3287 dere
2065 3220 2180 3273 hzec
2211 3235 2332 3273 cum
2359 3221 2660 3290 iniquitate,
2692 3220 2849 3275 nobis
2879 3236 3009 3275 vero
3032 3221 3182 3275 dabit
3214 3221 3355 3275 Deus
3380 3220 3485 3275 alia

221 3324 332 3369 lem
352 3315 707 3370 ostenderunt
754 3325 861 3370 tam
890 3314 1190 3370 carnalium
1250 3329 1413 3385 quam
1456 3314 1802 3382 spiritalium,
1906 3310 2024 3368 sine
2068 3320 2318 3382 peccato.
2361 3310 2468 3366 Sed
2515 3327 2636 3367 cum
2690 3312 2805 3366 haec
2853 3313 3064 3367 audiret
3122 3312 3491 3383 nequissimus

215 3405 313 3474 qui
341 3406 564 3475 przedati
593 3416 718 3462 sunt
749 3408 1037 3463 universos
1064 3408 1156 3478 qui
1198 3418 1331 3462 sunt
1378 3416 1541 3477 super
1575 3415 1800 3471 terram,
1906 3402 2151 3458 diabolus
2177 3418 2208 3458 a
2238 3405 2396 3459 beato
2413 3403 2541 3469 Job,
2572 3414 2625 3459 et
2658 3419 2753 3458 ore
2795 3405 2960 3471 dicta,
2993 3414 3049 3460 et
3089 3404 3276 3458 animo
3318 3404 3491 3460 medi-

215 3497 508 3553 manifeste
526 3508 582 3554 et
600 3501 833 3555 occulte.
863 3500 937 3554 De
988 3515 1219 3570 quorum
1270 3500 1583 3569 captivitate
1614 3499 1802 3554 dicunt
1907 3502 2038 3560 tata,
2076 3494 2400 3563 liquefactus
2430 3496 2571 3549 intra
2602 3498 2973 3566 semetipsum,
3028 3497 3365 3566 insipienter,
3403 3498 3491 3553 in-

214 3589 395 3644 sancti
427 3608 443 3647 :
475 3590 826 3656 Benedixisti,
856 3592 1099 3659 Domine,
1127 3602 1321 3646 terram
1367 3600 1535 3657 tuam,
1564 3589 1802 3646 avertisti
1902 3588 2040 3658 quit,
2066 3586 2166 3641 feci
2197 3600 2257 3644 ut
2304 3589 2585 3659 praedones
2633 3589 2994 3653 nominarem,
3044 3588 3247 3643 abstuli
3296 3604 3328 3643 a
3374 3588 3489 3648 Deo

213 3682 572 3750 captivitatem
597 3681 767 3737 Jacob
791 3684 855 3737 ³³.
880 3682 949 3737 Ει
978 3683 1106 3739 alibi
1138 3700 1151 3736 :
1178 3683 1316 3738 Cum
1343 3685 1655 3738 converterit
1691 3683 1804 3741 Do-
1903 3681 2043 3736 hanc
2064 3681 2421 3751 culpam.Non
2444 3681 2588 3736 enim
2618 3681 2845 3751 imputat
2863 3681 2968 3734 Deo
2994 3678 3096 3736 Job
3113 3681 3254 3751 quod
3271 3692 3489 3752 gestum

213 3776 390 3828 minus
419 3776 771 3845 captivitatem
822 3777 985 3845 plebis
1016 3792 1150 3843 suae,
1199 3776 1484 3831 exsultabit
1525 3776 1693 3832 Iacob
1751 3788 1800 3834 et
1901 3783 2007 3839 est,
2043 3775 2137 3829 sed
2174 3775 2482 3845 iniquorum
2519 3773 2760 3829 virorum
2802 3773 3075 3841 nequitiae.
3108 3774 3244 3844 Ego,
3282 3774 3484 3845 inquit,

213 3867 485 3920 (relabitur
513 3866 688 3922 Israel
718 3869 782 3923 η.
818 3867 909 3924 Isti
943 3871 1153 3925 scilicet
1183 3869 1488 3939 praedones,
1537 3870 1628 3925 isti
1682 3887 1798 3928 me—
1901 3867 2165 3936 meipsum
2193 3865 2551 3929 circumveni,
2583 3880 2684 3935 ego
2708 3866 2841 3921 mihi
2872 3866 2975 3935 ipsi
3012 3869 3290 3922 contraria
3313 3867 3482 3938 gessi.

213 3969 521 4013 morantur.
560 3959 851 4028 Venerunt,
879 3962 1076 4033 inquit,
1110 3963 1405 4030 prazdones.
1451 3961 1605 4018 Unde
1641 3978 1802 4020 vene-
1899 3957 2105 4014 ldCiI‘CO
2133 3958 2476 4013 COHSidel'aVi
2516 3957 2646 4026 (Ιυίά
2692 3956 2912 4023 “Ciam,
2973 3968 3286 4012 convenam
3341 3971 3488 4014 nunc

211 4051 387 4105 runt?
418 4052 572 4107 Esse
605 4053 758 4123 ipsis,
799 4068 864 4106 an
922 4068 984 4108 ex
1039 4051 1334 4116 Chaldzeis,
1388 4069 1459 4108 an
1506 4054 1672 4109 etiam
1731 4070 1799 4111 ex
1898 4062 2206 4106 sermonem
2237 4051 2305 4105 ad
2333 4049 2598 4115 caelestia,
2627 4060 2941 4105 convertam
2984 4049 3096 4104 haec
3122 4049 3174 4104 in
3220 4050 3311 4105 Dei
3343 4050 3487 4105 blas-

212 4142 532 4216 Εεῖριίὶετ
558 4144 665 4201 561‘
703 4160 768 4200 ex
805 4146 965 4201 "Ullis
998 4147 1230 4204 istorum
1283 4156 1575 4211 venerunt,
1607 4148 1701 4204 sed
1728 4150 1797 4204 ex
1898 4143 2192 4213 phemiam.
2254 4140 2379 4197 Haec
2420 4157 2543 4197 cum
2573 4142 2937 4212 nequissimus
2965 4145 3188 4210 cogitat.
3221 4143 3485 4198 continuo

210 4237 427 4309 abyssis
457 4246 756 4302 venerunt,
790 4252 856 4292 ex
882 4239 1233 4296 interioribus
1266 4240 1602 4296 infernorum
1636 4255 1799 4297 vene—
1898 4236 2063 4290 alium
2094 4235 2345 4290 nuntium
2387 4236 2557 4290 mittit
2580 4236 2645 4288 ad
2679 4234 2822 4289 Job:
2858 4233 2964 4300 Qui
3014 4251 3134 4287 cum
3178 4235 3483 4304 ingredere-

210 4339 367 4395 runt,
390 4331 534 4387 sicut
578 4330 738 4401 paulo
775 4340 895 4401 post
945 4332 1409 4390 demonstrabitur
1460 4335 1513 4390 in
1558 4333 1796 4390 ﬁliorum
1896 4337 2004 4394 tur,
2034 4327 2171 4383 dixit
2195 4328 2243 4381 ei
2264 4342 2285 4382 :
2309 4324 2457 4397 Ignis
2483 4328 2668 4381 cecidit
2698 4327 2761 4381 de
2787 4326 2933 4389 caelo,
2957 4335 3005 4379 et
3027 4326 3309 4380 combussit
3340 4342 3479 4391 oves,

209 4424 610 4479 internecione.
636 4422 767 4478 Inde
792 4438 919 4495 ergo
942 4434 1216 4480 venerunt
1240 4425 1331 4480 isti
1363 4428 1676 4497 praedones,
1710 4428 1793 4481 di-
1827 4450 1872 4509 ο
1898 4428 1948 4474 et
1970 4435 2159 4487 pueros
2191 4419 2478 4473 combussit
2511 4418 2786 4480 similiter,
2816 4428 2865 4471 et
2894 4420 3036 4472 evasi
3078 4434 3173 4487 ego
3212 4417 3357 4472 solus
3381 4456 3397 4483 ,
3427 4428 3479 4473 et

212 4514 368 4570 missi
402 4516 470 4569 ad
518 4516 873 4571 tentationem
924 4526 1086 4586 atque
1141 4519 1207 4572 ad
1255 4519 1628 4588 probationem
1660 4519 1791 4587 justi
1838 4508 1845 4509 ⁷
1899 4513 2015 4567 veni
2044 4521 2099 4565 ut
2127 4510 2223 4565 tibi
2243 4512 2540 4565 nuntiarem
2566 4511 2633 4564 ²².
2665 4508 2781 4564 Νοη
2798 4518 2904 4573 est,
2940 4508 3212 4578 inquit,ut
3243 4519 3297 4563 tu
3326 4511 3478 4566 arbi-

208 4606 379 4660 illius.
414 4605 489 4660 De
514 4606 632 4660 istis
684 4620 814 4675 ergo
871 4606 1005 4661 dicit
1042 4624 1055 4661 :
1110 4605 1369 4660 Venerunt
1425 4608 1699 4672 prcedones
1742 4616 1792 4661 et
1901 4604 2082 4671 traris,
2108 4619 2141 4658 ο
2168 4602 2290 4669 Job,
2322 4602 2466 4672 quod
2497 4617 2565 4657 ex
2619 4602 2928 4657 hominibus
2956 4602 3065 4656 sint
3102 4601 3199 4655 tibi
3235 4600 3320 4655 hte
3344 4602 3478 4657 insi-

209 4696 437 4767 prwdati
459 4705 581 4750 sunt
606 4712 713 4751 eos.
760 4696 852 4750 Isti
892 4710 1129 4766 namque
1188 4706 1315 4750 sunt
1347 4697 1441 4765 qui
1502 4711 1531 4749 a
1589 4696 1791 4753 szeculo
1897 4695 2021 4758 dize,
2047 4706 2209 4764 atque
2227 4694 2313 4749 hic
2342 4696 2595 4749 incursus
2625 4709 2638 4747 :
2670 4709 2776 4749 non
2801 4703 2976 4748 estex
3010 4692 3319 4749 hominibus
3339 4734 3355 4760 ,
3381 4696 3477 4751 sed

210 4788 507 4858 depraedati
536 4798 665 4844 sunt
690 4788 974 4858 plurimos,
994 4796 1048 4843 et
1072 4786 1306 4858 plurima
1332 4789 1385 4842 in
1419 4789 1791 4858 captivitatem
1889 4801 1955 4842 ex
1985 4787 2115 4854 Deo,
2158 4787 2225 4841 de
2256 4785 2407 4841 ctelis
2433 4794 2535 4842 est.
2556 4785 2706 4856 Ignis
2733 4785 2930 4840 cecidit
2965 4788 3031 4840 de
3056 4785 3217 4853 coelo,
3245 4797 3298 4841 et
3324 4802 3477 4843 com-

208 4882 505 4935 duxerunt.
556 4879 652 4935 Isti
684 4878 979 4949 depraedati
1012 4889 1141 4935 sunt
1192 4880 1328 4936 Cain
1388 4895 1484 4951 per
1536 4881 1795 4937 sacriﬁcii
1889 4880 2236 4935 bussitoves.
2268 4878 2410 4945 Noli,
2462 4879 2658 4947 inquit,
2716 4879 3056 4949 temetipsum
3108 4879 3392 4947 seducere,
3442 4894 3478 4936 o

208 4971 635 5035 :emulationem,
658 4971 901 5041 gigantes
930 4986 1026 5041 per
1048 4971 1383 5041 superbiam,
1415 4972 1537 5028 illos
1578 4974 1646 5027 ad
1684 4982 1797 5027 tur-
1890 4970 2014 5037 Job,
2052 4970 2162 5026 noli
2193 4970 2428 5040 teipsum
2448 4970 2869 5035 circumvenire,
2915 4985 3020 5026 non
3053 4985 3121 5025 ex
3165 4970 3478 5027 hominibus

214 5081 327 5119 rem
352 5080 451 5134 per
480 5062 573 5118 Dei
602 5064 1001 5119 contumaciam
1032 5081 1044 5116 :
1098 5063 1217 5119 illos
1276 5064 1331 5118 in
1394 5064 1649 5121 Sodomis
1698 5080 1795 5134 per
1895 5074 1979 5119 est
2000 5063 2420 5129 eircumventio,
2448 5064 2539 5118 sed
2567 5079 2634 5117 ex
2667 5063 2775 5117 Deo
2804 5073 2887 5116 est
2914 5063 3016 5117 ista
3065 5064 3474 5119 exterminatio.

207 5157 563 5226 turpitudinis
626 5155 951 5226 lasciviam};
1000 5156 1139 5211 Esau
1193 5172 1290 5228 per
1331 5158 1791 5212 insatiabilitatem
1898 5154 2013 5212 Non
2050 5170 2116 5210 ex
2152 5156 2383 5211 terrenis
2412 5156 2506 5210 tibi
2543 5165 2628 5210 est
2680 5155 2768 5209 hic
2804 5156 3092 5221 incursus,
3119 5157 3213 5210 sed
3235 5156 3301 5211 de
3321 5156 3476 5211 ctelis

208 5257 376 5319 atque
395 5249 778 5320 petulantiam;
805 5248 1141 5304 Pharaonem
1176 5264 1270 5318 per
1294 5250 1385 5306 Dei
1419 5259 1798 5320 contemptum
1895 5260 1977 5304 est
2005 5249 2099 5304 tibi
2137 5248 2241 5304 iste
2262 5249 2532 5304 interitus.
2581 5245 2735 5315 Quod
2775 5249 2820 5302 si
2864 5262 2971 5303 non
3017 5247 3232 5312 credis,
3297 5248 3423 5304 audi
3456 5262 3474 5301 :

208 5355 379 5411 atque
404 5343 796 5413 pertinaciam;
821 5341 943 5397 illos
968 5341 1021 5396 in
1052 5342 1270 5397 deserto
1288 5357 1383 5411 per
1404 5341 1791 5407 idololatriam,
1893 5340 2044 5410 Ignis
2069 5341 2254 5395 cecidit
2283 5340 2347 5395 de
2377 5339 2504 5394 caelo
2527 5379 2542 5404 ,
2573 5349 2623 5393 et
2671 5339 2955 5394 combussit
2990 5354 3129 5404 oves,
3179 5350 3228 5393 et
3283 5355 3475 5409 pueros

209 5437 458 5505 aliosque
491 5436 804 5490 innumeros
845 5450 939 5504 per
955 5435 1146 5489 eadem
1185 5435 1476 5503 depra-dati
1537 5443 1684 5497 sunt,
1737 5442 1792 5488 et
1894 5431 2158 5486 similiter.
2183 5430 2316 5486 Nam
2345 5447 2467 5486 cum
2496 5446 2626 5487 oves
2652 5431 3020 5496 combureret,
3044 5447 3337 5501 puerorum
3368 5448 3473 5484 non

209 5529 297 5583 his
335 5528 553 5593 similia,
581 5537 744 5597 atque
780 5542 876 5597 per
900 5526 1034 5582 alias
1094 5527 1411 5581 innumeras
1445 5528 1688 5581 rationes
1732 5536 1788 5582 et
1894 5534 1977 5581 est
2012 5526 2287 5580 misertus.
2320 5522 2436 5581 Non
2461 5526 2703 5595 pepercit
2728 5524 3067 5596 pastoribus,
3103 5524 3199 5580 sed
3216 5523 3474 5579 similiter

280 5694 321 5722 ³⁸
349 5690 490 5745 Psal.
520 5706 738 5760 Lxxxlv,
765 5691 821 5745 Ξ.
900 5692 942 5723 ¹⁹
972 5690 1114 5748 Ρδτιι.
1148 5707 1242 5759 Ln,
1277 5691 1328 5751 7.
1405 5692 1450 5724 ²⁰
1475 5690 1614 5747 Psal.
1646 5706 1814 5747 cxxxv

1212 5708 1242 5759 ι,
1277 5691 1328 5751 7.
1405 5692 1450 5724 ²⁰
1475 5690 1614 5747 Psal.
1646 5706 1867 5759 cum,
1898 5691 1950 5748 1.
2023 5693 2064 5723 ¹¹
2092 5692 2223 5747 ibid.
2257 5692 2311 5750 5.
2390 5692 2433 5724 ¹¹
2466 5691 2564 5747 Job
2594 5707 2633 5757 I,
2662 5690 2746 5748 16.
