3884 6218
448 252 558 313 tas
1575 251 1957 311 ANONYMUS
1998 250 2063 308 IN
2100 250 2240 308 JOB.
2280 281 2351 294 —
2381 250 2516 307 LIB.
2558 251 2599 306 1.
3610 259 3715 315 ιω

449 377 652 433 etillos
669 376 970 435 combussit
995 388 1162 449 atque
1192 376 1450 450 perdidit,
1491 379 1587 435 sed
1618 379 1827 449 pariter
1842 387 2034 435 cuncta
2065 381 2105 441 Α
2136 376 2433 445 quissimus
2491 375 2602 440 ille,
2641 376 2779 446 ignis
2827 376 2891 429 de
2940 376 3068 430 εωιο
3091 376 3300 441 cecidit,
3345 378 3623 449 propriam
3659 382 3714 437 in

448 471 674 538 delevit,
708 480 770 526 ut
803 486 900 541 per
930 472 1045 528 haec
1071 472 1254 527 omnia
1290 473 1389 527 tibi
1439 471 1824 528 detrimentum
1869 481 2034 541 atque
2138 470 2321 538 ignem
2368 468 2633 541 gehennae
2678 483 2775 537 per
2828 468 2945 523 haec
2982 468 3277 524 ostendens
3325 470 3560 527 ruinam.
3604 471 3714 529 Sed

446 564 694 620 dolorem
723 564 1031 633 ingereret,
1064 572 1121 618 ut
1148 579 1245 634 per
1277 565 1392 618 haec
1419 563 1672 619 universa
1711 562 1806 618 tibi
1858 563 2031 618 tribu-
2135 559 2315 614 adhuc
2345 558 2611 614 adversus
2648 558 2849 613 diaboli
2896 559 3207 629 superbiam
3241 574 3410 629 pauca
3443 562 3710 623 dicamus.

448 656 707 711 lationem
741 666 904 724 atque
939 658 1248 727 angustiam
1290 655 1554 724 adjiceret
1592 674 1605 711 :
1637 654 1787 727 Ignis
1841 656 2029 709 cecidit
2135 648 2490 719 Superbiens,
2532 663 2566 705 ο
2624 649 2863 717 diabole,
2904 650 3042 706 dicis
3086 651 3229 721 quod
3278 651 3418 723 ignis
3469 653 3534 709 de
3572 656 3714 711 etnlo

445 746 512 796 de
534 741 685 807 cmlo,
722 757 830 797 non
852 758 917 797 ex
945 757 1027 810 se,
1057 758 1231 814 neque
1277 759 1306 798 a
1354 760 1433 810 se,
1460 761 1640 814 neque
1678 761 1773 816 per
1802 760 1880 811 se,
1938 745 2031 800 se]
2133 741 2417 810 ceciderit,
2449 752 2503 796 et
2531 756 2662 797 oves
2684 743 3066 811 combusserit,
3096 752 3282 811 utpote
3313 755 3403 798 tua
3433 746 3713 804 voluntate

443 835 655 888 etelesti
689 833 934 903 jussione
977 845 1141 906 atque
1189 836 1449 892 terribilis
1485 838 1577 892 Dei
1634 837 2028 907 praeceptione:
2133 846 2297 904 atque
2330 836 2666 904 operatione.
2691 836 2790 891 Dic
2811 850 2963 907 ergo,
2996 852 3029 893 ο
3064 835 3273 905 infelix,
3316 839 3362 894 si
3393 854 3557 909 super
3573 856 3707 898 oves

447 924 597 998 Ignis
624 926 810 979 cecidit
835 930 899 982 de
929 927 1077 981 caelo.
1110 927 1575 996 Quemadmodum
1608 928 1738 983 olim
1767 927 1820 983 in
1852 926 2029 984 Sodo-
2130 928 2232 984 Job
2265 928 2489 997 potuisti
2518 931 2585 985 de
2614 928 2754 984 coelo
2787 928 2963 999 ignem
3012 930 3303 996 adducere,
3344 940 3398 985 et
3429 946 3523 988 eas
3561 949 3711 988 com-

446 1033 588 1072 mam
623 1027 677 1071 et
700 1018 1087 1084 Gomorrhatn,
1119 1029 1285 1087 atque
1316 1033 1480 1089 super
1508 1033 1726 1074 omnem
1751 1018 2027 1089 regionem
2129 1022 2353 1076 burere.
2394 1020 2530 1076 Cum
2590 1020 2735 1076 Elias
2789 1018 2957 1075 Deum
2987 1020 3288 1087 invocaret,
3320 1032 3375 1079 et
3409 1038 3507 1092 per
3532 1026 3712 1081 since-

445 1110 597 1165 illam
628 1112 698 1176 ",
726 1112 797 1165 ita
822 1120 878 1165 et
898 1113 1053 1181 inane
1084 1113 1151 1166 ab
1201 1111 1293 1167 illo
1317 1111 1409 1180 qui
1451 1118 1577 1165 tunc
1623 1111 1676 1164 in
1735 1110 2028 1165 Sodomam
2132 1126 2246 1165 ram
2274 1112 2574 1166 orationem
2622 1110 2801 1180 ignem
2839 1126 3004 1181 super
3057 1112 3435 1167 holocaustum
3473 1116 3538 1169 de
3569 1117 3712 1171 ctelo

443 1212 500 1257 et
522 1202 883 1257 Gomorrliam
928 1204 1107 1273 ignem
1134 1203 1188 1256 in
1215 1202 1575 1272 perditionem
1601 1201 1778 1272 pluit,
1814 1200 1884 1255 ab
1927 1199 2029 1255 hoc
2130 1203 2447 1267 adduceret,
2479 1212 2557 1270 tu,
2588 1217 2622 1258 ο
2647 1203 2956 1257 miserrime
3006 1204 3250 1257 omnium
3290 1203 3556 1259 bonorum
3604 1208 3713 1261 ini-

443 1296 582 1364 ipso,
605 1295 846 1364 inquam,
873 1295 1037 1350 etiam
1074 1296 1214 1366 ignis
1237 1294 1435 1350 eecidlt
1471 1294 1542 1349 de
1568 1293 1733 1359 coelo,
1776 1301 1832 1349 et
1873 1307 2029 1348 com-
2130 1296 2292 1363 mice,
2319 1295 2591 1366 quomodo
2626 1309 2732 1349 non
2766 1295 2995 1364 potuisti
3030 1309 3401 1366 compescere,
3434 1299 3518 1352 vel
3550 1316 3713 1355 revo-

444 1386 619 1441 bussit
644 1399 774 1440 oves
801 1396 856 1440 et
889 1401 1086 1455 pueros
1141 1394 1197 1440 et
1236 1395 1506 1455 pastores,
1555 1385 1740 1440 omnia
1790 1384 2030 1439 incendit
2128 1401 2255 1443 care
2281 1386 2429 1440 illum
2464 1386 2667 1457 ignem,
2705 1384 2792 1439 vel
2825 1383 2976 1440 illum
3006 1399 3164 1454 quem
3198 1386 3339 1443 idem
3372 1388 3516 1444 Elias
3546 1405 3715 1460 super

440 1488 605 1548 atque
636 1478 849 1547 pariter
874 1477 1093 1533 delevit.
1117 1476 1274 1532 Sicut
1303 1478 1450 1532 enim
1478 1475 1881 1533 Sodomitarum
1910 1475 2029 1531 reli-
2128 1478 2265 1535 duos
2292 1476 2796 1548 quinquagenarios
2828 1476 2894 1531 de
2943 1477 3083 1531 ctelo
3111 1478 3431 1535 advocavit?
3463 1480 3714 1536 Fuerunt

440 1572 583 1640 quize
623 1586 730 1625 non
762 1580 1167 1635 remanserunt,
1207 1571 1281 1625 ita
1330 1579 1385 1625 et
1429 1585 1593 1634 nunc,
1660 1570 1858 1640 inquit,
1927 1569 2023 1623 tibi
2129 1584 2365 1639 namque
2424 1568 2498 1623 illi
2549 1569 3008 1639 quinquagenarii
3069 1570 3187 1641 ejus
3246 1573 3508 1640 ministri,
3544 1585 3713 1644 atque

443 1661 685 1732 reliquiae
710 1677 814 1717 non
842 1671 1157 1732 supersunt,
1194 1671 1255 1716 ut
1280 1672 1362 1717 est
1398 1661 1602 1727 moris,
1633 1663 1758 1729 quia
1782 1661 2021 1731 ejusdem
2129 1660 2387 1730 nequitiae
2419 1659 2535 1729 ejus
2570 1660 2769 1715 nuntii.
2809 1660 2916 1716 Sed
2957 1670 3012 1716 et
3050 1661 3165 1717 haec
3194 1664 3445 1721 universa
3471 1666 3713 1720 diximus

442 1754 534 1808 Dei
564 1755 643 1809 ira
679 1768 845 1821 super
902 1763 955 1809 te
992 1752 1163 1809 effusa
1212 1763 1317 1819 est,
1351 1754 1507 1825 cujus
1530 1754 1717 1821 etiam,
1751 1764 1810 1808 ut
1860 1770 2025 1824 super
2057 1732 2098 1791 Β
2127 1768 2225 1826 pro
2281 1754 2657 1823 increpatione
2720 1753 2965 1821 diaboli,
3022 1765 3187 1825 atque
3248 1759 3713 1815 condemnatione

441 1846 581 1913 illos,
611 1847 751 1917 ignis
783 1845 985 1901 cecidit
1023 1846 1091 1901 de
1115 1846 1277 1901 coelo.
1308 1846 1427 1901 Non
1466 1846 1609 1917 quod
1637 1848 1703 1901 de
1734 1845 1874 1902 cmlo
1930 1862 2021 1902 ce-
2126 1843 2369 1915 maligni.
2404 1844 2601 1899 Beatus
2639 1852 2822 1899 autem
2851 1842 2956 1900 Job
2999 1846 3127 1915 quid
3154 1848 3495 1917 responderit
3522 1850 3714 1903 audia-

438 1938 632 1993 ciderit
664 1939 778 2007 ipse
806 1938 970 2009 ignis,
1003 1938 1175 2005 absit,
1203 1938 1297 1993 sed
1336 1942 1461 2008 quia
1505 1939 1581 1993 ita
1611 1939 1763 1992 finxit
1797 1939 2020 2009 nequis-
2125 1953 2273 2001 mus,
2298 1936 2570 2006 quomodo
2588 1936 2978 1991 comminuerit
3010 1937 3305 1991 secundam
3336 1936 3536 1993 luroris
3561 1938 3712 1995 illius

436 2030 629 2095 simus,
655 2038 709 2084 et
734 2031 860 2099 quia
886 2031 1061 2099 ipsum
1090 2030 1337 2085 nuntium
1371 2032 1446 2084 ita
1475 2030 1659 2085 docuit
1683 2030 1867 2086 dicere
1906 2047 2021 2086 ma-
2124 2028 2399 2097 sagittam,
2437 2025 2709 2095 quomodo
2737 2024 3019 2081 transierit
3047 2025 3217 2097 iniqui
3253 2026 3397 2082 illius
3444 2029 3709 2098 impetum

436 2119 769 2191 lignissimus
800 2120 1147 2191 diabolus,ut
1168 2138 1290 2178 eum
1321 2132 1471 2192 putet
1499 2122 1689 2177 beatus
1710 2121 1831 2190 Job,
1864 2133 2023 2193 atque
2122 2126 2243 2188 post
2283 2117 2517 2186 priorem
2579 2116 2809 2171 alterum
2876 2132 2972 2187 per
3043 2117 3343 2173 tolerantiae
3412 2118 3709 2185 allectum.

435 2213 735 2268 arbitretur
763 2215 908 2283 quod
945 2213 1013 2267 de
1064 2214 1202 2269 eaalo
1222 2229 1252 2267 a
1287 2214 1396 2270 Deo
1418 2215 1537 2269 ista:
1568 2214 1810 2270 miseria:
1832 2215 1880 2269 ei
1912 2216 2023 2268 im-
2121 2210 2574 2279 quemadmodum
2601 2217 2654 2263 et
2680 2218 2873 2264 caetera
2921 2211 3189 2265 universa.
3216 2210 3516 2281 Respondit
3552 2226 3712 2264 nam-

433 2306 815 2374 pingerentur,
838 2315 891 2361 et
918 2317 977 2360 ut
1011 2307 1063 2361 in
1100 2306 1497 2376 blasphemiam
1527 2305 1622 2361 Dei
1668 2316 2019 2362 convertere-
2123 2316 2227 2371 que
2254 2301 2301 2355 ei
2328 2301 2419 2371 qui
2461 2309 2680 2355 venerat
2707 2302 2891 2356 dicens
2922 2318 2936 2355 :
2969 2301 3032 2356 Et
3058 2302 3178 2372 quis
3213 2316 3299 2356 me
3328 2303 3432 2356 crit
3454 2302 3647 2372 major.
3675 2316 3711 2355 o

435 2406 525 2450 tur
556 2412 568 2448 :
604 2395 750 2466 Ignis
775 2397 962 2451 cecidit
981 2396 1046 2450 de
1087 2396 1215 2452 caelo
1268 2406 1316 2450 et
1362 2396 1645 2451 combussit
1704 2414 1845 2452 oves.
1903 2398 2019 2453 Non
2127 2394 2312 2458 homo,
2338 2393 2423 2448 vel
2472 2392 2595 2462 quis
2628 2407 2716 2447 me
2749 2392 3054 2462 gloriosior,
3093 2408 3125 2447 ο
3148 2394 3271 2447 vir?
3308 2393 3366 2448 Si
3407 2394 3589 2464 itaque
3621 2402 3711 2449 est

432 2497 579 2554 sunt,
609 2487 807 2558 inquit,
852 2497 1079 2543 terrenae
1117 2489 1329 2545 insidiae
1363 2490 1467 2544 hoc
1489 2491 1632 2560 quod
1680 2490 1883 2545 factum
1913 2505 2016 2557 est,
2125 2499 2253 2539 vere
2300 2486 2445 2554 quod
2501 2484 2639 2555 ignis
2690 2485 2916 2540 veniens
2968 2486 3033 2540 de
3078 2485 3216 2540 cmlo
3267 2501 3460 2541 omnes
3511 2502 3709 2557 greges

431 2578 608 2644 oJob,
633 2581 729 2635 sed
756 2580 994 2635 ccelestis
1024 2590 1107 2636 est
1137 2579 1309 2636 furor.
1350 2580 1470 2635 Nun
1494 2591 1580 2637 est
1608 2583 1863 2637 violentia
1907 2584 2021 2640 haec
2126 2589 2276 2630 meos
2320 2576 2721 2646 consumpserit
2759 2576 2926 2645 illic0,
2981 2578 3186 2648 gratias
3228 2577 3303 2631 illi
3354 2578 3445 2649 qui
3496 2580 3709 2648 pariter

433 2671 695 2737 humana,
731 2675 827 2727 sed
851 2672 1110 2728 contritio
1139 2680 1223 2727 est
1253 2671 1457 2727 divina.
1496 2674 1552 2729 Si
1597 2674 1745 2729 enim
1786 2675 1839 2729 in
1868 2676 2021 2729 nam-
2127 2681 2316 2721 omnes
2350 2681 2480 2722 oves
2512 2682 2662 2722 meas
2711 2668 2961 2738 protinus
3005 2669 3059 2723 in
3092 2669 3425 2739 acceptabile
3462 2670 3708 2739 suscepit

435 2764 627 2819 taeniis
657 2766 759 2819 hoc
784 2765 1079 2831 evenisset,
1108 2764 1426 2819 crederetur
1457 2767 1603 2835 quod
1644 2765 1833 2823 volens
1870 2768 2017 2837 quis,
2125 2759 2527 2816 holocaustum.
2575 2758 2709 2814 Nam
2755 2775 2875 2831 quae
2922 2776 3041 2832 ego,
3102 2761 3301 2832 inquit,
3338 2777 3436 2832 per
3484 2763 3704 2833 singula

431 2857 517 2912 vel
554 2857 742 2912 nolens
776 2858 919 2911 hunc
944 2857 1288 2912 succenderit
1318 2857 1515 2927 ignem.
1543 2857 1698 2913 Nunc
1733 2873 1864 2916 vero
1894 2875 2017 2916 cum
2122 2864 2361 2922 tempora
2386 2852 2673 2907 oblaturus
2702 2867 2875 2919 eram,
2912 2854 3026 2910 haec
3058 2854 3315 2913 Videlicel
3337 2855 3500 2926 elegil
3530 2855 3702 2923 Deus.

432 2950 488 3003 in
519 2948 834 3014 solitudine,
874 2949 1075 3018 inquit,
1122 2962 1396 3015 essemus,
1428 2950 1482 3003 in
1532 2951 1751 3007 modum
1808 2953 2019 3023 sagitta:
2122 2953 2179 2997 ut
2206 2944 2393 3000 statim
2424 2945 2635 3014 pariter
2667 2945 2721 2999 in
2758 2960 2868 3000 uno
2902 2946 3207 3015 susciperet
3259 2948 3576 3003 bolocausto
3602 2964 3705 3019 per

432 3041 570 3111 ignis
599 3042 665 3095 de
688 3040 828 3095 ctelo
855 3055 1017 3109 super
1047 3054 1147 3095 nos
1176 3038 1382 3095 ell'usus
1413 3049 1577 3111 atque
1620 3041 1891 3111 iaculatus
1911 3055 2015 3115 est,
2048 3085 2092 3148 Ο
2124 3037 2299 3107 ignem
2333 3036 2424 3105 qui
2454 3037 2522 3091 de
2560 3035 2702 3091 εωιο
2737 3037 2932 3092 missus
2956 3047 3062 3092 est.
3094 3036 3284 3093 Omnis
3324 3053 3560 3109 namque
3602 3056 3705 3094 ac-

432 3142 490 3188 ut
522 3148 621 3188 nec
653 3132 924 3201 fugientes
948 3129 1287 3202 effugerent,
1332 3147 1434 3187 nec
1461 3134 1781 3192 resistentes
1828 3129 2092 3193 evade-v
2122 3129 2409 3201 ceplabilis
2458 3130 2661 3199 hostia,
2720 3145 2817 3201 per
2866 3130 3045 3203 ignem
3101 3130 3192 3201 qui
3248 3132 3481 3201 desuper
3534 3130 3706 3186 fuerit

429 3235 570 3280 rent.
609 3223 778 3295 Ignis,
822 3224 1020 3293 inquit,
1060 3223 1249 3278 cecidit
1295 3225 1358 3279 de
1386 3225 1538 3284 caelo.
1566 3225 1683 3282 Non
1749 3231 2018 3297 mentiris,
2123 3227 2320 3282 missus
2358 3226 2658 3298 suscipitur
2716 3235 2881 3297 atque
2941 3228 3305 3283 consumilur~
3354 3227 3506 3294 Ωιιοά
3552 3229 3704 3283 enim

426 3332 461 3371 ο
490 3316 723 3381 diabole,
761 3319 905 3386 quod
961 3316 1104 3387 ignis
1156 3316 1354 3371 cecidit
1410 3318 1477 3373 de
1536 3318 1698 3384 ccelo,
1754 3321 1851 3376 sed
1910 3338 2016 3375 non
2123 3318 2357 3385 plurimo
2404 3328 2650 3389 tempore
2680 3332 2832 3373 eram
2879 3318 3143 3386 facturus,
3176 3319 3277 3374 hoc
3313 3319 3568 3372 nimirum
3606 3333 3698 3374 ac-

426 3423 586 3477 quem
617 3407 760 3463 Deus
793 3410 1055 3473 mitteret,
1099 3409 1195 3463 sed
1231 3423 1390 3479 quem
1438 3420 1495 3465 tu
1556 3410 1759 3466 tinxisti
1819 3412 1871 3466 in
1931 3414 2015 3468 di-
2120 3410 2363 3464 celerans
2400 3424 2507 3465 uno
2564 3421 2807 3480 tempore
2856 3411 3093 3481 suscepit
3136 3411 3297 3466 Deus.
3335 3410 3402 3465 Et
3438 3412 3561 3479 quis
3612 3426 3705 3465 me

425 3514 614 3555 versas
660 3500 858 3569 figuras
910 3500 1250 3555 immutando
1311 3503 1679 3573 temetipsum,
1726 3504 2016 3574 aliquando
2120 3503 2330 3557 beatior
2380 3504 2483 3558 sub
2540 3502 2725 3558 calo?
2766 3502 2905 3556 Ante
2956 3501 3255 3571 paululum,
3310 3502 3506 3571 inquit,
3562 3500 3703 3570 juga

426 3592 481 3647 in
538 3593 846 3662 pra-dones,
899 3591 1190 3661 aliquando
1254 3593 1305 3647 in
1346 3594 1552 3664 ignem,
1614 3595 1910 3665 aliquando
1963 3597 2015 3652 in
2117 3595 2281 3651 boum
2315 3597 2568 3651 universa
2608 3595 2854 3665 protinus
2911 3594 3044 3649 mihi
3088 3603 3345 3652 mactata.
3390 3594 3520 3649 Item
3554 3608 3704 3649 nunc

427 3686 528 3741 tria
556 3699 758 3741 cornua
793 3685 1036 3755 equitum
1080 3701 1094 3737 :
1128 3685 1259 3740 item
1291 3700 1423 3742 vero
1452 3687 1503 3741 in
1549 3687 1740 3744 ultimo
1800 3690 1854 3743 in
1905 3691 2018 3761 spi-
2116 3706 2310 3765 greges
2334 3692 2515 3749 ovium
2542 3704 2734 3747 omnes
2771 3691 2976 3761 pariter
3002 3690 3278 3747 combussi
3315 3698 3371 3746 et
3397 3690 3700 3746 immolavi.

425 3779 590 3832 ritum
616 3790 851 3847 quatuor
878 3776 1107 3849 angulos
1162 3778 1358 3833 domus
1411 3778 1745 3850 tangentem.
1782 3781 1850 3835 Et
1907 3797 2013 3837 non
2116 3784 2184 3839 Et
2214 3785 2349 3848 haec,
2417 3784 2615 3853 inquit,
2678 3782 2789 3838 Deo
2836 3782 3071 3852 eligente
3124 3782 3313 3837 obtuli.
3344 3782 3454 3837 Sed
3517 3783 3705 3838 adhuc

423 3879 509 3924 est
536 3870 731 3923 mirum
771 3870 913 3939 quod
970 3869 1267 3939 permissus
1314 3871 1366 3924 in
1422 3880 1602 3926 tantas
1663 3872 1869 3942 liguras
1915 3876 2015 3928 im-
2116 3883 2412 3946 supersunt
2440 3874 2655 3941 cameli,
2698 3876 2790 3944 qui
2828 3872 2961 3928 mibi
2998 3874 3065 3928 ad
3106 3874 3529 3928 transactionem
3568 3889 3703 3943 pro-

423 3962 723 4016 mutaveris
776 3962 1120 4032 temetipsum
1154 4002 1169 4028 ,
1233 3977 1357 4016 cum
1403 3972 1458 4017 et
1505 3978 1690 4019 coram
1750 3964 1865 4034 ipso
1911 3966 2015 4020 Do—
2117 3968 2322 4032 liciant,
2354 3974 2521 4034 atque
2548 3965 2602 4018 in
2634 3966 2759 4018 vitae
2784 3965 3237 4021 sustentationem
3264 3964 3555 4020 sulliciant.
3587 3967 3701 4019 Sed

424 4055 572 4109 mino
628 4055 679 4108 in
730 4069 891 4109 omne
941 4069 1169 4123 regnum
1217 4056 1367 4109 orbis
1391 4062 1553 4108 terrae
1606 4056 1781 4124 ipsum
1818 4057 2014 4110 immu-
2113 4074 2236 4113 cum
2280 4059 2397 4112 haec
2443 4058 2711 4125 cogitaret
2738 4064 2793 4111 et
2822 4056 3142 4125 loqueretur
3186 4056 3309 4121 Job,
3344 4067 3511 4126 atque
3564 4071 3697 4109 cum

424 4148 589 4201 tando
619 4146 1076 4211 simulaveris,et
1128 4146 1232 4202 hoc
1286 4148 1337 4200 in
1386 4157 1666 4203 momento
1729 4149 2007 4218 temporis,
2113 4150 2371 4219 patientia
2429 4147 2798 4203 intolerabiles
2858 4149 2955 4203 has
3013 4150 3311 4203 sustineret
3368 4149 3576 4218 plagas,
3641 4159 3699 4202 et

424 4239 527 4293 hoc
557 4248 660 4304 est,
693 4238 895 4305 subito,
928 4246 1150 4307 repente
1187 4247 1352 4307 atque
1399 4239 1667 4294 velociter
1726 4241 1869 4311 ignis
1922 4256 2011 4297 ce-
2114 4242 2421 4296 nullatenus
2445 4242 2826 4296 succumberet
2859 4241 3081 4309 maligni
3110 4240 3520 4303 tentationibus,
3551 4240 3700 4294 alius

422 4329 558 4385 cidit
596 4330 660 4384 de
689 4330 848 4385 coelo.
873 4328 988 4383 Non
1025 4330 1335 4397 mentiaris,
1364 4344 1397 4384 o
1428 4331 1741 4387 miserrime
1767 4336 2008 4389 omnium
2114 4335 2334 4390 nuntius
2362 4335 2507 4389 venit
2540 4337 2605 4391 ad
2634 4334 2757 4403 Job,
2784 4336 2993 4390 etdixit
3022 4335 3087 4390 ad
3123 4350 3246 4390 eum
3275 4349 3288 4387 :
3322 4332 3563 4387 lnaniter
3596 4333 3695 4387 tibi

420 4422 688 4479 bonorum
752 4423 972 4475 inimice
1030 4437 1045 4474 :
1119 4437 1223 4475 non
1266 4436 1295 4474 a
1360 4422 1469 4475 Deo
1528 4424 1750 4488 missus,
1782 4425 1873 4479 sed
1919 4435 2005 4478 tua
2042 4434 2081 4487 ι)
2116 4427 2400 4492 blandiris,
2427 4442 2459 4481 ο
2486 4427 2608 4493 Job,
2642 4428 2789 4498 quod
2824 4428 3061 4483 camelos
3092 4442 3191 4496 pro
3234 4428 3360 4480 vita:
3414 4435 3697 4479 sustenta-

420 4516 708 4586 iniquitate
738 4529 1034 4569 succensus
1060 4522 1162 4568 est.
1194 4513 1295 4577 Tu,
1344 4514 1539 4583 inquit,
1572 4531 1650 4578 es,
1694 4531 1728 4571 ο
1766 4516 1999 4582 diabole,
2113 4522 2257 4573 tione
2288 4521 2508 4585 habeas,
2538 4532 2594 4575 et
2627 4522 2770 4591 quod
2813 4522 2867 4575 in
2908 4536 3004 4589 spe
3040 4520 3429 4575 transactionis
3465 4519 3565 4573 tibi
3599 4534 3694 4572 su-

419 4606 562 4676 ignis
597 4607 711 4676 ipse
744 4607 835 4675 qui
870 4607 934 4660 de
960 4605 1101 4661 cmlo
1130 4605 1346 4671 cecidit,
1376 4606 1466 4675 qui
1508 4607 1822 4663 innumeros
1879 4608 2003 4677 igne
2111 4612 2364 4681 persint:
2399 4611 2615 4683 Equites
2649 4614 2793 4668 enim
2830 4614 3064 4679 fecerunt
3111 4630 3306 4667 cornua
3337 4613 3464 4680 tria,
3500 4625 3549 4665 et
3587 4615 3689 4667 cir-

418 4707 766 4769 peccatorum
795 4699 1073 4753 immundo
1100 4698 1408 4753 suecendis.
1440 4698 1521 4752 Tu
1545 4714 1605 4754 es
1634 4700 1749 4769 ipse
1774 4700 1936 4770 ignis,
1969 4717 2002 4755 ο
2111 4704 2489 4758 cumdcderunt
2524 4703 2773 4770 camelos,
2811 4713 2858 4759 et
2897 4706 3123 4773 prwdali
3171 4716 3289 4757 sunt
3322 4719 3455 4757 eos:
3489 4714 3539 4757 et
3583 4719 3685 4754 non

420 4791 657 4855 diabole,
677 4791 769 4861 qui
796 4792 1060 4859 gebenna:
1086 4790 1194 4861 igni
1218 4792 1480 4859 plurimos
1497 4802 1809 4860 peccatores
1840 4792 1998 4858 facis,
2110 4796 2280 4848 solum
2307 4796 2426 4861 hoc,
2461 4799 2551 4850 sed
2591 4808 2638 4850 et
2663 4812 2853 4866 pueros
2886 4800 3189 4851 occiderunt
3230 4798 3283 4849 in
3307 4813 3394 4849 ore
3420 4797 3610 4865 gladii,
3639 4813 3690 4854 ει

418 4884 505 4938 cui
532 4884 673 4954 ignis
702 4894 755 4937 et
788 4888 1023 4938 tenebrae
1070 4884 1236 4954 digne
1274 4894 1624 4940 reservantur
1669 4901 1779 4955 prae
1818 4888 1998 4939 omni-
2107 4887 2247 4938 evasi
2279 4903 2371 4955 ego
2406 4888 2572 4952 solus,
2614 4900 2659 4942 et
2690 4889 2801 4941 veni
2829 4899 2881 4941 ut
2907 4890 3201 4941 nuntiarem
3227 4890 3319 4940 tibi
3342 4888 3686 4958 “.Propter-

417 4975 542 5031 bus.
576 4974 655 5029 Tu
694 4990 755 5030 es
802 4978 915 5045 ipse
942 4977 1097 5045 ignis,
1127 4992 1160 5031 ο
1196 4977 1431 5045 diabole,
1466 4979 1560 5048 qui
1591 4994 1715 5034 cum
1748 4981 1812 5035 de
1840 4983 1998 5037 ccelis
2106 4996 2191 5041 ea,
2239 4980 2434 5048 inquit,
2468 4982 2614 5035 evasi
2642 4996 2741 5049 ego
2766 4982 2913 5037 solus
2944 4992 3105 5051 atque
3139 4984 3327 5048 resliti,
3360 4992 3416 5035 ut
3458 4984 3507 5037 id
3544 4984 3689 5053 quod

420 5070 824 5135 descendisses,
862 5072 912 5124 in
969 5071 1146 5123 medio
1200 5071 1464 5124 montium
1509 5072 1790 5139 igueorum
1824 5076 2001 5145 proje-
2104 5073 2352 5141 contigit,
2394 5077 2677 5145 cognitum
2709 5075 2945 5131 facerem
2974 5077 3092 5139 tibi,
3125 5085 3261 5130 etut
3295 5078 3437 5143 quod
3473 5087 3685 5146 gestuin

420 5174 540 5219 etus
572 5178 651 5230 es,
688 5165 829 5219 sicut
864 5163 1053 5217 dicunt
1078 5174 1388 5218 sanctorum
1417 5166 1656 5220 oracula.
1687 5166 1765 5221 Tu
1793 5184 1852 5223 es
1888 5170 1998 5238 ipse
2103 5178 2189 5222 est
2231 5169 2324 5223 tibi
2356 5184 2693 5225 enarrarem.
2728 5170 2919 5238 Boves,
2964 5171 3163 5241 inquit,
3189 5182 3245 5225 et
3284 5171 3468 5225 asinas
3497 5171 3685 5240 perdi-

418 5256 583 5327 ignis,
612 5272 774 5327 quem
820 5258 981 5311 etiam
1008 5256 1121 5327 ipse
1152 5257 1416 5314 Dominus
1451 5259 1682 5330 fulguris
1723 5261 1831 5331 igni
1866 5277 1997 5317 con-
2102 5260 2458 5335 disti,oJop,
2513 5278 2709 5333 greges
2759 5265 2937 5317 ovium
2993 5278 3205 5319 tuarum
3261 5264 3475 5319 caelitus
3528 5279 3684 5319 com-

417 5347 686 5411 similans,
724 5356 883 5416 atque
938 5349 1003 5402 de
1064 5347 1202 5403 cmlo
1255 5349 1538 5405 cadentem
1591 5355 1991 5419 demonstrans,
2103 5355 2249 5408 busti
2284 5363 2430 5421 sunt,
2467 5369 2595 5409 ecce
2621 5363 2675 5409 et
2703 5372 2847 5411 nunc
2894 5366 3016 5424 post
3051 5357 3139 5411 illa
3171 5360 3352 5411 omnia
3388 5356 3685 5410 novissima

417 5441 585 5496 dicit:
623 5440 745 5495 Vidi
796 5440 1051 5495 Satanam
1100 5455 1351 5513 tanquam
1408 5441 1586 5512 fulgur
1620 5444 1686 5497 de
1732 5445 1861 5499 caelo
1911 5462 1998 5499 ca-
2106 5447 2493 5502 transactionis
2533 5461 2682 5516 spes,
2714 5449 2909 5504 cameli
2943 5449 3112 5504 ablati
3155 5461 3282 5503 sunt
3314 5449 3433 5504 tibi.
3478 5448 3683 5505 Prima.

414 5534 726 5590 dentem”.
766 5534 892 5589 llaec
945 5534 1202 5590 nimirum
1237 5536 1509 5603 universa,
1539 5538 1690 5606 quia,
1734 5539 1871 5592 (llXil
1898 5554 1995 5592 ne-
2107 5542 2306 5611 inquit,
2335 5542 2494 5613 plaga
2524 5558 2619 5613 per
2647 5544 2949 5613 praedones,
2984 5546 3218 5601 secunda
3257 5562 3351 5615 per
3381 5546 3558 5613 ignem
3587 5553 3679 5612 qui

489 5715 533 5747 ³³
564 5712 701 5772 Gen.
731 5729 840 5779 xxx,
876 5714 967 5770 ει.
1045 5716 1109 5747 ’δ’
1153 5715 1280 5771 Luc.
1312 5730 1363 5781 ι,
1393 5713 1481 5769 l8.
1557 5715 1600 5745 "
1635 5713 1790 5780 Jobt,
1831 5715 1912 5769 Π.
