  <div class='ocr_page' id='page_1' title='image "/cluster/home/n/w/nwhite01/storage/ocr_20150623/17/nnc1.0046978615/222.png"; bbox 0 0 3880 6212; ppageno 0'>
   <div class='ocr_carea' id='block_1_1' title="bbox 169 328 278 387">
    <p class='ocr_par' dir='ltr' id='par_1_1' title="bbox 169 328 278 387">
     <span class='ocr_line' id='line_1_1' title="bbox 169 328 278 387; baseline 0.028 -3"><span class='ocrx_word' id='word_1_1' title='bbox 169 328 278 387; x_wconf 63' lang='grc'><strong>’125</strong></span> 
     </span>
    </p>
   </div>
   <div class='ocr_carea' id='block_1_2' title="bbox 1299 298 2335 383">
    <p class='ocr_par' dir='ltr' id='par_1_2' title="bbox 1299 298 2335 383">
     <span class='ocr_line' id='line_1_2' title="bbox 1299 298 2335 383; baseline -0.005 0"><span class='ocrx_word' id='word_1_2' title='bbox 1299 302 1687 383; x_wconf 61' lang='grc'><strong>1100011100</strong></span> <span class='ocrx_word' id='word_1_3' title='bbox 1724 318 1790 373; x_wconf 81' lang='lat' dir='ltr'><strong>IN</strong></span> <span class='ocrx_word' id='word_1_4' title='bbox 1830 298 1969 376; x_wconf 75' lang='lat' dir='ltr'><strong>we.</strong></span> <span class='ocrx_word' id='word_1_5' title='bbox 2015 355 2083 364; x_wconf 81' lang='grc'><strong><em>-</em></strong></span> <span class='ocrx_word' id='word_1_6' title='bbox 2122 302 2252 381; x_wconf 74' lang='lat' dir='ltr'><strong>Lui.</strong></span> <span class='ocrx_word' id='word_1_7' title='bbox 2295 326 2335 380; x_wconf 91' lang='grc'><strong>1.</strong></span> 
     </span>
    </p>
   </div>
   <div class='ocr_carea' id='block_1_3' title="bbox 3335 321 3439 379">
    <p class='ocr_par' dir='ltr' id='par_1_3' title="bbox 3335 321 3439 379">
     <span class='ocr_line' id='line_1_3' title="bbox 3335 321 3439 379; baseline 0 -1"><span class='ocrx_word' id='word_1_8' title='bbox 3335 321 3439 379; x_wconf 65' lang='grc'><strong>4⁸26</strong></span> 
     </span>
    </p>
   </div>
   <div class='ocr_carea' id='block_1_4' title="bbox 169 445 3436 521">
    <p class='ocr_par' dir='ltr' id='par_1_4' title="bbox 169 445 3436 521">
     <span class='ocr_line' id='line_1_4' title="bbox 169 445 3436 521; baseline -0.001 -12"><span class='ocrx_word' id='word_1_9' title='bbox 169 458 238 509; x_wconf 81' lang='lat' dir='ltr'><strong>de</strong></span> <span class='ocrx_word' id='word_1_10' title='bbox 267 452 408 507; x_wconf 60' lang='lat' dir='ltr'><strong>cutio</strong></span> <span class='ocrx_word' id='word_1_11' title='bbox 440 450 661 511; x_wconf 83' lang='lat' dir='ltr'><strong>cecidit,</strong></span> <span class='ocrx_word' id='word_1_12' title='bbox 693 462 802 504; x_wconf 90' lang='lat' dir='ltr'><strong>non</strong></span> <span class='ocrx_word' id='word_1_13' title='bbox 851 448 993 515; x_wconf 87' lang='lat' dir='ltr'><strong>quod</strong></span> <span class='ocrx_word' id='word_1_14' title='bbox 1027 459 1093 503; x_wconf 89' lang='grc'><strong>(10</strong></span> <span class='ocrx_word' id='word_1_15' title='bbox 1128 446 1269 503; x_wconf 71' lang='grc'><strong>011³10</strong></span> <span class='ocrx_word' id='word_1_16' title='bbox 1294 448 1388 503; x_wconf 81' lang='lat' dir='ltr'><strong>hic</strong></span> <span class='ocrx_word' id='word_1_17' title='bbox 1418 448 1560 519; x_wconf 83' lang='lat' dir='ltr'><strong>ignis</strong></span> <span class='ocrx_word' id='word_1_18' title='bbox 1604 447 1745 499; x_wconf 83' lang='lat' dir='ltr'><strong>ceci-</strong></span> <span class='ocrx_word' id='word_1_19' title='bbox 1780 448 1824 503; x_wconf 87' lang='grc' dir='ltr'><strong>Λ</strong></span> <span class='ocrx_word' id='word_1_20' title='bbox 1861 450 2215 519; x_wconf 70' lang='lat' dir='ltr'><strong>unusquisque</strong></span> <span class='ocrx_word' id='word_1_21' title='bbox 2247 450 2316 504; x_wconf 86' lang='lat' dir='ltr'><strong>ad</strong></span> <span class='ocrx_word' id='word_1_22' title='bbox 2346 445 2566 507; x_wconf 59' lang='lat' dir='ltr'><strong>nitorem</strong></span> <span class='ocrx_word' id='word_1_23' title='bbox 2608 450 2838 521; x_wconf 73' lang='lat' dir='ltr'><strong>proximi</strong></span> <span class='ocrx_word' id='word_1_24' title='bbox 2899 452 2982 505; x_wconf 87' lang='lat' dir='ltr'><strong>sui</strong></span> <span class='ocrx_word' id='word_1_25' title='bbox 3033 451 3340 506; x_wconf 83' lang='lat' dir='ltr'><strong>[tinniebant</strong></span> <span class='ocrx_word' id='word_1_26' title='bbox 3367 453 3436 505; x_wconf 71' lang='grc'><strong>’⁷.</strong></span> 
     </span>
    </p>
   </div>
   <div class='ocr_carea' id='block_1_5' title="bbox 169 541 1754 615">
    <p class='ocr_par' dir='ltr' id='par_1_5' title="bbox 169 541 1754 615">
     <span class='ocr_line' id='line_1_5' title="bbox 169 541 1754 615; baseline -0.002 -17"><span class='ocrx_word' id='word_1_27' title='bbox 169 547 333 609; x_wconf 72' lang='lat' dir='ltr'><strong>derit,</strong></span> <span class='ocrx_word' id='word_1_28' title='bbox 384 545 476 600; x_wconf 85' lang='lat' dir='ltr'><strong>sed</strong></span> <span class='ocrx_word' id='word_1_29' title='bbox 522 546 647 615; x_wconf 87' lang='lat' dir='ltr'><strong>quia</strong></span> <span class='ocrx_word' id='word_1_30' title='bbox 694 546 767 601; x_wconf 86' lang='lat' dir='ltr'><strong>ita</strong></span> <span class='ocrx_word' id='word_1_31' title='bbox 821 544 1062 604; x_wconf 85' lang='lat' dir='ltr'><strong>finxerit,</strong></span> <span class='ocrx_word' id='word_1_32' title='bbox 1133 554 1296 613; x_wconf 91' lang='lat' dir='ltr'><strong>atque</strong></span> <span class='ocrx_word' id='word_1_33' title='bbox 1345 543 1415 595; x_wconf 88' lang='lat' dir='ltr'><strong>ita</strong></span> <span class='ocrx_word' id='word_1_34' title='bbox 1487 541 1754 611; x_wconf 85' lang='lat' dir='ltr'><strong>malignus</strong></span> 
     </span>
    </p>
   </div>
   <div class='ocr_carea' id='block_1_6' title="bbox 168 633 1749 701">
    <p class='ocr_par' dir='ltr' id='par_1_6' title="bbox 168 633 1749 701">
     <span class='ocr_line' id='line_1_6' title="bbox 168 633 1749 701; baseline -0.004 -8"><span class='ocrx_word' id='word_1_35' title='bbox 168 638 439 701; x_wconf 83' lang='lat' dir='ltr'><strong>docuerit,</strong></span> <span class='ocrx_word' id='word_1_36' title='bbox 463 646 520 692; x_wconf 88' lang='lat' dir='ltr'><strong>ut</strong></span> <span class='ocrx_word' id='word_1_37' title='bbox 550 639 714 694; x_wconf 91' lang='lat' dir='ltr'><strong>Deum</strong></span> <span class='ocrx_word' id='word_1_38' title='bbox 740 639 887 693; x_wconf 85' lang='lat' dir='ltr'><strong>circa</strong></span> <span class='ocrx_word' id='word_1_39' title='bbox 919 636 1021 692; x_wconf 84' lang='lat' dir='ltr'><strong>Job</strong></span> <span class='ocrx_word' id='word_1_40' title='bbox 1052 642 1356 701; x_wconf 89' lang='lat' dir='ltr'><strong>accusaret,</strong></span> <span class='ocrx_word' id='word_1_41' title='bbox 1383 633 1560 690; x_wconf 58' lang='lat' dir='ltr'><strong>etdob</strong></span> <span class='ocrx_word' id='word_1_42' title='bbox 1583 633 1749 688; x_wconf 89' lang='lat' dir='ltr'><strong>Deum</strong></span> 
     </span>
    </p>
   </div>
   <div class='ocr_carea' id='block_1_7' title="bbox 170 732 1753 804">
    <p class='ocr_par' dir='ltr' id='par_1_7' title="bbox 170 732 1753 804">
     <span class='ocr_line' id='line_1_7' title="bbox 170 732 1753 804; baseline -0.002 -16"><span class='ocrx_word' id='word_1_43' title='bbox 170 733 551 803; x_wconf 84' lang='lat' dir='ltr'><strong>blasphemare</strong></span> <span class='ocrx_word' id='word_1_44' title='bbox 576 732 949 802; x_wconf 89' lang='lat' dir='ltr'><strong>compelleret.</strong></span> <span class='ocrx_word' id='word_1_45' title='bbox 970 732 1152 786; x_wconf 90' lang='lat' dir='ltr'><strong>Tertia</strong></span> <span class='ocrx_word' id='word_1_46' title='bbox 1180 746 1311 804; x_wconf 91' lang='lat' dir='ltr'><strong>ergo</strong></span> <span class='ocrx_word' id='word_1_47' title='bbox 1338 746 1433 801; x_wconf 90' lang='lat' dir='ltr'><strong>per</strong></span> <span class='ocrx_word' id='word_1_48' title='bbox 1461 732 1564 786; x_wconf 94' lang='lat' dir='ltr'><strong>tria</strong></span> <span class='ocrx_word' id='word_1_49' title='bbox 1598 733 1753 802; x_wconf 89' lang='lat' dir='ltr'><strong>equi-</strong></span> 
     </span>
    </p>
   </div>
   <div class='ocr_carea' id='block_1_8' title="bbox 174 823 1753 899">
    <p class='ocr_par' dir='ltr' id='par_1_8' title="bbox 174 823 1753 899">
     <span class='ocr_line' id='line_1_8' title="bbox 174 823 1753 899; baseline -0.001 -20"><span class='ocrx_word' id='word_1_50' title='bbox 174 838 293 880; x_wconf 91' lang='lat' dir='ltr'><strong>tum</strong></span> <span class='ocrx_word' id='word_1_51' title='bbox 322 840 553 899; x_wconf 75' lang='lat' dir='ltr'><strong>cornua,</strong></span> <span class='ocrx_word' id='word_1_52' title='bbox 582 825 671 894; x_wconf 89' lang='lat' dir='ltr'><strong>qui</strong></span> <span class='ocrx_word' id='word_1_53' title='bbox 708 825 946 879; x_wconf 83' lang='lat' dir='ltr'><strong>camelos</strong></span> <span class='ocrx_word' id='word_1_54' title='bbox 987 823 1388 878; x_wconf 89' lang='lat' dir='ltr'><strong>circumdantes</strong></span> <span class='ocrx_word' id='word_1_55' title='bbox 1419 824 1753 879; x_wconf 73' lang='lat' dir='ltr'><strong>extermina—</strong></span> 
     </span>
    </p>
   </div>
   <div class='ocr_carea' id='block_1_9' title="bbox 175 916 1749 989">
    <p class='ocr_par' dir='ltr' id='par_1_9' title="bbox 175 916 1749 989">
     <span class='ocr_line' id='line_1_9' title="bbox 175 916 1749 989; baseline 0.001 -19"><span class='ocrx_word' id='word_1_56' title='bbox 175 928 399 971; x_wconf 85' lang='lat' dir='ltr'><strong>verunt.</strong></span> <span class='ocrx_word' id='word_1_57' title='bbox 438 916 619 972; x_wconf 88' lang='lat' dir='ltr'><strong>Prima</strong></span> <span class='ocrx_word' id='word_1_58' title='bbox 647 934 777 989; x_wconf 83' lang='lat' dir='ltr'><strong>ergo</strong></span> <span class='ocrx_word' id='word_1_59' title='bbox 805 933 899 987; x_wconf 90' lang='lat' dir='ltr'><strong>per</strong></span> <span class='ocrx_word' id='word_1_60' title='bbox 927 918 1205 988; x_wconf 70' lang='lat' dir='ltr'><strong>praedones</strong></span> <span class='ocrx_word' id='word_1_61' title='bbox 1232 917 1419 986; x_wconf 87' lang='lat' dir='ltr'><strong>procul</strong></span> <span class='ocrx_word' id='word_1_62' title='bbox 1452 917 1621 971; x_wconf 91' lang='lat' dir='ltr'><strong>dubio</strong></span> <span class='ocrx_word' id='word_1_63' title='bbox 1652 933 1749 986; x_wconf 77' lang='lat' dir='ltr'><strong>pe-</strong></span> 
     </span>
    </p>
   </div>
   <div class='ocr_carea' id='block_1_10' title="bbox 167 1011 1743 1081">
    <p class='ocr_par' dir='ltr' id='par_1_10' title="bbox 167 1011 1743 1081">
     <span class='ocr_line' id='line_1_10' title="bbox 167 1011 1743 1081; baseline -0.001 -17"><span class='ocrx_word' id='word_1_64' title='bbox 167 1011 406 1074; x_wconf 86' lang='lat' dir='ltr'><strong>destres,</strong></span> <span class='ocrx_word' id='word_1_65' title='bbox 442 1011 678 1065; x_wconf 86' lang='lat' dir='ltr'><strong>secunda</strong></span> <span class='ocrx_word' id='word_1_66' title='bbox 722 1026 817 1081; x_wconf 87' lang='lat' dir='ltr'><strong>per</strong></span> <span class='ocrx_word' id='word_1_67' title='bbox 842 1012 1017 1081; x_wconf 83' lang='lat' dir='ltr'><strong>ignem</strong></span> <span class='ocrx_word' id='word_1_68' title='bbox 1050 1011 1285 1080; x_wconf 78' lang='lat' dir='ltr'><strong>desdper</strong></span> <span class='ocrx_word' id='word_1_69' title='bbox 1307 1011 1743 1076; x_wconf 88' lang='lat' dir='ltr'><strong>comburentem,</strong></span> 
     </span>
    </p>
   </div>
   <div class='ocr_carea' id='block_1_11' title="bbox 173 1103 1750 1174">
    <p class='ocr_par' dir='ltr' id='par_1_11' title="bbox 173 1103 1750 1174">
     <span class='ocr_line' id='line_1_11' title="bbox 173 1103 1750 1174; baseline 0.001 -18"><span class='ocrx_word' id='word_1_70' title='bbox 173 1103 335 1157; x_wconf 89' lang='lat' dir='ltr'><strong>tertia</strong></span> <span class='ocrx_word' id='word_1_71' title='bbox 366 1118 464 1171; x_wconf 92' lang='lat' dir='ltr'><strong>per</strong></span> <span class='ocrx_word' id='word_1_72' title='bbox 490 1103 735 1172; x_wconf 88' lang='lat' dir='ltr'><strong>equitum</strong></span> <span class='ocrx_word' id='word_1_73' title='bbox 806 1104 909 1158; x_wconf 86' lang='lat' dir='ltr'><strong>tria</strong></span> <span class='ocrx_word' id='word_1_74' title='bbox 947 1120 1151 1160; x_wconf 90' lang='lat' dir='ltr'><strong>cornua</strong></span> <span class='ocrx_word' id='word_1_75' title='bbox 1185 1104 1277 1174; x_wconf 90' lang='lat' dir='ltr'><strong>qui</strong></span> <span class='ocrx_word' id='word_1_76' title='bbox 1308 1103 1549 1159; x_wconf 83' lang='lat' dir='ltr'><strong>camelos</strong></span> <span class='ocrx_word' id='word_1_77' title='bbox 1596 1108 1750 1174; x_wconf 68' lang='lat' dir='ltr'><strong>prae-</strong></span> 
     </span>
    </p>
   </div>
   <div class='ocr_carea' id='block_1_12' title="bbox 166 1193 1743 1266">
    <p class='ocr_par' dir='ltr' id='par_1_12' title="bbox 166 1193 1743 1266">
     <span class='ocr_line' id='line_1_12' title="bbox 166 1193 1743 1266; baseline 0.001 -21"><span class='ocrx_word' id='word_1_78' title='bbox 166 1194 278 1247; x_wconf 85' lang='lat' dir='ltr'><strong>dati</strong></span> <span class='ocrx_word' id='word_1_79' title='bbox 314 1204 463 1248; x_wconf 75' lang='lat' dir='ltr'><strong>sunt.</strong></span> <span class='ocrx_word' id='word_1_80' title='bbox 506 1193 695 1249; x_wconf 85' lang='lat' dir='ltr'><strong>Omnia</strong></span> <span class='ocrx_word' id='word_1_81' title='bbox 722 1234 739 1260; x_wconf 94' lang='lat'><strong>,</strong></span> <span class='ocrx_word' id='word_1_82' title='bbox 782 1194 992 1264; x_wconf 90' lang='lat' dir='ltr'><strong>inquit,</strong></span> <span class='ocrx_word' id='word_1_83' title='bbox 1039 1195 1154 1250; x_wconf 66' lang='grc'><strong>11010</strong></span> <span class='ocrx_word' id='word_1_84' title='bbox 1196 1197 1385 1266; x_wconf 88' lang='lat' dir='ltr'><strong>jacens</strong></span> <span class='ocrx_word' id='word_1_85' title='bbox 1414 1193 1743 1253; x_wconf 87' lang='lat' dir='ltr'><strong>sustinebis.</strong></span> 
     </span>
    </p>
   </div>
   <div class='ocr_carea' id='block_1_13' title="bbox 162 1273 1747 1358">
    <p class='ocr_par' dir='ltr' id='par_1_13' title="bbox 162 1273 1747 1358">
     <span class='ocr_line' id='line_1_13' title="bbox 162 1273 1747 1358; baseline -0.002 -18"><span class='ocrx_word' id='word_1_86' title='bbox 162 1284 526 1343; x_wconf 72' lang='lat' dir='ltr'><strong>Joh?0mnia</strong></span> <span class='ocrx_word' id='word_1_87' title='bbox 578 1288 693 1342; x_wconf 67' lang='lat' dir='ltr'><strong>haec</strong></span> <span class='ocrx_word' id='word_1_88' title='bbox 744 1288 1021 1356; x_wconf 83' lang='lat' dir='ltr'><strong>patienter</strong></span> <span class='ocrx_word' id='word_1_89' title='bbox 1075 1288 1440 1358; x_wconf 87' lang='lat' dir='ltr'><strong>supportahis,</strong></span> <span class='ocrx_word' id='word_1_90' title='bbox 1482 1301 1515 1340; x_wconf 96' lang='grc'><strong>0</strong></span> <span class='ocrx_word' id='word_1_91' title='bbox 1548 1273 1747 1339; x_wconf 80' lang='lat' dir='ltr'><strong>homo?</strong></span> 
     </span>
    </p>
   </div>
   <div class='ocr_carea' id='block_1_14' title="bbox 162 1374 1743 1451">
    <p class='ocr_par' dir='ltr' id='par_1_14' title="bbox 162 1374 1743 1451">
     <span class='ocr_line' id='line_1_14' title="bbox 162 1374 1743 1451; baseline -0.002 -15"><span class='ocrx_word' id='word_1_92' title='bbox 162 1380 397 1442; x_wconf 74' lang='lat' dir='ltr'><strong>(Icelum,</strong></span> <span class='ocrx_word' id='word_1_93' title='bbox 430 1381 623 1451; x_wconf 68' lang='lat' dir='ltr'><strong>inquit,</strong></span> <span class='ocrx_word' id='word_1_94' title='bbox 655 1390 708 1436; x_wconf 92' lang='lat' dir='ltr'><strong>et</strong></span> <span class='ocrx_word' id='word_1_95' title='bbox 734 1390 878 1436; x_wconf 88' lang='lat' dir='ltr'><strong>terra</strong></span> <span class='ocrx_word' id='word_1_96' title='bbox 908 1381 1194 1436; x_wconf 90' lang='lat' dir='ltr'><strong>adversum</strong></span> <span class='ocrx_word' id='word_1_97' title='bbox 1224 1389 1275 1435; x_wconf 91' lang='lat' dir='ltr'><strong>te</strong></span> <span class='ocrx_word' id='word_1_98' title='bbox 1308 1374 1743 1444; x_wconf 69' lang='lat' dir='ltr'><strong>insurrexerunt,</strong></span> 
     </span>
    </p>
   </div>
   <div class='ocr_carea' id='block_1_15' title="bbox 162 1469 1744 1542">
    <p class='ocr_par' dir='ltr' id='par_1_15' title="bbox 162 1469 1744 1542">
     <span class='ocr_line' id='line_1_15' title="bbox 162 1469 1744 1542; baseline 0.001 -17"><span class='ocrx_word' id='word_1_99' title='bbox 162 1480 215 1525; x_wconf 90' lang='lat' dir='ltr'><strong>et</strong></span> <span class='ocrx_word' id='word_1_100' title='bbox 252 1471 423 1526; x_wconf 79' lang='lat' dir='ltr'><strong>siles?</strong></span> <span class='ocrx_word' id='word_1_101' title='bbox 471 1472 552 1525; x_wconf 83' lang='lat' dir='ltr'><strong>Ad</strong></span> <span class='ocrx_word' id='word_1_102' title='bbox 602 1473 968 1528; x_wconf 91' lang='lat' dir='ltr'><strong>dimicandum</strong></span> <span class='ocrx_word' id='word_1_103' title='bbox 1022 1482 1215 1528; x_wconf 86' lang='lat' dir='ltr'><strong>contra</strong></span> <span class='ocrx_word' id='word_1_104' title='bbox 1267 1482 1320 1527; x_wconf 89' lang='lat' dir='ltr'><strong>te</strong></span> <span class='ocrx_word' id='word_1_105' title='bbox 1360 1469 1455 1527; x_wconf 85' lang='lat' dir='ltr'><strong>Dei</strong></span> <span class='ocrx_word' id='word_1_106' title='bbox 1510 1473 1744 1542; x_wconf 88' lang='lat' dir='ltr'><strong>imperio</strong></span> 
     </span>
    </p>
   </div>
   <div class='ocr_carea' id='block_1_16' title="bbox 163 1565 1723 1634">
    <p class='ocr_par' dir='ltr' id='par_1_16' title="bbox 163 1565 1723 1634">
     <span class='ocr_line' id='line_1_16' title="bbox 163 1565 1723 1634; baseline 0.001 -18"><span class='ocrx_word' id='word_1_107' title='bbox 163 1574 369 1616; x_wconf 86' lang='lat' dir='ltr'><strong>armata</strong></span> <span class='ocrx_word' id='word_1_108' title='bbox 402 1574 549 1629; x_wconf 90' lang='lat' dir='ltr'><strong>sunt,</strong></span> <span class='ocrx_word' id='word_1_109' title='bbox 579 1572 633 1619; x_wconf 88' lang='lat' dir='ltr'><strong>et</strong></span> <span class='ocrx_word' id='word_1_110' title='bbox 665 1565 848 1619; x_wconf 80' lang='lat' dir='ltr'><strong>taces?</strong></span> <span class='ocrx_word' id='word_1_111' title='bbox 876 1565 1044 1631; x_wconf 77' lang='lat' dir='ltr'><strong>Alter,</strong></span> <span class='ocrx_word' id='word_1_112' title='bbox 1083 1566 1280 1634; x_wconf 85' lang='lat' dir='ltr'><strong>inquit,</strong></span> <span class='ocrx_word' id='word_1_113' title='bbox 1316 1566 1532 1618; x_wconf 82' lang='lat' dir='ltr'><strong>nuntius</strong></span> <span class='ocrx_word' id='word_1_114' title='bbox 1584 1566 1723 1619; x_wconf 78' lang='lat' dir='ltr'><strong>venit</strong></span> 
     </span>
    </p>
   </div>
   <div class='ocr_carea' id='block_1_17' title="bbox 159 1653 1735 1725">
    <p class='ocr_par' dir='ltr' id='par_1_17' title="bbox 159 1653 1735 1725">
     <span class='ocr_line' id='line_1_17' title="bbox 159 1653 1735 1725; baseline 0 -18"><span class='ocrx_word' id='word_1_115' title='bbox 159 1658 228 1707; x_wconf 81' lang='lat' dir='ltr'><strong>ad</strong></span> <span class='ocrx_word' id='word_1_116' title='bbox 250 1653 380 1716; x_wconf 86' lang='lat' dir='ltr'><strong>Job,</strong></span> <span class='ocrx_word' id='word_1_117' title='bbox 416 1654 573 1720; x_wconf 82' lang='lat' dir='ltr'><strong>alter,</strong></span> <span class='ocrx_word' id='word_1_118' title='bbox 608 1665 733 1723; x_wconf 90' lang='lat' dir='ltr'><strong>post</strong></span> <span class='ocrx_word' id='word_1_119' title='bbox 770 1655 1025 1725; x_wconf 89' lang='lat' dir='ltr'><strong>primum,</strong></span> <span class='ocrx_word' id='word_1_120' title='bbox 1061 1670 1288 1710; x_wconf 88' lang='lat' dir='ltr'><strong>numero</strong></span> <span class='ocrx_word' id='word_1_121' title='bbox 1317 1670 1455 1710; x_wconf 87' lang='lat' dir='ltr'><strong>vero</strong></span> <span class='ocrx_word' id='word_1_122' title='bbox 1490 1656 1685 1710; x_wconf 88' lang='lat' dir='ltr'><strong>tertius</strong></span> <span class='ocrx_word' id='word_1_123' title='bbox 1721 1670 1735 1707; x_wconf 88' lang='lat'>:</span> 
     </span>
    </p>
   </div>
   <div class='ocr_carea' id='block_1_18' title="bbox 159 1748 1745 1814">
    <p class='ocr_par' dir='ltr' id='par_1_18' title="bbox 159 1748 1745 1814">
     <span class='ocr_line' id='line_1_18' title="bbox 159 1748 1745 1814; baseline 0.002 -14"><span class='ocrx_word' id='word_1_124' title='bbox 159 1749 303 1801; x_wconf 82' lang='lat' dir='ltr'><strong>alter</strong></span> <span class='ocrx_word' id='word_1_125' title='bbox 336 1749 391 1801; x_wconf 90' lang='lat' dir='ltr'><strong>in</strong></span> <span class='ocrx_word' id='word_1_126' title='bbox 440 1748 710 1814; x_wconf 78' lang='lat' dir='ltr'><strong>nequitia,</strong></span> <span class='ocrx_word' id='word_1_127' title='bbox 743 1748 937 1803; x_wconf 82' lang='lat' dir='ltr'><strong>tertius</strong></span> <span class='ocrx_word' id='word_1_128' title='bbox 984 1763 1113 1803; x_wconf 91' lang='lat' dir='ltr'><strong>vero</strong></span> <span class='ocrx_word' id='word_1_129' title='bbox 1152 1748 1204 1803; x_wconf 90' lang='lat' dir='ltr'><strong>in</strong></span> <span class='ocrx_word' id='word_1_130' title='bbox 1236 1749 1614 1805; x_wconf 82' lang='lat' dir='ltr'><strong>enuntiatione</strong></span> <span class='ocrx_word' id='word_1_131' title='bbox 1650 1748 1745 1803; x_wconf 90' lang='lat' dir='ltr'><strong>mi-</strong></span> 
     </span>
    </p>
   </div>
   <div class='ocr_carea' id='block_1_19' title="bbox 157 1836 1743 1910">
    <p class='ocr_par' dir='ltr' id='par_1_19' title="bbox 157 1836 1743 1910">
     <span class='ocr_line' id='line_1_19' title="bbox 157 1836 1743 1910; baseline -0.001 -15"><span class='ocrx_word' id='word_1_132' title='bbox 157 1839 342 1896; x_wconf 72' lang='grc'><strong>001101.</strong></span> <span class='ocrx_word' id='word_1_133' title='bbox 372 1836 511 1895; x_wconf 87' lang='lat' dir='ltr'><strong>Istos</strong></span> <span class='ocrx_word' id='word_1_134' title='bbox 549 1855 785 1910; x_wconf 85' lang='lat' dir='ltr'><strong>namque</strong></span> <span class='ocrx_word' id='word_1_135' title='bbox 814 1840 1179 1910; x_wconf 85' lang='lat' dir='ltr'><strong>nequissimos</strong></span> <span class='ocrx_word' id='word_1_136' title='bbox 1227 1841 1449 1896; x_wconf 88' lang='lat' dir='ltr'><strong>nuntios</strong></span> <span class='ocrx_word' id='word_1_137' title='bbox 1492 1841 1743 1896; x_wconf 77' lang='lat' dir='ltr'><strong>iniseria-</strong></span> 
     </span>
    </p>
   </div>
   <div class='ocr_carea' id='block_1_20' title="bbox 159 1933 1746 2003">
    <p class='ocr_par' dir='ltr' id='par_1_20' title="bbox 159 1933 1746 2003">
     <span class='ocr_line' id='line_1_20' title="bbox 159 1933 1746 2003; baseline 0.001 -18"><span class='ocrx_word' id='word_1_138' title='bbox 159 1947 283 1985; x_wconf 90' lang='lat' dir='ltr'><strong>rum</strong></span> <span class='ocrx_word' id='word_1_139' title='bbox 313 1933 723 1989; x_wconf 90' lang='lat' dir='ltr'><strong>annuntiatores</strong></span> <span class='ocrx_word' id='word_1_140' title='bbox 743 1943 907 2003; x_wconf 89' lang='lat' dir='ltr'><strong>atque</strong></span> <span class='ocrx_word' id='word_1_141' title='bbox 938 1934 1199 1988; x_wconf 75' lang='lat' dir='ltr'><strong>malarum</strong></span> <span class='ocrx_word' id='word_1_142' title='bbox 1228 1944 1594 2002; x_wconf 78' lang='lat' dir='ltr'><strong>suggestores,</strong></span> <span class='ocrx_word' id='word_1_143' title='bbox 1627 1944 1746 1987; x_wconf 78' lang='lat' dir='ltr'><strong>tau-</strong></span> 
     </span>
    </p>
   </div>
   <div class='ocr_carea' id='block_1_21' title="bbox 155 2022 1746 2094">
    <p class='ocr_par' dir='ltr' id='par_1_21' title="bbox 155 2022 1746 2094">
     <span class='ocr_line' id='line_1_21' title="bbox 155 2022 1746 2094; baseline 0 -16"><span class='ocrx_word' id='word_1_144' title='bbox 155 2037 325 2092; x_wconf 84' lang='lat' dir='ltr'><strong>quam</strong></span> <span class='ocrx_word' id='word_1_145' title='bbox 355 2024 512 2078; x_wconf 76' lang='lat' dir='ltr'><strong>home</strong></span> <span class='ocrx_word' id='word_1_146' title='bbox 533 2024 936 2093; x_wconf 70' lang='lat' dir='ltr'><strong>praedicationis</strong></span> <span class='ocrx_word' id='word_1_147' title='bbox 966 2025 1210 2089; x_wconf 86' lang='lat' dir='ltr'><strong>nuntios,</strong></span> <span class='ocrx_word' id='word_1_148' title='bbox 1234 2022 1487 2078; x_wconf 83' lang='lat' dir='ltr'><strong>mittebat</strong></span> <span class='ocrx_word' id='word_1_149' title='bbox 1525 2023 1746 2094; x_wconf 87' lang='lat' dir='ltr'><strong>nequis-</strong></span> 
     </span>
    </p>
   </div>
   <div class='ocr_carea' id='block_1_22' title="bbox 154 2114 1745 2185">
    <p class='ocr_par' dir='ltr' id='par_1_22' title="bbox 154 2114 1745 2185">
     <span class='ocr_line' id='line_1_22' title="bbox 154 2114 1745 2185; baseline -0.001 -13"><span class='ocrx_word' id='word_1_150' title='bbox 154 2117 355 2173; x_wconf 84' lang='lat' dir='ltr'><strong>simus.</strong></span> <span class='ocrx_word' id='word_1_151' title='bbox 404 2116 551 2182; x_wconf 87' lang='lat' dir='ltr'><strong>Quos</strong></span> <span class='ocrx_word' id='word_1_152' title='bbox 592 2118 754 2171; x_wconf 88' lang='lat' dir='ltr'><strong>etiam</strong></span> <span class='ocrx_word' id='word_1_153' title='bbox 808 2116 929 2171; x_wconf 90' lang='lat' dir='ltr'><strong>ideo</strong></span> <span class='ocrx_word' id='word_1_154' title='bbox 984 2124 1280 2185; x_wconf 75' lang='lat' dir='ltr'><strong>superesSe</strong></span> <span class='ocrx_word' id='word_1_155' title='bbox 1332 2114 1481 2181; x_wconf 87' lang='lat' dir='ltr'><strong>fecit,</strong></span> <span class='ocrx_word' id='word_1_156' title='bbox 1519 2127 1578 2170; x_wconf 91' lang='lat' dir='ltr'><strong>ut</strong></span> <span class='ocrx_word' id='word_1_157' title='bbox 1628 2114 1745 2185; x_wconf 87' lang='lat' dir='ltr'><strong>ejus</strong></span> 
     </span>
    </p>
   </div>
   <div class='ocr_carea' id='block_1_23' title="bbox 157 2198 1741 2288">
    <p class='ocr_par' dir='ltr' id='par_1_23' title="bbox 157 2198 1741 2288">
     <span class='ocr_line' id='line_1_23' title="bbox 157 2198 1741 2288; baseline 0.001 -25"><span class='ocrx_word' id='word_1_158' title='bbox 157 2209 372 2288; x_wconf 86' lang='lat' dir='ltr'><strong>malitia</strong></span> <span class='ocrx_word' id='word_1_159' title='bbox 413 2209 545 2264; x_wconf 86' lang='lat' dir='ltr'><strong>huic</strong></span> <span class='ocrx_word' id='word_1_160' title='bbox 592 2209 941 2263; x_wconf 86' lang='lat' dir='ltr'><strong>miseriarum</strong></span> <span class='ocrx_word' id='word_1_161' title='bbox 983 2198 1381 2264; x_wconf 59' lang='lat' dir='ltr'><strong>denunti&#39;ationi</strong></span> <span class='ocrx_word' id='word_1_162' title='bbox 1418 2209 1741 2265; x_wconf 84' lang='lat' dir='ltr'><strong>deserviret.</strong></span> 
     </span>
    </p>
   </div>
   <div class='ocr_carea' id='block_1_24' title="bbox 154 2293 1741 2367">
    <p class='ocr_par' dir='ltr' id='par_1_24' title="bbox 154 2293 1741 2367">
     <span class='ocr_line' id='line_1_24' title="bbox 154 2293 1741 2367; baseline 0.004 -19"><span class='ocrx_word' id='word_1_163' title='bbox 154 2293 275 2349; x_wconf 84' lang='lat' dir='ltr'><strong>Non</strong></span> <span class='ocrx_word' id='word_1_164' title='bbox 312 2296 457 2350; x_wconf 89' lang='lat' dir='ltr'><strong>enim</strong></span> <span class='ocrx_word' id='word_1_165' title='bbox 488 2296 665 2366; x_wconf 89' lang='lat' dir='ltr'><strong>angeli</strong></span> <span class='ocrx_word' id='word_1_166' title='bbox 699 2295 939 2362; x_wconf 85' lang='lat' dir='ltr'><strong>fuerunt,</strong></span> <span class='ocrx_word' id='word_1_167' title='bbox 974 2296 1113 2351; x_wconf 77' lang='lat' dir='ltr'><strong>sicut</strong></span> <span class='ocrx_word' id='word_1_168' title='bbox 1138 2297 1361 2365; x_wconf 90' lang='lat' dir='ltr'><strong>quidam</strong></span> <span class='ocrx_word' id='word_1_169' title='bbox 1386 2298 1741 2367; x_wconf 84' lang='lat' dir='ltr'><strong>arbitrantur,</strong></span> 
     </span>
    </p>
   </div>
   <div class='ocr_carea' id='block_1_25' title="bbox 155 2390 1742 2461">
    <p class='ocr_par' dir='ltr' id='par_1_25' title="bbox 155 2390 1742 2461">
     <span class='ocr_line' id='line_1_25' title="bbox 155 2390 1742 2461; baseline 0.004 -19"><span class='ocrx_word' id='word_1_170' title='bbox 155 2398 336 2458; x_wconf 86' lang='lat' dir='ltr'><strong>neque</strong></span> <span class='ocrx_word' id='word_1_171' title='bbox 362 2390 641 2459; x_wconf 79' lang='lat' dir='ltr'><strong>spiritales</strong></span> <span class='ocrx_word' id='word_1_172' title='bbox 671 2390 966 2454; x_wconf 72' lang='lat' dir='ltr'><strong>daemones,</strong></span> <span class='ocrx_word' id='word_1_173' title='bbox 995 2390 1089 2445; x_wconf 87' lang='lat' dir='ltr'><strong>sed</strong></span> <span class='ocrx_word' id='word_1_174' title='bbox 1130 2390 1381 2447; x_wconf 87' lang='lat' dir='ltr'><strong>homines</strong></span> <span class='ocrx_word' id='word_1_175' title='bbox 1422 2390 1642 2461; x_wconf 85' lang='lat' dir='ltr'><strong>quidam</strong></span> <span class='ocrx_word' id='word_1_176' title='bbox 1676 2407 1742 2448; x_wconf 79' lang='lat' dir='ltr'><strong>ex</strong></span> 
     </span>
    </p>
   </div>
   <div class='ocr_carea' id='block_1_26' title="bbox 156 2479 1745 2553">
    <p class='ocr_par' dir='ltr' id='par_1_26' title="bbox 156 2479 1745 2553">
     <span class='ocr_line' id='line_1_26' title="bbox 156 2479 1745 2553; baseline 0.002 -19"><span class='ocrx_word' id='word_1_177' title='bbox 156 2481 378 2536; x_wconf 79' lang='lat' dir='ltr'><strong>famulis</strong></span> <span class='ocrx_word' id='word_1_178' title='bbox 414 2479 536 2545; x_wconf 77' lang='lat' dir='ltr'><strong>Joh,</strong></span> <span class='ocrx_word' id='word_1_179' title='bbox 570 2482 878 2537; x_wconf 85' lang='lat' dir='ltr'><strong>conservati</strong></span> <span class='ocrx_word' id='word_1_180' title='bbox 924 2483 995 2537; x_wconf 92' lang='lat' dir='ltr'><strong>ab</strong></span> <span class='ocrx_word' id='word_1_181' title='bbox 1033 2482 1366 2549; x_wconf 77' lang='lat' dir='ltr'><strong>adversario,</strong></span> <span class='ocrx_word' id='word_1_182' title='bbox 1406 2491 1575 2553; x_wconf 89' lang='lat' dir='ltr'><strong>atque</strong></span> <span class='ocrx_word' id='word_1_183' title='bbox 1618 2497 1745 2538; x_wconf 90' lang='lat' dir='ltr'><strong>suc-</strong></span> 
     </span>
    </p>
   </div>
   <div class='ocr_carea' id='block_1_27' title="bbox 153 2573 1746 2645">
    <p class='ocr_par' dir='ltr' id='par_1_27' title="bbox 153 2573 1746 2645">
     <span class='ocr_line' id='line_1_27' title="bbox 153 2573 1746 2645; baseline 0.003 -20"><span class='ocrx_word' id='word_1_184' title='bbox 153 2574 308 2631; x_wconf 69' lang='lat' dir='ltr'><strong>censi</strong></span> <span class='ocrx_word' id='word_1_185' title='bbox 340 2589 370 2627; x_wconf 92' lang='lat' dir='ltr'><strong>a</strong></span> <span class='ocrx_word' id='word_1_186' title='bbox 414 2573 631 2628; x_wconf 86' lang='lat' dir='ltr'><strong>diabolo</strong></span> <span class='ocrx_word' id='word_1_187' title='bbox 660 2573 727 2628; x_wconf 88' lang='lat' dir='ltr'><strong>ad</strong></span> <span class='ocrx_word' id='word_1_188' title='bbox 759 2574 984 2629; x_wconf 88' lang='lat' dir='ltr'><strong>dicenda</strong></span> <span class='ocrx_word' id='word_1_189' title='bbox 1027 2574 1207 2629; x_wconf 87' lang='lat' dir='ltr'><strong>omnia</strong></span> <span class='ocrx_word' id='word_1_190' title='bbox 1238 2589 1303 2629; x_wconf 91' lang='lat' dir='ltr'><strong>ac</strong></span> <span class='ocrx_word' id='word_1_191' title='bbox 1344 2573 1613 2639; x_wconf 75' lang='lat' dir='ltr'><strong>facienda,</strong></span> <span class='ocrx_word' id='word_1_192' title='bbox 1649 2590 1746 2645; x_wconf 92' lang='lat' dir='ltr'><strong>per</strong></span> 
     </span>
    </p>
   </div>
   <div class='ocr_carea' id='block_1_28' title="bbox 152 2653 1743 2738">
    <p class='ocr_par' dir='ltr' id='par_1_28' title="bbox 152 2653 1743 2738">
     <span class='ocr_line' id='line_1_28' title="bbox 152 2653 1743 2738; baseline -0.001 -16"><span class='ocrx_word' id='word_1_193' title='bbox 152 2682 276 2736; x_wconf 65' lang='lat' dir='ltr'><strong>quae</strong></span> <span class='ocrx_word' id='word_1_194' title='bbox 310 2676 538 2736; x_wconf 85' lang='lat' dir='ltr'><strong>possent</strong></span> <span class='ocrx_word' id='word_1_195' title='bbox 579 2665 681 2724; x_wconf 80' lang='lat' dir='ltr'><strong>Job</strong></span> <span class='ocrx_word' id='word_1_196' title='bbox 721 2668 1049 2723; x_wconf 83' lang='lat' dir='ltr'><strong>subvertere</strong></span> <span class='ocrx_word' id='word_1_197' title='bbox 1086 2668 1153 2722; x_wconf 91' lang='lat' dir='ltr'><strong>ad</strong></span> <span class='ocrx_word' id='word_1_198' title='bbox 1191 2666 1288 2724; x_wconf 90' lang='lat' dir='ltr'><strong>Dei</strong></span> <span class='ocrx_word' id='word_1_199' title='bbox 1324 2653 1743 2738; x_wconf 58' lang='lat' dir='ltr'><strong>blasphemiam;</strong></span> 
     </span>
    </p>
   </div>
   <div class='ocr_carea' id='block_1_29' title="bbox 150 2755 1745 2831">
    <p class='ocr_par' dir='ltr' id='par_1_29' title="bbox 150 2755 1745 2831">
     <span class='ocr_line' id='line_1_29' title="bbox 150 2755 1745 2831; baseline -0.001 -16"><span class='ocrx_word' id='word_1_200' title='bbox 150 2755 380 2815; x_wconf 84' lang='lat' dir='ltr'><strong>Tertius</strong></span> <span class='ocrx_word' id='word_1_201' title='bbox 416 2774 547 2831; x_wconf 89' lang='lat' dir='ltr'><strong>ergo</strong></span> <span class='ocrx_word' id='word_1_202' title='bbox 589 2759 679 2815; x_wconf 91' lang='lat' dir='ltr'><strong>hic</strong></span> <span class='ocrx_word' id='word_1_203' title='bbox 726 2760 949 2816; x_wconf 89' lang='lat' dir='ltr'><strong>nuntius</strong></span> <span class='ocrx_word' id='word_1_204' title='bbox 982 2759 1130 2815; x_wconf 82' lang='lat' dir='ltr'><strong>venit</strong></span> <span class='ocrx_word' id='word_1_205' title='bbox 1176 2760 1245 2815; x_wconf 92' lang='lat' dir='ltr'><strong>ad</strong></span> <span class='ocrx_word' id='word_1_206' title='bbox 1281 2755 1403 2823; x_wconf 81' lang='lat' dir='ltr'><strong>Job,</strong></span> <span class='ocrx_word' id='word_1_207' title='bbox 1450 2769 1506 2815; x_wconf 91' lang='lat' dir='ltr'><strong>et</strong></span> <span class='ocrx_word' id='word_1_208' title='bbox 1551 2760 1745 2815; x_wconf 89' lang='lat' dir='ltr'><strong>tertius</strong></span> 
     </span>
    </p>
   </div>
   <div class='ocr_carea' id='block_1_30' title="bbox 150 2852 1741 2923">
    <p class='ocr_par' dir='ltr' id='par_1_30' title="bbox 150 2852 1741 2923">
     <span class='ocr_line' id='line_1_30' title="bbox 150 2852 1741 2923; baseline 0 -16"><span class='ocrx_word' id='word_1_209' title='bbox 150 2852 361 2907; x_wconf 89' lang='lat' dir='ltr'><strong>doloris</strong></span> <span class='ocrx_word' id='word_1_210' title='bbox 383 2867 562 2923; x_wconf 68' lang='lat' dir='ltr'><strong>prmco</strong></span> <span class='ocrx_word' id='word_1_211' title='bbox 584 2852 657 2907; x_wconf 90' lang='lat' dir='ltr'><strong>illi</strong></span> <span class='ocrx_word' id='word_1_212' title='bbox 681 2853 929 2917; x_wconf 85' lang='grc'><strong>01100100,</strong></span> <span class='ocrx_word' id='word_1_213' title='bbox 947 2854 1142 2908; x_wconf 86' lang='grc'><strong>1011100</strong></span> <span class='ocrx_word' id='word_1_214' title='bbox 1161 2853 1505 2919; x_wconf 82' lang='lat' dir='ltr'><strong>memoravit,</strong></span> <span class='ocrx_word' id='word_1_215' title='bbox 1521 2852 1706 2908; x_wconf 90' lang='lat' dir='ltr'><strong>dicens</strong></span> <span class='ocrx_word' id='word_1_216' title='bbox 1728 2872 1741 2908; x_wconf 92' lang='lat'><strong>:</strong></span> 
     </span>
    </p>
   </div>
   <div class='ocr_carea' id='block_1_31' title="bbox 152 2930 1745 3017">
    <p class='ocr_par' dir='ltr' id='par_1_31' title="bbox 152 2930 1745 3017">
     <span class='ocr_line' id='line_1_31' title="bbox 152 2930 1745 3017; baseline 0 -18"><span class='ocrx_word' id='word_1_217' title='bbox 152 2946 377 3017; x_wconf 75' lang='lat' dir='ltr'><strong>Equites</strong></span> <span class='ocrx_word' id='word_1_218' title='bbox 408 2948 645 3014; x_wconf 79' lang='lat' dir='ltr'><strong>fecerunt</strong></span> <span class='ocrx_word' id='word_1_219' title='bbox 685 2949 790 3001; x_wconf 81' lang='lat' dir='ltr'><strong>tria</strong></span> <span class='ocrx_word' id='word_1_220' title='bbox 831 2956 1055 3002; x_wconf 79' lang='lat' dir='ltr'><strong>cernua.</strong></span> <span class='ocrx_word' id='word_1_221' title='bbox 1086 2946 1187 3014; x_wconf 88' lang='lat' dir='ltr'><strong>Qui</strong></span> <span class='ocrx_word' id='word_1_222' title='bbox 1216 2946 1453 3017; x_wconf 84' lang='lat' dir='ltr'><strong>equites,</strong></span> <span class='ocrx_word' id='word_1_223' title='bbox 1478 2960 1512 3001; x_wconf 91' lang='lat'><strong>0</strong></span> <span class='ocrx_word' id='word_1_224' title='bbox 1543 2930 1745 3001; x_wconf 85' lang='lat' dir='ltr'><strong>homo?</strong></span> 
     </span>
    </p>
   </div>
   <div class='ocr_carea' id='block_1_32' title="bbox 148 3032 1745 3109">
    <p class='ocr_par' dir='ltr' id='par_1_32' title="bbox 148 3032 1745 3109">
     <span class='ocr_line' id='line_1_32' title="bbox 148 3032 1745 3109; baseline -0.001 -19"><span class='ocrx_word' id='word_1_225' title='bbox 148 3032 404 3091; x_wconf 79' lang='lat' dir='ltr'><strong>Mentiris</strong></span> <span class='ocrx_word' id='word_1_226' title='bbox 420 3038 582 3091; x_wconf 90' lang='lat' dir='ltr'><strong>etiam</strong></span> <span class='ocrx_word' id='word_1_227' title='bbox 612 3037 734 3093; x_wconf 89' lang='lat' dir='ltr'><strong>istic</strong></span> <span class='ocrx_word' id='word_1_228' title='bbox 756 3048 810 3093; x_wconf 91' lang='lat' dir='ltr'><strong>et</strong></span> <span class='ocrx_word' id='word_1_229' title='bbox 857 3037 910 3092; x_wconf 91' lang='lat' dir='ltr'><strong>in</strong></span> <span class='ocrx_word' id='word_1_230' title='bbox 958 3038 1172 3103; x_wconf 84' lang='lat' dir='ltr'><strong>ovibus,</strong></span> <span class='ocrx_word' id='word_1_231' title='bbox 1203 3052 1325 3092; x_wconf 89' lang='lat' dir='ltr'><strong>cum</strong></span> <span class='ocrx_word' id='word_1_232' title='bbox 1353 3036 1567 3093; x_wconf 84' lang='lat' dir='ltr'><strong>diceres</strong></span> <span class='ocrx_word' id='word_1_233' title='bbox 1599 3034 1745 3109; x_wconf 90' lang='lat' dir='ltr'><strong>quod</strong></span> 
     </span>
    </p>
   </div>
   <div class='ocr_carea' id='block_1_33' title="bbox 1863 538 3437 615">
    <p class='ocr_par' dir='ltr' id='par_1_33' title="bbox 1863 538 3437 615">
     <span class='ocr_line' id='line_1_33' title="bbox 1863 538 3437 615; baseline 0.002 -22"><span class='ocrx_word' id='word_1_234' title='bbox 1863 538 1955 593; x_wconf 91' lang='lat' dir='ltr'><strong>Isti</strong></span> <span class='ocrx_word' id='word_1_235' title='bbox 1995 555 2126 611; x_wconf 83' lang='lat' dir='ltr'><strong>ergo</strong></span> <span class='ocrx_word' id='word_1_236' title='bbox 2158 542 2293 597; x_wconf 87' lang='lat' dir='ltr'><strong>tales</strong></span> <span class='ocrx_word' id='word_1_237' title='bbox 2332 551 2457 596; x_wconf 88' lang='lat' dir='ltr'><strong>sunt</strong></span> <span class='ocrx_word' id='word_1_238' title='bbox 2489 543 2612 613; x_wconf 89' lang='lat' dir='ltr'><strong>equi</strong></span> <span class='ocrx_word' id='word_1_239' title='bbox 2646 543 2865 609; x_wconf 88' lang='lat' dir='ltr'><strong>diaboli,</strong></span> <span class='ocrx_word' id='word_1_240' title='bbox 2896 543 2983 598; x_wconf 90' lang='lat' dir='ltr'><strong>isti</strong></span> <span class='ocrx_word' id='word_1_241' title='bbox 3015 554 3142 597; x_wconf 92' lang='lat' dir='ltr'><strong>sunt</strong></span> <span class='ocrx_word' id='word_1_242' title='bbox 3165 544 3289 615; x_wconf 86' lang='lat' dir='ltr'><strong>equi</strong></span> <span class='ocrx_word' id='word_1_243' title='bbox 3323 559 3437 599; x_wconf 83' lang='lat' dir='ltr'><strong>ma-</strong></span> 
     </span>
    </p>
   </div>
   <div class='ocr_carea' id='block_1_34' title="bbox 1862 632 3436 707">
    <p class='ocr_par' dir='ltr' id='par_1_34' title="bbox 1862 632 3436 707">
     <span class='ocr_line' id='line_1_34' title="bbox 1862 632 3436 707; baseline 0.003 -21"><span class='ocrx_word' id='word_1_244' title='bbox 1862 632 2011 703; x_wconf 83' lang='lat' dir='ltr'><strong>ligni,</strong></span> <span class='ocrx_word' id='word_1_245' title='bbox 2034 645 2089 689; x_wconf 89' lang='lat' dir='ltr'><strong>et</strong></span> <span class='ocrx_word' id='word_1_246' title='bbox 2125 636 2212 689; x_wconf 90' lang='lat' dir='ltr'><strong>isti</strong></span> <span class='ocrx_word' id='word_1_247' title='bbox 2240 650 2429 691; x_wconf 91' lang='lat' dir='ltr'><strong>omnes</strong></span> <span class='ocrx_word' id='word_1_248' title='bbox 2461 638 2550 707; x_wconf 86' lang='lat' dir='ltr'><strong>qui</strong></span> <span class='ocrx_word' id='word_1_249' title='bbox 2580 635 2821 707; x_wconf 89' lang='lat' dir='ltr'><strong>ejusdem</strong></span> <span class='ocrx_word' id='word_1_250' title='bbox 2855 637 3106 691; x_wconf 90' lang='lat' dir='ltr'><strong>serviunt</strong></span> <span class='ocrx_word' id='word_1_251' title='bbox 3134 636 3436 705; x_wconf 84' lang='lat' dir='ltr'><strong>iniquitati,</strong></span> 
     </span>
    </p>
   </div>
   <div class='ocr_carea' id='block_1_35' title="bbox 1862 726 3439 800">
    <p class='ocr_par' dir='ltr' id='par_1_35' title="bbox 1862 726 3439 800">
     <span class='ocr_line' id='line_1_35' title="bbox 1862 726 3439 800; baseline 0.004 -21"><span class='ocrx_word' id='word_1_252' title='bbox 1862 726 1948 780; x_wconf 92' lang='lat' dir='ltr'><strong>isti</strong></span> <span class='ocrx_word' id='word_1_253' title='bbox 1976 742 2204 797; x_wconf 91' lang='lat' dir='ltr'><strong>quorum</strong></span> <span class='ocrx_word' id='word_1_254' title='bbox 2246 730 2408 797; x_wconf 85' lang='lat' dir='ltr'><strong>pedes</strong></span> <span class='ocrx_word' id='word_1_255' title='bbox 2438 729 2489 783; x_wconf 93' lang='lat' dir='ltr'><strong>in</strong></span> <span class='ocrx_word' id='word_1_256' title='bbox 2532 729 2913 799; x_wconf 88' lang='lat' dir='ltr'><strong>iniquitatibus</strong></span> <span class='ocrx_word' id='word_1_257' title='bbox 2955 738 3205 786; x_wconf 89' lang='lat' dir='ltr'><strong>currunt.</strong></span> <span class='ocrx_word' id='word_1_258' title='bbox 3245 728 3439 800; x_wconf 51' lang='lat' dir='ltr'><strong>Hujus.</strong></span> 
     </span>
    </p>
   </div>
   <div class='ocr_carea' id='block_1_36' title="bbox 1860 818 3440 890">
    <p class='ocr_par' dir='ltr' id='par_1_36' title="bbox 1860 818 3440 890">
     <span class='ocr_line' id='line_1_36' title="bbox 1860 818 3440 890; baseline 0.002 -19"><span class='ocrx_word' id='word_1_259' title='bbox 1860 819 2003 873; x_wconf 92' lang='lat' dir='ltr'><strong>modi</strong></span> <span class='ocrx_word' id='word_1_260' title='bbox 2030 834 2263 890; x_wconf 87' lang='lat' dir='ltr'><strong>namque</strong></span> <span class='ocrx_word' id='word_1_261' title='bbox 2290 835 2553 890; x_wconf 90' lang='lat' dir='ltr'><strong>equorum</strong></span> <span class='ocrx_word' id='word_1_262' title='bbox 2584 823 2748 889; x_wconf 89' lang='lat' dir='ltr'><strong>pedes</strong></span> <span class='ocrx_word' id='word_1_263' title='bbox 2772 819 2985 875; x_wconf 87' lang='lat' dir='ltr'><strong>veloces</strong></span> <span class='ocrx_word' id='word_1_264' title='bbox 3009 830 3135 877; x_wconf 87' lang='lat' dir='ltr'><strong>sunt</strong></span> <span class='ocrx_word' id='word_1_265' title='bbox 3170 820 3236 873; x_wconf 90' lang='lat' dir='ltr'><strong>ad</strong></span> <span class='ocrx_word' id='word_1_266' title='bbox 3267 818 3440 876; x_wconf 82' lang='grc'><strong>01100-</strong></span> 
     </span>
    </p>
   </div>
   <div class='ocr_carea' id='block_1_37' title="bbox 1857 910 3438 983">
    <p class='ocr_par' dir='ltr' id='par_1_37' title="bbox 1857 910 3438 983">
     <span class='ocr_line' id='line_1_37' title="bbox 1857 910 3438 983; baseline -0.001 -19"><span class='ocrx_word' id='word_1_267' title='bbox 1857 910 2095 966; x_wconf 88' lang='lat' dir='ltr'><strong>dendum</strong></span> <span class='ocrx_word' id='word_1_268' title='bbox 2125 912 2466 983; x_wconf 86' lang='lat' dir='ltr'><strong>sanguinem.</strong></span> <span class='ocrx_word' id='word_1_269' title='bbox 2496 912 2718 981; x_wconf 86' lang='lat' dir='ltr'><strong>Equites</strong></span> <span class='ocrx_word' id='word_1_270' title='bbox 2749 921 2874 967; x_wconf 91' lang='lat' dir='ltr'><strong>sunt</strong></span> <span class='ocrx_word' id='word_1_271' title='bbox 2901 912 3211 983; x_wconf 84' lang='lat' dir='ltr'><strong>nequissimi</strong></span> <span class='ocrx_word' id='word_1_272' title='bbox 3237 913 3438 966; x_wconf 83' lang='grc' dir='ltr'><strong>(10010οο</strong></span> 
     </span>
    </p>
   </div>
   <div class='ocr_carea' id='block_1_38' title="bbox 1858 1000 3437 1076">
    <p class='ocr_par' dir='ltr' id='par_1_38' title="bbox 1858 1000 3437 1076">
     <span class='ocr_line' id='line_1_38' title="bbox 1858 1000 3437 1076; baseline 0.001 -18"><span class='ocrx_word' id='word_1_273' title='bbox 1858 1018 1956 1059; x_wconf 88' lang='lat' dir='ltr'><strong>nes</strong></span> <span class='ocrx_word' id='word_1_274' title='bbox 2018 1013 2183 1075; x_wconf 86' lang='lat' dir='ltr'><strong>atque</strong></span> <span class='ocrx_word' id='word_1_275' title='bbox 2233 1005 2377 1059; x_wconf 88' lang='lat' dir='ltr'><strong>aerei</strong></span> <span class='ocrx_word' id='word_1_276' title='bbox 2426 1005 2676 1075; x_wconf 88' lang='lat' dir='ltr'><strong>spiritus.</strong></span> <span class='ocrx_word' id='word_1_277' title='bbox 2732 1000 2878 1060; x_wconf 86' lang='lat' dir='ltr'><strong>Talis</strong></span> <span class='ocrx_word' id='word_1_278' title='bbox 2934 1006 3075 1059; x_wconf 90' lang='lat' dir='ltr'><strong>enim</strong></span> <span class='ocrx_word' id='word_1_279' title='bbox 3134 1022 3305 1076; x_wconf 88' lang='lat' dir='ltr'><strong>equus</strong></span> <span class='ocrx_word' id='word_1_280' title='bbox 3337 1005 3437 1059; x_wconf 87' lang='lat' dir='ltr'><strong>fuit</strong></span> 
     </span>
    </p>
   </div>
   <div class='ocr_carea' id='block_1_39' title="bbox 1863 1095 3433 1170">
    <p class='ocr_par' dir='ltr' id='par_1_39' title="bbox 1863 1095 3433 1170">
     <span class='ocr_line' id='line_1_39' title="bbox 1863 1095 3433 1170; baseline 0 -18"><span class='ocrx_word' id='word_1_281' title='bbox 1863 1096 1993 1153; x_wconf 92' lang='lat' dir='ltr'><strong>olim</strong></span> <span class='ocrx_word' id='word_1_282' title='bbox 2034 1095 2553 1165; x_wconf 77' lang='lat' dir='ltr'><strong>Nabuchodonosor,</strong></span> <span class='ocrx_word' id='word_1_283' title='bbox 2578 1102 2671 1155; x_wconf 89' lang='lat' dir='ltr'><strong>sed</strong></span> <span class='ocrx_word' id='word_1_284' title='bbox 2708 1116 2811 1155; x_wconf 90' lang='lat' dir='ltr'><strong>non</strong></span> <span class='ocrx_word' id='word_1_285' title='bbox 2837 1099 3060 1170; x_wconf 83' lang='lat' dir='ltr'><strong>jugiter,</strong></span> <span class='ocrx_word' id='word_1_286' title='bbox 3097 1100 3190 1154; x_wconf 88' lang='lat' dir='ltr'><strong>sed</strong></span> <span class='ocrx_word' id='word_1_287' title='bbox 3227 1109 3433 1168; x_wconf 84' lang='lat' dir='ltr'><strong>septem</strong></span> 
     </span>
    </p>
   </div>
   <div class='ocr_carea' id='block_1_40' title="bbox 1857 1190 3433 1261">
    <p class='ocr_par' dir='ltr' id='par_1_40' title="bbox 1857 1190 3433 1261">
     <span class='ocr_line' id='line_1_40' title="bbox 1857 1190 3433 1261; baseline -0.003 -16"><span class='ocrx_word' id='word_1_288' title='bbox 1857 1192 2017 1246; x_wconf 87' lang='lat' dir='ltr'><strong>annis</strong></span> <span class='ocrx_word' id='word_1_289' title='bbox 2077 1199 2305 1259; x_wconf 87' lang='lat' dir='ltr'><strong>tantum,</strong></span> <span class='ocrx_word' id='word_1_290' title='bbox 2338 1191 2534 1261; x_wconf 89' lang='lat' dir='ltr'><strong>quibus</strong></span> <span class='ocrx_word' id='word_1_291' title='bbox 2569 1207 2597 1247; x_wconf 92' lang='lat' dir='ltr'><strong>a</strong></span> <span class='ocrx_word' id='word_1_292' title='bbox 2633 1190 2983 1261; x_wconf 87' lang='lat' dir='ltr'><strong>nequissimis</strong></span> <span class='ocrx_word' id='word_1_293' title='bbox 3037 1190 3330 1260; x_wconf 87' lang='lat' dir='ltr'><strong>equitibus,</strong></span> <span class='ocrx_word' id='word_1_294' title='bbox 3382 1190 3433 1242; x_wconf 90' lang='lat' dir='ltr'><strong>id</strong></span> 
     </span>
    </p>
   </div>
   <div class='ocr_carea' id='block_1_41' title="bbox 1855 1279 3435 1352">
    <p class='ocr_par' dir='ltr' id='par_1_41' title="bbox 1855 1279 3435 1352">
     <span class='ocr_line' id='line_1_41' title="bbox 1855 1279 3435 1352; baseline 0 -15"><span class='ocrx_word' id='word_1_295' title='bbox 1855 1293 1937 1337; x_wconf 89' lang='lat' dir='ltr'><strong>est</strong></span> <span class='ocrx_word' id='word_1_296' title='bbox 1965 1283 2324 1347; x_wconf 62' lang='lat' dir='ltr'><strong>daemonibus,</strong></span> <span class='ocrx_word' id='word_1_297' title='bbox 2378 1283 2743 1351; x_wconf 80' lang='lat' dir='ltr'><strong>imparcenter</strong></span> <span class='ocrx_word' id='word_1_298' title='bbox 2792 1292 2873 1339; x_wconf 87' lang='lat' dir='ltr'><strong>est</strong></span> <span class='ocrx_word' id='word_1_299' title='bbox 2929 1282 3254 1352; x_wconf 79' lang='lat' dir='ltr'><strong>exagitatus.</strong></span> <span class='ocrx_word' id='word_1_300' title='bbox 3288 1279 3435 1337; x_wconf 86' lang='lat' dir='ltr'><strong>Talis</strong></span> 
     </span>
    </p>
   </div>
   <div class='ocr_carea' id='block_1_42' title="bbox 1854 1368 3435 1447">
    <p class='ocr_par' dir='ltr' id='par_1_42' title="bbox 1854 1368 3435 1447">
     <span class='ocr_line' id='line_1_42' title="bbox 1854 1368 3435 1447; baseline -0.001 -16"><span class='ocrx_word' id='word_1_301' title='bbox 1854 1390 2024 1446; x_wconf 87' lang='lat' dir='ltr'><strong>equus</strong></span> <span class='ocrx_word' id='word_1_302' title='bbox 2052 1375 2153 1429; x_wconf 90' lang='lat' dir='ltr'><strong>fuit</strong></span> <span class='ocrx_word' id='word_1_303' title='bbox 2179 1388 2231 1431; x_wconf 89' lang='lat' dir='ltr'><strong>et</strong></span> <span class='ocrx_word' id='word_1_304' title='bbox 2262 1374 2353 1431; x_wconf 90' lang='lat' dir='ltr'><strong>ille</strong></span> <span class='ocrx_word' id='word_1_305' title='bbox 2387 1377 2476 1446; x_wconf 87' lang='lat' dir='ltr'><strong>qui</strong></span> <span class='ocrx_word' id='word_1_306' title='bbox 2508 1377 2560 1431; x_wconf 89' lang='lat' dir='ltr'><strong>in</strong></span> <span class='ocrx_word' id='word_1_307' title='bbox 2597 1368 2908 1447; x_wconf 82' lang='lat' dir='ltr'><strong>Evangeliis</strong></span> <span class='ocrx_word' id='word_1_308' title='bbox 2939 1391 2967 1430; x_wconf 88' lang='lat' dir='ltr'><strong>a</strong></span> <span class='ocrx_word' id='word_1_309' title='bbox 3001 1374 3211 1446; x_wconf 82' lang='lat' dir='ltr'><strong>legione</strong></span> <span class='ocrx_word' id='word_1_310' title='bbox 3238 1375 3435 1430; x_wconf 80' lang='lat' dir='ltr'><strong>simili-</strong></span> 
     </span>
    </p>
   </div>
   <div class='ocr_carea' id='block_1_43' title="bbox 1855 1469 3434 1540">
    <p class='ocr_par' dir='ltr' id='par_1_43' title="bbox 1855 1469 3434 1540">
     <span class='ocr_line' id='line_1_43' title="bbox 1855 1469 3434 1540; baseline 0.001 -16"><span class='ocrx_word' id='word_1_311' title='bbox 1855 1479 1937 1524; x_wconf 89' lang='lat' dir='ltr'><strong>ter</strong></span> <span class='ocrx_word' id='word_1_312' title='bbox 1974 1484 2072 1540; x_wconf 90' lang='lat' dir='ltr'><strong>per</strong></span> <span class='ocrx_word' id='word_1_313' title='bbox 2097 1470 2311 1529; x_wconf 88' lang='lat' dir='ltr'><strong>deserta</strong></span> <span class='ocrx_word' id='word_1_314' title='bbox 2355 1479 2411 1524; x_wconf 90' lang='lat' dir='ltr'><strong>et</strong></span> <span class='ocrx_word' id='word_1_315' title='bbox 2438 1484 2535 1538; x_wconf 89' lang='lat' dir='ltr'><strong>per</strong></span> <span class='ocrx_word' id='word_1_316' title='bbox 2568 1480 2781 1525; x_wconf 89' lang='lat' dir='ltr'><strong>montes</strong></span> <span class='ocrx_word' id='word_1_317' title='bbox 2808 1469 3109 1538; x_wconf 85' lang='lat' dir='ltr'><strong>urgebatur</strong></span> <span class='ocrx_word' id='word_1_318' title='bbox 3140 1469 3311 1525; x_wconf 88' lang='lat' dir='ltr'><strong>donec</strong></span> <span class='ocrx_word' id='word_1_319' title='bbox 3336 1484 3434 1525; x_wconf 87' lang='lat' dir='ltr'><strong>ve-</strong></span> 
     </span>
    </p>
   </div>
   <div class='ocr_carea' id='block_1_44' title="bbox 1853 1557 3436 1628">
    <p class='ocr_par' dir='ltr' id='par_1_44' title="bbox 1853 1557 3436 1628">
     <span class='ocr_line' id='line_1_44' title="bbox 1853 1557 3436 1628; baseline 0.001 -15"><span class='ocrx_word' id='word_1_320' title='bbox 1853 1558 2011 1613; x_wconf 87' lang='lat' dir='ltr'><strong>niens</strong></span> <span class='ocrx_word' id='word_1_321' title='bbox 2062 1557 2324 1613; x_wconf 90' lang='lat' dir='ltr'><strong>Dominus</strong></span> <span class='ocrx_word' id='word_1_322' title='bbox 2373 1558 2491 1613; x_wconf 91' lang='lat' dir='ltr'><strong>illos</strong></span> <span class='ocrx_word' id='word_1_323' title='bbox 2526 1558 2745 1627; x_wconf 85' lang='lat' dir='ltr'><strong>quidem</strong></span> <span class='ocrx_word' id='word_1_324' title='bbox 2788 1557 2959 1615; x_wconf 88' lang='lat' dir='ltr'><strong>malos</strong></span> <span class='ocrx_word' id='word_1_325' title='bbox 2997 1558 3228 1628; x_wconf 88' lang='lat' dir='ltr'><strong>equites,</strong></span> <span class='ocrx_word' id='word_1_326' title='bbox 3268 1558 3320 1614; x_wconf 92' lang='lat' dir='ltr'><strong>id</strong></span> <span class='ocrx_word' id='word_1_327' title='bbox 3350 1568 3436 1615; x_wconf 87' lang='lat' dir='ltr'><strong>est</strong></span> 
     </span>
    </p>
   </div>
   <div class='ocr_carea' id='block_1_45' title="bbox 1854 1648 3429 1720">
    <p class='ocr_par' dir='ltr' id='par_1_45' title="bbox 1854 1648 3429 1720">
     <span class='ocr_line' id='line_1_45' title="bbox 1854 1648 3429 1720; baseline -0.001 -13"><span class='ocrx_word' id='word_1_328' title='bbox 1854 1652 2152 1718; x_wconf 80' lang='lat' dir='ltr'><strong>dtemones,</strong></span> <span class='ocrx_word' id='word_1_329' title='bbox 2186 1648 2462 1720; x_wconf 80' lang='lat' dir='ltr'><strong>eti‘ogavit,</strong></span> <span class='ocrx_word' id='word_1_330' title='bbox 2511 1660 2566 1705; x_wconf 91' lang='lat' dir='ltr'><strong>et</strong></span> <span class='ocrx_word' id='word_1_331' title='bbox 2620 1650 2767 1705; x_wconf 91' lang='lat' dir='ltr'><strong>illum</strong></span> <span class='ocrx_word' id='word_1_332' title='bbox 2844 1652 3104 1706; x_wconf 90' lang='lat' dir='ltr'><strong>miserum</strong></span> <span class='ocrx_word' id='word_1_333' title='bbox 3160 1651 3429 1706; x_wconf 85' lang='lat' dir='ltr'><strong>liberavit.</strong></span> 
     </span>
    </p>
   </div>
   <div class='ocr_carea' id='block_1_46' title="bbox 1851 1742 3435 1814">
    <p class='ocr_par' dir='ltr' id='par_1_46' title="bbox 1851 1742 3435 1814">
     <span class='ocr_line' id='line_1_46' title="bbox 1851 1742 3435 1814; baseline 0.003 -17"><span class='ocrx_word' id='word_1_334' title='bbox 1851 1742 2067 1813; x_wconf 82' lang='lat' dir='ltr'><strong>Aliique</strong></span> <span class='ocrx_word' id='word_1_335' title='bbox 2104 1743 2375 1797; x_wconf 90' lang='lat' dir='ltr'><strong>innumeri</strong></span> <span class='ocrx_word' id='word_1_336' title='bbox 2429 1759 2457 1795; x_wconf 87' lang='lat' dir='ltr'><strong>a</strong></span> <span class='ocrx_word' id='word_1_337' title='bbox 2513 1742 2732 1807; x_wconf 65' lang='lat' dir='ltr'><strong>saeculo,</strong></span> <span class='ocrx_word' id='word_1_338' title='bbox 2766 1742 2855 1798; x_wconf 87' lang='lat' dir='ltr'><strong>alii</strong></span> <span class='ocrx_word' id='word_1_339' title='bbox 2904 1754 3114 1814; x_wconf 88' lang='lat' dir='ltr'><strong>aperte,</strong></span> <span class='ocrx_word' id='word_1_340' title='bbox 3173 1743 3264 1798; x_wconf 90' lang='lat' dir='ltr'><strong>alii</strong></span> <span class='ocrx_word' id='word_1_341' title='bbox 3304 1759 3435 1801; x_wconf 89' lang='lat' dir='ltr'><strong>vero</strong></span> 
     </span>
    </p>
   </div>
   <div class='ocr_carea' id='block_1_47' title="bbox 1847 1834 3431 1905">
    <p class='ocr_par' dir='ltr' id='par_1_47' title="bbox 1847 1834 3431 1905">
     <span class='ocr_line' id='line_1_47' title="bbox 1847 1834 3431 1905; baseline 0.001 -14"><span class='ocrx_word' id='word_1_342' title='bbox 1847 1836 2076 1898; x_wconf 86' lang='lat' dir='ltr'><strong>occulte,</strong></span> <span class='ocrx_word' id='word_1_343' title='bbox 2131 1835 2345 1891; x_wconf 85' lang='lat' dir='ltr'><strong>diverse</strong></span> <span class='ocrx_word' id='word_1_344' title='bbox 2394 1850 2456 1890; x_wconf 84' lang='lat' dir='ltr'><strong>ac</strong></span> <span class='ocrx_word' id='word_1_345' title='bbox 2510 1834 2659 1890; x_wconf 87' lang='lat' dir='ltr'><strong>varie</strong></span> <span class='ocrx_word' id='word_1_346' title='bbox 2708 1835 3015 1892; x_wconf 74' lang='lat' dir='ltr'><strong>dtemOnutn</strong></span> <span class='ocrx_word' id='word_1_347' title='bbox 3068 1834 3193 1905; x_wconf 90' lang='lat' dir='ltr'><strong>equi</strong></span> <span class='ocrx_word' id='word_1_348' title='bbox 3249 1835 3431 1892; x_wconf 79' lang='lat' dir='ltr'><strong>effecti</strong></span> 
     </span>
    </p>
   </div>
   <div class='ocr_carea' id='block_1_48' title="bbox 1847 1929 3432 2001">
    <p class='ocr_par' dir='ltr' id='par_1_48' title="bbox 1847 1929 3432 2001">
     <span class='ocr_line' id='line_1_48' title="bbox 1847 1929 3432 2001; baseline 0 -17"><span class='ocrx_word' id='word_1_349' title='bbox 1847 1940 1974 1984; x_wconf 90' lang='lat' dir='ltr'><strong>sunt</strong></span> <span class='ocrx_word' id='word_1_350' title='bbox 2006 1946 2019 1983; x_wconf 89' lang='lat'>:</span> <span class='ocrx_word' id='word_1_351' title='bbox 2054 1930 2251 1999; x_wconf 86' lang='lat' dir='ltr'><strong>quibus</strong></span> <span class='ocrx_word' id='word_1_352' title='bbox 2287 1929 2560 1983; x_wconf 81' lang='lat' dir='ltr'><strong>universis</strong></span> <span class='ocrx_word' id='word_1_353' title='bbox 2587 1944 2711 1985; x_wconf 89' lang='lat' dir='ltr'><strong>cum</strong></span> <span class='ocrx_word' id='word_1_354' title='bbox 2737 1939 2920 1985; x_wconf 89' lang='lat' dir='ltr'><strong>essent</strong></span> <span class='ocrx_word' id='word_1_355' title='bbox 2964 1930 3223 1984; x_wconf 76' lang='lat' dir='ltr'><strong>immundi</strong></span> <span class='ocrx_word' id='word_1_356' title='bbox 3265 1939 3432 2001; x_wconf 88' lang='lat' dir='ltr'><strong>atque</strong></span> 
     </span>
    </p>
   </div>
   <div class='ocr_carea' id='block_1_49' title="bbox 1845 2020 3430 2092">
    <p class='ocr_par' dir='ltr' id='par_1_49' title="bbox 1845 2020 3430 2092">
     <span class='ocr_line' id='line_1_49' title="bbox 1845 2020 3430 2092; baseline -0.001 -16"><span class='ocrx_word' id='word_1_357' title='bbox 1845 2020 2234 2085; x_wconf 69' lang='lat' dir='ltr'><strong>exsecrabiles,</strong></span> <span class='ocrx_word' id='word_1_358' title='bbox 2262 2020 2313 2075; x_wconf 89' lang='lat' dir='ltr'><strong>in</strong></span> <span class='ocrx_word' id='word_1_359' title='bbox 2342 2020 2498 2074; x_wconf 88' lang='lat' dir='ltr'><strong>malis</strong></span> <span class='ocrx_word' id='word_1_360' title='bbox 2529 2020 2608 2074; x_wconf 87' lang='lat' dir='ltr'><strong>usi</strong></span> <span class='ocrx_word' id='word_1_361' title='bbox 2638 2022 2864 2076; x_wconf 85' lang='lat' dir='ltr'><strong>sunteis</strong></span> <span class='ocrx_word' id='word_1_362' title='bbox 2894 2021 3208 2092; x_wconf 88' lang='lat' dir='ltr'><strong>nequissimi</strong></span> <span class='ocrx_word' id='word_1_363' title='bbox 3232 2021 3430 2076; x_wconf 67' lang='lat' dir='ltr'><strong>(Immo-</strong></span> 
     </span>
    </p>
   </div>
   <div class='ocr_carea' id='block_1_50' title="bbox 1847 2108 3428 2184">
    <p class='ocr_par' dir='ltr' id='par_1_50' title="bbox 1847 2108 3428 2184">
     <span class='ocr_line' id='line_1_50' title="bbox 1847 2108 3428 2184; baseline 0.001 -21"><span class='ocrx_word' id='word_1_364' title='bbox 1847 2124 1964 2172; x_wconf 88' lang='lat' dir='ltr'><strong>nes,</strong></span> <span class='ocrx_word' id='word_1_365' title='bbox 1996 2108 2117 2163; x_wconf 90' lang='lat' dir='ltr'><strong>aliis</strong></span> <span class='ocrx_word' id='word_1_366' title='bbox 2148 2124 2280 2164; x_wconf 86' lang='lat' dir='ltr'><strong>sane</strong></span> <span class='ocrx_word' id='word_1_367' title='bbox 2310 2108 2378 2163; x_wconf 90' lang='lat' dir='ltr'><strong>ad</strong></span> <span class='ocrx_word' id='word_1_368' title='bbox 2411 2111 2757 2166; x_wconf 85' lang='lat' dir='ltr'><strong>velocitatem</strong></span> <span class='ocrx_word' id='word_1_369' title='bbox 2802 2111 3077 2166; x_wconf 85' lang='lat' dir='ltr'><strong>homicidii</strong></span> <span class='ocrx_word' id='word_1_370' title='bbox 3116 2124 3172 2166; x_wconf 91' lang='lat' dir='ltr'><strong>et</strong></span> <span class='ocrx_word' id='word_1_371' title='bbox 3202 2112 3428 2184; x_wconf 77' lang='lat' dir='ltr'><strong>sangui-</strong></span> 
     </span>
    </p>
   </div>
   <div class='ocr_carea' id='block_1_51' title="bbox 1846 2201 3427 2275">
    <p class='ocr_par' dir='ltr' id='par_1_51' title="bbox 1846 2201 3427 2275">
     <span class='ocr_line' id='line_1_51' title="bbox 1846 2201 3427 2275; baseline 0.001 -20"><span class='ocrx_word' id='word_1_372' title='bbox 1846 2202 1952 2267; x_wconf 92' lang='lat' dir='ltr'><strong>nis,</strong></span> <span class='ocrx_word' id='word_1_373' title='bbox 1982 2201 2372 2257; x_wconf 87' lang='lat' dir='ltr'><strong>devastationis</strong></span> <span class='ocrx_word' id='word_1_374' title='bbox 2398 2217 2615 2274; x_wconf 86' lang='lat' dir='ltr'><strong>quoque</strong></span> <span class='ocrx_word' id='word_1_375' title='bbox 2648 2212 2813 2273; x_wconf 88' lang='lat' dir='ltr'><strong>atque</strong></span> <span class='ocrx_word' id='word_1_376' title='bbox 2865 2204 3186 2275; x_wconf 88' lang='lat' dir='ltr'><strong>nequissimi</strong></span> <span class='ocrx_word' id='word_1_377' title='bbox 3221 2204 3427 2269; x_wconf 75' lang='lat' dir='ltr'><strong>livoris,</strong></span> 
     </span>
    </p>
   </div>
   <div class='ocr_carea' id='block_1_52' title="bbox 1845 2293 3426 2370">
    <p class='ocr_par' dir='ltr' id='par_1_52' title="bbox 1845 2293 3426 2370">
     <span class='ocr_line' id='line_1_52' title="bbox 1845 2293 3426 2370; baseline 0.006 -24"><span class='ocrx_word' id='word_1_378' title='bbox 1845 2302 1900 2347; x_wconf 90' lang='lat' dir='ltr'><strong>et</strong></span> <span class='ocrx_word' id='word_1_379' title='bbox 1925 2293 2164 2349; x_wconf 87' lang='lat' dir='ltr'><strong>omnium</strong></span> <span class='ocrx_word' id='word_1_380' title='bbox 2199 2304 2320 2365; x_wconf 68' lang='lat' dir='ltr'><strong>quae</strong></span> <span class='ocrx_word' id='word_1_381' title='bbox 2347 2294 2600 2355; x_wconf 80' lang='lat' dir='ltr'><strong>voluntas</strong></span> <span class='ocrx_word' id='word_1_382' title='bbox 2644 2295 2839 2351; x_wconf 88' lang='lat' dir='ltr'><strong>diaboli</strong></span> <span class='ocrx_word' id='word_1_383' title='bbox 2874 2305 3038 2368; x_wconf 87' lang='lat' dir='ltr'><strong>atque</strong></span> <span class='ocrx_word' id='word_1_384' title='bbox 3069 2312 3205 2368; x_wconf 89' lang='lat' dir='ltr'><strong>opus</strong></span> <span class='ocrx_word' id='word_1_385' title='bbox 3237 2298 3426 2370; x_wconf 79' lang='lat' dir='ltr'><strong>exige-</strong></span> 
     </span>
    </p>
   </div>
   <div class='ocr_carea' id='block_1_53' title="bbox 1847 2382 3427 2460">
    <p class='ocr_par' dir='ltr' id='par_1_53' title="bbox 1847 2382 3427 2460">
     <span class='ocr_line' id='line_1_53' title="bbox 1847 2382 3427 2460; baseline 0.003 -19"><span class='ocrx_word' id='word_1_386' title='bbox 1847 2386 1958 2441; x_wconf 85' lang='lat' dir='ltr'><strong>bat.</strong></span> <span class='ocrx_word' id='word_1_387' title='bbox 1992 2387 2067 2445; x_wconf 83' lang='lat' dir='ltr'><strong>De</strong></span> <span class='ocrx_word' id='word_1_388' title='bbox 2109 2386 2228 2443; x_wconf 88' lang='lat' dir='ltr'><strong>istis</strong></span> <span class='ocrx_word' id='word_1_389' title='bbox 2257 2402 2387 2458; x_wconf 86' lang='lat' dir='ltr'><strong>ergo</strong></span> <span class='ocrx_word' id='word_1_390' title='bbox 2415 2388 2692 2457; x_wconf 88' lang='lat' dir='ltr'><strong>equitibus</strong></span> <span class='ocrx_word' id='word_1_391' title='bbox 2731 2382 2864 2443; x_wconf 87' lang='lat' dir='ltr'><strong>dicit</strong></span> <span class='ocrx_word' id='word_1_392' title='bbox 2908 2388 3028 2444; x_wconf 90' lang='lat' dir='ltr'><strong>istic</strong></span> <span class='ocrx_word' id='word_1_393' title='bbox 3057 2406 3071 2442; x_wconf 90' lang='lat'>:</span> <span class='ocrx_word' id='word_1_394' title='bbox 3102 2388 3319 2459; x_wconf 76' lang='lat' dir='ltr'><strong>Equites</strong></span> <span class='ocrx_word' id='word_1_395' title='bbox 3355 2391 3427 2460; x_wconf 61' lang='lat' dir='ltr'><strong>[ea</strong></span> 
     </span>
    </p>
   </div>
   <div class='ocr_carea' id='block_1_54' title="bbox 1846 2481 3428 2541">
    <p class='ocr_par' dir='ltr' id='par_1_54' title="bbox 1846 2481 3428 2541">
     <span class='ocr_line' id='line_1_54' title="bbox 1846 2481 3428 2541; baseline 0.006 -9"><span class='ocrx_word' id='word_1_396' title='bbox 1846 2488 2029 2533; x_wconf 74' lang='lat' dir='ltr'><strong>cernat</strong></span> <span class='ocrx_word' id='word_1_397' title='bbox 2084 2481 2190 2533; x_wconf 84' lang='lat' dir='ltr'><strong>tria</strong></span> <span class='ocrx_word' id='word_1_398' title='bbox 2244 2497 2443 2535; x_wconf 87' lang='lat' dir='ltr'><strong>cornua</strong></span> <span class='ocrx_word' id='word_1_399' title='bbox 2468 2492 2553 2536; x_wconf 88' lang='lat' dir='ltr'><strong>:et</strong></span> <span class='ocrx_word' id='word_1_400' title='bbox 2578 2482 3049 2541; x_wconf 76' lang='lat' dir='ltr'><strong>circumdederunt</strong></span> <span class='ocrx_word' id='word_1_401' title='bbox 3077 2485 3327 2541; x_wconf 75' lang='lat' dir='ltr'><strong>camelos.</strong></span> <span class='ocrx_word' id='word_1_402' title='bbox 3358 2485 3428 2541; x_wconf 86' lang='lat' dir='ltr'><strong>Et</strong></span> 
     </span>
    </p>
   </div>
   <div class='ocr_carea' id='block_1_55' title="bbox 1845 2571 3429 2649">
    <p class='ocr_par' dir='ltr' id='par_1_55' title="bbox 1845 2571 3429 2649">
     <span class='ocr_line' id='line_1_55' title="bbox 1845 2571 3429 2649; baseline 0.005 -22"><span class='ocrx_word' id='word_1_403' title='bbox 1845 2574 1947 2627; x_wconf 78' lang='grc'><strong>0111</strong></span> <span class='ocrx_word' id='word_1_404' title='bbox 1975 2572 2077 2626; x_wconf 86' lang='lat' dir='ltr'><strong>tria</strong></span> <span class='ocrx_word' id='word_1_405' title='bbox 2106 2587 2333 2636; x_wconf 90' lang='lat' dir='ltr'><strong>cornua,</strong></span> <span class='ocrx_word' id='word_1_406' title='bbox 2363 2582 2418 2628; x_wconf 90' lang='lat' dir='ltr'><strong>et</strong></span> <span class='ocrx_word' id='word_1_407' title='bbox 2446 2588 2551 2628; x_wconf 92' lang='lat' dir='ltr'><strong>non</strong></span> <span class='ocrx_word' id='word_1_408' title='bbox 2576 2574 2857 2643; x_wconf 84' lang='lat' dir='ltr'><strong>quato-or?</strong></span> <span class='ocrx_word' id='word_1_409' title='bbox 2882 2571 2962 2631; x_wconf 87' lang='lat' dir='ltr'><strong>0b</strong></span> <span class='ocrx_word' id='word_1_410' title='bbox 2990 2575 3094 2632; x_wconf 91' lang='lat' dir='ltr'><strong>hoc</strong></span> <span class='ocrx_word' id='word_1_411' title='bbox 3129 2578 3255 2648; x_wconf 87' lang='lat' dir='ltr'><strong>quia</strong></span> <span class='ocrx_word' id='word_1_412' title='bbox 3288 2594 3429 2649; x_wconf 53' lang='lat' dir='ltr'><strong>quad</strong></span> 
     </span>
    </p>
   </div>
   <div class='ocr_carea' id='block_1_56' title="bbox 1848 2665 3429 2739">
    <p class='ocr_par' dir='ltr' id='par_1_56' title="bbox 1848 2665 3429 2739">
     <span class='ocr_line' id='line_1_56' title="bbox 1848 2665 3429 2739; baseline 0.008 -23"><span class='ocrx_word' id='word_1_413' title='bbox 1848 2671 1972 2717; x_wconf 91' lang='lat' dir='ltr'><strong>tuor</strong></span> <span class='ocrx_word' id='word_1_414' title='bbox 2001 2665 2309 2719; x_wconf 80' lang='lat' dir='ltr'><strong>reservavit</strong></span> <span class='ocrx_word' id='word_1_415' title='bbox 2354 2680 2454 2736; x_wconf 91' lang='lat' dir='ltr'><strong>pro</strong></span> <span class='ocrx_word' id='word_1_416' title='bbox 2489 2676 2727 2734; x_wconf 83' lang='lat' dir='ltr'><strong>quatuor</strong></span> <span class='ocrx_word' id='word_1_417' title='bbox 2772 2666 2965 2721; x_wconf 90' lang='lat' dir='ltr'><strong>domus</strong></span> <span class='ocrx_word' id='word_1_418' title='bbox 3010 2669 3223 2739; x_wconf 79' lang='lat' dir='ltr'><strong>angulis</strong></span> <span class='ocrx_word' id='word_1_419' title='bbox 3256 2671 3322 2725; x_wconf 88' lang='lat' dir='ltr'><strong>ad</strong></span> <span class='ocrx_word' id='word_1_420' title='bbox 3345 2671 3429 2728; x_wconf 72' lang='grc' dir='ltr'><strong>111-ι</strong></span> 
     </span>
    </p>
   </div>
   <div class='ocr_carea' id='block_1_57' title="bbox 1847 2754 3430 2834">
    <p class='ocr_par' dir='ltr' id='par_1_57' title="bbox 1847 2754 3430 2834">
     <span class='ocr_line' id='line_1_57' title="bbox 1847 2754 3430 2834; baseline 0.006 -25"><span class='ocrx_word' id='word_1_421' title='bbox 1847 2754 2196 2811; x_wconf 88' lang='lat' dir='ltr'><strong>terliciendos</strong></span> <span class='ocrx_word' id='word_1_422' title='bbox 2234 2756 2354 2827; x_wconf 87' lang='lat' dir='ltr'><strong>ejus</strong></span> <span class='ocrx_word' id='word_1_423' title='bbox 2394 2757 2551 2813; x_wconf 87' lang='lat' dir='ltr'><strong>filios.</strong></span> <span class='ocrx_word' id='word_1_424' title='bbox 2585 2756 2664 2814; x_wconf 91' lang='lat' dir='ltr'><strong>Oh</strong></span> <span class='ocrx_word' id='word_1_425' title='bbox 2697 2758 2803 2813; x_wconf 86' lang='grc'><strong>1100</strong></span> <span class='ocrx_word' id='word_1_426' title='bbox 2852 2774 2982 2828; x_wconf 84' lang='lat' dir='ltr'><strong>ergo</strong></span> <span class='ocrx_word' id='word_1_427' title='bbox 3043 2776 3148 2816; x_wconf 93' lang='lat' dir='ltr'><strong>non</strong></span> <span class='ocrx_word' id='word_1_428' title='bbox 3192 2773 3430 2834; x_wconf 89' lang='lat' dir='ltr'><strong>quatuor</strong></span> 
     </span>
    </p>
   </div>
   <div class='ocr_carea' id='block_1_58' title="bbox 1846 2847 3428 2918">
    <p class='ocr_par' dir='ltr' id='par_1_58' title="bbox 1846 2847 3428 2918">
     <span class='ocr_line' id='line_1_58' title="bbox 1846 2847 3428 2918; baseline 0.005 -14"><span class='ocrx_word' id='word_1_429' title='bbox 1846 2848 1944 2905; x_wconf 90' lang='lat' dir='ltr'><strong>sed</strong></span> <span class='ocrx_word' id='word_1_430' title='bbox 1975 2847 2079 2902; x_wconf 87' lang='lat' dir='ltr'><strong>tria</strong></span> <span class='ocrx_word' id='word_1_431' title='bbox 2111 2862 2321 2903; x_wconf 88' lang='lat' dir='ltr'><strong>cornua</strong></span> <span class='ocrx_word' id='word_1_432' title='bbox 2356 2849 2622 2914; x_wconf 88' lang='lat' dir='ltr'><strong>fecerunt,</strong></span> <span class='ocrx_word' id='word_1_433' title='bbox 2646 2849 2752 2906; x_wconf 91' lang='lat' dir='ltr'><strong>hoc</strong></span> <span class='ocrx_word' id='word_1_434' title='bbox 2781 2861 2857 2905; x_wconf 84' lang='lat' dir='ltr'><strong>est</strong></span> <span class='ocrx_word' id='word_1_435' title='bbox 2896 2850 3194 2918; x_wconf 84' lang='lat' dir='ltr'><strong>finxerunt,</strong></span> <span class='ocrx_word' id='word_1_436' title='bbox 3247 2857 3428 2912; x_wconf 59' lang='grc'><strong>00001»</strong></span> 
     </span>
    </p>
   </div>
   <div class='ocr_carea' id='block_1_59' title="bbox 1846 2943 3428 3018">
    <p class='ocr_par' dir='ltr' id='par_1_59' title="bbox 1846 2943 3428 3018">
     <span class='ocr_line' id='line_1_59' title="bbox 1846 2943 3428 3018; baseline 0.004 -19"><span class='ocrx_word' id='word_1_437' title='bbox 1846 2943 2213 3010; x_wconf 80' lang='lat' dir='ltr'><strong>mulaverunt,</strong></span> <span class='ocrx_word' id='word_1_438' title='bbox 2253 2955 2627 3010; x_wconf 86' lang='lat' dir='ltr'><strong>armaverunt,</strong></span> <span class='ocrx_word' id='word_1_439' title='bbox 2674 2956 2860 3017; x_wconf 87' lang='lat' dir='ltr'><strong>utpote</strong></span> <span class='ocrx_word' id='word_1_440' title='bbox 2908 2948 3119 3017; x_wconf 84' lang='lat' dir='ltr'><strong>equites</strong></span> <span class='ocrx_word' id='word_1_441' title='bbox 3148 2948 3304 3018; x_wconf 89' lang='lat' dir='ltr'><strong>equis</strong></span> <span class='ocrx_word' id='word_1_442' title='bbox 3344 2965 3428 3006; x_wconf 84' lang='lat' dir='ltr'><strong>se-</strong></span> 
     </span>
    </p>
   </div>
   <div class='ocr_carea' id='block_1_60' title="bbox 1845 3035 3418 3108">
    <p class='ocr_par' dir='ltr' id='par_1_60' title="bbox 1845 3035 3418 3108">
     <span class='ocr_line' id='line_1_60' title="bbox 1845 3035 3418 3108; baseline 0.005 -19"><span class='ocrx_word' id='word_1_443' title='bbox 1845 3035 2080 3103; x_wconf 87' lang='lat' dir='ltr'><strong>dentes,</strong></span> <span class='ocrx_word' id='word_1_444' title='bbox 2139 3048 2301 3108; x_wconf 86' lang='lat' dir='ltr'><strong>atque</strong></span> <span class='ocrx_word' id='word_1_445' title='bbox 2352 3038 2666 3095; x_wconf 89' lang='lat' dir='ltr'><strong>universam</strong></span> <span class='ocrx_word' id='word_1_446' title='bbox 2710 3048 3050 3093; x_wconf 75' lang='lat' dir='ltr'><strong>armaturam</strong></span> <span class='ocrx_word' id='word_1_447' title='bbox 3104 3039 3371 3097; x_wconf 86' lang='lat' dir='ltr'><strong>habentes</strong></span> <span class='ocrx_word' id='word_1_448' title='bbox 3399 3082 3418 3106; x_wconf 92' lang='lat'><strong>,</strong></span> 
     </span>
    </p>
   </div>
   <div class='ocr_carea' id='block_1_61' title="bbox 149 3128 3428 3217">
    <p class='ocr_par' dir='ltr' id='par_1_61' title="bbox 149 3128 3428 3217">
     <span class='ocr_line' id='line_1_61' title="bbox 149 3128 3428 3217; baseline 0.002 -35"><span class='ocrx_word' id='word_1_449' title='bbox 149 3130 297 3199; x_wconf 90' lang='lat' dir='ltr'><strong>ignis</strong></span> <span class='ocrx_word' id='word_1_450' title='bbox 329 3130 618 3185; x_wconf 87' lang='lat' dir='ltr'><strong>cecidisset</strong></span> <span class='ocrx_word' id='word_1_451' title='bbox 653 3133 719 3184; x_wconf 88' lang='lat' dir='ltr'><strong>de</strong></span> <span class='ocrx_word' id='word_1_452' title='bbox 759 3130 922 3196; x_wconf 71' lang='grc'><strong>00110,</strong></span> <span class='ocrx_word' id='word_1_453' title='bbox 949 3130 1198 3200; x_wconf 91' lang='lat' dir='ltr'><strong>quinimo</strong></span> <span class='ocrx_word' id='word_1_454' title='bbox 1252 3131 1515 3185; x_wconf 88' lang='lat' dir='ltr'><strong>mentitur</strong></span> <span class='ocrx_word' id='word_1_455' title='bbox 1547 3129 1709 3184; x_wconf 90' lang='lat' dir='ltr'><strong>diabo</strong></span> <span class='ocrx_word' id='word_1_456' title='bbox 1765 3148 1809 3217; x_wconf 61' lang='grc' dir='ltr'>α</span> <span class='ocrx_word' id='word_1_457' title='bbox 1850 3128 2101 3185; x_wconf 89' lang='lat' dir='ltr'><strong>timorem</strong></span> <span class='ocrx_word' id='word_1_458' title='bbox 2153 3131 2531 3195; x_wconf 87' lang='lat' dir='ltr'><strong>ostendentes,</strong></span> <span class='ocrx_word' id='word_1_459' title='bbox 2561 3140 2725 3201; x_wconf 88' lang='lat' dir='ltr'><strong>atque</strong></span> <span class='ocrx_word' id='word_1_460' title='bbox 2773 3130 3147 3186; x_wconf 84' lang='lat' dir='ltr'><strong>fortitudinem</strong></span> <span class='ocrx_word' id='word_1_461' title='bbox 3198 3132 3428 3189; x_wconf 77' lang='grc' dir='ltr'><strong>110010οι</strong></span> 
     </span>
    </p>
   </div>
   <div class='ocr_carea' id='block_1_62' title="bbox 147 3217 1739 3289">
    <p class='ocr_par' dir='ltr' id='par_1_62' title="bbox 147 3217 1739 3289">
     <span class='ocr_line' id='line_1_62' title="bbox 147 3217 1739 3289; baseline 0 -17"><span class='ocrx_word' id='word_1_462' title='bbox 147 3219 237 3274; x_wconf 83' lang='grc'><strong>100</strong></span> <span class='ocrx_word' id='word_1_463' title='bbox 276 3219 372 3287; x_wconf 92' lang='lat' dir='ltr'><strong>qui</strong></span> <span class='ocrx_word' id='word_1_464' title='bbox 412 3218 466 3273; x_wconf 90' lang='lat' dir='ltr'><strong>in</strong></span> <span class='ocrx_word' id='word_1_465' title='bbox 507 3228 561 3274; x_wconf 86' lang='lat' dir='ltr'><strong>te</strong></span> <span class='ocrx_word' id='word_1_466' title='bbox 592 3219 855 3288; x_wconf 89' lang='lat' dir='ltr'><strong>loquitur.</strong></span> <span class='ocrx_word' id='word_1_467' title='bbox 898 3218 1037 3287; x_wconf 91' lang='lat' dir='ltr'><strong>Illic,</strong></span> <span class='ocrx_word' id='word_1_468' title='bbox 1074 3218 1269 3289; x_wconf 88' lang='lat' dir='ltr'><strong>inquit,</strong></span> <span class='ocrx_word' id='word_1_469' title='bbox 1302 3232 1334 3273; x_wconf 97' lang='grc'><strong>0</strong></span> <span class='ocrx_word' id='word_1_470' title='bbox 1385 3217 1739 3273; x_wconf 87' lang='lat' dir='ltr'><strong>callidissime</strong></span> 
     </span>
    </p>
   </div>
   <div class='ocr_carea' id='block_1_63' title="bbox 145 3311 1738 3384">
    <p class='ocr_par' dir='ltr' id='par_1_63' title="bbox 145 3311 1738 3384">
     <span class='ocr_line' id='line_1_63' title="bbox 145 3311 1738 3384; baseline -0.001 -16"><span class='ocrx_word' id='word_1_471' title='bbox 145 3311 384 3379; x_wconf 80' lang='grc'><strong>5010110,</strong></span> <span class='ocrx_word' id='word_1_472' title='bbox 408 3312 625 3366; x_wconf 88' lang='lat' dir='ltr'><strong>voluisti</strong></span> <span class='ocrx_word' id='word_1_473' title='bbox 672 3312 839 3366; x_wconf 90' lang='lat' dir='ltr'><strong>Deum</strong></span> <span class='ocrx_word' id='word_1_474' title='bbox 887 3314 1211 3384; x_wconf 87' lang='lat' dir='ltr'><strong>depravare,</strong></span> <span class='ocrx_word' id='word_1_475' title='bbox 1242 3313 1401 3382; x_wconf 85' lang='lat' dir='ltr'><strong>quasi</strong></span> <span class='ocrx_word' id='word_1_476' title='bbox 1444 3313 1627 3383; x_wconf 86' lang='lat' dir='ltr'><strong>ignem</strong></span> <span class='ocrx_word' id='word_1_477' title='bbox 1670 3316 1738 3367; x_wconf 90' lang='lat' dir='ltr'><strong>de</strong></span> 
     </span>
    </p>
   </div>
   <div class='ocr_carea' id='block_1_64' title="bbox 144 3404 1737 3476">
    <p class='ocr_par' dir='ltr' id='par_1_64' title="bbox 144 3404 1737 3476">
     <span class='ocr_line' id='line_1_64' title="bbox 144 3404 1737 3476; baseline -0.001 -15"><span class='ocrx_word' id='word_1_478' title='bbox 144 3404 295 3462; x_wconf 69' lang='lat' dir='ltr'><strong>uelo</strong></span> <span class='ocrx_word' id='word_1_479' title='bbox 328 3420 493 3476; x_wconf 86' lang='lat' dir='ltr'><strong>super</strong></span> <span class='ocrx_word' id='word_1_480' title='bbox 527 3418 658 3459; x_wconf 90' lang='lat' dir='ltr'><strong>oves</strong></span> <span class='ocrx_word' id='word_1_481' title='bbox 696 3406 1000 3460; x_wconf 82' lang='lat' dir='ltr'><strong>mittentem</strong></span> <span class='ocrx_word' id='word_1_482' title='bbox 1037 3422 1051 3459; x_wconf 89' lang='lat'><strong>:</strong></span> <span class='ocrx_word' id='word_1_483' title='bbox 1080 3404 1167 3460; x_wconf 91' lang='lat' dir='ltr'><strong>hic</strong></span> <span class='ocrx_word' id='word_1_484' title='bbox 1199 3420 1328 3460; x_wconf 91' lang='lat' dir='ltr'><strong>vero</strong></span> <span class='ocrx_word' id='word_1_485' title='bbox 1367 3404 1450 3460; x_wconf 88' lang='lat' dir='ltr'><strong>vis</strong></span> <span class='ocrx_word' id='word_1_486' title='bbox 1488 3404 1737 3460; x_wconf 82' lang='lat' dir='ltr'><strong>homines</strong></span> 
     </span>
    </p>
   </div>
   <div class='ocr_carea' id='block_1_65' title="bbox 146 3494 1736 3567">
    <p class='ocr_par' dir='ltr' id='par_1_65' title="bbox 146 3494 1736 3567">
     <span class='ocr_line' id='line_1_65' title="bbox 146 3494 1736 3567; baseline -0.003 -14"><span class='ocrx_word' id='word_1_487' title='bbox 146 3500 411 3553; x_wconf 88' lang='lat' dir='ltr'><strong>incusare</strong></span> <span class='ocrx_word' id='word_1_488' title='bbox 440 3498 593 3567; x_wconf 88' lang='lat' dir='ltr'><strong>quasi</strong></span> <span class='ocrx_word' id='word_1_489' title='bbox 623 3498 910 3553; x_wconf 90' lang='lat' dir='ltr'><strong>adversum</strong></span> <span class='ocrx_word' id='word_1_490' title='bbox 941 3494 1039 3554; x_wconf 80' lang='lat' dir='ltr'><strong>Job</strong></span> <span class='ocrx_word' id='word_1_491' title='bbox 1062 3496 1465 3553; x_wconf 82' lang='lat' dir='ltr'><strong>insurrexerint</strong></span> <span class='ocrx_word' id='word_1_492' title='bbox 1503 3496 1695 3552; x_wconf 87' lang='lat' dir='ltr'><strong>illicite</strong></span> <span class='ocrx_word' id='word_1_493' title='bbox 1723 3512 1736 3548; x_wconf 90' lang='lat'>:</span> 
     </span>
    </p>
   </div>
   <div class='ocr_carea' id='block_1_66' title="bbox 148 3590 1737 3661">
    <p class='ocr_par' dir='ltr' id='par_1_66' title="bbox 148 3590 1737 3661">
     <span class='ocr_line' id='line_1_66' title="bbox 148 3590 1737 3661; baseline 0 -18"><span class='ocrx_word' id='word_1_494' title='bbox 148 3602 208 3645; x_wconf 89' lang='lat' dir='ltr'><strong>nt</strong></span> <span class='ocrx_word' id='word_1_495' title='bbox 239 3592 390 3647; x_wconf 88' lang='lat' dir='ltr'><strong>circa</strong></span> <span class='ocrx_word' id='word_1_496' title='bbox 440 3598 737 3660; x_wconf 85' lang='lat' dir='ltr'><strong>utrumque</strong></span> <span class='ocrx_word' id='word_1_497' title='bbox 772 3590 874 3647; x_wconf 82' lang='lat' dir='ltr'><strong>Joh</strong></span> <span class='ocrx_word' id='word_1_498' title='bbox 905 3592 1089 3646; x_wconf 89' lang='lat' dir='ltr'><strong>odium</strong></span> <span class='ocrx_word' id='word_1_499' title='bbox 1129 3591 1461 3661; x_wconf 89' lang='lat' dir='ltr'><strong>acquireret,</strong></span> <span class='ocrx_word' id='word_1_500' title='bbox 1495 3602 1550 3645; x_wconf 90' lang='lat' dir='ltr'><strong>et</strong></span> <span class='ocrx_word' id='word_1_501' title='bbox 1590 3594 1737 3645; x_wconf 90' lang='lat' dir='ltr'><strong>circa</strong></span> 
     </span>
    </p>
   </div>
   <div class='ocr_carea' id='block_1_67' title="bbox 148 3683 1738 3754">
    <p class='ocr_par' dir='ltr' id='par_1_67' title="bbox 148 3683 1738 3754">
     <span class='ocr_line' id='line_1_67' title="bbox 148 3683 1738 3754; baseline -0.001 -13"><span class='ocrx_word' id='word_1_502' title='bbox 148 3686 324 3741; x_wconf 88' lang='lat' dir='ltr'><strong>Deum</strong></span> <span class='ocrx_word' id='word_1_503' title='bbox 371 3684 807 3754; x_wconf 87' lang='lat' dir='ltr'><strong>blasphemiam,</strong></span> <span class='ocrx_word' id='word_1_504' title='bbox 838 3692 891 3738; x_wconf 91' lang='lat' dir='ltr'><strong>et</strong></span> <span class='ocrx_word' id='word_1_505' title='bbox 936 3684 1082 3739; x_wconf 90' lang='lat' dir='ltr'><strong>circa</strong></span> <span class='ocrx_word' id='word_1_506' title='bbox 1129 3683 1379 3739; x_wconf 86' lang='lat' dir='ltr'><strong>homines</strong></span> <span class='ocrx_word' id='word_1_507' title='bbox 1420 3683 1640 3751; x_wconf 82' lang='lat' dir='ltr'><strong>bellum,</strong></span> <span class='ocrx_word' id='word_1_508' title='bbox 1671 3696 1738 3739; x_wconf 77' lang='lat' dir='ltr'><strong>es</strong></span> 
     </span>
    </p>
   </div>
   <div class='ocr_carea' id='block_1_68' title="bbox 145 3776 1737 3846">
    <p class='ocr_par' dir='ltr' id='par_1_68' title="bbox 145 3776 1737 3846">
     <span class='ocr_line' id='line_1_68' title="bbox 145 3776 1737 3846; baseline -0.002 -15"><span class='ocrx_word' id='word_1_509' title='bbox 145 3778 352 3846; x_wconf 86' lang='lat' dir='ltr'><strong>quibus</strong></span> <span class='ocrx_word' id='word_1_510' title='bbox 383 3785 634 3830; x_wconf 88' lang='lat' dir='ltr'><strong>neutrum</strong></span> <span class='ocrx_word' id='word_1_511' title='bbox 671 3776 744 3830; x_wconf 91' lang='lat' dir='ltr'><strong>illi</strong></span> <span class='ocrx_word' id='word_1_512' title='bbox 774 3777 1001 3831; x_wconf 89' lang='lat' dir='ltr'><strong>credere</strong></span> <span class='ocrx_word' id='word_1_513' title='bbox 1032 3776 1297 3845; x_wconf 88' lang='lat' dir='ltr'><strong>acquievit</strong></span> <span class='ocrx_word' id='word_1_514' title='bbox 1340 3776 1737 3831; x_wconf 85' lang='lat' dir='ltr'><strong>c0nstantissi—</strong></span> 
     </span>
    </p>
   </div>
   <div class='ocr_carea' id='block_1_69' title="bbox 146 3868 1738 3941">
    <p class='ocr_par' dir='ltr' id='par_1_69' title="bbox 146 3868 1738 3941">
     <span class='ocr_line' id='line_1_69' title="bbox 146 3868 1738 3941; baseline -0.001 -19"><span class='ocrx_word' id='word_1_515' title='bbox 146 3886 273 3925; x_wconf 89' lang='lat' dir='ltr'><strong>mus</strong></span> <span class='ocrx_word' id='word_1_516' title='bbox 303 3868 430 3925; x_wconf 84' lang='lat' dir='ltr'><strong>Joh.</strong></span> <span class='ocrx_word' id='word_1_517' title='bbox 484 3869 591 3925; x_wconf 90' lang='lat' dir='ltr'><strong>Sed</strong></span> <span class='ocrx_word' id='word_1_518' title='bbox 641 3870 816 3925; x_wconf 90' lang='lat' dir='ltr'><strong>adlmc</strong></span> <span class='ocrx_word' id='word_1_519' title='bbox 873 3872 1090 3941; x_wconf 76' lang='lat' dir='ltr'><strong>equites,</strong></span> <span class='ocrx_word' id='word_1_520' title='bbox 1132 3870 1328 3940; x_wconf 91' lang='lat' dir='ltr'><strong>inquit,</strong></span> <span class='ocrx_word' id='word_1_521' title='bbox 1358 3870 1596 3939; x_wconf 81' lang='lat' dir='ltr'><strong>fecerunt</strong></span> <span class='ocrx_word' id='word_1_522' title='bbox 1636 3870 1738 3923; x_wconf 82' lang='lat' dir='ltr'><strong>sibi</strong></span> 
     </span>
    </p>
   </div>
   <div class='ocr_carea' id='block_1_70' title="bbox 142 3961 1739 4032">
    <p class='ocr_par' dir='ltr' id='par_1_70' title="bbox 142 3961 1739 4032">
     <span class='ocr_line' id='line_1_70' title="bbox 142 3961 1739 4032; baseline 0.002 -18"><span class='ocrx_word' id='word_1_523' title='bbox 142 3963 254 4015; x_wconf 83' lang='lat' dir='ltr'><strong>tria</strong></span> <span class='ocrx_word' id='word_1_524' title='bbox 291 3977 519 4014; x_wconf 84' lang='lat' dir='ltr'><strong>cornua.</strong></span> <span class='ocrx_word' id='word_1_525' title='bbox 546 3961 649 4028; x_wconf 79' lang='lat' dir='ltr'><strong>Qui</strong></span> <span class='ocrx_word' id='word_1_526' title='bbox 671 3961 902 4030; x_wconf 88' lang='lat' dir='ltr'><strong>equites,</strong></span> <span class='ocrx_word' id='word_1_527' title='bbox 927 3978 959 4018; x_wconf 94' lang='grc'><strong>0</strong></span> <span class='ocrx_word' id='word_1_528' title='bbox 986 3963 1188 4019; x_wconf 87' lang='lat' dir='ltr'><strong>homo?</strong></span> <span class='ocrx_word' id='word_1_529' title='bbox 1209 3962 1344 4018; x_wconf 85' lang='lat' dir='ltr'><strong>Nam</strong></span> <span class='ocrx_word' id='word_1_530' title='bbox 1372 3962 1464 4018; x_wconf 91' lang='lat' dir='ltr'><strong>illo</strong></span> <span class='ocrx_word' id='word_1_531' title='bbox 1490 3970 1739 4032; x_wconf 90' lang='lat' dir='ltr'><strong>tempore</strong></span> 
     </span>
    </p>
   </div>
   <div class='ocr_carea' id='block_1_71' title="bbox 143 4055 1737 4126">
    <p class='ocr_par' dir='ltr' id='par_1_71' title="bbox 143 4055 1737 4126">
     <span class='ocr_line' id='line_1_71' title="bbox 143 4055 1737 4126; baseline 0.001 -19"><span class='ocrx_word' id='word_1_532' title='bbox 143 4069 254 4107; x_wconf 91' lang='lat' dir='ltr'><strong>non</strong></span> <span class='ocrx_word' id='word_1_533' title='bbox 287 4064 451 4108; x_wconf 89' lang='lat' dir='ltr'><strong>erant</strong></span> <span class='ocrx_word' id='word_1_534' title='bbox 473 4055 685 4125; x_wconf 83' lang='lat' dir='ltr'><strong>equites</strong></span> <span class='ocrx_word' id='word_1_535' title='bbox 715 4056 933 4126; x_wconf 89' lang='lat' dir='ltr'><strong>plurimi</strong></span> <span class='ocrx_word' id='word_1_536' title='bbox 960 4057 1101 4112; x_wconf 90' lang='lat' dir='ltr'><strong>inter</strong></span> <span class='ocrx_word' id='word_1_537' title='bbox 1126 4058 1395 4123; x_wconf 86' lang='lat' dir='ltr'><strong>homines,</strong></span> <span class='ocrx_word' id='word_1_538' title='bbox 1423 4056 1518 4112; x_wconf 90' lang='lat' dir='ltr'><strong>sed</strong></span> <span class='ocrx_word' id='word_1_539' title='bbox 1548 4070 1737 4126; x_wconf 85' lang='lat' dir='ltr'><strong>quam-</strong></span> 
     </span>
    </p>
   </div>
   <div class='ocr_carea' id='block_1_72' title="bbox 143 4146 1739 4217">
    <p class='ocr_par' dir='ltr' id='par_1_72' title="bbox 143 4146 1739 4217">
     <span class='ocr_line' id='line_1_72' title="bbox 143 4146 1739 4217; baseline 0.002 -19"><span class='ocrx_word' id='word_1_540' title='bbox 143 4146 376 4215; x_wconf 90' lang='lat' dir='ltr'><strong>plurimi</strong></span> <span class='ocrx_word' id='word_1_541' title='bbox 426 4147 706 4201; x_wconf 90' lang='lat' dir='ltr'><strong>hominum</strong></span> <span class='ocrx_word' id='word_1_542' title='bbox 742 4149 1043 4217; x_wconf 90' lang='lat' dir='ltr'><strong>pedestres,</strong></span> <span class='ocrx_word' id='word_1_543' title='bbox 1070 4150 1329 4217; x_wconf 82' lang='lat' dir='ltr'><strong>adversus</strong></span> <span class='ocrx_word' id='word_1_544' title='bbox 1366 4149 1597 4203; x_wconf 86' lang='lat' dir='ltr'><strong>invicem</strong></span> <span class='ocrx_word' id='word_1_545' title='bbox 1623 4146 1739 4203; x_wconf 88' lang='lat' dir='ltr'><strong>bel-</strong></span> 
     </span>
    </p>
   </div>
   <div class='ocr_carea' id='block_1_73' title="bbox 142 4238 1735 4310">
    <p class='ocr_par' dir='ltr' id='par_1_73' title="bbox 142 4238 1735 4310">
     <span class='ocr_line' id='line_1_73' title="bbox 142 4238 1735 4310; baseline 0.001 -19"><span class='ocrx_word' id='word_1_546' title='bbox 142 4239 256 4292; x_wconf 89' lang='lat' dir='ltr'><strong>lum</strong></span> <span class='ocrx_word' id='word_1_547' title='bbox 304 4239 586 4308; x_wconf 79' lang='lat' dir='ltr'><strong>gerebant.</strong></span> <span class='ocrx_word' id='word_1_548' title='bbox 642 4239 744 4305; x_wconf 87' lang='lat' dir='ltr'><strong>Qui</strong></span> <span class='ocrx_word' id='word_1_549' title='bbox 793 4254 925 4309; x_wconf 87' lang='lat' dir='ltr'><strong>ergo</strong></span> <span class='ocrx_word' id='word_1_550' title='bbox 973 4238 1196 4295; x_wconf 87' lang='lat' dir='ltr'><strong>fuerunt</strong></span> <span class='ocrx_word' id='word_1_551' title='bbox 1254 4240 1468 4310; x_wconf 88' lang='lat' dir='ltr'><strong>equites</strong></span> <span class='ocrx_word' id='word_1_552' title='bbox 1498 4240 1592 4310; x_wconf 91' lang='lat' dir='ltr'><strong>qui</strong></span> <span class='ocrx_word' id='word_1_553' title='bbox 1630 4239 1735 4293; x_wconf 90' lang='lat' dir='ltr'><strong>tria</strong></span> 
     </span>
    </p>
   </div>
   <div class='ocr_carea' id='block_1_74' title="bbox 140 4330 1737 4403">
    <p class='ocr_par' dir='ltr' id='par_1_74' title="bbox 140 4330 1737 4403">
     <span class='ocr_line' id='line_1_74' title="bbox 140 4330 1737 4403; baseline 0.001 -17"><span class='ocrx_word' id='word_1_554' title='bbox 140 4346 358 4386; x_wconf 89' lang='lat' dir='ltr'><strong>cornua</strong></span> <span class='ocrx_word' id='word_1_555' title='bbox 394 4331 499 4385; x_wconf 89' lang='lat' dir='ltr'><strong>sibi</strong></span> <span class='ocrx_word' id='word_1_556' title='bbox 545 4330 816 4397; x_wconf 85' lang='lat' dir='ltr'><strong>fecerunt,</strong></span> <span class='ocrx_word' id='word_1_557' title='bbox 846 4333 948 4388; x_wconf 92' lang='lat' dir='ltr'><strong>hoc</strong></span> <span class='ocrx_word' id='word_1_558' title='bbox 986 4342 1090 4401; x_wconf 88' lang='lat' dir='ltr'><strong>est,</strong></span> <span class='ocrx_word' id='word_1_559' title='bbox 1116 4334 1205 4403; x_wconf 91' lang='lat' dir='ltr'><strong>qui</strong></span> <span class='ocrx_word' id='word_1_560' title='bbox 1241 4334 1439 4403; x_wconf 89' lang='lat' dir='ltr'><strong>triplici</strong></span> <span class='ocrx_word' id='word_1_561' title='bbox 1484 4332 1645 4388; x_wconf 92' lang='lat' dir='ltr'><strong>modo</strong></span> <span class='ocrx_word' id='word_1_562' title='bbox 1676 4347 1737 4388; x_wconf 90' lang='lat' dir='ltr'><strong>se</strong></span> 
     </span>
    </p>
   </div>
   <div class='ocr_carea' id='block_1_75' title="bbox 140 4422 1735 4495">
    <p class='ocr_par' dir='ltr' id='par_1_75' title="bbox 140 4422 1735 4495">
     <span class='ocr_line' id='line_1_75' title="bbox 140 4422 1735 4495; baseline 0.001 -18"><span class='ocrx_word' id='word_1_563' title='bbox 140 4433 527 4487; x_wconf 87' lang='lat' dir='ltr'><strong>armaverunt,</strong></span> <span class='ocrx_word' id='word_1_564' title='bbox 554 4423 644 4494; x_wconf 90' lang='lat' dir='ltr'><strong>qui</strong></span> <span class='ocrx_word' id='word_1_565' title='bbox 674 4422 870 4495; x_wconf 85' lang='lat' dir='ltr'><strong>triplici</strong></span> <span class='ocrx_word' id='word_1_566' title='bbox 901 4425 1088 4495; x_wconf 70' lang='lat' dir='ltr'><strong>praelio</strong></span> <span class='ocrx_word' id='word_1_567' title='bbox 1122 4426 1600 4481; x_wconf 89' lang='lat' dir='ltr'><strong>circumdederunt</strong></span> <span class='ocrx_word' id='word_1_568' title='bbox 1623 4428 1735 4488; x_wconf 55' lang='lat' dir='ltr'><strong>fea—</strong></span> 
     </span>
    </p>
   </div>
   <div class='ocr_carea' id='block_1_76' title="bbox 1845 3221 3426 3295">
    <p class='ocr_par' dir='ltr' id='par_1_76' title="bbox 1845 3221 3426 3295">
     <span class='ocr_line' id='line_1_76' title="bbox 1845 3221 3426 3295; baseline 0.003 -18"><span class='ocrx_word' id='word_1_569' title='bbox 1845 3230 2086 3278; x_wconf 88' lang='lat' dir='ltr'><strong>strantes</strong></span> <span class='ocrx_word' id='word_1_570' title='bbox 2120 3240 2133 3277; x_wconf 92' lang='lat'><strong>:</strong></span> <span class='ocrx_word' id='word_1_571' title='bbox 2159 3221 2378 3294; x_wconf 80' lang='lat' dir='ltr'><strong>Equites</strong></span> <span class='ocrx_word' id='word_1_572' title='bbox 2400 3224 2635 3291; x_wconf 77' lang='lat' dir='ltr'><strong>fecerunt</strong></span> <span class='ocrx_word' id='word_1_573' title='bbox 2661 3225 2764 3278; x_wconf 86' lang='lat' dir='ltr'><strong>tria</strong></span> <span class='ocrx_word' id='word_1_574' title='bbox 2794 3240 3015 3279; x_wconf 84' lang='lat' dir='ltr'><strong>cornua.</strong></span> <span class='ocrx_word' id='word_1_575' title='bbox 3035 3223 3259 3295; x_wconf 87' lang='lat' dir='ltr'><strong>Oquam</strong></span> <span class='ocrx_word' id='word_1_576' title='bbox 3287 3226 3426 3281; x_wconf 84' lang='lat' dir='ltr'><strong>mul-</strong></span> 
     </span>
    </p>
   </div>
   <div class='ocr_carea' id='block_1_77' title="bbox 1846 3313 3428 3388">
    <p class='ocr_par' dir='ltr' id='par_1_77' title="bbox 1846 3313 3428 3388">
     <span class='ocr_line' id='line_1_77' title="bbox 1846 3313 3428 3388; baseline 0.004 -22"><span class='ocrx_word' id='word_1_577' title='bbox 1846 3313 2084 3384; x_wconf 89' lang='lat' dir='ltr'><strong>tiplicem</strong></span> <span class='ocrx_word' id='word_1_578' title='bbox 2122 3314 2541 3385; x_wconf 90' lang='lat' dir='ltr'><strong>inquisitionem</strong></span> <span class='ocrx_word' id='word_1_579' title='bbox 2581 3327 2747 3387; x_wconf 79' lang='lat' dir='ltr'><strong>atque</strong></span> <span class='ocrx_word' id='word_1_580' title='bbox 2800 3318 3225 3388; x_wconf 86' lang='lat' dir='ltr'><strong>disputationem</strong></span> <span class='ocrx_word' id='word_1_581' title='bbox 3262 3320 3428 3375; x_wconf 81' lang='lat' dir='ltr'><strong>habet</strong></span> 
     </span>
    </p>
   </div>
   <div class='ocr_carea' id='block_1_78' title="bbox 1843 3404 3428 3481">
    <p class='ocr_par' dir='ltr' id='par_1_78' title="bbox 1843 3404 3428 3481">
     <span class='ocr_line' id='line_1_78' title="bbox 1843 3404 3428 3481; baseline 0.005 -21"><span class='ocrx_word' id='word_1_582' title='bbox 1843 3404 1933 3462; x_wconf 88' lang='grc'><strong>1110</strong></span> <span class='ocrx_word' id='word_1_583' title='bbox 1966 3421 2147 3461; x_wconf 89' lang='lat' dir='ltr'><strong>sermo</strong></span> <span class='ocrx_word' id='word_1_584' title='bbox 2184 3406 2197 3460; x_wconf 93' lang='lat' dir='ltr'><strong>l</strong></span> <span class='ocrx_word' id='word_1_585' title='bbox 2249 3405 2494 3462; x_wconf 88' lang='lat' dir='ltr'><strong>Primum</strong></span> <span class='ocrx_word' id='word_1_586' title='bbox 2544 3408 2763 3476; x_wconf 89' lang='lat' dir='ltr'><strong>quidem</strong></span> <span class='ocrx_word' id='word_1_587' title='bbox 2800 3409 2905 3465; x_wconf 92' lang='lat' dir='ltr'><strong>hoc</strong></span> <span class='ocrx_word' id='word_1_588' title='bbox 2940 3410 3238 3481; x_wconf 79' lang='lat' dir='ltr'><strong>intelligere</strong></span> <span class='ocrx_word' id='word_1_589' title='bbox 3267 3412 3428 3468; x_wconf 79' lang='lat' dir='ltr'><strong>debet</strong></span> 
     </span>
    </p>
   </div>
   <div class='ocr_carea' id='block_1_79' title="bbox 1843 3497 3424 3571">
    <p class='ocr_par' dir='ltr' id='par_1_79' title="bbox 1843 3497 3424 3571">
     <span class='ocr_line' id='line_1_79' title="bbox 1843 3497 3424 3571; baseline 0.003 -17"><span class='ocrx_word' id='word_1_590' title='bbox 1843 3498 2021 3554; x_wconf 88' lang='lat' dir='ltr'><strong>omnis</strong></span> <span class='ocrx_word' id='word_1_591' title='bbox 2049 3497 2288 3568; x_wconf 89' lang='lat' dir='ltr'><strong>sapiens,</strong></span> <span class='ocrx_word' id='word_1_592' title='bbox 2326 3500 2449 3569; x_wconf 89' lang='lat' dir='ltr'><strong>quia</strong></span> <span class='ocrx_word' id='word_1_593' title='bbox 2475 3501 2725 3556; x_wconf 86' lang='lat' dir='ltr'><strong>universa</strong></span> <span class='ocrx_word' id='word_1_594' title='bbox 2752 3501 2991 3570; x_wconf 84' lang='lat' dir='ltr'><strong>potentia</strong></span> <span class='ocrx_word' id='word_1_595' title='bbox 3012 3515 3177 3571; x_wconf 87' lang='lat' dir='ltr'><strong>atque</strong></span> <span class='ocrx_word' id='word_1_596' title='bbox 3209 3505 3424 3560; x_wconf 79' lang='lat' dir='ltr'><strong>exerci-</strong></span> 
     </span>
    </p>
   </div>
   <div class='ocr_carea' id='block_1_80' title="bbox 1848 3591 3427 3655">
    <p class='ocr_par' dir='ltr' id='par_1_80' title="bbox 1848 3591 3427 3655">
     <span class='ocr_line' id='line_1_80' title="bbox 1848 3591 3427 3655; baseline 0.002 -10"><span class='ocrx_word' id='word_1_597' title='bbox 1848 3599 1961 3655; x_wconf 91' lang='lat' dir='ltr'><strong>tus,</strong></span> <span class='ocrx_word' id='word_1_598' title='bbox 1991 3598 2048 3646; x_wconf 82' lang='lat' dir='ltr'><strong>et</strong></span> <span class='ocrx_word' id='word_1_599' title='bbox 2078 3604 2272 3645; x_wconf 90' lang='lat' dir='ltr'><strong>omnes</strong></span> <span class='ocrx_word' id='word_1_600' title='bbox 2303 3591 2606 3645; x_wconf 69' lang='grc'><strong>(1000100001</strong></span> <span class='ocrx_word' id='word_1_601' title='bbox 2636 3601 2868 3648; x_wconf 66' lang='lat' dir='ltr'><strong>catervae</strong></span> <span class='ocrx_word' id='word_1_602' title='bbox 2897 3593 3056 3647; x_wconf 91' lang='lat' dir='ltr'><strong>simul</strong></span> <span class='ocrx_word' id='word_1_603' title='bbox 3085 3593 3193 3647; x_wconf 91' lang='lat' dir='ltr'><strong>illic</strong></span> <span class='ocrx_word' id='word_1_604' title='bbox 3226 3608 3427 3648; x_wconf 88' lang='lat' dir='ltr'><strong>conve-</strong></span> 
     </span>
    </p>
   </div>
   <div class='ocr_carea' id='block_1_81' title="bbox 1843 3686 3425 3760">
    <p class='ocr_par' dir='ltr' id='par_1_81' title="bbox 1843 3686 3425 3760">
     <span class='ocr_line' id='line_1_81' title="bbox 1843 3686 3425 3760; baseline 0.004 -20"><span class='ocrx_word' id='word_1_605' title='bbox 1843 3694 2068 3753; x_wconf 90' lang='lat' dir='ltr'><strong>nerunt,</strong></span> <span class='ocrx_word' id='word_1_606' title='bbox 2094 3693 2147 3740; x_wconf 91' lang='lat' dir='ltr'><strong>et</strong></span> <span class='ocrx_word' id='word_1_607' title='bbox 2176 3701 2241 3756; x_wconf 88' lang='lat' dir='ltr'><strong>pa</strong></span> <span class='ocrx_word' id='word_1_608' title='bbox 2255 3687 2386 3741; x_wconf 90' lang='lat' dir='ltr'><strong>riter</strong></span> <span class='ocrx_word' id='word_1_609' title='bbox 2411 3700 2469 3740; x_wconf 90' lang='lat' dir='ltr'><strong>se</strong></span> <span class='ocrx_word' id='word_1_610' title='bbox 2504 3686 2791 3741; x_wconf 88' lang='lat' dir='ltr'><strong>adversum</strong></span> <span class='ocrx_word' id='word_1_611' title='bbox 2823 3686 3040 3743; x_wconf 87' lang='lat' dir='ltr'><strong>beatum</strong></span> <span class='ocrx_word' id='word_1_612' title='bbox 3077 3688 3179 3744; x_wconf 84' lang='lat' dir='ltr'><strong>Job</strong></span> <span class='ocrx_word' id='word_1_613' title='bbox 3207 3690 3259 3745; x_wconf 93' lang='lat' dir='ltr'><strong>in</strong></span> <span class='ocrx_word' id='word_1_614' title='bbox 3288 3706 3425 3760; x_wconf 66' lang='lat' dir='ltr'><strong>prae-</strong></span> 
     </span>
    </p>
   </div>
   <div class='ocr_carea' id='block_1_82' title="bbox 1842 3775 3420 3850">
    <p class='ocr_par' dir='ltr' id='par_1_82' title="bbox 1842 3775 3420 3850">
     <span class='ocr_line' id='line_1_82' title="bbox 1842 3775 3420 3850; baseline 0.003 -19"><span class='ocrx_word' id='word_1_615' title='bbox 1842 3775 1916 3833; x_wconf 92' lang='lat' dir='ltr'><strong>lio</strong></span> <span class='ocrx_word' id='word_1_616' title='bbox 1964 3787 2341 3845; x_wconf 88' lang='lat' dir='ltr'><strong>armaverunt,</strong></span> <span class='ocrx_word' id='word_1_617' title='bbox 2376 3778 2694 3833; x_wconf 88' lang='lat' dir='ltr'><strong>universum</strong></span> <span class='ocrx_word' id='word_1_618' title='bbox 2742 3777 3002 3834; x_wconf 88' lang='lat' dir='ltr'><strong>nmndum</strong></span> <span class='ocrx_word' id='word_1_619' title='bbox 3032 3779 3420 3850; x_wconf 81' lang='lat' dir='ltr'><strong>despexerunt,</strong></span> 
     </span>
    </p>
   </div>
   <div class='ocr_carea' id='block_1_83' title="bbox 1840 3866 3424 3937">
    <p class='ocr_par' dir='ltr' id='par_1_83' title="bbox 1840 3866 3424 3937">
     <span class='ocr_line' id='line_1_83' title="bbox 1840 3866 3424 3937; baseline 0.001 -13"><span class='ocrx_word' id='word_1_620' title='bbox 1840 3877 2049 3924; x_wconf 86' lang='lat' dir='ltr'><strong>tantum</strong></span> <span class='ocrx_word' id='word_1_621' title='bbox 2086 3866 2274 3923; x_wconf 79' lang='lat' dir='ltr'><strong>utJob</strong></span> <span class='ocrx_word' id='word_1_622' title='bbox 2322 3879 2664 3937; x_wconf 86' lang='lat' dir='ltr'><strong>superarent.</strong></span> <span class='ocrx_word' id='word_1_623' title='bbox 2720 3867 2855 3924; x_wconf 84' lang='lat' dir='ltr'><strong>Nam</strong></span> <span class='ocrx_word' id='word_1_624' title='bbox 2923 3878 3096 3924; x_wconf 90' lang='lat' dir='ltr'><strong>totum</strong></span> <span class='ocrx_word' id='word_1_625' title='bbox 3161 3872 3424 3926; x_wconf 88' lang='lat' dir='ltr'><strong>mundum</strong></span> 
     </span>
    </p>
   </div>
   <div class='ocr_carea' id='block_1_84' title="bbox 1840 3959 3423 4031">
    <p class='ocr_par' dir='ltr' id='par_1_84' title="bbox 1840 3959 3423 4031">
     <span class='ocr_line' id='line_1_84' title="bbox 1840 3959 3423 4031; baseline 0.001 -16"><span class='ocrx_word' id='word_1_626' title='bbox 1840 3976 1996 4016; x_wconf 90' lang='lat' dir='ltr'><strong>suum</strong></span> <span class='ocrx_word' id='word_1_627' title='bbox 2027 3960 2440 4031; x_wconf 76' lang='lat' dir='ltr'><strong>iudicaverunt,</strong></span> <span class='ocrx_word' id='word_1_628' title='bbox 2475 3970 2533 4013; x_wconf 87' lang='lat' dir='ltr'><strong>et</strong></span> <span class='ocrx_word' id='word_1_629' title='bbox 2574 3962 2862 4015; x_wconf 85' lang='lat' dir='ltr'><strong>adversum</strong></span> <span class='ocrx_word' id='word_1_630' title='bbox 2893 3959 3066 4015; x_wconf 91' lang='lat' dir='ltr'><strong>solum</strong></span> <span class='ocrx_word' id='word_1_631' title='bbox 3094 3959 3195 4016; x_wconf 81' lang='lat' dir='ltr'><strong>Joh</strong></span> <span class='ocrx_word' id='word_1_632' title='bbox 3222 3961 3423 4017; x_wconf 89' lang='lat' dir='ltr'><strong>bellum</strong></span> 
     </span>
    </p>
   </div>
   <div class='ocr_carea' id='block_1_85' title="bbox 1841 4050 3423 4121">
    <p class='ocr_par' dir='ltr' id='par_1_85' title="bbox 1841 4050 3423 4121">
     <span class='ocr_line' id='line_1_85' title="bbox 1841 4050 3423 4121; baseline 0.003 -17"><span class='ocrx_word' id='word_1_633' title='bbox 1841 4060 2149 4121; x_wconf 65' lang='lat' dir='ltr'><strong>gessuuut,</strong></span> <span class='ocrx_word' id='word_1_634' title='bbox 2192 4060 2378 4118; x_wconf 89' lang='lat' dir='ltr'><strong>utpote</strong></span> <span class='ocrx_word' id='word_1_635' title='bbox 2435 4050 2561 4120; x_wconf 87' lang='lat' dir='ltr'><strong>quia</strong></span> <span class='ocrx_word' id='word_1_636' title='bbox 2618 4066 2726 4107; x_wconf 88' lang='lat' dir='ltr'><strong>non</strong></span> <span class='ocrx_word' id='word_1_637' title='bbox 2780 4060 2897 4105; x_wconf 86' lang='lat' dir='ltr'><strong>erat</strong></span> <span class='ocrx_word' id='word_1_638' title='bbox 2955 4052 3150 4108; x_wconf 90' lang='lat' dir='ltr'><strong>similis</strong></span> <span class='ocrx_word' id='word_1_639' title='bbox 3195 4054 3335 4109; x_wconf 90' lang='lat' dir='ltr'><strong>alius</strong></span> <span class='ocrx_word' id='word_1_640' title='bbox 3370 4057 3423 4109; x_wconf 91' lang='lat' dir='ltr'><strong>in</strong></span> 
     </span>
    </p>
   </div>
   <div class='ocr_carea' id='block_1_86' title="bbox 1842 4140 3424 4214">
    <p class='ocr_par' dir='ltr' id='par_1_86' title="bbox 1842 4140 3424 4214">
     <span class='ocr_line' id='line_1_86' title="bbox 1842 4140 3424 4214; baseline 0.001 -19"><span class='ocrx_word' id='word_1_641' title='bbox 1842 4151 1956 4197; x_wconf 87' lang='lat' dir='ltr'><strong>toto</strong></span> <span class='ocrx_word' id='word_1_642' title='bbox 1986 4142 2217 4211; x_wconf 90' lang='lat' dir='ltr'><strong>mundo._</strong></span> <span class='ocrx_word' id='word_1_643' title='bbox 2246 4141 2374 4195; x_wconf 89' lang='lat' dir='ltr'><strong>Item</strong></span> <span class='ocrx_word' id='word_1_644' title='bbox 2423 4140 2599 4197; x_wconf 84' lang='lat' dir='ltr'><strong>adhuc</strong></span> <span class='ocrx_word' id='word_1_645' title='bbox 2645 4142 2745 4197; x_wconf 88' lang='lat' dir='ltr'><strong>tria</strong></span> <span class='ocrx_word' id='word_1_646' title='bbox 2787 4158 2992 4198; x_wconf 86' lang='lat' dir='ltr'><strong>cornua</strong></span> <span class='ocrx_word' id='word_1_647' title='bbox 3035 4141 3292 4199; x_wconf 85' lang='lat' dir='ltr'><strong>fecerunt</strong></span> <span class='ocrx_word' id='word_1_648' title='bbox 3326 4160 3424 4214; x_wconf 88' lang='lat' dir='ltr'><strong>pro</strong></span> 
     </span>
    </p>
   </div>
   <div class='ocr_carea' id='block_1_87' title="bbox 1839 4233 3424 4306">
    <p class='ocr_par' dir='ltr' id='par_1_87' title="bbox 1839 4233 3424 4306">
     <span class='ocr_line' id='line_1_87' title="bbox 1839 4233 3424 4306; baseline 0.002 -18"><span class='ocrx_word' id='word_1_649' title='bbox 1839 4233 2033 4302; x_wconf 89' lang='lat' dir='ltr'><strong>peculii</strong></span> <span class='ocrx_word' id='word_1_650' title='bbox 2071 4235 2513 4304; x_wconf 84' lang='lat' dir='ltr'><strong>consumptioue,</strong></span> <span class='ocrx_word' id='word_1_651' title='bbox 2540 4245 2594 4287; x_wconf 90' lang='lat' dir='ltr'><strong>et</strong></span> <span class='ocrx_word' id='word_1_652' title='bbox 2621 4234 2857 4290; x_wconf 88' lang='grc'><strong>1111010111</strong></span> <span class='ocrx_word' id='word_1_653' title='bbox 2899 4236 3225 4305; x_wconf 88' lang='lat' dir='ltr'><strong>perditione,</strong></span> <span class='ocrx_word' id='word_1_654' title='bbox 3261 4247 3424 4306; x_wconf 89' lang='lat' dir='ltr'><strong>atque</strong></span> 
     </span>
    </p>
   </div>
   <div class='ocr_carea' id='block_1_88' title="bbox 1840 4324 3422 4397">
    <p class='ocr_par' dir='ltr' id='par_1_88' title="bbox 1840 4324 3422 4397">
     <span class='ocr_line' id='line_1_88' title="bbox 1840 4324 3422 4397; baseline 0.003 -18"><span class='ocrx_word' id='word_1_655' title='bbox 1840 4326 2085 4397; x_wconf 88' lang='lat' dir='ltr'><strong>corporis</strong></span> <span class='ocrx_word' id='word_1_656' title='bbox 2112 4324 2294 4396; x_wconf 86' lang='lat' dir='ltr'><strong>plaga,</strong></span> <span class='ocrx_word' id='word_1_657' title='bbox 2328 4338 2585 4395; x_wconf 89' lang='lat' dir='ltr'><strong>superare</strong></span> <span class='ocrx_word' id='word_1_658' title='bbox 2611 4341 2733 4381; x_wconf 90' lang='lat' dir='ltr'><strong>eum</strong></span> <span class='ocrx_word' id='word_1_659' title='bbox 2771 4329 3026 4382; x_wconf 86' lang='lat' dir='ltr'><strong>nitentes.</strong></span> <span class='ocrx_word' id='word_1_660' title='bbox 3060 4326 3185 4381; x_wconf 86' lang='lat' dir='ltr'><strong>Tria</strong></span> <span class='ocrx_word' id='word_1_661' title='bbox 3221 4343 3422 4384; x_wconf 88' lang='lat' dir='ltr'><strong>cornua</strong></span> 
     </span>
    </p>
   </div>
   <div class='ocr_carea' id='block_1_89' title="bbox 1841 4418 3413 4492">
    <p class='ocr_par' dir='ltr' id='par_1_89' title="bbox 1841 4418 3413 4492">
     <span class='ocr_line' id='line_1_89' title="bbox 1841 4418 3413 4492; baseline 0.001 -18"><span class='ocrx_word' id='word_1_662' title='bbox 1841 4418 2110 4485; x_wconf 81' lang='lat' dir='ltr'><strong>fecerunt,</strong></span> <span class='ocrx_word' id='word_1_663' title='bbox 2146 4421 2274 4490; x_wconf 90' lang='lat' dir='ltr'><strong>quia</strong></span> <span class='ocrx_word' id='word_1_664' title='bbox 2329 4428 2384 4474; x_wconf 90' lang='lat' dir='ltr'><strong>et</strong></span> <span class='ocrx_word' id='word_1_665' title='bbox 2430 4435 2556 4475; x_wconf 91' lang='lat' dir='ltr'><strong>cum</strong></span> <span class='ocrx_word' id='word_1_666' title='bbox 2591 4434 2659 4476; x_wconf 92' lang='lat' dir='ltr'><strong>eo</strong></span> <span class='ocrx_word' id='word_1_667' title='bbox 2718 4422 2877 4476; x_wconf 90' lang='lat' dir='ltr'><strong>tertio</strong></span> <span class='ocrx_word' id='word_1_668' title='bbox 2920 4424 3198 4492; x_wconf 85' lang='lat' dir='ltr'><strong>congressi</strong></span> <span class='ocrx_word' id='word_1_669' title='bbox 3263 4433 3413 4477; x_wconf 90' lang='lat' dir='ltr'><strong>sunt.</strong></span> 
     </span>
    </p>
   </div>
   <div class='ocr_carea' id='block_1_90' title="bbox 140 4500 3423 4586">
    <p class='ocr_par' dir='ltr' id='par_1_90' title="bbox 140 4500 3423 4586">
     <span class='ocr_line' id='line_1_90' title="bbox 140 4500 3423 4586; baseline -0.002 -16"><span class='ocrx_word' id='word_1_670' title='bbox 140 4514 360 4570; x_wconf 82' lang='lat' dir='ltr'><strong>melos?</strong></span> <span class='ocrx_word' id='word_1_671' title='bbox 397 4514 476 4570; x_wconf 91' lang='grc'><strong>1111</strong></span> <span class='ocrx_word' id='word_1_672' title='bbox 512 4514 735 4571; x_wconf 89' lang='lat' dir='ltr'><strong>fuerunt</strong></span> <span class='ocrx_word' id='word_1_673' title='bbox 775 4517 1052 4585; x_wconf 87' lang='lat' dir='ltr'><strong>spiritales</strong></span> <span class='ocrx_word' id='word_1_674' title='bbox 1088 4521 1324 4586; x_wconf 88' lang='lat' dir='ltr'><strong>equites.</strong></span> <span class='ocrx_word' id='word_1_675' title='bbox 1358 4516 1412 4570; x_wconf 89' lang='lat' dir='ltr'><strong>Id</strong></span> <span class='ocrx_word' id='word_1_676' title='bbox 1464 4526 1548 4572; x_wconf 83' lang='lat' dir='ltr'><strong>est</strong></span> <span class='ocrx_word' id='word_1_677' title='bbox 1588 4517 1733 4571; x_wconf 89' lang='lat' dir='ltr'><strong>aerei</strong></span> <span class='ocrx_word' id='word_1_678' title='bbox 1767 4500 1813 4563; x_wconf 82' lang='grc' dir='ltr'><strong>Ι)</strong></span> <span class='ocrx_word' id='word_1_679' title='bbox 1843 4512 2022 4568; x_wconf 85' lang='lat' dir='ltr'><strong>Semel</strong></span> <span class='ocrx_word' id='word_1_680' title='bbox 2046 4526 2178 4568; x_wconf 88' lang='lat' dir='ltr'><strong>sane</strong></span> <span class='ocrx_word' id='word_1_681' title='bbox 2215 4525 2340 4564; x_wconf 92' lang='lat' dir='ltr'><strong>cum</strong></span> <span class='ocrx_word' id='word_1_682' title='bbox 2370 4526 2533 4567; x_wconf 89' lang='lat' dir='ltr'><strong>omne</strong></span> <span class='ocrx_word' id='word_1_683' title='bbox 2562 4512 2832 4581; x_wconf 84' lang='lat' dir='ltr'><strong>peculium</strong></span> <span class='ocrx_word' id='word_1_684' title='bbox 2873 4522 3035 4582; x_wconf 87' lang='lat' dir='ltr'><strong>atque</strong></span> <span class='ocrx_word' id='word_1_685' title='bbox 3072 4512 3213 4569; x_wconf 85' lang='lat' dir='ltr'><strong>filios</strong></span> <span class='ocrx_word' id='word_1_686' title='bbox 3244 4514 3423 4569; x_wconf 87' lang='lat' dir='ltr'><strong>subito</strong></span> 
     </span>
    </p>
   </div>
   <div class='ocr_carea' id='block_1_91' title="bbox 140 4608 1737 4680">
    <p class='ocr_par' dir='ltr' id='par_1_91' title="bbox 140 4608 1737 4680">
     <span class='ocr_line' id='line_1_91' title="bbox 140 4608 1737 4680; baseline 0.002 -19"><span class='ocrx_word' id='word_1_687' title='bbox 140 4608 397 4676; x_wconf 75' lang='lat' dir='ltr'><strong>Spiritus,</strong></span> <span class='ocrx_word' id='word_1_688' title='bbox 428 4608 520 4677; x_wconf 90' lang='lat' dir='ltr'><strong>qui</strong></span> <span class='ocrx_word' id='word_1_689' title='bbox 566 4618 766 4663; x_wconf 89' lang='lat' dir='ltr'><strong>terram</strong></span> <span class='ocrx_word' id='word_1_690' title='bbox 812 4619 1124 4679; x_wconf 82' lang='lat' dir='ltr'><strong>peragrant,</strong></span> <span class='ocrx_word' id='word_1_691' title='bbox 1161 4612 1251 4679; x_wconf 88' lang='lat' dir='ltr'><strong>qui</strong></span> <span class='ocrx_word' id='word_1_692' title='bbox 1308 4610 1528 4680; x_wconf 86' lang='lat' dir='ltr'><strong>pelagus</strong></span> <span class='ocrx_word' id='word_1_693' title='bbox 1554 4619 1737 4664; x_wconf 88' lang='lat' dir='ltr'><strong>trans-</strong></span> 
     </span>
    </p>
   </div>
   <div class='ocr_carea' id='block_1_92' title="bbox 138 4701 1734 4771">
    <p class='ocr_par' dir='ltr' id='par_1_92' title="bbox 138 4701 1734 4771">
     <span class='ocr_line' id='line_1_92' title="bbox 138 4701 1734 4771; baseline 0.001 -18"><span class='ocrx_word' id='word_1_694' title='bbox 138 4709 301 4761; x_wconf 86' lang='lat' dir='ltr'><strong>eunt,</strong></span> <span class='ocrx_word' id='word_1_695' title='bbox 334 4701 427 4771; x_wconf 88' lang='lat' dir='ltr'><strong>qui</strong></span> <span class='ocrx_word' id='word_1_696' title='bbox 453 4715 633 4755; x_wconf 88' lang='lat' dir='ltr'><strong>aerem</strong></span> <span class='ocrx_word' id='word_1_697' title='bbox 661 4702 966 4771; x_wconf 88' lang='lat' dir='ltr'><strong>pervolant,</strong></span> <span class='ocrx_word' id='word_1_698' title='bbox 1020 4702 1113 4771; x_wconf 88' lang='lat' dir='ltr'><strong>qui</strong></span> <span class='ocrx_word' id='word_1_699' title='bbox 1145 4701 1294 4755; x_wconf 88' lang='lat' dir='ltr'><strong>omni</strong></span> <span class='ocrx_word' id='word_1_700' title='bbox 1322 4711 1484 4757; x_wconf 91' lang='lat' dir='ltr'><strong>vento</strong></span> <span class='ocrx_word' id='word_1_701' title='bbox 1514 4710 1566 4756; x_wconf 89' lang='lat' dir='ltr'><strong>et</strong></span> <span class='ocrx_word' id='word_1_702' title='bbox 1595 4715 1734 4770; x_wconf 87' lang='lat' dir='ltr'><strong>aqua</strong></span> 
     </span>
    </p>
   </div>
   <div class='ocr_carea' id='block_1_93' title="bbox 140 4792 1736 4863">
    <p class='ocr_par' dir='ltr' id='par_1_93' title="bbox 140 4792 1736 4863">
     <span class='ocr_line' id='line_1_93' title="bbox 140 4792 1736 4863; baseline 0.004 -20"><span class='ocrx_word' id='word_1_703' title='bbox 140 4802 315 4861; x_wconf 89' lang='lat' dir='ltr'><strong>atque</strong></span> <span class='ocrx_word' id='word_1_704' title='bbox 346 4792 600 4847; x_wconf 90' lang='lat' dir='ltr'><strong>omnibus</strong></span> <span class='ocrx_word' id='word_1_705' title='bbox 624 4795 960 4863; x_wconf 88' lang='lat' dir='ltr'><strong>tempestivis</strong></span> <span class='ocrx_word' id='word_1_706' title='bbox 1001 4794 1256 4863; x_wconf 90' lang='lat' dir='ltr'><strong>procellis</strong></span> <span class='ocrx_word' id='word_1_707' title='bbox 1300 4795 1736 4850; x_wconf 88' lang='lat' dir='ltr'><strong>vehementiores</strong></span> 
     </span>
    </p>
   </div>
   <div class='ocr_carea' id='block_1_94' title="bbox 140 4883 1727 4954">
    <p class='ocr_par' dir='ltr' id='par_1_94' title="bbox 140 4883 1727 4954">
     <span class='ocr_line' id='line_1_94' title="bbox 140 4883 1727 4954; baseline 0.004 -20"><span class='ocrx_word' id='word_1_708' title='bbox 140 4892 292 4947; x_wconf 88' lang='lat' dir='ltr'><strong>sunt,</strong></span> <span class='ocrx_word' id='word_1_709' title='bbox 328 4893 493 4951; x_wconf 90' lang='lat' dir='ltr'><strong>atque</strong></span> <span class='ocrx_word' id='word_1_710' title='bbox 526 4883 824 4939; x_wconf 89' lang='lat' dir='ltr'><strong>velociores</strong></span> <span class='ocrx_word' id='word_1_711' title='bbox 852 4884 907 4938; x_wconf 90' lang='lat' dir='ltr'><strong>iu</strong></span> <span class='ocrx_word' id='word_1_712' title='bbox 938 4900 1064 4938; x_wconf 90' lang='grc'><strong>0010</strong></span> <span class='ocrx_word' id='word_1_713' title='bbox 1092 4900 1190 4939; x_wconf 84' lang='lat' dir='ltr'><strong>sua</strong></span> <span class='ocrx_word' id='word_1_714' title='bbox 1231 4885 1539 4954; x_wconf 88' lang='lat' dir='ltr'><strong>iniquitate.</strong></span> <span class='ocrx_word' id='word_1_715' title='bbox 1572 4886 1727 4942; x_wconf 89' lang='lat' dir='ltr'><strong>Unde</strong></span> 
     </span>
    </p>
   </div>
   <div class='ocr_carea' id='block_1_95' title="bbox 140 4974 1724 5048">
    <p class='ocr_par' dir='ltr' id='par_1_95' title="bbox 140 4974 1724 5048">
     <span class='ocr_line' id='line_1_95' title="bbox 140 4974 1724 5048; baseline 0.005 -21"><span class='ocrx_word' id='word_1_716' title='bbox 140 4975 309 5027; x_wconf 88' lang='lat' dir='ltr'><strong>etiam</strong></span> <span class='ocrx_word' id='word_1_717' title='bbox 351 4974 565 5043; x_wconf 88' lang='lat' dir='ltr'><strong>equites</strong></span> <span class='ocrx_word' id='word_1_718' title='bbox 618 4976 777 5047; x_wconf 87' lang='lat' dir='ltr'><strong>digne</strong></span> <span class='ocrx_word' id='word_1_719' title='bbox 819 4977 1184 5047; x_wconf 88' lang='lat' dir='ltr'><strong>appellantur,</strong></span> <span class='ocrx_word' id='word_1_720' title='bbox 1226 4978 1318 5048; x_wconf 90' lang='lat' dir='ltr'><strong>qui</strong></span> <span class='ocrx_word' id='word_1_721' title='bbox 1346 4993 1508 5048; x_wconf 90' lang='lat' dir='ltr'><strong>super</strong></span> <span class='ocrx_word' id='word_1_722' title='bbox 1533 4993 1724 5035; x_wconf 88' lang='lat' dir='ltr'><strong>omnes</strong></span> 
     </span>
    </p>
   </div>
   <div class='ocr_carea' id='block_1_96' title="bbox 138 5063 1731 5143">
    <p class='ocr_par' dir='ltr' id='par_1_96' title="bbox 138 5063 1731 5143">
     <span class='ocr_line' id='line_1_96' title="bbox 138 5063 1731 5143; baseline 0.006 -26"><span class='ocrx_word' id='word_1_723' title='bbox 138 5063 460 5120; x_wconf 75' lang='lat' dir='ltr'><strong>luxuriosos</strong></span> <span class='ocrx_word' id='word_1_724' title='bbox 492 5077 655 5136; x_wconf 90' lang='lat' dir='ltr'><strong>atque</strong></span> <span class='ocrx_word' id='word_1_725' title='bbox 698 5070 997 5137; x_wconf 87' lang='lat' dir='ltr'><strong>impudicos</strong></span> <span class='ocrx_word' id='word_1_726' title='bbox 1031 5072 1222 5126; x_wconf 87' lang='lat' dir='ltr'><strong>sedent</strong></span> <span class='ocrx_word' id='word_1_727' title='bbox 1254 5084 1513 5143; x_wconf 88' lang='lat' dir='ltr'><strong>tanquam</strong></span> <span class='ocrx_word' id='word_1_728' title='bbox 1566 5088 1731 5142; x_wconf 87' lang='lat' dir='ltr'><strong>super</strong></span> 
     </span>
    </p>
   </div>
   <div class='ocr_carea' id='block_1_97' title="bbox 139 5156 1728 5232">
    <p class='ocr_par' dir='ltr' id='par_1_97' title="bbox 139 5156 1728 5232">
     <span class='ocr_line' id='line_1_97' title="bbox 139 5156 1728 5232; baseline 0.006 -23"><span class='ocrx_word' id='word_1_729' title='bbox 139 5169 342 5225; x_wconf 87' lang='lat' dir='ltr'><strong>equos,</strong></span> <span class='ocrx_word' id='word_1_730' title='bbox 378 5164 435 5210; x_wconf 90' lang='lat' dir='ltr'><strong>et</strong></span> <span class='ocrx_word' id='word_1_731' title='bbox 472 5156 629 5225; x_wconf 81' lang='lat' dir='ltr'><strong>juxta</strong></span> <span class='ocrx_word' id='word_1_732' title='bbox 660 5161 961 5230; x_wconf 88' lang='lat' dir='ltr'><strong>nequitiam</strong></span> <span class='ocrx_word' id='word_1_733' title='bbox 1002 5176 1155 5215; x_wconf 87' lang='lat' dir='ltr'><strong>suam</strong></span> <span class='ocrx_word' id='word_1_734' title='bbox 1182 5164 1464 5232; x_wconf 77' lang='lat' dir='ltr'><strong>exagitant</strong></span> <span class='ocrx_word' id='word_1_735' title='bbox 1494 5163 1635 5229; x_wconf 82' lang='grc'><strong>11100,</strong></span> <span class='ocrx_word' id='word_1_736' title='bbox 1671 5173 1728 5219; x_wconf 89' lang='grc'><strong>01</strong></span> 
     </span>
    </p>
   </div>
   <div class='ocr_carea' id='block_1_98' title="bbox 140 5248 1724 5326">
    <p class='ocr_par' dir='ltr' id='par_1_98' title="bbox 140 5248 1724 5326">
     <span class='ocr_line' id='line_1_98' title="bbox 140 5248 1724 5326; baseline 0.007 -24"><span class='ocrx_word' id='word_1_737' title='bbox 140 5249 210 5303; x_wconf 87' lang='grc'><strong>011</strong></span> <span class='ocrx_word' id='word_1_738' title='bbox 242 5264 362 5303; x_wconf 61' lang='lat' dir='ltr'><strong>suae</strong></span> <span class='ocrx_word' id='word_1_739' title='bbox 389 5248 702 5320; x_wconf 90' lang='lat' dir='ltr'><strong>iniquitatis</strong></span> <span class='ocrx_word' id='word_1_740' title='bbox 732 5264 894 5325; x_wconf 90' lang='lat' dir='ltr'><strong>atque</strong></span> <span class='ocrx_word' id='word_1_741' title='bbox 940 5254 1290 5326; x_wconf 79' lang='lat' dir='ltr'><strong>impudicitiae</strong></span> <span class='ocrx_word' id='word_1_742' title='bbox 1331 5256 1724 5324; x_wconf 88' lang='lat' dir='ltr'><strong>perfectionem</strong></span> 
     </span>
    </p>
   </div>
   <div class='ocr_carea' id='block_1_99' title="bbox 138 5343 1725 5417">
    <p class='ocr_par' dir='ltr' id='par_1_99' title="bbox 138 5343 1725 5417">
     <span class='ocr_line' id='line_1_99' title="bbox 138 5343 1725 5417; baseline 0.005 -23"><span class='ocrx_word' id='word_1_743' title='bbox 138 5354 340 5397; x_wconf 88' lang='lat' dir='ltr'><strong>omnes</strong></span> <span class='ocrx_word' id='word_1_744' title='bbox 366 5343 709 5399; x_wconf 86' lang='lat' dir='ltr'><strong>insectantur</strong></span> <span class='ocrx_word' id='word_1_745' title='bbox 732 5346 875 5411; x_wconf 90' lang='lat' dir='ltr'><strong>illos,</strong></span> <span class='ocrx_word' id='word_1_746' title='bbox 901 5348 968 5402; x_wconf 91' lang='lat' dir='ltr'><strong>de</strong></span> <span class='ocrx_word' id='word_1_747' title='bbox 997 5348 1196 5417; x_wconf 86' lang='lat' dir='ltr'><strong>quibus</strong></span> <span class='ocrx_word' id='word_1_748' title='bbox 1228 5348 1425 5403; x_wconf 90' lang='lat' dir='ltr'><strong>dicitur</strong></span> <span class='ocrx_word' id='word_1_749' title='bbox 1452 5344 1479 5406; x_wconf 67' lang='grc' dir='ltr'><strong>τ’</strong></span> <span class='ocrx_word' id='word_1_750' title='bbox 1502 5349 1725 5404; x_wconf 78' lang='lat' dir='ltr'><strong>Adulter</strong></span> 
     </span>
    </p>
   </div>
   <div class='ocr_carea' id='block_1_100' title="bbox 138 5436 1724 5498">
    <p class='ocr_par' dir='ltr' id='par_1_100' title="bbox 138 5436 1724 5498">
     <span class='ocr_line' id='line_1_100' title="bbox 138 5436 1724 5498; baseline 0.004 -11"><span class='ocrx_word' id='word_1_751' title='bbox 138 5436 282 5489; x_wconf 80' lang='lat' dir='ltr'><strong>sicut</strong></span> <span class='ocrx_word' id='word_1_752' title='bbox 334 5436 686 5494; x_wconf 75' lang='lat' dir='ltr'><strong>admissarius</strong></span> <span class='ocrx_word' id='word_1_753' title='bbox 740 5442 833 5495; x_wconf 87' lang='lat' dir='ltr'><strong>sub</strong></span> <span class='ocrx_word' id='word_1_754' title='bbox 884 5442 1025 5495; x_wconf 86' lang='lat' dir='ltr'><strong>omni</strong></span> <span class='ocrx_word' id='word_1_755' title='bbox 1074 5458 1281 5496; x_wconf 87' lang='lat' dir='ltr'><strong>sessore</strong></span> <span class='ocrx_word' id='word_1_756' title='bbox 1329 5441 1501 5496; x_wconf 85' lang='lat' dir='ltr'><strong>hinnit</strong></span> <span class='ocrx_word' id='word_1_757' title='bbox 1530 5443 1594 5498; x_wconf 78' lang='lat'><strong>“.</strong></span> <span class='ocrx_word' id='word_1_758' title='bbox 1621 5443 1724 5497; x_wconf 83' lang='lat' dir='ltr'><strong>Et:</strong></span> 
     </span>
    </p>
   </div>
   <div class='ocr_carea' id='block_1_101' title="bbox 139 5526 1730 5607">
    <p class='ocr_par' dir='ltr' id='par_1_101' title="bbox 139 5526 1730 5607">
     <span class='ocr_line' id='line_1_101' title="bbox 139 5526 1730 5607; baseline 0.005 -27"><span class='ocrx_word' id='word_1_759' title='bbox 139 5526 331 5583; x_wconf 80' lang='lat' dir='ltr'><strong>Nolite</strong></span> <span class='ocrx_word' id='word_1_760' title='bbox 374 5530 495 5599; x_wconf 79' lang='lat' dir='ltr'><strong>ﬁeri</strong></span> <span class='ocrx_word' id='word_1_761' title='bbox 548 5534 684 5585; x_wconf 82' lang='lat' dir='ltr'><strong>sicut</strong></span> <span class='ocrx_word' id='word_1_762' title='bbox 717 5550 878 5604; x_wconf 86' lang='lat' dir='ltr'><strong>equus</strong></span> <span class='ocrx_word' id='word_1_763' title='bbox 928 5546 975 5588; x_wconf 81' lang='lat' dir='ltr'><strong>et</strong></span> <span class='ocrx_word' id='word_1_764' title='bbox 1014 5536 1187 5588; x_wconf 87' lang='lat' dir='ltr'><strong>mulus</strong></span> <span class='ocrx_word' id='word_1_765' title='bbox 1220 5538 1272 5589; x_wconf 87' lang='lat' dir='ltr'><strong>in</strong></span> <span class='ocrx_word' id='word_1_766' title='bbox 1301 5538 1489 5607; x_wconf 80' lang='lat' dir='ltr'><strong>quibus</strong></span> <span class='ocrx_word' id='word_1_767' title='bbox 1511 5551 1613 5588; x_wconf 88' lang='lat' dir='ltr'><strong>non</strong></span> <span class='ocrx_word' id='word_1_768' title='bbox 1651 5543 1730 5589; x_wconf 87' lang='lat' dir='ltr'><strong>est</strong></span> 
     </span>
    </p>
   </div>
   <div class='ocr_carea' id='block_1_102' title="bbox 136 5622 1726 5699">
    <p class='ocr_par' dir='ltr' id='par_1_102' title="bbox 136 5622 1726 5699">
     <span class='ocr_line' id='line_1_102' title="bbox 136 5622 1726 5699; baseline 0.004 -26"><span class='ocrx_word' id='word_1_769' title='bbox 136 5622 529 5678; x_wconf 78' lang='lat' dir='ltr'><strong>intellectus&quot;.</strong></span> <span class='ocrx_word' id='word_1_770' title='bbox 571 5625 634 5679; x_wconf 86' lang='lat' dir='ltr'><strong>Et</strong></span> <span class='ocrx_word' id='word_1_771' title='bbox 663 5627 876 5682; x_wconf 88' lang='lat' dir='ltr'><strong>adhuc:</strong></span> <span class='ocrx_word' id='word_1_772' title='bbox 908 5629 1048 5699; x_wconf 75' lang='lat' dir='ltr'><strong>Equi</strong></span> <span class='ocrx_word' id='word_1_773' title='bbox 1092 5628 1400 5682; x_wconf 86' lang='lat' dir='ltr'><strong>admissarii</strong></span> <span class='ocrx_word' id='word_1_774' title='bbox 1426 5627 1726 5696; x_wconf 76' lang='grc' dir='ltr'><strong>[110ιὶ01011,</strong></span> 
     </span>
    </p>
   </div>
   <div class='ocr_carea' id='block_1_103' title="bbox 207 5814 1292 5879">
    <p class='ocr_par' dir='ltr' id='par_1_103' title="bbox 207 5814 1292 5879">
     <span class='ocr_line' id='line_1_103' title="bbox 207 5814 1292 5879; baseline -0.005 -4"><span class='ocrx_word' id='word_1_775' title='bbox 207 5817 446 5875; x_wconf 78' lang='lat' dir='ltr'><strong>&quot;Eccli.</strong></span> <span class='ocrx_word' id='word_1_776' title='bbox 472 5832 670 5875; x_wconf 70' lang='lat' dir='ltr'><strong>XXXIII.</strong></span> <span class='ocrx_word' id='word_1_777' title='bbox 701 5818 753 5871; x_wconf 88' lang='lat'><strong>6.</strong></span> <span class='ocrx_word' id='word_1_778' title='bbox 831 5816 876 5847; x_wconf 76' lang='lat'><strong>&#39;°</strong></span> <span class='ocrx_word' id='word_1_779' title='bbox 904 5814 1043 5869; x_wconf 82' lang='lat' dir='ltr'><strong>Psal.</strong></span> <span class='ocrx_word' id='word_1_780' title='bbox 1080 5829 1229 5879; x_wconf 75' lang='lat' dir='ltr'><strong>xxxt,</strong></span> <span class='ocrx_word' id='word_1_781' title='bbox 1260 5815 1292 5870; x_wconf 92' lang='lat'><strong>9</strong></span> 
     </span>
    </p>
   </div>
   <div class='ocr_carea' id='block_1_104' title="bbox 468 5908 1122 5972">
    <p class='ocr_par' dir='ltr' id='par_1_104' title="bbox 468 5908 1122 5972">
     <span class='ocr_line' id='line_1_104' title="bbox 468 5908 1122 5972; baseline -0.005 0"><span class='ocrx_word' id='word_1_782' title='bbox 468 5914 739 5972; x_wconf 69' lang='lat' dir='ltr'><strong>Parant.</strong></span> <span class='ocrx_word' id='word_1_783' title='bbox 768 5909 862 5970; x_wconf 83' lang='lat' dir='ltr'><strong>Gn</strong></span> <span class='ocrx_word' id='word_1_784' title='bbox 925 5908 1122 5969; x_wconf 74' lang='lat' dir='ltr'><strong>XVII.</strong></span> 
     </span>
    </p>
   </div>
   <div class='ocr_carea' id='block_1_105' title="bbox 1396 5808 1823 5879">
    <p class='ocr_par' dir='ltr' id='par_1_105' title="bbox 1396 5808 1823 5879">
     <span class='ocr_line' id='line_1_105' title="bbox 1396 5808 1823 5879; baseline -0.007 -14"><span class='ocrx_word' id='word_1_785' title='bbox 1396 5812 1438 5845; x_wconf 86' lang='lat'>&quot;</span> <span class='ocrx_word' id='word_1_786' title='bbox 1468 5810 1664 5866; x_wconf 87' lang='lat' dir='ltr'><strong>Jercm.</strong></span> <span class='ocrx_word' id='word_1_787' title='bbox 1698 5825 1748 5879; x_wconf 90' lang='lat' dir='ltr'><strong>v,</strong></span> <span class='ocrx_word' id='word_1_788' title='bbox 1772 5808 1823 5865; x_wconf 79' lang='lat'><strong>8.</strong></span> 
     </span>
    </p>
   </div>
   <div class='ocr_carea' id='block_1_106' title="bbox 1848 4606 3423 4679">
    <p class='ocr_par' dir='ltr' id='par_1_106' title="bbox 1848 4606 3423 4679">
     <span class='ocr_line' id='line_1_106' title="bbox 1848 4606 3423 4679; baseline 0.001 -18"><span class='ocrx_word' id='word_1_789' title='bbox 1848 4606 2236 4663; x_wconf 82' lang='lat' dir='ltr'><strong>interfecerunt</strong></span> <span class='ocrx_word' id='word_1_790' title='bbox 2271 4622 2286 4669; x_wconf 93' lang='lat'><strong>;</strong></span> <span class='ocrx_word' id='word_1_791' title='bbox 2322 4606 2582 4670; x_wconf 89' lang='lat' dir='ltr'><strong>secundo,</strong></span> <span class='ocrx_word' id='word_1_792' title='bbox 2612 4607 2828 4675; x_wconf 87' lang='lat' dir='ltr'><strong>quando</strong></span> <span class='ocrx_word' id='word_1_793' title='bbox 2863 4616 3034 4667; x_wconf 79' lang='lat' dir='ltr'><strong>totum</strong></span> <span class='ocrx_word' id='word_1_794' title='bbox 3073 4621 3275 4675; x_wconf 86' lang='lat' dir='ltr'><strong>corpus</strong></span> <span class='ocrx_word' id='word_1_795' title='bbox 3306 4606 3423 4679; x_wconf 85' lang='lat' dir='ltr'><strong>ejus</strong></span> 
     </span>
    </p>
   </div>
   <div class='ocr_carea' id='block_1_107' title="bbox 1841 4696 3423 4768">
    <p class='ocr_par' dir='ltr' id='par_1_107' title="bbox 1841 4696 3423 4768">
     <span class='ocr_line' id='line_1_107' title="bbox 1841 4696 3423 4768; baseline 0.001 -16"><span class='ocrx_word' id='word_1_796' title='bbox 1841 4698 2127 4768; x_wconf 87' lang='lat' dir='ltr'><strong>putredine</strong></span> <span class='ocrx_word' id='word_1_797' title='bbox 2161 4713 2226 4752; x_wconf 90' lang='grc'><strong>00</strong></span> <span class='ocrx_word' id='word_1_798' title='bbox 2252 4696 2530 4752; x_wconf 87' lang='lat' dir='ltr'><strong>vermibus</strong></span> <span class='ocrx_word' id='word_1_799' title='bbox 2581 4697 2965 4767; x_wconf 83' lang='lat' dir='ltr'><strong>repleverunt;</strong></span> <span class='ocrx_word' id='word_1_800' title='bbox 3010 4697 3195 4762; x_wconf 90' lang='lat' dir='ltr'><strong>tertio,</strong></span> <span class='ocrx_word' id='word_1_801' title='bbox 3248 4714 3423 4768; x_wconf 87' lang='lat' dir='ltr'><strong>quan-</strong></span> 
     </span>
    </p>
   </div>
   <div class='ocr_carea' id='block_1_108' title="bbox 1837 4789 3418 4862">
    <p class='ocr_par' dir='ltr' id='par_1_108' title="bbox 1837 4789 3418 4862">
     <span class='ocr_line' id='line_1_108' title="bbox 1837 4789 3418 4862; baseline 0.002 -20"><span class='ocrx_word' id='word_1_802' title='bbox 1837 4790 1908 4844; x_wconf 89' lang='lat' dir='ltr'><strong>do</strong></span> <span class='ocrx_word' id='word_1_803' title='bbox 1938 4806 2036 4862; x_wconf 88' lang='lat' dir='ltr'><strong>per</strong></span> <span class='ocrx_word' id='word_1_804' title='bbox 2065 4805 2292 4845; x_wconf 82' lang='lat' dir='ltr'><strong>uxorem</strong></span> <span class='ocrx_word' id='word_1_805' title='bbox 2319 4791 2678 4854; x_wconf 81' lang='lat' dir='ltr'><strong>seduxerunt,</strong></span> <span class='ocrx_word' id='word_1_806' title='bbox 2706 4790 2867 4844; x_wconf 88' lang='lat' dir='ltr'><strong>amici</strong></span> <span class='ocrx_word' id='word_1_807' title='bbox 2890 4805 3017 4846; x_wconf 91' lang='lat' dir='ltr'><strong>vero</strong></span> <span class='ocrx_word' id='word_1_808' title='bbox 3041 4789 3418 4859; x_wconf 86' lang='lat' dir='ltr'><strong>culpaverunt.</strong></span> 
     </span>
    </p>
   </div>
   <div class='ocr_carea' id='block_1_109' title="bbox 1837 4881 3424 4953">
    <p class='ocr_par' dir='ltr' id='par_1_109' title="bbox 1837 4881 3424 4953">
     <span class='ocr_line' id='line_1_109' title="bbox 1837 4881 3424 4953; baseline 0 -14"><span class='ocrx_word' id='word_1_809' title='bbox 1837 4885 2030 4939; x_wconf 86' lang='lat' dir='ltr'><strong>Adhuc</strong></span> <span class='ocrx_word' id='word_1_810' title='bbox 2061 4892 2239 4938; x_wconf 90' lang='lat' dir='ltr'><strong>autem</strong></span> <span class='ocrx_word' id='word_1_811' title='bbox 2259 4882 2361 4937; x_wconf 89' lang='lat' dir='ltr'><strong>tria</strong></span> <span class='ocrx_word' id='word_1_812' title='bbox 2378 4897 2579 4938; x_wconf 90' lang='grc'><strong>0010110</strong></span> <span class='ocrx_word' id='word_1_813' title='bbox 2597 4881 2868 4948; x_wconf 83' lang='lat' dir='ltr'><strong>fecerunt,</strong></span> <span class='ocrx_word' id='word_1_814' title='bbox 2889 4892 3147 4953; x_wconf 89' lang='lat' dir='ltr'><strong>tanquam</strong></span> <span class='ocrx_word' id='word_1_815' title='bbox 3166 4883 3268 4938; x_wconf 89' lang='lat' dir='ltr'><strong>tria</strong></span> <span class='ocrx_word' id='word_1_816' title='bbox 3282 4898 3424 4953; x_wconf 81' lang='lat' dir='ltr'><strong>prae-</strong></span> 
     </span>
    </p>
   </div>
   <div class='ocr_carea' id='block_1_110' title="bbox 1839 4974 3422 5047">
    <p class='ocr_par' dir='ltr' id='par_1_110' title="bbox 1839 4974 3422 5047">
     <span class='ocr_line' id='line_1_110' title="bbox 1839 4974 3422 5047; baseline -0.002 -16"><span class='ocrx_word' id='word_1_817' title='bbox 1839 4978 1996 5047; x_wconf 89' lang='lat' dir='ltr'><strong>cipua</strong></span> <span class='ocrx_word' id='word_1_818' title='bbox 2022 4990 2088 5030; x_wconf 88' lang='lat' dir='ltr'><strong>ac</strong></span> <span class='ocrx_word' id='word_1_819' title='bbox 2111 4974 2429 5044; x_wconf 87' lang='lat' dir='ltr'><strong>singularia,</strong></span> <span class='ocrx_word' id='word_1_820' title='bbox 2462 4976 2512 5028; x_wconf 90' lang='lat' dir='ltr'><strong>id</strong></span> <span class='ocrx_word' id='word_1_821' title='bbox 2530 4983 2616 5030; x_wconf 87' lang='lat' dir='ltr'><strong>est</strong></span> <span class='ocrx_word' id='word_1_822' title='bbox 2654 4989 2826 5045; x_wconf 89' lang='lat' dir='ltr'><strong>spem,</strong></span> <span class='ocrx_word' id='word_1_823' title='bbox 2853 4974 3038 5040; x_wconf 80' lang='lat' dir='ltr'><strong>(idem,</strong></span> <span class='ocrx_word' id='word_1_824' title='bbox 3068 4976 3422 5039; x_wconf 83' lang='grc'><strong>011011101001,</strong></span> 
     </span>
    </p>
   </div>
   <div class='ocr_carea' id='block_1_111' title="bbox 1836 5064 3422 5138">
    <p class='ocr_par' dir='ltr' id='par_1_111' title="bbox 1836 5064 3422 5138">
     <span class='ocr_line' id='line_1_111' title="bbox 1836 5064 3422 5138; baseline -0.001 -16"><span class='ocrx_word' id='word_1_825' title='bbox 1836 5068 2068 5138; x_wconf 73' lang='lat' dir='ltr'><strong>prtedari</strong></span> <span class='ocrx_word' id='word_1_826' title='bbox 2093 5082 2217 5123; x_wconf 89' lang='lat' dir='ltr'><strong>eum</strong></span> <span class='ocrx_word' id='word_1_827' title='bbox 2242 5076 2527 5121; x_wconf 87' lang='lat' dir='ltr'><strong>conantes.</strong></span> <span class='ocrx_word' id='word_1_828' title='bbox 2555 5064 2741 5119; x_wconf 88' lang='lat' dir='ltr'><strong>Fidem</strong></span> <span class='ocrx_word' id='word_1_829' title='bbox 2760 5080 2921 5135; x_wconf 89' lang='lat' dir='ltr'><strong>quam</strong></span> <span class='ocrx_word' id='word_1_830' title='bbox 2953 5066 3005 5120; x_wconf 92' lang='lat' dir='ltr'><strong>in</strong></span> <span class='ocrx_word' id='word_1_831' title='bbox 3028 5067 3120 5122; x_wconf 85' lang='lat' dir='ltr'><strong>Dei</strong></span> <span class='ocrx_word' id='word_1_832' title='bbox 3149 5067 3422 5123; x_wconf 88' lang='lat' dir='ltr'><strong>culturam</strong></span> 
     </span>
    </p>
   </div>
   <div class='ocr_carea' id='block_1_112' title="bbox 1836 5157 3423 5231">
    <p class='ocr_par' dir='ltr' id='par_1_112' title="bbox 1836 5157 3423 5231">
     <span class='ocr_line' id='line_1_112' title="bbox 1836 5157 3423 5231; baseline -0.001 -14"><span class='ocrx_word' id='word_1_833' title='bbox 1836 5161 2047 5222; x_wconf 89' lang='lat' dir='ltr'><strong>habuit.</strong></span> <span class='ocrx_word' id='word_1_834' title='bbox 2067 5174 2216 5231; x_wconf 86' lang='lat' dir='ltr'><strong>spem</strong></span> <span class='ocrx_word' id='word_1_835' title='bbox 2238 5169 2457 5214; x_wconf 67' lang='lat' dir='ltr'><strong>aeterna:</strong></span> <span class='ocrx_word' id='word_1_836' title='bbox 2474 5157 2812 5213; x_wconf 87' lang='lat' dir='ltr'><strong>liberationis</strong></span> <span class='ocrx_word' id='word_1_837' title='bbox 2834 5173 2896 5213; x_wconf 90' lang='lat' dir='ltr'><strong>ac</strong></span> <span class='ocrx_word' id='word_1_838' title='bbox 2919 5158 3163 5215; x_wconf 75' lang='grc' dir='ltr'><strong>000100ιί0</strong></span> <span class='ocrx_word' id='word_1_839' title='bbox 3191 5160 3423 5230; x_wconf 85' lang='lat' dir='ltr'><strong>refrige-</strong></span> 
     </span>
    </p>
   </div>
   <div class='ocr_carea' id='block_1_113' title="bbox 1837 5252 3422 5325">
    <p class='ocr_par' dir='ltr' id='par_1_113' title="bbox 1837 5252 3422 5325">
     <span class='ocr_line' id='line_1_113' title="bbox 1837 5252 3422 5325; baseline -0.001 -16"><span class='ocrx_word' id='word_1_840' title='bbox 1837 5255 1927 5319; x_wconf 88' lang='lat' dir='ltr'><strong>rii,</strong></span> <span class='ocrx_word' id='word_1_841' title='bbox 1957 5254 2282 5309; x_wconf 88' lang='lat' dir='ltr'><strong>charitatem</strong></span> <span class='ocrx_word' id='word_1_842' title='bbox 2301 5253 2445 5307; x_wconf 89' lang='lat' dir='ltr'><strong>circa</strong></span> <span class='ocrx_word' id='word_1_843' title='bbox 2465 5253 2627 5306; x_wconf 84' lang='lat' dir='ltr'><strong>Deum</strong></span> <span class='ocrx_word' id='word_1_844' title='bbox 2647 5267 2751 5321; x_wconf 88' lang='lat' dir='ltr'><strong>qua</strong></span> <span class='ocrx_word' id='word_1_845' title='bbox 2778 5252 3009 5308; x_wconf 88' lang='lat' dir='ltr'><strong>nihilest</strong></span> <span class='ocrx_word' id='word_1_846' title='bbox 3037 5252 3422 5325; x_wconf 86' lang='lat' dir='ltr'><strong>tnajus,neque</strong></span> 
     </span>
    </p>
   </div>
   <div class='ocr_carea' id='block_1_114' title="bbox 1835 5345 3412 5419">
    <p class='ocr_par' dir='ltr' id='par_1_114' title="bbox 1835 5345 3412 5419">
     <span class='ocr_line' id='line_1_114' title="bbox 1835 5345 3412 5419; baseline -0.007 -10"><span class='ocrx_word' id='word_1_847' title='bbox 1835 5355 1890 5409; x_wconf 92' lang='lat' dir='ltr'><strong>in</strong></span> <span class='ocrx_word' id='word_1_848' title='bbox 1922 5352 2025 5406; x_wconf 89' lang='grc'><strong>1100</strong></span> <span class='ocrx_word' id='word_1_849' title='bbox 2052 5349 2271 5415; x_wconf 70' lang='lat' dir='ltr'><strong>saeculo,</strong></span> <span class='ocrx_word' id='word_1_850' title='bbox 2299 5364 2475 5419; x_wconf 89' lang='lat' dir='ltr'><strong>neque</strong></span> <span class='ocrx_word' id='word_1_851' title='bbox 2509 5349 2561 5403; x_wconf 93' lang='lat' dir='ltr'><strong>in</strong></span> <span class='ocrx_word' id='word_1_852' title='bbox 2581 5345 2787 5401; x_wconf 88' lang='lat' dir='ltr'><strong>futuro.</strong></span> <span class='ocrx_word' id='word_1_853' title='bbox 2824 5345 2928 5399; x_wconf 87' lang='lat' dir='ltr'><strong>Pro</strong></span> <span class='ocrx_word' id='word_1_854' title='bbox 2960 5345 3045 5400; x_wconf 88' lang='lat' dir='ltr'><strong>his</strong></span> <span class='ocrx_word' id='word_1_855' title='bbox 3079 5359 3213 5415; x_wconf 86' lang='lat' dir='ltr'><strong>ergo</strong></span> <span class='ocrx_word' id='word_1_856' title='bbox 3244 5348 3412 5401; x_wconf 89' lang='lat' dir='ltr'><strong>omni-</strong></span> 
     </span>
    </p>
   </div>
   <div class='ocr_carea' id='block_1_115' title="bbox 1837 5438 3420 5508">
    <p class='ocr_par' dir='ltr' id='par_1_115' title="bbox 1837 5438 3420 5508">
     <span class='ocr_line' id='line_1_115' title="bbox 1837 5438 3420 5508; baseline -0.005 -9"><span class='ocrx_word' id='word_1_857' title='bbox 1837 5444 1939 5499; x_wconf 91' lang='lat' dir='ltr'><strong>bus</strong></span> <span class='ocrx_word' id='word_1_858' title='bbox 1970 5441 2216 5497; x_wconf 85' lang='lat' dir='ltr'><strong>fecerunt</strong></span> <span class='ocrx_word' id='word_1_859' title='bbox 2240 5440 2345 5495; x_wconf 89' lang='lat' dir='ltr'><strong>tria</strong></span> <span class='ocrx_word' id='word_1_860' title='bbox 2380 5454 2588 5495; x_wconf 89' lang='lat' dir='ltr'><strong>cornua</strong></span> <span class='ocrx_word' id='word_1_861' title='bbox 2618 5438 2940 5508; x_wconf 85' lang='lat' dir='ltr'><strong>nequissimi</strong></span> <span class='ocrx_word' id='word_1_862' title='bbox 2962 5438 3259 5503; x_wconf 67' lang='lat' dir='ltr'><strong>daemones,</strong></span> <span class='ocrx_word' id='word_1_863' title='bbox 3299 5453 3420 5493; x_wconf 85' lang='lat' dir='ltr'><strong>om-</strong></span> 
     </span>
    </p>
   </div>
   <div class='ocr_carea' id='block_1_116' title="bbox 1838 5529 3418 5605">
    <p class='ocr_par' dir='ltr' id='par_1_116' title="bbox 1838 5529 3418 5605">
     <span class='ocr_line' id='line_1_116' title="bbox 1838 5529 3418 5605; baseline -0.004 -15"><span class='ocrx_word' id='word_1_864' title='bbox 1838 5551 1936 5591; x_wconf 89' lang='lat' dir='ltr'><strong>nes</strong></span> <span class='ocrx_word' id='word_1_865' title='bbox 1958 5536 2165 5605; x_wconf 89' lang='lat' dir='ltr'><strong>pariter</strong></span> <span class='ocrx_word' id='word_1_866' title='bbox 2186 5534 2475 5589; x_wconf 87' lang='lat' dir='ltr'><strong>adversum</strong></span> <span class='ocrx_word' id='word_1_867' title='bbox 2501 5529 2603 5585; x_wconf 82' lang='lat' dir='ltr'><strong>Job</strong></span> <span class='ocrx_word' id='word_1_868' title='bbox 2628 5531 2972 5592; x_wconf 85' lang='lat' dir='ltr'><strong>dimicantes,</strong></span> <span class='ocrx_word' id='word_1_869' title='bbox 3002 5544 3195 5585; x_wconf 89' lang='lat' dir='ltr'><strong>omnes</strong></span> <span class='ocrx_word' id='word_1_870' title='bbox 3223 5531 3418 5584; x_wconf 86' lang='lat' dir='ltr'><strong>unani-</strong></span> 
     </span>
    </p>
   </div>
   <div class='ocr_carea' id='block_1_117' title="bbox 1840 5618 3416 5684">
    <p class='ocr_par' dir='ltr' id='par_1_117' title="bbox 1840 5618 3416 5684">
     <span class='ocr_line' id='line_1_117' title="bbox 1840 5618 3416 5684; baseline -0.001 -3"><span class='ocrx_word' id='word_1_871' title='bbox 1840 5630 1999 5683; x_wconf 87' lang='lat' dir='ltr'><strong>miter</strong></span> <span class='ocrx_word' id='word_1_872' title='bbox 2023 5628 2312 5684; x_wconf 85' lang='lat' dir='ltr'><strong>adversum</strong></span> <span class='ocrx_word' id='word_1_873' title='bbox 2337 5639 2460 5680; x_wconf 89' lang='lat' dir='ltr'><strong>eum</strong></span> <span class='ocrx_word' id='word_1_874' title='bbox 2488 5632 2719 5680; x_wconf 78' lang='lat' dir='ltr'><strong>stantes.</strong></span> <span class='ocrx_word' id='word_1_875' title='bbox 2752 5618 2912 5678; x_wconf 88' lang='lat' dir='ltr'><strong>Solus</strong></span> <span class='ocrx_word' id='word_1_876' title='bbox 2946 5629 3129 5677; x_wconf 86' lang='lat' dir='ltr'><strong>autem</strong></span> <span class='ocrx_word' id='word_1_877' title='bbox 3163 5620 3416 5680; x_wconf 84' lang='lat' dir='ltr'><strong>diabolus</strong></span> 
     </span>
    </p>
   </div>
   <div class='ocr_carea' id='block_1_118' title="bbox 3094 5886 3166 5948">
    <p class='ocr_par' dir='ltr' id='par_1_118' title="bbox 3094 5886 3166 5948">
     <span class='ocr_line' id='line_1_118' title="bbox 3094 5886 3166 5948; baseline -0.056 0"><span class='ocrx_word' id='word_1_878' title='bbox 3094 5886 3166 5948; x_wconf 59' lang='lat'><strong>15</strong></span> 
     </span>
    </p>
   </div>
  </div>
