3884 6218
183 381 292 435 $9.9

1315 378 1698 437 ANONYMUS
1733 380 1800 435 IN
1838 379 1979 439 JOB.
2020 413 2089 422 —
2126 381 2254 436 LIB.
2299 381 2339 436 Ι.

3330 385 3434 442 450

185 517 275 564 co,
304 512 484 556 etnon
523 500 853 564 succumbis,
881 514 1055 570 neque
1083 499 1318 556 deﬁcis?
1341 501 1445 556 Sed
1469 502 1595 557 licet
1614 503 1762 573 prio-
1788 509 1837 565 Α
1865 501 2106 572 profecto
2138 453 2413 558 testimbus
2441 501 2584 571 quod
2619 503 2843 558 mortuis
2871 504 2996 559 ﬁliis
3034 504 3155 559 ﬁliae
3179 521 3436 575 superes.

189 594 342 646 ribus
377 607 480 647 non
524 593 896 655 succubueris,
955 592 1267 648 novissimis
1299 602 1480 648 tamen
1507 610 1760 650 succum-

187 685 285 736 bes
320 690 379 736 et
425 681 646 750 pavebis
698 690 862 751 atque
915 681 1158 745 deﬁcias,
1221 696 1344 736 cum
1406 683 1761 737 novissimum

187 783 355 841 alque
397 773 800 828 lamentabilem
846 774 1078 828 ﬁliorum
1123 776 1368 828 nuntium
1419 778 1607 831 audire
1654 793 1761 832 non

188 864 514 918 sustinueris
541 880 555 916 :
592 862 742 927 Filii,
771 864 963 932 inquit,
995 867 1073 917 tui
1104 875 1152 918 et
1177 866 1309 933 ﬁliae
1333 879 1437 922 tua:
1458 885 1576 922 cum
1610 885 1764 923 man-

187 956 440 1008 ducarent
485 964 531 1009 et
578 955 801 1009 biberent
840 957 892 1008 in
949 958 1102 1010 domo
1150 958 1330 1024 fratris
1385 961 1467 1012 sui
1519 961 1760 1030 majoris,

189 1047 363 1100 subito
395 1047 530 1100 venit
570 1047 790 1114 spiritus
823 1047 886 1099 ab
923 1063 1114 1109 eremo,
1140 1059 1186 1101 et
1211 1050 1375 1119 tetigit
1400 1060 1632 1119 quatuor
1667 1068 1764 1104 an-

188 1140 340 1209 gulos
391 1139 575 1192 domus
624 1139 791 1203 illius,
839 1149 886 1192 et
943 1141 1127 1194 cecidit
1155 1157 1313 1208 super
1341 1142 1487 1211 ﬁlios
1541 1153 1681 1210 tuos,
1713 1152 1762 1196 et

188 1233 388 1284 mortui
420 1231 622 1285 sunt".
665 1229 801 1297 Hoc,
851 1231 1048 1300 inquit,
1084 1241 1167 1286 est
1213 1233 1569 1287 novissimum
1604 1244 1658 1288 et
1683 1233 1765 1287 la-

190 1323 488 1377 mentabile
545 1332 709 1392 atque
770 1324 1027 1377 miserum
1083 1324 1353 1388 nuntium,
1405 1326 1547 1393 quod
1598 1325 1763 1379 etiam

190 1413 568 1483 ignorantibus
627 1413 860 1467 ﬁliorum
923 1415 1309 1480 dilectionem,
1377 1432 1617 1472 amorem
1681 1417 1766 1472 vel

189 1505 467 1566 allectum,
526 1506 908 1576 compatiendo
961 1517 1183 1562 revocat
1248 1508 1484 1562 animum
1547 1519 1767 1579 propter

192 1606 302 1648 tam
331 1596 687 1652 miserabilem
714 1612 957 1652 causam.
989 1597 1108 1652 Filii
1137 1598 1235 1662 tui,
1268 1599 1460 1664 inquit,
1493 1615 1629 1669 quas
1669 1617 1766 1655 nu-

191 1686 363 1753 tristi,
433 1703 564 1756 quos
625 1688 890 1750 educasti,
943 1703 1079 1757 quos
1130 1691 1198 1743 ad
1243 1690 1611 1744 maturitatem
1643 1707 1762 1746 cum

189 1779 377 1833 labore
423 1779 754 1848 perduxisti;
804 1779 894 1833 lilii
933 1781 1009 1834 tui
1043 1796 1179 1852 quos
1227 1781 1479 1851 pietatem
1509 1781 1762 1844 docuisti,

1866 602 1986 647 sent
2019 593 2070 647 ei
2100 593 2166 647 ad
2190 592 2635 654 consolationem,
2672 594 3052 650 consolaretur
3080 611 3158 650 se.
3196 594 3277 651 Ob
3311 598 3436 661 hoc,

1865 683 2060 752 inquit,
2104 684 2285 738 omnia
2335 684 2629 739 denomino
2679 695 2844 755 atque
2898 685 3110 752 intimo,
3157 697 3215 742 ut
3260 689 3439 757 potius

1857 773 1991 840 justi
2029 773 2173 828 illius
2214 784 2449 828 mentem
2486 777 2826 844 perturbem,
2875 789 2978 843 quo
3023 775 3186 829 facile
3227 776 3293 828 ad
3343 775 3440 832 Dei

1864 864 2255 934 blasphemiam
2280 881 2564 935 provocem
2598 866 2927 936 patientem:
2965 867 3437 931 Manducantibus,

1866 959 2064 1027 inquit,
2093 976 2155 1013 ac
2179 960 2467 1014 bibentibus
2499 959 2800 1014 meridiano
2825 969 3092 1028 tempore,
3125 961 3258 1015 hora
3285 976 3440 1031 pran.

1865 1050 1960 1114 dii,
1988 1050 2158 1104 subito
2201 1051 2418 1118 spiritus
2462 1052 2595 1105 venit
2651 1051 2716 1104 ab
2747 1067 2918 1105 eremo
2954 1051 3020 1105 ⁸⁸.
3056 1051 3181 1107 Htec
3207 1053 3442 1108 scientes

1866 1141 2041 1195 sancti
2099 1150 2259 1210 atque
2309 1141 2499 1195 horum
2559 1155 2847 1207 memores,
2909 1142 3051 1210 quod
3105 1142 3221 1211 ipso
3280 1145 3445 1199 meri-

1866 1233 2028 1288 diano
2075 1243 2336 1301 tempore,
2370 1233 2505 1286 hora
2555 1234 2786 1302 prandii,
2832 1234 2985 1287 ruina
3022 1236 3275 1304 occupati
3317 1246 3441 1291 sunt

1867 1324 1962 1378 lilii
1998 1323 2099 1378 Job
2131 1334 2295 1394 atque
2336 1324 2557 1388 mortui,
2588 1333 2886 1379 oraverunt
2915 1325 2980 1377 ad
3019 1325 3186 1380 Deum
3218 1341 3444 1382 conser—

1865 1416 1979 1469 vari
2012 1417 2153 1470 sicut
2176 1432 2204 1468 a
2241 1416 2455 1485 negotio
2491 1417 2541 1469 in
2575 1417 2814 1470 tenebris
2845 1416 3177 1481 ambulante,
3218 1417 3290 1471 ita
3326 1430 3381 1472 et
3410 1434 3442 1471 a

1869 1509 2020 1561 ruina
2053 1518 2106 1562 et
2143 1523 2172 1562 a
2204 1508 2470 1562 dmmonio
2504 1509 2826 1564 meridiano.
2865 1508 3014 1564 Sicut
3058 1510 3203 1564 enim
3249 1511 3304 1564 in
3340 1525 3442 1564 no-

1870 1599 1974 1654 ctis
2001 1601 2256 1664 tenebris,
2288 1601 2368 1655 sic
2402 1600 2652 1655 similiter
2689 1601 2740 1654 in
2779 1601 2957 1655 medio
2999 1601 3222 1657 meridie
3264 1603 3447 1672 plures

1866 1693 2167 1746 daemonum
2195 1691 2520 1746 tentationes
2545 1707 2602 1746 se
2635 1692 3014 1747 demonstrant
3040 1709 3202 1763 quam
3236 1697 3444 1750 caeteris

1870 1781 2223 1852 temporibus.
2277 1780 2390 1836 Hoc
2438 1781 2690 1834 nimirum
2721 1780 2919 1836 claruit
2957 1782 3008 1837 in
3043 1782 3166 1838 ﬁliis
3195 1782 3317 1849 Job,
3350 1786 3445 1855 qui

188 1890 329 1945 quos
365 1874 456 1930 Dei
507 1877 719 1929 cultura
765 1875 1025 1937 imbuisti,
1058 1891 1197 1942 quos
1232 1885 1287 1929 ut
1315 1875 1546 1929 invicem
1591 1891 1649 1930 se
1680 1876 1763 1930 di-
1798 1871 1839 1926 Β
1871 1889 1974 1928 non
2000 1873 2107 1928 alio
2136 1883 2396 1941 tempore,
2423 1873 2516 1927 sed
2544 1874 2718 1929 medio
2747 1875 3018 1930 interfecti
3045 1885 3169 1931 sunt
3195 1877 3444 1934 meridie.

188 1966 423 2037 ligerent
456 1967 822 2031 introduxisti,
853 1981 988 2035 quos
1034 1966 1084 2020 in
1122 1967 1269 2020 omni
1303 1967 1516 2035 justitia
1555 1967 1650 2021 tibi
1684 1968 1762 2022 si-

189 2057 349 2112 miles
399 2057 704 2119 reddidisti;
754 2056 843 2110 ﬁlii
895 2057 966 2109 tui
1009 2072 1237 2126 quorum
1288 2058 1425 2112 ﬁlios
1462 2058 1646 2114 videre
1676 2074 1767 2113 cu-

190 2150 365 2218 pisti,
422 2164 651 2218 quorum
719 2151 1088 2220 posteritatem
1139 2159 1457 2219 exspectare
1513 2152 1702 2216 orasti,
1737 2167 1765 2205 a

188 2243 390 2311 quibus
427 2243 477 2297 in
503 2251 724 2298 senecta
761 2243 1104 2310 requiescere
1136 2251 1186 2296 te
1215 2244 1442 2312 sperasti
1470 2262 1485 2307 ;
1518 2243 1606 2298 isti
1636 2259 1768 2314 ergo

191 2334 293 2388 lilii
344 2334 443 2398 tui,
473 2343 526 2389 et
563 2349 669 2388 non
721 2334 892 2387 solum
948 2332 1064 2399 lilii,
1105 2333 1198 2388 sed
1263 2344 1318 2387 et
1365 2332 1522 2397 ﬁlim,
1582 2343 1764 2400 castae,

191 2427 428 2487 mundat,
456 2425 820 2480 immaculata:
874 2436 1036 2493 atque
1084 2425 1526 2492 incoinquinatze,
1554 2440 1690 2494 quas
1716 2427 1766 2479 in

195 2526 439 2586 tempore
491 2517 802 2586 nuptiarum
840 2516 1088 2586 gloriosis
1110 2515 1325 2569 coronis
1356 2530 1619 2570 coronare
1642 2532 1763 2586 spe-

190 2609 389 2672 rabas;
446 2609 530 2663 isti
581 2623 710 2679 ergo
751 2608 907 2662 simul
943 2608 994 2660 in
1035 2623 1199 2660 unum
1228 2608 1560 2661 unanimiter
1603 2619 1765 2678 atque

189 2701 560 2768 concorditer,
610 2710 778 2764 caste,
808 2701 1060 2769 benigne,
1111 2701 1311 2755 munde
1357 2701 1484 2753 dum
1544 2701 1768 2754 mandu-

188 2802 326 2849 cant
369 2801 424 2848 et
469 2794 684 2857 bibunt,
722 2809 828 2846 non
879 2802 1162 2863 vagantes,
1203 2806 1382 2861 neque
1427 2793 1764 2857 oberrantes,

191 2901 370 2956 neque
400 2896 521 2955 post
567 2885 958 2954 impudicitiam
1000 2892 1309 2950 currentes,
1351 2898 1529 2954 neque
1563 2883 1628 2936 ad
1665 2883 1768 2937 illi-

188 2977 301 3031 cita
362 2974 729 3040 intendentes,
779 2989 953 3043 neque
999 2973 1270 3044 superﬂua
1322 2972 1622 3043 loquentes,
1673 2973 1768 3026 sed

188 3084 319 3122 cum
357 3069 654 3138 gratiarum
707 3067 920 3121 actione
975 3066 1391 3128 manducantes,
1445 3076 1610 3134 atque
1646 3078 1769 3118 cum

191 3160 570 3215 benedictione
632 3160 903 3224 bibentes,
933 3167 987 3212 et
1037 3157 1167 3211 illud
1200 3157 1344 3227 quod
1395 3165 1515 3226 post
1571 3157 1673 3210 hoc
1703 3155 1770 3210 ab

188 3252 451 3322 Apostolo
490 3253 690 3307 dictum
740 3265 823 3307 est
868 3251 1226 3320 adimplentes
1260 3265 1272 3300 :
1302 3249 1424 3304 Sive
1451 3250 1576 3302 dum
1609 3266 1762 3303 man--
1795 3229 1837 3287 (ἶ

185 3340 422 3402 ducatis,
485 3339 589 3393 sive
638 3339 761 3392 dum
822 3340 1032 3404 bibitis,
1078 3339 1182 3392 sive
1242 3339 1368 3391 dum
1433 3338 1581 3391 aliud
1638 3339 1766 3408 quid

185 3431 373 3500 agitis,
428 3431 602 3483 omnia
659 3430 710 3483 in
751 3430 976 3500 gloriam
1026 3430 1120 3484 Dei
1173 3431 1332 3498 facite
1351 3430 1432 3497 ³⁰;
1471 3430 1548 3484 sic
1585 3430 1768 3499 itaque

189 3522 648 3576 manducantihus
666 3538 730 3576 ac
754 3523 1061 3577 bibentibus
1087 3523 1210 3576 ﬁliis
1245 3537 1309 3576 ac
1345 3521 1556 3576 ﬁliabus
1589 3523 1763 3578 tuis...

188 3613 360 3678 Bene,
405 3613 600 3682 inquit,
635 3630 764 3669 ecce
807 3615 1093 3670 ostendisti
1137 3615 1279 3683 quod
1314 3614 1766 3668 manducaverint

185 3717 247 3760 et
277 3706 534 3772 biberint,
573 3706 798 3760 ostende
832 3717 887 3761 et
938 3707 1040 3760 hoc
1073 3706 1213 3776 quod
1257 3704 1460 3760 factum
1506 3715 1592 3760 est
1635 3706 1762 3760 dum

187 3797 522 3851 Inanducant
553 3807 610 3852 et
645 3798 853 3852 bibunt.
891 3796 1080 3864 Majus,
1120 3798 1313 3864 inquit,
1363 3806 1447 3852 est
1495 3813 1656 3867 quam
1705 3808 1767 3853 ut

183 3891 407 3945 edicere
461 3891 691 3957 valeam,
730 3891 1022 3945 terribilius
1067 3899 1148 3945 est
1196 3906 1358 3958 quam
1413 3901 1472 3946 ut
1517 3890 1764 3960 proferre

179 3988 441 4041 audeam.
477 3987 583 4042 Sed
618 3988 863 4051 interim,
897 3988 990 4052 ait,
1029 3988 1153 4056 quia
1190 4003 1297 4042 non
1335 3995 1419 4041 est
1451 3985 1760 4050 tacendum,

184 4078 391 4142 dicam,
429 4078 721 4147 proferam.
777 4078 968 4134 Subito
1013 4079 1240 4149 spiritus
1285 4079 1435 4134 venit
1477 4079 1546 4133 ab
1582 4094 1764 4133 eremo

183 4172 263 4225 ita
299 4171 476 4235 fortis,
514 4173 585 4227 ita
622 4173 892 4242 copiosus,
927 4174 996 4226 ita
1036 4174 1356 4236 vehemens,
1396 4173 1471 4227 ita
1504 4173 1764 4227 terribilis

178 4272 351 4332 atque
391 4263 855 4333 iusupportabilis,
899 4275 958 4318 ut
997 4271 1238 4335 tangeret
1273 4275 1507 4332 quatuor
1536 4264 1762 4335 angulos

181 4355 406 4417 domus,
431 4363 486 4407 et
517 4354 744 4409 illideret
775 4370 892 4409 eam
938 4369 1101 4423 super
1133 4355 1274 4409 ﬁlios
1305 4365 1445 4418 tuos,
1477 4363 1532 4409 et
1561 4354 1758 4408 mortui

181 4456 338 4501 sunt.
368 4443 555 4516 Cujus,
586 4448 774 4516 inquit,
807 4448 906 4501 fuit
930 4447 1043 4501 haec
1069 4446 1298 4500 domus?
1332 4446 1540 4501 Fratris
1570 4461 1756 4499 eorum

181 4538 432 4606 majoris.
469 4538 582 4594 Non
619 4540 853 4603 luerunt,
894 4541 1089 4609 inquit,
1125 4539 1179 4593 in
1223 4549 1411 4594 extera
1447 4541 1626 4604 domo,
1663 4555 1759 4592 ne-

180 4645 293 4699 que
327 4631 380 4684 in
412 4630 604 4694 aliena,
637 4631 731 4685 sed
774 4633 825 4685 in
861 4633 1077 4700 propria
1109 4632 1260 4685 fuere
1295 4631 1478 4691 domo,
1519 4631 1568 4682 in
1599 4631 1759 4682 domo

184 4724 281 4776 lilii
314 4724 414 4786 tui,
443 4721 625 4777 fratris
652 4723 732 4778 sui
769 4722 1010 4791 majoris.
1041 4723 1086 4778 0
1127 4722 1460 4792 nequissime
1495 4722 1757 4776 adversa-

186 4817 288 4875 rie,
346 4828 379 4868 ο
420 4814 769 4869 callidissime
805 4814 1060 4870 diabole!
1099 4817 1209 4869 Cur
1258 4829 1364 4868 non
1413 4814 1595 4868 dixisti
1631 4813 1761 4866 sitn-

183 4907 425 4976 pliciter.
460 4919 505 4960 et
563 4907 757 4959 mortui
788 4917 932 4972 sunt,
981 4909 1074 4962 sed
1117 4917 1173 4961 et
1210 4917 1404 4961 cuncta
1445 4920 1758 4968 enumeras,

185 5003 372 5053 omnia
433 4999 774 5062 denominas,
828 5009 881 5055 et
933 4999 1088 5064 lilios,
1133 5009 1188 5053 et
1240 4999 1398 5064 ﬁlias,
1459 5008 1514 5052 et
1554 4999 1757 5061 cibum,

181 5101 241 5145 et
275 5101 482 5160 potum,
526 5099 581 5144 et
627 5092 866 5155 domum,
920 5102 974 5146 et
1014 5092 1257 5154 fratrem,
1304 5099 1356 5144 et
1389 5090 1560 5156 ﬁlium
1613 5099 1760 5142 tuum

183 5184 486 5254 majorem?
523 5183 578 5237 In
636 5186 796 5239 domo
842 5186 1088 5254 inquiens
1142 5184 1326 5237 fratris
1373 5182 1478 5246 sui,
1536 5181 1625 5235 ﬁlii
1684 5181 1758 5235 tui

199 5277 442 5344 majoris.
508 5277 588 5332 0b
649 5278 772 5340 hoc,
827 5278 1020 5346 inquit,
1067 5277 1178 5331 lucc
1219 5277 1398 5329 omnia
1464 5277 1758 5329 denumero

181 5378 352 5435 atque
384 5369 690 5431 denomino,
719 5384 824 5437 quo
865 5369 1033 5437 magis
1065 5376 1294 5420 atteram
1328 5376 1491 5435 atque
1521 5363 1757 5434 alIligam

183 5461 422 5513 animam
478 5461 638 5528 ejus:
689 5471 850 5527 atque
896 5460 964 5513 ob
1007 5459 1111 5512 hoc
1155 5458 1268 5512 haec
1321 5456 1503 5510 Omnia
1546 5456 1758 5523 loquor,

181 5567 294 5619 quo
344 5554 514 5621 magis
565 5554 927 5607 connninuam
979 5567 1076 5603 cor
1105 5551 1242 5618 ejus,
1280 5548 1364 5603 cui
1409 5548 1524 5602 bam
1557 5547 1754 5602 refero.

181 5645 239 5697 Si
269 5642 438 5706 solos,
480 5644 670 5713 inquit,
721 5642 859 5697 ﬁlius
903 5644 1290 5704 nominassem,
1340 5651 1394 5692 et
1436 5639 1572 5692 lilias
1624 5654 1752 5700 non.

253 5820 622 5887 "J0li|,18,
673 5823 750 5874 19.
829 5822 870 5852 ³ο
912 5822 926 5874 I
959 5822 1082 5875 Cor.
1121 5837 1176 5884 Χ,
1207 5821 1288 5886 5|.

1372 5819 1411 5850 ει
1451 5818 1840 5885 Jnltl,18,19.

1869 1965 2074 2027 Subito,
2103 1966 2298 2035 inquit,
2325 1965 2542 2030 spiritus
2575 1967 2709 2019 venit
2735 1966 2798 2018 ab
2820 1982 3012 2029 eremo,
3039 1976 3086 2020 et
3113 1968 3279 2037 tetigit
3308 1985 3444 2039 qua-

1870 2066 1992 2110 tuor
2032 2058 2259 2127 angulos
2315 2057 2522 2110 domus.
2579 2056 2624 2112 Ο
2671 2056 3059 2126 malignissime
3109 2059 3442 2126 adversarie,

1871 2149 1996 2203 item
2025 2149 2134 2203 Deo
2162 2149 2435 2218 applicare
2460 2150 2631 2218 cupis,
2668 2149 2794 2202 item
2814 2147 3127 2204 Creatorem
3150 2152 3447 2220 depravare

1870 2244 2089 2311 quaeris,
2125 2241 2328 2296 idcirco
2350 2241 2625 2310 spiritum,
2656 2243 2756 2295 hoc
2777 2251 2858 2296 est
2893 2252 3134 2310 ventum,
3171 2244 3238 2297 ab
3260 2259 3447 2299 eremo

1871 2335 2056 2390 venire
2096 2334 2255 2388 dicis.
2289 2333 2422 2387 Nam
2457 2333 2582 2402 quia
2615 2331 2758 2386 Deus
2784 2341 2867 2386 est
2901 2333 2993 2402 qui
3037 2334 3288 2402 producit
3313 2351 3446 2391 ven-

1874 2433 1954 2479 tos
1976 2426 2040 2477 de
2063 2424 2333 2479 thesauris
2351 2424 2484 2489 suis,
2520 2424 2714 2478 merito
2745 2434 2959 2477 ventum
2987 2425 3053 2477 ah
3077 2439 3258 2480 eremo
3288 2427 3444 2496 quasi

1871 2532 1900 2569 a
1934 2515 2045 2570 Deo
2072 2521 2294 2571 missum
2323 2516 2506 2571 venire
2535 2515 2670 2569 dicis
2705 2533 2720 2568 :
2763 2526 2819 2569 ut
2848 2528 2901 2570 et
2938 2516 3038 2570 hoc
3064 2517 3209 2586 quod
3243 2517 3444 2573 factum

1872 2619 1957 2663 est
1985 2608 2093 2662 Deo
2118 2608 2432 2678 imputetur,
2460 2622 2568 2660 non
2600 2608 2652 2660 in
2686 2606 2850 2669 bono,
2885 2609 2976 2662 sed
3006 2608 3057 2662 in
3087 2609 3249 2676 malo,
3281 2619 3444 2679 atque

1875 2700 2109 2754 audienti
2142 2699 2193 2752 in
2227 2699 2565 2753 scandalum.
2602 2697 2734 2752 Nam
2761 2699 2903 2754 sicut
2926 2715 3087 2768 super
3111 2715 3239 2755 oves
3267 2701 3446 2772 ignem

1871 2790 1939 2843 de
1977 2789 2116 2843 caelo
2155 2790 2355 2842 cadere
2386 2791 2541 2853 dixit,
2590 2788 2664 2843 ita
2714 2797 2769 2844 et
2799 2806 2940 2845 nunc
2972 2792 3246 2859 spiritum,
3280 2793 3331 2848 id
3363 2802 3451 2850 est.

1869 2889 2114 2944 ventmn,
2155 2880 2222 2933 ab
2252 2895 2436 2935 eremo
2475 2881 2686 2935 venisse
2728 2882 2908 2936 dicit:
2956 2891 3013 2936 ut
3062 2891 3289 2952 utraque
3337 2884 3446 2941 Deo

1871 2970 2170 3040 applicaret
2201 2985 2300 3040 pro
2335 2971 2688 3041 blasphemia:
2723 2973 3128 3042 provocatione,
3162 2984 3326 3044 atque
3359 2992 3448 3031 re-

1871 3066 2252 3135 prehensionis
2290 3067 2618 3121 occasione:
2651 3066 3064 3135 Subito,inquit,
3102 3068 3323 3136 spiritus
3363 3087 3447 3123 ve-

1873 3156 1951 3208 nit
1982 3155 2045 3208 ab
2084 3171 2276 3208 eremo.
2308 3154 2630 3224 Derepente,
2667 3157 2963 3226 insperate,
2997 3156 3144 3213 illico
3183 3175 3306 3212 cum
3340 3166 3447 3215 im-

1876 3255 2019 3317 petu,
2058 3247 2302 3315 spiritus,
2333 3257 2542 3311 ventus,
2583 3257 2893 3316 tempestas,
2937 3251 3170 3318 procella
3205 3252 3351 3306 venit
3379 3255 3449 3309 ab

1875 3354 2076 3394 eremo.
2107 3340 2172 3393 Et
2199 3338 2329 3410 quid
2355 3339 2513 3394 fecit?
2548 3339 2757 3411 'I‘etigit,
2788 3341 2980 3411 inquit,
3009 3354 3241 3412 quatuor
3273 3363 3447 3416 angu-

1874 3433 1951 3486 los
1978 3433 2184 3498 tlomus,
2209 3442 2257 3484 et
2281 3433 2465 3486 cecidit
2489 3449 2645 3499 super
2670 3434 2811 3501 ﬁlios
2835 3444 2975 3500 tuos,
3006 3445 3053 3490 et
3077 3438 3271 3490 mortui
3296 3452 3444 3498 sunt.

1874 3526 2005 3594 Quis
2021 3541 2169 3596 ergo,
2197 3526 2292 3589 ait,
2318 3535 2402 3580 est
2435 3526 2623 3581 mortis
2651 3541 2838 3581 eorum
2867 3541 3013 3591 reus,
3037 3544 3068 3582 ο
3092 3528 3233 3583 Job?
3257 3529 3447 3586 Nonne

1873 3620 1962 3689 qui
1996 3629 2214 3672 ventqu
2244 3617 2494 3686 produxit
2525 3627 2689 3688 atque
2715 3618 2974 3672 adduxit?
2999 3617 3150 3674 Sicut
3178 3628 3233 3674 et
3265 3620 3445 3675 ovium

1875 3720 2087 3766 tuarqu
2123 3709 2518 3764 combustionis
2562 3711 2686 3779 quis
2733 3720 2924 3765 auctor
2965 3719 3070 3774 est,
3121 3711 3220 3765 uisi
3265 3727 3310 3765 Is
3350 3713 3444 3781 qui

1874 3802 2049 3872 ignem
2084 3802 2150 3855 de
2177 3802 2320 3856 ctelo
2342 3801 2527 3855 misit?
2559 3801 2664 3857 Sed
2688 3802 2834 3869 audi,
2863 3802 3060 3873 inquit,
3092 3818 3124 3857 ο
3151 3803 3276 3858 Job.
3309 3803 3444 3858 Cum

1871 3893 2188 3948 substantiae
2205 3893 2596 3946 abundantiam
2614 3894 2840 3962 perdere
2858 3894 3250 3964 contempsisti,
3271 3895 3448 3949 omni-

1872 3987 1971 4042 bus
1992 3985 2338 4040 facultatibus
2369 3985 2465 4039 tibi
2483 3984 2675 4042 ablatis
2694 3987 3000 4042 sustinuisti
3025 4009 3036 4043 :
3059 3987 3289 4043 ﬁliorum
3315 4004 3447 4044 vero

1870 4078 2223 4148 perditionem
2239 4078 2505 4147 quomodo
2518 4077 2841 4133 sustinebis?
2857 4088 3102 4133 natorum
3120 4089 3444 4136 tormentum

1869 4173 2136 4243 quomodo
2183 4165 2483 4240 bajulabis?
2526 4170 2734 4237 Subito,
2779 4172 2976 4240 inquit,
3015 4174 3148 4225 venit
3179 4174 3243 4226 ab
3270 4190 3444 4228 eremo

1868 4263 2105 4332 spiritus,
2129 4274 2175 4317 et
2193 4264 2357 4334 tetigit
2382 4273 2610 4332 quatuor
2628 4263 2849 4332 angulos
2871 4263 3078 4329 domus,
3095 4271 3142 4317 et
3160 4265 3344 4317 cecidit
3362 4283 3448 4318 su.

1867 4370 1959 4421 per
1974 4355 2111 4421 ﬁlios
2133 4363 2270 4416 tuos,
2290 4352 2545 4406 etmortui
2563 4362 2705 4404 sunt.
2726 4349 2829 4404 Per
2848 4353 2946 4406 hoc
2971 4353 3112 4420 quod
3146 4353 3274 4406 dicit
3303 4354 3446 4419 ﬁlios

1868 4444 2270 4509 tuos,stimulat
2290 4458 2508 4498 sensum
2532 4444 2666 4510 ejus,
2700 4443 2977 4498 doloribus
3003 4443 3172 4497 afﬁcit
3205 4446 3440 4500 animam

1868 4535 2005 4603 ejus,
2020 4535 2296 4604 liquefacit
2313 4534 2607 4605 praacordia
2622 4534 2759 4604 ejus,
2778 4545 3035 4604 provocat
3053 4544 3285 4589 mentem
3304 4536 3444 4605 ejus,

1867 4644 1975 4698 quo
2003 4630 2173 4698 magis
2205 4636 2323 4696 post
2357 4627 2494 4680 ﬁlios
2526 4627 2831 4694 liquescens
2856 4627 3305 4681 succenderetur.
3333 4626 3440 4681 Sed

1867 4730 2068 4791 quanto
2099 4720 2218 4790 plus
2253 4719 2616 4790 nequissimus
2663 4720 2989 4774 tentationes
3031 4719 3134 4775 Job
3189 4721 3445 4790 multipli-

1868 4815 2046 4877 cabat,
2079 4821 2225 4867 tanto
2253 4812 2482 4880 amplius
2506 4825 2762 4865 coronam
2798 4811 2978 4880 gloria:
3007 4814 3146 4881 apud
3175 4825 3437 4867 teternum

1866 4899 2111 4959 Jndicem
2135 4903 2182 4958 ei
2211 4900 2608 4970 augmentabat.
2639 4901 2740 4969 Qui
2759 4904 2899 4956 enim
2929 4903 3230 4974 simplicem
3269 4915 3447 4959 trans-

1868 4999 1988 5054 ierit
2041 4997 2393 5050 tentatiouem
2415 4995 2497 5049 vel
2522 4993 2920 5060 probationem,
2936 4995 3235 5064 simplicem
3257 4997 3441 5064 procul

1865 5089 2028 5144 dubio
2044 5087 2274 5156 accipiet
2294 5085 2622 5141 mercedem.
2637 5085 2738 5152 Qui
2761 5095 2938 5138 autem
2960 5084 3123 5138 fuerit
3141 5084 3442 5153 uniltiplici-

1866 5189 1949 5234 ter
1974 5181 2258 5248 probatus,
2282 5175 2563 5246 multiplici
2587 5173 2757 5243 gloria
2781 5174 2899 5227 sine
2918 5172 3082 5227 dubio
3111 5188 3137 5225 a
3158 5173 3305 5240 justo
3336 5172 3442 5226 Deo

1865 5269 2232 5332 coronabitur,
2248 5268 2700 5338 quemadmodum
2725 5267 2917 5321 beatus
2941 5263 3062 5329 Job,
3079 5266 3168 5334 qui
3189 5264 3440 5317 omnibus

1865 5363 2060 5416 diaboli
2081 5361 2512 5432 malignitatihns
2527 5369 2688 5428 atque
2703 5359 2956 5414 versutiis
2979 5357 3228 5428 superior
3253 5365 3337 5410 est
3360 5356 3442 5408 el-

1868 5453 1891 5507 f
1890 5455 2534 5518 ectus,etomnibustenta
2545 5452 2775 5507 tionibus
2791 5452 2906 5522 ejus
2925 5450 3115 5505 fortior
3128 5448 3443 5516 comproba-

1871 5557 1952 5600 tus
1976 5546 2252 5616 respondit
2273 5546 2343 5609 ei,
2367 5546 2578 5601 dicens:
2601 5541 2742 5598 Dicis
2765 5543 2904 5613 quod
2925 5545 2991 5597 ab
3012 5555 3197 5596 eremo
3219 5539 3441 5616 veniens

1865 5637 2108 5707 spiritus,
2140 5638 2241 5693 hoc
2265 5647 2350 5693 est
2373 5647 2589 5704 ventus,
2613 5645 2667 5692 et
2699 5643 2922 5705 tangens
2955 5641 3188 5704 quatuor
3214 5629 3440 5697 angulos
