3880 6212
462 368 560 420 451

1598 356 1973 416 ANONYMUS
2015 351 2080 408 lN
2118 352 2256 410 ΙΟΒ.
2299 387 2365 394 -
2400 356 2531 412 LIB.
2576 358 2621 413 1.

3620 364 3728 418 452

468 490 659 540 domus
698 484 888 553 dejecit
928 498 1067 547 eam,
1112 493 1167 537 et
1208 482 1353 537 filios
1382 497 1528 538 meos
1576 481 1902 536 interfecit:
1952 480 2045 533 sed
2077 481 2117 534 A
2151 478 2278 534 Tale
2313 480 2589 535 desertum
2625 480 2800 536 factus
2838 492 2926 537 est
2973 483 3062 538 ille
3106 483 3289 539 infelix
3337 483 3521 549 ludas,
3575 497 3726 555 post-

472 577 739 643 mentiris,
794 577 985 645 inquit,
1033 591 1066 629 ο
1097 574 1330 637 diabole,
1374 583 1431 628 et
1480 589 1565 629 me
1613 590 1719 627 non
1764 572 2040 626 irridehis.

468 670 734 731 Mentiris,
764 684 797 721 ο
828 668 1234 735 malignissima,
1270 676 1324 721 et
1354 681 1441 721 me
1481 682 1586 721 non
1624 665 2040 721 eireumvenies.

467 760 753 831 Nunquam
785 761 1097 815 cnim-venti
1120 777 1147 813 a
1173 760 1285 814 Deo
1317 762 1533 815 excitati
1564 768 1799 828 quatuor
1847 768 2040 812 contra

468 855 698 909 invicem
729 853 1013 919 ﬂaverunt,
1042 868 1215 922 neque
1240 851 1393 916 ﬂant,
1418 853 1511 906 sed
1532 868 1667 905 unus
1693 862 1747 906 et
1764 867 1922 916 unus,
1950 859 2044 904 aut

468 944 571 1001 istc
595 958 686 1000 aut
705 946 810 1000 ille.
854 946 1137 1014 Nunquam
1159 946 1301 999 enim
1328 944 1565 999 auditum
1587 954 1669 998 est
1690 944 1830 1011 quod
1850 942 2041 997 ﬂantes

468 1037 614 1090 venti
660 1036 851 1089 domos
900 1051 929 1089 a
984 1034 1353 1090 fundamentis
1398 1035 1804 1096 subverterent,
1849 1041 1904 1086 et
1951 1047 2044 1086 eas

467 1128 717 1181 maxime
740 1142 857 1195 quae
895 1142 1055 1195 super
1101 1126 1252 1179 arida
1302 1136 1428 1180 sunt
1473 1124 1728 1190 fundatae,
1770 1125 1835 1178 ad
1872 1125 2044 1179 instar

472 1221 688 1273 navium
719 1234 838 1288 quae
867 1219 919 1272 in
960 1217 1148 1289 pelago
1178 1217 1431 1281 natitant,
1463 1218 1788 1287 generaliter
1809 1216 2039 1271 subver-

468 1314 631 1366 temlo
681 1312 1075 1365 demerserunt.
1130 1308 1253 1365 Haec
1310 1323 1584 1378 nunquam
1634 1318 2041 1378 provenerunt,

468 1417 644 1471 neque
678 1400 1021 1471 provenient,
1054 1417 1082 1455 a
1110 1410 1397 1456 ventorum
1430 1401 1617 1455 ﬂabris
1653 1400 1734 1455 vel
1762 1399 2036 1469 procellis.

468 1494 609 1558 Noli,
637 1494 829 1563 inquit,
860 1493 1172 1548 insimulare
1202 1493 1485 1548 mendacio
1513 1494 1709 1558 Deum,
1736 1509 1770 1548 ο
1798 1492 2033 1557 diabole,

468 1588 573 1641 tuis
604 1585 921 1651 sceleribus,
950 1585 1054 1639 noli
1090 1586 1388 1654 depravare
1434 1584 1755 1640 Creatorem
1780 1587 1885 1639 tuis
1914 1602 2041 1656 per-

467 1680 597 1733 ditis
627 1677 1024 1747 iniquitatibus.
1061 1677 1137 1731 Ex
1170 1686 1220 1732 te
1243 1678 1385 1731 enim
1432 1687 1557 1731 sunt
1599 1679 1713 1732 haec
1744 1688 1797 1732 et
1826 1693 1932 1731 non
1970 1694 2037 1733 ex

468 1770 577 1825 Deo
602 1784 617 1823 :
652 1785 717 1824 ex
746 1779 848 1823 tua
878 1769 1179 1837 iniquitate,
1212 1779 1267 1823 et
1296 1785 1400 1821 non
1428 1784 1490 1823 ex
1525 1767 1803 1823 Creatoris
1833 1771 2042 1823 immis—

478 1865 651 1920 sione.
704 1862 915 1925 Subito,
949 1862 1143 1931 inquit,
1189 1862 1573 1930 spiritus-venit
1614 1864 1679 1916 ab
1721 1878 1914 1917 eremo.
1962 1861 2037 1917 De

470 1968 524 2010 te
555 1956 669 2025 ipso
700 1954 816 2009 hinc
861 1954 1120 2024 loqueris,
1153 1952 1340 2007 infelix
1383 1954 1619 2009 diabole.
1665 1954 1745 2009 Tu
1789 1954 2043 2010 videlicet

467 2065 529 2102 es
554 2048 777 2119 spiritus
821 2048 888 2101 ab
932 2060 1116 2101 eremo
1155 2046 1400 2109 veniens,
1450 2054 1505 2099 tu
1552 2055 1783 2115 quatuor
1814 2047 2041 2118 angulos

466 2143 659 2195 domus
702 2139 949 2209 tetigisti,
993 2148 1151 2207 atque
1196 2138 1427 2191 ﬁliorum
1474 2140 1901 2195 internecionem
1960 2140 2038 2194 fe-

468 2232 611 2286 cisli.
649 2232 730 2286 Tu
773 2247 833 2286 es
872 2231 959 2300 qui
998 2231 1291 2300 aliquando
1326 2232 1379 2284 in
1426 2232 1611 2287 hostes
1647 2234 1953 2301 praedantes
1995 2245 2046 2291 te

471 2324 887 2394 transiigurasti,
922 2324 1213 2392 aliquando
1249 2324 1301 2376 in
1347 2322 1525 2391 ignem
1564 2324 1630 2377 de
1680 2323 1817 2378 coelo
1848 2326 2044 2380 caden-

466 2426 613 2477 tem;
650 2430 1037 2482 nonnunquam
1069 2424 1247 2467 autem
1292 2416 1345 2467 in
1390 2412 1490 2469 tria
1534 2430 1736 2470 cornua
1774 2418 2041 2487 equitum,

463 2509 606 2563 sicut
648 2519 865 2562 etnuuc
900 2508 951 2560 in
999 2507 1291 2576 procellam
1340 2511 1483 2561 venti
1531 2518 1767 2577 quatuor
1816 2509 2044 2578 angulos

465 2602 658 2654 domus
691 2609 1020 2670 tangentem,
1060 2610 1113 2652 et
1145 2600 1313 2667 ipsam
1344 2598 1563 2652 domum
1605 2616 1632 2652 a
1678 2600 2044 2657 fundamentis

464 2691 883 2755 subvertentem,
917 2702 1078 2760 atque
1128 2705 1220 2745 ecs
1269 2689 1357 2757 qui
1395 2691 1720 2746 intrinsecus
1772 2703 1930 2747 erant
1970 2694 2046 2747 in-

464 2783 847 2839 terficientem.
919 2782 1066 2844 Tute,
1124 2782 1320 2851 inquit,
1360 2782 1658 2851 iniquitatis
1701 2786 2044 2853 operationes

462 2886 590 2931 sunt
631 2876 746 2930 haac
788 2876 991 2938 omnia,
1017 2889 1052 2928 ο
1100 2874 1431 2943 nequissime
1475 2874 1705 2929 diabole.
1744 2874 1875 2929 Nam
1904 2875 2045 2931 Deus

467 2978 691 3022 mortem
764 2982 866 3021 non
932 2965 1080 3030 fecit,
1141 2981 1316 3036 neque
1362 2967 1575 3020 laetatur
1629 2968 1682 3020 in
1742 2968 2045 3037 perditione

463 3061 728 3125 vivorum,
782 3059 875 3114 sed
939 3069 1027 3113 tua
1082 3060 1279 3113 invidia
1339 3070 1501 3129 atque
1560 3060 1677 3116 zelo
1746 3076 1891 3115 mors
1962 3062 2043 3116 in-

2145 588 2308 642 quam
2345 572 2584 641 Spiritus
2617 582 2841 629 sanctus
2868 575 3299 632 familiaritatem
3327 586 3490 647 atque
3526 578 3727 634 iiiumi-

2147 664 2421 718 nationem
2446 682 2476 717 a
2500 680 2559 719 se
2584 665 2814 734 expulit,
2836 676 2891 721 et
2913 676 3224 723 sanctorum
3246 668 3564 740 angelorum
3596 685 3729 726 coa-

2141 756 2477 827 junctionem
2526 766 2691 826 atque
2722 757 3106 813 habitationem
3150 774 3177 811 a
3212 774 3272 813 se
3310 759 3533 823 amovit,
3579 761 3729 815 sicut

2146 848 2279 902 dicit
2302 862 2318 901 :
2338 847 2407 901 Et
2422 859 2533 914 post
2548 849 2657 902 hac
2679 849 2906 902 introivit
2927 850 2980 901 in
2992 865 3108 903 eum
3126 849 3359 905 Satanas
3377 851 3441 908 ³⁸.
3462 850 3621 907 Tales
3636 866 3730 905 so-

2146 940 2398 995 litudines
2423 940 2644 995 fuerunt
2666 940 2793 993 olim
2815 955 3004 995 omnes
3057 943 3540 1012 pseudoprophetaa
3559 953 3724 1011 atque

2148 1032 2268 1087 falsi
2296 1035 2629 1099 sacerdotes,
2662 1034 2736 1088 illi
2766 1036 2831 1089 ad
2865 1050 3001 1105 quos
3031 1035 3163 1088 dicit
3182 1034 3432 1089 lllicbreas
3456 1036 3718 1104 propheta

2146 1137 2272 1182 ante
2299 1129 2486 1183 Achab
2533 1145 2711 1198 regem
2746 1130 2908 1184 Israel
2944 1147 2959 1183 z
3001 1128 3155 1181 Dedit
3190 1127 3446 1183 Dominus
3477 1131 3731 1197 spiritum

2144 1224 2446 1276 mendacem
2486 1223 2541 1275 in
2592 1238 2681 1275 ore
2713 1224 2945 1275 omnium
2979 1223 3348 1289 prophetarum
3389 1231 3599 1274 tuorum
3652 1220 3723 1275 ³³.

2145 1314 2299 1380 Quod
2353 1328 2479 1368 cum
2510 1314 2748 1368 audisset
2782 1314 3033 1382 princeps
3094 1312 3331 1382 ipsorum
3390 1315 3730 1382 pseudopro.

2144 1406 2427 1477 phetarum
2493 1406 2789 1460 Sedechias
2848 1404 2988 1459 filius
3048 1405 3348 1469 Chanaam,
3412 1406 3731 1474 percutiens

2146 1496 2423 1551 Michzeam
2455 1497 2510 1550 in
2545 1496 2820 1551 maxillam
2855 1495 2994 1552 dixit
3025 1516 3039 1551 :
3082 1496 3217 1563 Quis
3240 1496 3472 1567 Spiritus
3507 1497 3726 1551 Domini

2144 1588 2382 1642 discessit
2403 1604 2435 1641 a
2457 1604 2561 1654 me,
2578 1598 2635 1641 ut
2656 1588 2956 1657 loqueretur
2978 1590 3035 1642 in
3061 1600 3108 1643 te
3131 1587 3213 1641 "‘1
3241 1588 3342 1643 Per
3362 1603 3481 1658 quae
3499 1589 3725 1643 eviden~

2145 1690 2230 1735 ter
2255 1680 2517 1746 ostendit,
2544 1681 2671 1750 quia
2716 1680 2968 1735 discessit
3003 1681 3072 1735 ab
3109 1695 3173 1735 eo
3213 1679 3453 1751 Spiritus
3484 1679 3725 1743 Domini.

2144 1784 2198 1827 et
2229 1774 2494 1829 habitavit
2529 1774 2581 1827 in
2622 1786 2688 1829 eo
2735 1774 2958 1843 spiritus
2990 1773 3214 1840 diaboli,
3259 1782 3446 1844 utpote
3481 1774 3737 1828 desolato

2150 1884 2178 1920 a
2211 1866 2416 1937 Spiritu
2476 1874 2684 1921 sancto.
2722 1864 2872 1920 Talia
2922 1865 3136 1920 deserta
3182 1865 3309 1920 facti
3357 1874 3485 1921 sunt
3527 1864 3730 1928 Judaei,

2145 1959 2235 2026 qui
2270 1957 2499 2012 Domino
2527 1973 2631 2012 non
2665 1957 3037 2020 crediderunt,
3074 1972 3249 2027 neque
3290 1959 3569 2030 suscipere
3597 1974 3726 2012 eum

2145 2058 2452 2112 voluerunt.
2485 2057 2785 2129 Propterea
2821 2059 2955 2113 dixit
2996 2061 3066 2112 ad
3096 2072 3192 2114 eos
3233 2054 3498 2110 Dominus
3528 2071 3543 2106 :
3587 2050 3741 2105 Ecce

2146 2152 2469 2221 relinquetur
2535 2152 2679 2206 vobis
2732 2152 2919 2205 domus
2982 2162 3149 2205 uestra
3195 2151 3403 2203 deserta
3448 2146 3515 2199 ³⁸.
3571 2143 3737 2197 Talia

2146 2245 2354 2299 scilicet
2388 2244 2601 2298 deserta
2638 2242 2780 2299 facta
2824 2253 2950 2298 sunt
2997 2244 3159 2299 etiam
3192 2256 3335 2297 nunc
3371 2255 3564 2295 omnes
3600 2238 3733 2292 infi-

2146 2336 2345 2389 delium
2376 2344 2540 2391 secta:
2569 2344 2732 2405 atque
2758 2335 3023 2399 haereses,
3053 2350 3173 2405 qua:
3199 2332 3457 2387 desolata:
3484 2331 3608 2385 fidei
3638 2346 3734 2384 ve-

2147 2429 2310 2483 ritate
2344 2441 2505 2498 atque
2552 2429 2701 2483 omni
2740 2428 2963 2498 pietate,
3002 2426 3061 2480 in
3089 2426 3287 2496 quibus
3322 2424 3581 2479 habitans
3609 2422 3734 2475 dia-

2144 2521 2299 2575 bolus
2344 2520 2721 2595 multitudines
2760 2517 3140 2574 scandalorum
3194 2526 3453 2584 tanquam
3512 2513 3735 2566 zizania

2146 2614 2199 2666 in
2222 2613 2301 2667 eis
2321 2612 2455 2667 oriri
2486 2610 2635 2667 fecit.
2654 2610 2787 2667 Post
2814 2624 2935 2680 qua:
2960 2611 3215 2664 universa
3243 2609 3417 2664 adhuc
3441 2610 3494 2662 in
3530 2608 3732 2663 ultimo

2149 2705 2273 2758 talia
2302 2704 2515 2760 deserta
2546 2712 2671 2759 sunt
2697 2720 2886 2761 omnes
2909 2705 3236 2773 pertinaces,
3263 2716 3455 2757 omnes
3476 2700 3733 2756 crudeles

2146 2799 2237 2866 qui
2272 2813 2377 2852 non
2425 2807 2589 2869 agunt
2618 2798 3021 2868 pmnitentiam,
3053 2796 3143 2864 qui
3176 2796 3511 2849 contristent
3546 2790 3730 2859 Spiri-

2148 2900 2259 2945 tum
2313 2900 2583 2957 sanctum,
2633 2890 2687 2944 in
2733 2903 2841 2961 quo
2872 2888 3078 2957 pridem
3123 2886 3323 2955 signati
3353 2894 3478 2938 sunt
3528 2884 3586 2935 in
3644 2883 3739 2936 die

2147 2983 2563 3052 redemptionis,
2600 2980 2692 3051 qui
2735 2980 3067 3036 contristant
3101 2988 3322 3032 sanctos
3355 2973 3600 3042 angelos,
3634 2974 3729 3043 qui

2147 3076 2381 3144 gaudent
2426 3086 2590 3141 super
2622 3085 2738 3133 eos,
2780 3070 2871 3139 qui
2922 3082 3019 3138 pro
3054 3068 3292 3136 peccatis
3344 3063 3731 3135 paenitentiam

465 3157 647 3208 troivit
692 3155 743 3208 in
790 3155 1067 3209 mundum.
1114 3152 1266 3207 Sicut
1303 3154 1444 3206 enim
1482 3153 1533 3206 in
1572 3164 1740 3207 totum
1784 3153 2037 3207 mundum

2148 3174 2332 3234 agunt.
2370 3163 2573 3220 Omnes
2609 3176 2737 3232 ergo
2770 3162 2857 3216 isti
2904 3159 3126 3215 desolati
3161 3168 3287 3213 sunt
3328 3159 3417 3226 qui
3460 3171 3566 3211 non
3614 3169 3733 3225 pa:-

464 3246 613 3301 n'iors
650 3247 897 3300 introivit
939 3261 1039 3315 per
1073 3256 1220 3300 tuum
1267 3246 1467 3311 zelum,
1501 3246 1570 3298 ita
1608 3255 1663 3299 et
1694 3261 1838 3299 nunc
1876 3259 2039 3313 super

467 3341 604 3394 ﬁlios
638 3337 731 3394 Iob
765 3354 858 3409 per
887 3350 1035 3393 tuum
1073 3339 1245 3395 zelum
1282 3348 1336 3392 et
1381 3339 1639 3391 invidiam
1676 3339 1910 3409 perditio
1946 3341 2043 3393 ad—

464 3431 633 3494 venit,
678 3442 841 3501 atque
881 3432 1156 3497 interitus,
1201 3447 1233 3486 o
1278 3433 1609 3501 nequissime
1654 3432 1889 3490 diabole.
1931 3432 2043 3487 Hoc

463 3539 642 3581 autem
695 3538 748 3579 tu
780 3528 895 3596 ipse
939 3527 1004 3580 de
1054 3528 1341 3596 temetipso
1394 3524 1798 3593 demonstrans,
1846 3527 1980 3581 dicis
2023 3544 2038 3579 :

465 3619 651 3675 Subito
678 3621 897 3689 spiritus
928 3620 1062 3673 vertit
1091 3620 1155 3673 ab
1191 3636 1385 3674 eremo.
1425 3619 1617 3675 Subito
1649 3621 1792 3674 enim
1826 3619 2042 3675 occulte

462 3723 623 3782 atque
653 3713 899 3767 clanculo
925 3713 1239 3768 innumeros
1267 3714 1556 3779 subvertis,
1587 3714 1905 3767 innumeros
1933 3713 2039 3765 cirv

462 3806 762 3869 cumvcnis,
811 3815 867 3859 et
912 3815 1015 3859 tua:
1060 3805 1531 3861 condemnationis
1575 3806 1822 3861 hreredes
1879 3804 2033 3870 facis,

462 3912 600 3967 quos
628 3898 726 3951 arvi
757 3907 957 3952 aeterna
987 3899 1269 3953 conversio
1311 3896 1491 3952 subito
1531 3895 1910 3967 apprehendit,
1948 3906 2041 3949 ut-

463 3997 586 4055 pote
610 4003 637 4040 a
682 3996 733 4043 te
763 3989 812 4042 in
848 3989 1003 4042 malis
1034 3989 1304 4043 seductos.
1338 3986 1419 4044 Ob
1445 3991 1546 4044 hoc
1580 4004 1710 4059 ergo
1736 3988 1917 4043 subito
1947 4002 2037 4042 νεα

464 4083 543 4137 nit
576 4082 812 4151 spiritus.
856 4080 936 4141 Tu
978 4084 1091 4152 ipse
1124 4100 1183 4139 es
1222 4084 1363 4138 aeris
1415 4092 1732 4154 penetrator
1763 4081 2033 4144 diabolus,

462 4191 757 4246 aereusque
776 4177 998 4246 spiritus
1021 4177 1089 4231 ab
1114 4190 1334 4230 eremo:
1361 4175 1586 4243 spiritus
1621 4189 1747 4227 vero
1776 4184 2037 4242 tanquam

463 4275 514 4324 iu
547 4285 787 4325 eremum
824 4285 887 4323 ac
912 4269 1282 4331 solitudinem,
1325 4266 1413 4321 ubi
1447 4281 1621 4337 neque
1649 4264 1915 4329 hominis,
1949 4280 2037 4319 ne-

460 4377 565 4432 que
598 4361 961 4432 quadrupedis
993 4361 1278 4431 vestigium
1304 4359 1535 4413 traditur
1562 4356 1835 4428 projecws
1869 4366 2034 4425 atque

458 4458 734 4528 expulsus.
759 4458 865 4510 Aut
895 4456 1071 4510 adhuc
1098 4454 1325 4509 venitab
1344 4466 1548 4515 eremo,
1577 4460 1759 4519 utpote
1786 4450 2032 4504 omnium

458 4550 761 4603 divinorqu
792 4564 1001 4611 exsors,
1022 4558 1076 4600 et
1104 4545 1171 4599 ab
1202 4546 1457 4602 munibus
1480 4544 1783 4602 desolatus.
1802 4544 1911 4597 Aut
1936 4545 2032 4597 ad-

458 4639 563 4694 huc
587 4641 655 4695 ab
692 4654 876 4693 eremo
908 4620 1077 4702 venit,
1110 4646 1295 4707 utpote
1330 4653 1431 4689 non
1464 4634 1637 4689 solum
1676 4636 1727 4688 in
1755 4636 2032 4703 corrupti-

456 4734 654 4788 bilibus
693 4744 853 4801 atque
886 4732 1198 4785 inanimatis
1231 4728 1613 4784 solitudinibus
1654 4737 2032 4797 sequestratus

456 4842 520 4880 ac
555 4827 863 4889 destitutus,
901 4825 993 4878 sed
1023 4824 1268 4892 quinitno
1299 4823 1469 4890 magis
1500 4822 1552 4873 in
1584 4821 1836 4874 humanis
1869 4830 2033 4887 atque

457 4918 709 4970 animatis
734 4916 1136 4977 solitudinibus,
1170 4930 1289 4983 qua:
1311 4923 1437 4967 sunt
1466 4912 1663 4965 anima:
1696 4912 1893 4980 impize,
1920 4925 2034 4965 sce—

459 5008 664 5069 leratae,
694 5016 962 5068 errantes,
993 5005 1258 5072 infideles,
1293 5020 1412 5073 quae
1438 5014 1563 5058 sunt
1602 5003 1853 5058 desolata‘
1883 5003 2027 5056 omni

458 5097 766 5158 sanctitate,
820 5112 938 5164 qua:
992 5111 1097 5149 non
1146 5097 1461 5150 habitantur
1523 5110 1700 5164 neque
1760 5110 1789 5147 a
1845 5103 2031 5148 sancto

458 5188 660 5257 Spiritu
686 5187 989 5249 Paracleto,
1031 5203 1204 5257 neque
1238 5204 1265 5239 a
1302 5188 1506 5242 sanctis
1532 5185 1739 5258 angelis
1768 5185 1859 5239 Dei
1896 5204 1909 5239 :
1948 5195 2031 5237 ut-

458 5291 580 5348 pote
615 5281 669 5334 in
708 5279 1012 5348 huiusmodi
1054 5279 1287 5333 desertis
1334 5280 1612 5341 habitans,
1643 5294 1672 5331 a
1719 5279 1931 5333 deserto
1963 5284 2034 5329 te-

458 5376 631 5439 ipsum
664 5371 850 5425 venire
885 5371 1040 5425 dicis.
1079 5369 1210 5424 Tale
1241 5371 1513 5425 desertum
1547 5370 1723 5423 factus
1750 5378 1832 5423 est
1866 5369 2031 5423 etiam

456 5468 545 5521 ille
581 5480 739 5535 quem
782 5464 963 5533 scopis
1011 5465 1329 5518 mundatum
1376 5472 1537 5532 atque
1581 5474 1829 5517 ornatum
1884 5477 2013 5529 repe

457 5562 602 5613 r’tens
641 5555 1005 5628 nequissimus
1041 5566 1202 5625 atque
1246 5554 1556 5609 immundus
1607 5556 1848 5623 spiritus,
1901 5555 2033 5608 alios

456 5661 662 5720 septem
714 5648 1004 5718 nequiores
1055 5662 1115 5702 se
1165 5660 1451 5703 assumens
1509 5645 1774 5699 habitavit
1837 5646 1891 5699 in
1943 5660 2027 5699 co.

525 5827 566 5858 ³³
587 5826 738 5881 Joan.
767 5842 884 5894 xut,
912 5826 1000 5880 Ἦ.
1079 5826 1122 5857 ³³
1154 5825 1219 5880 lll
1268 5826 1400 5894 Reg.
1433 5844 1562 5892 xxtt,
1592 5828 1683 5882 ‘33.

1762 5828 1807 5859 3‘
1849 5828 1975 5883 ibid.
2002 5827 2094 5881 21.

2147 3257 2445 3310 nituerunt.
2481 3252 2703 3309 Habitat
2740 3268 2875 3308 vero
2909 3254 2960 3306 in
2992 3252 3126 3315 illis,
3157 3259 3345 3318 utpote
3380 3252 3432 3301 lu
3464 3247 3731 3309 desertis,

2144 3347 2417 3417 malignus
2454 3343 2802 3401 adversarius
2830 3343 2921 3413 qui
2970 3352 3115 3396 tenet
3148 3356 3243 3395 cor
3268 3354 3479 3403 eorum,
3531 3330 3591 3392 ut
3632 3351 3734 3391 nec

2144 3440 2210 3492 ad
2254 3437 2627 3506 paenitentiam
2678 3432 3064 3494 conﬁteantur,
3110 3444 3286 3499 neque
3330 3428 3540 3499 jejunia
3568 3441 3735 3482 exer-

2144 3540 2325 3588 ceant.
2390 3543 2569 3597 neque
2627 3526 3002 3596 eleemosynas
3052 3522 3280 3577 faciant.
3315 3519 3439 3573 Istis
3487 3530 3734 3585 namque

2143 3634 2365 3693 peccata
2400 3621 2769 3676 dominantur.
2801 3619 2893 3673 Isti
2930 3631 3060 3682 ergo
3086 3630 3277 3669 omnes
3306 3628 3430 3668 cum
3468 3620 3600 3667 sunt
3637 3610 3734 3663 do-

2143 3715 2297 3770 solati
2324 3716 2613 3768 sanctitate
2633 3723 2684 3766 et
2710 3712 2813 3765 fide
2842 3719 3005 3780 atque
3031 3710 3125 3764 Dei
3154 3710 3368 3769 timore,
3402 3704 3729 3760 desolantur

2142 3809 2207 3861 de
2240 3822 2406 3875 regno
2439 3806 2557 3869 Dei,
2585 3816 2640 3860 et
2672 3804 3035 3875 projiciuntur
3061 3805 3128 3855 de
3162 3800 3345 3857 choris
3377 3808 3731 3861 sanctorum,

2142 3911 2305 3970 atque
2330 3898 2383 3952 in
2418 3897 2670 3952 tenebras
2708 3897 3009 3952 exteriores
3049 3895 3320 3965 pellentur
3348 3903 3404 3947 et
3440 3891 3495 3945 in
3532 3891 3721 3960 ignem

2144 3989 2656 4060 inexstinguibilem,
2688 3990 2781 4059 qui
2812 3996 3150 4058 praeparatus
3176 3994 3261 4041 est
3293 3984 3512 4043 diabolo
3537 3993 3595 4037 et
3622 3997 3733 4037 an-

2141 4084 2278 4154 gelis
2308 4084 2444 4150 ejus.
2486 4079 2613 4135 Haec
2657 4081 2839 4150 itaque
2880 4088 3036 4133 natat
3065 4079 3339 4139 universa,
3375 4075 3500 4145 quia
3542 4074 3727 4129 dicit:

2142 4174 2328 4229 Subito
2359 4173 2577 4238 spiritus
2603 4172 2739 4225 venit
2780 4173 2843 4223 ab
2874 4186 3070 4233 eremo,
3097 4178 3145 4222 et
3171 4169 3339 4238 tetigit
3360 4177 3596 4235 quatuor
3627 4181 3731 4218 an-

2141 4267 2292 4337 gulos
2328 4267 2534 4319 domus.
2568 4264 2624 4317 In
2661 4264 2816 4317 tertia
2872 4263 3027 4332 plaga
3062 4262 3164 4315 tria
3203 4275 3406 4314 cornua
3445 4257 3574 4311 fecit
3604 4258 3730 4311 dia-

2140 4357 2317 4422 bolus,
2349 4356 2401 4409 in
2432 4364 2623 4423 quarta
2656 4368 2785 4407 vero
2813 4352 2967 4421 plaga
3000 4361 3237 4421 quatuor
3268 4348 3495 4416 angulos
3526 4349 3733 4409 domus

2143 4451 2339 4520 tetigit,
2370 4462 2425 4503 et
2460 4446 2653 4502 cecidit
2687 4448 2901 4500 domus.
2932 4444 2998 4497 Et
3028 4443 3159 4513 quid
3207 4443 3251 4496 si
3293 4457 3458 4495 unum
3512 4439 3729 4509 tetigis—

2144 4549 2227 4593 set
2272 4538 2549 4608 augulum,
2595 4537 2790 4592 cadere
2836 4551 2943 4589 non
2998 4534 3303 4605 potuisset?
3353 4532 3493 4602 Ergo
3537 4531 3581 4585 si
3630 4546 3729 4599 per

2145 4646 2311 4682 unum
2346 4628 2597 4698 angulum
2632 4635 2842 4695 pmerat
2879 4626 3097 4690 cadere,
3130 4639 3229 4677 cur
3256 4636 3447 4677 omnes
3485 4630 3729 4689 quatuor

2145 4722 2368 4791 angulos
2425 4720 2645 4789 tetigit?
2704 4719 2861 4772 Audi.
2918 4716 3165 4783 Quatuor
3216 4714 3471 4782 angulos,
3539 4711 3592 4764 id
3641 4719 3727 4763 est

2142 4824 2373 4877 quatuor
2399 4822 2601 4882 partes,
2644 4811 2843 4881 tetigit,
2882 4813 2950 4863 ob
2977 4809 3101 4873 hoc,
3136 4817 3193 4859 ut
3226 4805 3540 4858 ostenderet
3570 4800 3727 4854 fero-

2142 4908 2360 4963 citatem
2404 4916 2457 4959 et
2518 4901 2808 4965 insaniam,
2860 4911 2915 4955 et
2974 4895 3451 4967 intemperantiam
3502 4904 3727 4960 quoque

2142 5008 2308 5067 atque
2339 4997 2737 5061 crudelitatem,
2787 4992 3220 5046 cruentationem
3262 4999 3425 5056 atque
3472 4984 3723 5036 animum

2142 5107 2295 5147 sumn
2338 5087 2738 5144 homicidalem.
2772 5084 2904 5139 Nam
2938 5096 3128 5137 omnes
3164 5078 3479 5148 nequissimi
3509 5076 3726 5130 daemo-

2142 5198 2237 5237 nes
2270 5191 2331 5235 ut
2373 5179 2600 5235 relaxati
2638 5186 2782 5241 sunt,
2819 5185 2875 5229 et
2906 5189 3029 5227 mox
3066 5184 3125 5225 ut
3173 5169 3589 5241 permissionem
3630 5181 3726 5220 ac-

2142 5279 2423 5343 ceperunt,
2461 5268 2718 5324 continuo
2756 5279 2949 5320 omnes
3000 5262 3331 5334 generaliter
3361 5259 3431 5314 ab
3462 5257 3723 5312 omnibus

2134 5366 2379 5435 partibus
2410 5376 2573 5432 super
2605 5362 2828 5414 domum
2861 5356 3032 5425 ipsam
3063 5356 3343 5408 irruerunt
3368 5349 3727 5412 festinantes,

2132 5466 2293 5525 atque
2342 5454 2628 5508 adversum
2688 5450 2917 5504 inviCem
2972 5448 3271 5517 rapientes,
3329 5443 3453 5511 quis
3508 5442 3723 5509 primus

2133 5548 2269 5602 hanc
2315 5544 2655 5614 iniquitatem
2712 5541 3008 5609 acciperet,
3050 5536 3175 5607 quis
3217 5534 3425 5603 primus
3474 5532 3577 5585 hoc
3622 5532 3721 5583 ho.

2140 5639 2410 5693 micidium
2461 5644 2817 5705 perpetraret.
2882 5630 2965 5686 Ob
3016 5630 3119 5685 hoc
3161 5642 3293 5697 ergo
3340 5639 3438 5694 per
3483 5633 3721 5693 quatuor

2174 5824 2216 5855 ³⁸
2245 5820 2439 5876 Matth.
2475 5832 2632 5883 xxttt,
2668 5816 2757 5871 38.
