3884 6218
253 289 362 343 1'55

1390 276 1763 335 ANONYMUS
1800 275 1865 331 IN
1902 274 2040 329 JOB.
2084 304 2155 337 -τ
2190 273 2319 327 L‘lB.
2361 275 2403 327 l.

3394 275 3499 329 434

252 420 438 477 partes
508 409 782 462 iri-uerunt
840 402 1161 473 nequissimi
1224 402 1516 466 dzemones,
1575 412 1829 469 tanquam
1860 404 1905 463 Α
1936 398 2152 451 tritiouc
2186 397 2415 450 liliornm
2441 394 2541 449 Job
2588 393 2824 448 amittam
2857 396 3274 459 contminncrct,
3308 397 3399 449 sed
3428 396 3499 450 ob

254 502 444 556 leones
492 500 557 553 de
604 496 821 551 insidiis
862 502 1302 564 prorumpentes,
1347 494 1618 564 ingentem
1658 508 1828 545 unus-

248 591 491 662 quisque
520 603 708 644 eorum
739 586 840 642 sibi
880 592 1141 653 reputans
1184 582 1444 645 dolorem.
1476 584 1521 636 si
1562 582 1710 650 prior
1739 579 1830 634 illo

249 684 399 738 alter
449 682 778 751 praecederet
827 679 894 732 ad
939 676 1060 743 ejus
1111 674 1493 746 perditionem.
1542 673 1608 726 Et
1653 671 1829 726 adhuc

256 792 358 846 per
399 782 632 843 quatuor
670 779 877 842 partes,
923 772 1048 841 quia
1089 775 1398 824 metuerant
1446 765 1714 826 infelices,
1764 778 1831 819 ne

259 870 404 921 forte
449 865 643 934 aliquis
685 879 752 919 ex
807 864 911 917 hac
950 862 1105 916 ruina
1148 860 1401 915 evaderet
1438 867 1634 926 praeter
1682 856 1828 909 illum

256 971 427 1010 unum
459 970 621 1025 quem
651 963 841 1024 sponte
875 952 1187 1023 nequissimi
1221 958 1615 1013 reservassent,
1642 947 1730 1014 qui
1776 956 1831 1001 et.

256 1048 499 1117 ipsorum
533 1045 802 1115 iniquitati
843 1044 1161 1105 deserviret,
1210 1050 1263 1096 et
1296 1040 1397 1095 Job
1433 1041 1575 1109 ipsos
1617 1038 1832 1093 dolores

253 1146 559 1192 enarraret.
598 1136 705 1191 Sed
742 1144 797 1191 et
827 1136 1003 1189 adhuc
1033 1151 1129 1204 per
1157 1146 1390 1203 quatuor
1417 1144 1599 1202 partes
1640 1147 1829 1186 orcur-

258 1236 465 1292 rentes,
498 1237 733 1297 quatuor
758 1226 984 1294 angulos
1016 1227 1330 1293 tetigerunt,
1358 1224 1428 1278 ob
1460 1224 1561 1278 hoc
1586 1232 1648 1279 ut
1673 1237 1827 1277 snam

257 1318 733 1374 inconsonantiam
776 1326 938 1385 atque
977 1318 1237 1371 adversus
1274 1315 1506 1369 invicem
1536 1313 1831 1368 contrarie-

256 1420 429 1465 tatem
454 1410 821 1465 ostenderent.
848 1407 981 1461 Nam
1008 1409 1073 1461 ad
1103 1407 1412 1477 iniquitatis
1438 1404 1828 1474 perfectionem

252 1516 451 1555 omnes
476 1501 573 1556 sibi
606 1499 955 1564 concordant,
998 1514 1120 1553 cum
1155 1498 1385 1553 invicem
1418 1498 1518 1551 sibi
1555 1497 1833 1551 discordes

258 1595 371 1648 sint
396 1608 585 1648 omnes
624 1603 788 1662 atque
817 1593 1096 1647 contrarii.
1150 1592 1218 1645 Et
1257 1591 1464 1655 cecidit,
1498 1590 1691 1657 inquit,
1736 1590 1833 1640 do—

254 1702 377 1740 mus
406 1702 560 1754 super
589 1687 730 1756 ﬁlios
766 1696 906 1751 tuos,
940 1696 987 1739 et
1011 1686 1368 1739 martuisunt.
1397 1683 1608 1738 Cecidit
1640 1682 1832 1737 domus

1933 493 2035 543 hoc
2059 489 2183 558 quia
2219 488 2490 557 prioribus
2521 486 2691 556 plagis
2714 501 2840 554 _non
2871 485 3177 552 succubuit,
3211 497 3497 555 propterea

1930 581 2093 634 etiam
2126 580 2251 636 ietic
2276 594 2492 635 omnem
2520 579 2863 647 iniquitatem
2889 592 3041 632 suam
3074 577 3492 637 demonstravit,

1931 684 1987 726 et
2018 686 2117 741 pro
2147 672 2310 741 priori
2355 672 2664 735 tolerantia,
2710 672 2763 725 in
2802 670 3039 724 ﬁliorum
3075 668 3500 723 comminatione

1933 764 1991 823 in,
2032 779 2098 819 eo
2131 763 2446 828 vindicavit,
2481 774 2536 817 et
2570 765 2894 817 comminuit
2941 762 3181 816 membra
3221 771 3276 816 et
3304 777 3502 817 carnes

1930 865 1985 909 et
2010 868 2154 917 ossa,
2203 868 2267 908 ac
2300 870 2422 908 cum
2459 854 2723 922 lapidibus
2761 865 2817 906 et
2856 852 3076 922 pulvere
3112 851 3282 919 ipsius
3327 851 3498 905 ruinae

1931 930 2292 1009 commiscuit,
2340 955 2397 999 ut
2450 962 2555 1001 non
2600 962 2878 1016 separare,
2931 962 3028 1001 nec
3073 943 3346 1013 colligere,
3401 958 3502 998 nec

1932 1038 2160 1108 sepelire
2202 1048 2387 1105 posset
2432 1054 2546 1104 eos,
2582 1054 2614 1092 a
2662 1038 2859 1109 quibus
2901 1037 3115 1108 sepeliri
3148 1037 3407 1108 sperabat
3439 1050 3505 1091 ac

1932 1134 2170 1188 volebat.
2204 1133 2330 1189 Haec
2352 1149 2586 1203 namque
2613 1134 2761 1187 venit
2785 1131 3150 1187 nuntiareJob
3173 1130 3503 1186 novissimus

1934 1227 2245 1294 nequissimi
2291 1226 2589 1281 adversarii
2628 1226 2869 1279 nuntius.
2912 1224 3036 1279 Haec
3075 1224 3222 1278 venit
3250 1222 3501 1277 nuntiare

1932 1334 2053 1385 qtae
2075 1334 2219 1373 nunc
2245 1317 2549 1375 auditorum
2577 1318 2860 1371 continent
2895 1326 3151 1379 mentem,
3178 1315 3501 1370 contristant

1936 1408 2251 1475 praecordia,
2304 1406 2665 1476 liquefaciunt
2711 1406 2970 1460 animam.
3026 1406 3174 1461 Beati
3230 1420 3356 1459 vero
3402 1402 3502 1459 Job

1935 1514 2088 1553 mens
2116 1499 2354 1568 perstitit
2393 1500 2637 1563 immota,
2684 1497 2865 1551 anima
2909 1498 2961 1550 in
2992 1498 3291 1566 gratiarum
3327 1495 3501 1550 actio-

1934 1592 2095 1646 nibus
2115 1606 2221 1647 non
2262 1600 2346 1647 est
2380 1599 2751 1647 consternata.
2793 1590 2926 1657 Quis
2956 1590 3236 1642 hominum
3282 1603 3426 1655 nunc
3458 1588 3501 1642 si

1936 1700 2102 1739 unum
2134 1684 2323 1753 perdat
2355 1683 2546 1749 lilium,
2594 1684 2803 1739 habens
2824 1682 2979 1747 alios,
3010 1682 3167 1750 hujus
3215 1680 3377 1734 unius
3407 1681 3504 1732 di-

255 1775 790 1847 apprehendentibus
822 1777 1178 1842 daemonibus,
1213 1776 1699 1840 commoventibus,
1745 1774 1830 1828 in-
1867 1760 1907 1814 Β
1939 1777 2288 1843 remptionem
2312 1791 2374 1831 ac
2398 1786 2627 1830 mortem
2674 1790 2839 1843 supra
2880 1773 3098 1829 modum
3152 1787 3255 1827 non
3303 1772 3501 1841 lugeat,

254 1867 635 1931 frementibus,
660 1882 688 1919 a
717 1866 1082 1922 fundamentis
1117 1864 1581 1921 sttbvertentibus.
1619 1864 1829 1918 Cecidit

256 1959 469 2012 domus.
503 1957 611 2011 Nec
631 1957 925 2027 quidquam
945 1971 1221 2026 magnum.
1254 1953 1388 2009 Nam
1416 1954 1462 2009 si
1492 1955 1642 2009 solus
1672 1953 1831 2008 Sant-

247 2067 355 2104 -son
389 2060 507 2118 post
540 2051 655 2103 lure
686 2050 964 2103 innumera
1011 2046 1403 2117 allophylorum
1438 2046 1606 2100 millia
1639 2046 1691 2100 in
1728 2062 1831 2099 una

246 2144 420 2196 domo
463 2141 644 2196 subito
681 2139 897 2209 deiecit,
923 2141 1054 2207 quid
1100 2140 1296 2195 mirum
1336 2137 1385 2193 si
1422 2138 1690 2191 innumeri
1722 2137 1831 2191 da:-

256 2247 641 2293 monesunam
683 2232 904 2285 domum
938 2246 1033 2299 per
1063 2239 1305 2299 quatuor
1345 2228 1576 2299 angulos
1629 2242 1825 2297 appre-

250 2324 554 2377 hendenles
582 2320 1005 2376 subverterent?
1035 2318 1257 2379 Cecidit,
1292 2318 1488 2388 inquit,
1521 2320 1705 2373 domus
1735 2334 1829 2369 su-

248 2432 350 2484 per
376 2416 516 2483 ﬁlios
548 2425 689 2477 tuos,
723 2423 773 2467 et
798 2415 998 2467 mortui
1037 2422 1180 2467 sunt.
1214 2410 1260 2467 Ο
1287 2427 1447 2482 quam
1478 2427 1670 2482 magna
1699 2411 1829 2465 ﬁdes

251 2519 368 2570 tua,
399 2506 553 2561 beate
578 2505 709 2560 Job!
734 2504 783 2560 0
810 2521 971 2575 quam
1002 2505 1265 2559 mirabilis
1296 2513 1381 2559 est
1413 2503 1677 2573 sapientia
1717 2514 1827 2564 tua,

249 2614 383 2653 vere
413 2600 502 2657 Dei
537 2601 727 2654 serve!
758 2598 877 2653 Non
928 2610 982 2652 te
1032 2598 1325 2668 exagitavit
1375 2598 1581 2667 primus
1609 2595 1825 2660 fluctus,

240 2706 429 2760 neque
464 2691 676 2761 impulit
717 2693 1008 2746 secundum
1060 2691 1384 2759 periculum,
1421 2705 1525 2744 non
1552 2700 1611 2745 te
1639 2690 1825 2744 vulne-

241 2783 394 2837 ravit
431 2784 589 2838 tertia
631 2784 852 2853 sagitta,
889 2799 993 2837 non
1029 2793 1079 2837 te
1106 2784 1387 2851 superavit
1419 2793 1612 2852 quarta
1648 2793 1826 2838 tenta-

244 2875 330 2929 tio
359 2890 535 2944 neque
578 2876 882 2942 subversio,
917 2891 1038 2944 qua:
1074 2875 1228 2944 quasi
1261 2874 1543 2943 incipiens,
1588 2875 1823 2944 perfecta

245 2977 336 3022 est
359 2968 412 3020 in
448 2976 609 3021 terra.
639 2965 856 3033 Morini,
903 2967 1099 3037 inquit,
1130 2976 1253 3021 sunt
1284 2965 1376 3019 lilii
1409 2967 1506 3029 tui,
1532 2976 1586 3019 et
1617 2966 1823 3019 utinam

1934 1867 2096 1920 etiam
2132 1881 2255 1919 cum
2303 1865 2779 1919 lamentationibus
2808 1879 2872 1919 ac
2914 1862 3191 1918 clamore?
3220 1860 3503 1931 Magnani-

1934 1973 2053 2013 mus
2100 1972 2229 2012 vero
2264 1957 2354 2011 ille
2394 1955 2495 2012 Job
2541 1971 2665 2011 cum
2705 1956 2895 2011 decem
2951 1955 3174 2009 haberet
3226 1952 3505 2022 religiosos

1934 2049 2154 2112 liberos,
2200 2059 2255 2103 et
2298 2049 2429 2104 istos
2471 2063 2664 2103 omnes
2715 2048 2877 2102 simul
2930 2048 3177 2116 protinus
3225 2046 3504 2116 perderet,

1932 2157 2038 2197 non
2087 2140 2244 2203 luxit.
2291 2155 2396 2194 non
2437 2150 2521 2195 eat
2565 2141 2945 2205 contristatus,
2990 2138 3088 2192 sed
3128 2136 3335 2205 gratias
3397 2136 3505 2206 egit

1930 2233 2079 2287 danti
2112 2242 2166 2287 et
2203 2234 2400 2286 iterum
2435 2230 2706 2287 auferenti
2744 2232 2852 2287 Deo
2885 2252 2897 2287 :
2928 2242 2982 2288 et
3027 2230 3173 2302 quod
3200 2240 3285 2285 est
3325 2230 3501 2283 maxi-

1932 2342 2099 2390 mum,
2134 2340 2243 2378 non
2277 2340 2400 2378 cum
2445 2323 2709 2380 dedecore
2750 2334 2803 2380 et
2856 2323 3150 2381 miserabili
3195 2332 3342 2377 motu
3374 2322 3503 2392 ip’sis

1933 2417 2075 2472 natis
2101 2417 2462 2472 morientibus
2499 2429 2662 2487 atque
2695 2418 2746 2471 in
2772 2418 2941 2487 ipsius
2974 2418 3164 2472 domus
3196 2417 3346 2470 ruina
3375 2430 3503 2470 con-

1934 2510 2095 2575 tritis,
2141 2525 2371 2578 quorum
2419 2510 2667 2565 ciborum
2714 2519 3008 2580 apparatus
3048 2524 3171 2563 cum
3216 2508 3502 2562 comeden-

1930 2602 2061 2654 tium
2089 2600 2344 2655 carnibus
2369 2609 2454 2655 est
2469 2600 2811 2665 commistus,
2835 2609 2890 2653 et
2910 2598 2964 2652 hi
2997 2599 3086 2667 qui
3121 2597 3501 2652 ministrabant

1932 2695 2299 2763 unusquisque
2329 2694 2420 2748 ubi
2449 2695 2842 2763 apprehensus,
2870 2694 2979 2747 illic
3004 2703 3088 2746 est
3118 2693 3501 2751 connuinutns.

1930 2794 1984 2840 ct
2036 2797 2195 2856 potus
2240 2786 2665 2841 ministrantium
2714 2800 2838 2840 cum
2884 2784 3147 2852 sanguine
3188 2783 3501 2853 propitiatus

1930 2886 2013 2931 est
2041 2878 2377 2934 commistus.
2411 2876 2538 2931 Erat
2560 2877 2693 2930 visio
2716 2875 3098 2941 lamentabilis,
3126 2885 3289 2944 atque
3340 2889 3501 2941 aspe—

1927 2980 2050 3023 ctus
2085 2968 2407 3023 miserabilis
2440 2969 2540 3024 hoc
2568 2970 2709 3037 quod
2730 2978 2945 3038 gestum
2974 2976 3081 3033 est,
3104 2968 3211 3021 imo
3234 2981 3333 3022 nec
3362 2964 3500 3021 visio

236 3060 399 3125 iuxta
430 3058 671 3111 omnium
716 3074 1060 3113 communem
1103 3070 1352 3113 mortem.
1395 3056 1467 3110 At
1507 3073 1649 3112 nunc
1694 3073 1824 3113 vero
1849 3095 1898 3159 Ο
1935 3074 2031 3114 nec
2059 3071 2332 3130 aspectus.
2362 3060 2477 3116 Non
2509 3063 2651 3116 enim
2682 3072 2803 3115 erat
2831 3061 2973 3131 quod
2999 3062 3295 3124 videretur,
3326 3072 3500 3129 neque

246 3165 356 3201 non
390 3149 483 3210 ita;
516 3150 609 3203 sed
642 3150 859 3215 cecidit,
885 3150 1082 3219 inquit,
1107 3151 1301 3205 domus
1329 3165 1492 3219 super
1516 3151 1651 3205 ﬁlios
1681 3162 1823 3213 tuos,

242 3254 304 3295 et
336 3243 415 3295 sic
437 3252 568 3296 sunt
600 3243 821 3295 mortui.
858 3242 1109 3311 Saepira,
1144 3240 1338 3309 inquit,
1366 3257 1399 3296 o
1438 3242 1623 3306 homo,
1656 3250 1715 3295 et
1747 3241 1825 3293 la-

242 3346 457 3402 cryma,
485 3348 517 3384 o
534 3331 655 3398 Job,
680 3334 892 3386 tametsi
926 3350 1055 3396 non,
1081 3334 1275 3405 inquit,
1296 3332 1367 3389 ob
1397 3333 1498 3387 hoc
1523 3333 1665 3401 quod
1692 3331 1827 3386 tales

244 3423 552 3490 perdideris
598 3424 756 3487 ﬁlios,
809 3423 997 3477 saltem
1042 3425 1125 3478 vel
1171 3426 1297 3493 quia
1347 3434 1453 3476 tam
1490 3422 1824 3477 lamentabili

245 3524 425 3567 morte
467 3515 662 3568 mortui
712 3526 859 3578 sunt,
910 3514 992 3570 vel
1028 3518 1157 3584 quia
1212 3517 1284 3569 ita
1332 3515 1716 3571 miserabiliter
1762 3517 1828 3567 de

244 3606 367 3657 vita
392 3606 657 3659 exierunt.
697 3606 827 3671 Quis
853 3621 919 3660 ex
953 3608 1263 3663 videntibus
1294 3625 1400 3663 non
1432 3618 1653 3679 stupeat
1681 3607 1827 3663 Job?

258 3696 394 3764 Quis
431 3713 495 3749 ex
540 3697 886 3752 audientibus
920 3714 1024 3753 non
1060 3688 1324 3766 turbetur,
1356 3716 1389 3753 o
1424 3701 1542 3754 vir?
1583 3702 1661 3754 'l‘u
1697 3716 1823 3755 vero

242 3788 517 3855 tapidibus
558 3791 744 3844 durior
774 3802 829 3845 et
850 3792 996 3845 saxis
1038 3792 1245 3845 ﬁrmior
1284 3792 1561 3847 exstitisti.
1593 3792 1715 3847 Filii
1747 3795 1821 3847 tui

246 3882 447 3935 mortui
478 3891 627 3947 sunt,
654 3892 711 3936 et
736 3883 863 3950 quid
898 3893 1179 3951 exspectas
1220 3895 1273 3936 ut
1304 3899 1410 3937 non
1438 3883 1664 3955 lugeas?
1689 3885 1820 3940 Cum

240 3974 517 4041 lapidibus
565 3976 879 4029 comminuti
932 3984 1078 4041 sunt,
1124 3991 1247 4030 cum
1304 3976 1522 4045 pulvere
1551 3979 1821 4032 commisti

242 4080 393 4121 sunt.
457 4066 662 4121 Carnes
737 4082 921 4120 eorum
972 4081 1104 4121 cum
1170 4068 1430 4137 sanguine
1478 4076 1534 4122 et
1589 4069 1820 4134 ossibus,

243 4173 371 4211 cum
406 4158 534 4226 ipsis
576 4158 738 4211 etiam
759 4158 1059 4212 visceribus
1108 4159 1455 4213 comminuta:
1504 4169 1653 4224 sunt,
1706 4160 1823 4211 fra-

240 4258 390 4303 trum
459 4265 574 4302 cum
626 4249 1030 4312 sororibus,pet
1077 4262 1325 4303 sororum
1374 4264 1499 4303 cum
1552 4252 1824 4317 germanis

236 4340 488 4392 onmium
539 4339 889 4394 connninutio
943 4337 1102 4392 simul
1154 4353 1278 4393 cum
1317 4338 1450 4409 ipsis
1502 4339 1823 4408 antepositis

1930 3154 2074 3219 quod
2119 3164 2464 3223 separaretur
2505 3153 2571 3207 de
2608 3168 2795 3207 cernat
2837 3153 2928 3222 qui
2958 3153 3155 3207 mortui
3199 3160 3329 3207 sunt
3351 3166 3500 3212 com-

1930 3245 2151 3299 minutis
2175 3245 2513 3313 corporibus.
2544 3243 2675 3297 Nam
2704 3253 2852 3298 tanto
2882 3244 3065 3298 furore
3091 3244 3409 3299 comminuit
3436 3259 3499 3298 ea

1933 3337 2316 3406 nequissimus,
2348 3348 2409 3391 ut
2457 3352 2555 3391 nec
2594 3337 2660 3391 de
2703 3336 2963 3398 vultibus,
3011 3351 3111 3391 nec
3151 3337 3217 3391 de
3258 3336 3500 3405 personis

1932 3428 2152 3495 agnosci
2178 3429 2391 3498 possint
2417 3444 2667 3498 corpora,
2702 3443 2821 3497 quae
2848 3444 2972 3483 cum
3005 3438 3145 3483 terra
3173 3438 3336 3497 atque
3368 3427 3499 3496 lapi~

1930 3519 2089 3575 dibus
2111 3530 2267 3574 erant
2299 3521 2581 3574 commista
2606 3530 2771 3588 atque
2802 3530 3074 3576 concreta.
3122 3520 3277 3588 Quod
3321 3532 3499 3576 trans-

1927 3613 2110 3665 cendit
2135 3628 2295 3668 omne
2321 3614 2517 3667 dictum
2538 3653 2552 3676 ,
2601 3624 2761 3683 atque
2801 3630 3017 3669 omnem
3044 3615 3406 3669 narmtionem
3445 3614 3498 3669 in

1930 3704 2115 3758 dolore
2170 3715 2329 3774 atque
2379 3705 2625 3759 miseria.
2680 3706 2835 3773 Quod
2883 3722 3024 3760 nunc
3074 3722 3172 3761 nos
3217 3706 3499 3761 audientes

1930 3799 2339 3868 expavescimus
2390 3813 2455 3852 ac
2486 3808 2776 3853 terremur.
2826 3798 3031 3853 Beatus
3066 3813 3196 3853 vero
3230 3798 3355 3864 Job,
3398 3813 3498 3853 nec

1928 3889 1995 3943 ab
2020 3890 2209 3943 auditu
2244 3890 2462 3945 territus
2487 3900 2592 3957 est,
2625 3906 2722 3946 nec
2746 3892 2814 3946 ab
2844 3893 2958 3960 ipsa
2989 3892 3309 3961 probatione
3332 3906 3497 3958 θκραφ

1929 3979 2023 4041 vit,
2070 3980 2162 4033 sed
2204 3979 2255 4032 in
2314 3978 2565 4033 omnibus
2618 3979 2945 4033 inclinabilis
2992 3989 3158 4047 atque
3207 3976 3497 4032 immobilis

1930 4070 2251 4138 permansit,
2301 4069 2460 4122 factis
2508 4066 2697 4137 praeui
2735 4068 2898 4121 dubio
2945 4067 3237 4120 ostendens
3288 4064 3493 4128 omnia,

1926 4175 2044 4227 qua:
2090 4160 2228 4213 Deus
2269 4158 2476 4227 pridem
2524 4158 2589 4211 de
2627 4172 2693 4211 eo
2741 4156 3008 4210 veraciter
3041 4154 3256 4208 dixerat
3294 4153 3490 4208 verbis.

1927 4250 2052 4304 Haec
2076 4250 2303 4305 audiens
2338 4248 2461 4315 Job,
2494 4247 2537 4303 Ο
2562 4262 2753 4313 magne
2784 4247 2948 4301 homo
2981 4245 3073 4300 Dei
3100 4244 3329 4312 Moyses,
3366 4244 3493 4313 quid

1928 4343 2203 4413 loqueris?
2254 4343 2381 4412 quid
2428 4340 2663 4397 scribis?
2698 4340 2824 4408 quid
2893 4337 3066 4392 dicis?
3118 4337 3197 4391 Tu
3245 4336 3388 4391 enim
3431 4352 3494 4389 es

239 4432 385 4486 cibis
415 4432 692 4485 commista
737 4442 840 4498 est,
882 4431 1120 4487 omnium
1156 4432 1505 4486 nihilominus
1549 4432 1815 4485 viscerum
1852 4431 1901 4489 D
1927 4438 2018 4507 qui
2053 4438 2169 4491 haec
2213 4435 2494 4503 scripsisti.
2543 4433 2654 4488 Cur
2684 4446 2811 4501 ergo
2853 4430 2992 4485 dicis
3027 4448 3038 4482 :
3082 4429 3321 4482 Audiens
3366 4426 3490 4493 Job,

236 4525 407 4578 cibus
474 4538 591 4577 cum
648 4524 759 4592 ipso
826 4525 946 4578 vino
1013 4524 1154 4593 quod
1215 4524 1267 4576 in
1320 4523 1569 4577 manibus
1618 4522 1822 4577 habent

240 4617 565 4673 commistus
585 4626 687 4669 est.
731 4615 997 4671 lmmenso
1039 4631 1269 4685 namque
1303 4615 1491 4671 furore
1534 4630 1663 4669 usus
1700 4630 1820 4668 ver-

242 4719 406 4764 sutus
472 4708 741 4770 diabolus,
807 4716 860 4762 et
917 4710 1050 4760 iram
1098 4717 1153 4761 et
1217 4707 1429 4777 plenam
1496 4708 1818 4778 indignatio-

244 4818 369 4855 nem
410 4802 808 4863 demonstraus,
840 4817 938 4855 nec
977 4800 1265 4869 quidquam
1290 4799 1510 4868 reliquit
1537 4799 1680 4868 quod
1714 4815 1817 4853 non

242 4892 646 4955 romminuerit,
682 4906 854 4959 neque
872 4892 1160 4954 calvarias,
1197 4905 1372 4960 neque
1391 4891 1619 4952 viscera,
1644 4904 1819 4958 neque

242 4984 595 5048 ventriculos,
617 4997 791 5053 neque
818 4984 1055 5047 brachia,
1076 4997 1252 5052 neque
1268 4998 1477 5047 manus,
1509 4996 1685 5052 neque
1725 4999 1819 5052 pe-

242 5076 365 5137 des,
399 5087 572 5143 ncqne
591 5074 757 5127 ullum
776 5074 1098 5137 membrum,
1125 5089 1302 5143 neque
1322 5073 1555 5142 aliquam
1578 5073 1818 5141 corporis

240 5179 585 5234 compagem.
615 5164 678 5219 Et
706 5180 811 5218 non
836 5164 1009 5217 solum
1040 5164 1173 5227 inec,
1204 5164 1295 5219 sed
1323 5174 1377 5218 et
1414 5165 1559 5231 ipsos
1586 5164 1815 5233 lapides,

238 5266 299 5309 et
337 5255 479 5324 ligna
510 5255 679 5308 nimio
708 5269 1001 5309 succensus
1029 5256 1210 5309 furore
1239 5265 1431 5308 cuneta
1468 5256 1815 5321 comminuit,

234 5356 439 5401 cuncta
495 5346 873 5411 commnllivit,
926 5356 1119 5400 cuncta
1178 5347 1543 5410 connniscuit,
1609 5358 1807 5401 cuncta

240 5439 448 5491 incerta
484 5448 647 5505 atque
678 5436 965 5490 indiscreta
1000 5437 1250 5491 reddidit.
1297 5436 1429 5489 Nam
1462 5438 1813 5493 fundamenta

234 5532 437 5580 domus
461 5527 634 5597 ipsius
675 5543 889 5581 sursum
917 5543 1077 5597 supra
1107 5539 1307 5585 tectum
1328 5531 1615 5593 excitavit,
1645 5540 1813 5600 atque

236 5620 491 5687 Superius
514 5629 715 5676 tectum
749 5623 802 5676 in
830 5621 1100 5690 profundo
1144 5620 1484 5677 fundamenti
1524 5624 1806 5679 demersit.

239 5711 362 5767 Non
392 5715 534 5767 enim
562 5712 629 5768 ob
658 5715 757 5769 hoc
785 5713 957 5770 solum
982 5714 1098 5770 hinc
1131 5714 1256 5770 fecit
1284 5730 1393 5783 quo
1417 5717 1586 5782 magis
1612 5716 1664 5771 in
1689 5732 1815 5773 cuu—

1926 4527 2079 4597 quasi
2113 4526 2311 4596 aliquid
2354 4526 2470 4579 leve
2492 4524 2574 4578 vel
2608 4524 2899 4589 modicum,
2931 4531 2987 4576 et
3029 4536 3127 4575 cur
3155 4535 3259 4573 non
3284 4518 3488 4581 dixisti,

1927 4620 2042 4671 hac
2090 4625 2347 4684 expertus
2390 4614 2525 4679 Job,
2576 4614 2689 4667 haec
2743 4626 2968 4681 passus,
3020 4612 3133 4664 haec
3177 4606 3491 4663 sustinens?

1927 4704 2057 4758 Nam
2082 4704 2324 4772 probatio
2343 4714 2396 4757 et
2419 4703 2599 4773 passio
2625 4711 2788 4771 atque
2810 4701 3092 4755 tolerantia
3121 4699 3342 4753 fuerunt
3372 4698 3488 4751 haec

1926 4809 2046 4863 quae
2078 4793 2216 4846 facta
2241 4801 2387 4855 sunt,
2424 4801 2479 4846 et
2511 4808 2616 4846 non
2642 4793 2804 4845 verba
2829 4805 3003 4858 neque
3027 4788 3221 4843 fabula
3250 4787 3487 4841 auditus.

1926 4884 2237 4951 Propterea,
2268 4882 2459 4951 inquit,
2496 4896 2600 4937 non
2632 4882 2745 4933 dixi
2772 4880 3172 4949 probationem,
3203 4878 3298 4931 sed
3332 4877 3491 4930 audi-

1926 4985 2057 5041 tum,
2088 4975 2210 5044 quia
2237 4990 2339 5027 non
2369 4984 2621 5042 tanquam
2649 4973 3021 5039 probationem
3051 4970 3343 5025 azstimavit
3366 4967 3487 5032 Job,

1924 5068 2017 5122 sed
2074 5077 2325 5137 tanquam
2384 5076 2752 5121 transeuntem
2806 5065 3070 5129 auditum,
3125 5075 3178 5117 et
3234 5074 3489 5132 tanquam

1924 5161 2134 5217 fabulas
2173 5171 2574 5232 percurrentes.
2611 5160 2868 5215 Probatio
2893 5174 3021 5215 vero
3050 5158 3150 5210 fuit
3183 5168 3344 5225 attpte
3368 5172 3491 5224 pas-

1924 5255 2004 5309 sio
2033 5273 2045 5308 :
2082 5254 2175 5309 sed
2208 5255 2331 5308 dum
2354 5269 2474 5308 cum
2518 5253 2806 5308 tolerantia
2830 5261 3030 5305 etcum
3060 5250 3360 5319 gratiarum
3398 5263 3492 5301 ac-

1926 5345 2160 5401 tionibus
2198 5345 2310 5399 haac
2336 5345 2630 5399 sustineret
2668 5340 2790 5404 Job,
2831 5350 3086 5409 tanquam
3125 5339 3339 5392 auditus
3369 5350 3491 5404 pcr-

1926 5438 2156 5492 transiit.
2189 5434 2269 5490 0b
2310 5410 2410 5490 hac
2439 5450 2569 5504 ergo
2611 5435 2739 5488 dicit
2787 5435 2902 5487 haec
2946 5430 3173 5486 audiens
3218 5428 3344 5492 Job,
3371 5437 3491 5481 tan-

1924 5545 2085 5599 quam
2139 5528 2501 5593 vehementia,
2557 5536 2811 5595 tanquam
2860 5522 3145 5587 terribilia,
3213 5533 3489 5590 stuporem

1926 5620 2261 5676 confcrentia
2316 5630 2477 5688 atque
2529 5618 2581 5673 in
2645 5631 2893 5688 pavorem
2957 5615 3305 5670 deducentia.
3366 5610 3492 5666 llaec

1922 5714 2146 5772 audiens
2201 5730 2320 5780 quia:
2367 5713 2503 5768 alius
2552 5711 2701 5781 prior
2753 5726 2857 5766 nou
2908 5708 3131 5774 audivit,
3174 5724 3295 5777 quae
3354 5705 3492 5761 alius
