3884 6218
407 279 510 332 455

1543 277 1910 335 ANONYMIIS
1946 279 2016 334 lN
2053 278 2190 335 JOB.
2231 311 2292 318 ——
2334 278 2460 332 LIB.
2502 279 2540 331 l.

3543 281 3651 336 £36

410 396 582 466 major
617 413 722 451 non
773 398 1048 463 sustinuit,
1109 412 1226 466 quae
1269 397 1404 452 alius
1446 406 1571 453 ante
1614 413 1738 453 eum
1790 414 1980 469 passus
2006 404 2054 460 Α
2081 400 2356 469 inquiens,
2378 399 2596 455 dorsum
2622 398 2992 472 nudum.ecce
3013 413 3206 467 corpus
3235 398 3649 460 iletectztm.Vos

410 503 514 542 non
588 497 688 542 est.
743 487 866 542 Haec
907 488 1133 542 audiens
1197 485 1297 542 Job
1354 503 1512 558 quem
1560 491 1850 546 meditatus
1893 499 1977 545 est

410 578 674 644 diabolus,
732 579 977 648 quaesivit
1027 580 1405 648 nequissimus,
1465 594 1622 649 quem
1662 582 1829 636 voluit
1875 583 1977 637 ini-

409 683 567 738 quus,
648 683 809 737 quem
875 670 1200 741 excogitavit
1261 671 1512 740 iniustus.
1584 670 1707 726 ilice
1755 674 1977 728 audiens

409 759 531 824 Job,
601 775 756 829 quem
819 760 994 830 angeli
1055 762 1304 818 admirati
1353 771 1498 829 sunt,
1573 778 1728 832 quem
1799 763 1974 819 incor-

411 851 693 922 ruptibiles
745 851 1123 919 laudaverunt,
1189 865 1248 909 ut
1291 855 1336 910 is
1395 855 1489 924 qui
1540 856 1605 910 de
1657 865 1801 911 terra
1861 858 1978 928 pla-

408 954 616 998 smatus
660 952 769 1007 est,
803 943 1033 999 viriliter
1070 947 1389 1015 pugnaverit
1430 947 1690 1002 adversus
1723 962 1848 1001 eum
1881 949 1972 1018 qui

408 1036 474 1090 de
493 1035 644 1090 caelis
668 1035 908 1104 deiectus
930 1046 1036 1099 est,
1057 1045 1117 1090 ut
1139 1037 1314 1106 pulvis
1339 1038 1601 1095 adversus
1624 1041 1892 1110 spiritum,
1917 1050 1975 1095 ut

407 1127 569 1182 homo
602 1127 861 1182 adversus
890 1128 1182 1194 diabolum,
1225 1139 1283 1184 ut
1318 1134 1683 1202 corruptibilis
1717 1135 1976 1194 adversus

407 1222 870 1291 incorruptibilem
903 1234 1219 1278 constanter
1259 1225 1490 1291 steterit,
1550 1235 1603 1280 et
1637 1244 1740 1282 non
1778 1221 1970 1284 Succu-

405 1313 608 1377 buerit,
643 1322 804 1381 atque
836 1313 1118 1367 victoriam
1151 1313 1214 1367 de
1245 1314 1335 1369 illo
1367 1316 1675 1385 sumpserit.
1704 1316 1838 1372 Cum
1873 1318 1971 1371 tri-

405 1407 506 1460 bus
548 1404 834 1459 malitiosis
866 1405 1076 1475 sagittis
1132 1421 1158 1460 a
1192 1405 1405 1461 diabolo
1442 1408 1804 1477 sagittaretur,
1836 1409 1972 1464 tole-

405 1497 597 1551 rantiae
619 1506 782 1565 atque
810 1496 933 1552 ﬁdei
959 1508 1114 1554 scuto
1137 1513 1196 1552 se
1227 1508 1514 1568 protegens
1550 1501 1763 1554 transiit
1793 1501 1968 1554 illiba-

404 1598 512 1643 tus.
547 1585 674 1640 Post
709 1601 844 1654 quas
867 1597 977 1640 tres
1002 1596 1196 1656 quarta
1223 1586 1501 1656 sagittavit
1539 1588 1688 1642 illum
1721 1589 1972 1645 inimicus

403 1683 644 1730 tentator
680 1676 973 1730 novissime
1010 1691 1132 1730 cum
1169 1676 1353 1731 dolore
1407 1677 1617 1743 ultima,
1651 1679 1968 1745 miserabili,

405 1769 500 1823 sed
528 1783 626 1822 nec
681 1769 782 1823 hac
816 1768 1018 1838 aliquid
1055 1770 1279 1839 peregit,
1338 1786 1437 1824 nec
1486 1785 1580 1838 per
1625 1771 1780 1826 istam
1817 1788 1970 1828 suam

405 1862 734 1918 voluntatem
774 1861 1024 1930 perfecit,
1053 1870 1109 1916 et
1151 1862 1273 1918 ideo
1313 1873 1592 1933 computat
1636 1865 1792 1920 istam
1816 1867 1968 1935 quasi

406 1967 607 2006 unam:
644 1967 746 2006 non
780 1953 924 2006 enim
959 1962 1079 2007 erat
1106 1969 1232 2019 una,
1264 1955 1356 2010 sed
1392 1956 1574 2010 decem
1601 1966 1757 2010 erant
1787 1958 1838 2012 in
1870 1958 1969 2012 hac

405 2044 543 2113 ipsa.
571 2043 706 2098 Nam
748 2044 934 2099 decem
974 2044 1206 2099 ﬁliorum
1237 2061 1340 2099 una
1396 2045 1498 2100 fuit
1551 2048 1798 2117 perditio,
1831 2066 1971 2107 unus

405 2136 677 2192 interitus.
715 2136 866 2203 Quod
916 2147 1095 2190 autem
1137 2152 1243 2191 non
1271 2137 1631 2194 vulneraverit
1676 2140 1824 2194 illum
1855 2141 1970 2195 dia-

403 2227 582 2291 bolus,
606 2245 779 2298 neque
807 2228 1048 2285 dolorem
1097 2229 1388 2286 incusserit
1440 2232 1825 2300 nequissimus,
1855 2234 1969 2287 evi-

403 2320 596 2375 denter
616 2321 853 2376 ostendit
881 2337 1002 2377 mox
1049 2323 1101 2376 in
1141 2323 1594 2394 subsequentibus
1626 2342 1639 2377 :
1685 2323 1830 2379 Tunc
1851 2343 1970 2380 sur-

403 2413 539 2466 rexit
555 2412 728 2466 Job“.
752 2413 809 2467 Si
827 2415 974 2468 enim
1000 2417 1333 2479 vulneratus,
1352 2417 1436 2469 vel
1461 2417 1873 2484 contaminatus,
1889 2419 1969 2473 vel

403 2499 673 2555 laceratus
720 2500 926 2566 fuisset,
973 2517 1195 2573 surgere
1242 2504 1464 2558 omnino
1529 2519 1634 2557 non
1685 2503 1968 2572 potuisset.

403 2588 546 2660 Ergo
599 2590 725 2659 quia
761 2591 1017 2655 surrexit,
1055 2591 1402 2644 manifestum
1433 2599 1516 2644 est
1552 2590 1691 2658 quod
1738 2590 1968 2644 fortissi-

401 2694 524 2734 mus
549 2681 936 2748 perseveravit,
966 2692 1130 2750 atque
1157 2681 1356 2735 illaesos
1386 2681 1642 2751 perstitit.
1681 2679 1825 2736 Tunc
1845 2697 1970 2735 ειη-«ι

402 2775 536 2826 rexit
575 2773 698 2826 Job.
758 2772 1009 2829 Surrexit
1057 2775 1260 2838 animo,
1285 2774 1521 2829 surrexit
1574 2774 1697 2839 ﬁde,
1736 2776 1970 2830 surrexit

401 2867 646 2923 veritatis
678 2868 878 2931 studio,
937 2869 1176 2923 surrexit
1217 2869 1283 2923 ad
1317 2870 1582 2939 przelium,
1623 2870 1862 2924 surrexit
1901 2868 1966 2922 ad

400 2958 680 3025 virtutem,
727 2959 966 3014 surrexit
1026 2960 1092 3014 ad
1139 2959 1375 3015 cilicium
1423 2960 1762 3016 constantiae.
1823 2959 1969 3013 Tunc

400 3053 630 3104 surrexit
650 3051 772 3106 Job.
793 3051 1011 3107 Certum
1032 3053 1252 3123 estquia
1277 3067 1400 3106 cum
1423 3053 1771 3117 surrexisset,
1789 3051 1920 3104 dicit
1948 3065 1964 3103 ε

403 3140 556 3196 Nunc
595 3143 718 3197 belli
750 3153 982 3212 tempus,
1027 3159 1170 3198 nuiic
1209 3143 1552 3213 approbatio,
1605 3158 1746 3197 nunc
1790 3143 1966 3197 victo-

405 3232 502 3287 ria;
547 3234 812 3303 acceptio,
872 3249 1015 3289 nunc
1075 3249 1399 3290 coronarum
1446 3235 1969 3304 compositio,nunc

404 3323 775 3378 retributionis
834 3326 1208 3394 exspectatio,
1278 3340 1421 3380 nunc
1489 3327 1728 3380 audacia:
1794 3326 1969 3379 mani-

402 3411 637 3469 festatio.
703 3415 855 3482 Quod
884 3426 1062 3472 autem
1094 3418 1162 3471 ad
1202 3419 1317 3472 haec
1344 3417 1526 3472 omnia
1556 3417 1796 3472 surrexit
1845 3416 1967 3482 Job,

400 3515 564 3573 atque
602 3505 667 3560 ad
695 3506 885 3561 horum
912 3509 1148 3561 omnium
1183 3508 1548 3563 ostensionem
1572 3547 1588 3573 ,
1643 3517 1807 3577 atque
1845 3524 1968 3578 per-

400 3595 709 3663 fectionem,
736 3598 890 3667 iuxta
926 3600 1040 3655 haec
1069 3617 1187 3670 quae
1238 3611 1559 3669 sequuntur,
1620 3600 1965 3656 manifestum

399 3687 817 3756 estzConsct’dit,
849 3691 1042 3760 inquit,
1070 3694 1374 3746 vestimenta
1400 3709 1497 3745 sua
1529 3693 1596 3746 ³⁷.
1620 3693 1728 3747 Cur
1750 3695 1966 3748 consci-

399 3782 523 3836 dit?
548 3782 628 3837 ου
656 3783 758 3837 hoc
787 3785 1071 3847 conscidit,
1102 3794 1159 3836 ut
1182 3783 1487 3853 expeditior
1518 3795 1678 3852 atque
1712 3794 1968 3839 constan-

403 3873 506 3929 tior
537 3875 836 3929 exstitisset
893 3875 943 3927 in
989 3875 1212 3943 przelio,
1265 3885 1319 3931 ut
1371 3875 1460 3930 illa
1513 3891 1631 3944 qua:
1692 3878 1970 3931 retardant

399 3963 716 4032 deponeret,
760 3974 816 4016 ut
853 3963 938 4018 illa
986 3981 1105 4034 quae
1139 3966 1443 4034 impediunt
1501 3982 1530 4020 a
1571 3981 1628 4020 se
1659 3965 1966 4036 projiceret,

401 4065 459 4109 ut
517 4064 769 4123 tanquam
825 4057 1219 4112 audacissimus
1255 4058 1544 4127 prailiator.
1609 4069 1660 4113 et
1711 4068 1967 4127 tanquam

399 4146 689 4215 singularis
719 4150 1111 4204 monomachus
1145 4150 1407 4205 adversus
1443 4150 1757 4206 innumeros
1789 4152 1970 4205 inimi-

399 4251 513 4302 cos,
548 4247 601 4290 et
629 4239 887 4294 adversus
923 4239 1324 4296 inaestimabiles
1366 4241 1746 4308 adversarios,
1781 4243 1968 4312 singu-

399 4328 589 4382 larilcr
621 4329 909 4385 immobilis
939 4332 1289 4398 perstitisset.
1318 4332 1397 4388 Ob
1423 4333 1526 4388 hoc
1552 4349 1680 4404 ergo
1706 4336 1970 4390 conscidit

398 4420 716 4473 vestimenta
743 4437 861 4475 sua.
893 4420 1024 4476 Nam
1049 4432 1102 4478 et
1125 4439 1254 4478 vere
1285 4425 1407 4479 talis
1424 4440 1540 4480 mos
1571 4434 1652 4480 est
1680 4426 1734 4480 in
1775 4426 1968 4495 aliqui—

399 4510 498 4564 bus
521 4511 790 4580 gentibus,
821 4522 902 4580 ut,
938 4528 1064 4568 cum
1105 4515 1173 4569 ad
1197 4515 1388 4570 durum
1427 4516 1666 4586 praelium
1693 4520 1963 4585 venerint,

400 4609 526 4654 tunc
554 4602 807 4655 nimirum
838 4603 1146 4662 scindentes
1171 4608 1490 4661 vestimenta
1516 4624 1610 4663 sua
1633 4625 1753 4664 cum
1785 4611 1966 4668 furore

397 4702 560 4761 atque
598 4692 966 4763 indignatione
994 4705 1218 4750 currant.
1266 4709 1452 4754 contra
1485 4702 1826 4757 adversarios
1878 4705 1965 4756 in-

396 4791 783 4852 temperanter,
815 4786 958 4839 nudo
988 4797 1227 4855 pectore,
1267 4805 1388 4844 cum
1419 4791 1610 4846 ﬁducia
1640 4809 1699 4847 se
1731 4791 1967 4846 oﬂ‘eren-

397 4884 500 4937 tes,
529 4883 585 4926 ut
620 4882 701 4927 est
753 4871 1015 4944 Syrorum
1047 4892 1199 4945 gens.
1253 4878 1382 4932 llern
1417 4896 1546 4936 vero.
1574 4882 1692 4936 aliae
1723 4883 1965 4937 barbarae

392 4975 580 5035 gentes
600 4967 962 5035 exspoliantes
985 4985 1064 5034 se,
1083 4981 1248 5040 atque
1286 4973 1336 5025 in
1370 4975 1500 5041 ipsis
1529 4976 1723 5029 tunicis
1744 4991 1804 5030 se
1831 4991 1966 5044 prae-

396 5057 697 5125 cingentes,
732 5057 873 5113 nudo
923 5071 1161 5128 pectore,
1205 5072 1366 5132 atque
1413 5065 1674 5134 scapulati
1734 5067 1966 5122 viriliter

393 5157 524 5200 eunt
558 5149 609 5202 in
643 5151 909 5218 prtelium.
967 5152 1058 5207 Sic
1109 5155 1290 5222 itaque
1321 5156 1655 5212 admirabilis
1686 5157 1785 5214 Job
1836 5176 1965 5216 con-

391 5239 642 5294 scindens
697 5244 1020 5296 vestimenta
1064 5259 1184 5309 sua,
1240 5256 1400 5315 atque
1443 5249 1624 5304 omnia
1685 5251 1961 5320 deponens

393 5333 808 5400 impedimenta,
837 5335 1014 5390 nudus
1046 5347 1207 5404 atque
1242 5341 1416 5393 audax
1445 5341 1595 5395 stetit
1635 5343 1686 5395 in
1716 5344 1960 5412 spiritale

392 5426 652 5493 prtelium.
697 5429 802 5481 Ant
833 5430 1007 5484 adhuc
1043 5431 1308 5486 conscidit
1349 5435 1668 5490 vestimenta
1698 5452 1813 5502 sua,
1842 5440 1958 5494 sine

392 5533 542 5571 mora
571 5518 920 5588 semetipsum
947 5522 1013 5575 ad
1048 5520 1192 5590 ipsas
1217 5539 1526 5593 praeparans
1558 5526 1761 5598 plagas.
1796 5529 1954 5595 Ecce,

465 5697 507 5730 ³⁸
539 5696 638 5761 Job
655 5714 691 5763 l,
715 5701 802 5754 ζΞΟ.

882 5701 923 5732 ³⁷
947 5702 1074 5758 ibid.
1156 5703 1197 5734 ³⁸
1231 5703 1329 5762 lsa.
1359 5721 1410 5772 L,
1437 5703 1492 5762 ϐ.

1567 5707 1610 5738 ³⁹
1631 5705 1768 5762 Psal.
1791 5722 2014 5778 cxxvm,
2038 5708 2090 5766 5.
2124 5709 2169 5741 ⁸ο
2196 5706 2333 5764 Psal.
2369 5723 2532 5774 uxu,
2588 5707 2671 5761 l-i.

2079 487 2368 558 ﬂagellate,
2409 504 2513 560 ego
2538 498 2718 544 autem
2755 488 3033 544 suﬂcrani.
3071 489 3176 544 Vos
3200 489 3502 556 verberate,
3547 508 3652 563 ego

2079 590 2258 635 autem
2307 581 2628 646 sustineam,
2676 583 2861 638 dicens
2906 595 3026 635 cum
3093 580 3326 636 Jeremia
3379 581 3650 636 :Dorsum

2077 688 2248 726 nicum
2277 673 2397 725 dedi
2419 674 2489 725 ad
2513 673 2723 742 ﬂagella
2746 674 2810 740 '3;
2841 673 3027 727 dicens
3062 688 3183 727 cum
3214 672 3380 726 David
3418 691 3432 727 :
3464 675 3642 744 Supra

2075 762 2290 816 dorsum
2343 779 2512 817 meum
2563 765 2952 837 fabricaverunt
3003 774 3296 832 peccatores
3321 763 3388 818 ³³.
3435 763 3540 820 Sed
3588 775 3650 818 et

2075 855 2254 910 adhuc
2285 871 2406 911 cum
2435 857 2626 911 eodem
2669 857 2836 910 David
2871 876 2884 910 :
2918 855 2986 909 Et
3018 872 3160 909 eram
3215 857 3508 928 ﬂagellatus
3539 868 3648 915 tota

2077 947 2162 1000 die
2175 946 2241 999 ⁸ο.
2275 947 2467 1000 Adhuc
2488 945 2754 1000 conscidit
2787 945 3112 1001 vestimenta
3137 960 3256 1010 sua,
3284 961 3347 1000 ac
3374 946 3418 1000 si
3445 945 3649 1003 diceret

2075 1039 2144 1094 ad
2179 1039 2322 1107 ipsos
2355 1038 2696 1095 adversarios
2727 1038 3087 1108 nequissimos
3119 1053 3135 1090 :
3167 1036 3211 1092 Ο
3235 1035 3455 1107 maligni
3485 1046 3652 1106 atque

2074 1129 2247 1200 iniqui
2303 1132 2621 1196 adversarii,
2665 1140 2936 1186 mortuum
2990 1144 3075 1183 me
3121 1127 3422 1192 aestimatis,
3467 1137 3524 1180 ut
3550 1142 3650 1182 vos

2073 1222 2296 1292 putatis,
2349 1232 2405 1277 et
2442 1233 2498 1278 ut
2537 1223 2690 1278 vobis
2724 1223 2938 1276 videtur
2972 1221 3027 1275 in
3068 1229 3266 1276 terram
3303 1233 3387 1273 me
3417 1218 3651 1287 sepelire

2073 1315 2428 1384 praeparatis!
2459 1316 2516 1370 Si
2560 1330 2690 1385 ergo
2717 1329 2802 1368 me
2841 1323 3106 1368 mortuum
3140 1311 3443 1373 restituatis,
3473 1326 3504 1364 ο
3533 1310 3642 1363 ini-

2073 1407 2560 1478 micil-anticipem
2619 1408 2672 1462 in
2729 1406 3023 1476 pretiosam
3078 1419 3251 1460 meam
3316 1403 3645 1471 sepulturam

2074 1497 2432 1560 conscindere
2461 1498 2728 1564 pretiosas
2760 1505 2922 1565 atque
2954 1494 3166 1564 regales
3193 1509 3339 1549 meas
3364 1503 3563 1554 vestes,
3587 1503 3652 1552 ut

2074 1603 2172 1644 nec
2201 1597 2324 1656 post
2355 1598 2585 1642 mortem
2620 1587 2901 1656 gaudeatis
2949 1600 3042 1639 eas
3095 1583 3453 1652 possidentes.
3507 1580 3648 1636 Puto

2075 1678 2216 1746 quod
2247 1693 2311 1731 ex
2340 1678 2430 1732 illo
2457 1687 2856 1732 consueverunt
2892 1674 3165 1738 homines,
3201 1688 3320 1727 cum
3354 1671 3647 1740 pretiosam

2078 1769 2408 1838 sepulturam
2437 1770 2662 1824 cuilibet
2701 1766 2970 1832 miserint,
3015 1763 3376 1821 conscindunt
3400 1777 3540 1826 eam,
3579 1777 3651 1816 ne

2077 1861 2242 1930 aliqui
2278 1860 2494 1915 scelesti
2523 1869 2575 1915 et
2616 1859 2788 1929 ipsum
2832 1871 3026 1923 corpus
3053 1853 3361 1924 projiciant,
3391 1863 3446 1909 et
3476 1855 3650 1924 ipsam

2076 1953 2365 2019 pretiosam
2400 1950 2730 2020 sepulturam
2769 1948 3096 2018 possideant.
3119 1946 3271 2014 Quod
3309 1945 3354 2000 si
3390 1957 3651 2015 tanquam

2075 2043 2342 2098 viventem
2400 2058 2508 2108 me,
2541 2041 2736 2111 inquit,
2774 2040 3056 2109 iudicatis,
3085 2053 3231 2104 ecce,
3257 2039 3451 2108 inquit,
3481 2040 3658 2104 etiam

2076 2133 2156 2187 sic
2183 2135 2354 2187 nudus
2373 2141 2536 2201 atque
2561 2132 2868 2201 scapulatus
2889 2141 2975 2187 sto
3004 2139 3194 2185 contra
3221 2144 3338 2196 vos,
3371 2144 3650 2199 nunquam

2075 2221 2227 2276 vobis
2249 2236 2524 2276 cessurus.
2555 2223 2660 2276 Aut
2683 2222 2860 2276 adhuc
2887 2220 3154 2277 conscidit
3177 2220 3498 2276 vestimenta
3524 2235 3650 2274 sua.

2076 2313 2234 2378 Ecce,
2265 2315 2462 2384 inquit,
2489 2329 2524 2370 ο
2557 2314 2776 2384 maligni
2814 2313 3053 2367 inimici!
3087 2312 3357 2382 peculium
3387 2327 3652 2366 consum-

2075 2406 2296 2475 psistis,
2339 2406 2476 2462 ﬁlios
2537 2405 2872 2476 perdidistis,
2915 2405 3274 2459 substantiam
3322 2402 3650 2472 diripuistis,

2075 2510 2176 2550 nec
2200 2495 2496 2564 quidquam
2536 2495 2680 2548 aliud
2725 2495 2827 2548 nisi
2869 2492 3041 2548 solum
3077 2510 3270 2564 corpus
3314 2504 3476 2562 atque
3507 2493 3653 2546 hanc

2075 2597 2281 2643 vestem
2310 2589 2440 2642 mihi
2481 2588 2797 2659 reliquistis.
2873 2588 3092 2653 Tollite,
3153 2589 3347 2659 inquit,
3403 2598 3455 2642 et
3503 2588 3653 2642 hanc

2077 2689 2302 2748 vestem,
2349 2680 2576 2750 proiicit)
2609 2682 2774 2735 etiam
2805 2681 2944 2735 hanc
2981 2681 3153 2746 vobis,
3208 2681 3341 2735 nihil
3375 2682 3515 2750 apud
3558 2696 3653 2734 me

2076 2783 2354 2830 remaneat
2382 2791 2450 2828 ex
2487 2775 2570 2828 his
2599 2789 2720 2840 qua:
2752 2775 2805 2831 in
2832 2783 3148 2842 potestatem
3174 2774 3427 2844 nequitiae
3449 2782 3656 2828 vestr-te

2075 2866 2196 2921 data
2224 2876 2368 2920 sunt.
2425 2864 2542 2920 Non
2573 2866 2642 2919 sit
2681 2865 2813 2918 milii
2869 2880 2934 2918 ex
2979 2864 3133 2920 vobis
3163 2864 3263 2920 hoc
3296 2863 3649 2928 beneﬁcium,

2073 2957 2191 3012 oleo
2222 2965 2570 3025 peccatorum
2607 2972 2712 3013 non
2752 2966 2984 3025 ungetur
3008 2965 3169 3026 caput
3224 2969 3423 3009 meum.
3465 2953 3654 3022 Super

2075 3063 2199 3118 qua:
2217 3048 2488 3116 universa,
2513 3063 2661 3113 ecce,
2696 3048 2888 3118 inquit,
2919 3055 2972 3102 et
2999 3047 3174 3116 ipsum
3200 3061 3395 3116 corpus
3416 3046 3650 3111 nudum,

2071 3139 2362 3206 detectum,
2399 3149 2645 3208 paratum
2696 3138 2763 3192 ad
2803 3151 2980 3206 paena:
3036 3137 3518 3207 supportationem,
3570 3134 3651 3189 ad

2069 3229 2314 3285 dolorum
2366 3230 2731 3288 tolerantiam.
2781 3228 3029 3304 Torque,
3084 3228 3287 3298 inquit,
3345 3228 3650 3293 contunde,

2069 3319 2316 3384 verbera,
2353 3330 2554 3375 etcum
2586 3337 2682 3391 per
2718 3332 2916 3375 cuncta
2962 3321 3296 3390 probaveris,
3346 3334 3652 3388 cognoscas

2068 3412 2192 3481 quia
2218 3413 2363 3467 solus
2395 3411 2495 3468 Job
2529 3413 2910 3482 insuperabilis
2940 3426 3276 3484 permanens
3300 3412 3353 3464 in
3385 3410 3652 3465 omnibus

2069 3520 2340 3574 nunquam
2373 3506 2526 3560 cedet
2555 3507 2810 3575 nequitia:
2845 3505 3093 3577 ﬂagellis.
3151 3504 3276 3561 llzec
3306 3505 3486 3572 itaque
3515 3504 3652 3556 uni-

2067 3609 2222 3649 versa
2251 3610 2370 3648 cum
2411 3595 2677 3664 cogitaret
2714 3607 2769 3650 et
2797 3597 3125 3664 loqueretur,
3178 3605 3339 3664 atque
3366 3595 3492 3664 ipsis
3519 3609 3652 3662 per-

2070 3687 2258 3741 ﬁceret
2299 3687 2476 3749 factis.
2507 3687 2751 3742 Surrexit
2788 3699 2833 3742 et
2868 3690 3122 3741 conscidit
3163 3690 3462 3741 vestimenta
3515 3702 3647 3748 sua,

2068 3789 2115 3832 at
2145 3780 2374 3833 totondit
2422 3797 2621 3832 comam
2673 3781 2867 3848 capitis
2913 3792 3098 3848 utpote
3130 3779 3475 3848 superﬂuam,
3499 3780 3651 3834 otio-

2069 3888 2188 3925 sam
2237 3885 2400 3942 atque
2431 3873 2675 3930 inutilem
2713 3895 2724 3928 :
2761 3872 3006 3926 Totondit
3051 3888 3256 3930 comam
3302 3873 3488 3939 capitis
3530 3874 3650 3937 sui,

2070 3963 2227 4019 factis
2261 3965 2546 4035 perliciens
2569 3966 2618 4018 id
2648 3965 2791 4033 quod
2826 3975 3010 4034 postea
3039 3964 3247 4018 duriter
3275 3964 3341 4017 ab
3379 3965 3648 4032 Apostolo

2071 4056 2474 4109 interminatum
2507 4066 2587 4110 est
2611 4059 2798 4123 verbo,
2816 4057 2943 4125 quia
2967 4055 3044 4110 uir
3065 4056 3110 4109 si
3136 4071 3338 4112 comam
3367 4056 3645 4122 nutrierit,

2071 4147 2361 4214 ignominia
2398 4157 2470 4199 est
2499 4147 2578 4200 illi
2607 4146 2676 4201 “.
2727 4146 2851 4201 Haec
2893 4147 3073 4215 itaque
3097 4146 3393 4201 observans
3425 4144 3525 4200 Job
3555 4155 3648 4213 to-

2073 4242 2244 4295 tondit
2282 4255 2487 4296 comam
2520 4241 2713 4311 capitis
2742 4242 2846 4295 sui.
2874 4241 3006 4295 Cum
3066 4241 3410 4305 totondisset,
3452 4241 3648 4304 procul

2072 4331 2234 4386 dubio
2264 4335 2410 4402 quod
2463 4332 2590 4402 ipsis
2625 4347 2743 4386 eam
2795 4331 3125 4387 adversariis
3179 4332 3446 4400 proiecit:
3477 4330 3647 4394 Ecce,

2003 4462 2041 4515 Β
2075 4423 2272 4493 inquit,
2317 4423 2487 4478 tollite
2537 4433 2589 4478 et
2636 4424 2798 4490 hanc,
2831 4423 3029 4478 habete
3059 4423 3220 4478 etiam
3257 4432 3312 4476 et
3359 4422 3524 4487 hanc,
3548 4422 3648 4475 de-

2069 4517 2258 4587 glutite
2294 4525 2348 4570 et
2394 4517 2573 4570 istam.
2623 4516 2816 4579 Arbor,
2887 4515 3086 4581 inquit,
3160 4529 3278 4568 sum
3337 4512 3647 4576 fructifera,

2068 4610 2248 4663 omnia
2277 4623 2398 4677 qua:
2422 4606 2690 4676 superﬂua
2724 4622 2752 4659 a
2776 4621 2862 4661 me
2893 4606 3140 4674 projicio,
3171 4616 3228 4659 ut
3259 4605 3501 4659 illibatus
3527 4621 3646 4673 per-

2070 4701 2270 4756 fectum
2304 4700 2539 4755 fructum
2574 4698 2815 4754 afferam.
2849 4697 2986 4752 Vitis
3019 4699 3162 4752 enim
3187 4713 3304 4751 sum
3349 4698 3488 4751 bene
3529 4715 3642 4750 tua-

2068 4795 2294 4858 ceriata,
2351 4792 2611 4848 abscindo
2649 4808 2678 4846 a
2707 4808 2791 4846 me
2820 4791 3070 4845 universa
3103 4788 3394 4860 superﬂua,
3444 4799 3505 4841 ut
3559 4791 3646 4842 in-

2069 4887 2327 4956 c0ngruis
2357 4885 2609 4940 omnibus
2638 4885 2788 4939 dicar
2828 4892 3108 4954 purgatus,
3162 4897 3226 4937 ac
3269 4883 3494 4950 iustitiae
3523 4897 3643 4950 per-

2070 4978 2239 5032 feram
2269 4975 2571 5046 perfectum
2607 4974 2864 5029 fructum.
2915 4975 3174 5029 Totondit
3206 4988 3415 5029 comam
3447 4974 3645 5040 capitis

2067 5070 2173 5136 sui,
2221 5086 2325 5124 non
2353 5079 2412 5123 ut
2443 5068 2651 5140 lugens,
2695 5069 2788 5122 sed
2841 5078 2898 5121 ut
2926 5067 3128 5121 luctum
3161 5066 3436 5134 deponens
3467 5075 3637 5132 atque

2066 5160 2376 5232 projicieus,
2405 5162 2660 5230 omnique
2691 5161 2835 5214 luctu
2887 5177 2980 5230 per
3018 5159 3358 5215 tolerantiam
3389 5161 3646 5227 superior

2065 5255 2348 5309 exsistens.
2381 5251 2631 5308 Totondit
2660 5268 2869 5307 comam
2895 5252 3085 5322 capitis
3115 5252 3217 5305 sui.
3253 5250 3408 5306 Sicut
3438 5249 3645 5317 Joseph

2068 5361 2188 5400 cum
2236 5347 2300 5399 de
2334 5359 2556 5399 carcere
2605 5361 2636 5399 a
2665 5344 2953 5399 Pharaone
2991 5343 3341 5409 educeretur,
3375 5341 3518 5397 sicut
3556 5339 3646 5394 Jo-

2067 5437 2242 5491 nathae
2268 5437 2406 5490 ﬁlius
2437 5451 2555 5490 cum
2595 5435 2758 5490 David
2789 5437 2853 5490 ad
2904 5435 3202 5490 Jerusalem
3235 5445 3355 5504 post
3406 5442 3640 5488 mortem

2063 5528 2296 5584 Absalon
2353 5537 2732 5594 reverteretur,
2783 5537 2836 5583 et
2865 5529 2955 5582 alii
3013 5527 3284 5582 innumeri
3315 5526 3523 5598 priores
3573 5539 3644 5582 ac

2748 5706 2789 5737 “
2826 5705 2842 5761 l
2871 5707 2994 5766 Cor.
3029 5722 3100 5772 st,
3139 5704 3221 5767 14.
