3884 6218
183 312 293 366 45η

1319 310 1703 366 ANONYMUS
1740 309 1803 362 IN
1840 308 1981 368 JOB.
2022 343 2089 352 —
2124 309 2253 364 LIB.
2293 306 2338 364 l.

3352 310 3457 365 ιδε

183 431 418 501 posteri,
457 430 695 498 quandiu
737 426 1014 499 lugebant,
1060 446 1167 485 non
1214 432 1511 486 tondebant
1539 446 1776 496 comam,
1808 435 1851 487 A
1881 446 1941 485 se
1984 441 2111 487 ante
2144 431 2309 485 Denm
2369 424 2683 491 humilians,
2747 424 3139 493 nequissimum
3180 424 3455 482 diabolum

188 523 441 593 deposito
484 532 663 576 autem
700 522 845 576 luctu
896 520 1181 576 confestim
1243 523 1562 587 tondebant,
1614 525 1683 577 ita
1712 530 1768 578 et

188 629 340 668 nunc
366 615 559 668 beatus
584 613 687 669 Job
720 613 948 669 totondit
975 628 1190 669 comam
1216 615 1410 682 capitis
1434 617 1538 678 sui,
1583 624 1641 668 ut
1671 616 1769 669 hu-

188 707 427 762 miliaret
456 723 535 773 se,
584 715 641 759 ut
681 705 993 775 subiiceret,
1028 715 1085 759 nt
1115 706 1388 761 miseriam
1436 706 1768 761 ostenderet.

188 800 345 867 Quod
374 809 458 855 est
498 800 658 868 hujus
702 798 780 853 rei
828 798 1133 853 indicium?
1180 798 1280 851 hoc
1313 797 1454 865 quod
1503 799 1553 850 in
1581 798 1774 851 subse-

186 892 481 961 quentibus
540 892 741 943 dictum
791 900 931 944 est:
978 890 1213 957 Aspersit
1266 904 1505 958 namque
1575 898 1779 944 terram

185 996 347 1050 super
372 990 525 1049 caput
554 996 710 1033 suum
740 980 808 1032 δ’.
844 977 957 1033 Nisi
993 981 1136 1035 enim
1176 979 1330 1033 valde
1356 979 1666 1034 liutniliaret
1689 995 1767 1044 se,

186 1088 299 1127 non
328 1073 516 1142 utique
561 1083 722 1141 caput
752 1088 907 1127 suum
942 1080 1082 1126 terra
1115 1082 1428 1141 aspergeret
1465 1090 1479 1125 :
1511 1073 1766 1139 Aspersit,

184 1166 434 1234 inquam,
470 1176 666 1218 terram
697 1181 857 1232 super
887 1175 1041 1233 caput
1078 1181 1251 1218 suum.
1303 1163 1457 1219 Unde
1484 1166 1623 1218 hanc
1648 1164 1769 1233 opi-

183 1256 409 1309 nionem
440 1255 742 1323 sumpsisti,
768 1270 800 1308 ο
830 1255 983 1309 beate
1005 1253 1143 1309 Job!
1184 1265 1240 1307 ut
1268 1264 1467 1308 terram
1495 1254 1654 1324 capiti
1680 1265 1769 1309 tuo

182 1348 611 1416 aspergeres‘IA
642 1347 858 1411 tritavo,
895 1347 1089 1416 inquit,
1120 1347 1338 1417 generis
1364 1347 1468 1403 mei
1495 1346 1768 1400 Abraham

184 1443 403 1497 dicente
432 1460 446 1495 :
487 1440 600 1511 Ego
631 1448 746 1493 sum
780 1450 921 1492 terra
950 1450 996 1492 et
1041 1440 1172 1493 cinis
1199 1438 1265 1503 ",
1296 1448 1353 1493 et
1384 1453 1415 1491 a
1462 1438 1769 1509 patriarcha

185 1532 355 1587 totius
381 1532 594 1601 generis
624 1530 843 1583 humani
881 1530 1076 1594 Adam,
1113 1532 1179 1584 ad
1213 1545 1375 1599 quem
1402 1531 1610 1584 dictum
1647 1539 1724 1583 est
1751 1546 1779 1589 εκ

186 1624 357 1683 Terra
395 1640 474 1688 es,
528 1634 576 1676 et
617 1623 670 1677 in
706 1632 905 1679 terram
937 1622 1034 1675 ibis
1059 1620 1127 1676 “.
1193 1621 1318 1677 llaec
1353 1621 1535 1690 itaque
1564 1621 1633 1675 ab
1665 1621 1769 1675 illis

183 1716 416 1770 audiens
451 1726 616 1781 atque
645 1727 854 1768 memor
885 1714 1119 1782 aspersit
1179 1722 1380 1768 terram
1432 1712 1595 1783 capiti
1645 1728 1765 1769 suo.

1880 533 2049 587 usque
2098 520 2165 571 ad
2222 516 2427 572 inferos
2468 513 2686 581 dejeeit.
2738 512 2878 581 Quid
2936 515 3185 579 dicimus,
3229 530 3263 570 o
3314 518 3456 571 viri?

1879 608 2128 678 Nunquid
2178 622 2245 663 ex
2302 608 2411 664 alio
2449 622 2680 677 corpore
2723 615 2940 661 creatus
2992 614 3075 660 est
3106 604 3241 661 Job?
3263 606 3451 663 Absit:

1880 702 1993 758 Non
2016 703 2160 757 enim
2185 718 2306 758 cum
2340 716 2692 771 personarum
2728 701 3051 771 acceptione
3078 704 3284 757 creavit
3313 701 3455 758 Deus

1878 796 2014 850 alios
2045 796 2203 860 tales,
2236 796 2448 866 aliquos
2474 794 2828 851 nihilominus
2867 795 2999 849 tales
3020 833 3035 858 ,
3087 796 3180 849 sed
3208 795 3347 850 idem
3373 804 3460 848 est

1878 889 2117 943 omnium
2156 888 2359 958 plasma
2413 889 2479 943 de
2541 890 2670 943 limo
2723 901 2903 955 teme,
2956 889 3049 943 sed
3107 886 3333 958 aequalis
3374 893 3459 941 est

1877 980 2115 1033 omnium
2147 980 2326 1033 anima
2356 994 2421 1033 ex
2452 979 2553 1034 Dei.
2582 980 2917 1049 operatione.
2941 979 3045 1033 Sed
3082 979 3207 1047 quia
3239 992 3344 1030 non
3373 983 3459 1029 est

1876 1071 2117 1125 omnium
2152 1071 2344 1126 similis
2378 1072 2648 1135 voluntas,
2679 1086 2854 1141 neque
2894 1074 3090 1140 pietas,
3131 1084 3307 1139 neque
3333 1068 3455 1122 reli-

1878 1164 2121 1235 giositas,
2155 1178 2330 1234 neque
2347 1166 2501 1229 ﬁdes,
2524 1179 2701 1234 neque
2731 1164 3067 1233 propositum
3092 1162 3237 1217 circa
3264 1162 3453 1238 Deum,

1880 1273 2054 1328 neque
2103 1272 2227 1327 spes
2283 1259 2405 1312 vita:
2444 1267 2685 1321 aeternze,
2736 1272 2911 1325 neque
2965 1257 3127 1310 timor
3171 1256 3454 1327 gehenna‘,

1879 1362 2054 1416 neque
2094 1346 2396 1401 inferorum
2427 1347 2748 1417 supplicium
2800 1347 2853 1401 in
2898 1347 3141 1401 tenebris
3165 1346 3458 1401 exteriori-

1878 1436 1997 1502 bus,
2025 1438 2226 1494 idcirco
2258 1455 2362 1493 non
2394 1453 2585 1493 onmes
2621 1438 2869 1494 homines
2901 1438 3039 1490 idem
3078 1438 3458 1493 demonstrant

1878 1529 2237 1598 propositum,
2288 1544 2464 1599 neque
2491 1529 2736 1583 eamdem
2780 1529 3148 1590 tolerantiam,
3193 1544 3297 1581 non
3326 1528 3454 1596 quia

1878 1637 1984 1677 non
2020 1632 2269 1692 possunt,
2319 1622 2411 1677 sed
2452 1622 2581 1691 quia
2620 1622 2830 1677 nolunt.
2877 1622 3169 1691 Propterea
3202 1622 3361 1691 digne
3391 1638 3457 1675 ac

1870 1712 2019 1780 juste
2045 1713 2425 1783 magnificalur
2456 1715 2647 1770 beatus
2672 1713 2794 1782 Job,
2826 1715 2951 1783 quia
2980 1713 3165 1768 volens
3197 1714 3459 1768 sustinuit

182 1808 306 1862 Non
349 1809 532 1877 itaque
563 1822 682 1861 sum
716 1816 974 1875 tanquam
1017 1804 1264 1860 diabolus
1291 1805 1384 1874 qui
1416 1806 1483 1859 de
1509 1803 1649 1869 caelo
1685 1819 1776 1858 ce-
1807 1805 1847 1859 B
1878 1806 1993 1860 haec
2025 1807 2207 1859 omnia
2236 1822 2360 1861 cum
2416 1808 2712 1875 gratiarum
2759 1806 3083 1860 actionibus.
3150 1805 3283 1859 Nam
3335 1816 3457 1875 post

180 1900 343 1967 cidit,
389 1900 485 1953 sed
521 1915 637 1953 sum
670 1909 924 1968 tanquam
973 1912 1112 1951 unus
1140 1912 1215 1951 ex
1263 1897 1574 1952 hominibus
1618 1905 1771 1951 ortus

182 1993 252 2046 de
276 2003 448 2054 terra,
472 1992 700 2060 ideoque
726 2001 925 2045 terram
946 2004 1172 2060 aspergo
1196 2004 1360 2059 super
1382 1998 1544 2058 caput
1565 2004 1769 2044 meum.

180 2081 305 2139 Non
334 2099 453 2139 sum
488 2084 631 2138 sicut
655 2081 900 2137 diabolus
938 2098 1003 2137 ex
1044 2081 1452 2150 incorruptione
1477 2080 1769 2151 projectus,

181 2177 283 2233 sed
331 2192 453 2231 sum
509 2187 766 2244 tanquam
826 2190 962 2229 unus
1016 2175 1452 2244 corruptibilium
1514 2175 1584 2230 de
1642 2174 1772 2230 limo

182 2269 510 2339 plasmalus.
578 2267 767 2322 Merito
837 2279 1042 2322 terram
1111 2283 1335 2337 aspergo
1393 2283 1554 2336 super
1611 2276 1773 2335 caput

181 2375 392 2424 meum,
415 2370 475 2413 ut
509 2363 740 2424 noverit,
776 2361 974 2428 inquit,
1006 2361 1254 2415 diabolus
1285 2361 1652 2430 nequissimus
1678 2363 1771 2414 ad-

184 2468 375 2507 versus
406 2468 567 2522 quem
604 2453 789 2516 habet,
824 2456 952 2522 quia
981 2455 1241 2508 adversus
1272 2462 1550 2508 terrenmn
1583 2454 1769 2517 habet,

182 2547 450 2602 adversus
497 2546 935 2617 corruptibilem,
991 2547 1254 2602 adversus
1302 2548 1610 2611 mortalem,
1672 2548 1772 2600 ad-

182 2654 378 2696 versus
407 2641 685 2695 hominem
713 2640 779 2693 de
816 2639 947 2693 limo
985 2650 1144 2694 terrae
1182 2639 1529 2709 plasmatum.
1561 2638 1641 2695 Ob
1670 2640 1771 2695 boc

182 2726 427 2795 aspergit
466 2737 609 2781 terra
636 2737 799 2790 caput
833 2743 1011 2791 suum,
1047 2738 1106 2781 ut
1153 2728 1392 2783 instruat
1444 2743 1635 2785 omnes
1662 2738 1771 2783 ter-

182 2834 369 2884 renos,
421 2821 801 2890 corruptibiles
863 2830 1029 2890 atque
1078 2821 1333 2877 mortales
1356 2861 1381 2888 ,ς
1426 2822 1554 2892 Quia
1606 2822 1769 2877 etiam

182 2910 287 2979 ipsi
323 2922 549 2979 possunt
594 2912 845 2967 similiter
873 2922 1022 2967 stare
1053 2913 1316 2969 adversus
1348 2914 1765 2984 nequissimum.

182 3001 446 3069 Possunt,
508 3004 753 3072 inquam,
805 3005 1059 3061 similiter
1109 3004 1339 3061 suﬂerre
1389 3021 1456 3060 ac
1511 3021 1771 3077 superare

180 3110 379 3150 omnes
412 3100 742 3152 tentationes
771 3097 993 3165 diaboli,
1026 3098 1071 3152 si
1100 3098 1268 3153 Deum
1291 3098 1582 3154 dilexerint
1606 3109 1768 3169 atque

182 3189 481 3243 metuerint
532 3207 544 3242 :
597 3191 740 3246 sicut
789 3191 1127 3246 admirabilis
1160 3190 1262 3247 Job
1306 3191 1567 3246 sustinuit
1601 3201 1767 3261 atque

181 3280 423 3349 portavit
473 3296 582 3335 non
617 3282 886 3336 modicum
926 3282 1150 3353 aliquid,
1198 3283 1296 3338 sed
1342 3298 1569 3354 magnos
1598 3295 1651 3339 et
1693 3284 1768 3338 in-

179 3381 378 3442 gentes
426 3383 589 3442 atque
632 3374 901 3430 terribiles
956 3375 1173 3431 dolores
1213 3389 1280 3429 ac
1324 3383 1616 3441 tormenta,
1648 3392 1769 3446 qua:

183 3464 326 3518 alius
377 3464 471 3519 illo
510 3480 607 3521 nec
651 3467 823 3535 prior,
886 3482 986 3522 nec
1052 3470 1326 3537 posterior
1376 3469 1637 3523 Sustinuit
1673 3488 1685 3522 :
1716 3480 1771 3525 et

182 3558 330 3626 quod
387 3566 473 3611 est
510 3559 781 3627 superius,
846 3575 952 3613 non
1004 3560 1211 3615 habens
1272 3561 1504 3614 formam
1560 3577 1625 3615 ex
1662 3562 1769 3616 alio

185 3651 389 3718 priore,
419 3666 519 3706 nec
550 3650 857 3722 exemplum
892 3652 1158 3722 recipiens
1198 3652 1265 3708 ab
1312 3652 1416 3708 alio
1469 3655 1763 3708 anteriore.

184 3741 321 3794 Cum
351 3758 512 3795 unum
544 3758 610 3795 ex
664 3742 915 3811 plurimis
959 3742 1170 3797 videtur
1210 3740 1383 3796 Jacob
1424 3742 1590 3796 filium
1647 3757 1771 3813 per-

184 3834 408 3898 didisse,
436 3850 465 3887 a
494 3834 706 3888 caneris
732 3834 983 3888 omnibus
1022 3836 1292 3889 consolari
1326 3850 1432 3889 non
1458 3836 1653 3903 potuit,
1673 3835 1767 3888 sed

184 3926 326 3981 dixit
360 3945 373 3979 :
413 3926 511 3980 Ibo
542 3936 656 3996 post
688 3926 856 3992 ﬁlium
889 3941 1065 3978 meum
1088 3924 1280 3996 lugens
1312 3926 1368 3980 in
1401 3927 1667 3995 infernum
1698 3926 1765 3981 ⁸³.

186 4018 565 4090 Magnanimus
584 4030 764 4073 autem
797 4017 898 4075 Job
924 4026 1048 4089 post
1080 4018 1275 4088 peculii
1301 4020 1769 4091 perditionem,et

185 4124 309 4183 post
336 4115 578 4167 omnium
625 4112 890 4166 bonorum
928 4112 1313 4182 direptionem,
1347 4113 1591 4171 omnium
1631 4113 1770 4167 ﬁlio-

186 4220 308 4258 rum
346 4205 711 4259 miserabilem
753 4205 1032 4259 interitum
1084 4210 1287 4275 pariter
1314 4204 1475 4260 simul
1512 4220 1634 4259 cum
1673 4221 1769 4258 au-

183 4292 353 4347 disset
383 4310 487 4349 non
517 4294 830 4363 suspiravit,
860 4309 964 4349 non
1005 4295 1289 4364 ingemuit,
1325 4311 1429 4351 non
1474 4296 1769 4366 reprehen-

183 4384 284 4449 dit,
322 4398 428 4441 non
458 4384 759 4450 maledixit,
791 4400 898 4438 non
923 4385 1345 4456 blaspbeinavit,
1374 4401 1481 4440 non
1506 4385 1764 4455 culpavit,

184 4493 297 4538 non
342 4480 480 4536 dixit
514 4493 577 4532 ea
637 4493 755 4548 qua:
793 4477 1024 4533 dicenda
1081 4479 1220 4532 ratio
1265 4478 1612 4548 exposcebat,
1646 4492 1767 4547 qua:

184 4589 331 4627 nunc
360 4572 547 4626 illicite
576 4572 764 4627 dicunt
792 4572 1033 4641 plurimi.
1086 4571 1195 4626 Cur
1215 4571 1414 4626 dedisti
1445 4571 1643 4639 primo,
1674 4579 1769 4624 aut

182 4682 284 4721 cur
330 4665 604 4719 abstulisti
646 4664 845 4719 modo?
895 4664 1009 4719 Cur
1066 4663 1349 4719 oblectasti
1405 4663 1604 4734 primo,
1655 4663 1770 4717 sive

185 4757 421 4828 peculio,
454 4756 570 4811 sive
619 4755 785 4811 ﬁliis?
817 4755 899 4809 vel
932 4770 1030 4810 cur
1056 4756 1279 4827 privasti
1310 4771 1451 4809 nunc
1483 4754 1568 4809 his
1594 4756 1771 4813 omni-

186 4854 289 4906 bus
318 4849 569 4919 pariter?
618 4848 809 4903 Melius
846 4856 971 4903 erat
1022 4858 1081 4901 ut
1115 4848 1338 4902 omnino
1364 4863 1473 4903 non
1500 4847 1767 4912 dedisses.

183 4958 351 5012 quant
411 4950 474 4995 ut
524 4940 660 4994 dans
703 4955 918 4993 rursum
970 4939 1237 4994 auferres.
1294 4937 1493 4993 Utilius
1540 4949 1658 4993 erat
1711 4949 1769 4992 ut

183 5032 408 5085 omnino
456 5045 567 5087 non
604 5030 940 5093 ostenderes,
998 5044 1159 5098 quam
1196 5036 1255 5083 ut
1304 5029 1541 5085 ostensis
1593 5031 1769 5085 denuo

186 5122 466 5177 multares.
515 5122 629 5176 Sed.
690 5120 825 5176 nihil
876 5122 1067 5176 horum
1111 5120 1267 5188 dixit,
1328 5135 1505 5191 neque
1547 5121 1768 5175 omnino

183 5216 446 5284 cogitavit
494 5214 874 5269 sanctissimus
928 5224 1093 5283 atque
1142 5214 1617 5270 constantissimus
1681 5215 1770 5271 ille

183 5305 304 5373 Job,
334 5323 440 5363 non
468 5317 675 5363 tantum
703 5318 762 5362 ut
806 5317 1038 5362 mentem
1068 5307 1440 5376 refrigeraret,
1476 5307 1579 5361 nisi
1630 5318 1757 5361 tan-

188 5410 299 5453 tum
335 5408 394 5453 ut
422 5400 547 5470 quia
580 5402 770 5469 ingens
803 5400 955 5455 dolor
978 5408 1098 5454 erat
1132 5400 1233 5455 hoc
1257 5401 1400 5469 quod
1427 5400 1626 5454 factum
1655 5412 1763 5463 est,

187 5507 305 5560 quae
338 5492 558 5562 pertulit
584 5493 916 5548 ostenderet.
956 5492 1146 5546 Vestes
1168 5490 1460 5555 conscidit,
1488 5503 1651 5560 caput
1678 5502 1763 5548 to-

186 5586 382 5654 tondit,
414 5596 615 5642 terram
651 5587 823 5657 capiti,
844 5604 941 5643 suo
968 5588 1215 5657 aspersit.
1236 5585 1340 5641 Per
1363 5601 1481 5656 qua:
1509 5587 1762 5645 universa

260 5775 432 5835 "Job
478 5792 514 5843 ι,
551 5779 641 5836 9.0.
719 5778 764 5813 "’
798 5778 931 5837 Gen.
971 5795 1127 5850 svnt,
1149 5778 1236 5834 ‘27.

1315 5778 1359 5812 δ”
1380 5777 1515 5838 Gen.
1555 5796 1636 5851 tu,
1673 5783 1756 5839 l9.
1838 5784 1881 5822 υ
1911 5779 2044 5838 Gen.
2082 5796 2286 5851 xxxvii,
2316 5780 2405 5840 55.

1875 1896 1992 1951 hzec
2038 1898 2291 1951 universa
2324 1912 2445 1965 qua:
2473 1898 2730 1967 superius
2769 1911 3066 1951 memorata
3115 1905 3239 1950 sunt
3292 1906 3456 1964 atque

1872 1995 2115 2052 ostensa,
2156 1987 2295 2041 dixit
2342 2003 2356 2040 :
2395 1984 2465 2038 Et
2513 1988 2792 2055 prostravit
2824 2002 2879 2040 se
2910 1986 2965 2039 in
3006 1996 3166 2053 terra,
3202 1996 3251 2039 et
3284 1986 3453 2040 oravit

1873 2079 1943 2132 ad
1996 2078 2375 2133 Dominum“.
2428 2079 2669 2133 Primum
2704 2081 2968 2145 surrexit,
3024 2088 3073 2132 et
3135 2080 3204 2131 ita
3236 2080 3451 2133 demum

1872 2188 1932 2228 se
1961 2171 2277 2243 prostravit.
2307 2171 2560 2226 Surrexit
2593 2174 2659 2225 ad
2686 2172 2953 2241 praelium,
2975 2172 3272 2241 prostravit
3304 2186 3363 2226 se
3384 2173 3453 2226 ad

1872 2278 2107 2335 precem.
2143 2262 2395 2317 Surrexit
2420 2265 2486 2316 ad
2514 2264 2793 2328 virtutem,
2820 2263 3116 2333 prosuavit
3140 2278 3201 2319 se
3226 2263 3293 2316 ad
3323 2278 3454 2317 ora-

1875 2357 2097 2411 tionem.
2129 2356 2377 2411 Surrexit
2399 2356 2466 2408 ad
2493 2355 2737 2411 victoria:
2761 2355 3177 2426 perfectionem,
3213 2365 3451 2424 prostra-

1872 2448 1951 2501 vit
1979 2463 2037 2503 se
2063 2448 2130 2501 ad
2165 2463 2382 2503 corona:
2409 2448 2807 2517 acceptiouem.
2851 2444 2987 2500 Nam
3041 2459 3094 2502 et
3123 2455 3249 2500 ante
3282 2448 3456 2515 impe-

1872 2548 2085 2595 ratores
2122 2540 2214 2610 qui
2262 2540 2498 2595 victores
2538 2541 2889 2603 exstiterunt,
2948 2555 3057 2594 non
3093 2547 3324 2603 stantes,
3358 2539 3459 2595 sed

1873 2632 2123 2688 deorsum
2151 2635 2442 2689 adorantes
2470 2648 2733 2688 coronam
2773 2634 3069 2704 accipiunt.
3099 2631 3193 2687 Sic
3221 2646 3456 2702 namque

1873 2733 1928 2779 et
1970 2725 2164 2779 beatus
2192 2724 2296 2780 Job
2346 2725 2399 2779 in
2446 2727 2617 2795 prima
2648 2725 2940 2779 tentatione
2965 2739 3129 2795 quam
3160 2737 3259 2794 per
3289 2737 3454 2793 pecu-

1871 2815 2001 2870 lium
2034 2825 2198 2886 atque
2235 2816 2378 2871 ﬁlios
2407 2819 2683 2872 sustinens
2712 2816 2996 2871 victoriam
3027 2817 3091 2871 de
3135 2817 3453 2871 adversario

1871 2909 2177 2979 acquisivit,
2228 2910 2297 2963 ad
2325 2910 2626 2964 orationem
2658 2924 2715 2964 se
2750 2910 3061 2980 prostravit,
3099 2917 3157 2963 ut
3184 2908 3454 2979 perfectas

1874 3001 2176 3058 tolerantia:
2227 3017 2342 3057 sua:
2394 3017 2425 3056 a
2477 3001 2588 3056 Deo
2618 3002 2889 3070 acciperet
2921 3016 3168 3057 coronas.
3232 2998 3317 3055 Ob
3348 3001 3454 3054 hoc

1872 3111 2001 3166 ergo
2045 3097 2337 3166 prostravit
2387 3110 2445 3149 se
2490 3102 2544 3148 et
2595 3093 2772 3148 oravit
2822 3094 2888 3146 ad
2934 3092 3243 3147 Dominum.
3276 3093 3450 3159 Quem

1873 3202 1993 3242 cum
2030 3198 2363 3257 prostratum
2397 3187 2607 3241 videret
2640 3186 2907 3251 diabolus,
2946 3188 3167 3257 gavisus
3194 3196 3279 3240 est
3298 3186 3453 3239 valde

1872 3279 2060 3335 infelix
2094 3298 2108 3334 :
2142 3296 2264 3335 cum
2295 3290 2475 3335 autem
2506 3281 2824 3335 adorantem
2878 3290 3041 3348 atque
3078 3287 3324 3334 orantem
3358 3294 3455 3331 au-

1874 3373 2357 3442 disset,obstupuit
2397 3383 2565 3443 atque
2590 3373 2808 3442 expavit
2836 3390 2851 3425 :
2884 3369 3216 3435 Prostratus,
3253 3371 3449 3442 inquit,

1870 3467 2036 3520 oravit
2063 3467 2131 3525 ad
2169 3464 2469 3520 Dominum.
2488 3465 2590 3520 Job
2610 3475 2915 3536 prostratus
2940 3464 3135 3533 deiecit
3156 3464 3471 3537 diabolum,‘

1873 3559 2039 3612 altum
2078 3560 2408 3623 hulniliavit,
2439 3559 2734 3619 exaltatum
2788 3558 3176 3629 supplantavit,
3210 3555 3457 3613 conludit

1872 3651 2091 3716 fortem,
2132 3651 2460 3706 deformavit
2495 3652 2717 3707 elatum.
2758 3649 2935 3719 Super
2970 3652 3086 3705 lizec
3118 3658 3301 3704 autem
3333 3664 3454 3702 out-

1872 3745 1982 3809 nia,
2015 3746 2155 3813 quod
2190 3746 2445 3800 omnibus
2497 3744 2671 3813 majus
2711 3755 2874 3815 atque
2898 3742 3148 3813 superius
3186 3750 3293 3807 est,
3326 3756 3451 3795 cum

1871 3852 1969 3892 sua
2002 3836 2371 3905 prostratione
2394 3834 2497 3893 Job
2535 3834 2807 3891 diabolum
2843 3835 3060 3905 dejecit,
3085 3844 3141 3888 et
3186 3848 3283 3887 sua
3314 3834 3450 3890 tole-

1872 3928 2049 3985 rantia
2100 3927 2493 3997 nequissimum
2534 3935 2776 3996 superat,
2813 3926 3042 3981 formam
3075 3923 3457 3994 ostenditejus

1870 4016 1961 4087 qui
1993 4017 2058 4072 de
2080 4016 2220 4071 cmlo
2247 4018 2395 4071 venit
2426 4034 2438 4069 :
2472 4018 2562 4087 qui
2602 4027 2659 4071 ut
2704 4032 2929 4086 granum
2959 4017 3126 4071 tritici
3165 4016 3219 4070 in
3248 4027 3448 4071 terram

1869 4109 2067 4163 cadens
2099 4108 2368 4165 diabolum
2398 4109 2615 4179 dejecit,
2645 4119 2701 4163 et
2729 4109 2922 4163 fortem
2953 4108 3217 4180 alligavit,
3240 4118 3295 4163 et
3324 4124 3453 4163 vasa

1870 4200 1987 4269 ejus
2022 4200 2262 4271 diripuit,
2304 4209 2360 4255 et
2407 4200 2580 4271 spolia
2633 4202 2836 4267 divisit,
2895 4211 2948 4257 et
2993 4201 3258 4272 captivam
3299 4203 3455 4257 duxit

1870 4292 2266 4361 captivitatem,
2313 4303 2370 4347 et
2414 4294 2666 4362 passione
2716 4303 2879 4363 atque
2927 4293 3329 4348 resurrectione
3358 4308 3454 4349 sua

1874 4385 2132 4439 mundum
2190 4386 2442 4455 redemit,
2476 4396 2641 4454 atque
2665 4388 2922 4441 saeculum
2955 4386 3206 4441 salvavit.
3251 4384 3454 4440 llornm

1800 4511 1844 4564 ο
1874 4492 2106 4547 namque
2142 4479 2381 4533 omnium
2421 4479 2647 4534 formam
2706 4492 2871 4547 atque
2921 4477 3231 4551 exemplum
3270 4488 3456 4553 osten-

1874 4569 2032 4635 deus,
2070 4579 2193 4639 post
2225 4572 2420 4625 horum
2455 4572 2693 4625 omnium
2734 4569 3164 4625 lamentabilium
3218 4569 3456 4630 toleran-

1878 4664 2006 4717 tiam
2064 4673 2373 4733 prostratus
2428 4666 2481 4719 in
2526 4674 2667 4718 terra
2710 4665 2886 4718 oravit
2946 4664 3013 4717 ad
3063 4664 3372 4739 Dominum,
3398 4673 3459 4723 ut

1872 4757 2165 4826 prostratio
2197 4756 2316 4827 ejus
2343 4758 2499 4811 ruina
2534 4755 2841 4812 elliceretnr
2871 4757 3087 4814 diabolo
3138 4768 3301 4828 atque
3327 4758 3458 4813 sub.

1874 4849 2080 4905 versori
2115 4848 2377 4920 maligno,
2410 4859 2467 4903 et
2502 4849 2728 4919 ﬁguram
2767 4865 2875 4923 per.
2898 4851 3013 4905 hate
3063 4850 3115 4903 in
3145 4866 3204 4906 se
3241 4860 3459 4921 gereret

1875 4944 2144 5013 passionis
2187 4958 2251 4998 ac
2286 4943 2707 4998 resurrectionis
2738 4943 2973 5009 Domini.
3010 4942 3347 5012 Prostratus,
3381 4945 3455 4999 in-

1873 5036 2015 5105 quit,
2038 5036 2211 5090 oravit
2250 5035 2318 5089 ad
2348 5036 2635 5090 Dominum
2675 5051 2739 5090 ex
2777 5045 2885 5089 tota
2920 5037 3125 5099 anima,
3158 5048 3213 5092 et
3240 5053 3307 5090 ex
3349 5046 3457 5093 tota

1874 5142 2073 5191 mente,
2104 5138 2157 5183 et
2188 5145 2254 5184 ex
2285 5130 2466 5185 cordis
2521 5129 2907 5197 profunilitate.
2954 5130 3142 5201 ()ravit
3170 5130 3238 5184 ad
3270 5131 3457 5185 Domi-

1875 5236 2022 5274 num.
2053 5222 2191 5288 Quid
2234 5223 2448 5277 oravit?
2476 5222 3298 5288 Tolerantiam,,suﬂ'crentiam,
3327 5242 3457 5278 ron-

1873 5315 2312 5369 suinn'iationem.
2343 5316 2531 5371 Uravit
2571 5317 2637 5369 ad
2669 5316 2978 5383 Dominum,
3032 5330 3226 5370 sensus
3280 5316 3457 5368 illiba-

1880 5407 2100 5471 tionem,
2124 5409 2321 5464 mentis
2356 5410 2747 5479 integritatem,
2777 5410 2971 5465 anima:
3004 5409 3317 5463 sanitatem.
3346 5406 3458 5459 llne

1878 5515 2008 5571 ergo
2042 5503 2218 5557 oravit
2242 5503 2306 5557 ad
2335 5503 2642 5568 Dominum,
2678 5514 2964 5569 utsanam,
2998 5502 3191 5572 inquit,
3216 5504 3453 5554 animam

1881 5610 2055 5649 meam
2084 5606 2245 5665 atque
2272 5596 2534 5655 illibatum
2562 5611 2658 5652 cor
2687 5608 2863 5653 meum
2895 5596 3167 5652 custodiat
3194 5592 3457 5649 Dominus

2513 5780 2551 5812 “‘
2576 5778 2675 5835 J'ob
2704 5795 2740 5844 ι,
2772 5777 2863 5837 20.
