3880 6212
418 306 526 365 439

1552 299 1936 365 ANONYMUS
1974 298 2040 353 IN
2077 296 2217 369 JOB.
2254 328 2325 339 ——
2360 297 2487 355 LIB.
2528 299 2570 354 Ι.

3582 297 3691 354 440

419 436 475 479 et
516 437 612 479 rex
656 422 921 489 omnium,
955 430 1009 484 et
1041 436 1313 490 nunquam
1356 420 1483 475 mihi
1517 420 1830 491 praevalebit
1862 419 2015 475 maii-
2044 422 2090 480 Α
2120 418 2390 485 labantur,
2447 429 2506 473 ut
2540 418 2857 473 videbantur
2908 417 3150 487 lugentes
3194 421 3355 485 atque
3388 416 3569 470 mutati
3616 418 3693 470 sic

419 530 581 584 gnus,
609 524 662 570 et
700 528 977 583 nunquam
1017 527 1104 569 me
1135 513 1417 584 superabit
1465 514 1695 569 callidus
1734 512 2006 569 inimicus.

421 608 741 677 Quanquam
795 614 1002 661 atterat
1055 612 1271 670 carnes,
1331 620 1639 680 quanquam
1676 604 2011 661 comminuat

420 715 563 764 ossa,
599 714 912 771 quanquam
958 708 1244 755 consumat
1296 712 1511 763 nervos,
1557 700 1602 754 si
1657 700 1875 763 animae,
1926 698 2009 752 in-

420 795 559 863 quit,
613 809 746 848 mea!
801 808 997 851 sensus
1036 793 1279 849 illibatus
1317 809 1346 848 a
1388 803 1443 849 et
1476 794 1836 859 custodiatur,
1875 807 2011 848 nun-

422 902 583 956 quam
619 900 648 939 a
688 894 739 941 te
770 886 1023 951 seducar,
1058 886 1281 940 Domine
1325 886 1468 941 Deus
1523 900 1695 951 meus,
1734 899 2008 955 nunquam

422 978 714 1034 abstrahar
749 993 778 1031 a
806 977 1077 1032 charitate
1122 986 1238 1042 tua,
1274 992 1368 1032 rex
1420 992 1591 1033 meus.
1641 977 1848 1033 Idcirco
1892 992 2013 1033 ora-

421 1072 625 1127 tionem
657 1068 773 1139 ejus
813 1069 1116 1124 exaudiens
1162 1068 1324 1133 Deus,
1377 1078 1542 1139 atque
1572 1069 2011 1140 deprecationem

423 1163 570 1217 illius
603 1162 907 1230 suscipiens
926 1159 1106 1230 justus
1131 1159 1322 1229 jndex,
1374 1171 1499 1231 post
1535 1160 1652 1215 haec
1683 1160 1899 1215 locutus
1931 1168 2013 1217 est

422 1256 489 1310 ad
518 1255 817 1319 diabolum,
845 1253 1063 1308 dicens:
1095 1252 1229 1310 Ecce
1261 1252 1463 1306 tradidi
1484 1251 1580 1313 tibi
1606 1253 1779 1317 illum,
1806 1264 2010 1327 tantum

421 1349 654 1403 animam
688 1347 802 1416 ejus
842 1362 905 1400 ne
932 1345 1159 1415 tetigeris
1186 1345 1255 1397 ⁸⁷.
1315 1343 1406 1400 Sic
1450 1345 1633 1416 itaque
1687 1355 2011 1417 prostratus,

420 1440 600 1494 oravit
638 1440 704 1492 ad
753 1438 944 1493 Deum.
988 1437 1130 1492 Vere
1181 1448 1520 1507 prostratus,
1577 1438 1679 1492 hoc
1730 1446 1814 1493 est
1858 1436 2013 1492 valde

423 1546 594 1602 usque
620 1532 687 1585 ad
720 1539 918 1584 terram
970 1529 1314 1594 humiliatus,
1348 1529 1541 1583 merito
1567 1540 1770 1591 vestem
1800 1530 2012 1585 consci-

422 1625 522 1689 dit,
559 1636 769 1680 comam
816 1622 1017 1691 capitis
1064 1623 1328 1687 totondit,
1364 1631 1566 1677 terram
1600 1624 1763 1693 capiti
1797 1638 1894 1679 suo
1920 1637 2010 1691 as-j

420 1712 771 1785 persit.’Post
797 1729 914 1769 naic
944 1713 1198 1769 universa
1226 1698 1535 1783 prostratus
1598 1714 1773 1769 oravit
1802 1715 1871 1769 ad
1907 1712 2013 1769 Do-

422 1806 653 1865 minum.
692 1806 803 1872 Sic,
839 1806 1035 1877 inquit,
1072 1820 1168 1875 rex
1202 1805 1397 1861 Ninive
1427 1816 1550 1877 post
1592 1805 1696 1862 hoc
1739 1806 1794 1861 in
1825 1806 2009 1862 cinere

421 1909 475 1954 et
509 1900 692 1955 cilicio
721 1900 937 1966 sedens,
964 1908 1018 1955 et
1046 1913 1167 1954 cum
1189 1898 1494 1954 humilitate
1533 1914 1717 1966 orans,
1756 1909 1879 1971 post
1915 1898 2011 1955 tri-

422 1991 587 2045 duum
629 1992 1002 2046 imminentem
1031 1990 1397 2046 calamitatem
1429 1989 1638 2062 effugit.
1677 1992 2007 2062 Sic,inquit,

421 2091 477 2138 et
513 2080 691 2139 Josias
741 2080 1092 2154 Jerosolyma:
1131 2095 1228 2137 rex
1256 2091 1438 2145 vestes
1475 2099 1603 2139 suas
1656 2084 2012 2139 conscindens

421 2189 533 2244 prze
558 2175 754 2245 timore
784 2174 1230 2231 comminationis
1272 2174 1389 2237 Dei,
1439 2176 1669 2232 famulos
1703 2192 1829 2233 suos
1856 2178 2013 2231 vesti-

422 2269 526 2338 bus
557 2268 872 2341 conscissis,
913 2276 971 2323 et
1016 2276 1160 2327 terra
1194 2278 1359 2339 atque
1391 2270 1577 2343 cinere
1599 2270 1837 2340 aspersis
1864 2269 2014 2329 misit

421 2361 490 2414 ad
519 2344 917 2432 deprecandam
963 2369 1127 2431 atque
1159 2362 1492 2416 exorandam
1543 2360 1737 2416 faciem
1772 2360 2009 2417 Domini.

422 2452 514 2508 Sic
545 2452 709 2508 etiam
739 2450 949 2521 primus
976 2451 1060 2506 bis
1090 2451 1344 2523 omnibus
1388 2451 1725 2508 admirabilis
1750 2452 1850 2517 .Iob
1883 2466 2012 2509 con-

421 2544 585 2618 scidit
610 2544 934 2620 vestimenta
964 2559 1083 2610 sua,
1102 2553 1157 2599 et
1182 2560 1392 2613 comam
1421 2545 1612 2621 capitis
1636 2546 1717 2600 sui
1756 2545 2010 2609 totondit,

419 2645 476 2711 et
511 2645 710 2714 terram
741 2638 907 2709 capiti
958 2651 1058 2691 suo
1099 2637 1350 2706 aspersit,
1380 2644 1435 2690 et
1487 2635 1561 2691 ita
1598 2645 1906 2708 prostratus
1943 2639 2011 2691 ad

422 2730 706 2785 Dominum
733 2730 927 2793 oravit.
962 2728 1277 2787 Prostratus
1323 2738 1407 2785 est
1441 2728 1507 2784 ad
1540 2730 1866 2797 orationem,
1913 2728 2011 2785 sed

422 2839 528 2878 non
567 2822 765 2878 cecidit
805 2831 1061 2891 tanquam
1095 2821 1445 2877 adversarius
1496 2822 1550 2875 in
1585 2823 2010 2879 contumaciam.

420 2915 734 2972 Prostratus
772 2924 856 2970 est
895 2915 962 2969 ad
993 2927 1235 2985 precem,
1286 2914 1429 2970 sicut
1453 2914 1730 2970 Abraham
1753 2929 1874 2970 cum
1912 2930 2011 2986 pro

420 3008 560 3065 Loth
591 3016 845 3075 orasset:
876 3007 972 3062 sed
1008 3023 1112 3062 non
1144 3008 1341 3077 cecidit
1363 3007 1417 3061 in
1444 3006 1852 3074 contumeliam,
1872 3007 2012 3063 sicut

2113 512 2408 567 mulatione
2455 509 2805 578 dixitzQuid
2865 508 3229 579 exspectatis,
3279 521 3313 561 o
3356 507 3500 562 viri?
3548 507 3691 574 Quid

2113 602 2418 667 sustinetis,
2452 601 2793 677 ohomines?
2850 600 3103 663 Hoccine,
3151 612 3210 654 ut
3262 599 3469 668 lugeam
3501 600 3691 656 vobis-

2112 695 2279 750 cum?
2312 693 2572 760 IIoccine,
2608 702 2669 748 ut
2702 693 2979 748 vobiscum
3015 684 3318 747 lamenter?
3352 692 3464 747 Non
3506 692 3689 763 lugeo,

2114 785 2308 856 inquit,
2339 786 2415 840 rei
2468 783 2753 840 familiaris
2792 784 3150 855 direptionem
3180 800 3195 839 :
3228 784 3422 838 ablatae
3452 798 3694 854 namque

2113 886 2242 933 sunt
2288 876 2420 931 mihi
2456 891 2578 931 cum
2612 875 2823 944 peculio
2868 876 3075 946 pariter
3105 876 3268 931 etiam
3315 875 3575 931 molestia:
3607 885 3691 929 at-

2114 984 2219 1040 que
2253 983 2417 1024 curae.
2461 968 2579 1024 Non
2615 968 2881 1022 lamentor
2906 966 3139 1022 ﬁliorum
3172 968 3478 1035 decessum,
3512 977 3693 1029 transe

2115 1060 2214 1137 ivit
2240 1063 2385 1118 enim
2417 1062 2486 1117 ab
2518 1060 2690 1117 oculis
2723 1061 2861 1117 meis
2903 1060 3122 1116 tristitia
3154 1070 3208 1114 et
3234 1060 3406 1117 dolor.
3440 1060 3496 1117 Si
3544 1062 3693 1116 enim

2114 1154 2318 1224 pariter
2363 1168 2573 1209 mecum
2612 1153 2925 1208 adviverent
2970 1164 3134 1222 super
3175 1162 3398 1217 terram,
3436 1168 3560 1209 cum
3594 1153 3693 1208 do-

2114 1248 2229 1302 lore
2268 1260 2419 1302 eram
2445 1246 2789 1316 cogitaturus
2827 1245 3016 1315 quales
3054 1244 3305 1308 fuissent,
3350 1246 3538 1316 quales
3566 1261 3696 1315 pro-

2113 1339 2390 1406 fecissent,
2429 1339 2641 1409 qualem
2678 1340 2837 1397 Iillellt
2862 1348 3282 1409 exspectassent.
3312 1338 3385 1393 De
3416 1340 3534 1395 istis
3559 1355 3694 1411 ergo

2113 1445 2338 1487 securus
2363 1429 2587 1487 effectus
2620 1444 2726 1486 non
2760 1430 3044 1504 lamentor,
3070 1445 3173 1485 non
3208 1429 3400 1500 plango
3427 1431 3569 1500 quod
3594 1446 3694 1485 vos

2114 1523 2334 1593 cupitis,
2389 1540 2494 1580 non
2555 1523 2897 1594 reprehendo
2946 1524 3089 1592 quod
3136 1536 3232 1577 vos
3268 1522 3536 1591 quaeritis,
3578 1537 3688 1576 non

2114 1615 2433 1685 blaspheme
2455 1616 2596 1686 quod
2626 1630 2723 1671 vos
2756 1615 2935 1670 vultis.
2966 1614 3081 1682 Non
3126 1615 3345 1679 ridebit,
3387 1614 3582 1684 inquit,
3623 1614 3693 1668 de

2117 1719 2203 1762 me
2237 1705 2510 1770 diabolus,
2542 1721 2646 1761 non
2682 1704 2940 1776 gaudebit
2972 1714 3030 1760 ut
3071 1713 3254 1773 sperat
3280 1717 3442 1772 super
3466 1718 3553 1759 me
3587 1704 3697 1759 ini-

2114 1800 2310 1867 micus,
2340 1814 2447 1853 non
2472 1800 2709 1855 inveniet
2731 1801 2871 1868 apud
2900 1814 2985 1852 me
3020 1799 3073 1853 id
3117 1799 3257 1869 quod
3287 1806 3568 1869 exspectat
3599 1812 3696 1853 ne-

2112 1890 2407 1961 quissimus
2434 1909 2447 1944 :
2481 1890 2671 1944 Nudus
2697 1890 2831 1953 exivi
2858 1890 2922 1944 de
2957 1899 3103 1943 utero
3128 1890 3311 1946 matris
3337 1905 3487 1955 mete,
3519 1892 3697 1945 nudus

2111 1985 2197 2037 ibo
2217 1984 2309 2037 sub
2351 1991 2547 2037 terram
2565 1982 2631 2036 “.
2668 1982 2812 2037 Nihil
2861 1982 3023 2037 habui
3069 1995 3190 2037 cum
3238 1984 3529 2047 venissem,
3556 1980 3692 2035 nihil

2112 2075 2336 2145 requiro.
2360 2090 2483 2129 cum
2518 2075 2650 2129 iero.
2677 2072 2822 2128 Nihil
2853 2075 3006 2129 attuli
3048 2083 3228 2137 natus,
3273 2073 3408 2128 nihil
3438 2073 3566 2127 hinc
3596 2086 3697 2126 au-

2111 2166 2284 2221 feram
2320 2166 2601 2222 sublatus:
2628 2164 2821 2234 Nudus
2859 2166 2995 2221 exivi
3039 2166 3103 2225 de
3132 2176 3281 2219 utero
3322 2165 3508 2219 matris
3539 2180 3699 2243 mete,

2113 2276 2219 2325 non
2246 2261 2513 2332 peculium
2568 2274 2668 2315 nec
2708 2260 2845 2316 filios
2893 2260 3120 2324 habens,
3149 2272 3324 2326 neque
3367 2258 3573 2312 divitiis
3599 2257 3686 2311 vel

2113 2351 2568 2421 possibilitatibus
2595 2350 2835 2418 indutus,
2882 2349 3057 2403 nudus
3106 2358 3157 2403 et
3198 2347 3286 2402 ibo
3334 2348 3430 2401 sub
3472 2357 3689 2400 terram.

2111 2442 2267 2511 Quod
2295 2443 2439 2499 enim
2466 2441 2670 2508 pariter
2696 2455 2823 2512 cum
2871 2452 3100 2510 corpore
3153 2437 3387 2508 positum
3425 2436 3592 2492 fuerit
3638 2438 3693 2491 En

2114 2547 2281 2602 terra,
2328 2552 2451 2593 cum
2512 2536 2699 2591 eodem
2767 2548 2997 2601 corpore
3048 2542 3209 2588 terras
3248 2530 3473 2587 efﬁcitur
3523 2544 3691 2603 terra.

2112 2628 2308 2693 Merito
2349 2628 2525 2683 nudus
2558 2627 2647 2682 ibo
2680 2626 2779 2683 sub
2807 2638 3032 2681 terram.
3083 2624 3271 2690 Nudus
3320 2625 3431 2689 ibo,
3494 2626 3695 2692 nudus,

2114 2722 2309 2792 inquit,
2345 2721 2577 2794 peculio,
2611 2721 2706 2777 sed
2738 2729 2792 2777 et
2836 2731 3059 2791 peccato
3083 2737 3099 2777 :
3123 2724 3301 2776 nudus
3335 2722 3564 2786 divitiis,
3595 2722 3695 2777 sed

2112 2826 2165 2871 et
2188 2816 2554 2887 impietatibus
2585 2832 2598 2868 :
2628 2816 2803 2886 nudus
2832 2815 3160 2881 substantia,
3187 2817 3280 2870 sed
3318 2824 3373 2870 et
3398 2814 3693 2886 iniustitia.

2116 2908 2271 2965 Sicut
2315 2908 2458 2964 enim
2502 2911 2569 2964 de
2599 2909 2913 2964 carnalibus
2943 2906 3391 2977 possibilitatibus
3427 2908 3707 2975 universis

2114 3004 2290 3057 nudus
2337 3000 2563 3057 effectus
2606 3016 2748 3068 sum,
2777 3001 2873 3066 ita,
2905 3001 3101 3072 inquit,
3151 3010 3205 3055 et
3235 3001 3304 3056 ab
3347 3000 3601 3055 omnibus
3628 3000 3701 3054 il-

422 3088 671 3175 diabolus
710 3100 801 3169 qui
835 3100 1065 3163 decimo
1097 3101 1373 3170 proiectus
1401 3108 1484 3154 est
1530 3108 1753 3170 propter
1789 3108 2006 3171 aposta-
2037 3112 2085 3177 ε
2115 3095 2279 3151 licitis
2334 3095 2509 3149 nudus
2580 3094 2670 3149 ibo
2726 3095 2826 3167 sub
2877 3103 3101 3148 terram.
3173 3092 3288 3149 Non
3342 3093 3701 3157 comitantur,

421 3191 583 3249 siam.
646 3191 755 3247 S'ed
805 3190 1036 3247 forsitan
1090 3192 1221 3259 dicit
1263 3191 1505 3260 aliquis:
1547 3200 1603 3247 et
1661 3206 1761 3246 cur
1792 3193 2013 3248 omnino

423 3268 668 3347 totondit.
702 3292 913 3337 comam
946 3282 1142 3352 capitis
1185 3283 1287 3346 sui,
1316 3282 1401 3337 vel
1431 3282 1500 3339 ob
1534 3298 1697 3352 quam
1728 3294 1842 3338 rem
1878 3298 2012 3355 con-7

421 3375 583 3449 scidit
604 3375 933 3430 vestimenta
963 3389 1085 3441 sua,
1120 3376 1204 3430 vel
1237 3374 1308 3431 ob
1337 3389 1500 3445 quam
1530 3389 1748 3437 causam
1782 3377 2014 3447 aspersit

421 3467 589 3539 capiti
640 3482 740 3524 suo
766 3477 966 3523 terram
987 3466 1018 3522 ἲ,
1059 3468 1261 3522 Audite
1305 3482 1318 3520 :
1353 3468 1531 3533 primo
1558 3468 1773 3538 quidem
1802 3482 1900 3539 pro
1928 3467 2014 3523 his

421 3560 679 3631 omnibus
704 3574 823 3629 quae.
850 3559 1224 3614 demonstrata
1273 3567 1430 3625 sunt;
1488 3559 1618 3613 item
1658 3573 1790 3613 sane
1836 3558 2012 3614 adhuc

420 3651 747 3715 \estimenta
808 3664 905 3706 sua
942 3646 1213 3725 conscidit
1264 3648 1334 3704 ob
1366 3650 1492 3715 hoc,
1532 3649 1657 3721 quia
1693 3666 1759 3708 ex
1786 3651 1870 3708 his
1893 3666 2015 3725 quae

427 3740 640 3811 diabolo
690 3743 813 3796 data
863 3752 1010 3807 sunt,
1071 3743 1213 3812 apud
1260 3756 1319 3796 se
1364 3732 1501 3798 nihil
1539 3743 1777 3798 residere
1819 3744 2010 3800 voluit.

422 3833 646 3903 Comam
677 3850 805 3890 vero
834 3835 1029 3905 capitis
1077 3836 1160 3890 sui
1216 3836 1449 3893 totondit
1490 3836 1562 3891 ob
1602 3837 1726 3903 hoc,
1758 3837 1883 3907 quia
1916 3838 2013 3893 de-

421 3926 599 3998 posita
631 3927 941 3982 divitiarum
977 3927 1337 3995 abundantia,
1396 3930 1561 3983 etiam
1598 3918 1769 3985 comas
1822 3930 2014 3985 nimie-

423 4027 587 4072 tatem
628 4020 923 4090 deponeret
961 4036 975 4074 :
1018 4029 1075 4074 et
1136 4020 1455 4076 adversario
1515 4022 1848 4086 ostenderet,
1886 4023 2013 4093 quia

422 4111 561 4166 sicut
587 4125 782 4181 passus
810 4122 895 4167 est
926 4113 1053 4182 quia
1085 4126 1301 4168 comam
1340 4112 1590 4181 totondit,
1622 4114 1693 4168 ita
1726 4126 1849 4169 cum
1879 4114 2016 4169 mul-

424 4203 711 4259 titudinem
740 4190 1007 4261 bonorum
1031 4205 1331 4275 deponeret
1353 4214 1519 4276 atque
1550 4206 1847 4271 amitteret,
1878 4207 2021 4279 nihil.

421 4311 482 4353 se
510 4310 727 4368 passum
759 4294 927 4351 fuisse
948 4297 1273 4367 aestimasset
1297 4313 1312 4351 :
1340 4295 1515 4364 aufer,
1538 4297 1811 4368 inquiens,
1833 4299 2013 4353 omnia

423 4387 715 4461 superflua,
743 4388 878 4443 nihil
910 4387 1041 4443 mihi
1073 4389 1309 4458 supersit
1349 4404 1417 4443 ex
1455 4384 1543 4465 his
1590 4403 1714 4459 quae
1753 4388 1849 4443 tibi
1886 4388 2011 4445 data

423 4492 570 4539 sunt.
601 4480 828 4537 Terram
860 4496 994 4537 vero
1024 4481 1096 4537 ob
1130 4482 1232 4537 hoc
1280 4481 1517 4552 aspersit
1554 4481 1721 4551 capiti
1778 4494 1900 4547 suo,

422 4594 489 4633 ex
538 4590 694 4648 parte
731 4578 1045 4641 ostenderet
1100 4575 1339 4631 ﬁliorum
1397 4574 1659 4630 dolorem.
1712 4570 1824 4629 Nisi
1859 4572 2007 4628 enim

423 4667 527 4722 hoc
554 4667 800 4730 fecisset,
822 4666 1060 4739 alienum
1091 4665 1247 4724 illum
1289 4680 1318 4720 a
1353 4674 1546 4720 natura
1576 4662 1813 4719 humana
1844 4662 2021 4727 fuisse,

423 4759 756 4829 diceremus.
811 4760 939 4815 llaec
968 4759 1220 4814 videlicet
1253 4759 1502 4829 universa
1544 4758 1734 4828 gessit,
1789 4764 2013 4826 propter

424 4852 727 4905 naturalem
765 4850 1031 4906 dolorem.
1062 4849 1280 4906 Gratias
1315 4863 1447 4905 vero
1482 4848 1592 4919 egit
1632 4856 1853 4919 propter
1880 4862 2011 4915 eone

428 4943 686 4997 stantiam
743 4952 798 4997 et
844 4944 1040 4997 anima:
1080 4944 1386 5005 veritatem,
1443 4928 1607 5011 atque
1657 4940 1806 4994 illam
1847 4952 2010 5008 quam

431 5035 577 5087 circa
602 5032 770 5088 Deum
802 5035 995 5089 habuit
1027 5034 1424 5090 sinceritatem.
1457 5033 1585 5089 Post
1613 5043 1733 5102 quae
1761 5031 2014 5087 universa

427 5127 563 5179 dixit
594 5128 661 5180 ad
701 5143 788 5181 eos
814 5127 880 5181 ⁸⁸.
905 5129 982 5182 Ad
1010 5142 1145 5197 quos
1164 5128 1292 5184 ?,Ad
1325 5126 1678 5181 advenientes
1707 5124 2012 5179 daemonum

456 5220 673 5271 nntius.
714 5218 847 5272 Nam
891 5219 1023 5273 mihi
1080 5230 1317 5288 quatuor
1358 5216 1814 5288 praestolabantur
1842 5217 1914 5282 ei,
1961 5226 2016 5270 et

430 5324 663 5379 quatuor
683 5312 1022 5365 miseriarum
1042 5312 1456 5380 praedicationes
1480 5311 1529 5366 ei
1558 5308 1862 5383 aﬂ'erentes,
1880 5323 2012 5378 qua-

431 5413 555 5460 tuor
582 5403 1025 5458 lamcntabilibns
1055 5405 1267 5474 sagittis
1292 5418 1416 5459 eum
1442 5402 1785 5472 sagittantes.
1820 5400 2013 5456 Novis-

432 5498 568 5552 sima
602 5496 1001 5551 lamentabilior
1032 5496 1132 5551 fuit
1168 5505 1333 5567 atque
1364 5496 1562 5551 anima:
1593 5496 1849 5566 contigua
1881 5492 2017 5548 filio-

433 5605 551 5651 rum
591 5589 842 5660 perditio.
885 5590 964 5643 Ad
1017 5589 1149 5645 istos
1199 5604 1329 5658 ergo
1366 5599 1603 5659 quatuor
1639 5590 1731 5658 qui
1775 5596 2006 5658 przesto-

499 5764 539 5816 Ψ
572 5762 672 5821 Job
705 5780 762 5829 ιι,
804 5765 854 5820 ϐ.
936 5764 981 5797 ’⁸⁸
1001 5763 1099 5822 Job
1126 5763 1271 5843 1,271.
1344 5765 1385 5796 ³⁹
1422 5763 1548 5820 ibid.
1628 5762 1671 5795 ⁸⁰
1700 5761 1717 5819 l
1748 5762 1886 5823 Tim.
1914 5764 2073 5845 visi.

1952 4455 2089 4534 uti?

2116 3188 2312 3258 inquit,
2339 3202 2573 3252 mecum,
2596 3202 2773 3256 neque
2802 3186 3136 3256 malignitas,
3168 3200 3348 3256 neque
3389 3186 3702 3250 iracundia,

2116 3294 2296 3349 neque
2329 3279 2608 3349 superbia,
2644 3292 2819 3352 neque
2852 3278 3084 3343 invidia,
3117 3292 3289 3348 neque
3320 3277 3491 3344 zelus,
3522 3292 3707 3347 neque

2116 3371 2410 3442 cupiditas,
2444 3386 2619 3442 neque
2665 3371 2970 3427 alienarum
3020 3385 3201 3426 rerum
3236 3370 3564 3440 appetentis,
3600 3384 3703 3424 ne-

2115 3478 2221 3533 que
2255 3464 2602 3530 contumelia,
2642 3478 2820 3535 neque
2858 3462 3151 3528 calumnia,
3190 3476 3363 3531 neque
3413 3460 3703 3523 violentia,

2115 3569 2291 3626 neque
2320 3554 2677 3625 impudicitia,
2722 3569 2899 3627 neque
2926 3555 3173 3621 lascivia,
3205 3566 3382 3625 neque
3423 3552 3595 3608 ullum
3628 3567 3703 3609 ex

2115 3648 2202 3705 his
2233 3664 2353 3719 quae
2376 3648 2487 3703 Deo
2519 3649 2794 3705 contraria
2822 3656 2969 3704 sunt.
3021 3646 3144 3704 Istis
3177 3660 3413 3718 namque
3441 3644 3704 3701 omnibus

2116 3741 2294 3797 nudus
2320 3740 2408 3796 ibo
2447 3741 2549 3797 sub
2592 3748 2817 3795 terram.
2874 3739 2992 3796 Non
3024 3739 3171 3795 enim
3204 3754 3323 3795 sum
3350 3738 3473 3793 talis
3506 3737 3701 3808 Quales

2116 3833 2193 3887 illi
2216 3834 2283 3888 de
2306 3832 2505 3903 quibus
2532 3831 2733 3888 dicitur
2767 3849 2782 3887 :
2814 3832 2953 3901 Quia
2976 3849 3078 3887 non
3104 3834 3395 3888 habuerunt
3426 3841 3705 3902 tegumen-

2115 3935 2247 4001 tum,
2297 3923 2507 3994 inferno
2560 3926 2731 3980 vestiti
2795 3934 2932 3981 sunt.
2985 3922 3198 3989 Nudus,
3240 3924 3483 3994 inquam,
3540 3922 3705 3977 malis

2113 4018 2370 4075 omnibus
2415 4017 2506 4074 ibo
2543 4018 2644 4073 sub
2671 4026 2897 4083 terram,
2956 4017 3132 4073 nudus
3161 4016 3338 4082 malis,
3382 4015 3538 4071 bonis
3566 4030 3707 4070 vero

2114 4109 2366 4168 omnibus
2406 4109 2648 4173 indutus,
2692 4110 2903 4180 iustitia
2938 4110 3189 4173 vestitus,
3247 4109 3541 4166 sanctitate
3589 4108 3705 4167 cir-

2115 4204 2421 4270 cumdatus,
2455 4202 2720 4257 charitate
2758 4212 3008 4267 ornatus,
3042 4201 3412 4257 misericordia
3451 4216 3515 4256 ac
3541 4199 3704 4257 bonis

2114 4290 2369 4364 operibus
2390 4302 2705 4349 coronatus.
2735 4293 2885 4349 Beati
2912 4302 3059 4358 sunt,
3078 4303 3132 4349 et
3156 4293 3301 4348 beati
3326 4301 3513 4357 erunt,
3535 4307 3568 4349 ο
3584 4293 3706 4362 glo-

2118 4387 2261 4442 riose
2293 4385 2435 4442 Job!
2467 4400 2659 4440 omnes
2680 4385 2770 4456 qui
2813 4393 2868 4441 te
2892 4384 3091 4440 imitati
3125 4383 3347 4449 fuerint,
3382 4392 3573 4439 omnes
3610 4384 3703 4454 qui

2117 4486 2236 4547 post
2271 4488 2322 4533 te
2345 4477 2622 4548 potuerint
2645 4493 2765 4531 cum
2793 4476 2989 4532 fiducia
3013 4478 3194 4533 dicere
3212 4495 3226 4536 :
3247 4477 3441 4532 Nudus
3469 4478 3609 4532 exiri
3638 4476 3709 4537 de

2117 4579 2263 4624 utero
2285 4569 2471 4624 matris
2501 4585 2650 4633 mete,
2677 4570 2850 4624 nudus
2877 4578 2925 4623 et
2953 4569 3038 4624 ibo
3070 4570 3126 4623 in
3160 4582 3353 4623 terram
3372 4582 3391 4621 :
3409 4568 3503 4637 qui
3528 4567 3701 4621 etiam

2118 4677 2236 4716 cum
2260 4662 2517 4733 Apostolo
2547 4663 2728 4718 dicere
2761 4662 3028 4717 veraciter
3050 4671 3306 4732 possunt:
3341 4660 3494 4715 Nihil
3523 4660 3704 4715 intuli-

2119 4769 2234 4808 mus
2248 4755 2303 4809 in
2326 4756 2464 4809 hunc
2482 4754 2759 4820 mundum,
2775 4764 3132 4827 uerumtamen
3148 4769 3242 4809 nec
3254 4753 3466 4822 auferre
3493 4753 3701 4822 aliquid

2120 4860 2392 4916 possumus
2422 4847 2492 4900 “.
2525 4845 2616 4902 Va:
2648 4856 2829 4901 autem
2860 4846 2965 4902 illis
2995 4846 3086 4916 qui
3118 4847 3246 4902 nudi
3278 4844 3497 4917 quidem
3533 4858 3704 4899 vene-

2122 4946 2270 5005 runt,
2302 4939 2603 4996 innumeris
2654 4948 2836 4996 autem
2874 4938 3158 5007 injustitiis
3208 4947 3372 5007 atque
3402 4936 3704 5005 impietati-

2119 5029 2245 5096 bus,
2270 5031 2590 5087 crudelitate
2621 5047 2841 5103 quoque
2880 5040 3045 5102 atque
3088 5030 3415 5086 infidelitate
3441 5027 3659 5085 onerati
3685 5065 3703 5092 ,

2120 5129 2285 5191 atque
2322 5122 2647 5191 praegravati
2702 5123 2853 5178 ibunt
2888 5122 2945 5177 in
2974 5128 3202 5178 terram.
3245 5118 3563 5189 Huiusmodi
3603 5133 3703 5173 ve-

2120 5216 2353 5268 stientur
2375 5214 2685 5269 calamitate
2710 5225 2872 5284 atque
2905 5215 3151 5280 miseria,
3179 5214 3233 5268 in
3264 5213 3354 5268 die
3380 5212 3511 5281 justi
3539 5220 3706 5280 atque

2120 5322 2406 5376 personam
2443 5323 2547 5363 nou
2602 5306 3134 5378 accipientisjudicii
3166 5306 3286 5364 Dei.
3317 5303 3515 5359 Nudus
3568 5303 3707 5359 exivi

2118 5401 2183 5453 de
2214 5411 2364 5454 utero
2389 5400 2576 5453 matris
2607 5416 2758 5465 meat,
2792 5399 2935 5455 sicut
2960 5409 3013 5455 el
3057 5413 3247 5455 omnes
3280 5398 3555 5465 homines,
3590 5397 3707 5452 sic-

2119 5499 2176 5544 ut
2236 5501 2290 5546 et
2325 5491 2502 5546 omnis
2541 5506 2694 5556 caro,
2731 5492 2880 5547 sicut
2924 5500 2979 5546 et
3032 5504 3227 5547 omnes
3269 5490 3659 5560 corruptibiles
3684 5527 3701 5553 ,

2121 5584 2296 5662 nudus
2343 5593 2391 5639 et
2423 5584 2507 5639 ibo
2555 5585 2608 5639 in
2635 5593 2851 5661 terram.
2901 5582 3015 5661 Hoc
3045 5584 3218 5654 ipsqu
3246 5598 3479 5653 namque
3510 5595 3708 5652 exspe-
