3884 6218
301 321 400 379 Ml

1430 316 1813 375 ANONYMUS
1849 314 1914 370 IN
1948 314 2089 370 JOB.
2126 340 2195 353 --
2231 311 2360 369 LIB.
2398 314 2440 366 l.

3451 306 3585 363 με

303 453 461 500 ctant
498 455 711 505 omnes,
739 441 866 512 quia
908 441 1051 497 idem
1073 450 1159 495 est
1186 440 1443 496 introitus
1472 442 1728 497 omnibus
1752 482 1767 507 ,
1824 451 1874 495 et
1908 445 1950 500 Α
1981 448 2035 491 ut
2073 435 2297 490 Domino
2324 432 2525 499 placuit
2576 431 2652 484 ita
2679 429 2879 499 factum
2906 438 3002 489 est.
3031 429 3102 483 sit
3127 443 3316 482 nomen
3340 425 3553 481 Domini

302 537 485 591 exitus
511 533 725 599 similis,
760 535 876 589 sive
919 549 1038 599 rex,
1097 533 1214 589 sive
1258 532 1507 599 fannilus,
1543 536 1658 589 sive
1685 535 1837 590 dives
1861 573 1877 600 ,

303 629 421 683 sive
444 642 668 698 egenus,
696 627 814 680 sive
845 641 1095 695 magnus,
1123 626 1236 680 sive
1269 627 1496 696 pusillus
1525 668 1541 692 ,
1572 628 1689 683 sive
1721 628 1879 694 liber,

304 722 423 775 sive
448 735 662 785 servus,
719 720 893 773 nudus
943 719 1043 773 ihit
1088 720 1139 773 in
1178 728 1403 782 terram,
1438 735 1537 774 nec
1587 720 1879 790 quidquam

303 814 450 868 valet
481 812 697 866 auferre
727 826 933 867 secum.
962 812 1094 865 Nam
1125 821 1179 866 et
1206 812 1308 866 hoc
1354 812 1528 880 ipsum
1560 813 1703 881 quod
1751 827 1878 867 eum

306 920 534 975 corpore
562 904 815 969 mittitur,
850 919 953 959 non
988 903 1196 959 auferet
1229 919 1439 960 secum.
1467 903 1772 959 Nonautem
1804 920 1885 961 se-

305 1012 429 1051 cum
463 996 591 1051 illud
627 995 801 1059 tollet,
853 995 979 1064 quia
1014 1011 1119 1050 non
1162 997 1353 1062 sentit,
1382 998 1509 1066 quia
1544 1011 1648 1051 non
1681 997 1884 1051 intelli-

306 1090 405 1159 git,
428 1089 555 1157 quia
589 1096 733 1141 terra
768 1086 1019 1150 eﬂicitur,
1060 1089 1187 1157 quia
1233 1089 1285 1141 in
1338 1088 1744 1143 resurrectione
1775 1104 1882 1143 non

305 1181 553 1251 corporis
577 1180 876 1250 sepultura,
903 1184 997 1236 sed
1023 1181 1217 1239 anima:
1247 1179 1380 1235 ﬁdes
1411 1189 1466 1235 et
1498 1182 1691 1250 pietas,
1720 1181 1885 1237 mise-

309 1272 541 1327 ricordia
600 1287 817 1342 quoque
871 1282 924 1327 et
977 1272 1263 1327 sinceritas
1312 1273 1631 1341 requiritur.
1690 1272 1883 1328 Nudus

306 1365 441 1419 exivi
467 1366 531 1418 de
558 1374 705 1417 utero
735 1365 924 1419 matris
960 1380 1108 1427 mete,
1148 1365 1320 1417 nudus
1352 1374 1402 1417 et
1432 1366 1516 1417 ibo
1540 1366 1634 1418 sub
1668 1374 1883 1419 terram.

307 1458 589 1527 Tanquam
650 1460 694 1513 si
756 1458 962 1512 diceret
994 1472 1009 1511 :
1045 1459 1087 1510 Ο
1118 1457 1218 1511 viri
1246 1457 1549 1527 prudentiae
1583 1468 1746 1526 atque
1798 1473 1887 1513 sa.

308 1548 549 1617 pientiaa,
575 1548 722 1618 quod
752 1558 835 1603 est
870 1548 1103 1602 mortale
1152 1547 1255 1601 hoc
1308 1547 1709 1611 indumentum,
1765 1564 1886 1617 quae

306 1646 391 1699 est
448 1639 560 1692 haec
612 1651 945 1707 supervacua
985 1637 1181 1707 gloria,
1238 1652 1360 1706 qua:
1391 1647 1521 1692 sunt
1550 1646 1780 1693 terrente
1806 1639 1887 1693 hae

308 1738 473 1797 atque
499 1728 681 1782 inﬁdae
702 1728 923 1795 divitiae,
949 1742 1070 1797 qua:
1090 1738 1217 1782 sunt
1239 1728 1399 1782 hodie
1419 1736 1472 1782 et
1500 1728 1743 1783 crastina
1779 1745 1882 1784 non

1983 529 2338 584 benedictum.
2372 523 2769 579 Lamentabiles
2796 563 2811 587 ,
2878 521 3077 590 inquit,
3119 522 3186 574 ad
3241 534 3327 574 me
3359 520 3555 573 misisti

1986 623 2228 683 riuntios,
2256 633 2290 671 o
2321 613 2558 681 diabole,
2592 624 2650 670 et
2678 614 2872 669 noxios
2900 624 3068 682 atque
3095 610 3559 665 immisericordes

1986 722 2089 767 tute
2120 710 2382 779 nequitia:
2420 709 2647 779 legatos,
2681 720 2774 775 per
2804 721 2942 776 quos
2975 720 3061 758 me
3109 702 3423 758 crudelibus
3454 713 3559 756 tusc

1984 804 2286 874 iniquitatis
2313 801 2577 872 sagittain
2598 800 2831 871 sagittis,
2853 813 2988 867 quas
3005 812 3124 867 ego,
3155 796 3352 864 inquit,
3371 809 3561 849 omnes

1985 894 2285 950 identidem
2325 896 2377 949 in
2416 904 2466 949 te
2499 904 2833 956 convertam,
2870 891 3177 946 crudeliora
3201 888 3442 944 efﬁciens
3466 887 3557 941 tibi

1985 988 2249 1058 in‘spiritu
2280 971 2527 1043 vulnera.
2548 987 2828 1049 Dominus,
2853 986 3096 1054 inquam,
3113 985 3280 1052 dedit,
3303 983 3560 1037 Dominus

1984 1081 2221 1146 abstulit,
2252 1082 2387 1135 sicut
2421 1080 2644 1134 Domino
2698 1079 2899 1140 placuit
2948 1079 3021 1130 ita
3059 1077 3261 1146 factum
3314 1084 3413 1129 est.
3447 1074 3562 1129 Hoc

1988 1174 2088 1229 fuit
2125 1173 2344 1228 diabolo
2378 1172 2592 1236 vulnus,
2624 1172 2726 1225 hoc
2758 1170 2859 1224 fuit
2900 1169 3113 1225 diabolo
3138 1167 3359 1223 afﬂictio
3379 1176 3436 1222 et
3465 1168 3563 1221 do-

1985 1268 2089 1331 lor,
2124 1265 2401 1320 tribulatio
2435 1278 2653 1331 quoque
2696 1273 2858 1332 atque
2918 1263 3163 1331 angustia
3205 1280 3218 1315 :
3278 1261 3402 1329 quia
3436 1276 3562 1314 cum

1986 1365 2138 1425 putat
2186 1362 2242 1409 et
2265 1355 2379 1407 vult
2409 1354 2801 1423 blasphemiam
2836 1353 3025 1407 audire
3054 1370 3081 1404 a
3115 1350 3241 1417 Joh,
3284 1365 3339 1405 et
3371 1366 3560 1419 repre-

1988 1446 2301 1502 hensionem
2320 1461 2383 1500 ac
2400 1444 2743 1498 maledictum
2773 1443 2825 1497 in
2856 1443 3043 1505 Deum,
3065 1441 3459 1497 confessionem
3482 1450 3565 1493 st-

1987 1555 2091 1609 qne
2120 1539 2417 1609 gratiarum
2450 1537 2717 1591 actionem
2742 1536 2969 1590 audivit.
3006 1535 3121 1589 Hoc
3142 1534 3346 1588 factum
3374 1542 3457 1589 est
3486 1533 3562 1588 illi

1988 1633 2128 1704 ignis
2157 1635 2444 1699 devorans,
2484 1636 2585 1688 hoc
2610 1632 2811 1687 factum
2845 1640 2930 1685 est
2957 1630 3033 1685 illi
3084 1630 3393 1684 incendium
3432 1643 3564 1697 per-

1989 1726 2313 1793 urens,quia
2337 1724 2438 1778 hoc
2460 1724 2665 1778 audivit
2682 1724 2826 1792 quod
2851 1737 2957 1777 non
2984 1720 3241 1790 sperabat
3265 1736 3279 1775 :
3308 1720 3565 1774 Dominus

308 1791 456 1887 sunt,
488 1834 608 1889 qua:
653 1820 814 1874 hodie
846 1791 1078 1874 irrident
1107 1820 1268 1873 istum
1300 1860 1316 1885 ,
1374 1819 1614 1874 crastina
1641 1834 1772 1875 vero
1798 1820 1885 1874 die
1919 1791 1957 1845 Β
1992 1813 2157 1878 dedit,
2192 1791 2239 1870 et
2276 1814 2532 1869 Dominus
2558 1791 2798 1877 abstulit,
2822 1815 2954 1867 sicut
2987 1812 3214 1866 Domino
3261 1812 3458 1880 placuit
3483 1811 3566 1863 ita

308 1921 444 1968 eunt
475 1912 540 1965 ad
577 1911 786 1965 alium?
816 1910 1021 1967 Fumus
1044 1920 1127 1965 est
1152 1909 1429 1974 deﬁciens,
1466 1909 1565 1966 llos
1593 1920 1679 1966 est
1709 1921 1884 1967 trans-

308 2006 463 2069 iens,
509 2006 673 2061 herba
697 2014 1096 2060 estarescens:
1134 2012 1189 2057 et
1213 2004 1304 2072 qui
1340 2004 1543 2059 habent
1593 2004 1731 2067 illas,
1764 2014 1884 2058 tan-

308 2111 472 2166 quam
506 2111 612 2150 non
640 2097 904 2161 habeant,
932 2095 1057 2165 quia
1082 2093 1285 2149 diutius
1305 2110 1410 2149 non
1437 2095 1637 2150 habent
1669 2115 1683 2153 :
1716 2108 1772 2150 et
1793 2097 1883 2165 qui

309 2204 417 2243 non
456 2188 658 2243 habent
698 2188 842 2250 illas,
892 2196 1153 2257 tanquam
1210 2188 1341 2242 nihil
1392 2187 1698 2249 amiserint,
1758 2190 1882 2257 quia

311 2293 418 2333 non
447 2289 828 2348 permanenter
854 2278 1256 2348 relinquuntur.
1280 2275 1473 2333 Nudus
1493 2281 1630 2335 exivi
1654 2282 1717 2334 de
1739 2293 1887 2335 utero

311 2371 497 2435 matris
529 2386 681 2434 mena,
715 2386 912 2439 corpus
942 2371 1147 2425 habens
1178 2381 1386 2427 tantum
1417 2384 1583 2441 atque
1623 2374 1881 2436 animam,

311 2462 486 2515 nudus
505 2472 553 2516 et
579 2463 663 2516 ibo
688 2463 784 2517 sub
816 2473 1036 2518 terram.
1070 2465 1223 2521 Sicut
1248 2467 1389 2530 veni,
1411 2467 1482 2520 ita
1509 2477 1564 2521 et
1590 2466 1701 2533 ibo,
1733 2465 1809 2519 ita
1832 2476 1889 2520 et

313 2567 473 2620 exeo,
513 2553 688 2609 aliena
718 2566 914 2610 cuncta
969 2557 1302 2627 relinquens,
1335 2573 1458 2612 cum
1488 2573 1718 2626 corpore
1769 2558 1887 2613 solo

311 2646 423 2715 ibo,
457 2656 617 2715 atque
646 2650 828 2704 anima
869 2650 1135 2705 transibo.
1161 2651 1291 2717 Qua;
1324 2652 1531 2722 accepi,
1558 2652 1757 2721 inquit,
1792 2652 1890 2705 ha-

312 2734 439 2799 beo,
474 2750 593 2804 quae
634 2736 788 2791 attuli
831 2753 934 2792 non
974 2740 1151 2793 atnisi.
1188 2740 1470 2809 Superﬁua
1516 2743 1697 2797 omnia
1728 2742 1886 2797 dere-

312 2827 565 2895 linquens
598 2828 769 2883 nudus
800 2828 881 2882 ibo
911 2829 1055 2887 illuc.
1104 2831 1252 2898 Illuc,
1286 2833 1485 2902 inquit,
1541 2847 1650 2902 quo
1708 2832 1836 2887 illuc
1864 2833 1888 2886 ?

312 2918 553 2973 Primum
580 2922 796 2990 quidem
822 2922 947 2976 illuc
982 2923 1069 2978 ibo
1116 2940 1225 2994 quo
1275 2940 1463 2980 omnes
1509 2925 1721 2995 priores
1772 2926 1875 2980 mei

315 3012 520 3081 ierunt,
547 3030 657 3083 quo
685 3030 873 3071 omnes
895 3017 1157 3085 abinitio,
1188 3018 1311 3073 illuc
1338 3019 1391 3073 in
1422 3027 1624 3075 terram
1656 3028 1886 3077 matrem

313 3104 579 3171 omnium,
622 3106 672 3160 in
721 3116 920 3161 terram
959 3108 1200 3162 omnium
1253 3109 1494 3163 domum.
1529 3108 1697 3164 Terra
1729 3125 1886 3162 nam-

314 3212 421 3265 que
451 3207 534 3251 est
567 3198 760 3253 domus
781 3199 1024 3252 omnium
1054 3198 1393 3253 mortalium.
1446 3197 1581 3252 llluc
1617 3213 1728 3267 quo
1759 3198 1892 3254 abiit

314 3289 407 3342 ille
436 3288 502 3341 ad
532 3304 690 3357 quem
748 3289 949 3344 dictum
996 3300 1117 3344 est:
1155 3288 1320 3343 Terra
1378 3307 1455 3354 es,
1508 3300 1560 3345 et
1612 3292 1670 3344 in
1701 3302 1895 3346 terram

315 3382 423 3435 ibis
454 3380 523 3436 ⁸³.
561 3382 673 3445 Illo,
707 3384 903 3464 inqui},
935 3382 1023 3437 ibo
1055 3384 1230 3437 nudus
1279 3383 1423 3437 sicut
1458 3392 1511 3438 et
1538 3385 1714 3439 nudus
1746 3386 1893 3440 veni.

314 3474 425 3528 Aut
458 3473 633 3527 adhuc
664 3473 776 3541 illo,
811 3474 985 3544 inquit
1019 3516 1034 3541 ,
1082 3475 1171 3530 ibo
1219 3475 1307 3529 ubi
1362 3483 1490 3530 sum
1540 3476 1894 3531 tabernacula

310 3564 609 3631 iustorum,
637 3565 729 3619 ubi
775 3576 900 3620 sunt
927 3576 1246 3624 sanctorum
1278 3565 1484 3635 gloriae,
1520 3567 1610 3621 ubi
1650 3578 1731 3622 est
1762 3567 1896 3623 ﬁde—

317 3657 451 3712 lium
500 3658 739 3726 requies,
781 3657 871 3711 ubi
929 3667 1015 3711 est
1049 3657 1262 3727 piorum
1294 3656 1619 3723 consolatio,
1665 3660 1751 3713 ubi
1812 3670 1895 3713 est

318 3747 754 3803 misericordium
794 3748 1109 3813 lnereditas,
1146 3749 1234 3802 ubi
1282 3757 1364 3804 est
1423 3749 1892 3806 immaculatornm

317 3841 622 3903 beatitudo,
657 3840 742 3894 ubi
779 3851 864 3894 est
906 3840 1185 3895 veracium
1241 3841 1426 3895 lzetitia
1484 3852 1539 3896 et
1577 3843 1889 3898 exsultatio.

326 3986 329 3989 .
365 3932 448 3986 luc
472 3932 582 3996 ibo,
616 3932 707 3986 ubi
736 3941 819 3985 est
852 3932 940 3985 lux
972 3942 1025 3987 et
1052 3933 1183 3997 vita,
1210 3932 1300 3987 ubi
1327 3943 1410 3988 est
1432 3933 1603 4003 gloria
1628 3934 1896 4003 'etjucun-

318 4026 481 4091 ditas,
510 4024 602 4079 ubi
638 4034 722 4079 est
756 4023 941 4079 laetitia
965 4034 1020 4078 et
1044 4023 1363 4088 exsultatio,
1396 4025 1480 4078 vel
1515 4026 1657 4081 unde
1687 4027 1896 4099 aufugit

319 4116 496 4181 dolor,
532 4116 753 4171 tristitia
787 4126 842 4170 et
868 4116 1123 4185 gemitus,
1152 4116 1242 4171 ubi
1265 4116 1660 4173 obliviscentur
1684 4121 1897 4190 priores

318 4209 701 4277 tribulationes
728 4208 813 4263 ha:
840 4223 963 4277 qua:
987 4218 1115 4262 sunt
1146 4210 1200 4264 in
1224 4226 1453 4279 corpore
1477 4228 1642 4283 super
1669 4224 1893 4269 terram.

328 4303 463 4357 Illuc
490 4303 600 4368 ibo,
642 4302 732 4355 uhi
769 4310 852 4355 est
889 4303 1296 4360 tribulationum
1347 4307 1635 4377 depositio,
1672 4307 1765 4363 ubi
1812 4317 1898 4363 est

319 4398 690 4453 remuneratio
721 4397 990 4462 laborum,
1019 4386 1109 4455 ubi
1152 4398 1389 4454 Abrahae
1416 4402 1587 4466 sinus,
1634 4401 1721 4456 ubi
1746 4400 1897 4457 Isaac

1992 1905 2188 1975 factum
2223 1915 2323 1969 est,
2349 1906 2416 1959 sit
2449 1921 2635 1959 nomen
2663 1905 2874 1959 Domini
2898 1904 3225 1957 benedictum
3253 1904 3311 1957 in
3344 1902 3562 1960 saecula.

1994 1996 2107 2052 Non
2150 1999 2295 2053 enim
2331 2009 2540 2066 tantum
2579 2000 2873 2068 tetigerunt
2905 1998 3002 2055 lob
3036 1998 3416 2054 lamentabiles
3450 1998 3568 2052 istac

1992 2094 2195 2149 diaboli
2228 2096 2459 2163 sagittis,
2484 2105 2744 2165 quantum
2774 2095 3199 2149 vulneraverunt
3229 2108 3352 2149 eum
3387 2092 3567 2147 since-

2002 2203 2077 2241 ra:
2104 2187 2222 2256 ejus
2254 2190 2553 2259 gratiarum
2578 2190 2837 2245 actiones.
2872 2189 3136 2244 Dominus
3166 2190 3334 2250 dedit,
3378 2198 3426 2242 et
3460 2187 3570 2241 Do-

1993 2280 2167 2334 minus
2206 2280 2443 2334 abstulit.
2473 2280 2704 2347 Quando
2736 2281 2929 2343 voluit,
2957 2280 3156 2351 inquit,
3188 2280 3336 2334 dedit
3374 2289 3435 2334 ut
3460 2279 3564 2335 bo-

1999 2388 2120 2436 nus,
2139 2380 2194 2426 et
2216 2375 2431 2441 quando
2449 2374 2617 2429 voluit
2653 2374 2970 2441 identidem,
2997 2384 3057 2429 ut
3090 2375 3295 2429 habens
3326 2381 3568 2440 potesta-

1998 2472 2103 2517 tem
2131 2464 2372 2518 abstulit.
2410 2466 2667 2521 Dominus
2696 2466 2857 2532 dedit,
2912 2476 2961 2521 et
3013 2466 3270 2521 Dominus
3323 2466 3567 2520 abstulit.

1998 2556 2177 2619 Dedit,
2201 2556 2397 2626 inquit,
2425 2567 2485 2612 ut
2512 2559 2816 2613 innotescat
2843 2573 3005 2627 quam
3038 2558 3209 2613 ﬁdelis
3237 2558 3337 2612 sim
3365 2594 3379 2619 ,
3406 2570 3568 2626 quam

1996 2649 2081 2719 pie
2116 2651 2461 2719 dispensant,
2513 2666 2677 2719 quam
2731 2652 3160 2708 misericorditer
3221 2653 3568 2709 distribuam.

1994 2742 2229 2796 Abstulit
2249 2752 2456 2804 autem,
2486 2753 2544 2796 nt
2571 2754 2829 2813 appareat
2858 2745 3127 2813 quomodo
3158 2747 3365 2815 gratias
3388 2760 3566 2818 agam,

1997 2832 2268 2899 quomodo
2295 2833 2579 2897 conﬁtear,
2637 2834 2912 2902 quomodo
2965 2835 3208 2897 adorem,
3250 2835 3371 2905 plus
3424 2851 3570 2893 nunc

1998 2923 2158 2978 rebus
2187 2923 2437 2986 sublatis,
2464 2939 2627 2993 quam
2664 2925 2873 2995 pridem
2911 2927 3072 2981 datis.
3107 2926 3370 2982 Dominus
3397 2928 3567 2991 dedit,

1999 3025 2045 3073 et
2070 3017 2329 3072 Dominus
2350 3016 2588 3072 abstulit.
2607 3017 2762 3072 Dedit
2784 3033 2879 3073 sua
2902 3022 3164 3074 etiternm
3189 3022 3411 3075 abstulit
3435 3035 3569 3086 sua;

1997 3127 2117 3184 ego,
2147 3111 2342 3181 inquit,
2381 3109 2518 3164 nihil
2558 3110 2741 3174 amisi,
2780 3112 2986 3166 nullum
3023 3126 3218 3181 passus
3240 3128 3359 3167 sum
3396 3114 3571 3169 detrie

2001 3213 2262 3259 mentum.
2310 3201 2502 3257 Merito
2554 3213 2840 3272 postquam
2869 3217 2999 3258 usus
3033 3219 3152 3257 sum
3191 3203 3423 3271 reddidi,
3459 3220 3573 3257 mu.

1997 3296 2169 3351 tuanti
2210 3296 2342 3350 mihi
2372 3310 2433 3349 ea
2462 3296 2666 3364 gratias
2700 3309 2889 3365 agens.
2920 3293 3180 3349 Dominus
3207 3295 3369 3362 dedit,
3392 3305 3442 3349 et
3473 3293 3577 3349 Do-

1993 3389 2167 3442 minus
2190 3386 2426 3450 abstulit,
2456 3387 2589 3441 sicut
2622 3385 2844 3439 Domino
2868 3385 3070 3454 placuit
3101 3386 3179 3439 ita
3218 3386 3430 3447 factum
3459 3394 3575 3450 est;

1994 3480 2062 3531 sit
2090 3494 2276 3531 nomen
2308 3476 2520 3531 Domini
2557 3475 2910 3531 benedictum.
2942 3475 3081 3541 Quid
3131 3476 3286 3540 dicis,
3329 3492 3362 3530 ο
3418 3477 3579 3539 δείδια

1997 3569 2134 3629 Job?
2163 3570 2422 3626 Dominus
2451 3584 2577 3625 vere
2623 3569 2791 3631 dedit,
2843 3570 2940 3624 sed
2997 3584 3104 3623 non
3140 3568 3400 3624 Dominus
3445 3583 3580 3624 vere

1995 3662 2239 3729 abstulit,
2274 3659 2369 3717 sed
2401 3662 2620 3718 abstulit
2648 3663 2893 3717 omnium
2926 3663 3180 3716 inimicus
3208 3673 3264 3716 et
3294 3662 3573 3733 nequissi-

1996 3770 2117 3809 mus
2146 3754 2493 3809 adversarius
2546 3764 2708 3822 atque
2758 3754 2974 3808 invidus
3003 3754 3274 3809 diabolus.
3314 3755 3576 3811 Dominus

1997 3845 2164 3911 dedit,
2198 3847 2291 3900 sed
2332 3844 2675 3900 adversarius
2700 3845 2946 3900 abstulit.
2976 3846 3244 3901 Dominus
3294 3845 3465 3911 dedit,
3520 3856 3575 3902 et

1997 3939 2248 3995 inimicus
2271 3939 2458 4007 refuga
2486 3936 2737 3992 abstulit.
2766 3937 2939 3992 Porro
2962 3939 3005 3993 si
3049 3938 3303 3993 diabolus
3326 3938 3569 4005 abstulit,

1996 4032 2265 4100 quomodo
2305 4030 2438 4085 dicit
2465 4029 2567 4085 Job
2593 4031 2735 4098 quod
2777 4031 3037 4107 Dominus
3066 4031 3391 4086 abstulerit?
3420 4032 3577 4103 igno-
3623 4060 3630 4066 -

2000 4138 2126 4177 rans
2161 4131 2323 4190 atque
2355 4137 2453 4192 per
2476 4123 2837 4190 suspicionem
2862 4122 3017 4177 dicit.
3052 4121 3283 4176 Putabat.
3312 4122 3459 4175 enim
3491 4129 3575 4174 at-

1999 4230 2106 4284 que
2134 4214 2510 4268 arbitrabatur
2526 4215 2668 4283 quod
2693 4215 2949 4268 Dominus
2971 4214 3277 4279 abstulerit,
3300 4227 3355 4270 et
3368 4216 3576 4270 nescie-

1997 4309 2091 4363 bat
2122 4308 2262 4377 quod
2286 4307 2534 4361 diabolus
2568 4308 2808 4369 abstulit,
2854 4308 3187 4363 concedente
3227 4308 3456 4363 Domino
3489 4319 3573 4362 al-

1997 4414 2105 4468 que
2140 4398 2512 4468 permittente.
2561 4398 2700 4468 Ergo
2733 4399 2870 4453 dicit
2907 4396 3048 4453 Job:
3107 4399 3362 4453 Dominus
3390 4400 3529 4453 dedit
3556 4442 3572 4461 ,

318 4489 645 4560 proprietas,
706 4490 795 4542 ubi
850 4490 1016 4545 Israel
1078 4489 1389 4555 familiaris,
1430 4492 1522 4547 ubi
1580 4500 1892 4548 sanctorum
1930 4504 1970 4556 ι)
2004 4492 2257 4546 Dominus
2290 4492 2703 4556 abstulit;sicut
2732 4491 2960 4545 Domino
2995 4491 3194 4561 placuit
3251 4492 3325 4544 ita
3374 4491 3577 4560 factum

320 4581 537 4647 animae,
575 4581 663 4634 ubi
697 4581 1013 4650 angelorum
1062 4584 1239 4647 chori,
1294 4585 1383 4638 ubi
1444 4584 1891 4655 archangelorum

320 4688 508 4733 voces.
544 4673 631 4726 ubi
662 4671 901 4741 Spiritus
927 4675 1099 4728 sancti
1126 4675 1448 4730 illuminatio
1473 4716 1489 4739 ,
1542 4676 1633 4731 ubi
1684 4676 1889 4731 Christi

320 4778 578 4833 regnum,
640 4763 729 4818 ubi
760 4764 950 4818 aeterni
988 4764 1083 4820 Dei
1150 4765 1330 4820 Patris
1362 4768 1562 4822 infecta
1600 4767 1770 4835 gloria
1810 4777 1893 4821 at-

321 4868 428 4923 que
450 4853 643 4907 beatus
675 4864 1022 4923 conspectus.
1055 4851 1208 4921 Illuc,
1240 4855 1440 4924 inquit,
1474 4856 1585 4919 ibo,
1619 4854 1745 4909 illuc
1766 4868 1891 4923 per-

321 4944 559 5010 veniam,
617 4959 723 5001 non
761 4944 1189 5014 reprehendens,
1221 4958 1326 4999 non
1392 4944 1756 5011 maledicens,
1786 4958 1893 4998 non

320 5038 732 5106 blasphemans,
767 5053 872 5091 non
906 5036 1229 5103 criminans,
1268 5037 1362 5091 sed
1409 5038 1617 5108 gratias
1646 5050 1812 5103 agens
1844 5046 1898 5092 et

320 5132 613 5195 conﬁtens,
644 5142 809 5201 atque
840 5147 961 5186 cum
990 5132 1290 5201 gratiarum
1320 5131 1628 5186 actionibus
1670 5132 1852 5186 dicens
1880 5148 1893 5184 :

320 5222 583 5277 Dominus
610 5223 778 5288 dedit,
812 5223 1069 5276 Dominus
1093 5223 1333 5289 abstulit,
1367 5225 1500 5277 sicut
1533 5222 1755 5276 Domino
1782 5222 1899 5293 pla-

321 5317 451 5381 cuit,
487 5317 565 5370 ita
608 5317 810 5385 factum
857 5328 931 5370 est
960 5317 1029 5371 ⁸⁸.
1060 5316 1176 5373 Non
1210 5332 1307 5370 ero
1329 5356 1344 5379 ,
1396 5316 1605 5385 inquit,
1635 5316 1896 5384 ingratus,

320 5428 428 5466 non
453 5428 546 5467 ero
569 5412 981 5483 inﬁdigraphus,
1006 5414 1147 5469 sicut
1176 5424 1253 5478 tu,
1282 5411 1609 5477 adversarie;
1646 5425 1751 5465 non
1776 5411 1900 5465 red-

321 5505 443 5559 dam
477 5504 678 5559 malum
706 5519 806 5574 pro
836 5505 1000 5571 bono,
1033 5505 1177 5560 sicut
1206 5514 1281 5568 tu,
1318 5504 1505 5558 infelix
1532 5503 1773 5569 diabole;
1802 5502 1900 5558 sed

320 5598 605 5660 conﬁteor,
633 5600 760 5666 quia
782 5596 1035 5652 Dominus
1058 5597 1226 5663 dedit,
1252 5597 1511 5654 Dominus
1539 5596 1775 5664 abstulit,
1792 5597 1895 5653 sic-

391 5779 432 5809 "
471 5776 609 5847 (ica.
643 5793 725 5855 tu,
764 5778 851 5835 i9.
930 5780 974 5810 ⁵³
1001 5777 1098 5853 Job
1137 5794 1173 5845 t,
1200 5776 1291 5851 21.

2002 4594 2099 4637 est.
2135 4583 2259 4639 llmc
2295 4598 2527 4654 namque
2554 4583 2650 4638 fuit
2692 4584 2779 4638 illa
2810 4599 2938 4638 vere
2968 4598 3166 4654 magna
3195 4581 3300 4638 Job
3320 4592 3577 4638 constano

2003 4678 2097 4741 tia,
2130 4679 2271 4746 quod
2308 4677 2558 4733 nesciens
2586 4679 2715 4747 quia
2754 4678 3002 4733 diabolus
3030 4678 3296 4741 abstulit,
3350 4678 3578 4746 putabat

2001 4771 2142 4840 quod
2177 4770 2437 4825 Dominus
2469 4771 2777 4835 abstulerit,
2834 4782 2890 4826 et
2933 4772 3037 4827 hoc
3066 4781 3286 4841 putans,
3347 4769 3581 4831 Domino

2002 4862 2155 4932 quasi
2190 4861 2457 4917 auferenti
2480 4862 2686 4930 gratias
2716 4862 2850 4932 agit.
2880 4862 3159 4926 Dominus,
3186 4861 3383 4930 inquit,
3409 4860 3572 4925 dedit,

2004 4965 2051 5008 et
2077 4953 2334 5008 Dominus
2366 4954 2607 5019 abstulit,
2637 4954 2772 5008 sicut
2807 4953 3032 5008 Domino
3058 4953 3257 5023 placuit
3280 4955 3353 5006 ita
3377 4952 3579 5019 factum

2000 5054 2121 5111 est;
2174 5047 2241 5100 sit
2295 5063 2482 5100 nomen
2534 5046 2744 5100 Domini
2799 5047 3129 5100 benedictum
3164 5046 3219 5099 in
3262 5044 3481 5099 stccula.
3515 5043 3579 5100 Si

1998 5139 2142 5193 enim
2173 5140 2369 5195 scisset
2405 5138 2505 5195 Job
2525 5140 2666 5210 quod
2695 5140 2982 5195 adversmn
3019 5138 3290 5195 diabolum
3318 5137 3573 5200 habebat,

2002 5233 2204 5302 etquia
2238 5233 2481 5287 diabolus
2513 5249 2637 5288 cum
2680 5234 2774 5288 illo
2806 5236 2913 5289 hoc
2965 5234 3175 5289 bellum
3216 5232 3468 5296 faciebat,
3522 5240 3578 5283 et

2007 5326 2140 5395 quia
2176 5326 2446 5396 malignus
2473 5327 2725 5382 inimicus
2761 5343 2872 5382 rem
2928 5327 3249 5383 familiarem
3283 5337 3338 5382 et
3364 5327 3502 5382 ﬁlios
3522 5327 3577 5385 ei

2002 5413 2320 5479 abstulerat,
2357 5415 2603 5485 profecto
2628 5420 2853 5473 omnino
2884 5419 2950 5472 ad
2990 5418 3215 5474 nihilum
3264 5417 3409 5488 ipsas
3456 5425 3576 5470 ten-

2002 5507 2233 5562 tationcs
2259 5507 2574 5573 deduceret,
2613 5523 2668 5564 et
2696 5511 2749 5564 in
2806 5511 3139 5567 derisiouem
3168 5510 3318 5563 illum
3347 5508 3577 5587 habens,

2001 5599 2277 5656 evidenter
2310 5601 2578 5659 adversus
2627 5603 2903 5663 inimicum
2957 5604 3230 5660 resisteret
3286 5610 3343 5656 et
3387 5610 3585 5678 aperte
