3880 6212
324 300 431 357 4'53

1451 298 1837 358 ANONYMUS
1875 300 1944 355 IN
1982 300 2124 358 JOB.
2167 334 2234 343 —
2267 300 2393 356 LIB.
2435 299 2475 355 1.

3475 295 3591 349 ιιι

322 424 585 479 adversus
610 430 855 491 apertum
891 422 1105 478 hostem
1133 431 1323 479 staret.
1363 422 1521 479 Nunc
1543 438 1676 480 vero
1707 425 1895 482 inimi-
1926 434 1974 490 Α
2001 425 2143 494 quod
2180 425 2294 479 vult
2326 422 2605 484 Dominus,
2637 421 2743 475 vita
2773 429 2877 484 est,
2912 419 3003 475 lux
3050 428 3154 485 est,
3197 417 3416 487 requies
3444 425 3529 472 est
3561 456 3578 479 ,

324 529 422 567 cus
455 513 671 582 quidem
709 514 813 568 hoc
860 514 1059 569 celavit
1091 514 1357 581 diabolus,
1405 530 1529 571 cum
1563 516 1695 572 istos
1727 518 1775 570 ei
1815 517 1891 570 in-

323 606 493 662 ferret
519 605 776 661 labores:
828 606 1287 661 clementissimus
1333 616 1515 661 autem
1553 607 1811 663 Dominus
1846 608 1899 661 in

322 698 633 767 suspicione
661 707 777 751 erat
812 706 868 751 et
926 696 1279 751 incusabatur
1318 698 1403 751 bis
1435 698 1712 753 omnibus.
1765 697 1896 750 Nam

322 803 444 842 cum
482 788 683 841 diceret
713 786 995 842 diabolus:
1027 786 1173 857 Ignis
1201 788 1387 841 cecidit
1404 788 1469 842 de
1492 789 1641 851 caelo,
1663 788 1899 852 et,Sub-

320 880 395 932 ito
429 879 651 946 spiritus
694 878 831 931 venit
864 879 928 931 ab
970 895 1163 943 eremo,
1227 879 1395 933 Deum
1451 880 1735 934 incusabat
1778 882 1897 937 istis

317 970 617 1025 doloribus.
679 970 947 1026 Similiter
972 986 1093 1025 cum
1123 971 1365 1026 audisset
1397 970 1523 1037 Job,
1555 973 1700 1043 quod
1756 973 1899 1044 ignis

318 1063 513 1117 cecidit
539 1064 606 1117 de
643 1064 783 1118 ctelo
815 1072 871 1117 et
906 1064 1207 1119 combussit
1235 1080 1389 1130 oves,
1428 1072 1483 1120 et
1510 1067 1637 1137 quia
1668 1068 1897 1137 spiritus

315 1154 464 1207 venit
495 1156 562 1209 ab
587 1170 773 1210 eremo
817 1164 872 1209 et
914 1156 1068 1209 ruina
1116 1158 1317 1211 occidit
1365 1158 1485 1228 ejus
1535 1158 1718 1225 ﬁlios,
1767 1161 1894 1231 quid

317 1244 463 1298 aliud
496 1246 758 1313 suspicari
792 1254 1008 1315 poterat
1034 1247 1134 1301 nisi
1165 1249 1308 1315 quod
1340 1248 1480 1303 Deus
1512 1248 1587 1302 illi
1624 1250 1773 1318 ipsos
1802 1252 1895 1305 do-

315 1332 460 1389 lores
487 1334 704 1389 coalitus
757 1337 1117 1391 immisisset?
1147 1338 1229 1393 0b
1262 1338 1365 1393 hoc
1413 1357 1543 1411 ergo
1593 1345 1892 1409 praesertim

314 1428 695 1498 magniﬁcatur
718 1427 841 1494 Job,
868 1431 993 1500 quia
1028 1448 1149 1486 cum
1184 1432 1329 1489 Deus
1355 1435 1664 1504 suspicatur
1694 1436 1748 1490 in
1778 1437 1893 1492 istis

317 1517 491 1588 plagis
510 1533 574 1573 ac
602 1518 907 1587 doloribus,
934 1524 1174 1592 suscepit
1224 1541 1345 1578 cum
1376 1528 1687 1581 constantia
1726 1539 1891 1599 atque

316 1611 619 1680 gratiarum
665 1612 1011 1668 actionibus:
1053 1624 1107 1669 et
1154 1630 1257 1670 non
1292 1616 1448 1680 dixit,
1482 1616 1617 1686 quid
1671 1621 1889 1685 peccavi

312 1703 458 1757 circa
490 1711 543 1757 te
571 1712 626 1756 ut
654 1702 781 1757 talia
816 1707 995 1773 patiar
1020 1722 1082 1760 ex
1118 1706 1213 1761 te?
1250 1708 1355 1763 Sed
1383 1725 1504 1764 cum
1563 1712 1632 1766 ab
1669 1711 1891 1765 inimico

2003 530 2205 571 mterna
2250 515 2528 570 beatitudo
2564 522 2668 577 est,
2723 515 2833 568 vita
2882 514 3025 567 enim
3054 514 3110 566 in
3143 510 3412 566 voluntate
3461 510 3579 579 ejus

2007 619 2112 673 est,
2164 618 2215 661 et
2266 608 2349 661 ira
2421 608 2475 659 in
2524 606 2884 676 indignatione
2936 604 3046 669 eius
3094 603 3161 656 ⁵³.
3210 601 3578 669 Quodcunque

2001 716 2129 772 ergo
2156 700 2358 769 placuit
2415 698 2663 763 Domino,
2690 697 2805 751 sive
2835 707 3144 765 percutere,
3189 694 3301 753 sive
3323 692 3573 753 multare,

2000 795 2115 849 sive
2143 793 2339 857 ditare,
2367 791 2479 847 sive
2500 805 2793 860 pauperem
2818 789 3021 849 facere,
3051 787 3165 840 sive
3187 800 3433 854 arguere,
3459 784 3575 838 sive

2001 884 2298 953 corripere,
2330 882 2511 936 omnia
2540 879 2817 934 beatitudo
2846 886 2928 931 est
2952 874 3382 944 incorruptibiiis
3411 882 3576 942 atque

2001 975 2330 1029 indesiueus.
2369 973 2589 1035 Beatus,
2618 972 2812 1040 inquit,
2846 971 3000 1022 homo
3030 985 3180 1038 quem
3216 979 3271 1021 tu
3289 968 3571 1031 erudieris,

1999 1065 2223 1120 Domine
2244 1067 2310 1116 “.
2346 1063 2493 1120 Sicut
2523 1063 2746 1117 Domino
2771 1062 2992 1129 placuit,
3019 1062 3093 1114 ita
3125 1061 3319 1129 factum
3347 1069 3420 1112 est
3443 1075 3463 1123 ;
3504 1059 3572 1111 sit

2000 1174 2187 1212 nomen
2220 1157 2433 1211 Domini
2489 1155 2815 1210 benedictum
2868 1154 2922 1205 in
2953 1151 3171 1207 sazcula.
3224 1150 3315 1204 Sic
3354 1156 3574 1218 Oportet.

1997 1266 2190 1305 omnes
2217 1249 2558 1305 Christianos
2578 1289 2593 1314 ,
2646 1256 2809 1317 atque
2840 1260 3029 1299 omnes
3067 1243 3349 1297 credentes
3380 1240 3567 1295 dicere

1995 1352 2051 1395 et
2084 1343 2263 1397 facere
2290 1352 2345 1396 et
2377 1341 2620 1411 cogitare
2652 1339 2706 1393 in
2748 1337 3002 1392 omnibus
3036 1350 3156 1404 quae
3185 1350 3279 1388 eos
3331 1333 3568 1387 circum-

1995 1435 2265 1497 dederint,
2300 1443 2465 1503 atque
2492 1432 2572 1488 eis
2594 1430 2964 1493 occurrerint,
2999 1428 3114 1482 sive
3148 1427 3407 1496 pecunias
3442 1439 3570 1493 per-

1994 1525 2146 1590 dant,
2169 1525 2284 1579 sive
2311 1524 2405 1579 ﬁlii
2426 1522 2767 1585 auferantur,
2796 1520 2911 1575 sive
2935 1528 3232 1589 paupertas
3265 1517 3579 1579 incumbat,

1994 1621 2109 1675 sive
2140 1619 2427 1673 inlirmitas
2458 1616 2804 1670 immittatur.
2853 1614 3045 1668 Dicant
3101 1614 3153 1666 in
3185 1613 3269 1666 his
3314 1611 3572 1665 omnibus

1994 1728 2117 1766 cum
2145 1709 2464 1765 sinceritate
2494 1724 2515 1760 :-
2543 1704 2696 1760 Sicut
2749 1703 2975 1757 Domino
3005 1703 3226 1770 placuit,
3259 1701 3334 1753 ita
3364 1700 3573 1769 factum.

310 1805 687 1865 percuteretur
712 1807 875 1869 atque
904 1800 1189 1857 doloribus
1223 1802 1566 1872 afficeretur,
1598 1805 1885 1860 Dominum
1921 1805 1963 1858 Β
1994 1812 2112 1866 est;
2159 1802 2225 1854 sit
2259 1816 2446 1853 nomen
2498 1799 2713 1854 Domini
2737 1796 3062 1850 benedictum
3110 1794 3164 1849 in
3198 1792 3437 1853 προπίω
3458 1792 3569 1845 Νυ-

309 1893 365 1945 in
403 1892 519 1946 istis
553 1892 835 1949 doloribus
898 1896 1300 1962 suspicabatur,
1350 1906 1406 1950 et
1452 1899 1662 1967 gratias
1691 1900 1887 1967 agebat

308 1981 633 2051 percutienti
686 1998 747 2037 se
806 1995 972 2053 atque
1001 1984 1279 2040 doloribus
1331 1986 1610 2053 allicienti,
1647 1989 1882 2044 dicens:

308 2070 567 2124 Dominus
591 2073 754 2135 dedit,
785 2083 835 2126 et
889 2074 1150 2129 Dominus
1201 2077 1442 2144 abstulit,
1468 2081 1604 2132 sicut
1658 2079 1884 2135 Domino

305 2162 503 2226 placuit
532 2166 605 2216 ita
630 2169 830 2233 factum
852 2177 927 2220 est
954 2183 973 2231 ;
1002 2169 1072 2221 sit
1100 2186 1287 2223 nomen
1320 2169 1531 2224 Domini
1559 2172 1886 2225 benedictum

304 2256 359 2306 in
386 2258 606 2310 sazcula.
652 2258 775 2311 lianc
808 2259 991 2327 itaque
1040 2262 1316 2328 universa,
1349 2272 1511 2331 atque
1540 2264 1782 2331 pluriora
1816 2266 1883 2317 ad

303 2348 680 2415 praestolantes
715 2349 815 2404 sibi
845 2351 1163 2420 nequissimi
1198 2355 1420 2407 nuntios
1456 2355 1647 2408 beatus
1676 2355 1779 2409 Job
1806 2355 1885 2408 lo-

302 2448 459 2494 cutus
485 2450 589 2503 est,
612 2450 666 2494 et
699 2456 793 2510 per
838 2443 958 2498 illos
1012 2444 1080 2497 ad
1136 2443 1312 2513 ipsum
1343 2445 1619 2500 diabolum
1650 2447 1744 2515 qui
1789 2463 1883 2503 eos

303 2531 884 2600 miserat,quistabant
916 2543 1043 2589 ante
1070 2550 1190 2588 eum
1221 2537 1425 2603 tristes,
1462 2553 1526 2591 ac
1567 2537 1757 2592 flentes
1783 2541 1885 2594 sic.

303 2624 675 2686 utlinxerant,
721 2639 1047 2694 omnemque
1091 2626 1366 2681 miseriam
1415 2631 1767 2686 ostendentes
1818 2647 1881 2687 ac

301 2714 703 2783 depromentes,
740 2726 797 2768 ut
819 2715 976 2771 facile
1003 2719 1219 2772 beatum
1245 2718 1351 2773 Job
1386 2721 1452 2773 ad
1486 2721 1876 2790 blasphemiam

298 2818 679 2872 provocarent.
712 2810 792 2862 Ad
844 2824 983 2878 quos
1026 2810 1258 2880 plurima
1293 2822 1348 2866 et
1393 2812 1499 2867 alia
1529 2813 1746 2870 locutus
1777 2814 1879 2871 Job

297 2897 439 2950 dixit
466 2916 480 2952 :
514 2899 624 2952 Cur
667 2901 850 2955 tristes
887 2902 1039 2979 estis,
1073 2918 1106 2957 o
1129 2904 1417 2960 homines?
1447 2905 1528 2962 0b
1556 2925 1719 2977 quam
1744 2925 1875 2964 cau-

296 3004 413 3042 sam
449 2990 685 3057 ejulatis,
710 3009 743 3047 o
782 2994 928 3048 viri?
955 2993 1031 3049 Ne
1076 2994 1215 3051 forte
1244 2998 1353 3052 hoc
1400 3016 1495 3054 vos
1534 3003 1829 3055 contristat
1861 3044 1875 3068 ,

296 3082 422 3149 quia
459 3098 556 3151 ego
593 3085 698 3137 Deo
723 3084 930 3153 gratias
962 3102 1085 3155 ago.
1120 3085 1198 3140 Ne
1222 3086 1365 3143 forte
1390 3090 1489 3143 hoc
1516 3090 1670 3144 vobis
1701 3093 1871 3146 mole-

1992 1909 2113 1948 men
2148 1892 2384 1959 Domini,
2410 1892 2606 1959 inquit,
2663 1900 2883 1958 propter
2913 1887 3059 1956 quod
3089 1886 3269 1941 omnia
3322 1886 3570 1939 sustineo

1990 2002 2153 2058 atque
2183 1987 2403 2053 suli’ero,
2438 1997 2663 2057 prapter
2695 1986 2838 2052 quod
2866 1983 3120 2037 omnibus
3148 1995 3270 2051 qua:
3302 1979 3432 2039 mihi
3467 1979 3569 2033 ob-

1988 2088 2252 2133 venerunt
2275 2081 2525 2149 superior
2562 2077 2789 2131 exsisto.
2821 2074 2903 2129 Sit
2951 2088 3138 2129 nomen
3164 2072 3374 2125 Domini
3411 2071 3571 2125 bene-

1986 2171 2186 2223 dictum
2220 2172 2275 2223 in
2300 2169 2517 2224 swcula.
2551 2168 2755 2223 Nomen
2785 2167 3020 2231 Domini,
3065 2166 3206 2235 quod
3241 2164 3566 2219 mirabiliter

1986 2263 2154 2319 ccelos
2169 2263 2432 2327 extendit,
2458 2262 2603 2332 quod
2631 2272 2833 2315 terram
2866 2259 3097 2313 tirmiter
3122 2260 3146 2311 f
3147 2258 3391 2321 undavit,
3416 2258 3572 2326 quod

1988 2359 2212 2428 abyssos
2239 2355 2557 2408 terribiliter
2596 2352 2851 2421 signavit.
2891 2349 2971 2405 Sit
3027 2367 3212 2404 nomen
3243 2350 3459 2403 Domini
3482 2350 3563 2403 be-

1986 2449 2247 2503 nedictum
2275 2449 2329 2500 in
2358 2447 2554 2499 swcula
2583 2462 2602 2503 :
2636 2447 2779 2514 quod
2808 2458 2932 2496 cum
2965 2442 3226 2497 vidissent
3264 2442 3452 2495 leones
3499 2442 3570 2497 in.

1987 2539 2228 2605 Dauicle,
2256 2540 2307 2591 in
2338 2554 2507 2606 agnos
2539 2536 2804 2590 immutati
2836 2545 2961 2590 sunt
2987 2553 3001 2589 :
3029 2536 3170 2604 quod
3195 2550 3316 2589 cum
3344 2532 3574 2587 flamma

1982 2632 2123 2702 ignis
2151 2632 2462 2701 agnovisset
2495 2628 2779 2681 inAnania
2812 2640 2867 2680 et
2890 2627 3086 2685 Azaria
3120 2637 3169 2679 et
3208 2625 3443 2687 Misaele,
3473 2626 3558 2679 fo-

1984 2740 2073 2778 ras
2101 2741 2129 2777 a
2162 2724 2383 2777 fornace
2412 2721 2572 2791 fugit,
2607 2730 2770 2789 atque
2817 2734 2913 2772 cos
2940 2720 3033 2788 qui
3065 2729 3219 2775 extra
3270 2718 3557 2771 fornacem

1980 2827 2138 2872 erant
2169 2814 2488 2877 combussit,
2520 2822 2702 2881 utpote
2730 2826 2834 2865 non
2867 2815 3129 2866 habentes
3155 2812 3209 2865 in
3232 2826 3290 2865 se
3309 2821 3557 2865 sanctum

1982 2924 2176 2963 nomen
2202 2908 2446 2971 Domini;
2472 2904 2581 2958 illis
2606 2914 2784 2958 autem
2804 2905 2893 2974 qui
2922 2904 3061 2957 intra
3090 2904 3369 2957 fornacem
3404 2914 3562 2957 erant

1980 3016 2085 3054 non
2121 2997 2604 3070 appropinquavit,
2650 2997 2777 3065 quia
2816 2994 3061 3050 terribile
3091 3008 3287 3049 nomen
3338 2994 3554 3048 Domini

1979 3092 2031 3146 in
2059 3092 2163 3146 illis
2187 3092 2485 3161 conspexit.
2514 3089 2623 3143 lloc
2655 3090 2821 3143 etiam
2843 3097 2897 3142 et
2921 3098 3072 3141 cetus
3101 3102 3223 3140 cum
3253 3089 3464 3141 videret
3486 3089 3540 3141 in

296 3185 437 3230 stum
470 3188 571 3239 est,
598 3181 739 3247 quod
766 3195 867 3248 ego
894 3181 1043 3234 danti
1074 3197 1134 3235 ea
1158 3182 1554 3239 confessionem
1582 3188 1671 3254 do,
1696 3200 1753 3243 et
1778 3205 1877 3243 au.
1902 3167 1947 3227 Ο
1978 3182 2137 3248 Joua,
2160 3184 2438 3252 obstupuit
2470 3193 2632 3250 atque
2676 3182 2902 3234 illmsum
2958 3194 3083 3233 eum
3118 3194 3280 3248 quem
3313 3182 3378 3234 de
3429 3182 3555 3235 navi

296 3269 489 3323 ferenti
523 3286 585 3323 ea
608 3271 1007 3326 invocationem
1036 3274 1250 3328 emitto.
1281 3274 1397 3331 Non
1423 3294 1509 3332 me
1536 3283 1699 3335 homo
1730 3281 1874 3335 mul-

296 3362 449 3427 tavit,
518 3363 612 3416 sed
666 3363 809 3418 Deus
840 3366 907 3419 de
944 3367 1101 3421 ccelis
1133 3369 1222 3437 qui
1272 3371 1404 3425 mihi
1454 3371 1603 3425 dedit
1632 3372 1873 3440 diversa,

294 3453 541 3521 abstulit,
575 3455 718 3510 sicut
770 3466 823 3510 et
871 3472 966 3513 vos
1027 3458 1225 3527 dicitis,
1258 3463 1403 3531 quod
1439 3464 1578 3534 ignis
1625 3465 1693 3521 de
1731 3466 1871 3522 coelo

293 3545 575 3602 ceciderit.
611 3547 667 3601 Si
692 3563 823 3618 ergo
853 3565 955 3604 non
984 3551 1148 3607 homo
1177 3554 1308 3608 mihi
1335 3555 1589 3611 damnum
1620 3557 1869 3627 ingessit,

293 3637 387 3688 sed
417 3637 557 3690 Deus
580 3639 804 3707 quando
833 3642 1005 3697 voluit
1056 3644 1222 3711 dedit,
1252 3656 1308 3700 et
1356 3648 1481 3703 item
1522 3649 1742 3718 quando
1784 3666 1873 3705 vo-

295 3728 394 3782 luit
426 3730 670 3796 abstulit,
704 3735 905 3801 gratias
928 3736 977 3790 ei
1015 3738 1106 3807 qui
1135 3740 1301 3803 dedit,
1338 3749 1393 3795 et
1437 3742 1643 3811 gratias
1673 3743 1869 3797 identi-

292 3821 412 3874 dem
434 3822 484 3875 ei
508 3824 599 3893 qui
632 3825 874 3879 abstulit.
913 3827 1019 3881 Sua
1054 3830 1222 3893 dedit,
1253 3840 1309 3885 et
1341 3832 1472 3886 item
1502 3848 1598 3887 sua
1624 3835 1869 3898 abstulit,

290 3929 346 3971 et
370 3932 490 3988 ego,
530 3920 629 3987 ait,
659 3920 792 3973 nihil
819 3922 1001 3976 amisi.
1025 3922 1157 3976 Nam
1185 3940 1252 3979 ex
1282 3934 1440 3980 utero
1470 3935 1716 3982 materno
1770 3946 1870 3982 nu-

289 4008 390 4063 dus
425 4009 667 4076 veniens,
702 4011 835 4064 nihil
872 4013 1055 4066 habui.
1117 4012 1218 4080 Qui
1276 4014 1464 4069 habuit
1517 4017 1664 4072 dedit
1712 4019 1868 4086 mihi,

292 4100 554 4153 mutuavit
589 4101 759 4155 utenti
798 4102 952 4167 mihi,
988 4104 1211 4160 abstulit
1242 4120 1362 4174 qua:
1396 4103 1508 4161 'sua
1539 4117 1701 4175 sunt;
1735 4111 1870 4164 nihil

287 4192 519 4260 perdidi,
544 4196 638 4248 sed
667 4195 871 4264 gratias
892 4211 994 4266 ago
1021 4200 1307 4261 mutuanti,
1336 4214 1466 4253 usus
1499 4200 1583 4254 his
1601 4216 1721 4270 quae
1745 4204 1867 4256 data

287 4297 413 4338 sunt
441 4287 601 4349 mihi,
625 4298 678 4342 et
710 4289 974 4343 conﬁteor
1005 4290 1274 4360 largitori,
1313 4292 1500 4347 dicens
1533 4310 1546 4345 :
1604 4293 1866 4348 Dominus

284 4380 450 4444 dedit,
482 4391 527 4433 et
563 4380 816 4435 Dominus
839 4382 1247 4447 abstulit;sirut
1278 4383 1507 4440 Domino
1540 4388 1760 4455 placuit,
1790 4389 1865 4441 ita

283 4466 483 4535 factum
513 4480 606 4523 est.
643 4469 860 4524 Placuit
892 4482 1048 4527 antea
1077 4484 1136 4527 ut
1174 4474 1354 4539 daret,
1395 4476 1601 4543 placuit
1634 4494 1777 4530 nunc
1806 4490 1864 4531 ut

284 4575 473 4616 rursus
500 4562 759 4617 auferret.
797 4563 947 4618 Sicut
1006 4564 1229 4619 Domino
1271 4568 1491 4635 placuit,
1525 4571 1600 4622 ita
1654 4570 1852 4635 factum

280 4659 378 4704 est.
428 4651 600 4707 Omne
655 4657 796 4724 quod
834 4656 943 4711 Deo
1002 4658 1266 4726 placuerit
1298 4662 1499 4714 bonum
1556 4670 1660 4725 est,
1692 4676 1860 4715 omne

280 4745 424 4811 quod
456 4745 683 4800 Domino
737 4747 1001 4816 placuerit
1050 4751 1257 4820 justum
1288 4763 1391 4807 est.
1445 4753 1653 4809 Placuit
1688 4754 1764 4808 illi
1800 4764 1857 4809 ut

280 4834 457 4898 daret,
494 4835 631 4891 bene
655 4839 877 4905 placuit.
909 4839 1118 4895 Placuit
1148 4842 1222 4895 illi
1270 4842 1560 4898 identidem
1594 4854 1651 4898 ut
1672 4844 1857 4901 aufer-

280 4934 382 4987 ret,
404 4924 550 4993 juste
581 4927 799 4995 placuit.
836 4928 985 4983 Sicut
1027 4931 1248 4986 Domino
1289 4934 1508 5002 placuit,
1546 4936 1623 4989 ita
1652 4936 1856 5004 factum

277 5028 377 5073 est.
403 5018 649 5083 Quandin
679 5021 755 5073 illi
791 5023 988 5090 placuit
1024 5025 1310 5081 habuimus
1334 5068 1349 5093 ,
1401 5030 1620 5096 quando
1656 5030 1857 5098 placuit

276 5108 327 5161 ei
360 5126 466 5165 non
497 5112 779 5167 habemus.
810 5113 956 5167 Sicut
993 5115 1217 5170 Domino
1271 5119 1493 5182 placuit,
1536 5120 1611 5172 ita
1654 5120 1855 5189 factum

276 5212 370 5256 est.
410 5202 639 5270 Quando
692 5206 1018 5271 habuimus,
1054 5224 1159 5264 non
1214 5220 1501 5279 propterea
1535 5223 1724 5266 nostra
1757 5214 1856 5265 ha-

277 5296 513 5361 buimus,
544 5299 637 5352 sed
673 5298 884 5352 Domini
918 5321 929 5355 :
958 5309 1159 5355 etcum
1205 5302 1558 5371 perderemus
1615 5306 1797 5357 omnia
1830 5344 1847 5369 ,

278 5403 383 5441 non
419 5390 635 5459 propria
666 5389 1022 5459 perdidimus,
1055 5393 1148 5447 sed
1172 5393 1392 5448 abstulit
1420 5409 1538 5463 qua:
1564 5410 1658 5450 sua
1692 5406 1852 5450 erant

280 5480 555 5545 Dominus,
592 5478 741 5535 Sicut
768 5480 990 5537 Domino
1017 5484 1245 5552 placuit,
1272 5485 1345 5537 ita
1380 5486 1579 5553 factum
1605 5496 1705 5551 est,
1737 5488 1849 5542 sie-

284 5579 341 5625 nt
376 5573 635 5631 Dominus
700 5575 892 5641 voluit,
938 5576 1082 5631 sicut
1149 5578 1373 5633 Domino
1407 5578 1628 5648 placuit.
1677 5579 1851 5635 Omne

353 5753 397 5785 δ³
438 5754 579 5815 i’sal.
617 5774 762 5825 χχιχ,
793 5756 844 5813 6.
918 5757 963 5790 ³⁸
1006 5757 1145 5815 Psal.
1188 5775 1338 5828 λειω,
1370 5760 1454 5815 12.

1533 5759 1579 5794 ⁸⁸
1606 5763 1724 5818 Act.
1760 5778 1827 5821 tv.
1860 5765 1943 5818 l2.

1978 3286 2289 3347 susceperat
2324 3276 2576 3341 reddidit,
2606 3273 2990 3328 intaminatum
3024 3271 3238 3325 remisit
3281 3287 3440 3340 quem
3476 3274 3558 3327 vi-

1979 3386 2102 3425 vum
2136 3369 2395 3438 suscepit.
2431 3366 2567 3431 Hoc,
2599 3367 2843 3435 inquam,
2891 3379 3087 3419 nomen
3125 3364 3337 3418 Domini
3388 3366 3556 3419 bene—

1979 3464 2183 3517 dictum
2211 3462 2264 3516 in
2293 3460 2512 3515 saecula.
2548 3456 2663 3513 Hoc
2688 3474 2883 3513 nomen
2915 3458 3058 3525 quod
3106 3458 3263 3527 pauci
3294 3472 3359 3510 ex
3410 3459 3561 3527 prio-

1977 3555 2124 3610 ribus
2147 3562 2510 3624 agnoverunt,
2543 3553 2879 3620 posteriores
2910 3566 3039 3604 vero
3068 3565 3257 3605 onmes
3308 3564 3561 3618 suscepe-

1976 3657 2119 3701 runt.
2152 3646 2261 3701 iloc
2297 3662 2489 3699 nomen
2523 3648 2589 3699 de
2624 3660 2732 3713 quo
2759 3644 2953 3698 dicunt
2985 3645 3162 3697 sancti
3208 3658 3273 3696 ex
3322 3659 3556 3711 persona

1974 3739 2067 3793 Dei
2097 3758 2111 3793 :
2138 3737 2302 3793 Vobis
2324 3739 2415 3807 qui
2449 3738 2653 3791 timetis
2682 3752 2880 3791 nomen
2912 3752 3090 3789 meuut
3144 3736 3559 3805 cognominabi-

1976 3841 2061 3884 tur
2083 3846 2281 3884 novum
2316 3844 2507 3884 nomen
2538 3831 2685 3899 quod
2742 3829 3096 3883 benedicetur
3125 3844 3289 3897 super
3325 3838 3553 3884 terram.

1972 3922 2037 3975 Et
2066 3922 2240 3976 adhuc
2264 3938 2280 3973 :
2317 3920 2439 3975 Non
2460 3933 2535 3976 est
2564 3938 2751 3976 nomen
2784 3922 2933 3975 aliud
2961 3923 3056 3975 sub
3081 3923 3208 3974 caelo
3252 3922 3436 3974 datum
3457 3922 3556 3974 lto-

1971 4014 2193 4068 minibus
2223 4016 2278 4068 in
2304 4031 2409 4084 quo
2436 4022 2672 4082 oporteat
2700 4032 2791 4068 nos
2820 4015 2993 4068 salvos
3018 4016 3137 4083 ﬁeri
3166 4014 3237 4066 ⁵⁵.
3284 4013 3418 4079 lioc,
3478 4015 3556 4067 iu-

1970 4120 2157 4173 quam,
2186 4121 2380 4161 nomen
2408 4106 2625 4160 Domini
2680 4110 2753 4160 sit
2802 4108 3144 4162 benedictum
3200 4106 3256 4159 in
3305 4107 3551 4161 smcula:

1970 4199 2116 4266 quod
2145 4177 2282 4251 iram
2319 4199 2541 4265 avertit,
2568 4201 2710 4267 quod
2738 4200 3082 4254 maledictum
3133 4202 3356 4255 abstulit
3384 4212 3565 4269 atque

1970 4291 2202 4355 remisit,
2245 4292 2384 4359 quod
2409 4293 2682 4345 daztnones
2708 4294 2924 4345 terruit.
2957 4293 3069 4347 lloc
3111 4308 3303 4347 nomen
3337 4293 3547 4346 Domini

1969 4381 2040 4435 sit
2066 4383 2409 4437 benedictum
2444 4384 2493 4435 in
2521 4382 2734 4435 saecula.
2769 4382 2851 4436 Sit
2883 4386 3225 4438 benedictum
3262 4386 3312 4437 in
3339 4385 3550 4453 angelis

1970 4481 2024 4527 et
2059 4475 2110 4527 in
2144 4475 2480 4539 hominibus,
2509 4476 2560 4527 in
2594 4474 2907 4529 coelestibus
2938 4476 3258 4538 virtutibus,
3286 4477 3337 4528 in
3384 4476 3557 4544 spiri-.

1970 4568 2111 4620 tibus
2142 4568 2379 4635 atquein
2414 4567 2664 4620 Omnibus
2688 4565 2961 4635 iustorum
2992 4567 3302 4633 animabus,
3329 4568 3381 4620 in
3406 4584 3547 4636 gen-

1961 4658 2102 4713 tibus
2125 4670 2179 4713 et
2213 4661 2265 4713 in
2290 4660 2545 4713 omnibus
2574 4660 2813 4713 fidelium
2868 4661 3400 4730 congregationibus.
3459 4661 3545 4714 Sit

1965 4768 2150 4819 nomen
2173 4752 2385 4806 Domini
2414 4754 2758 4806 benedictum.
2803 4752 3113 4822 Quousque,
3174 4765 3267 4807 aut
3300 4754 3541 4823 quandiu

1961 4845 2034 4899 sit
2066 4846 2447 4899 benedictum?
2484 4846 2547 4900 In
2584 4847 2802 4907 smcula,
2840 4847 3030 4915 inquit,
3075 4847 3127 4899 in
3183 4846 3341 4899 linem
3389 4860 3541 4913 prae-7

1964 4939 2133 4990 sentis
2158 4948 2212 4992 et
2248 4938 2299 4991 in
2337 4939 2493 4993 initio
2531 4938 2724 4992 inﬁniti
2752 4939 2894 4992 illius
2928 4940 3134 4994 saeculi.
3171 4939 3275 5002 Sit,
3314 4939 3490 5008 inquit
3522 4978 3538 5002 ,

1967 5044 2159 5083 nomen
2195 5031 2402 5084 Domini
2435 5032 2775 5086 benedictum
2810 5033 2862 5085 in
2910 5032 3195 5086 animabus
3232 5041 3538 5095 castorum,

1963 5118 2017 5171 in
2058 5123 2311 5176 cordibus
2343 5124 2575 5192 piorum,
2602 5123 2655 5177 in
2686 5124 2956 5177 mentibus
3007 5123 3385 5192 religiosorum
3409 5163 3425 5187 ,
3482 5122 3537 5176 in

1962 5212 2186 5266 ecclesia
2222 5225 2554 5281 sanctorum,
2590 5217 2642 5270 iu
2667 5217 3088 5286 congregatione
3122 5216 3539 5269 verissimorum

1961 5303 2056 5359 Dei
2084 5304 2429 5362 famulorum.
2464 5307 2546 5362 Sit
2577 5324 2770 5362 nomen
2808 5308 3018 5362 Domini
3053 5309 3398 5363 benedictum
3427 5322 3534 5359 not:

1958 5396 2012 5448 in
2042 5408 2285 5468 tetnpOre
2323 5401 2572 5456 dimenso
2616 5412 2781 5470 atque
2837 5411 3060 5468 statuto,
3088 5404 3180 5457 sed
3225 5402 3277 5455 in
3311 5402 3533 5455 saecula.

1956 5489 2013 5543 in
2042 5498 2258 5558 sarcula,
2298 5496 2494 5565 inquit,
2524 5497 2638 5550 sive
2667 5497 2720 5549 in
2745 5496 2998 5566 praesenti
3029 5495 3228 5551 saaculo
3265 5510 3436 5558 usque
3481 5494 3535 5547 in

1962 5582 2144 5653 finem,
2171 5586 2285 5641 sive
2315 5587 2366 5641 in
2409 5586 2592 5644 futuro
2635 5588 2834 5645 saeculo
2865 5587 2956 5643 illo
2988 5587 3201 5644 inﬁnito
3251 5596 3414 5658 atque
3450 5586 3536 5640 iit-
