  <div class='ocr_page' id='page_1' title='image "/cluster/home/n/w/nwhite01/storage/ocr_20150623/17/nnc1.0046978615/232.png"; bbox 0 0 3880 6212; ppageno 0'>
   <div class='ocr_carea' id='block_1_1' title="bbox 245 301 356 359">
    <p class='ocr_par' dir='ltr' id='par_1_1' title="bbox 245 301 356 359">
     <span class='ocr_line' id='line_1_1' title="bbox 245 301 356 359; baseline 0 0"><span class='ocrx_word' id='word_1_1' title='bbox 245 301 356 359; x_wconf 64' lang='lat' dir='ltr'><strong>H5</strong></span> 
     </span>
    </p>
   </div>
   <div class='ocr_carea' id='block_1_2' title="bbox 1371 306 2374 370">
    <p class='ocr_par' dir='ltr' id='par_1_2' title="bbox 1371 306 2374 370">
     <span class='ocr_line' id='line_1_2' title="bbox 1371 306 2374 370; baseline 0.008 -10"><span class='ocrx_word' id='word_1_2' title='bbox 1371 306 1748 365; x_wconf 76' lang='lat' dir='ltr'><strong>ANONYMUS</strong></span> <span class='ocrx_word' id='word_1_3' title='bbox 1784 311 1850 365; x_wconf 80' lang='grc' dir='ltr'><strong>ΙΝ</strong></span> <span class='ocrx_word' id='word_1_4' title='bbox 1887 311 2026 368; x_wconf 84' lang='lat' dir='ltr'><strong>JOB.</strong></span> <span class='ocrx_word' id='word_1_5' title='bbox 2067 343 2133 352; x_wconf 94' lang='lat'><strong>—</strong></span> <span class='ocrx_word' id='word_1_6' title='bbox 2166 314 2294 370; x_wconf 87' lang='lat' dir='ltr'><strong>LIB.</strong></span> <span class='ocrx_word' id='word_1_7' title='bbox 2337 315 2374 368; x_wconf 93' lang='lat' dir='ltr'><strong>l.</strong></span> 
     </span>
    </p>
   </div>
   <div class='ocr_carea' id='block_1_3' title="bbox 3394 328 3499 382">
    <p class='ocr_par' dir='ltr' id='par_1_3' title="bbox 3394 328 3499 382">
     <span class='ocr_line' id='line_1_3' title="bbox 3394 328 3499 382; baseline -0.01 0"><span class='ocrx_word' id='word_1_8' title='bbox 3394 328 3499 382; x_wconf 75' lang='lat'><strong>“6</strong></span> 
     </span>
    </p>
   </div>
   <div class='ocr_carea' id='block_1_4' title="bbox 247 431 3498 513">
    <p class='ocr_par' dir='ltr' id='par_1_4' title="bbox 247 431 3498 513">
     <span class='ocr_line' id='line_1_4' title="bbox 247 431 3498 513; baseline 0.004 -20"><span class='ocrx_word' id='word_1_9' title='bbox 247 438 550 494; x_wconf 83' lang='lat' dir='ltr'><strong>deﬁcienti.</strong></span> <span class='ocrx_word' id='word_1_10' title='bbox 586 437 672 494; x_wconf 89' lang='lat' dir='ltr'><strong>Sit</strong></span> <span class='ocrx_word' id='word_1_11' title='bbox 709 455 896 494; x_wconf 84' lang='lat' dir='ltr'><strong><em>nomen</em></strong></span> <span class='ocrx_word' id='word_1_12' title='bbox 924 439 1140 494; x_wconf 88' lang='lat' dir='ltr'><strong>Domini</strong></span> <span class='ocrx_word' id='word_1_13' title='bbox 1167 441 1492 498; x_wconf 76' lang='lat' dir='ltr'><strong>benedictum</strong></span> <span class='ocrx_word' id='word_1_14' title='bbox 1524 449 1578 500; x_wconf 90' lang='lat' dir='ltr'><strong>in</strong></span> <span class='ocrx_word' id='word_1_15' title='bbox 1599 451 1816 506; x_wconf 76' lang='lat' dir='ltr'><strong>swcula.</strong></span> <span class='ocrx_word' id='word_1_16' title='bbox 1853 442 1888 492; x_wconf 77' lang='grc' dir='ltr'><strong>Α</strong></span> <span class='ocrx_word' id='word_1_17' title='bbox 1924 431 2012 499; x_wconf 71' lang='grc' dir='ltr'><strong>(ιιιί</strong></span> <span class='ocrx_word' id='word_1_18' title='bbox 2042 432 2094 486; x_wconf 77' lang='grc' dir='ltr'><strong>Ῐη</strong></span> <span class='ocrx_word' id='word_1_19' title='bbox 2129 435 2329 488; x_wconf 71' lang='grc' dir='ltr'><strong>ιηυηάο</strong></span> <span class='ocrx_word' id='word_1_20' title='bbox 2351 445 2478 489; x_wconf 69' lang='lat' dir='ltr'><strong>sum</strong></span> <span class='ocrx_word' id='word_1_21' title='bbox 2510 446 2786 504; x_wconf 67' lang='grc' dir='ltr'><strong>εῑδῑυεηε,</strong></span> <span class='ocrx_word' id='word_1_22' title='bbox 2819 439 2987 496; x_wconf 61' lang='lat' dir='ltr'><strong>die&quot;:</strong></span> <span class='ocrx_word' id='word_1_23' title='bbox 3024 440 3090 496; x_wconf 73' lang='grc' dir='ltr'><strong>1η</strong></span> <span class='ocrx_word' id='word_1_24' title='bbox 3119 445 3358 500; x_wconf 70' lang='lat' dir='ltr'><strong>omnibus</strong></span> <span class='ocrx_word' id='word_1_25' title='bbox 3382 463 3498 513; x_wconf 65' lang='lat' dir='ltr'><strong>quo!</strong></span> 
     </span>
    </p>
   </div>
   <div class='ocr_carea' id='block_1_5' title="bbox 245 530 1820 608">
    <p class='ocr_par' dir='ltr' id='par_1_5' title="bbox 245 530 1820 608">
     <span class='ocr_line' id='line_1_5' title="bbox 245 530 1820 608; baseline 0.006 -24"><span class='ocrx_word' id='word_1_26' title='bbox 245 530 625 598; x_wconf 76' lang='lat' dir='ltr'><strong>Circumcnsio,</strong></span> <span class='ocrx_word' id='word_1_27' title='bbox 657 532 850 601; x_wconf 89' lang='lat' dir='ltr'><strong>inquit,</strong></span> <span class='ocrx_word' id='word_1_28' title='bbox 882 533 948 587; x_wconf 88' lang='lat' dir='ltr'><strong>ad</strong></span> <span class='ocrx_word' id='word_1_29' title='bbox 979 541 1192 603; x_wconf 89' lang='lat' dir='ltr'><strong>tempus</strong></span> <span class='ocrx_word' id='word_1_30' title='bbox 1245 535 1369 603; x_wconf 81' lang='lat' dir='ltr'><strong>fuit,</strong></span> <span class='ocrx_word' id='word_1_31' title='bbox 1401 537 1485 592; x_wconf 79' lang='lat' dir='ltr'><strong>lex</strong></span> <span class='ocrx_word' id='word_1_32' title='bbox 1521 555 1694 608; x_wconf 91' lang='lat' dir='ltr'><strong>usque</strong></span> <span class='ocrx_word' id='word_1_33' title='bbox 1753 542 1820 594; x_wconf 89' lang='lat' dir='ltr'><strong>ad</strong></span> 
     </span>
    </p>
   </div>
   <div class='ocr_carea' id='block_1_6' title="bbox 252 620 1821 701">
    <p class='ocr_par' dir='ltr' id='par_1_6' title="bbox 252 620 1821 701">
     <span class='ocr_line' id='line_1_6' title="bbox 252 620 1821 701; baseline 0.009 -30"><span class='ocrx_word' id='word_1_34' title='bbox 252 620 650 688; x_wconf 90' lang='lat' dir='ltr'><strong>plenitudinem</strong></span> <span class='ocrx_word' id='word_1_35' title='bbox 678 625 936 693; x_wconf 87' lang='lat' dir='ltr'><strong>temporis</strong></span> <span class='ocrx_word' id='word_1_36' title='bbox 985 623 1106 680; x_wconf 78' lang='lat' dir='ltr'><strong>fuit.</strong></span> <span class='ocrx_word' id='word_1_37' title='bbox 1144 626 1436 697; x_wconf 90' lang='lat' dir='ltr'><strong>Postquam</strong></span> <span class='ocrx_word' id='word_1_38' title='bbox 1468 631 1615 685; x_wconf 90' lang='lat' dir='ltr'><strong>venit</strong></span> <span class='ocrx_word' id='word_1_39' title='bbox 1650 631 1821 701; x_wconf 87' lang='lat' dir='ltr'><strong>pleni-</strong></span> 
     </span>
    </p>
   </div>
   <div class='ocr_carea' id='block_1_7' title="bbox 250 712 1820 792">
    <p class='ocr_par' dir='ltr' id='par_1_7' title="bbox 250 712 1820 792">
     <span class='ocr_line' id='line_1_7' title="bbox 250 712 1820 792; baseline 0.007 -26"><span class='ocrx_word' id='word_1_40' title='bbox 250 712 380 766; x_wconf 91' lang='lat' dir='ltr'><strong>tudo</strong></span> <span class='ocrx_word' id='word_1_41' title='bbox 409 713 670 782; x_wconf 90' lang='lat' dir='ltr'><strong>temporis</strong></span> <span class='ocrx_word' id='word_1_42' title='bbox 707 715 856 769; x_wconf 91' lang='lat' dir='ltr'><strong>misit</strong></span> <span class='ocrx_word' id='word_1_43' title='bbox 906 717 1046 772; x_wconf 89' lang='lat' dir='ltr'><strong>Deus</strong></span> <span class='ocrx_word' id='word_1_44' title='bbox 1080 716 1276 771; x_wconf 88' lang='lat' dir='ltr'><strong>Filiunt</strong></span> <span class='ocrx_word' id='word_1_45' title='bbox 1339 734 1493 774; x_wconf 92' lang='lat' dir='ltr'><strong>suum</strong></span> <span class='ocrx_word' id='word_1_46' title='bbox 1522 722 1612 789; x_wconf 89' lang='lat' dir='ltr'><strong>qui</strong></span> <span class='ocrx_word' id='word_1_47' title='bbox 1651 721 1820 792; x_wconf 83' lang='lat' dir='ltr'><strong>legem</strong></span> 
     </span>
    </p>
   </div>
   <div class='ocr_carea' id='block_1_8' title="bbox 247 803 1820 876">
    <p class='ocr_par' dir='ltr' id='par_1_8' title="bbox 247 803 1820 876">
     <span class='ocr_line' id='line_1_8' title="bbox 247 803 1820 876; baseline 0.006 -18"><span class='ocrx_word' id='word_1_48' title='bbox 247 803 512 875; x_wconf 76' lang='lat' dir='ltr'><strong>implevit,</strong></span> <span class='ocrx_word' id='word_1_49' title='bbox 562 809 866 876; x_wconf 87' lang='lat' dir='ltr'><strong>etgratiam</strong></span> <span class='ocrx_word' id='word_1_50' title='bbox 898 809 1305 874; x_wconf 89' lang='lat' dir='ltr'><strong>demonstravit,</strong></span> <span class='ocrx_word' id='word_1_51' title='bbox 1343 821 1398 866; x_wconf 90' lang='lat' dir='ltr'><strong>et</strong></span> <span class='ocrx_word' id='word_1_52' title='bbox 1439 827 1636 868; x_wconf 87' lang='lat' dir='ltr'><strong>nomen</strong></span> <span class='ocrx_word' id='word_1_53' title='bbox 1687 813 1820 868; x_wconf 90' lang='lat' dir='ltr'><strong>illud</strong></span> 
     </span>
    </p>
   </div>
   <div class='ocr_carea' id='block_1_9' title="bbox 247 897 1822 974">
    <p class='ocr_par' dir='ltr' id='par_1_9' title="bbox 247 897 1822 974">
     <span class='ocr_line' id='line_1_9' title="bbox 247 897 1822 974; baseline 0.006 -25"><span class='ocrx_word' id='word_1_54' title='bbox 247 897 646 952; x_wconf 80' lang='lat' dir='ltr'><strong>benediCtionis</strong></span> <span class='ocrx_word' id='word_1_55' title='bbox 680 898 995 966; x_wconf 90' lang='lat' dir='ltr'><strong>impertiens</strong></span> <span class='ocrx_word' id='word_1_56' title='bbox 1023 902 1233 956; x_wconf 91' lang='lat' dir='ltr'><strong>cunctis</strong></span> <span class='ocrx_word' id='word_1_57' title='bbox 1262 903 1312 956; x_wconf 93' lang='lat' dir='ltr'><strong>in</strong></span> <span class='ocrx_word' id='word_1_58' title='bbox 1343 914 1604 974; x_wconf 89' lang='lat' dir='ltr'><strong>perpetuo</strong></span> <span class='ocrx_word' id='word_1_59' title='bbox 1634 914 1822 974; x_wconf 82' lang='lat' dir='ltr'><strong>peten-</strong></span> 
     </span>
    </p>
   </div>
   <div class='ocr_carea' id='block_1_10' title="bbox 249 988 1823 1050">
    <p class='ocr_par' dir='ltr' id='par_1_10' title="bbox 249 988 1823 1050">
     <span class='ocr_line' id='line_1_10' title="bbox 249 988 1823 1050; baseline 0.006 -9"><span class='ocrx_word' id='word_1_60' title='bbox 249 989 390 1043; x_wconf 90' lang='lat' dir='ltr'><strong>tibus</strong></span> <span class='ocrx_word' id='word_1_61' title='bbox 426 989 665 1042; x_wconf 85' lang='lat' dir='ltr'><strong>tradidit.</strong></span> <span class='ocrx_word' id='word_1_62' title='bbox 715 988 798 1044; x_wconf 91' lang='lat' dir='ltr'><strong>Sit</strong></span> <span class='ocrx_word' id='word_1_63' title='bbox 828 1006 1016 1044; x_wconf 84' lang='lat' dir='ltr'><strong>nomen</strong></span> <span class='ocrx_word' id='word_1_64' title='bbox 1041 991 1254 1047; x_wconf 83' lang='lat' dir='ltr'><strong>Domini</strong></span> <span class='ocrx_word' id='word_1_65' title='bbox 1281 994 1606 1048; x_wconf 84' lang='lat' dir='ltr'><strong>benedictum</strong></span> <span class='ocrx_word' id='word_1_66' title='bbox 1626 996 1683 1050; x_wconf 90' lang='lat' dir='ltr'><strong>in</strong></span> <span class='ocrx_word' id='word_1_67' title='bbox 1721 1011 1823 1050; x_wconf 73' lang='lat' dir='ltr'><strong>sw-</strong></span> 
     </span>
    </p>
   </div>
   <div class='ocr_carea' id='block_1_11' title="bbox 245 1079 1823 1157">
    <p class='ocr_par' dir='ltr' id='par_1_11' title="bbox 245 1079 1823 1157">
     <span class='ocr_line' id='line_1_11' title="bbox 245 1079 1823 1157; baseline 0.006 -25"><span class='ocrx_word' id='word_1_68' title='bbox 245 1079 390 1133; x_wconf 85' lang='lat' dir='ltr'><strong>cula.</strong></span> <span class='ocrx_word' id='word_1_69' title='bbox 436 1079 638 1134; x_wconf 86' lang='lat' dir='ltr'><strong>Nomen</strong></span> <span class='ocrx_word' id='word_1_70' title='bbox 667 1081 876 1137; x_wconf 85' lang='lat' dir='ltr'><strong>Domini</strong></span> <span class='ocrx_word' id='word_1_71' title='bbox 905 1084 980 1137; x_wconf 87' lang='lat' dir='ltr'><strong>ait</strong></span> <span class='ocrx_word' id='word_1_72' title='bbox 1009 1084 1158 1148; x_wconf 85' lang='lat' dir='ltr'><strong>boni,</strong></span> <span class='ocrx_word' id='word_1_73' title='bbox 1193 1086 1587 1152; x_wconf 84' lang='lat' dir='ltr'><strong>misericordis,</strong></span> <span class='ocrx_word' id='word_1_74' title='bbox 1612 1089 1823 1157; x_wconf 89' lang='lat' dir='ltr'><strong>patien-</strong></span> 
     </span>
    </p>
   </div>
   <div class='ocr_carea' id='block_1_12' title="bbox 247 1171 1820 1242">
    <p class='ocr_par' dir='ltr' id='par_1_12' title="bbox 247 1171 1820 1242">
     <span class='ocr_line' id='line_1_12' title="bbox 247 1171 1820 1242; baseline 0.006 -18"><span class='ocrx_word' id='word_1_75' title='bbox 247 1172 338 1234; x_wconf 91' lang='lat' dir='ltr'><strong>tis,</strong></span> <span class='ocrx_word' id='word_1_76' title='bbox 372 1171 612 1242; x_wconf 81' lang='lat' dir='ltr'><strong>benigni,</strong></span> <span class='ocrx_word' id='word_1_77' title='bbox 645 1173 1074 1229; x_wconf 88' lang='lat' dir='ltr'><strong>clementissimi.</strong></span> <span class='ocrx_word' id='word_1_78' title='bbox 1106 1175 1190 1229; x_wconf 91' lang='lat' dir='ltr'><strong>Sit</strong></span> <span class='ocrx_word' id='word_1_79' title='bbox 1239 1192 1434 1233; x_wconf 90' lang='lat' dir='ltr'><strong>nomen</strong></span> <span class='ocrx_word' id='word_1_80' title='bbox 1470 1180 1684 1234; x_wconf 90' lang='lat' dir='ltr'><strong>Domini</strong></span> <span class='ocrx_word' id='word_1_81' title='bbox 1727 1182 1820 1234; x_wconf 81' lang='lat' dir='ltr'><strong>be-</strong></span> 
     </span>
    </p>
   </div>
   <div class='ocr_carea' id='block_1_13' title="bbox 246 1264 1822 1341">
    <p class='ocr_par' dir='ltr' id='par_1_13' title="bbox 246 1264 1822 1341">
     <span class='ocr_line' id='line_1_13' title="bbox 246 1264 1822 1341; baseline 0.008 -25"><span class='ocrx_word' id='word_1_82' title='bbox 246 1264 543 1327; x_wconf 90' lang='lat' dir='ltr'><strong>nedictum,</strong></span> <span class='ocrx_word' id='word_1_83' title='bbox 568 1264 658 1332; x_wconf 91' lang='lat' dir='ltr'><strong>qui</strong></span> <span class='ocrx_word' id='word_1_84' title='bbox 688 1265 1116 1321; x_wconf 91' lang='lat' dir='ltr'><strong>benedictionem</strong></span> <span class='ocrx_word' id='word_1_85' title='bbox 1178 1271 1467 1324; x_wconf 90' lang='lat' dir='ltr'><strong>seminavit</strong></span> <span class='ocrx_word' id='word_1_86' title='bbox 1497 1310 1512 1333; x_wconf 96' lang='lat'><strong>,</strong></span> <span class='ocrx_word' id='word_1_87' title='bbox 1568 1275 1822 1341; x_wconf 91' lang='lat' dir='ltr'><strong>produxit</strong></span> 
     </span>
    </p>
   </div>
   <div class='ocr_carea' id='block_1_14' title="bbox 244 1355 1821 1436">
    <p class='ocr_par' dir='ltr' id='par_1_14' title="bbox 244 1355 1821 1436">
     <span class='ocr_line' id='line_1_14' title="bbox 244 1355 1821 1436; baseline 0.01 -30"><span class='ocrx_word' id='word_1_88' title='bbox 244 1363 409 1423; x_wconf 87' lang='lat' dir='ltr'><strong>atque</strong></span> <span class='ocrx_word' id='word_1_89' title='bbox 444 1355 704 1408; x_wconf 84' lang='lat' dir='ltr'><strong>ostendit.</strong></span> <span class='ocrx_word' id='word_1_90' title='bbox 740 1355 823 1410; x_wconf 89' lang='lat' dir='ltr'><strong>Sit</strong></span> <span class='ocrx_word' id='word_1_91' title='bbox 859 1374 1052 1413; x_wconf 88' lang='lat' dir='ltr'><strong>nomen</strong></span> <span class='ocrx_word' id='word_1_92' title='bbox 1092 1361 1301 1416; x_wconf 89' lang='lat' dir='ltr'><strong>Domini</strong></span> <span class='ocrx_word' id='word_1_93' title='bbox 1328 1362 1695 1427; x_wconf 91' lang='lat' dir='ltr'><strong>benedictum,</strong></span> <span class='ocrx_word' id='word_1_94' title='bbox 1729 1368 1821 1436; x_wconf 90' lang='lat' dir='ltr'><strong>qui</strong></span> 
     </span>
    </p>
   </div>
   <div class='ocr_carea' id='block_1_15' title="bbox 241 1447 1819 1527">
    <p class='ocr_par' dir='ltr' id='par_1_15' title="bbox 241 1447 1819 1527">
     <span class='ocr_line' id='line_1_15' title="bbox 241 1447 1819 1527; baseline 0.011 -31"><span class='ocrx_word' id='word_1_95' title='bbox 241 1453 437 1498; x_wconf 90' lang='lat' dir='ltr'><strong>cuncta</strong></span> <span class='ocrx_word' id='word_1_96' title='bbox 467 1447 603 1500; x_wconf 91' lang='lat' dir='ltr'><strong>bene</strong></span> <span class='ocrx_word' id='word_1_97' title='bbox 629 1447 863 1515; x_wconf 81' lang='lat' dir='ltr'><strong>perficit,</strong></span> <span class='ocrx_word' id='word_1_98' title='bbox 895 1451 988 1518; x_wconf 89' lang='lat' dir='ltr'><strong>qui</strong></span> <span class='ocrx_word' id='word_1_99' title='bbox 1011 1464 1202 1507; x_wconf 92' lang='lat' dir='ltr'><strong>cuncta</strong></span> <span class='ocrx_word' id='word_1_100' title='bbox 1233 1455 1369 1508; x_wconf 91' lang='lat' dir='ltr'><strong>bona</strong></span> <span class='ocrx_word' id='word_1_101' title='bbox 1402 1457 1670 1512; x_wconf 86' lang='lat' dir='ltr'><strong>universis</strong></span> <span class='ocrx_word' id='word_1_102' title='bbox 1694 1473 1819 1527; x_wconf 91' lang='lat' dir='ltr'><strong>pro-</strong></span> 
     </span>
    </p>
   </div>
   <div class='ocr_carea' id='block_1_16' title="bbox 242 1535 1820 1616">
    <p class='ocr_par' dir='ltr' id='par_1_16' title="bbox 242 1535 1820 1616">
     <span class='ocr_line' id='line_1_16' title="bbox 242 1535 1820 1616; baseline 0.012 -31"><span class='ocrx_word' id='word_1_103' title='bbox 242 1535 408 1598; x_wconf 87' lang='lat' dir='ltr'><strong>videt,</strong></span> <span class='ocrx_word' id='word_1_104' title='bbox 446 1537 534 1604; x_wconf 89' lang='lat' dir='ltr'><strong>qui</strong></span> <span class='ocrx_word' id='word_1_105' title='bbox 578 1538 734 1602; x_wconf 86' lang='lat' dir='ltr'><strong>bene,</strong></span> <span class='ocrx_word' id='word_1_106' title='bbox 794 1541 992 1610; x_wconf 88' lang='lat' dir='ltr'><strong>inquit,</strong></span> <span class='ocrx_word' id='word_1_107' title='bbox 1029 1544 1158 1597; x_wconf 92' lang='lat' dir='ltr'><strong>mihi</strong></span> <span class='ocrx_word' id='word_1_108' title='bbox 1214 1561 1458 1616; x_wconf 91' lang='lat' dir='ltr'><strong>magnam</strong></span> <span class='ocrx_word' id='word_1_109' title='bbox 1507 1549 1820 1616; x_wconf 85' lang='lat' dir='ltr'><strong>patientiam</strong></span> 
     </span>
    </p>
   </div>
   <div class='ocr_carea' id='block_1_17' title="bbox 241 1629 1819 1707">
    <p class='ocr_par' dir='ltr' id='par_1_17' title="bbox 241 1629 1819 1707">
     <span class='ocr_line' id='line_1_17' title="bbox 241 1629 1819 1707; baseline 0.01 -27"><span class='ocrx_word' id='word_1_110' title='bbox 241 1639 407 1697; x_wconf 89' lang='lat' dir='ltr'><strong>atque</strong></span> <span class='ocrx_word' id='word_1_111' title='bbox 433 1629 766 1684; x_wconf 87' lang='lat' dir='ltr'><strong>tolerantiam</strong></span> <span class='ocrx_word' id='word_1_112' title='bbox 798 1635 1145 1700; x_wconf 86' lang='lat' dir='ltr'><strong>condonavit,</strong></span> <span class='ocrx_word' id='word_1_113' title='bbox 1180 1647 1239 1690; x_wconf 94' lang='lat' dir='ltr'><strong>ut</strong></span> <span class='ocrx_word' id='word_1_114' title='bbox 1266 1647 1518 1707; x_wconf 87' lang='lat' dir='ltr'><strong>tanquam</strong></span> <span class='ocrx_word' id='word_1_115' title='bbox 1544 1655 1734 1694; x_wconf 91' lang='lat' dir='ltr'><strong>aurum</strong></span> <span class='ocrx_word' id='word_1_116' title='bbox 1767 1642 1819 1695; x_wconf 93' lang='lat' dir='ltr'><strong>in</strong></span> 
     </span>
    </p>
   </div>
   <div class='ocr_carea' id='block_1_18' title="bbox 243 1721 1821 1805">
    <p class='ocr_par' dir='ltr' id='par_1_18' title="bbox 243 1721 1821 1805">
     <span class='ocr_line' id='line_1_18' title="bbox 243 1721 1821 1805; baseline 0.01 -30"><span class='ocrx_word' id='word_1_117' title='bbox 243 1721 464 1778; x_wconf 81' lang='lat' dir='ltr'><strong>fornace</strong></span> <span class='ocrx_word' id='word_1_118' title='bbox 491 1727 764 1793; x_wconf 90' lang='lat' dir='ltr'><strong>probatus,</strong></span> <span class='ocrx_word' id='word_1_119' title='bbox 791 1730 1087 1796; x_wconf 80' lang='lat' dir='ltr'><strong>perspicua:</strong></span> <span class='ocrx_word' id='word_1_120' title='bbox 1113 1731 1252 1794; x_wconf 89' lang='lat' dir='ltr'><strong>Iidei,</strong></span> <span class='ocrx_word' id='word_1_121' title='bbox 1281 1731 1574 1788; x_wconf 66' lang='lat' dir='ltr'><strong>tolerantiae</strong></span> <span class='ocrx_word' id='word_1_122' title='bbox 1607 1749 1821 1805; x_wconf 88' lang='lat' dir='ltr'><strong>quoque</strong></span> 
     </span>
    </p>
   </div>
   <div class='ocr_carea' id='block_1_19' title="bbox 1921 523 3498 595">
    <p class='ocr_par' dir='ltr' id='par_1_19' title="bbox 1921 523 3498 595">
     <span class='ocr_line' id='line_1_19' title="bbox 1921 523 3498 595; baseline 0.011 -22"><span class='ocrx_word' id='word_1_123' title='bbox 1921 523 1969 575; x_wconf 86' lang='lat' dir='ltr'><strong>ei</strong></span> <span class='ocrx_word' id='word_1_124' title='bbox 1998 524 2304 578; x_wconf 86' lang='lat' dir='ltr'><strong>acciderunt</strong></span> <span class='ocrx_word' id='word_1_125' title='bbox 2333 527 2468 580; x_wconf 85' lang='lat' dir='ltr'><strong>nihil</strong></span> <span class='ocrx_word' id='word_1_126' title='bbox 2500 529 2734 595; x_wconf 83' lang='lat' dir='ltr'><strong>peccauit</strong></span> <span class='ocrx_word' id='word_1_127' title='bbox 2784 529 2910 584; x_wconf 82' lang='lat' dir='ltr'><strong>Job.</strong></span> <span class='ocrx_word' id='word_1_128' title='bbox 2949 532 3278 587; x_wconf 86' lang='lat' dir='ltr'><strong>Acciderunt</strong></span> <span class='ocrx_word' id='word_1_129' title='bbox 3335 551 3382 588; x_wconf 87' lang='lat' dir='ltr'><strong>et</strong></span> <span class='ocrx_word' id='word_1_130' title='bbox 3419 539 3498 589; x_wconf 72' lang='lat' dir='ltr'><strong>di-</strong></span> 
     </span>
    </p>
   </div>
   <div class='ocr_carea' id='block_1_20' title="bbox 1923 616 3499 691">
    <p class='ocr_par' dir='ltr' id='par_1_20' title="bbox 1923 616 3499 691">
     <span class='ocr_line' id='line_1_20' title="bbox 1923 616 3499 691; baseline 0.008 -24"><span class='ocrx_word' id='word_1_131' title='bbox 1923 616 2084 678; x_wconf 61' lang='lat' dir='ltr'><strong>vitice,</strong></span> <span class='ocrx_word' id='word_1_132' title='bbox 2113 626 2165 669; x_wconf 89' lang='lat' dir='ltr'><strong>et</strong></span> <span class='ocrx_word' id='word_1_133' title='bbox 2199 618 2391 686; x_wconf 75' lang='lat' dir='ltr'><strong>gloria,</strong></span> <span class='ocrx_word' id='word_1_134' title='bbox 2423 621 2514 673; x_wconf 91' lang='lat' dir='ltr'><strong>sed</strong></span> <span class='ocrx_word' id='word_1_135' title='bbox 2571 620 2708 674; x_wconf 90' lang='lat' dir='ltr'><strong>nihil</strong></span> <span class='ocrx_word' id='word_1_136' title='bbox 2771 632 3037 691; x_wconf 86' lang='lat' dir='ltr'><strong>peccavit,</strong></span> <span class='ocrx_word' id='word_1_137' title='bbox 3083 640 3186 678; x_wconf 91' lang='lat' dir='ltr'><strong>non</strong></span> <span class='ocrx_word' id='word_1_138' title='bbox 3241 627 3384 679; x_wconf 91' lang='lat' dir='ltr'><strong>enim</strong></span> <span class='ocrx_word' id='word_1_139' title='bbox 3417 639 3499 680; x_wconf 87' lang='lat' dir='ltr'><strong>est</strong></span> 
     </span>
    </p>
   </div>
   <div class='ocr_carea' id='block_1_21' title="bbox 1922 706 3498 782">
    <p class='ocr_par' dir='ltr' id='par_1_21' title="bbox 1922 706 3498 782">
     <span class='ocr_line' id='line_1_21' title="bbox 1922 706 3498 782; baseline 0.007 -22"><span class='ocrx_word' id='word_1_140' title='bbox 1922 706 2092 760; x_wconf 89' lang='lat' dir='ltr'><strong>elatus</strong></span> <span class='ocrx_word' id='word_1_141' title='bbox 2125 708 2176 760; x_wconf 92' lang='lat' dir='ltr'><strong>iu</strong></span> <span class='ocrx_word' id='word_1_142' title='bbox 2211 711 2545 776; x_wconf 86' lang='lat' dir='ltr'><strong>superbiam.</strong></span> <span class='ocrx_word' id='word_1_143' title='bbox 2577 712 2789 766; x_wconf 85' lang='lat' dir='ltr'><strong>Accidit</strong></span> <span class='ocrx_word' id='word_1_144' title='bbox 2821 715 2870 767; x_wconf 90' lang='lat' dir='ltr'><strong>ei</strong></span> <span class='ocrx_word' id='word_1_145' title='bbox 2919 716 3176 782; x_wconf 92' lang='lat' dir='ltr'><strong>splendor</strong></span> <span class='ocrx_word' id='word_1_146' title='bbox 3206 725 3260 770; x_wconf 90' lang='lat' dir='ltr'><strong>et</strong></span> <span class='ocrx_word' id='word_1_147' title='bbox 3288 717 3498 780; x_wconf 82' lang='lat' dir='ltr'><strong>laetitia,</strong></span> 
     </span>
    </p>
   </div>
   <div class='ocr_carea' id='block_1_22' title="bbox 1924 798 3498 871">
    <p class='ocr_par' dir='ltr' id='par_1_22' title="bbox 1924 798 3498 871">
     <span class='ocr_line' id='line_1_22' title="bbox 1924 798 3498 871; baseline 0.007 -20"><span class='ocrx_word' id='word_1_148' title='bbox 1924 798 2016 852; x_wconf 89' lang='lat' dir='ltr'><strong>sed</strong></span> <span class='ocrx_word' id='word_1_149' title='bbox 2051 814 2154 854; x_wconf 87' lang='lat' dir='ltr'><strong>nec</strong></span> <span class='ocrx_word' id='word_1_150' title='bbox 2189 801 2481 870; x_wconf 83' lang='lat' dir='ltr'><strong>quidquam</strong></span> <span class='ocrx_word' id='word_1_151' title='bbox 2513 806 2779 871; x_wconf 88' lang='lat' dir='ltr'><strong>peccavit.</strong></span> <span class='ocrx_word' id='word_1_152' title='bbox 2830 805 2946 858; x_wconf 77' lang='lat' dir='ltr'><strong>Non</strong></span> <span class='ocrx_word' id='word_1_153' title='bbox 2974 808 3116 861; x_wconf 91' lang='lat' dir='ltr'><strong>enim</strong></span> <span class='ocrx_word' id='word_1_154' title='bbox 3164 819 3248 862; x_wconf 87' lang='lat' dir='ltr'><strong>est</strong></span> <span class='ocrx_word' id='word_1_155' title='bbox 3297 809 3498 863; x_wconf 89' lang='lat' dir='ltr'><strong>oblitus</strong></span> 
     </span>
    </p>
   </div>
   <div class='ocr_carea' id='block_1_23' title="bbox 1927 891 3494 966">
    <p class='ocr_par' dir='ltr' id='par_1_23' title="bbox 1927 891 3494 966">
     <span class='ocr_line' id='line_1_23' title="bbox 1927 891 3494 966; baseline 0.007 -23"><span class='ocrx_word' id='word_1_156' title='bbox 1927 891 2170 944; x_wconf 88' lang='lat' dir='ltr'><strong>timorem</strong></span> <span class='ocrx_word' id='word_1_157' title='bbox 2213 891 2449 955; x_wconf 84' lang='lat' dir='ltr'><strong>Domini,</strong></span> <span class='ocrx_word' id='word_1_158' title='bbox 2502 910 2677 964; x_wconf 89' lang='lat' dir='ltr'><strong>neque</strong></span> <span class='ocrx_word' id='word_1_159' title='bbox 2720 897 3012 966; x_wconf 90' lang='lat' dir='ltr'><strong>dereliquit</strong></span> <span class='ocrx_word' id='word_1_160' title='bbox 3065 901 3494 955; x_wconf 77' lang='lat' dir='ltr'><strong>misericordiam</strong></span> 
     </span>
    </p>
   </div>
   <div class='ocr_carea' id='block_1_24' title="bbox 1924 983 3496 1063">
    <p class='ocr_par' dir='ltr' id='par_1_24' title="bbox 1924 983 3496 1063">
     <span class='ocr_line' id='line_1_24' title="bbox 1924 983 3496 1063; baseline 0.009 -30"><span class='ocrx_word' id='word_1_161' title='bbox 1924 997 1986 1036; x_wconf 92' lang='lat' dir='ltr'><strong>ac</strong></span> <span class='ocrx_word' id='word_1_162' title='bbox 2014 983 2440 1039; x_wconf 86' lang='lat' dir='ltr'><strong>miserationem.</strong></span> <span class='ocrx_word' id='word_1_163' title='bbox 2475 985 2604 1041; x_wconf 89' lang='lat' dir='ltr'><strong>Post</strong></span> <span class='ocrx_word' id='word_1_164' title='bbox 2643 988 2757 1042; x_wconf 74' lang='lat' dir='ltr'><strong>haec</strong></span> <span class='ocrx_word' id='word_1_165' title='bbox 2786 990 3035 1045; x_wconf 87' lang='lat' dir='ltr'><strong>videlicet</strong></span> <span class='ocrx_word' id='word_1_166' title='bbox 3061 992 3255 1046; x_wconf 88' lang='lat' dir='ltr'><strong>accidit</strong></span> <span class='ocrx_word' id='word_1_167' title='bbox 3277 993 3326 1047; x_wconf 92' lang='lat' dir='ltr'><strong>ei</strong></span> <span class='ocrx_word' id='word_1_168' title='bbox 3361 1009 3496 1063; x_wconf 89' lang='lat' dir='ltr'><strong>pan-</strong></span> 
     </span>
    </p>
   </div>
   <div class='ocr_carea' id='block_1_25' title="bbox 1924 1076 3495 1154">
    <p class='ocr_par' dir='ltr' id='par_1_25' title="bbox 1924 1076 3495 1154">
     <span class='ocr_line' id='line_1_25' title="bbox 1924 1076 3495 1154; baseline 0.008 -28"><span class='ocrx_word' id='word_1_169' title='bbox 1924 1082 2102 1140; x_wconf 90' lang='lat' dir='ltr'><strong>pertas</strong></span> <span class='ocrx_word' id='word_1_170' title='bbox 2133 1091 2195 1128; x_wconf 89' lang='lat' dir='ltr'><strong>ac</strong></span> <span class='ocrx_word' id='word_1_171' title='bbox 2226 1076 2466 1142; x_wconf 85' lang='lat' dir='ltr'><strong>miseria,</strong></span> <span class='ocrx_word' id='word_1_172' title='bbox 2499 1079 2594 1132; x_wconf 88' lang='lat' dir='ltr'><strong>sed</strong></span> <span class='ocrx_word' id='word_1_173' title='bbox 2625 1080 2758 1133; x_wconf 85' lang='lat' dir='ltr'><strong>nihil</strong></span> <span class='ocrx_word' id='word_1_174' title='bbox 2802 1084 3046 1148; x_wconf 91' lang='lat' dir='ltr'><strong>peccavit</strong></span> <span class='ocrx_word' id='word_1_175' title='bbox 3079 1083 3199 1150; x_wconf 83' lang='lat' dir='ltr'><strong>Job,</strong></span> <span class='ocrx_word' id='word_1_176' title='bbox 3233 1085 3358 1154; x_wconf 91' lang='lat' dir='ltr'><strong>quia</strong></span> <span class='ocrx_word' id='word_1_177' title='bbox 3391 1102 3495 1140; x_wconf 91' lang='lat' dir='ltr'><strong>non</strong></span> 
     </span>
    </p>
   </div>
   <div class='ocr_carea' id='block_1_26' title="bbox 1924 1163 3499 1232">
    <p class='ocr_par' dir='ltr' id='par_1_26' title="bbox 1924 1163 3499 1232">
     <span class='ocr_line' id='line_1_26' title="bbox 1924 1163 3499 1232; baseline 0.01 -15"><span class='ocrx_word' id='word_1_178' title='bbox 1924 1163 2589 1232; x_wconf 83' lang='lat' dir='ltr'><strong>blasphemavitomnium</strong></span> <span class='ocrx_word' id='word_1_179' title='bbox 2641 1171 3034 1228; x_wconf 90' lang='lat' dir='ltr'><strong>dominantem.</strong></span> <span class='ocrx_word' id='word_1_180' title='bbox 3086 1175 3298 1230; x_wconf 88' lang='lat' dir='ltr'><strong>Accidit</strong></span> <span class='ocrx_word' id='word_1_181' title='bbox 3324 1177 3372 1230; x_wconf 92' lang='lat' dir='ltr'><strong>ei</strong></span> <span class='ocrx_word' id='word_1_182' title='bbox 3401 1178 3499 1232; x_wconf 89' lang='lat' dir='ltr'><strong>do-</strong></span> 
     </span>
    </p>
   </div>
   <div class='ocr_carea' id='block_1_27' title="bbox 1923 1255 3498 1338">
    <p class='ocr_par' dir='ltr' id='par_1_27' title="bbox 1923 1255 3498 1338">
     <span class='ocr_line' id='line_1_27' title="bbox 1923 1255 3498 1338; baseline 0.01 -32"><span class='ocrx_word' id='word_1_183' title='bbox 1923 1255 2026 1318; x_wconf 88' lang='lat' dir='ltr'><strong>lor,</strong></span> <span class='ocrx_word' id='word_1_184' title='bbox 2060 1266 2113 1310; x_wconf 91' lang='lat' dir='ltr'><strong>et</strong></span> <span class='ocrx_word' id='word_1_185' title='bbox 2145 1258 2319 1325; x_wconf 89' lang='lat' dir='ltr'><strong>plaga,</strong></span> <span class='ocrx_word' id='word_1_186' title='bbox 2352 1269 2406 1312; x_wconf 91' lang='lat' dir='ltr'><strong>et</strong></span> <span class='ocrx_word' id='word_1_187' title='bbox 2438 1275 2649 1317; x_wconf 85' lang='lat' dir='ltr'><strong>vermes</strong></span> <span class='ocrx_word' id='word_1_188' title='bbox 2676 1272 2729 1316; x_wconf 87' lang='lat' dir='ltr'><strong>et</strong></span> <span class='ocrx_word' id='word_1_189' title='bbox 2757 1267 2982 1334; x_wconf 87' lang='lat' dir='ltr'><strong>putredo</strong></span> <span class='ocrx_word' id='word_1_190' title='bbox 3013 1285 3024 1320; x_wconf 92' lang='lat'><strong>:</strong></span> <span class='ocrx_word' id='word_1_191' title='bbox 3064 1267 3156 1320; x_wconf 90' lang='lat' dir='ltr'><strong>sed</strong></span> <span class='ocrx_word' id='word_1_192' title='bbox 3210 1268 3343 1321; x_wconf 86' lang='lat' dir='ltr'><strong>nihil</strong></span> <span class='ocrx_word' id='word_1_193' title='bbox 3372 1284 3498 1338; x_wconf 90' lang='lat' dir='ltr'><strong>pec-</strong></span> 
     </span>
    </p>
   </div>
   <div class='ocr_carea' id='block_1_28' title="bbox 1923 1348 3498 1425">
    <p class='ocr_par' dir='ltr' id='par_1_28' title="bbox 1923 1348 3498 1425">
     <span class='ocr_line' id='line_1_28' title="bbox 1923 1348 3498 1425; baseline 0.006 -24"><span class='ocrx_word' id='word_1_194' title='bbox 1923 1348 2065 1401; x_wconf 90' lang='lat' dir='ltr'><strong>cavit</strong></span> <span class='ocrx_word' id='word_1_195' title='bbox 2094 1349 2275 1415; x_wconf 86' lang='lat' dir='ltr'><strong>justus</strong></span> <span class='ocrx_word' id='word_1_196' title='bbox 2307 1350 2420 1405; x_wconf 90' lang='lat' dir='ltr'><strong>ille.</strong></span> <span class='ocrx_word' id='word_1_197' title='bbox 2481 1351 2614 1406; x_wconf 78' lang='lat' dir='ltr'><strong>Nam</strong></span> <span class='ocrx_word' id='word_1_198' title='bbox 2663 1370 2786 1407; x_wconf 93' lang='lat' dir='ltr'><strong>cum</strong></span> <span class='ocrx_word' id='word_1_199' title='bbox 2838 1357 3138 1425; x_wconf 84' lang='lat' dir='ltr'><strong>gratiarum</strong></span> <span class='ocrx_word' id='word_1_200' title='bbox 3193 1359 3498 1413; x_wconf 71' lang='lat' dir='ltr'><strong>actionibus</strong></span> 
     </span>
    </p>
   </div>
   <div class='ocr_carea' id='block_1_29' title="bbox 1924 1441 3496 1520">
    <p class='ocr_par' dir='ltr' id='par_1_29' title="bbox 1924 1441 3496 1520">
     <span class='ocr_line' id='line_1_29' title="bbox 1924 1441 3496 1520; baseline 0.011 -31"><span class='ocrx_word' id='word_1_201' title='bbox 1924 1441 2273 1496; x_wconf 80' lang='lat' dir='ltr'><strong>vehementes</strong></span> <span class='ocrx_word' id='word_1_202' title='bbox 2303 1442 2420 1496; x_wconf 93' lang='lat' dir='ltr'><strong>illos</strong></span> <span class='ocrx_word' id='word_1_203' title='bbox 2471 1444 2730 1499; x_wconf 90' lang='lat' dir='ltr'><strong>sustinuit</strong></span> <span class='ocrx_word' id='word_1_204' title='bbox 2784 1448 3019 1502; x_wconf 87' lang='lat' dir='ltr'><strong>dolores.</strong></span> <span class='ocrx_word' id='word_1_205' title='bbox 3059 1447 3335 1504; x_wconf 79' lang='lat' dir='ltr'><strong>Veraciter</strong></span> <span class='ocrx_word' id='word_1_206' title='bbox 3362 1467 3496 1520; x_wconf 89' lang='lat' dir='ltr'><strong>ergo</strong></span> 
     </span>
    </p>
   </div>
   <div class='ocr_carea' id='block_1_30' title="bbox 1923 1531 3497 1607">
    <p class='ocr_par' dir='ltr' id='par_1_30' title="bbox 1923 1531 3497 1607">
     <span class='ocr_line' id='line_1_30' title="bbox 1923 1531 3497 1607; baseline 0.009 -24"><span class='ocrx_word' id='word_1_207' title='bbox 1923 1531 2113 1584; x_wconf 86' lang='lat' dir='ltr'><strong>scribit</strong></span> <span class='ocrx_word' id='word_1_208' title='bbox 2145 1548 2368 1603; x_wconf 86' lang='lat' dir='ltr'><strong>magnus</strong></span> <span class='ocrx_word' id='word_1_209' title='bbox 2418 1535 2508 1588; x_wconf 86' lang='lat' dir='ltr'><strong>ille</strong></span> <span class='ocrx_word' id='word_1_210' title='bbox 2544 1535 2757 1607; x_wconf 84' lang='lat' dir='ltr'><strong>Moyses</strong></span> <span class='ocrx_word' id='word_1_211' title='bbox 2788 1539 2854 1592; x_wconf 92' lang='lat' dir='ltr'><strong>de</strong></span> <span class='ocrx_word' id='word_1_212' title='bbox 2876 1537 2999 1605; x_wconf 85' lang='lat' dir='ltr'><strong>Job,</strong></span> <span class='ocrx_word' id='word_1_213' title='bbox 3029 1551 3082 1595; x_wconf 93' lang='lat' dir='ltr'><strong>et</strong></span> <span class='ocrx_word' id='word_1_214' title='bbox 3116 1544 3381 1597; x_wconf 81' lang='lat' dir='ltr'><strong>veraciter</strong></span> <span class='ocrx_word' id='word_1_215' title='bbox 3412 1542 3497 1596; x_wconf 86' lang='lat' dir='ltr'><strong>di-</strong></span> 
     </span>
    </p>
   </div>
   <div class='ocr_carea' id='block_1_31' title="bbox 1923 1621 3496 1702">
    <p class='ocr_par' dir='ltr' id='par_1_31' title="bbox 1923 1621 3496 1702">
     <span class='ocr_line' id='line_1_31' title="bbox 1923 1621 3496 1702; baseline 0.007 -27"><span class='ocrx_word' id='word_1_216' title='bbox 1923 1623 2043 1677; x_wconf 91' lang='lat' dir='ltr'><strong>cit:</strong></span> <span class='ocrx_word' id='word_1_217' title='bbox 2099 1621 2168 1678; x_wconf 85' lang='lat' dir='ltr'><strong>In</strong></span> <span class='ocrx_word' id='word_1_218' title='bbox 2200 1626 2440 1680; x_wconf 87' lang='lat' dir='ltr'><strong>omnibus</strong></span> <span class='ocrx_word' id='word_1_219' title='bbox 2490 1643 2607 1697; x_wconf 71' lang='lat' dir='ltr'><strong>quia</strong></span> <span class='ocrx_word' id='word_1_220' title='bbox 2666 1631 2714 1682; x_wconf 89' lang='lat' dir='ltr'><strong>ei</strong></span> <span class='ocrx_word' id='word_1_221' title='bbox 2747 1632 3054 1684; x_wconf 85' lang='lat' dir='ltr'><strong>acciderunt</strong></span> <span class='ocrx_word' id='word_1_222' title='bbox 3091 1634 3219 1685; x_wconf 82' lang='lat' dir='ltr'><strong>nihil</strong></span> <span class='ocrx_word' id='word_1_223' title='bbox 3267 1635 3496 1702; x_wconf 83' lang='lat' dir='ltr'><strong>peccauit</strong></span> 
     </span>
    </p>
   </div>
   <div class='ocr_carea' id='block_1_32' title="bbox 1923 1713 3494 1792">
    <p class='ocr_par' dir='ltr' id='par_1_32' title="bbox 1923 1713 3494 1792">
     <span class='ocr_line' id='line_1_32' title="bbox 1923 1713 3494 1792; baseline 0.008 -25"><span class='ocrx_word' id='word_1_224' title='bbox 1923 1713 2044 1778; x_wconf 84' lang='lat' dir='ltr'><strong>Job,</strong></span> <span class='ocrx_word' id='word_1_225' title='bbox 2077 1733 2240 1786; x_wconf 88' lang='lat' dir='ltr'><strong>neque</strong></span> <span class='ocrx_word' id='word_1_226' title='bbox 2273 1718 2327 1770; x_wconf 89' lang='lat' dir='ltr'><strong>in</strong></span> <span class='ocrx_word' id='word_1_227' title='bbox 2353 1731 2632 1787; x_wconf 82' lang='lat' dir='ltr'><strong>conspectu</strong></span> <span class='ocrx_word' id='word_1_228' title='bbox 2663 1719 2873 1773; x_wconf 85' lang='lat' dir='ltr'><strong>Domini</strong></span> <span class='ocrx_word' id='word_1_229' title='bbox 2913 1739 3073 1792; x_wconf 88' lang='lat' dir='ltr'><strong>neque</strong></span> <span class='ocrx_word' id='word_1_230' title='bbox 3099 1725 3156 1776; x_wconf 88' lang='lat' dir='ltr'><strong>in</strong></span> <span class='ocrx_word' id='word_1_231' title='bbox 3184 1725 3336 1778; x_wconf 84' lang='lat' dir='ltr'><strong>labiis</strong></span> <span class='ocrx_word' id='word_1_232' title='bbox 3364 1726 3494 1780; x_wconf 90' lang='lat' dir='ltr'><strong>suis.</strong></span> 
     </span>
    </p>
   </div>
   <div class='ocr_carea' id='block_1_33' title="bbox 241 1807 3499 1892">
    <p class='ocr_par' dir='ltr' id='par_1_33' title="bbox 241 1807 3499 1892">
     <span class='ocr_line' id='line_1_33' title="bbox 241 1807 3499 1892; baseline 0.007 -44"><span class='ocrx_word' id='word_1_233' title='bbox 241 1824 404 1883; x_wconf 47' lang='lat' dir='ltr'><strong>atque</strong></span> <span class='ocrx_word' id='word_1_234' title='bbox 429 1816 701 1883; x_wconf 49' lang='lat' dir='ltr'><strong>pauentia:</strong></span> <span class='ocrx_word' id='word_1_235' title='bbox 729 1817 956 1872; x_wconf 71' lang='lat' dir='ltr'><strong>formam</strong></span> <span class='ocrx_word' id='word_1_236' title='bbox 985 1820 1196 1875; x_wconf 49' lang='lat' dir='ltr'><strong>cunctis</strong></span> <span class='ocrx_word' id='word_1_237' title='bbox 1217 1822 1610 1892; x_wconf 48' lang='lat' dir='ltr'><strong>subsequent“</strong></span> <span class='ocrx_word' id='word_1_238' title='bbox 1636 1834 1819 1879; x_wconf 56' lang='grc' dir='ltr'><strong>οειυη,</strong></span> <span class='ocrx_word' id='word_1_239' title='bbox 1851 1809 1892 1863; x_wconf 89' lang='grc' dir='ltr'><strong>Β</strong></span> <span class='ocrx_word' id='word_1_240' title='bbox 1923 1807 2058 1872; x_wconf 85' lang='lat' dir='ltr'><strong>Quid</strong></span> <span class='ocrx_word' id='word_1_241' title='bbox 2081 1819 2165 1861; x_wconf 88' lang='lat' dir='ltr'><strong>est</strong></span> <span class='ocrx_word' id='word_1_242' title='bbox 2188 1809 2330 1878; x_wconf 87' lang='lat' dir='ltr'><strong>quod</strong></span> <span class='ocrx_word' id='word_1_243' title='bbox 2351 1809 2508 1874; x_wconf 88' lang='lat' dir='ltr'><strong>dicis,</strong></span> <span class='ocrx_word' id='word_1_244' title='bbox 2537 1826 2569 1864; x_wconf 87' lang='grc' dir='ltr'>ο</span> <span class='ocrx_word' id='word_1_245' title='bbox 2597 1827 2790 1881; x_wconf 87' lang='lat' dir='ltr'><strong>magne</strong></span> <span class='ocrx_word' id='word_1_246' title='bbox 2819 1813 3066 1884; x_wconf 81' lang='lat' dir='ltr'><strong>Moyses?</strong></span> <span class='ocrx_word' id='word_1_247' title='bbox 3090 1817 3218 1885; x_wconf 87' lang='lat' dir='ltr'><strong>quid</strong></span> <span class='ocrx_word' id='word_1_248' title='bbox 3246 1827 3325 1870; x_wconf 90' lang='lat' dir='ltr'><strong>est</strong></span> <span class='ocrx_word' id='word_1_249' title='bbox 3356 1818 3499 1885; x_wconf 81' lang='lat' dir='ltr'><strong>quod</strong></span> 
     </span>
    </p>
   </div>
   <div class='ocr_carea' id='block_1_34' title="bbox 240 1906 1818 1978">
    <p class='ocr_par' dir='ltr' id='par_1_34' title="bbox 240 1906 1818 1978">
     <span class='ocr_line' id='line_1_34' title="bbox 240 1906 1818 1978; baseline 0.008 -20"><span class='ocrx_word' id='word_1_250' title='bbox 240 1906 389 1969; x_wconf 87' lang='lat' dir='ltr'><strong>dam,</strong></span> <span class='ocrx_word' id='word_1_251' title='bbox 419 1906 597 1973; x_wconf 79' lang='lat' dir='ltr'><strong>jusms</strong></span> <span class='ocrx_word' id='word_1_252' title='bbox 624 1911 1027 1978; x_wconf 89' lang='lat' dir='ltr'><strong>comprobatus,</strong></span> <span class='ocrx_word' id='word_1_253' title='bbox 1066 1912 1271 1968; x_wconf 87' lang='lat' dir='ltr'><strong>electus</strong></span> <span class='ocrx_word' id='word_1_254' title='bbox 1304 1915 1702 1971; x_wconf 89' lang='lat' dir='ltr'><strong>demonstratus</strong></span> <span class='ocrx_word' id='word_1_255' title='bbox 1735 1929 1818 1970; x_wconf 87' lang='lat' dir='ltr'><strong>at-</strong></span> 
     </span>
    </p>
   </div>
   <div class='ocr_carea' id='block_1_35' title="bbox 237 2000 1817 2074">
    <p class='ocr_par' dir='ltr' id='par_1_35' title="bbox 237 2000 1817 2074">
     <span class='ocr_line' id='line_1_35' title="bbox 237 2000 1817 2074; baseline 0.007 -24"><span class='ocrx_word' id='word_1_256' title='bbox 237 2011 346 2066; x_wconf 89' lang='lat' dir='ltr'><strong>que</strong></span> <span class='ocrx_word' id='word_1_257' title='bbox 380 2000 676 2066; x_wconf 87' lang='lat' dir='ltr'><strong>probabilis</strong></span> <span class='ocrx_word' id='word_1_258' title='bbox 703 2013 978 2066; x_wconf 89' lang='lat' dir='ltr'><strong>ostensus,</strong></span> <span class='ocrx_word' id='word_1_259' title='bbox 1018 2017 1121 2056; x_wconf 92' lang='lat' dir='ltr'><strong>non</strong></span> <span class='ocrx_word' id='word_1_260' title='bbox 1165 2003 1393 2058; x_wconf 90' lang='lat' dir='ltr'><strong>Domino</strong></span> <span class='ocrx_word' id='word_1_261' title='bbox 1441 2006 1534 2074; x_wconf 90' lang='lat' dir='ltr'><strong>qui</strong></span> <span class='ocrx_word' id='word_1_262' title='bbox 1562 2016 1648 2060; x_wconf 88' lang='lat' dir='ltr'><strong>est</strong></span> <span class='ocrx_word' id='word_1_263' title='bbox 1679 2023 1817 2074; x_wconf 71' lang='lat' dir='ltr'><strong>pra:-</strong></span> 
     </span>
    </p>
   </div>
   <div class='ocr_carea' id='block_1_36' title="bbox 238 2089 1815 2163">
    <p class='ocr_par' dir='ltr' id='par_1_36' title="bbox 238 2089 1815 2163">
     <span class='ocr_line' id='line_1_36' title="bbox 238 2089 1815 2163; baseline 0.004 -22"><span class='ocrx_word' id='word_1_264' title='bbox 238 2089 405 2153; x_wconf 84' lang='lat' dir='ltr'><strong>scius,</strong></span> <span class='ocrx_word' id='word_1_265' title='bbox 439 2091 531 2143; x_wconf 88' lang='lat' dir='ltr'><strong>sed</strong></span> <span class='ocrx_word' id='word_1_266' title='bbox 565 2091 877 2147; x_wconf 91' lang='lat' dir='ltr'><strong>hominibus</strong></span> <span class='ocrx_word' id='word_1_267' title='bbox 927 2095 980 2147; x_wconf 91' lang='lat' dir='ltr'><strong>in</strong></span> <span class='ocrx_word' id='word_1_268' title='bbox 1015 2094 1214 2148; x_wconf 92' lang='lat' dir='ltr'><strong>mundo</strong></span> <span class='ocrx_word' id='word_1_269' title='bbox 1245 2095 1642 2163; x_wconf 88' lang='lat' dir='ltr'><strong>ignorantibus.</strong></span> <span class='ocrx_word' id='word_1_270' title='bbox 1684 2097 1815 2150; x_wconf 82' lang='lat' dir='ltr'><strong>Nam</strong></span> 
     </span>
    </p>
   </div>
   <div class='ocr_carea' id='block_1_37' title="bbox 238 2179 1816 2252">
    <p class='ocr_par' dir='ltr' id='par_1_37' title="bbox 238 2179 1816 2252">
     <span class='ocr_line' id='line_1_37' title="bbox 238 2179 1816 2252; baseline 0.003 -20"><span class='ocrx_word' id='word_1_271' title='bbox 238 2179 500 2248; x_wconf 67' lang='lat' dir='ltr'><strong>priescius</strong></span> <span class='ocrx_word' id='word_1_272' title='bbox 530 2181 791 2236; x_wconf 89' lang='lat' dir='ltr'><strong>Dominus</strong></span> <span class='ocrx_word' id='word_1_273' title='bbox 821 2183 984 2237; x_wconf 91' lang='lat' dir='ltr'><strong>etiam</strong></span> <span class='ocrx_word' id='word_1_274' title='bbox 1025 2194 1151 2238; x_wconf 88' lang='lat' dir='ltr'><strong>ante</strong></span> <span class='ocrx_word' id='word_1_275' title='bbox 1191 2185 1458 2252; x_wconf 90' lang='lat' dir='ltr'><strong>passionis</strong></span> <span class='ocrx_word' id='word_1_276' title='bbox 1484 2185 1694 2238; x_wconf 90' lang='lat' dir='ltr'><strong>initium</strong></span> <span class='ocrx_word' id='word_1_277' title='bbox 1734 2195 1816 2239; x_wconf 81' lang='lat' dir='ltr'><strong>ln-</strong></span> 
     </span>
    </p>
   </div>
   <div class='ocr_carea' id='block_1_38' title="bbox 261 2272 1819 2347">
    <p class='ocr_par' dir='ltr' id='par_1_38' title="bbox 261 2272 1819 2347">
     <span class='ocr_line' id='line_1_38' title="bbox 261 2272 1819 2347; baseline 0.004 -24"><span class='ocrx_word' id='word_1_278' title='bbox 261 2272 486 2326; x_wconf 72' lang='lat' dir='ltr'><strong>erantiie</strong></span> <span class='ocrx_word' id='word_1_279' title='bbox 523 2274 727 2327; x_wconf 88' lang='lat' dir='ltr'><strong>sciebat</strong></span> <span class='ocrx_word' id='word_1_280' title='bbox 751 2275 977 2330; x_wconf 83' lang='lat' dir='ltr'><strong>exitum.</strong></span> <span class='ocrx_word' id='word_1_281' title='bbox 1013 2276 1203 2333; x_wconf 83' lang='lat' dir='ltr'><strong>Merito</strong></span> <span class='ocrx_word' id='word_1_282' title='bbox 1235 2277 1599 2331; x_wconf 84' lang='lat' dir='ltr'><strong>testimonium</strong></span> <span class='ocrx_word' id='word_1_283' title='bbox 1637 2278 1819 2347; x_wconf 90' lang='lat' dir='ltr'><strong>perhi-</strong></span> 
     </span>
    </p>
   </div>
   <div class='ocr_carea' id='block_1_39' title="bbox 238 2365 1818 2438">
    <p class='ocr_par' dir='ltr' id='par_1_39' title="bbox 238 2365 1818 2438">
     <span class='ocr_line' id='line_1_39' title="bbox 238 2365 1818 2438; baseline 0.002 -19"><span class='ocrx_word' id='word_1_284' title='bbox 238 2365 378 2428; x_wconf 70' lang='lat' dir='ltr'><strong>Juit,</strong></span> <span class='ocrx_word' id='word_1_285' title='bbox 411 2367 502 2435; x_wconf 91' lang='lat' dir='ltr'><strong>qui</strong></span> <span class='ocrx_word' id='word_1_286' title='bbox 536 2367 604 2420; x_wconf 92' lang='lat' dir='ltr'><strong>ob</strong></span> <span class='ocrx_word' id='word_1_287' title='bbox 638 2368 738 2421; x_wconf 92' lang='lat' dir='ltr'><strong>hoc</strong></span> <span class='ocrx_word' id='word_1_288' title='bbox 768 2369 937 2437; x_wconf 84' lang='lat' dir='ltr'><strong>ipsam</strong></span> <span class='ocrx_word' id='word_1_289' title='bbox 965 2371 1317 2423; x_wconf 89' lang='lat' dir='ltr'><strong>teutationem</strong></span> <span class='ocrx_word' id='word_1_290' title='bbox 1349 2368 1621 2438; x_wconf 85' lang='lat' dir='ltr'><strong>permisit,</strong></span> <span class='ocrx_word' id='word_1_291' title='bbox 1655 2379 1712 2422; x_wconf 91' lang='lat' dir='ltr'><strong>ut</strong></span> <span class='ocrx_word' id='word_1_292' title='bbox 1735 2369 1818 2422; x_wconf 92' lang='lat' dir='ltr'><strong>his</strong></span> 
     </span>
    </p>
   </div>
   <div class='ocr_carea' id='block_1_40' title="bbox 238 2457 1818 2530">
    <p class='ocr_par' dir='ltr' id='par_1_40' title="bbox 238 2457 1818 2530">
     <span class='ocr_line' id='line_1_40' title="bbox 238 2457 1818 2530; baseline 0.004 -22"><span class='ocrx_word' id='word_1_293' title='bbox 238 2457 331 2526; x_wconf 88' lang='lat' dir='ltr'><strong>qui</strong></span> <span class='ocrx_word' id='word_1_294' title='bbox 364 2459 415 2511; x_wconf 91' lang='lat' dir='ltr'><strong>in</strong></span> <span class='ocrx_word' id='word_1_295' title='bbox 463 2460 662 2512; x_wconf 90' lang='lat' dir='ltr'><strong>mundo</strong></span> <span class='ocrx_word' id='word_1_296' title='bbox 708 2470 834 2513; x_wconf 90' lang='lat' dir='ltr'><strong>sunt</strong></span> <span class='ocrx_word' id='word_1_297' title='bbox 886 2461 1562 2530; x_wconf 78' lang='lat' dir='ltr'><strong>comprobareturjustus.</strong></span> <span class='ocrx_word' id='word_1_298' title='bbox 1597 2459 1703 2515; x_wconf 90' lang='lat' dir='ltr'><strong>Pro</strong></span> <span class='ocrx_word' id='word_1_299' title='bbox 1733 2462 1818 2515; x_wconf 92' lang='lat' dir='ltr'><strong>his</strong></span> 
     </span>
    </p>
   </div>
   <div class='ocr_carea' id='block_1_41' title="bbox 238 2551 1816 2619">
    <p class='ocr_par' dir='ltr' id='par_1_41' title="bbox 238 2551 1816 2619">
     <span class='ocr_line' id='line_1_41' title="bbox 238 2551 1816 2619; baseline 0 -15"><span class='ocrx_word' id='word_1_300' title='bbox 238 2565 372 2619; x_wconf 88' lang='lat' dir='ltr'><strong>ergo</strong></span> <span class='ocrx_word' id='word_1_301' title='bbox 401 2552 652 2604; x_wconf 90' lang='lat' dir='ltr'><strong>omnibus</strong></span> <span class='ocrx_word' id='word_1_302' title='bbox 693 2551 763 2604; x_wconf 83' lang='lat' dir='ltr'><strong>sit</strong></span> <span class='ocrx_word' id='word_1_303' title='bbox 793 2566 989 2605; x_wconf 90' lang='lat' dir='ltr'><strong>nomen</strong></span> <span class='ocrx_word' id='word_1_304' title='bbox 1022 2552 1229 2604; x_wconf 93' lang='lat' dir='ltr'><strong>Domini</strong></span> <span class='ocrx_word' id='word_1_305' title='bbox 1266 2551 1608 2604; x_wconf 89' lang='lat' dir='ltr'><strong>benedictum</strong></span> <span class='ocrx_word' id='word_1_306' title='bbox 1635 2553 1684 2604; x_wconf 90' lang='lat' dir='ltr'><strong>in</strong></span> <span class='ocrx_word' id='word_1_307' title='bbox 1715 2567 1816 2606; x_wconf 83' lang='lat' dir='ltr'><strong>sae-</strong></span> 
     </span>
    </p>
   </div>
   <div class='ocr_carea' id='block_1_42' title="bbox 236 2640 1818 2708">
    <p class='ocr_par' dir='ltr' id='par_1_42' title="bbox 236 2640 1818 2708">
     <span class='ocr_line' id='line_1_42' title="bbox 236 2640 1818 2708; baseline -0.002 -12"><span class='ocrx_word' id='word_1_308' title='bbox 236 2641 381 2696; x_wconf 89' lang='lat' dir='ltr'><strong>cula.</strong></span> <span class='ocrx_word' id='word_1_309' title='bbox 409 2640 534 2694; x_wconf 65' lang='lat' dir='ltr'><strong>llaec</strong></span> <span class='ocrx_word' id='word_1_310' title='bbox 557 2642 837 2694; x_wconf 90' lang='lat' dir='ltr'><strong>audientes</strong></span> <span class='ocrx_word' id='word_1_311' title='bbox 859 2642 1247 2708; x_wconf 83' lang='lat' dir='ltr'><strong>subsequenter</strong></span> <span class='ocrx_word' id='word_1_312' title='bbox 1283 2641 1446 2693; x_wconf 89' lang='lat' dir='ltr'><strong>etiam</strong></span> <span class='ocrx_word' id='word_1_313' title='bbox 1485 2641 1655 2693; x_wconf 84' lang='lat' dir='ltr'><strong>sancti</strong></span> <span class='ocrx_word' id='word_1_314' title='bbox 1694 2656 1818 2708; x_wconf 86' lang='lat' dir='ltr'><strong>pro-</strong></span> 
     </span>
    </p>
   </div>
   <div class='ocr_carea' id='block_1_43' title="bbox 237 2730 1815 2803">
    <p class='ocr_par' dir='ltr' id='par_1_43' title="bbox 237 2730 1815 2803">
     <span class='ocr_line' id='line_1_43' title="bbox 237 2730 1815 2803; baseline -0.001 -17"><span class='ocrx_word' id='word_1_315' title='bbox 237 2735 418 2803; x_wconf 56' lang='lat' dir='ltr'><strong>phetae</strong></span> <span class='ocrx_word' id='word_1_316' title='bbox 446 2747 475 2785; x_wconf 90' lang='lat' dir='ltr'><strong>a</strong></span> <span class='ocrx_word' id='word_1_317' title='bbox 514 2732 671 2786; x_wconf 90' lang='lat' dir='ltr'><strong>beato</strong></span> <span class='ocrx_word' id='word_1_318' title='bbox 701 2731 802 2786; x_wconf 82' lang='lat' dir='ltr'><strong>Job</strong></span> <span class='ocrx_word' id='word_1_319' title='bbox 833 2732 1012 2786; x_wconf 90' lang='lat' dir='ltr'><strong>edocti</strong></span> <span class='ocrx_word' id='word_1_320' title='bbox 1057 2731 1346 2784; x_wconf 89' lang='lat' dir='ltr'><strong>dixerunt:</strong></span> <span class='ocrx_word' id='word_1_321' title='bbox 1382 2730 1460 2784; x_wconf 90' lang='lat' dir='ltr'><strong>Sit</strong></span> <span class='ocrx_word' id='word_1_322' title='bbox 1489 2747 1675 2784; x_wconf 84' lang='lat' dir='ltr'><strong>nomen</strong></span> <span class='ocrx_word' id='word_1_323' title='bbox 1707 2731 1815 2784; x_wconf 62' lang='lat' dir='ltr'><strong>Do-</strong></span> 
     </span>
    </p>
   </div>
   <div class='ocr_carea' id='block_1_44' title="bbox 235 2822 1812 2893">
    <p class='ocr_par' dir='ltr' id='par_1_44' title="bbox 235 2822 1812 2893">
     <span class='ocr_line' id='line_1_44' title="bbox 235 2822 1812 2893; baseline 0 -17"><span class='ocrx_word' id='word_1_324' title='bbox 235 2826 368 2893; x_wconf 73' lang='lat' dir='ltr'><strong>tnini</strong></span> <span class='ocrx_word' id='word_1_325' title='bbox 396 2825 721 2878; x_wconf 82' lang='lat' dir='ltr'><strong>benedictum</strong></span> <span class='ocrx_word' id='word_1_326' title='bbox 748 2840 812 2878; x_wconf 81' lang='lat' dir='ltr'><strong>ea:</strong></span> <span class='ocrx_word' id='word_1_327' title='bbox 831 2824 927 2877; x_wconf 85' lang='lat' dir='ltr'><strong>hoc</strong></span> <span class='ocrx_word' id='word_1_328' title='bbox 952 2839 1089 2876; x_wconf 84' lang='lat' dir='ltr'><strong>nunc</strong></span> <span class='ocrx_word' id='word_1_329' title='bbox 1118 2832 1165 2876; x_wconf 91' lang='lat' dir='ltr'><strong>et</strong></span> <span class='ocrx_word' id='word_1_330' title='bbox 1197 2838 1360 2892; x_wconf 87' lang='lat' dir='ltr'><strong>usque</strong></span> <span class='ocrx_word' id='word_1_331' title='bbox 1392 2823 1446 2875; x_wconf 90' lang='lat' dir='ltr'><strong>in</strong></span> <span class='ocrx_word' id='word_1_332' title='bbox 1469 2822 1720 2876; x_wconf 72' lang='lat' dir='ltr'><strong>saxulum</strong></span> <span class='ocrx_word' id='word_1_333' title='bbox 1746 2823 1812 2876; x_wconf 83' lang='lat'><strong>&quot;.</strong></span> 
     </span>
    </p>
   </div>
   <div class='ocr_carea' id='block_1_45' title="bbox 237 2914 1810 2977">
    <p class='ocr_par' dir='ltr' id='par_1_45' title="bbox 237 2914 1810 2977">
     <span class='ocr_line' id='line_1_45' title="bbox 237 2914 1810 2977; baseline -0.003 -7"><span class='ocrx_word' id='word_1_334' title='bbox 237 2916 394 2972; x_wconf 90' lang='lat' dir='ltr'><strong>Sicut</strong></span> <span class='ocrx_word' id='word_1_335' title='bbox 423 2918 568 2971; x_wconf 89' lang='lat' dir='ltr'><strong>enim</strong></span> <span class='ocrx_word' id='word_1_336' title='bbox 601 2915 865 2970; x_wconf 90' lang='lat' dir='ltr'><strong>mirabilis</strong></span> <span class='ocrx_word' id='word_1_337' title='bbox 917 2914 1019 2970; x_wconf 86' lang='lat' dir='ltr'><strong>Job</strong></span> <span class='ocrx_word' id='word_1_338' title='bbox 1065 2930 1188 2968; x_wconf 91' lang='lat' dir='ltr'><strong>cum</strong></span> <span class='ocrx_word' id='word_1_339' title='bbox 1221 2914 1435 2968; x_wconf 86' lang='lat' dir='ltr'><strong>dolores</strong></span> <span class='ocrx_word' id='word_1_340' title='bbox 1470 2915 1765 2968; x_wconf 85' lang='lat' dir='ltr'><strong>sustineret</strong></span> <span class='ocrx_word' id='word_1_341' title='bbox 1795 2954 1810 2977; x_wconf 92' lang='lat'><strong>,</strong></span> 
     </span>
    </p>
   </div>
   <div class='ocr_carea' id='block_1_46' title="bbox 237 3004 1813 3072">
    <p class='ocr_par' dir='ltr' id='par_1_46' title="bbox 237 3004 1813 3072">
     <span class='ocr_line' id='line_1_46' title="bbox 237 3004 1813 3072; baseline -0.004 -9"><span class='ocrx_word' id='word_1_342' title='bbox 237 3021 438 3064; x_wconf 90' lang='lat' dir='ltr'><strong>nomen</strong></span> <span class='ocrx_word' id='word_1_343' title='bbox 464 3007 674 3060; x_wconf 86' lang='lat' dir='ltr'><strong>Domini</strong></span> <span class='ocrx_word' id='word_1_344' title='bbox 706 3007 998 3072; x_wconf 83' lang='lat' dir='ltr'><strong>benedixit,</strong></span> <span class='ocrx_word' id='word_1_345' title='bbox 1024 3005 1094 3057; x_wconf 86' lang='lat' dir='ltr'><strong>ita</strong></span> <span class='ocrx_word' id='word_1_346' title='bbox 1127 3015 1182 3058; x_wconf 89' lang='lat' dir='ltr'><strong>et</strong></span> <span class='ocrx_word' id='word_1_347' title='bbox 1213 3005 1352 3058; x_wconf 88' lang='lat' dir='ltr'><strong>beati</strong></span> <span class='ocrx_word' id='word_1_348' title='bbox 1385 3004 1657 3072; x_wconf 68' lang='lat' dir='ltr'><strong>prophetat</strong></span> <span class='ocrx_word' id='word_1_349' title='bbox 1687 3018 1813 3072; x_wconf 86' lang='lat' dir='ltr'><strong>per-</strong></span> 
     </span>
    </p>
   </div>
   <div class='ocr_carea' id='block_1_47' title="bbox 235 3099 1813 3164">
    <p class='ocr_par' dir='ltr' id='par_1_47' title="bbox 235 3099 1813 3164">
     <span class='ocr_line' id='line_1_47' title="bbox 235 3099 1813 3164; baseline -0.001 -11"><span class='ocrx_word' id='word_1_350' title='bbox 235 3100 551 3153; x_wconf 76' lang='lat' dir='ltr'><strong>secutiones</strong></span> <span class='ocrx_word' id='word_1_351' title='bbox 577 3109 631 3153; x_wconf 91' lang='lat' dir='ltr'><strong>et</strong></span> <span class='ocrx_word' id='word_1_352' title='bbox 652 3099 865 3154; x_wconf 89' lang='lat' dir='ltr'><strong>dolores</strong></span> <span class='ocrx_word' id='word_1_353' title='bbox 896 3100 1230 3153; x_wconf 89' lang='lat' dir='ltr'><strong>sustinentes</strong></span> <span class='ocrx_word' id='word_1_354' title='bbox 1284 3099 1580 3164; x_wconf 89' lang='lat' dir='ltr'><strong>terribiles,</strong></span> <span class='ocrx_word' id='word_1_355' title='bbox 1614 3113 1813 3153; x_wconf 90' lang='lat' dir='ltr'><strong>nomen</strong></span> 
     </span>
    </p>
   </div>
   <div class='ocr_carea' id='block_1_48' title="bbox 236 3190 1814 3260">
    <p class='ocr_par' dir='ltr' id='par_1_48' title="bbox 236 3190 1814 3260">
     <span class='ocr_line' id='line_1_48' title="bbox 236 3190 1814 3260; baseline -0.001 -16"><span class='ocrx_word' id='word_1_356' title='bbox 236 3190 453 3244; x_wconf 87' lang='lat' dir='ltr'><strong>Domini</strong></span> <span class='ocrx_word' id='word_1_357' title='bbox 489 3191 898 3244; x_wconf 78' lang='lat' dir='ltr'><strong>benedixerunt.</strong></span> <span class='ocrx_word' id='word_1_358' title='bbox 924 3191 1050 3244; x_wconf 89' lang='lat' dir='ltr'><strong>Post</strong></span> <span class='ocrx_word' id='word_1_359' title='bbox 1093 3206 1213 3260; x_wconf 65' lang='lat' dir='ltr'><strong>quae</strong></span> <span class='ocrx_word' id='word_1_360' title='bbox 1246 3192 1523 3254; x_wconf 89' lang='lat' dir='ltr'><strong>universa,</strong></span> <span class='ocrx_word' id='word_1_361' title='bbox 1555 3190 1701 3246; x_wconf 92' lang='lat' dir='ltr'><strong>velut</strong></span> <span class='ocrx_word' id='word_1_362' title='bbox 1732 3190 1814 3243; x_wconf 92' lang='lat' dir='ltr'><strong>vi-</strong></span> 
     </span>
    </p>
   </div>
   <div class='ocr_carea' id='block_1_49' title="bbox 236 3283 1814 3354">
    <p class='ocr_par' dir='ltr' id='par_1_49' title="bbox 236 3283 1814 3354">
     <span class='ocr_line' id='line_1_49' title="bbox 236 3283 1814 3354; baseline -0.001 -16"><span class='ocrx_word' id='word_1_363' title='bbox 236 3284 426 3338; x_wconf 73' lang='lat' dir='ltr'><strong>ctoria:</strong></span> <span class='ocrx_word' id='word_1_364' title='bbox 459 3284 699 3348; x_wconf 89' lang='lat' dir='ltr'><strong>titulum,</strong></span> <span class='ocrx_word' id='word_1_365' title='bbox 727 3284 932 3354; x_wconf 65' lang='lat' dir='ltr'><strong>gloriaz,</strong></span> <span class='ocrx_word' id='word_1_366' title='bbox 966 3299 1029 3338; x_wconf 92' lang='lat' dir='ltr'><strong>ac</strong></span> <span class='ocrx_word' id='word_1_367' title='bbox 1061 3283 1237 3337; x_wconf 88' lang='lat' dir='ltr'><strong>laudis</strong></span> <span class='ocrx_word' id='word_1_368' title='bbox 1273 3292 1435 3352; x_wconf 90' lang='lat' dir='ltr'><strong>atque</strong></span> <span class='ocrx_word' id='word_1_369' title='bbox 1482 3285 1707 3338; x_wconf 89' lang='lat' dir='ltr'><strong>honoris</strong></span> <span class='ocrx_word' id='word_1_370' title='bbox 1736 3283 1814 3337; x_wconf 90' lang='lat' dir='ltr'><strong>illi</strong></span> 
     </span>
    </p>
   </div>
   <div class='ocr_carea' id='block_1_50' title="bbox 236 3375 1816 3446">
    <p class='ocr_par' dir='ltr' id='par_1_50' title="bbox 236 3375 1816 3446">
     <span class='ocr_line' id='line_1_50' title="bbox 236 3375 1816 3446; baseline -0.002 -16"><span class='ocrx_word' id='word_1_371' title='bbox 236 3385 484 3430; x_wconf 89' lang='lat' dir='ltr'><strong>statuens</strong></span> <span class='ocrx_word' id='word_1_372' title='bbox 515 3391 742 3446; x_wconf 87' lang='lat' dir='ltr'><strong>magnus</strong></span> <span class='ocrx_word' id='word_1_373' title='bbox 771 3375 860 3428; x_wconf 91' lang='lat' dir='ltr'><strong>ille</strong></span> <span class='ocrx_word' id='word_1_374' title='bbox 899 3376 1110 3445; x_wconf 83' lang='lat' dir='ltr'><strong>Moyses</strong></span> <span class='ocrx_word' id='word_1_375' title='bbox 1167 3376 1381 3439; x_wconf 89' lang='lat' dir='ltr'><strong>scribit,</strong></span> <span class='ocrx_word' id='word_1_376' title='bbox 1427 3391 1492 3430; x_wconf 93' lang='lat' dir='ltr'><strong>ac</strong></span> <span class='ocrx_word' id='word_1_377' title='bbox 1524 3376 1694 3429; x_wconf 90' lang='lat' dir='ltr'><strong>dicit:</strong></span> <span class='ocrx_word' id='word_1_378' title='bbox 1749 3380 1816 3428; x_wconf 82' lang='lat' dir='ltr'><strong>In</strong></span> 
     </span>
    </p>
   </div>
   <div class='ocr_carea' id='block_1_51' title="bbox 235 3465 1812 3535">
    <p class='ocr_par' dir='ltr' id='par_1_51' title="bbox 235 3465 1812 3535">
     <span class='ocr_line' id='line_1_51' title="bbox 235 3465 1812 3535; baseline 0.001 -19"><span class='ocrx_word' id='word_1_379' title='bbox 235 3465 318 3518; x_wconf 81' lang='lat' dir='ltr'><strong>Itis</strong></span> <span class='ocrx_word' id='word_1_380' title='bbox 349 3480 479 3534; x_wconf 86' lang='lat' dir='ltr'><strong>ergo</strong></span> <span class='ocrx_word' id='word_1_381' title='bbox 508 3467 744 3518; x_wconf 87' lang='lat' dir='ltr'><strong>onmibus</strong></span> <span class='ocrx_word' id='word_1_382' title='bbox 764 3481 881 3534; x_wconf 73' lang='lat' dir='ltr'><strong>qua:</strong></span> <span class='ocrx_word' id='word_1_383' title='bbox 903 3467 949 3518; x_wconf 87' lang='lat' dir='ltr'><strong>ei</strong></span> <span class='ocrx_word' id='word_1_384' title='bbox 969 3465 1292 3528; x_wconf 77' lang='lat' dir='ltr'><strong>acciderunt,</strong></span> <span class='ocrx_word' id='word_1_385' title='bbox 1315 3483 1415 3518; x_wconf 88' lang='lat' dir='ltr'><strong>non</strong></span> <span class='ocrx_word' id='word_1_386' title='bbox 1437 3467 1665 3535; x_wconf 85' lang='lat' dir='ltr'><strong>peccavit</strong></span> <span class='ocrx_word' id='word_1_387' title='bbox 1691 3466 1812 3531; x_wconf 83' lang='lat' dir='ltr'><strong>Job,</strong></span> 
     </span>
    </p>
   </div>
   <div class='ocr_carea' id='block_1_52' title="bbox 237 3556 1810 3627">
    <p class='ocr_par' dir='ltr' id='par_1_52' title="bbox 237 3556 1810 3627">
     <span class='ocr_line' id='line_1_52' title="bbox 237 3556 1810 3627; baseline 0.001 -18"><span class='ocrx_word' id='word_1_388' title='bbox 237 3574 400 3627; x_wconf 84' lang='lat' dir='ltr'><strong>neque</strong></span> <span class='ocrx_word' id='word_1_389' title='bbox 443 3558 496 3612; x_wconf 88' lang='lat' dir='ltr'><strong>in</strong></span> <span class='ocrx_word' id='word_1_390' title='bbox 542 3569 816 3624; x_wconf 84' lang='lat' dir='ltr'><strong>conspectu</strong></span> <span class='ocrx_word' id='word_1_391' title='bbox 847 3556 1080 3620; x_wconf 80' lang='lat' dir='ltr'><strong>Domini,</strong></span> <span class='ocrx_word' id='word_1_392' title='bbox 1131 3573 1293 3626; x_wconf 81' lang='lat' dir='ltr'><strong>neque</strong></span> <span class='ocrx_word' id='word_1_393' title='bbox 1327 3558 1382 3610; x_wconf 91' lang='lat' dir='ltr'><strong>in</strong></span> <span class='ocrx_word' id='word_1_394' title='bbox 1417 3558 1572 3610; x_wconf 87' lang='lat' dir='ltr'><strong>labiis</strong></span> <span class='ocrx_word' id='word_1_395' title='bbox 1605 3558 1714 3611; x_wconf 87' lang='lat' dir='ltr'><strong>suis</strong></span> <span class='ocrx_word' id='word_1_396' title='bbox 1738 3558 1810 3611; x_wconf 80' lang='grc'><strong>⁵⁷.</strong></span> 
     </span>
    </p>
   </div>
   <div class='ocr_carea' id='block_1_53' title="bbox 237 3648 1813 3718">
    <p class='ocr_par' dir='ltr' id='par_1_53' title="bbox 237 3648 1813 3718">
     <span class='ocr_line' id='line_1_53' title="bbox 237 3648 1813 3718; baseline -0.001 -16"><span class='ocrx_word' id='word_1_397' title='bbox 237 3649 295 3713; x_wconf 85' lang='lat' dir='ltr'><strong>In</strong></span> <span class='ocrx_word' id='word_1_398' title='bbox 320 3651 404 3704; x_wconf 84' lang='lat' dir='ltr'><strong>his</strong></span> <span class='ocrx_word' id='word_1_399' title='bbox 432 3650 706 3712; x_wconf 92' lang='lat' dir='ltr'><strong>omnibus,</strong></span> <span class='ocrx_word' id='word_1_400' title='bbox 737 3648 930 3716; x_wconf 87' lang='lat' dir='ltr'><strong>inquit,</strong></span> <span class='ocrx_word' id='word_1_401' title='bbox 972 3658 1078 3700; x_wconf 90' lang='lat' dir='ltr'><strong>tam</strong></span> <span class='ocrx_word' id='word_1_402' title='bbox 1114 3649 1385 3717; x_wconf 89' lang='lat' dir='ltr'><strong>plurimis,</strong></span> <span class='ocrx_word' id='word_1_403' title='bbox 1427 3658 1537 3701; x_wconf 87' lang='lat' dir='ltr'><strong>tant</strong></span> <span class='ocrx_word' id='word_1_404' title='bbox 1581 3648 1813 3718; x_wconf 82' lang='lat' dir='ltr'><strong>magnis,</strong></span> 
     </span>
    </p>
   </div>
   <div class='ocr_carea' id='block_1_54' title="bbox 239 3741 1816 3812">
    <p class='ocr_par' dir='ltr' id='par_1_54' title="bbox 239 3741 1816 3812">
     <span class='ocr_line' id='line_1_54' title="bbox 239 3741 1816 3812; baseline -0.001 -17"><span class='ocrx_word' id='word_1_405' title='bbox 239 3755 350 3796; x_wconf 89' lang='lat' dir='ltr'><strong>tam</strong></span> <span class='ocrx_word' id='word_1_406' title='bbox 387 3743 729 3812; x_wconf 88' lang='lat' dir='ltr'><strong>periculosis,</strong></span> <span class='ocrx_word' id='word_1_407' title='bbox 775 3750 990 3810; x_wconf 84' lang='lat' dir='ltr'><strong>tantque</strong></span> <span class='ocrx_word' id='word_1_408' title='bbox 1036 3741 1370 3796; x_wconf 90' lang='lat' dir='ltr'><strong>terribilibus</strong></span> <span class='ocrx_word' id='word_1_409' title='bbox 1423 3755 1489 3794; x_wconf 90' lang='lat' dir='ltr'><strong>ac</strong></span> <span class='ocrx_word' id='word_1_410' title='bbox 1526 3743 1816 3794; x_wconf 82' lang='lat' dir='ltr'><strong>vehemen-</strong></span> 
     </span>
    </p>
   </div>
   <div class='ocr_carea' id='block_1_55' title="bbox 239 3832 1812 3903">
    <p class='ocr_par' dir='ltr' id='par_1_55' title="bbox 239 3832 1812 3903">
     <span class='ocr_line' id='line_1_55' title="bbox 239 3832 1812 3903; baseline -0.001 -15"><span class='ocrx_word' id='word_1_411' title='bbox 239 3835 486 3897; x_wconf 88' lang='lat' dir='ltr'><strong>tissimis,</strong></span> <span class='ocrx_word' id='word_1_412' title='bbox 511 3835 562 3887; x_wconf 90' lang='lat' dir='ltr'><strong>in</strong></span> <span class='ocrx_word' id='word_1_413' title='bbox 597 3833 849 3888; x_wconf 91' lang='lat' dir='ltr'><strong>omnibus</strong></span> <span class='ocrx_word' id='word_1_414' title='bbox 897 3834 1086 3902; x_wconf 89' lang='lat' dir='ltr'><strong>primis</strong></span> <span class='ocrx_word' id='word_1_415' title='bbox 1111 3848 1175 3888; x_wconf 86' lang='lat' dir='ltr'><strong>ac</strong></span> <span class='ocrx_word' id='word_1_416' title='bbox 1219 3834 1556 3897; x_wconf 87' lang='lat' dir='ltr'><strong>novissimis,</strong></span> <span class='ocrx_word' id='word_1_417' title='bbox 1593 3832 1812 3903; x_wconf 84' lang='lat' dir='ltr'><strong>majori-</strong></span> 
     </span>
    </p>
   </div>
   <div class='ocr_carea' id='block_1_56' title="bbox 237 3924 1817 3996">
    <p class='ocr_par' dir='ltr' id='par_1_56' title="bbox 237 3924 1817 3996">
     <span class='ocr_line' id='line_1_56' title="bbox 237 3924 1817 3996; baseline 0.002 -19"><span class='ocrx_word' id='word_1_418' title='bbox 237 3925 337 3978; x_wconf 88' lang='lat' dir='ltr'><strong>bus</strong></span> <span class='ocrx_word' id='word_1_419' title='bbox 360 3940 422 3977; x_wconf 89' lang='lat' dir='ltr'><strong>ac</strong></span> <span class='ocrx_word' id='word_1_420' title='bbox 452 3924 757 3978; x_wconf 88' lang='lat' dir='ltr'><strong>minoribus</strong></span> <span class='ocrx_word' id='word_1_421' title='bbox 779 3940 898 3993; x_wconf 62' lang='lat' dir='ltr'><strong>quae</strong></span> <span class='ocrx_word' id='word_1_422' title='bbox 917 3925 1277 3981; x_wconf 88' lang='lat' dir='ltr'><strong>lueruntante</strong></span> <span class='ocrx_word' id='word_1_423' title='bbox 1303 3926 1536 3996; x_wconf 87' lang='lat' dir='ltr'><strong>plagam,</strong></span> <span class='ocrx_word' id='word_1_424' title='bbox 1571 3928 1622 3980; x_wconf 90' lang='lat' dir='ltr'><strong>in</strong></span> <span class='ocrx_word' id='word_1_425' title='bbox 1649 3929 1817 3982; x_wconf 48' lang='lat' dir='ltr'><strong>omnia</strong></span> 
     </span>
    </p>
   </div>
   <div class='ocr_carea' id='block_1_57' title="bbox 236 4012 1815 4086">
    <p class='ocr_par' dir='ltr' id='par_1_57' title="bbox 236 4012 1815 4086">
     <span class='ocr_line' id='line_1_57' title="bbox 236 4012 1815 4086; baseline 0.003 -20"><span class='ocrx_word' id='word_1_426' title='bbox 236 4012 338 4067; x_wconf 84' lang='lat' dir='ltr'><strong>bus</strong></span> <span class='ocrx_word' id='word_1_427' title='bbox 371 4014 792 4080; x_wconf 88' lang='lat' dir='ltr'><strong>miserabilibus,</strong></span> <span class='ocrx_word' id='word_1_428' title='bbox 818 4014 1076 4082; x_wconf 89' lang='lat' dir='ltr'><strong>gravibus</strong></span> <span class='ocrx_word' id='word_1_429' title='bbox 1105 4030 1324 4085; x_wconf 90' lang='lat' dir='ltr'><strong>quoque</strong></span> <span class='ocrx_word' id='word_1_430' title='bbox 1352 4025 1406 4069; x_wconf 86' lang='lat' dir='ltr'><strong>et</strong></span> <span class='ocrx_word' id='word_1_431' title='bbox 1433 4027 1665 4070; x_wconf 91' lang='lat' dir='ltr'><strong>mentem</strong></span> <span class='ocrx_word' id='word_1_432' title='bbox 1695 4033 1815 4086; x_wconf 84' lang='lat' dir='ltr'><strong>per-</strong></span> 
     </span>
    </p>
   </div>
   <div class='ocr_carea' id='block_1_58' title="bbox 241 4104 1816 4173">
    <p class='ocr_par' dir='ltr' id='par_1_58' title="bbox 241 4104 1816 4173">
     <span class='ocr_line' id='line_1_58' title="bbox 241 4104 1816 4173; baseline 0.003 -19"><span class='ocrx_word' id='word_1_433' title='bbox 241 4104 603 4170; x_wconf 83' lang='lat' dir='ltr'><strong>turbantibus,</strong></span> <span class='ocrx_word' id='word_1_434' title='bbox 637 4105 932 4172; x_wconf 67' lang='lat' dir='ltr'><strong>prtecordia</strong></span> <span class='ocrx_word' id='word_1_435' title='bbox 959 4106 1412 4173; x_wconf 84' lang='lat' dir='ltr'><strong>perterrentibus.</strong></span> <span class='ocrx_word' id='word_1_436' title='bbox 1445 4104 1502 4158; x_wconf 85' lang='lat' dir='ltr'><strong>in</strong></span> <span class='ocrx_word' id='word_1_437' title='bbox 1536 4106 1620 4160; x_wconf 92' lang='lat' dir='ltr'><strong>his</strong></span> <span class='ocrx_word' id='word_1_438' title='bbox 1642 4108 1816 4167; x_wconf 86' lang='lat' dir='ltr'><strong>omni-</strong></span> 
     </span>
    </p>
   </div>
   <div class='ocr_carea' id='block_1_59' title="bbox 238 4192 1815 4268">
    <p class='ocr_par' dir='ltr' id='par_1_59' title="bbox 238 4192 1815 4268">
     <span class='ocr_line' id='line_1_59' title="bbox 238 4192 1815 4268; baseline 0.004 -22"><span class='ocrx_word' id='word_1_439' title='bbox 238 4192 360 4248; x_wconf 89' lang='lat' dir='ltr'><strong>bus.</strong></span> <span class='ocrx_word' id='word_1_440' title='bbox 415 4193 552 4247; x_wconf 84' lang='lat' dir='ltr'><strong>Nam</strong></span> <span class='ocrx_word' id='word_1_441' title='bbox 589 4196 690 4249; x_wconf 93' lang='lat' dir='ltr'><strong>nisi</strong></span> <span class='ocrx_word' id='word_1_442' title='bbox 740 4206 925 4249; x_wconf 90' lang='lat' dir='ltr'><strong>essent</strong></span> <span class='ocrx_word' id='word_1_443' title='bbox 975 4195 1206 4264; x_wconf 87' lang='lat' dir='ltr'><strong>plurima</strong></span> <span class='ocrx_word' id='word_1_444' title='bbox 1248 4205 1302 4251; x_wconf 87' lang='lat' dir='ltr'><strong>et</strong></span> <span class='ocrx_word' id='word_1_445' title='bbox 1369 4212 1587 4266; x_wconf 88' lang='lat' dir='ltr'><strong>magna,</strong></span> <span class='ocrx_word' id='word_1_446' title='bbox 1650 4207 1815 4268; x_wconf 92' lang='lat' dir='ltr'><strong>atque</strong></span> 
     </span>
    </p>
   </div>
   <div class='ocr_carea' id='block_1_60' title="bbox 240 4287 1815 4359">
    <p class='ocr_par' dir='ltr' id='par_1_60' title="bbox 240 4287 1815 4359">
     <span class='ocr_line' id='line_1_60' title="bbox 240 4287 1815 4359; baseline 0.004 -22"><span class='ocrx_word' id='word_1_447' title='bbox 240 4287 527 4352; x_wconf 87' lang='lat' dir='ltr'><strong>terribilia,</strong></span> <span class='ocrx_word' id='word_1_448' title='bbox 557 4303 661 4339; x_wconf 89' lang='lat' dir='ltr'><strong>non</strong></span> <span class='ocrx_word' id='word_1_449' title='bbox 699 4289 887 4356; x_wconf 87' lang='lat' dir='ltr'><strong>utique</strong></span> <span class='ocrx_word' id='word_1_450' title='bbox 926 4287 1155 4341; x_wconf 83' lang='lat' dir='ltr'><strong>dixisset</strong></span> <span class='ocrx_word' id='word_1_451' title='bbox 1211 4287 1264 4341; x_wconf 91' lang='lat' dir='ltr'><strong>in</strong></span> <span class='ocrx_word' id='word_1_452' title='bbox 1300 4288 1384 4342; x_wconf 90' lang='lat' dir='ltr'><strong>his</strong></span> <span class='ocrx_word' id='word_1_453' title='bbox 1416 4289 1668 4343; x_wconf 87' lang='lat' dir='ltr'><strong>omnibus</strong></span> <span class='ocrx_word' id='word_1_454' title='bbox 1696 4305 1815 4359; x_wconf 74' lang='lat' dir='ltr'><strong>qua:</strong></span> 
     </span>
    </p>
   </div>
   <div class='ocr_carea' id='block_1_61' title="bbox 236 4376 1812 4450">
    <p class='ocr_par' dir='ltr' id='par_1_61' title="bbox 236 4376 1812 4450">
     <span class='ocr_line' id='line_1_61' title="bbox 236 4376 1812 4450; baseline 0.001 -20"><span class='ocrx_word' id='word_1_455' title='bbox 236 4376 286 4430; x_wconf 90' lang='lat' dir='ltr'><strong>ei</strong></span> <span class='ocrx_word' id='word_1_456' title='bbox 314 4377 653 4441; x_wconf 90' lang='lat' dir='ltr'><strong>acciderunt,</strong></span> <span class='ocrx_word' id='word_1_457' title='bbox 709 4388 964 4447; x_wconf 87' lang='lat' dir='ltr'><strong>tauquant</strong></span> <span class='ocrx_word' id='word_1_458' title='bbox 1007 4380 1050 4433; x_wconf 91' lang='lat' dir='ltr'><strong>si</strong></span> <span class='ocrx_word' id='word_1_459' title='bbox 1079 4380 1289 4434; x_wconf 91' lang='lat' dir='ltr'><strong>diceret</strong></span> <span class='ocrx_word' id='word_1_460' title='bbox 1323 4398 1336 4433; x_wconf 90' lang='lat'><strong>:</strong></span> <span class='ocrx_word' id='word_1_461' title='bbox 1378 4379 1509 4446; x_wconf 86' lang='lat' dir='ltr'><strong>Quis</strong></span> <span class='ocrx_word' id='word_1_462' title='bbox 1569 4395 1756 4450; x_wconf 87' lang='lat' dir='ltr'><strong>regum</strong></span> <span class='ocrx_word' id='word_1_463' title='bbox 1784 4397 1812 4433; x_wconf 90' lang='lat' dir='ltr'><strong>a</strong></span> 
     </span>
    </p>
   </div>
   <div class='ocr_carea' id='block_1_62' title="bbox 1924 1898 3500 1977">
    <p class='ocr_par' dir='ltr' id='par_1_62' title="bbox 1924 1898 3500 1977">
     <span class='ocr_line' id='line_1_62' title="bbox 1924 1898 3500 1977; baseline 0.008 -27"><span class='ocrx_word' id='word_1_464' title='bbox 1924 1898 2184 1967; x_wconf 87' lang='lat' dir='ltr'><strong>loqueris,</strong></span> <span class='ocrx_word' id='word_1_465' title='bbox 2221 1917 2382 1970; x_wconf 80' lang='lat' dir='ltr'><strong>neque</strong></span> <span class='ocrx_word' id='word_1_466' title='bbox 2422 1903 2476 1955; x_wconf 89' lang='lat' dir='ltr'><strong>in</strong></span> <span class='ocrx_word' id='word_1_467' title='bbox 2507 1916 2790 1973; x_wconf 83' lang='lat' dir='ltr'><strong>conspectu</strong></span> <span class='ocrx_word' id='word_1_468' title='bbox 2841 1904 3087 1969; x_wconf 87' lang='lat' dir='ltr'><strong>Domini,</strong></span> <span class='ocrx_word' id='word_1_469' title='bbox 3122 1925 3285 1977; x_wconf 84' lang='lat' dir='ltr'><strong>neque</strong></span> <span class='ocrx_word' id='word_1_470' title='bbox 3318 1911 3371 1962; x_wconf 90' lang='lat' dir='ltr'><strong>in</strong></span> <span class='ocrx_word' id='word_1_471' title='bbox 3419 1911 3500 1962; x_wconf 81' lang='lat' dir='ltr'><strong>lu-</strong></span> 
     </span>
    </p>
   </div>
   <div class='ocr_carea' id='block_1_63' title="bbox 1922 1990 3499 2069">
    <p class='ocr_par' dir='ltr' id='par_1_63' title="bbox 1922 1990 3499 2069">
     <span class='ocr_line' id='line_1_63' title="bbox 1922 1990 3499 2069; baseline 0.008 -26"><span class='ocrx_word' id='word_1_472' title='bbox 1922 1990 2018 2044; x_wconf 87' lang='lat' dir='ltr'><strong>biis</strong></span> <span class='ocrx_word' id='word_1_473' title='bbox 2049 1992 2355 2061; x_wconf 83' lang='lat' dir='ltr'><strong>suis?Ego,</strong></span> <span class='ocrx_word' id='word_1_474' title='bbox 2390 1994 2588 2064; x_wconf 88' lang='lat' dir='ltr'><strong>inquit,</strong></span> <span class='ocrx_word' id='word_1_475' title='bbox 2625 1996 2831 2065; x_wconf 86' lang='lat' dir='ltr'><strong>absque</strong></span> <span class='ocrx_word' id='word_1_476' title='bbox 2867 1999 3150 2052; x_wconf 90' lang='lat' dir='ltr'><strong>mendacio</strong></span> <span class='ocrx_word' id='word_1_477' title='bbox 3202 2001 3413 2069; x_wconf 90' lang='lat' dir='ltr'><strong>loquor,</strong></span> <span class='ocrx_word' id='word_1_478' title='bbox 3444 2013 3499 2055; x_wconf 86' lang='lat' dir='ltr'><strong>et</strong></span> 
     </span>
    </p>
   </div>
   <div class='ocr_carea' id='block_1_64' title="bbox 1916 2081 3493 2160">
    <p class='ocr_par' dir='ltr' id='par_1_64' title="bbox 1916 2081 3493 2160">
     <span class='ocr_line' id='line_1_64' title="bbox 1916 2081 3493 2160; baseline 0.007 -26"><span class='ocrx_word' id='word_1_479' title='bbox 1916 2081 2064 2151; x_wconf 89' lang='lat' dir='ltr'><strong>juste</strong></span> <span class='ocrx_word' id='word_1_480' title='bbox 2093 2083 2306 2152; x_wconf 92' lang='lat' dir='ltr'><strong>loquor.</strong></span> <span class='ocrx_word' id='word_1_481' title='bbox 2334 2084 2389 2138; x_wconf 85' lang='lat' dir='ltr'><strong>lit</strong></span> <span class='ocrx_word' id='word_1_482' title='bbox 2419 2097 2710 2156; x_wconf 88' lang='lat' dir='ltr'><strong>conspectu</strong></span> <span class='ocrx_word' id='word_1_483' title='bbox 2736 2090 2880 2142; x_wconf 89' lang='lat' dir='ltr'><strong>enim</strong></span> <span class='ocrx_word' id='word_1_484' title='bbox 2921 2091 3130 2144; x_wconf 90' lang='lat' dir='ltr'><strong>Domini</strong></span> <span class='ocrx_word' id='word_1_485' title='bbox 3158 2109 3262 2146; x_wconf 92' lang='lat' dir='ltr'><strong>non</strong></span> <span class='ocrx_word' id='word_1_486' title='bbox 3301 2107 3493 2160; x_wconf 85' lang='lat' dir='ltr'><strong>pecca-</strong></span> 
     </span>
    </p>
   </div>
   <div class='ocr_carea' id='block_1_65' title="bbox 1920 2175 3498 2252">
    <p class='ocr_par' dir='ltr' id='par_1_65' title="bbox 1920 2175 3498 2252">
     <span class='ocr_line' id='line_1_65' title="bbox 1920 2175 3498 2252; baseline 0.006 -25"><span class='ocrx_word' id='word_1_487' title='bbox 1920 2175 2018 2237; x_wconf 87' lang='lat' dir='ltr'><strong>vit,</strong></span> <span class='ocrx_word' id='word_1_488' title='bbox 2053 2176 2154 2230; x_wconf 91' lang='lat' dir='ltr'><strong>hoc</strong></span> <span class='ocrx_word' id='word_1_489' title='bbox 2181 2187 2282 2240; x_wconf 93' lang='lat' dir='ltr'><strong>est,</strong></span> <span class='ocrx_word' id='word_1_490' title='bbox 2317 2179 2366 2230; x_wconf 87' lang='lat' dir='ltr'><strong>iit</strong></span> <span class='ocrx_word' id='word_1_491' title='bbox 2409 2180 2602 2233; x_wconf 71' lang='lat' dir='ltr'><strong>animae</strong></span> <span class='ocrx_word' id='word_1_492' title='bbox 2635 2182 2910 2244; x_wconf 89' lang='lat' dir='ltr'><strong>consiliis,</strong></span> <span class='ocrx_word' id='word_1_493' title='bbox 2963 2197 3135 2252; x_wconf 90' lang='lat' dir='ltr'><strong>neque</strong></span> <span class='ocrx_word' id='word_1_494' title='bbox 3183 2185 3234 2236; x_wconf 92' lang='lat' dir='ltr'><strong>in</strong></span> <span class='ocrx_word' id='word_1_495' title='bbox 3293 2191 3498 2252; x_wconf 86' lang='lat' dir='ltr'><strong>cogita-</strong></span> 
     </span>
    </p>
   </div>
   <div class='ocr_carea' id='block_1_66' title="bbox 1930 2267 3496 2338">
    <p class='ocr_par' dir='ltr' id='par_1_66' title="bbox 1930 2267 3496 2338">
     <span class='ocr_line' id='line_1_66' title="bbox 1930 2267 3496 2338; baseline 0.007 -19"><span class='ocrx_word' id='word_1_496' title='bbox 1930 2267 2186 2333; x_wconf 91' lang='lat' dir='ltr'><strong>tionibus,</strong></span> <span class='ocrx_word' id='word_1_497' title='bbox 2214 2285 2391 2338; x_wconf 89' lang='lat' dir='ltr'><strong>neque</strong></span> <span class='ocrx_word' id='word_1_498' title='bbox 2427 2270 2479 2323; x_wconf 87' lang='lat' dir='ltr'><strong>iit</strong></span> <span class='ocrx_word' id='word_1_499' title='bbox 2529 2274 2939 2328; x_wconf 88' lang='lat' dir='ltr'><strong>tractationibus</strong></span> <span class='ocrx_word' id='word_1_500' title='bbox 2987 2275 3191 2329; x_wconf 91' lang='lat' dir='ltr'><strong>cordis.</strong></span> <span class='ocrx_word' id='word_1_501' title='bbox 3229 2275 3324 2329; x_wconf 91' lang='lat' dir='ltr'><strong>His</strong></span> <span class='ocrx_word' id='word_1_502' title='bbox 3351 2277 3496 2330; x_wconf 90' lang='lat' dir='ltr'><strong>enim</strong></span> 
     </span>
    </p>
   </div>
   <div class='ocr_carea' id='block_1_67' title="bbox 1920 2360 3484 2437">
    <p class='ocr_par' dir='ltr' id='par_1_67' title="bbox 1920 2360 3484 2437">
     <span class='ocr_line' id='line_1_67' title="bbox 1920 2360 3484 2437; baseline 0.004 -24"><span class='ocrx_word' id='word_1_503' title='bbox 1920 2360 2196 2425; x_wconf 86' lang='lat' dir='ltr'><strong>observat,</strong></span> <span class='ocrx_word' id='word_1_504' title='bbox 2257 2372 2310 2416; x_wconf 92' lang='lat' dir='ltr'><strong>et</strong></span> <span class='ocrx_word' id='word_1_505' title='bbox 2358 2363 2458 2416; x_wconf 88' lang='lat' dir='ltr'><strong>ista</strong></span> <span class='ocrx_word' id='word_1_506' title='bbox 2501 2365 2724 2433; x_wconf 90' lang='lat' dir='ltr'><strong>respicit</strong></span> <span class='ocrx_word' id='word_1_507' title='bbox 2778 2366 2940 2420; x_wconf 83' lang='lat' dir='ltr'><strong>iacies</strong></span> <span class='ocrx_word' id='word_1_508' title='bbox 2989 2367 3221 2432; x_wconf 94' lang='lat' dir='ltr'><strong>Domini,</strong></span> <span class='ocrx_word' id='word_1_509' title='bbox 3255 2384 3376 2437; x_wconf 66' lang='lat' dir='ltr'><strong>quae</strong></span> <span class='ocrx_word' id='word_1_510' title='bbox 3429 2369 3484 2421; x_wconf 87' lang='lat' dir='ltr'><strong>iti</strong></span> 
     </span>
    </p>
   </div>
   <div class='ocr_carea' id='block_1_68' title="bbox 1921 2454 3496 2527">
    <p class='ocr_par' dir='ltr' id='par_1_68' title="bbox 1921 2454 3496 2527">
     <span class='ocr_line' id='line_1_68' title="bbox 1921 2454 3496 2527; baseline 0.004 -21"><span class='ocrx_word' id='word_1_511' title='bbox 1921 2454 2085 2506; x_wconf 78' lang='lat' dir='ltr'><strong>corde</strong></span> <span class='ocrx_word' id='word_1_512' title='bbox 2113 2454 2418 2521; x_wconf 88' lang='lat' dir='ltr'><strong>cogitantur</strong></span> <span class='ocrx_word' id='word_1_513' title='bbox 2450 2463 2616 2523; x_wconf 89' lang='lat' dir='ltr'><strong>atque</strong></span> <span class='ocrx_word' id='word_1_514' title='bbox 2661 2466 2982 2519; x_wconf 88' lang='lat' dir='ltr'><strong>tractantur,</strong></span> <span class='ocrx_word' id='word_1_515' title='bbox 3011 2456 3168 2525; x_wconf 85' lang='lat' dir='ltr'><strong>juxta</strong></span> <span class='ocrx_word' id='word_1_516' title='bbox 3203 2459 3309 2512; x_wconf 90' lang='lat' dir='ltr'><strong>hoc</strong></span> <span class='ocrx_word' id='word_1_517' title='bbox 3355 2459 3496 2527; x_wconf 90' lang='lat' dir='ltr'><strong>quod</strong></span> 
     </span>
    </p>
   </div>
   <div class='ocr_carea' id='block_1_69' title="bbox 1921 2545 3496 2615">
    <p class='ocr_par' dir='ltr' id='par_1_69' title="bbox 1921 2545 3496 2615">
     <span class='ocr_line' id='line_1_69' title="bbox 1921 2545 3496 2615; baseline 0.004 -16"><span class='ocrx_word' id='word_1_518' title='bbox 1921 2545 2122 2600; x_wconf 91' lang='lat' dir='ltr'><strong>dictum</strong></span> <span class='ocrx_word' id='word_1_519' title='bbox 2164 2555 2246 2599; x_wconf 89' lang='lat' dir='ltr'><strong>est</strong></span> <span class='ocrx_word' id='word_1_520' title='bbox 2288 2565 2301 2600; x_wconf 91' lang='lat'><strong>:</strong></span> <span class='ocrx_word' id='word_1_521' title='bbox 2362 2546 2483 2599; x_wconf 82' lang='lat' dir='ltr'><strong>Non</strong></span> <span class='ocrx_word' id='word_1_522' title='bbox 2529 2550 2663 2600; x_wconf 88' lang='lat' dir='ltr'><strong>sicut</strong></span> <span class='ocrx_word' id='word_1_523' title='bbox 2709 2549 2846 2602; x_wconf 82' lang='lat' dir='ltr'><strong>videt</strong></span> <span class='ocrx_word' id='word_1_524' title='bbox 2904 2549 3081 2615; x_wconf 82' lang='lat' dir='ltr'><strong>homo,</strong></span> <span class='ocrx_word' id='word_1_525' title='bbox 3141 2551 3277 2603; x_wconf 81' lang='lat' dir='ltr'><strong>videt</strong></span> <span class='ocrx_word' id='word_1_526' title='bbox 3341 2552 3496 2614; x_wconf 81' lang='lat' dir='ltr'><strong>Deus.</strong></span> 
     </span>
    </p>
   </div>
   <div class='ocr_carea' id='block_1_70' title="bbox 1920 2637 3494 2706">
    <p class='ocr_par' dir='ltr' id='par_1_70' title="bbox 1920 2637 3494 2706">
     <span class='ocr_line' id='line_1_70' title="bbox 1920 2637 3494 2706; baseline 0.005 -16"><span class='ocrx_word' id='word_1_527' title='bbox 1920 2637 2008 2690; x_wconf 83' lang='lat' dir='ltr'><strong>sed</strong></span> <span class='ocrx_word' id='word_1_528' title='bbox 2075 2639 2226 2690; x_wconf 84' lang='lat' dir='ltr'><strong>homo</strong></span> <span class='ocrx_word' id='word_1_529' title='bbox 2278 2640 2413 2691; x_wconf 88' lang='lat' dir='ltr'><strong>videt</strong></span> <span class='ocrx_word' id='word_1_530' title='bbox 2484 2641 2539 2691; x_wconf 90' lang='lat' dir='ltr'><strong>in</strong></span> <span class='ocrx_word' id='word_1_531' title='bbox 2598 2641 2770 2706; x_wconf 78' lang='lat' dir='ltr'><strong>facie,</strong></span> <span class='ocrx_word' id='word_1_532' title='bbox 2850 2649 2906 2693; x_wconf 91' lang='lat' dir='ltr'><strong>et</strong></span> <span class='ocrx_word' id='word_1_533' title='bbox 2977 2656 3081 2693; x_wconf 89' lang='lat' dir='ltr'><strong>non</strong></span> <span class='ocrx_word' id='word_1_534' title='bbox 3142 2642 3193 2694; x_wconf 89' lang='lat' dir='ltr'><strong>itt</strong></span> <span class='ocrx_word' id='word_1_535' title='bbox 3284 2644 3494 2698; x_wconf 88' lang='lat' dir='ltr'><strong>corde:</strong></span> 
     </span>
    </p>
   </div>
   <div class='ocr_carea' id='block_1_71' title="bbox 1921 2728 3497 2798">
    <p class='ocr_par' dir='ltr' id='par_1_71' title="bbox 1921 2728 3497 2798">
     <span class='ocr_line' id='line_1_71' title="bbox 1921 2728 3497 2798; baseline 0.006 -17"><span class='ocrx_word' id='word_1_536' title='bbox 1921 2728 2063 2782; x_wconf 86' lang='lat' dir='ltr'><strong>Deus</strong></span> <span class='ocrx_word' id='word_1_537' title='bbox 2103 2742 2275 2783; x_wconf 85' lang='lat' dir='ltr'><strong>autent</strong></span> <span class='ocrx_word' id='word_1_538' title='bbox 2322 2733 2458 2784; x_wconf 86' lang='lat' dir='ltr'><strong>videt</strong></span> <span class='ocrx_word' id='word_1_539' title='bbox 2508 2733 2562 2784; x_wconf 90' lang='lat' dir='ltr'><strong>in</strong></span> <span class='ocrx_word' id='word_1_540' title='bbox 2624 2734 2778 2786; x_wconf 76' lang='lat' dir='ltr'><strong>corde</strong></span> <span class='ocrx_word' id='word_1_541' title='bbox 2840 2733 2921 2798; x_wconf 81' lang='grc'><strong>⁵⁸,</strong></span> <span class='ocrx_word' id='word_1_542' title='bbox 2982 2735 3117 2788; x_wconf 90' lang='lat' dir='ltr'><strong>etin</strong></span> <span class='ocrx_word' id='word_1_543' title='bbox 3154 2734 3294 2789; x_wconf 75' lang='lat' dir='ltr'><strong>facie</strong></span> <span class='ocrx_word' id='word_1_544' title='bbox 3339 2745 3396 2789; x_wconf 88' lang='lat' dir='ltr'><strong>et</strong></span> <span class='ocrx_word' id='word_1_545' title='bbox 3440 2736 3497 2790; x_wconf 84' lang='lat' dir='ltr'><strong>in</strong></span> 
     </span>
    </p>
   </div>
   <div class='ocr_carea' id='block_1_72' title="bbox 1931 2824 3498 2892">
    <p class='ocr_par' dir='ltr' id='par_1_72' title="bbox 1931 2824 3498 2892">
     <span class='ocr_line' id='line_1_72' title="bbox 1931 2824 3498 2892; baseline 0.006 -16"><span class='ocrx_word' id='word_1_546' title='bbox 1931 2824 2377 2892; x_wconf 88' lang='lat' dir='ltr'><strong>cogitationibus,</strong></span> <span class='ocrx_word' id='word_1_547' title='bbox 2411 2834 2572 2892; x_wconf 88' lang='lat' dir='ltr'><strong>atque</strong></span> <span class='ocrx_word' id='word_1_548' title='bbox 2609 2827 2660 2876; x_wconf 92' lang='lat' dir='ltr'><strong>in</strong></span> <span class='ocrx_word' id='word_1_549' title='bbox 2695 2824 2824 2888; x_wconf 91' lang='lat' dir='ltr'><strong>ipsis</strong></span> <span class='ocrx_word' id='word_1_550' title='bbox 2855 2826 3033 2879; x_wconf 91' lang='lat' dir='ltr'><strong>cordis</strong></span> <span class='ocrx_word' id='word_1_551' title='bbox 3069 2828 3331 2882; x_wconf 87' lang='lat' dir='ltr'><strong>consiliis.</strong></span> <span class='ocrx_word' id='word_1_552' title='bbox 3357 2826 3498 2885; x_wconf 83' lang='lat' dir='ltr'><strong>Istas</strong></span> 
     </span>
    </p>
   </div>
   <div class='ocr_carea' id='block_1_73' title="bbox 1922 2914 3499 2989">
    <p class='ocr_par' dir='ltr' id='par_1_73' title="bbox 1922 2914 3499 2989">
     <span class='ocr_line' id='line_1_73' title="bbox 1922 2914 3499 2989; baseline 0.004 -21"><span class='ocrx_word' id='word_1_553' title='bbox 1922 2914 2129 2968; x_wconf 86' lang='lat' dir='ltr'><strong>scilicet</strong></span> <span class='ocrx_word' id='word_1_554' title='bbox 2160 2916 2340 2968; x_wconf 89' lang='lat' dir='ltr'><strong>cordis</strong></span> <span class='ocrx_word' id='word_1_555' title='bbox 2386 2914 2747 2983; x_wconf 87' lang='lat' dir='ltr'><strong>cogitationes</strong></span> <span class='ocrx_word' id='word_1_556' title='bbox 2777 2958 2790 2978; x_wconf 94' lang='lat'><strong>,</strong></span> <span class='ocrx_word' id='word_1_557' title='bbox 2827 2915 3053 2970; x_wconf 89' lang='lat' dir='ltr'><strong>consilia</strong></span> <span class='ocrx_word' id='word_1_558' title='bbox 3086 2933 3301 2987; x_wconf 91' lang='lat' dir='ltr'><strong>quoque</strong></span> <span class='ocrx_word' id='word_1_559' title='bbox 3333 2928 3499 2989; x_wconf 90' lang='lat' dir='ltr'><strong>atque</strong></span> 
     </span>
    </p>
   </div>
   <div class='ocr_carea' id='block_1_74' title="bbox 1922 3005 3502 3078">
    <p class='ocr_par' dir='ltr' id='par_1_74' title="bbox 1922 3005 3502 3078">
     <span class='ocr_line' id='line_1_74' title="bbox 1922 3005 3502 3078; baseline 0.004 -22"><span class='ocrx_word' id='word_1_560' title='bbox 1922 3014 2183 3059; x_wconf 84' lang='lat' dir='ltr'><strong>tractatus</strong></span> <span class='ocrx_word' id='word_1_561' title='bbox 2217 3006 2528 3074; x_wconf 75' lang='lat' dir='ltr'><strong>designans,</strong></span> <span class='ocrx_word' id='word_1_562' title='bbox 2562 3005 2694 3060; x_wconf 92' lang='lat' dir='ltr'><strong>dicit</strong></span> <span class='ocrx_word' id='word_1_563' title='bbox 2725 3023 2739 3059; x_wconf 73' lang='grc' dir='ltr'>ε</span> <span class='ocrx_word' id='word_1_564' title='bbox 2772 3021 2932 3076; x_wconf 85' lang='lat' dir='ltr'><strong>neque</strong></span> <span class='ocrx_word' id='word_1_565' title='bbox 2978 3008 3032 3060; x_wconf 90' lang='lat' dir='ltr'><strong>in</strong></span> <span class='ocrx_word' id='word_1_566' title='bbox 3084 3022 3361 3078; x_wconf 82' lang='lat' dir='ltr'><strong>conspectu</strong></span> <span class='ocrx_word' id='word_1_567' title='bbox 3395 3009 3502 3063; x_wconf 81' lang='lat' dir='ltr'><strong>Do-</strong></span> 
     </span>
    </p>
   </div>
   <div class='ocr_carea' id='block_1_75' title="bbox 1922 3091 3496 3170">
    <p class='ocr_par' dir='ltr' id='par_1_75' title="bbox 1922 3091 3496 3170">
     <span class='ocr_line' id='line_1_75' title="bbox 1922 3091 3496 3170; baseline 0.007 -27"><span class='ocrx_word' id='word_1_568' title='bbox 1922 3092 2069 3148; x_wconf 88' lang='lat' dir='ltr'><strong>mini.</strong></span> <span class='ocrx_word' id='word_1_569' title='bbox 2101 3091 2272 3146; x_wconf 88' lang='lat' dir='ltr'><strong>Verba</strong></span> <span class='ocrx_word' id='word_1_570' title='bbox 2304 3106 2485 3147; x_wconf 88' lang='lat' dir='ltr'><strong>autem</strong></span> <span class='ocrx_word' id='word_1_571' title='bbox 2514 3104 2568 3147; x_wconf 92' lang='lat' dir='ltr'><strong>et</strong></span> <span class='ocrx_word' id='word_1_572' title='bbox 2593 3094 2812 3162; x_wconf 88' lang='lat' dir='ltr'><strong>eloquia</strong></span> <span class='ocrx_word' id='word_1_573' title='bbox 2859 3096 3237 3153; x_wconf 89' lang='lat' dir='ltr'><strong>demonstrans</strong></span> <span class='ocrx_word' id='word_1_574' title='bbox 3266 3119 3278 3154; x_wconf 92' lang='lat'><strong>:</strong></span> <span class='ocrx_word' id='word_1_575' title='bbox 3313 3116 3496 3170; x_wconf 85' lang='lat' dir='ltr'><strong>neque,</strong></span> 
     </span>
    </p>
   </div>
   <div class='ocr_carea' id='block_1_76' title="bbox 1922 3183 3500 3261">
    <p class='ocr_par' dir='ltr' id='par_1_76' title="bbox 1922 3183 3500 3261">
     <span class='ocr_line' id='line_1_76' title="bbox 1922 3183 3500 3261; baseline 0.008 -26"><span class='ocrx_word' id='word_1_576' title='bbox 1922 3183 2119 3253; x_wconf 85' lang='lat' dir='ltr'><strong>inquit,</strong></span> <span class='ocrx_word' id='word_1_577' title='bbox 2151 3185 2206 3238; x_wconf 89' lang='lat' dir='ltr'><strong>in</strong></span> <span class='ocrx_word' id='word_1_578' title='bbox 2239 3185 2391 3238; x_wconf 86' lang='lat' dir='ltr'><strong>labiis</strong></span> <span class='ocrx_word' id='word_1_579' title='bbox 2416 3186 2547 3252; x_wconf 85' lang='lat' dir='ltr'><strong>suis,</strong></span> <span class='ocrx_word' id='word_1_580' title='bbox 2576 3202 2640 3240; x_wconf 90' lang='lat' dir='ltr'><strong>ac</strong></span> <span class='ocrx_word' id='word_1_581' title='bbox 2670 3187 2714 3240; x_wconf 91' lang='lat' dir='ltr'><strong>si</strong></span> <span class='ocrx_word' id='word_1_582' title='bbox 2749 3189 2982 3242; x_wconf 87' lang='lat' dir='ltr'><strong>diceret:</strong></span> <span class='ocrx_word' id='word_1_583' title='bbox 3003 3189 3194 3244; x_wconf 90' lang='lat' dir='ltr'><strong>Omnia</strong></span> <span class='ocrx_word' id='word_1_584' title='bbox 3225 3207 3344 3261; x_wconf 65' lang='lat' dir='ltr'><strong>quae</strong></span> <span class='ocrx_word' id='word_1_585' title='bbox 3373 3207 3500 3261; x_wconf 81' lang='lat' dir='ltr'><strong>pro-</strong></span> 
     </span>
    </p>
   </div>
   <div class='ocr_carea' id='block_1_77' title="bbox 1919 3277 3500 3350">
    <p class='ocr_par' dir='ltr' id='par_1_77' title="bbox 1919 3277 3500 3350">
     <span class='ocr_line' id='line_1_77' title="bbox 1919 3277 3500 3350; baseline 0.005 -21"><span class='ocrx_word' id='word_1_586' title='bbox 1919 3286 2189 3329; x_wconf 89' lang='lat' dir='ltr'><strong>venerunt</strong></span> <span class='ocrx_word' id='word_1_587' title='bbox 2219 3278 2289 3339; x_wconf 88' lang='lat' dir='ltr'><strong>ei,</strong></span> <span class='ocrx_word' id='word_1_588' title='bbox 2321 3277 2392 3330; x_wconf 90' lang='lat' dir='ltr'><strong>ita</strong></span> <span class='ocrx_word' id='word_1_589' title='bbox 2427 3278 2690 3332; x_wconf 86' lang='lat' dir='ltr'><strong>sustinuit</strong></span> <span class='ocrx_word' id='word_1_590' title='bbox 2723 3277 2823 3334; x_wconf 82' lang='lat' dir='ltr'><strong>Job</strong></span> <span class='ocrx_word' id='word_1_591' title='bbox 2852 3289 2905 3334; x_wconf 90' lang='lat' dir='ltr'><strong>et</strong></span> <span class='ocrx_word' id='word_1_592' title='bbox 2934 3280 3006 3334; x_wconf 89' lang='lat' dir='ltr'><strong>ita</strong></span> <span class='ocrx_word' id='word_1_593' title='bbox 3037 3283 3374 3350; x_wconf 91' lang='lat' dir='ltr'><strong>supportavit</strong></span> <span class='ocrx_word' id='word_1_594' title='bbox 3395 3323 3412 3348; x_wconf 95' lang='lat'><strong>,</strong></span> <span class='ocrx_word' id='word_1_595' title='bbox 3442 3292 3500 3337; x_wconf 86' lang='lat' dir='ltr'><strong>ut</strong></span> 
     </span>
    </p>
   </div>
   <div class='ocr_carea' id='block_1_78' title="bbox 1920 3367 3499 3445">
    <p class='ocr_par' dir='ltr' id='par_1_78' title="bbox 1920 3367 3499 3445">
     <span class='ocr_line' id='line_1_78' title="bbox 1920 3367 3499 3445; baseline 0.006 -25"><span class='ocrx_word' id='word_1_596' title='bbox 1920 3383 2017 3422; x_wconf 89' lang='lat' dir='ltr'><strong>nec</strong></span> <span class='ocrx_word' id='word_1_597' title='bbox 2053 3369 2106 3421; x_wconf 91' lang='lat' dir='ltr'><strong>in</strong></span> <span class='ocrx_word' id='word_1_598' title='bbox 2136 3367 2313 3422; x_wconf 83' lang='lat' dir='ltr'><strong>verbis</strong></span> <span class='ocrx_word' id='word_1_599' title='bbox 2344 3369 2610 3423; x_wconf 89' lang='lat' dir='ltr'><strong>labiorum</strong></span> <span class='ocrx_word' id='word_1_600' title='bbox 2640 3369 3048 3439; x_wconf 88' lang='lat' dir='ltr'><strong>blasphemaret</strong></span> <span class='ocrx_word' id='word_1_601' title='bbox 3079 3373 3244 3426; x_wconf 91' lang='lat' dir='ltr'><strong>Deum</strong></span> <span class='ocrx_word' id='word_1_602' title='bbox 3278 3413 3291 3439; x_wconf 91' lang='lat'><strong>,</strong></span> <span class='ocrx_word' id='word_1_603' title='bbox 3322 3388 3499 3445; x_wconf 83' lang='lat' dir='ltr'><strong>neque</strong></span> 
     </span>
    </p>
   </div>
   <div class='ocr_carea' id='block_1_79' title="bbox 1920 3458 3498 3546">
    <p class='ocr_par' dir='ltr' id='par_1_79' title="bbox 1920 3458 3498 3546">
     <span class='ocr_line' id='line_1_79' title="bbox 1920 3458 3498 3546; baseline 0.004 -35"><span class='ocrx_word' id='word_1_604' title='bbox 1920 3459 1970 3511; x_wconf 92' lang='lat' dir='ltr'><strong>in</strong></span> <span class='ocrx_word' id='word_1_605' title='bbox 2015 3458 2194 3511; x_wconf 91' lang='lat' dir='ltr'><strong>cordis</strong></span> <span class='ocrx_word' id='word_1_606' title='bbox 2245 3458 2670 3526; x_wconf 81' lang='lat' dir='ltr'><strong>Cogitationibus</strong></span> <span class='ocrx_word' id='word_1_607' title='bbox 2723 3461 3193 3546; x_wconf 82' lang='lat' dir='ltr'><strong>reprehenderet,</strong></span> <span class='ocrx_word' id='word_1_608' title='bbox 3238 3477 3414 3533; x_wconf 85' lang='lat' dir='ltr'><strong>neque</strong></span> <span class='ocrx_word' id='word_1_609' title='bbox 3444 3464 3498 3518; x_wconf 91' lang='lat' dir='ltr'><strong>in</strong></span> 
     </span>
    </p>
   </div>
   <div class='ocr_carea' id='block_1_80' title="bbox 1919 3549 3500 3626">
    <p class='ocr_par' dir='ltr' id='par_1_80' title="bbox 1919 3549 3500 3626">
     <span class='ocr_line' id='line_1_80' title="bbox 1919 3549 3500 3626; baseline 0.006 -26"><span class='ocrx_word' id='word_1_610' title='bbox 1919 3550 2113 3601; x_wconf 74' lang='lat' dir='ltr'><strong>anima:</strong></span> <span class='ocrx_word' id='word_1_611' title='bbox 2161 3549 2402 3603; x_wconf 89' lang='lat' dir='ltr'><strong>consiliis</strong></span> <span class='ocrx_word' id='word_1_612' title='bbox 2437 3549 2704 3616; x_wconf 86' lang='lat' dir='ltr'><strong>culparet.</strong></span> <span class='ocrx_word' id='word_1_613' title='bbox 2738 3550 3022 3616; x_wconf 88' lang='lat' dir='ltr'><strong>Quomodo</strong></span> <span class='ocrx_word' id='word_1_614' title='bbox 3064 3554 3262 3607; x_wconf 91' lang='lat' dir='ltr'><strong>malum</strong></span> <span class='ocrx_word' id='word_1_615' title='bbox 3295 3557 3500 3626; x_wconf 84' lang='lat' dir='ltr'><strong>cogita-</strong></span> 
     </span>
    </p>
   </div>
   <div class='ocr_carea' id='block_1_81' title="bbox 1920 3639 3500 3716">
    <p class='ocr_par' dir='ltr' id='par_1_81' title="bbox 1920 3639 3500 3716">
     <span class='ocr_line' id='line_1_81' title="bbox 1920 3639 3500 3716; baseline 0.006 -23"><span class='ocrx_word' id='word_1_616' title='bbox 1920 3655 2072 3693; x_wconf 90' lang='lat' dir='ltr'><strong>turus</strong></span> <span class='ocrx_word' id='word_1_617' title='bbox 2106 3650 2224 3694; x_wconf 86' lang='lat' dir='ltr'><strong>erat</strong></span> <span class='ocrx_word' id='word_1_618' title='bbox 2255 3639 2357 3692; x_wconf 87' lang='lat' dir='ltr'><strong>Job</strong></span> <span class='ocrx_word' id='word_1_619' title='bbox 2396 3641 2447 3694; x_wconf 92' lang='lat' dir='ltr'><strong>in</strong></span> <span class='ocrx_word' id='word_1_620' title='bbox 2499 3641 2663 3696; x_wconf 88' lang='lat' dir='ltr'><strong>corde</strong></span> <span class='ocrx_word' id='word_1_621' title='bbox 2713 3657 2811 3695; x_wconf 91' lang='lat' dir='ltr'><strong>suo</strong></span> <span class='ocrx_word' id='word_1_622' title='bbox 2851 3645 3114 3698; x_wconf 87' lang='lat' dir='ltr'><strong>adversus</strong></span> <span class='ocrx_word' id='word_1_623' title='bbox 3164 3645 3328 3699; x_wconf 88' lang='lat' dir='ltr'><strong>Deum</strong></span> <span class='ocrx_word' id='word_1_624' title='bbox 3355 3687 3372 3712; x_wconf 95' lang='lat'><strong>,</strong></span> <span class='ocrx_word' id='word_1_625' title='bbox 3406 3647 3500 3716; x_wconf 88' lang='lat' dir='ltr'><strong>qui</strong></span> 
     </span>
    </p>
   </div>
   <div class='ocr_carea' id='block_1_82' title="bbox 1917 3731 3501 3806">
    <p class='ocr_par' dir='ltr' id='par_1_82' title="bbox 1917 3731 3501 3806">
     <span class='ocr_line' id='line_1_82' title="bbox 1917 3731 3501 3806; baseline 0.005 -23"><span class='ocrx_word' id='word_1_626' title='bbox 1917 3749 2014 3801; x_wconf 93' lang='lat' dir='ltr'><strong>pro</strong></span> <span class='ocrx_word' id='word_1_627' title='bbox 2044 3731 2276 3785; x_wconf 84' lang='lat' dir='ltr'><strong>ﬁliorum</strong></span> <span class='ocrx_word' id='word_1_628' title='bbox 2310 3732 2566 3785; x_wconf 90' lang='lat' dir='ltr'><strong>cordibus</strong></span> <span class='ocrx_word' id='word_1_629' title='bbox 2607 3748 2791 3786; x_wconf 88' lang='lat' dir='ltr'><strong>curant</strong></span> <span class='ocrx_word' id='word_1_630' title='bbox 2818 3748 3034 3802; x_wconf 88' lang='lat' dir='ltr'><strong>gerens,</strong></span> <span class='ocrx_word' id='word_1_631' title='bbox 3069 3735 3236 3789; x_wconf 80' lang='lat' dir='ltr'><strong>dixit:</strong></span> <span class='ocrx_word' id='word_1_632' title='bbox 3262 3735 3342 3790; x_wconf 86' lang='lat' dir='ltr'><strong>Ne</strong></span> <span class='ocrx_word' id='word_1_633' title='bbox 3365 3738 3501 3806; x_wconf 79' lang='lat' dir='ltr'><strong>forte</strong></span> 
     </span>
    </p>
   </div>
   <div class='ocr_carea' id='block_1_83' title="bbox 1915 3822 3497 3894">
    <p class='ocr_par' dir='ltr' id='par_1_83' title="bbox 1915 3822 3497 3894">
     <span class='ocr_line' id='line_1_83' title="bbox 1915 3822 3497 3894; baseline 0.004 -22"><span class='ocrx_word' id='word_1_634' title='bbox 1915 3823 2013 3890; x_wconf 74' lang='lat' dir='ltr'><strong>filii</strong></span> <span class='ocrx_word' id='word_1_635' title='bbox 2047 3823 2144 3875; x_wconf 86' lang='lat' dir='ltr'><strong>mei</strong></span> <span class='ocrx_word' id='word_1_636' title='bbox 2193 3822 2250 3874; x_wconf 89' lang='lat' dir='ltr'><strong>in</strong></span> <span class='ocrx_word' id='word_1_637' title='bbox 2300 3822 2544 3874; x_wconf 74' lang='lat' dir='ltr'><strong>cordibus</strong></span> <span class='ocrx_word' id='word_1_638' title='bbox 2585 3823 2694 3875; x_wconf 84' lang='lat' dir='ltr'><strong>suis</strong></span> <span class='ocrx_word' id='word_1_639' title='bbox 2743 3823 2872 3875; x_wconf 77' lang='lat' dir='ltr'><strong>tituli</strong></span> <span class='ocrx_word' id='word_1_640' title='bbox 2911 3825 3112 3894; x_wconf 85' lang='lat' dir='ltr'><strong>aliquid</strong></span> <span class='ocrx_word' id='word_1_641' title='bbox 3155 3826 3497 3894; x_wconf 82' lang='lat' dir='ltr'><strong>cogitaverim</strong></span> 
     </span>
    </p>
   </div>
   <div class='ocr_carea' id='block_1_84' title="bbox 1918 3913 3500 3988">
    <p class='ocr_par' dir='ltr' id='par_1_84' title="bbox 1918 3913 3500 3988">
     <span class='ocr_line' id='line_1_84' title="bbox 1918 3913 3500 3988; baseline 0.003 -21"><span class='ocrx_word' id='word_1_642' title='bbox 1918 3916 2166 3968; x_wconf 86' lang='lat' dir='ltr'><strong>adversus</strong></span> <span class='ocrx_word' id='word_1_643' title='bbox 2191 3915 2356 3968; x_wconf 90' lang='lat' dir='ltr'><strong>Deum</strong></span> <span class='ocrx_word' id='word_1_644' title='bbox 2382 3915 2426 3945; x_wconf 72' lang='grc'><strong>⁵⁸</strong></span> <span class='ocrx_word' id='word_1_645' title='bbox 2460 3913 2622 3974; x_wconf 86' lang='lat' dir='ltr'><strong>?Non</strong></span> <span class='ocrx_word' id='word_1_646' title='bbox 2660 3916 2926 3984; x_wconf 88' lang='lat' dir='ltr'><strong>peccavit,</strong></span> <span class='ocrx_word' id='word_1_647' title='bbox 2959 3917 3147 3985; x_wconf 91' lang='lat' dir='ltr'><strong>inquit,</strong></span> <span class='ocrx_word' id='word_1_648' title='bbox 3183 3919 3234 3971; x_wconf 88' lang='lat' dir='ltr'><strong>iit</strong></span> <span class='ocrx_word' id='word_1_649' title='bbox 3268 3934 3500 3988; x_wconf 87' lang='lat' dir='ltr'><strong>conspe-</strong></span> 
     </span>
    </p>
   </div>
   <div class='ocr_carea' id='block_1_85' title="bbox 1917 4006 3499 4080">
    <p class='ocr_par' dir='ltr' id='par_1_85' title="bbox 1917 4006 3499 4080">
     <span class='ocr_line' id='line_1_85' title="bbox 1917 4006 3499 4080; baseline 0.002 -19"><span class='ocrx_word' id='word_1_650' title='bbox 1917 4019 2003 4061; x_wconf 90' lang='lat' dir='ltr'><strong>ctu</strong></span> <span class='ocrx_word' id='word_1_651' title='bbox 2039 4007 2272 4071; x_wconf 84' lang='lat' dir='ltr'><strong>Domini,</strong></span> <span class='ocrx_word' id='word_1_652' title='bbox 2303 4008 2465 4061; x_wconf 91' lang='lat' dir='ltr'><strong>corde</strong></span> <span class='ocrx_word' id='word_1_653' title='bbox 2515 4006 2657 4060; x_wconf 89' lang='lat' dir='ltr'><strong>ntale</strong></span> <span class='ocrx_word' id='word_1_654' title='bbox 2702 4007 3010 4076; x_wconf 85' lang='lat' dir='ltr'><strong>cogitando,</strong></span> <span class='ocrx_word' id='word_1_655' title='bbox 3047 4025 3224 4080; x_wconf 88' lang='lat' dir='ltr'><strong>neque</strong></span> <span class='ocrx_word' id='word_1_656' title='bbox 3255 4010 3305 4063; x_wconf 90' lang='lat' dir='ltr'><strong>in</strong></span> <span class='ocrx_word' id='word_1_657' title='bbox 3341 4009 3499 4066; x_wconf 88' lang='lat' dir='ltr'><strong>labiis</strong></span> 
     </span>
    </p>
   </div>
   <div class='ocr_carea' id='block_1_86' title="bbox 1919 4097 3502 4166">
    <p class='ocr_par' dir='ltr' id='par_1_86' title="bbox 1919 4097 3502 4166">
     <span class='ocr_line' id='line_1_86' title="bbox 1919 4097 3502 4166; baseline 0.003 -17"><span class='ocrx_word' id='word_1_658' title='bbox 1919 4098 2050 4160; x_wconf 89' lang='lat' dir='ltr'><strong>suis,</strong></span> <span class='ocrx_word' id='word_1_659' title='bbox 2088 4097 2275 4150; x_wconf 88' lang='lat' dir='ltr'><strong>illicita</strong></span> <span class='ocrx_word' id='word_1_660' title='bbox 2316 4097 2608 4165; x_wconf 84' lang='lat' dir='ltr'><strong>loquendo.</strong></span> <span class='ocrx_word' id='word_1_661' title='bbox 2644 4097 2818 4166; x_wconf 92' lang='lat' dir='ltr'><strong>Super</strong></span> <span class='ocrx_word' id='word_1_662' title='bbox 2851 4099 2964 4152; x_wconf 66' lang='lat' dir='ltr'><strong>haec</strong></span> <span class='ocrx_word' id='word_1_663' title='bbox 3004 4102 3208 4166; x_wconf 85' lang='lat' dir='ltr'><strong>omnia,</strong></span> <span class='ocrx_word' id='word_1_664' title='bbox 3241 4099 3364 4154; x_wconf 91' lang='lat' dir='ltr'><strong>Non</strong></span> <span class='ocrx_word' id='word_1_665' title='bbox 3407 4101 3502 4154; x_wconf 82' lang='lat' dir='ltr'><strong>de-</strong></span> 
     </span>
    </p>
   </div>
   <div class='ocr_carea' id='block_1_87' title="bbox 1916 4190 3496 4262">
    <p class='ocr_par' dir='ltr' id='par_1_87' title="bbox 1916 4190 3496 4262">
     <span class='ocr_line' id='line_1_87' title="bbox 1916 4190 3496 4262; baseline 0.004 -20"><span class='ocrx_word' id='word_1_666' title='bbox 1916 4191 1992 4242; x_wconf 85' lang='lat' dir='ltr'><strong>dit</strong></span> <span class='ocrx_word' id='word_1_667' title='bbox 2022 4231 2035 4254; x_wconf 95' lang='lat'><strong>,</strong></span> <span class='ocrx_word' id='word_1_668' title='bbox 2059 4192 2229 4257; x_wconf 88' lang='lat' dir='ltr'><strong>inquit</strong></span> <span class='ocrx_word' id='word_1_669' title='bbox 2256 4231 2270 4255; x_wconf 91' lang='lat'><strong>,</strong></span> <span class='ocrx_word' id='word_1_670' title='bbox 2309 4190 2666 4259; x_wconf 81' lang='lat' dir='ltr'><strong>insipientiam</strong></span> <span class='ocrx_word' id='word_1_671' title='bbox 2697 4190 2828 4244; x_wconf 89' lang='lat' dir='ltr'><strong>Deo.</strong></span> <span class='ocrx_word' id='word_1_672' title='bbox 2863 4192 3002 4258; x_wconf 86' lang='lat' dir='ltr'><strong>Quid</strong></span> <span class='ocrx_word' id='word_1_673' title='bbox 3031 4205 3116 4248; x_wconf 87' lang='lat' dir='ltr'><strong>est</strong></span> <span class='ocrx_word' id='word_1_674' title='bbox 3144 4197 3286 4262; x_wconf 91' lang='lat' dir='ltr'><strong>quod</strong></span> <span class='ocrx_word' id='word_1_675' title='bbox 3319 4195 3450 4249; x_wconf 89' lang='lat' dir='ltr'><strong>dicit</strong></span> <span class='ocrx_word' id='word_1_676' title='bbox 3478 4235 3496 4260; x_wconf 90' lang='lat'><strong>,</strong></span> 
     </span>
    </p>
   </div>
   <div class='ocr_carea' id='block_1_88' title="bbox 1919 4281 3497 4348">
    <p class='ocr_par' dir='ltr' id='par_1_88' title="bbox 1919 4281 3497 4348">
     <span class='ocr_line' id='line_1_88' title="bbox 1919 4281 3497 4348; baseline 0.004 -13"><span class='ocrx_word' id='word_1_677' title='bbox 1919 4299 2018 4335; x_wconf 87' lang='lat' dir='ltr'><strong>non</strong></span> <span class='ocrx_word' id='word_1_678' title='bbox 2050 4283 2190 4333; x_wconf 85' lang='lat' dir='ltr'><strong>dedit</strong></span> <span class='ocrx_word' id='word_1_679' title='bbox 2224 4283 2577 4348; x_wconf 85' lang='lat' dir='ltr'><strong>insipientiam</strong></span> <span class='ocrx_word' id='word_1_680' title='bbox 2602 4281 2710 4334; x_wconf 85' lang='lat' dir='ltr'><strong>Deo</strong></span> <span class='ocrx_word' id='word_1_681' title='bbox 2738 4285 2762 4338; x_wconf 71' lang='lat'><strong>.9</strong></span> <span class='ocrx_word' id='word_1_682' title='bbox 2796 4285 2873 4336; x_wconf 91' lang='lat' dir='ltr'><strong>Ac</strong></span> <span class='ocrx_word' id='word_1_683' title='bbox 2901 4284 2944 4337; x_wconf 89' lang='lat' dir='ltr'><strong>si</strong></span> <span class='ocrx_word' id='word_1_684' title='bbox 2981 4285 3183 4338; x_wconf 83' lang='lat' dir='ltr'><strong>diceret</strong></span> <span class='ocrx_word' id='word_1_685' title='bbox 3211 4303 3224 4339; x_wconf 90' lang='lat'><strong>:</strong></span> <span class='ocrx_word' id='word_1_686' title='bbox 3253 4284 3369 4338; x_wconf 87' lang='lat' dir='ltr'><strong>Non</strong></span> <span class='ocrx_word' id='word_1_687' title='bbox 3398 4301 3497 4340; x_wconf 80' lang='lat' dir='ltr'><strong>ex-</strong></span> 
     </span>
    </p>
   </div>
   <div class='ocr_carea' id='block_1_89' title="bbox 1918 4373 3490 4445">
    <p class='ocr_par' dir='ltr' id='par_1_89' title="bbox 1918 4373 3490 4445">
     <span class='ocr_line' id='line_1_89' title="bbox 1918 4373 3490 4445; baseline 0.003 -19"><span class='ocrx_word' id='word_1_688' title='bbox 1918 4373 2056 4426; x_wconf 90' lang='lat' dir='ltr'><strong>stitit</strong></span> <span class='ocrx_word' id='word_1_689' title='bbox 2082 4373 2313 4426; x_wconf 87' lang='lat' dir='ltr'><strong>inlidelis</strong></span> <span class='ocrx_word' id='word_1_690' title='bbox 2349 4375 2474 4437; x_wconf 88' lang='lat' dir='ltr'><strong>Deo,</strong></span> <span class='ocrx_word' id='word_1_691' title='bbox 2506 4389 2609 4425; x_wconf 92' lang='lat' dir='ltr'><strong>non</strong></span> <span class='ocrx_word' id='word_1_692' title='bbox 2644 4376 2850 4428; x_wconf 82' lang='lat' dir='ltr'><strong>exstitit</strong></span> <span class='ocrx_word' id='word_1_693' title='bbox 2880 4375 3130 4429; x_wconf 89' lang='lat' dir='ltr'><strong>inlirmus</strong></span> <span class='ocrx_word' id='word_1_694' title='bbox 3160 4416 3176 4441; x_wconf 90' lang='lat'><strong>,</strong></span> <span class='ocrx_word' id='word_1_695' title='bbox 3204 4392 3378 4445; x_wconf 89' lang='lat' dir='ltr'><strong>neque</strong></span> <span class='ocrx_word' id='word_1_696' title='bbox 3405 4379 3490 4432; x_wconf 90' lang='lat' dir='ltr'><strong>in-</strong></span> 
     </span>
    </p>
   </div>
   <div class='ocr_carea' id='block_1_90' title="bbox 237 4462 3500 4545">
    <p class='ocr_par' dir='ltr' id='par_1_90' title="bbox 237 4462 3500 4545">
     <span class='ocr_line' id='line_1_90' title="bbox 237 4462 3500 4545; baseline 0.005 -24"><span class='ocrx_word' id='word_1_697' title='bbox 237 4469 436 4522; x_wconf 79' lang='lat' dir='ltr'><strong>saeculo</strong></span> <span class='ocrx_word' id='word_1_698' title='bbox 467 4469 592 4522; x_wconf 91' lang='lat' dir='ltr'><strong>talia</strong></span> <span class='ocrx_word' id='word_1_699' title='bbox 623 4470 760 4522; x_wconf 86' lang='lat' dir='ltr'><strong>bella</strong></span> <span class='ocrx_word' id='word_1_700' title='bbox 787 4471 1012 4538; x_wconf 75' lang='lat' dir='ltr'><strong>peregit,</strong></span> <span class='ocrx_word' id='word_1_701' title='bbox 1034 4485 1066 4524; x_wconf 91' lang='grc' dir='ltr'>ο</span> <span class='ocrx_word' id='word_1_702' title='bbox 1093 4471 1239 4525; x_wconf 89' lang='lat' dir='ltr'><strong>viri?</strong></span> <span class='ocrx_word' id='word_1_703' title='bbox 1267 4471 1399 4540; x_wconf 82' lang='lat' dir='ltr'><strong>Quis</strong></span> <span class='ocrx_word' id='word_1_704' title='bbox 1421 4472 1490 4526; x_wconf 91' lang='lat' dir='ltr'><strong>ab</strong></span> <span class='ocrx_word' id='word_1_705' title='bbox 1515 4471 1668 4525; x_wconf 89' lang='lat' dir='ltr'><strong>initio</strong></span> <span class='ocrx_word' id='word_1_706' title='bbox 1693 4487 1816 4541; x_wconf 85' lang='lat' dir='ltr'><strong>pro-</strong></span> <span class='ocrx_word' id='word_1_707' title='bbox 1850 4492 1892 4545; x_wconf 76' lang='grc' dir='ltr'><strong>ι)</strong></span> <span class='ocrx_word' id='word_1_708' title='bbox 1921 4462 2153 4530; x_wconf 79' lang='lat' dir='ltr'><strong>stabilis.</strong></span> <span class='ocrx_word' id='word_1_709' title='bbox 2182 4478 2354 4531; x_wconf 77' lang='lat' dir='ltr'><strong>neque</strong></span> <span class='ocrx_word' id='word_1_710' title='bbox 2382 4465 2654 4533; x_wconf 67' lang='lat' dir='ltr'><strong>perﬁdus.</strong></span> <span class='ocrx_word' id='word_1_711' title='bbox 2692 4481 2866 4535; x_wconf 78' lang='lat' dir='ltr'><strong>neque</strong></span> <span class='ocrx_word' id='word_1_712' title='bbox 2897 4477 3220 4522; x_wconf 80' lang='lat' dir='ltr'><strong>commolus-</strong></span> <span class='ocrx_word' id='word_1_713' title='bbox 3257 4467 3379 4523; x_wconf 79' lang='grc' dir='ltr'><strong>Νοη</strong></span> <span class='ocrx_word' id='word_1_714' title='bbox 3407 4468 3500 4523; x_wconf 78' lang='lat' dir='ltr'><strong>de-</strong></span> 
     </span>
    </p>
   </div>
   <div class='ocr_carea' id='block_1_91' title="bbox 235 4560 1813 4631">
    <p class='ocr_par' dir='ltr' id='par_1_91' title="bbox 235 4560 1813 4631">
     <span class='ocr_line' id='line_1_91' title="bbox 235 4560 1813 4631; baseline 0.003 -19"><span class='ocrx_word' id='word_1_715' title='bbox 235 4573 423 4612; x_wconf 90' lang='lat' dir='ltr'><strong>cerum</strong></span> <span class='ocrx_word' id='word_1_716' title='bbox 483 4560 786 4626; x_wconf 88' lang='lat' dir='ltr'><strong>hujusmodi</strong></span> <span class='ocrx_word' id='word_1_717' title='bbox 827 4562 1060 4631; x_wconf 88' lang='lat' dir='ltr'><strong>perfecit</strong></span> <span class='ocrx_word' id='word_1_718' title='bbox 1094 4563 1416 4628; x_wconf 91' lang='lat' dir='ltr'><strong>victoriam,</strong></span> <span class='ocrx_word' id='word_1_719' title='bbox 1469 4581 1502 4617; x_wconf 91' lang='lat' dir='ltr'><strong>o</strong></span> <span class='ocrx_word' id='word_1_720' title='bbox 1533 4563 1776 4618; x_wconf 89' lang='lat' dir='ltr'><strong>homines</strong></span> <span class='ocrx_word' id='word_1_721' title='bbox 1799 4606 1813 4630; x_wconf 87' lang='lat'><strong>,</strong></span> 
     </span>
    </p>
   </div>
   <div class='ocr_carea' id='block_1_92' title="bbox 237 4652 1881 4740">
    <p class='ocr_par' dir='ltr' id='par_1_92' title="bbox 237 4652 1881 4740">
     <span class='ocr_line' id='line_1_92' title="bbox 237 4652 1881 4740; baseline 0.005 -38"><span class='ocrx_word' id='word_1_722' title='bbox 237 4652 696 4718; x_wconf 87' lang='lat' dir='ltr'><strong>quemadmodum</strong></span> <span class='ocrx_word' id='word_1_723' title='bbox 733 4654 1070 4709; x_wconf 86' lang='lat' dir='ltr'><strong>admirabilis</strong></span> <span class='ocrx_word' id='word_1_724' title='bbox 1107 4654 1244 4723; x_wconf 84' lang='lat' dir='ltr'><strong>Job;</strong></span> <span class='ocrx_word' id='word_1_725' title='bbox 1292 4658 1381 4725; x_wconf 89' lang='lat' dir='ltr'><strong>qui</strong></span> <span class='ocrx_word' id='word_1_726' title='bbox 1422 4671 1712 4724; x_wconf 90' lang='lat' dir='ltr'><strong>percussus</strong></span> <span class='ocrx_word' id='word_1_727' title='bbox 1735 4667 1817 4721; x_wconf 84' lang='lat' dir='ltr'><strong>est</strong></span> <span class='ocrx_word' id='word_1_728' title='bbox 1870 4721 1881 4740; x_wconf 50' lang='lat'><strong><em>.</em></strong></span> 
     </span>
    </p>
   </div>
   <div class='ocr_carea' id='block_1_93' title="bbox 236 4745 1814 4817">
    <p class='ocr_par' dir='ltr' id='par_1_93' title="bbox 236 4745 1814 4817">
     <span class='ocr_line' id='line_1_93' title="bbox 236 4745 1814 4817; baseline 0.001 -19"><span class='ocrx_word' id='word_1_729' title='bbox 236 4752 292 4798; x_wconf 86' lang='lat' dir='ltr'><strong>et</strong></span> <span class='ocrx_word' id='word_1_730' title='bbox 326 4759 430 4796; x_wconf 90' lang='lat' dir='ltr'><strong>non</strong></span> <span class='ocrx_word' id='word_1_731' title='bbox 470 4754 550 4798; x_wconf 85' lang='lat' dir='ltr'><strong>est</strong></span> <span class='ocrx_word' id='word_1_732' title='bbox 581 4745 918 4812; x_wconf 78' lang='lat' dir='ltr'><strong>interfectus,</strong></span> <span class='ocrx_word' id='word_1_733' title='bbox 943 4746 1235 4817; x_wconf 85' lang='lat' dir='ltr'><strong>sagittatus</strong></span> <span class='ocrx_word' id='word_1_734' title='bbox 1265 4757 1348 4801; x_wconf 89' lang='lat' dir='ltr'><strong>est</strong></span> <span class='ocrx_word' id='word_1_735' title='bbox 1372 4757 1427 4801; x_wconf 92' lang='lat' dir='ltr'><strong>et</strong></span> <span class='ocrx_word' id='word_1_736' title='bbox 1450 4763 1554 4803; x_wconf 89' lang='lat' dir='ltr'><strong>non</strong></span> <span class='ocrx_word' id='word_1_737' title='bbox 1582 4757 1665 4802; x_wconf 90' lang='lat' dir='ltr'><strong>est</strong></span> <span class='ocrx_word' id='word_1_738' title='bbox 1694 4747 1814 4801; x_wconf 88' lang='lat' dir='ltr'><strong>vul-</strong></span> 
     </span>
    </p>
   </div>
   <div class='ocr_carea' id='block_1_94' title="bbox 238 4837 1813 4909">
    <p class='ocr_par' dir='ltr' id='par_1_94' title="bbox 238 4837 1813 4909">
     <span class='ocr_line' id='line_1_94' title="bbox 238 4837 1813 4909; baseline 0.003 -18"><span class='ocrx_word' id='word_1_739' title='bbox 238 4848 484 4900; x_wconf 90' lang='lat' dir='ltr'><strong>neratus,</strong></span> <span class='ocrx_word' id='word_1_740' title='bbox 516 4837 790 4891; x_wconf 87' lang='lat' dir='ltr'><strong>doloribus</strong></span> <span class='ocrx_word' id='word_1_741' title='bbox 815 4848 898 4892; x_wconf 88' lang='lat' dir='ltr'><strong>est</strong></span> <span class='ocrx_word' id='word_1_742' title='bbox 923 4838 1151 4893; x_wconf 59' lang='lat' dir='ltr'><strong>allectus</strong></span> <span class='ocrx_word' id='word_1_743' title='bbox 1174 4847 1226 4894; x_wconf 91' lang='lat' dir='ltr'><strong>et</strong></span> <span class='ocrx_word' id='word_1_744' title='bbox 1263 4855 1368 4893; x_wconf 91' lang='lat' dir='ltr'><strong>non</strong></span> <span class='ocrx_word' id='word_1_745' title='bbox 1396 4848 1478 4894; x_wconf 90' lang='lat' dir='ltr'><strong>est</strong></span> <span class='ocrx_word' id='word_1_746' title='bbox 1532 4840 1772 4909; x_wconf 89' lang='lat' dir='ltr'><strong>dejectus</strong></span> <span class='ocrx_word' id='word_1_747' title='bbox 1799 4880 1813 4903; x_wconf 90' lang='lat'><em>.</em></span> 
     </span>
    </p>
   </div>
   <div class='ocr_carea' id='block_1_95' title="bbox 244 4928 1815 5000">
    <p class='ocr_par' dir='ltr' id='par_1_95' title="bbox 244 4928 1815 5000">
     <span class='ocr_line' id='line_1_95' title="bbox 244 4928 1815 5000; baseline 0.001 -16"><span class='ocrx_word' id='word_1_748' title='bbox 244 4928 513 4984; x_wconf 86' lang='lat' dir='ltr'><strong>sul&#39;l&#39;ossus</strong></span> <span class='ocrx_word' id='word_1_749' title='bbox 541 4938 626 4984; x_wconf 90' lang='lat' dir='ltr'><strong>est</strong></span> <span class='ocrx_word' id='word_1_750' title='bbox 662 4939 714 4984; x_wconf 89' lang='lat' dir='ltr'><strong>et</strong></span> <span class='ocrx_word' id='word_1_751' title='bbox 755 4946 859 4984; x_wconf 91' lang='lat' dir='ltr'><strong>non</strong></span> <span class='ocrx_word' id='word_1_752' title='bbox 898 4941 980 4985; x_wconf 89' lang='lat' dir='ltr'><strong>est</strong></span> <span class='ocrx_word' id='word_1_753' title='bbox 1010 4933 1322 5000; x_wconf 86' lang='lat' dir='ltr'><strong>subversus,</strong></span> <span class='ocrx_word' id='word_1_754' title='bbox 1353 4932 1590 4988; x_wconf 90' lang='lat' dir='ltr'><strong>miseriis</strong></span> <span class='ocrx_word' id='word_1_755' title='bbox 1625 4943 1708 4988; x_wconf 90' lang='lat' dir='ltr'><strong>est</strong></span> <span class='ocrx_word' id='word_1_756' title='bbox 1733 4933 1815 4986; x_wconf 82' lang='lat' dir='ltr'><strong>ai-</strong></span> 
     </span>
    </p>
   </div>
   <div class='ocr_carea' id='block_1_96' title="bbox 241 5019 1819 5094">
    <p class='ocr_par' dir='ltr' id='par_1_96' title="bbox 241 5019 1819 5094">
     <span class='ocr_line' id='line_1_96' title="bbox 241 5019 1819 5094; baseline 0.004 -20"><span class='ocrx_word' id='word_1_757' title='bbox 241 5019 419 5078; x_wconf 82' lang='lat' dir='ltr'><strong>ﬂictus</strong></span> <span class='ocrx_word' id='word_1_758' title='bbox 451 5031 506 5076; x_wconf 88' lang='lat' dir='ltr'><strong>et</strong></span> <span class='ocrx_word' id='word_1_759' title='bbox 537 5038 641 5076; x_wconf 92' lang='lat' dir='ltr'><strong>non</strong></span> <span class='ocrx_word' id='word_1_760' title='bbox 675 5031 758 5076; x_wconf 89' lang='lat' dir='ltr'><strong>est</strong></span> <span class='ocrx_word' id='word_1_761' title='bbox 782 5024 1195 5079; x_wconf 84' lang='lat' dir='ltr'><strong>comminutos?</strong></span> <span class='ocrx_word' id='word_1_762' title='bbox 1242 5024 1402 5080; x_wconf 92' lang='lat' dir='ltr'><strong>Solus</strong></span> <span class='ocrx_word' id='word_1_763' title='bbox 1440 5041 1602 5094; x_wconf 89' lang='lat' dir='ltr'><strong>super</strong></span> <span class='ocrx_word' id='word_1_764' title='bbox 1631 5041 1819 5080; x_wconf 86' lang='lat' dir='ltr'><strong>omnes</strong></span> 
     </span>
    </p>
   </div>
   <div class='ocr_carea' id='block_1_97' title="bbox 243 5114 1819 5187">
    <p class='ocr_par' dir='ltr' id='par_1_97' title="bbox 243 5114 1819 5187">
     <span class='ocr_line' id='line_1_97' title="bbox 243 5114 1819 5187; baseline 0.003 -22"><span class='ocrx_word' id='word_1_765' title='bbox 243 5114 500 5181; x_wconf 87' lang='lat' dir='ltr'><strong>antiquos</strong></span> <span class='ocrx_word' id='word_1_766' title='bbox 535 5129 598 5168; x_wconf 91' lang='lat' dir='ltr'><strong>ac</strong></span> <span class='ocrx_word' id='word_1_767' title='bbox 631 5123 878 5182; x_wconf 88' lang='lat' dir='ltr'><strong>posteros</strong></span> <span class='ocrx_word' id='word_1_768' title='bbox 911 5116 1204 5172; x_wconf 89' lang='lat' dir='ltr'><strong>immobilis</strong></span> <span class='ocrx_word' id='word_1_769' title='bbox 1233 5119 1629 5187; x_wconf 67' lang='lat' dir='ltr'><strong>gratilicentiat,</strong></span> <span class='ocrx_word' id='word_1_770' title='bbox 1656 5127 1708 5172; x_wconf 90' lang='lat' dir='ltr'><strong>et</strong></span> <span class='ocrx_word' id='word_1_771' title='bbox 1739 5129 1819 5170; x_wconf 92' lang='lat' dir='ltr'><strong>to-</strong></span> 
     </span>
    </p>
   </div>
   <div class='ocr_carea' id='block_1_98' title="bbox 242 5207 1819 5280">
    <p class='ocr_par' dir='ltr' id='par_1_98' title="bbox 242 5207 1819 5280">
     <span class='ocr_line' id='line_1_98' title="bbox 242 5207 1819 5280; baseline 0.006 -23"><span class='ocrx_word' id='word_1_772' title='bbox 242 5207 489 5260; x_wconf 77' lang='lat' dir='ltr'><strong>lerantia:</strong></span> <span class='ocrx_word' id='word_1_773' title='bbox 521 5215 676 5260; x_wconf 90' lang='lat' dir='ltr'><strong>scuto</strong></span> <span class='ocrx_word' id='word_1_774' title='bbox 711 5223 768 5260; x_wconf 91' lang='lat' dir='ltr'><strong>se</strong></span> <span class='ocrx_word' id='word_1_775' title='bbox 815 5209 1191 5274; x_wconf 90' lang='lat' dir='ltr'><strong>circumdans,</strong></span> <span class='ocrx_word' id='word_1_776' title='bbox 1244 5211 1500 5280; x_wconf 91' lang='lat' dir='ltr'><strong>solusque</strong></span> <span class='ocrx_word' id='word_1_777' title='bbox 1562 5214 1819 5267; x_wconf 86' lang='lat' dir='ltr'><strong>adversus</strong></span> 
     </span>
    </p>
   </div>
   <div class='ocr_carea' id='block_1_99' title="bbox 242 5297 1818 5373">
    <p class='ocr_par' dir='ltr' id='par_1_99' title="bbox 242 5297 1818 5373">
     <span class='ocr_line' id='line_1_99' title="bbox 242 5297 1818 5373; baseline 0.005 -25"><span class='ocrx_word' id='word_1_778' title='bbox 242 5297 559 5350; x_wconf 85' lang='lat' dir='ltr'><strong>innumeros</strong></span> <span class='ocrx_word' id='word_1_779' title='bbox 599 5309 768 5363; x_wconf 91' lang='lat' dir='ltr'><strong>stans,</strong></span> <span class='ocrx_word' id='word_1_780' title='bbox 812 5300 1192 5368; x_wconf 89' lang='lat' dir='ltr'><strong>insuperabilis</strong></span> <span class='ocrx_word' id='word_1_781' title='bbox 1239 5303 1630 5370; x_wconf 86' lang='lat' dir='ltr'><strong>perseveravit,</strong></span> <span class='ocrx_word' id='word_1_782' title='bbox 1654 5313 1818 5373; x_wconf 90' lang='lat' dir='ltr'><strong>atque</strong></span> 
     </span>
    </p>
   </div>
   <div class='ocr_carea' id='block_1_100' title="bbox 243 5387 1816 5463">
    <p class='ocr_par' dir='ltr' id='par_1_100' title="bbox 243 5387 1816 5463">
     <span class='ocr_line' id='line_1_100' title="bbox 243 5387 1816 5463; baseline 0.007 -26"><span class='ocrx_word' id='word_1_783' title='bbox 243 5387 391 5440; x_wconf 83' lang='lat' dir='ltr'><strong>solus</strong></span> <span class='ocrx_word' id='word_1_784' title='bbox 432 5389 497 5441; x_wconf 90' lang='lat' dir='ltr'><strong>de</strong></span> <span class='ocrx_word' id='word_1_785' title='bbox 534 5389 878 5445; x_wconf 91' lang='lat' dir='ltr'><strong>mttltitudine</strong></span> <span class='ocrx_word' id='word_1_786' title='bbox 908 5391 1218 5459; x_wconf 89' lang='lat' dir='ltr'><strong>iniquorum</strong></span> <span class='ocrx_word' id='word_1_787' title='bbox 1244 5394 1526 5448; x_wconf 91' lang='lat' dir='ltr'><strong>victoriam</strong></span> <span class='ocrx_word' id='word_1_788' title='bbox 1561 5395 1816 5463; x_wconf 89' lang='lat' dir='ltr'><strong>sumpsit.</strong></span> 
     </span>
    </p>
   </div>
   <div class='ocr_carea' id='block_1_101' title="bbox 245 5475 1822 5557">
    <p class='ocr_par' dir='ltr' id='par_1_101' title="bbox 245 5475 1822 5557">
     <span class='ocr_line' id='line_1_101' title="bbox 245 5475 1822 5557; baseline 0.006 -27"><span class='ocrx_word' id='word_1_789' title='bbox 245 5475 361 5534; x_wconf 76' lang='lat' dir='ltr'><strong>Hoc</strong></span> <span class='ocrx_word' id='word_1_790' title='bbox 387 5480 639 5534; x_wconf 88' lang='lat' dir='ltr'><strong>nimirum</strong></span> <span class='ocrx_word' id='word_1_791' title='bbox 665 5483 929 5546; x_wconf 87' lang='lat' dir='ltr'><strong>scribens,</strong></span> <span class='ocrx_word' id='word_1_792' title='bbox 967 5500 1030 5536; x_wconf 88' lang='lat' dir='ltr'><strong>ac</strong></span> <span class='ocrx_word' id='word_1_793' title='bbox 1053 5484 1333 5553; x_wconf 82' lang='lat' dir='ltr'><strong>proferens</strong></span> <span class='ocrx_word' id='word_1_794' title='bbox 1361 5485 1593 5557; x_wconf 82' lang='lat' dir='ltr'><strong>Moyses,</strong></span> <span class='ocrx_word' id='word_1_795' title='bbox 1617 5495 1671 5539; x_wconf 90' lang='lat' dir='ltr'><strong>et</strong></span> <span class='ocrx_word' id='word_1_796' title='bbox 1705 5496 1822 5552; x_wconf 86' lang='lat' dir='ltr'><strong>tan-</strong></span> 
     </span>
    </p>
   </div>
   <div class='ocr_carea' id='block_1_102' title="bbox 244 5576 1817 5641">
    <p class='ocr_par' dir='ltr' id='par_1_102' title="bbox 244 5576 1817 5641">
     <span class='ocr_line' id='line_1_102' title="bbox 244 5576 1817 5641; baseline 0.007 -20"><span class='ocrx_word' id='word_1_797' title='bbox 244 5585 408 5638; x_wconf 84' lang='lat' dir='ltr'><strong>quam</strong></span> <span class='ocrx_word' id='word_1_798' title='bbox 463 5584 733 5640; x_wconf 89' lang='lat' dir='ltr'><strong>perpetem</strong></span> <span class='ocrx_word' id='word_1_799' title='bbox 787 5576 997 5629; x_wconf 89' lang='lat' dir='ltr'><strong>titulum</strong></span> <span class='ocrx_word' id='word_1_800' title='bbox 1041 5576 1093 5630; x_wconf 88' lang='lat' dir='ltr'><strong>itt</strong></span> <span class='ocrx_word' id='word_1_801' title='bbox 1148 5576 1374 5641; x_wconf 82' lang='lat' dir='ltr'><strong>formam</strong></span> <span class='ocrx_word' id='word_1_802' title='bbox 1408 5579 1711 5634; x_wconf 76' lang='lat' dir='ltr'><strong>tolerantia:</strong></span> <span class='ocrx_word' id='word_1_803' title='bbox 1752 5579 1817 5632; x_wconf 89' lang='lat' dir='ltr'><strong>iis</strong></span> 
     </span>
    </p>
   </div>
   <div class='ocr_carea' id='block_1_103' title="bbox 318 5754 1801 5827">
    <p class='ocr_par' dir='ltr' id='par_1_103' title="bbox 318 5754 1801 5827">
     <span class='ocr_line' id='line_1_103' title="bbox 318 5754 1801 5827; baseline 0.007 -21"><span class='ocrx_word' id='word_1_804' title='bbox 318 5754 362 5782; x_wconf 77' lang='lat'><strong>&quot;&#39;</strong></span> <span class='ocrx_word' id='word_1_805' title='bbox 397 5754 540 5810; x_wconf 60' lang='lat' dir='ltr'><strong>Psal.</strong></span> <span class='ocrx_word' id='word_1_806' title='bbox 566 5771 697 5826; x_wconf 80' lang='lat' dir='ltr'><strong>cm,</strong></span> <span class='ocrx_word' id='word_1_807' title='bbox 729 5759 779 5811; x_wconf 69' lang='grc' dir='ltr'><strong>εὶ.</strong></span> <span class='ocrx_word' id='word_1_808' title='bbox 870 5761 911 5791; x_wconf 74' lang='grc'><strong>⁸⁷</strong></span> <span class='ocrx_word' id='word_1_809' title='bbox 945 5759 1043 5818; x_wconf 77' lang='lat' dir='ltr'><strong>Job</strong></span> <span class='ocrx_word' id='word_1_810' title='bbox 1085 5778 1121 5826; x_wconf 87' lang='grc' dir='ltr'><strong>ι,</strong></span> <span class='ocrx_word' id='word_1_811' title='bbox 1149 5762 1236 5819; x_wconf 73' lang='lat'><strong>‘29..</strong></span> <span class='ocrx_word' id='word_1_812' title='bbox 1325 5764 1368 5794; x_wconf 81' lang='grc'><strong>⁸⁸</strong></span> <span class='ocrx_word' id='word_1_813' title='bbox 1400 5762 1414 5815; x_wconf 98' lang='lat'><strong><em>|</em></strong></span> <span class='ocrx_word' id='word_1_814' title='bbox 1449 5762 1575 5825; x_wconf 69' lang='lat' dir='ltr'><strong>Reg.</strong></span> <span class='ocrx_word' id='word_1_815' title='bbox 1615 5778 1722 5827; x_wconf 76' lang='lat' dir='ltr'><strong>xw,</strong></span> <span class='ocrx_word' id='word_1_816' title='bbox 1749 5762 1801 5816; x_wconf 91' lang='lat'><strong>7.</strong></span> 
     </span>
    </p>
   </div>
   <div class='ocr_carea' id='block_1_104' title="bbox 1924 4555 3497 4629">
    <p class='ocr_par' dir='ltr' id='par_1_104' title="bbox 1924 4555 3497 4629">
     <span class='ocr_line' id='line_1_104' title="bbox 1924 4555 3497 4629; baseline 0.005 -23"><span class='ocrx_word' id='word_1_817' title='bbox 1924 4557 2001 4607; x_wconf 92' lang='lat' dir='ltr'><strong>dit</strong></span> <span class='ocrx_word' id='word_1_818' title='bbox 2031 4557 2389 4623; x_wconf 84' lang='lat' dir='ltr'><strong>insipientiam</strong></span> <span class='ocrx_word' id='word_1_819' title='bbox 2419 4555 2552 4612; x_wconf 88' lang='lat' dir='ltr'><strong>Deo.</strong></span> <span class='ocrx_word' id='word_1_820' title='bbox 2589 4555 2704 4610; x_wconf 86' lang='lat' dir='ltr'><strong>Non</strong></span> <span class='ocrx_word' id='word_1_821' title='bbox 2739 4559 2882 4612; x_wconf 91' lang='lat' dir='ltr'><strong>enim</strong></span> <span class='ocrx_word' id='word_1_822' title='bbox 2914 4559 3015 4612; x_wconf 82' lang='lat' dir='ltr'><strong>fuit</strong></span> <span class='ocrx_word' id='word_1_823' title='bbox 3040 4561 3497 4629; x_wconf 89' lang='lat' dir='ltr'><strong>quemadmodum</strong></span> 
     </span>
    </p>
   </div>
   <div class='ocr_carea' id='block_1_105' title="bbox 1923 4646 3500 4724">
    <p class='ocr_par' dir='ltr' id='par_1_105' title="bbox 1923 4646 3500 4724">
     <span class='ocr_line' id='line_1_105' title="bbox 1923 4646 3500 4724; baseline 0.006 -26"><span class='ocrx_word' id='word_1_824' title='bbox 1923 4647 2114 4700; x_wconf 89' lang='lat' dir='ltr'><strong>domus</strong></span> <span class='ocrx_word' id='word_1_825' title='bbox 2148 4646 2234 4699; x_wconf 91' lang='lat' dir='ltr'><strong>illa</strong></span> <span class='ocrx_word' id='word_1_826' title='bbox 2268 4662 2388 4716; x_wconf 62' lang='lat' dir='ltr'><strong>quae</strong></span> <span class='ocrx_word' id='word_1_827' title='bbox 2439 4663 2601 4717; x_wconf 88' lang='lat' dir='ltr'><strong>super</strong></span> <span class='ocrx_word' id='word_1_828' title='bbox 2645 4664 2870 4702; x_wconf 89' lang='lat' dir='ltr'><strong>arenam</strong></span> <span class='ocrx_word' id='word_1_829' title='bbox 2920 4659 3004 4704; x_wconf 88' lang='lat' dir='ltr'><strong>est</strong></span> <span class='ocrx_word' id='word_1_830' title='bbox 3048 4649 3307 4705; x_wconf 79' lang='lat' dir='ltr'><strong>fabricata</strong></span> <span class='ocrx_word' id='word_1_831' title='bbox 3335 4694 3352 4720; x_wconf 94' lang='lat'><strong>,</strong></span> <span class='ocrx_word' id='word_1_832' title='bbox 3379 4668 3500 4724; x_wconf 74' lang='lat' dir='ltr'><strong>qua:</strong></span> 
     </span>
    </p>
   </div>
   <div class='ocr_carea' id='block_1_106' title="bbox 1925 4738 3501 4812">
    <p class='ocr_par' dir='ltr' id='par_1_106' title="bbox 1925 4738 3501 4812">
     <span class='ocr_line' id='line_1_106' title="bbox 1925 4738 3501 4812; baseline 0.005 -21"><span class='ocrx_word' id='word_1_833' title='bbox 1925 4753 2029 4792; x_wconf 90' lang='lat' dir='ltr'><strong>non</strong></span> <span class='ocrx_word' id='word_1_834' title='bbox 2062 4740 2247 4792; x_wconf 88' lang='lat' dir='ltr'><strong>habuit</strong></span> <span class='ocrx_word' id='word_1_835' title='bbox 2281 4738 2716 4805; x_wconf 81' lang='lat' dir='ltr'><strong>fundamentum,</strong></span> <span class='ocrx_word' id='word_1_836' title='bbox 2755 4743 2856 4795; x_wconf 93' lang='lat' dir='ltr'><strong>hoc</strong></span> <span class='ocrx_word' id='word_1_837' title='bbox 2888 4752 2992 4806; x_wconf 88' lang='lat' dir='ltr'><strong>est,</strong></span> <span class='ocrx_word' id='word_1_838' title='bbox 3025 4744 3148 4796; x_wconf 88' lang='lat' dir='ltr'><strong>lidei</strong></span> <span class='ocrx_word' id='word_1_839' title='bbox 3201 4752 3253 4796; x_wconf 88' lang='lat' dir='ltr'><strong>et</strong></span> <span class='ocrx_word' id='word_1_840' title='bbox 3285 4745 3501 4812; x_wconf 86' lang='lat' dir='ltr'><strong>pietatis</strong></span> 
     </span>
    </p>
   </div>
   <div class='ocr_carea' id='block_1_107' title="bbox 1928 4831 3500 4902">
    <p class='ocr_par' dir='ltr' id='par_1_107' title="bbox 1928 4831 3500 4902">
     <span class='ocr_line' id='line_1_107' title="bbox 1928 4831 3500 4902; baseline 0.006 -22"><span class='ocrx_word' id='word_1_841' title='bbox 1928 4832 2351 4895; x_wconf 89' lang='lat' dir='ltr'><strong>lirmamentunt,</strong></span> <span class='ocrx_word' id='word_1_842' title='bbox 2384 4845 2502 4898; x_wconf 76' lang='lat' dir='ltr'><strong>qua:</strong></span> <span class='ocrx_word' id='word_1_843' title='bbox 2547 4831 2705 4885; x_wconf 81' lang='lat' dir='ltr'><strong>facile</strong></span> <span class='ocrx_word' id='word_1_844' title='bbox 2753 4833 2928 4886; x_wconf 89' lang='lat' dir='ltr'><strong>ventis</strong></span> <span class='ocrx_word' id='word_1_845' title='bbox 2957 4841 3011 4886; x_wconf 90' lang='lat' dir='ltr'><strong>et</strong></span> <span class='ocrx_word' id='word_1_846' title='bbox 3041 4835 3198 4902; x_wconf 90' lang='lat' dir='ltr'><strong>aquis</strong></span> <span class='ocrx_word' id='word_1_847' title='bbox 3229 4845 3500 4890; x_wconf 88' lang='lat' dir='ltr'><strong>commota</strong></span> 
     </span>
    </p>
   </div>
   <div class='ocr_carea' id='block_1_108' title="bbox 1925 4921 3496 4994">
    <p class='ocr_par' dir='ltr' id='par_1_108' title="bbox 1925 4921 3496 4994">
     <span class='ocr_line' id='line_1_108' title="bbox 1925 4921 3496 4994; baseline 0.001 -18"><span class='ocrx_word' id='word_1_848' title='bbox 1925 4922 2141 4976; x_wconf 87' lang='lat' dir='ltr'><strong>cecidit.</strong></span> <span class='ocrx_word' id='word_1_849' title='bbox 2175 4921 2281 4976; x_wconf 89' lang='lat' dir='ltr'><strong>Sed</strong></span> <span class='ocrx_word' id='word_1_850' title='bbox 2315 4939 2418 4976; x_wconf 92' lang='lat' dir='ltr'><strong>non</strong></span> <span class='ocrx_word' id='word_1_851' title='bbox 2451 4922 2552 4975; x_wconf 80' lang='lat' dir='ltr'><strong>fuit</strong></span> <span class='ocrx_word' id='word_1_852' title='bbox 2607 4924 2732 4977; x_wconf 90' lang='lat' dir='ltr'><strong>talis</strong></span> <span class='ocrx_word' id='word_1_853' title='bbox 2765 4923 2962 4978; x_wconf 84' lang='lat' dir='ltr'><strong>beatus</strong></span> <span class='ocrx_word' id='word_1_854' title='bbox 2996 4923 3118 4991; x_wconf 85' lang='lat' dir='ltr'><strong>Joh,</strong></span> <span class='ocrx_word' id='word_1_855' title='bbox 3153 4928 3247 4980; x_wconf 91' lang='lat' dir='ltr'><strong>sed</strong></span> <span class='ocrx_word' id='word_1_856' title='bbox 3285 4927 3496 4994; x_wconf 70' lang='lat' dir='ltr'><strong>lil‘lllUs,</strong></span> 
     </span>
    </p>
   </div>
   <div class='ocr_carea' id='block_1_109' title="bbox 1921 5015 3500 5089">
    <p class='ocr_par' dir='ltr' id='par_1_109' title="bbox 1921 5015 3500 5089">
     <span class='ocr_line' id='line_1_109' title="bbox 1921 5015 3500 5089; baseline 0.002 -19"><span class='ocrx_word' id='word_1_857' title='bbox 1921 5016 2132 5070; x_wconf 89' lang='lat' dir='ltr'><strong>stabilis</strong></span> <span class='ocrx_word' id='word_1_858' title='bbox 2178 5025 2339 5085; x_wconf 90' lang='lat' dir='ltr'><strong>atque</strong></span> <span class='ocrx_word' id='word_1_859' title='bbox 2380 5015 2672 5068; x_wconf 90' lang='lat' dir='ltr'><strong>immobilis</strong></span> <span class='ocrx_word' id='word_1_860' title='bbox 2700 5015 2823 5070; x_wconf 83' lang='lat' dir='ltr'><strong>fuit.</strong></span> <span class='ocrx_word' id='word_1_861' title='bbox 2870 5017 3080 5072; x_wconf 90' lang='lat' dir='ltr'><strong>Idcirco</strong></span> <span class='ocrx_word' id='word_1_862' title='bbox 3123 5019 3301 5072; x_wconf 91' lang='lat' dir='ltr'><strong>omnis</strong></span> <span class='ocrx_word' id='word_1_863' title='bbox 3331 5021 3500 5089; x_wconf 60' lang='lat' dir='ltr'><strong>impe«</strong></span> 
     </span>
    </p>
   </div>
   <div class='ocr_carea' id='block_1_110' title="bbox 1923 5108 3500 5178">
    <p class='ocr_par' dir='ltr' id='par_1_110' title="bbox 1923 5108 3500 5178">
     <span class='ocr_line' id='line_1_110' title="bbox 1923 5108 3500 5178; baseline 0.001 -15"><span class='ocrx_word' id='word_1_864' title='bbox 1923 5119 2006 5163; x_wconf 92' lang='lat' dir='ltr'><strong>tus</strong></span> <span class='ocrx_word' id='word_1_865' title='bbox 2030 5108 2366 5178; x_wconf 90' lang='lat' dir='ltr'><strong>nequissimi,</strong></span> <span class='ocrx_word' id='word_1_866' title='bbox 2395 5118 2446 5162; x_wconf 88' lang='lat' dir='ltr'><strong>et</strong></span> <span class='ocrx_word' id='word_1_867' title='bbox 2473 5109 2648 5162; x_wconf 89' lang='lat' dir='ltr'><strong>outnis</strong></span> <span class='ocrx_word' id='word_1_868' title='bbox 2684 5109 2963 5163; x_wconf 87' lang='lat' dir='ltr'><strong>inundatio</strong></span> <span class='ocrx_word' id='word_1_869' title='bbox 3011 5111 3207 5164; x_wconf 90' lang='lat' dir='ltr'><strong>diaboli</strong></span> <span class='ocrx_word' id='word_1_870' title='bbox 3266 5114 3500 5168; x_wconf 86' lang='lat' dir='ltr'><strong>subver-</strong></span> 
     </span>
    </p>
   </div>
   <div class='ocr_carea' id='block_1_111' title="bbox 1925 5201 3498 5273">
    <p class='ocr_par' dir='ltr' id='par_1_111' title="bbox 1925 5201 3498 5273">
     <span class='ocr_line' id='line_1_111' title="bbox 1925 5201 3498 5273; baseline 0.002 -18"><span class='ocrx_word' id='word_1_871' title='bbox 1925 5212 2060 5267; x_wconf 90' lang='lat' dir='ltr'><strong>tere,</strong></span> <span class='ocrx_word' id='word_1_872' title='bbox 2089 5203 2172 5256; x_wconf 91' lang='lat' dir='ltr'><strong>vel</strong></span> <span class='ocrx_word' id='word_1_873' title='bbox 2205 5201 2442 5269; x_wconf 89' lang='lat' dir='ltr'><strong>dejicere</strong></span> <span class='ocrx_word' id='word_1_874' title='bbox 2485 5201 2816 5256; x_wconf 90' lang='lat' dir='ltr'><strong>immobilem</strong></span> <span class='ocrx_word' id='word_1_875' title='bbox 2847 5203 2993 5255; x_wconf 91' lang='lat' dir='ltr'><strong>illum</strong></span> <span class='ocrx_word' id='word_1_876' title='bbox 3044 5218 3149 5257; x_wconf 92' lang='lat' dir='ltr'><strong>non</strong></span> <span class='ocrx_word' id='word_1_877' title='bbox 3182 5214 3498 5273; x_wconf 84' lang='lat' dir='ltr'><strong>potuerunt.</strong></span> 
     </span>
    </p>
   </div>
   <div class='ocr_carea' id='block_1_112' title="bbox 1921 5293 3501 5367">
    <p class='ocr_par' dir='ltr' id='par_1_112' title="bbox 1921 5293 3501 5367">
     <span class='ocr_line' id='line_1_112' title="bbox 1921 5293 3501 5367; baseline 0 -20"><span class='ocrx_word' id='word_1_878' title='bbox 1921 5293 2035 5364; x_wconf 80' lang='lat' dir='ltr'><strong>Hoc</strong></span> <span class='ocrx_word' id='word_1_879' title='bbox 2070 5296 2248 5364; x_wconf 81' lang='lat' dir='ltr'><strong>itaque</strong></span> <span class='ocrx_word' id='word_1_880' title='bbox 2284 5294 2664 5351; x_wconf 83' lang='lat' dir='ltr'><strong>demonstrans</strong></span> <span class='ocrx_word' id='word_1_881' title='bbox 2690 5295 2864 5351; x_wconf 87' lang='lat' dir='ltr'><strong>dicit:</strong></span> <span class='ocrx_word' id='word_1_882' title='bbox 2905 5294 3028 5350; x_wconf 85' lang='lat' dir='ltr'><strong>Non</strong></span> <span class='ocrx_word' id='word_1_883' title='bbox 3053 5297 3192 5350; x_wconf 83' lang='lat' dir='ltr'><strong>dedit</strong></span> <span class='ocrx_word' id='word_1_884' title='bbox 3243 5299 3501 5367; x_wconf 48' lang='lat' dir='ltr'><strong>insipien-t</strong></span> 
     </span>
    </p>
   </div>
   <div class='ocr_carea' id='block_1_113' title="bbox 1926 5387 3496 5457">
    <p class='ocr_par' dir='ltr' id='par_1_113' title="bbox 1926 5387 3496 5457">
     <span class='ocr_line' id='line_1_113' title="bbox 1926 5387 3496 5457; baseline 0.003 -17"><span class='ocrx_word' id='word_1_885' title='bbox 1926 5389 2054 5440; x_wconf 87' lang='lat' dir='ltr'><strong>tiam</strong></span> <span class='ocrx_word' id='word_1_886' title='bbox 2083 5387 2212 5441; x_wconf 89' lang='lat' dir='ltr'><strong>Deo.</strong></span> <span class='ocrx_word' id='word_1_887' title='bbox 2249 5388 2400 5441; x_wconf 90' lang='lat' dir='ltr'><strong>Sicut</strong></span> <span class='ocrx_word' id='word_1_888' title='bbox 2429 5389 2687 5454; x_wconf 83' lang='lat' dir='ltr'><strong>diximus,</strong></span> <span class='ocrx_word' id='word_1_889' title='bbox 2721 5405 2826 5444; x_wconf 90' lang='lat' dir='ltr'><strong>non</strong></span> <span class='ocrx_word' id='word_1_890' title='bbox 2855 5392 3064 5445; x_wconf 84' lang='lat' dir='ltr'><strong>exstitit</strong></span> <span class='ocrx_word' id='word_1_891' title='bbox 3093 5391 3326 5446; x_wconf 79' lang='lat' dir='ltr'><strong>infidelis</strong></span> <span class='ocrx_word' id='word_1_892' title='bbox 3367 5393 3496 5457; x_wconf 90' lang='lat' dir='ltr'><strong>Deo,</strong></span> 
     </span>
    </p>
   </div>
   <div class='ocr_carea' id='block_1_114' title="bbox 1930 5480 3500 5552">
    <p class='ocr_par' dir='ltr' id='par_1_114' title="bbox 1930 5480 3500 5552">
     <span class='ocr_line' id='line_1_114' title="bbox 1930 5480 3500 5552; baseline 0.004 -20"><span class='ocrx_word' id='word_1_893' title='bbox 1930 5495 2104 5549; x_wconf 88' lang='lat' dir='ltr'><strong>neque</strong></span> <span class='ocrx_word' id='word_1_894' title='bbox 2157 5480 2547 5550; x_wconf 84' lang='lat' dir='ltr'><strong>inlidigraphus</strong></span> <span class='ocrx_word' id='word_1_895' title='bbox 2575 5523 2590 5549; x_wconf 91' lang='lat'><strong>,</strong></span> <span class='ocrx_word' id='word_1_896' title='bbox 2623 5498 2796 5550; x_wconf 90' lang='lat' dir='ltr'><strong>neque</strong></span> <span class='ocrx_word' id='word_1_897' title='bbox 2844 5484 3109 5552; x_wconf 83' lang='lat' dir='ltr'><strong>ingratus.</strong></span> <span class='ocrx_word' id='word_1_898' title='bbox 3142 5485 3250 5539; x_wconf 88' lang='lat' dir='ltr'><strong>Aut</strong></span> <span class='ocrx_word' id='word_1_899' title='bbox 3279 5485 3454 5538; x_wconf 91' lang='lat' dir='ltr'><strong>adhuc</strong></span> <span class='ocrx_word' id='word_1_900' title='bbox 3481 5523 3500 5549; x_wconf 80' lang='lat'><strong>,</strong></span> 
     </span>
    </p>
   </div>
   <div class='ocr_carea' id='block_1_115' title="bbox 1928 5573 3503 5647">
    <p class='ocr_par' dir='ltr' id='par_1_115' title="bbox 1928 5573 3503 5647">
     <span class='ocr_line' id='line_1_115' title="bbox 1928 5573 3503 5647; baseline 0.002 -20"><span class='ocrx_word' id='word_1_901' title='bbox 1928 5575 2126 5645; x_wconf 90' lang='lat' dir='ltr'><strong>inquit,</strong></span> <span class='ocrx_word' id='word_1_902' title='bbox 2168 5573 2290 5628; x_wconf 88' lang='lat' dir='ltr'><strong>Non</strong></span> <span class='ocrx_word' id='word_1_903' title='bbox 2332 5574 2475 5630; x_wconf 82' lang='lat' dir='ltr'><strong>dedit</strong></span> <span class='ocrx_word' id='word_1_904' title='bbox 2522 5576 2872 5646; x_wconf 80' lang='lat' dir='ltr'><strong>insipientiam</strong></span> <span class='ocrx_word' id='word_1_905' title='bbox 2921 5576 3048 5642; x_wconf 86' lang='lat' dir='ltr'><strong>Deo,</strong></span> <span class='ocrx_word' id='word_1_906' title='bbox 3085 5591 3150 5632; x_wconf 88' lang='lat' dir='ltr'><strong>ac</strong></span> <span class='ocrx_word' id='word_1_907' title='bbox 3184 5579 3227 5633; x_wconf 91' lang='lat' dir='ltr'><strong>si</strong></span> <span class='ocrx_word' id='word_1_908' title='bbox 3275 5578 3503 5647; x_wconf 67' lang='lat' dir='ltr'><strong>diceret,</strong></span> 
     </span>
    </p>
   </div>
   <div class='ocr_carea' id='block_1_116' title="bbox 1879 5757 2194 5824">
    <p class='ocr_par' dir='ltr' id='par_1_116' title="bbox 1879 5757 2194 5824">
     <span class='ocr_line' id='line_1_116' title="bbox 1879 5757 2194 5824; baseline 0 -10"><span class='ocrx_word' id='word_1_909' title='bbox 1879 5761 1922 5791; x_wconf 62' lang='lat'><strong>’9</strong></span> <span class='ocrx_word' id='word_1_910' title='bbox 1949 5757 2046 5814; x_wconf 77' lang='lat' dir='ltr'><strong>Job</strong></span> <span class='ocrx_word' id='word_1_911' title='bbox 2076 5773 2110 5824; x_wconf 85' lang='grc' dir='ltr'><strong>ι,</strong></span> <span class='ocrx_word' id='word_1_912' title='bbox 2146 5757 2194 5814; x_wconf 79' lang='grc'><strong>5.</strong></span> 
     </span>
    </p>
   </div>
  </div>
