3884 6218
354 286 459 341 447

1449 278 1833 336 ANONYMUS
1872 277 1936 333 IN
1977 278 2115 334 JOB.
2156 311 2224 322 —
2261 278 2387 333 LIB.
2428 278 2497 333 ll.

3505 272 3616 329 HS

359 426 465 466 non
501 408 633 465 tecit
667 420 952 463 sermones
976 404 1068 460 Dei
1101 420 1275 474 neque
1304 406 1614 461 testimonia
1646 406 1765 473 ejus
1797 406 1928 459 inﬁ-
1961 412 2004 467 Α
2037 417 2254 476 propter
2282 407 2566 477 pecuniam
2592 447 2606 471 ,
2637 405 2735 460 sed
2767 414 2987 475 propter
3016 402 3365 458 dilectionem
3390 404 3607 459 servie-

357 502 498 557 delia
527 540 543 565 ,
578 514 751 568 neque
805 512 1138 567 supervacua
1169 539 1184 564 ,
1235 513 1412 565 neque
1466 498 1768 553 mendacia.
1802 498 1937 564 Quae

359 593 524 647 verba
568 591 683 652 Dei,
720 589 805 642 vel
831 604 952 658 qua:
983 589 1293 643 testimonia
1324 590 1346 641 ?
1382 589 1457 643 Ea
1491 603 1613 658 quae
1639 590 1707 643 ad
1742 590 1934 644 diabo—

361 684 469 737 lum
508 682 716 736 loeutus
746 690 852 745 est,
890 681 1259 734 testimonium
1308 681 1643 750 perhibendo
1673 680 1795 745 Job,
1829 698 1934 736 non

364 773 492 826 fecit
515 787 579 826 ea
611 773 828 828 inﬁrma
860 770 943 825 vel
971 785 1304 841 supervacua
1334 772 1738 826 succumbeudo
1774 784 1938 842 atque

363 864 697 917 detrahendo
723 901 740 930 ,
767 863 860 917 sed
894 862 1071 917 ﬁdelia
1124 863 1214 917 illa
1250 870 1411 932 atque
1438 864 1593 918 ﬁrma
1621 864 1771 929 fecit,
1811 881 1934 920 cum

363 956 659 1023 gratiarum
713 956 926 1009 actione
954 953 1269 1009 sul'ferendo
1302 965 1499 1009 cuncta
1538 956 1642 1010 sibi
1688 958 1938 1013 acciden-

366 1048 458 1103 tia.
490 1046 683 1101 Merito
716 1061 845 1115 ergo
871 1047 1000 1101 dicit
1030 1065 1044 1101 :
1080 1046 1205 1101 Non
1243 1047 1389 1100 dedit
1419 1048 1779 1118 insipientiam
1803 1049 1934 1113 Deo,

364 1154 468 1193 non
501 1140 827 1193 exstiterunt
856 1140 1167 1194 testimonia
1200 1139 1290 1194 Dei
1322 1141 1388 1194 de
1415 1140 1506 1193 illo
1535 1141 1747 1193 inﬁrma
1778 1182 1793 1204 ,
1835 1156 1935 1195 ne-

362 1245 467 1297 que
498 1227 781 1281 mendacia
825 1242 919 1296 per
951 1227 1239 1292 illum,sed
1272 1226 1448 1281 lidelia
1480 1242 1544 1280 ac
1570 1226 1745 1290 ﬁrma,
1776 1236 1937 1295 atque

361 1334 515 1373 vera.
554 1318 669 1373 Non
700 1320 842 1372 dedit
868 1319 1031 1371 ullam
1063 1319 1425 1384 occasionem,
1463 1317 1545 1372 vel
1573 1318 1934 1387 suspicionem

361 1410 697 1464 inﬁdelitatis
733 1409 862 1464 Deo.
898 1409 1012 1464 Non
1054 1425 1278 1464 necesse
1307 1410 1498 1465 habuit
1542 1409 1683 1465 Deus
1707 1410 1936 1466 confun—

359 1502 413 1556 di
444 1502 510 1556 de
542 1502 608 1557 iis
634 1542 649 1566 ,
703 1517 799 1573 per
846 1518 965 1571 quae
996 1501 1142 1556 velut
1176 1502 1315 1556 ﬁdeli
1355 1502 1722 1557 testimonium
1752 1504 1936 1573 perbi-

358 1593 477 1648 bnit
511 1593 607 1649 illi.
635 1592 764 1647 Nam
794 1609 915 1648 cum
947 1601 1093 1647 esset
1123 1595 1311 1648 ﬁrmus
1339 1603 1395 1649 et
1424 1594 1618 1657 ﬁdelis,
1650 1610 1757 1649 non
1787 1595 1936 1649 dedit

264 1691 276 1702 ‘
360 1686 724 1754 insipientiam
757 1688 862 1741 Deo
888 1725 903 1750 ,
954 1686 1058 1740 hoc
1105 1696 1188 1741 est
1221 1686 1590 1740 inﬁdelitatem
1620 1686 1746 1740 Deo.
1773 1686 1930 1753 Quod

359 1786 538 1829 autem
569 1779 859 1830 erubescat
892 1776 1031 1830 Deus
1081 1777 1389 1831 inﬁdelibus
1437 1788 1601 1845 atque
1657 1776 1887 1831 inﬁrmis
1913 1818 1927 1841 ,
1970 1756 2009 1809 Β

358 1866 477 1936 ipse
515 1867 774 1921 Dominus
802 1868 1057 1933 ostendit,
1089 1869 1318 1921 dicens:
1357 1866 1461 1932 Qui
1507 1869 1769 1921 erubuerit
1816 1886 1929 1934 me,

358 1960 639 2026 confundet
670 1960 807 2012 hunc
838 1958 1010 2013 Filius
1037 1960 1265 2013 hominis
1294 1975 1413 2012 cum
1458 1961 1656 2013 venerit
1687 1961 1740 2012 in
1770 1962 1935 2027 maie-

356 2060 490 2105 state
523 2068 623 2105 sua
657 2052 723 2104 ⁸ο.
771 2051 912 2107 Deus
940 2068 1070 2107 vero
1101 2052 1459 2106 attestabatur
1494 2053 1614 2107 lidei
1644 2051 1746 2107 Job
1772 2092 1787 2116 ,
1815 2054 1934 2107 dia-

358 2143 513 2198 bolus
557 2157 688 2197 vero
734 2146 1099 2199 attestabatur
1132 2144 1466 2200 inﬁdelitati.
1498 2146 1637 2200 Deus
1671 2145 1931 2200 testiﬁca-

358 2237 519 2291 batur
555 2239 697 2306 quod
729 2252 833 2291 non
868 2245 1089 2307 propter
1115 2239 1398 2306 pecuniam
1429 2278 1445 2303 ,
1474 2239 1571 2294 sed
1600 2247 1823 2309 preptcr
1851 2240 1932 2293 di-

357 2326 643 2381 lectionem
699 2327 926 2382 coluerit
972 2327 1121 2381 illum
1156 2326 1259 2382 Job
1291 2346 1305 2381 :
1340 2327 1582 2382 diabolus
1619 2342 1749 2380 vero
1796 2343 1931 2381 con-

352 2420 607 2475 ﬁrmabat
636 2422 776 2489 quod
809 2435 914 2473 non
936 2431 1154 2489 prepter
1179 2402 1522 2475 dilectionem
1549 2419 1763 2474 colebat
1782 2417 1929 2472 illum

350 2508 477 2577 Job,
508 2513 602 2565 sed
637 2521 859 2581 propter
902 2511 1279 2565 substantiam.
1327 2511 1621 2580 Postquam
1653 2526 1782 2565 vero
1814 2526 1929 2564 om-

355 2605 446 2657 nia
477 2605 525 2658 ei
562 2604 786 2658 abstulit
807 2604 1052 2659 diabolus
1084 2613 1137 2659 et
1165 2619 1278 2659 rem
1306 2604 1658 2667 familiarem,
1691 2602 1926 2667 etﬁlios,

351 2704 409 2751 ct
443 2695 498 2749 in
528 2696 719 2751 iisdem
765 2698 1062 2767 gratiarum
1112 2697 1419 2752 actionibus
1456 2705 1802 2767 permaneret
1830 2693 1932 2750 Job

348 2787 499 2851 circa
533 2787 699 2842 Deum
728 2828 744 2855 ,
790 2799 917 2844 tunc
953 2789 1306 2844 nihilominus
1339 2790 1589 2859 apparuit
1619 2788 1764 2859 quod
1822 2804 1931 2843 non

2040 502 2132 555 bat
2167 499 2317 554 Deo:
2351 507 2478 553 tunc
2529 497 2737 551 scilicet
2785 494 3152 550 testimonium
3199 492 3397 548 diaboli
3448 494 3612 547 inﬁr-

2038 605 2185 645 mum
2216 604 2280 644 ac
2317 588 2545 642 mendax
2577 587 2776 641 factum
2804 597 2909 650 est,
2948 588 3039 640 De:
3077 601 3206 641 vero
3232 587 3608 642 testimonium

2040 697 2225 735 verum
2269 695 2334 734 ac
2378 679 2535 734 ﬁdele
2561 678 2845 748 probatura
2875 686 2978 733 est.
3012 677 3139 732 Haec
3186 692 3319 732 sane
3354 679 3608 733 universa

2040 786 2145 825 uno
2166 770 2338 824 verbo
2367 769 2687 833 ostendens,
2718 779 2878 836 atque
2905 766 3291 837 perstringens,
3324 767 3458 821 dicit
3488 785 3503 820 :
3535 767 3608 822 In

2037 858 2120 912 his
2161 859 2399 911 omnibus
2441 873 2560 926 qua:
2594 856 2642 908 ei
2675 856 3013 919 acciderunt,
3044 855 3177 908 nihil
3214 856 3442 924 peccavit
3478 855 3603 921 Job,

2041 966 2206 1020 neque
2228 952 2283 1003 in
2314 959 2594 1018 conspectu
2628 946 2883 1010 Domini,
2916 963 3077 1010 neque
3106 948 3164 1001 in
3193 948 3347 1001 labiis
3371 949 3501 1002 suis.
3534 947 3606 1002 Et

2040 1059 2141 1095 mm
2177 1042 2321 1095 dedit
2362 1041 2716 1109 insipientiam
2752 1038 2858 1091 Deo
2880 1038 2947 1090 εί.
2983 1036 3309 1093 Studeamus
3332 1040 3494 1092 etiam
3516 1079 3533 1105 ,
3572 1056 3611 1095 ο

2039 1132 2177 1196 viri,
2232 1132 2546 1185 Studeamus
2574 1128 2720 1182 omni
2756 1126 2958 1181 virtute
2994 1138 3178 1181 nostra
3202 1166 3219 1192 ,
3248 1142 3281 1181 ο
3314 1128 3516 1192 amici,
3548 1139 3613 1183 ut

2038 1239 2143 1276 non
2176 1223 2368 1276 demus
2406 1220 2779 1275 inﬁdelitatem
2817 1221 2945 1283 Deo,
2979 1230 3035 1274 ut
3068 1235 3174 1274 non
3202 1220 3527 1275 exsistamus
3555 1219 3611 1275 ei

2039 1313 2300 1377 inﬁdeles,
2331 1326 2507 1383 neque
2536 1312 2588 1366 in
2616 1312 2720 1366 ﬁde
2750 1352 2765 1377 ,
2796 1327 2971 1381 neque
3000 1314 3053 1366 in
3085 1313 3267 1367 verbis
3296 1352 3310 1377 ,
3340 1327 3517 1382 neque
3552 1313 3610 1367 in

2038 1403 2217 1470 factis,
2251 1418 2427 1473 neque
2459 1402 2512 1456 in
2545 1402 2968 1471 cogitationibus
2991 1442 3006 1467 ,
3045 1417 3218 1471 neque
3247 1402 3303 1456 in
3340 1404 3609 1467 consiliis,

2038 1510 2209 1564 neque
2234 1497 2286 1548 in
2325 1496 2634 1564 impietate,
2665 1507 2840 1563 neque
2869 1494 2919 1549 in
2951 1494 3408 1560 tribulationibus,
3433 1511 3612 1565 neque

2038 1589 2090 1642 in
2121 1588 2328 1641 deliciis
2353 1630 2368 1654 ,
2407 1601 2583 1655 neque
2615 1587 2668 1640 in
2696 1585 2866 1653 gloria
2893 1624 2909 1651 ,
2961 1600 3136 1656 neque
3165 1586 3216 1639 in
3251 1596 3565 1656 paupertate
3589 1623 3608 1652 ,

2037 1683 2130 1737 sed
2155 1681 2270 1735 hzec
2307 1681 2561 1735 universa
2590 1695 2710 1733 cum
2741 1679 3000 1748 patientia
3044 1689 3405 1746 transeamus,
3447 1690 3613 1749 atque

2040 1791 2160 1829 cum
2191 1775 2483 1844 gratiarum
2516 1771 2819 1826 actionibus
2854 1770 3251 1837 sustineamus,
3288 1770 3424 1824 utin
3460 1773 3612 1825 omni

2041 1865 2147 1917 vita
2179 1874 2362 1917 nostra
2396 1856 2581 1916 ﬁdeles
2626 1862 2737 1915 Deo
2762 1901 2778 1925 ,
2811 1872 2865 1914 et
2898 1859 3037 1913 ﬁrmi
3085 1861 3135 1913 in
3168 1859 3272 1914 ﬁde
3318 1876 3382 1915 ac
3410 1861 3615 1931 pietate

2043 1960 2377 2025 reperiamur
2407 1955 2473 2009 ad
2508 1954 2680 2008 instar
2712 1954 2855 2009 beati
2882 1952 2981 2009 Job
3008 1952 3099 2022 qui
3133 1953 3185 2006 in
3209 1953 3460 2008 omnibus
3489 1970 3614 2024 qua:

2042 2052 2090 2104 ei
2119 2050 2434 2105 acciderunt
2457 2047 2628 2103 ﬁdelis
2656 2047 2953 2115 permansit
2978 2061 3159 2101 coram
3187 2047 3321 2112 Deo,
3350 2054 3405 2101 et
3432 2045 3614 2101 ﬁdelia

2041 2142 2221 2196 omnia
2254 2141 2494 2196 ostendit
2528 2140 2595 2195 de
2625 2155 2684 2194 se
2729 2139 3035 2193 testimonia
3089 2140 3206 2210 ejus
3236 2158 3251 2194 :
3283 2140 3373 2209 qui
3402 2141 3616 2209 primus

2041 2234 2319 2288 hominum
2373 2241 2495 2304 post
2539 2231 2676 2287 Abel
2729 2229 3224 2302 atquc'Abraham
3269 2232 3356 2287 his
3404 2231 3496 2301 qui
3553 2232 3610 2285 in

2043 2325 2241 2379 mundo
2276 2334 2401 2379 sunt
2457 2324 2720 2379 bonorum
2753 2322 3043 2391 dereliquit
3088 2322 3355 2387 formam,
3386 2321 3480 2391 qui
3513 2335 3615 2375 no-

2041 2423 2275 2475 minatur
2304 2430 2468 2490 atque
2517 2419 2897 2490 magniﬁcatur
2945 2421 3084 2474 inter
3124 2415 3368 2471 homines
3402 2416 3453 2467 in
3484 2428 3614 2481 per-

2041 2521 2201 2583 petuo
2230 2552 2246 2577 ,
2298 2512 2392 2581 qui
2445 2512 2738 2581 requiescit
2788 2526 2909 2565 eum
2957 2509 3271 2574 angelorum
3321 2506 3503 2561 choris
3553 2506 3612 2557 in

2039 2605 2210 2677 gloria
2244 2604 2641 2674 incorruptibili
2691 2603 2743 2657 in
2784 2602 2992 2657 inﬁnita
3025 2614 3240 2656 sucina.
3276 2598 3389 2665 Qua
3421 2597 3615 2666 requie

2036 2696 2200 2749 etiam
2250 2709 2347 2749 nos
2375 2709 2567 2749 omnes
2619 2693 2814 2764 dignos
2856 2692 3052 2747 habeat
3080 2687 3449 2745 misericordia
3500 2687 3610 2739 Do-

2040 2801 2191 2839 unm.

2072 2991 3558 3019 ___________________________.__.

1438 3185 1795 3274 LIBER
1869 3181 2526 3274 SECUNDUS.

1948 3410 2019 3423 —

424 3553 579 3609 Sicut
612 3554 964 3624 pulcherrimi
1001 3558 1132 3613 solis
1158 3558 1291 3613 radii
1332 3557 1680 3614 delectabiles
1707 3567 1835 3614 sunt
1865 3559 1930 3613 ad
1960 3567 2002 3624 (ζ
2036 3567 2161 3614 ante
2206 3556 2501 3612 secundam
2533 3553 2975 3623 congressionem
3006 3551 3271 3605 inutiliter
3311 3561 3457 3621 terga
3487 3564 3613 3603 ver-

351 3646 638 3701 videndum
686 3648 832 3700 omni
874 3647 1082 3702 homini
1136 3648 1375 3705 illibatos
1427 3648 1615 3705 oculos
1671 3650 1927 3718 habenti,

352 3738 426 3791 ita
464 3748 519 3792 et
566 3738 907 3796 admirabilis
937 3739 1039 3795 Job
1087 3742 1268 3811 passio
1295 3741 1674 3798 desiderabilis
1707 3753 1789 3798 est
1814 3785 1829 3810 ,
1867 3759 1930 3798 ac

353 3829 693 3884 delectabilis
717 3869 732 3894 ,
764 3840 928 3901 atque
954 3835 1265 3888 necessaria
1300 3835 1367 3888 ad
1395 3836 1721 3889 audiendum
1752 3836 1931 3890 omni-

352 3920 452 3974 bus
477 3920 587 3988 piis
609 3960 625 3985 ,
655 3921 908 3976 omnibus
944 3924 1298 3979 credentibus
1324 3963 1340 3989 ,
1371 3924 1621 3979 omnibus
1651 3927 1817 3980 Deum
1848 3927 1929 3980 in-

353 4012 629 4067 tuentibus
656 4052 672 4079 ,
701 4021 864 4082 atque
897 4013 1067 4068 Deum
1113 4016 1483 4084 diligentibus.
1516 4016 1651 4071 Nam
1693 4018 1928 4072 admira-

353 4102 478 4159 bilis
528 4102 670 4170 Job,
720 4120 845 4160 cum
896 4106 1071 4176 prima
1128 4108 1513 4178 congressione
1541 4110 1823 4163 victoriam
1863 4111 1931 4163 de

350 4194 575 4251 diabolo
603 4182 918 4266 perfecisset
945 4238 959 4262 ,
1005 4209 1168 4268 atque
1213 4199 1576 4270 triumphator
1605 4202 1670 4255 de
1697 4200 1930 4270 maligno

350 4292 670 4356 exstitisset,
705 4302 912 4363 quanto
937 4294 1113 4363 magis
1148 4295 1432 4348 victoriam
1467 4295 1532 4349 de
1562 4294 1650 4347 illo
1676 4296 1928 4363 sumpsit,

359 4395 507 4439 tanto
537 4387 771 4455 amplius
804 4387 953 4440 illum
985 4388 1050 4439 ad
1080 4386 1254 4445 zelum
1284 4388 1433 4441 circa
1466 4401 1544 4452 se,
1575 4396 1631 4442 et
1658 4387 1727 4442 ad
1757 4387 1929 4456 majus

352 4488 628 4532 certamen
662 4488 820 4547 atque
848 4477 1046 4533 bellum
1076 4482 1388 4533 commovit.
1417 4476 1577 4532 Velut
1605 4479 1748 4533 enim
1780 4480 1931 4535 inex-

352 4571 679 4640 stinguibilis
733 4571 873 4640 ignis
908 4570 1122 4624 ﬁamma
1176 4585 1473 4625 succensus
1521 4571 1925 4639 nequissimus,

355 4672 595 4717 tractans
628 4663 772 4732 apud
818 4663 1174 4731 semetipsum
1228 4664 1363 4717 dixit
1402 4680 1417 4717 :
1457 4661 1613 4718 Nunc
1664 4663 1797 4717 mihi
1847 4674 1931 4718 est

352 4752 477 4807 belli
511 4763 743 4824 tempus,
776 4771 920 4810 nunc
946 4756 1187 4811 victoriae
1221 4772 1342 4824 spes
1372 4756 1501 4811 mibi
1532 4772 1799 4825 nusquam
1824 4768 1926 4820 est,

355 4859 497 4899 nunc
529 4860 819 4914 exsurgam
849 4851 917 4902 ad
948 4860 1225 4904 certamen
1255 4850 1401 4903 circa
1443 4848 1546 4904 Job
1570 4890 1586 4915 ,
1640 4864 1784 4904 nunc
1810 4850 1926 4904 evi-

2035 3660 2167 3705 tam.
2217 3648 2491 3715 Forsitan,
2528 3647 2725 3716 inquit,
2765 3647 2817 3699 in
2855 3644 3089 3699 secunda
3127 3643 3509 3713 congressione
3532 3644 3615 3693 vi-

2034 3741 2201 3797 ctoria
2232 3742 2297 3795 ad
2345 3756 2429 3793 me
2463 3749 2780 3792 revertetur.
2816 3736 3070 3791 Forsitan
3110 3735 3253 3787 enim
3307 3732 3615 3787 contemnit

2031 3849 2151 3899 sua,
2179 3843 2233 3886 et
2270 3832 2437 3895 ﬁlios,
2471 3831 2708 3899 seipsum
2738 3840 2917 3882 autem
2951 3843 3056 3880 non
3098 3826 3415 3888 contemnit,
3445 3840 3613 3877 suum

2034 3926 2309 3995 proprium
2342 3938 2540 3992 corpus
2566 3937 2680 3977 non
2709 3920 2934 3991 spernit,
2964 3919 3212 3988 proprios
3240 3932 3366 3972 suos
3391 3914 3613 3971 dolores

2032 4029 2140 4070 non
2173 4014 2429 4083 deSpicit.
2460 4012 2709 4078 Quaeram
2740 4008 2913 4072 illum,
2939 4009 3110 4079 ipsum
3140 4006 3409 4075 requiram
3439 4044 3456 4070 ,
3482 4020 3612 4060 cor—

2030 4121 2131 4175 pus
2161 4106 2331 4174 ipsius
2377 4105 2675 4173 percutiam
2713 4101 2900 4156 dolore
2924 4142 2939 4167 ,
2991 4098 3332 4169 liquefaciam
3370 4097 3612 4151 vulneri-

2031 4198 2132 4251 bus
2157 4235 2173 4261 ,
2204 4210 2519 4251 consumam
2548 4193 2827 4249 vermibus
2863 4211 2877 4246 :
2914 4192 3142 4246 forsitan
3195 4192 3279 4245 his
3322 4189 3611 4264 doloribus

2031 4289 2388 4343 succumbens
2434 4288 2721 4343 maledicet
2750 4327 2766 4353 ,
2799 4285 3027 4342 forsitan
3063 4287 3203 4339 hanc
3231 4296 3447 4353 ptenam
3498 4296 3609 4335 non

2033 4378 2300 4435 suﬁcrens
2351 4379 2767 4448 blasphemabit.
2801 4377 3023 4432 Diversa
3070 4377 3213 4432 enim
3250 4375 3611 4429 immutantur

2034 4480 2297 4539 tempora,
2326 4471 2615 4539 aliquando
2647 4471 2784 4536 huc,
2823 4468 3112 4541 aliquando
3140 4478 3319 4521 autem
3352 4467 3480 4521 illuc
3504 4465 3610 4521 ﬁe-

2033 4572 2271 4616 ctuntur.
2300 4561 2490 4616 Merito
2516 4603 2531 4628 ,
2561 4561 2779 4630 inquit,
2823 4570 2908 4615 est
2938 4561 3099 4615 etiam
3126 4560 3256 4613 mihi
3283 4558 3459 4613 adhuc
3483 4572 3611 4627 spes

2034 4656 2296 4712 victorian
2335 4652 2459 4707 llaec
2492 4654 2671 4723 itaque
2698 4696 2714 4720 ,
2741 4665 2904 4724 atque
2952 4653 3039 4707 his
3079 4651 3278 4706 similia
3309 4651 3559 4721 cogitans
3589 4691 3606 4715 ,

2032 4757 2199 4815 atque
2231 4746 2368 4815 apud
2421 4747 2769 4816 semetipsum
2824 4754 3066 4799 tractans
3100 4741 3464 4811 nequissimus
3491 4740 3608 4794 dia-

2033 4843 2210 4906 bolus,
2248 4856 2440 4897 rursus
2477 4840 2807 4911 impudentia
2834 4840 3022 4904 utitur,
3055 4852 3243 4892 rursus
3289 4834 3610 4905 importuni-

347 4936 545 4992 denter
596 4938 768 4993 cecidi
813 4950 1033 5009 propter
1084 4943 1426 4997 tolerantiam
1471 4942 1611 5013 ejus.
1648 4939 1766 4996 Non
1789 4983 1804 5008 ,
1838 4942 1924 4997 in-
1958 4918 2001 4971 D
2036 4946 2203 4992 tatem
2234 4938 2616 5001 demonstrat,
2652 4949 2840 4989 rursus
2880 4943 3140 5002 tauquam
3184 4929 3335 4984 canis
3380 4927 3608 4983 rabidus

350 5029 508 5098 quit,
541 5038 625 5085 est
652 5032 783 5085 mihi
820 5030 1156 5102 fugiendum.
1190 5033 1307 5089 Non
1342 5037 1487 5091 enim
1533 5036 1801 5107 permittit
1832 5051 1924 5091 su-

351 5124 685 5193 perationem
716 5126 894 5180 virtus
922 5126 1037 5196 ipsa
1068 5142 1188 5197 qua:
1220 5144 1364 5184 nunc
1388 5138 1490 5195 est,
1519 5131 1612 5184 sed
1643 5129 1821 5183 adhuc
1842 5138 1924 5183 est

350 5214 485 5269 mihi
518 5217 1003 5288 congrediendum.
1036 5219 1225 5275 Timeo
1256 5222 1399 5275 enim
1442 5236 1508 5276 ne
1543 5235 1731 5276 rursus
1764 5222 1924 5275 terri-

351 5306 533 5364 biliter
564 5308 754 5362 cadam
780 5318 909 5364 ante
932 5324 1076 5365 eum.
1110 5310 1216 5365 Sed
1249 5311 1464 5366 interim
1500 5310 1636 5381 fugit
1663 5327 1785 5367 cum
1817 5327 1919 5367 non

351 5399 497 5453 valet
525 5407 581 5455 et
608 5401 860 5470 congredi
892 5417 998 5456 non
1031 5403 1230 5468 audet,
1274 5413 1326 5456 et
1357 5417 1672 5459 concertare
1711 5404 1925 5458 metuit.

355 5486 545 5544 Melius
591 5498 675 5546 cst
699 5531 715 5559 ,
768 5491 983 5557 inquit,
1014 5503 1075 5549 ut
1117 5495 1459 5564 congrediar,
1487 5508 1650 5564 quam
1684 5504 1811 5549 ante
1846 5510 1932 5550 sc-

355 5584 587 5639 cundam
639 5584 997 5642 luctationem
1058 5587 1484 5645 iudclibcranter
1540 5588 1781 5660 fugiam,
1839 5599 1932 5644 aut

421 5728 464 5758 ⁶⁰
489 5727 618 5785 Luc.
648 5743 722 5795 lx,
764 5728 849 5789 26.
956 5731 995 5761 ⁶¹
1027 5729 1125 5787 Job
1161 5750 1194 5801 ι,
1231 5733 1319 5795 22.

2033 5030 2086 5083 in
2119 5028 2376 5083 baculum
2402 5028 2559 5082 irruit
2579 5067 2594 5092 ,
2621 5042 2727 5082 non
2764 5025 3112 5081 considerans
3144 5022 3418 5093 propriam
3453 5020 3610 5089 deje-

2030 5122 2267 5176 ctionem
2295 5160 2313 5188 ,
2358 5135 2464 5175 non
2514 5119 2824 5185 intelligens
2873 5116 3146 5187 propriam
3177 5113 3605 5169 deformitatem.

2035 5218 2244 5271 Rursus
2281 5228 2407 5270 ante
2438 5216 2628 5271 faciem
2677 5216 2773 5270 Det
2802 5214 3132 5269 subintroire
3162 5210 3366 5269 audet.
3418 5223 3611 5264 rursus

2036 5305 2576 5378 irreprehensibilem
2604 5306 2750 5361 illum
2797 5305 2895 5361 Job
2924 5306 3321 5374 reprehendere
3348 5317 3455 5357 non
3485 5316 3606 5355 me-

2036 5399 2160 5465 tuit,
2188 5413 2303 5467 quo
2334 5398 2504 5467 magis
2534 5410 2632 5466 per
2678 5411 2859 5450 onuua
2906 5395 3167 5450 confusus
3215 5404 3376 5463 atque
3418 5391 3608 5447 convi-

2035 5501 2154 5546 ctus
2174 5491 2481 5548 exsisteret.
2511 5488 2638 5545 Haec
2655 5502 2885 5558 namque
2919 5489 3170 5542 universa
3199 5489 3606 5544 demonstrans,

2038 5598 2199 5665 atque
2249 5603 2684 5646 commemorans
2711 5629 2725 5656 ,
2777 5585 2905 5644 dicit
2937 5600 2951 5639 :
2989 5584 3059 5638 Et
3101 5583 3299 5653 factum
3328 5589 3404 5635 est
3451 5581 3612 5649 quasi
