3880 6212
314 308 428 364 449

1424 310 1812 368 ANONYMUS
1850 311 1919 366 IN
1956 310 2096 367 JOB.
2140 343 2206 352 -—
2242 307 2371 368 LIB.
2417 310 2481 367 ﬂ.

3480 318 3584 371 430

312 432 433 487 dies
470 431 565 484 illa
592 429 663 485 ".
706 428 835 498 Quze
864 430 1026 486 dies?
1079 429 1203 487 Dies
1240 433 1520 503 temporis,
1554 433 1670 489 dies
1698 449 1893 505 oppor—
1928 453 1975 510 Α
2005 442 2059 487 et
2084 433 2309 488 veniunt
2340 431 2517 503 angeli
2563 441 2690 487 ante
2719 431 2912 488 Deum.
2954 432 3132 487 Prima
3172 434 3293 491 vice
3317 448 3584 493 venerunt

312 522 593 578 tunitatis.
638 520 707 575 Et
758 521 959 591 factum
998 532 1074 577 est
1104 523 1260 593 quasi
1298 524 1412 579 dies
1444 524 1559 582 illa.
1597 526 1727 582 Dies
1756 526 1893 581 tole-

312 614 511 669 rantia:
536 654 551 679 ,
605 613 722 670 dies
767 617 1255 672 consummationis
1283 657 1297 682 ,
1345 618 1462 673 dies
1497 618 1898 688 adimpletionis

312 705 511 770 prima
539 704 785 759 victoria!
808 704 930 760 Job.
968 705 1037 761 Et
1088 706 1290 772 factum
1329 719 1408 761 est
1439 710 1589 779 quasi
1632 711 1744 765 dies
1778 713 1891 768 illa.

314 796 447 851 Dies
479 797 532 850 in
563 812 666 865 qua
703 798 950 853 diabolus
994 798 1229 863 cecidit,
1284 798 1386 854 Job
1432 814 1562 854 vero
1605 804 1842 857 surrexit
1879 826 1892 861 :

313 888 434 943 dies
467 889 518 943 in
547 904 652 959 qua
686 890 930 946 diabolus
974 892 1290 947 humiliatus
1322 900 1438 959 est,
1467 891 1569 949 Job
1593 909 1723 948 vero
1753 896 1897 949 exal-

315 990 464 1035 tatus
491 989 574 1035 est
606 999 620 1036 :
658 981 774 1035 dies
808 982 862 1035 in
896 998 1001 1053 qua
1035 983 1282 1039 diabolus
1327 986 1584 1041 confusus
1620 996 1740 1052 est,
1792 987 1892 1042 Job

309 1088 446 1128 vero
473 1082 766 1129 coronatus
793 1083 898 1129 est.
928 1074 995 1128 Et
1037 1075 1238 1145 factum
1270 1088 1346 1131 est
1369 1080 1519 1147 quasi
1542 1079 1655 1133 dies
1689 1079 1805 1134 illa.
1833 1080 1889 1134 In

307 1179 421 1235 qua
456 1166 757 1220 redivivum
789 1166 1055 1237 judicium
1103 1168 1244 1223 inter
1272 1167 1373 1226 Job
1407 1180 1462 1226 et
1510 1171 1780 1226 diabolum
1811 1183 1893 1227 est

308 1256 555 1310 auditum
586 1299 601 1323 ,
653 1256 707 1311 in
739 1273 842 1328 qua
895 1260 1151 1313 redivivm
1182 1275 1396 1317 coronae
1440 1260 1541 1319 Job
1577 1266 1645 1318 ab
1684 1266 1893 1335 angelis

308 1357 512 1417 aptatae
539 1388 555 1408 .
590 1359 751 1417 atque
783 1361 1119 1404 consecrata
1149 1363 1296 1407 sunt.
1327 1352 1551 1408 Factum
1577 1396 1591 1419 ,
1626 1356 1843 1425 inquam
1873 1398 1888 1423 ,

306 1446 390 1491 est
414 1477 431 1501 ,
459 1439 615 1506 quasi
648 1439 760 1492 dies
794 1440 891 1493 illa
918 1481 933 1505 ,
966 1442 1162 1497 similis
1203 1444 1250 1498 ei
1294 1445 1360 1498 de
1393 1460 1498 1514 qua
1532 1448 1782 1515 superius
1810 1448 1891 1501 di-

307 1537 457 1581 ctum
486 1540 589 1592 est,
620 1530 686 1584 de
711 1546 816 1599 qua
844 1531 957 1601 jam
989 1535 1242 1601 superius
1266 1536 1497 1603 plurima
1534 1538 1788 1592 diximus.
1822 1538 1888 1592 Et

308 1621 513 1688 factum
538 1630 614 1674 est
638 1624 790 1692 quasi
836 1625 948 1679 dies
972 1625 1067 1679 illa
1092 1666 1107 1689 ,
1142 1635 1189 1681 et
1226 1639 1471 1682 venerunt
1506 1631 1679 1701 angeli
1710 1630 1801 1684 Dei
1832 1642 1887 1685 ut

305 1725 509 1768 starent
537 1725 658 1770 ante
685 1716 966 1771 Dominum
1013 1729 1061 1773 et
1090 1720 1334 1774 diabolus
1370 1722 1507 1776 venit
1529 1740 1646 1776 cum
1676 1723 1785 1776 illis
1830 1736 1885 1777 ut

2002 535 2058 579 ut
2083 524 2562 596 justificationlbus
2587 524 2689 580 Job
2720 534 3108 581 attestarentur
3148 535 3205 581 et
3232 526 3354 582 ﬁdei
3382 542 3445 582 ac
3473 527 3583 598 pie-

2000 621 2097 672 tati
2129 618 2249 687 ejus
2276 658 2290 683 ,
2322 618 2417 673 sed
2452 627 2576 671 tunc
2604 631 2739 671 sane
2786 616 2915 671 solis
2961 617 3450 687 justiticationibus
3481 619 3583 675 Job

1998 710 2234 765 attestati
2267 718 2412 765 sunt.
2467 709 2621 765 Nunc
2663 724 2794 765 vero
2842 710 3075 764 secunda
3129 712 3245 766 vice
3296 713 3580 768 venientes

1997 809 2123 856 ante
2160 800 2351 866 Deum,
2380 814 2485 854 non
2516 801 2647 855 solis
2676 802 3157 872 justifieationibus
3191 803 3309 873 ejus
3342 813 3469 859 sunt
3494 812 3581 857 at-

1997 894 2198 955 testati,
2238 893 2331 946 sed
2357 902 2411 946 et
2443 891 2741 947 tolerantiae
2765 904 2817 948 et
2843 893 3343 960 justiﬁeationibus,
3373 899 3582 963 patien-

1998 984 2086 1038 tire
2117 997 2329 1052 quoque
2353 1022 2369 1046 ,
2403 998 2467 1037 ac
2492 985 2812 1038 constantiae
2834 1026 2849 1048 ,
2885 994 3047 1054 atque
3077 984 3382 1041 dilectionis
3414 1002 3578 1055 quam

1994 1090 2121 1145 erga
2152 1074 2323 1130 Deum
2352 1075 2542 1129 habuit
2576 1075 2919 1146 plenitudini.
2971 1077 3095 1131 Istis
3133 1093 3368 1148 namque
3399 1079 3579 1133 omni-

1993 1168 2097 1221 bus
2134 1177 2453 1222 attestantes
2501 1167 2720 1237 glortosi
2766 1168 2942 1239 angeli
2975 1210 2989 1233 ,
3037 1183 3248 1223 necnon
3291 1180 3344 1223 et
3376 1170 3577 1225 diaboli

1995 1260 2288 1328 nequitiam
2326 1269 2648 1314 accusantes
2685 1270 2847 1329 atque
2880 1263 3198 1317 mendacem
3249 1261 3397 1315 illum
3425 1277 3576 1317 com-

1992 1352 2304 1420 probantes,
2338 1358 2594 1404 venerunt
2629 1361 2757 1405 ante
2786 1351 2976 1417 Deum,
3003 1369 3124 1407 cum
3160 1353 3355 1422 quibus
3376 1363 3431 1408 et
3458 1354 3575 1408 dia-

1994 1441 2147 1495 bolus
2177 1439 2343 1493 venit.
2380 1440 2539 1495 Venit
2573 1441 2925 1497 nihilominus
2954 1458 3059 1497 non
3087 1442 3226 1498 facie
3253 1445 3320 1498 ad
3356 1443 3571 1509 faciem,

1991 1536 2086 1590 sed
2116 1536 2361 1591 consiliis
2405 1545 2461 1591 et
2494 1536 2915 1607 cogitationibus
2942 1578 2956 1601 ,
2989 1526 3238 1591 sensibus
3269 1547 3435 1608 atque
3465 1547 3575 1592 tra-

1990 1626 2314 1683 ctationibus
2342 1670 2357 1693 ,
2389 1627 2673 1682 desideriis
2704 1644 2767 1681 ac
2795 1628 3278 1683 deliberationibus
3315 1632 3459 1684 sicut
3486 1646 3575 1685 su-

1991 1718 2172 1787 perius
2203 1734 2299 1788 per
2322 1720 2554 1788 plurima
2596 1723 3026 1775 demonstratum
3063 1730 3169 1775 est.
3222 1720 3370 1788 Quas
3418 1724 3571 1791 cogi-

303 1816 471 1859 starel
499 1817 618 1860 ante
648 1805 1000 1863 Dominum".
1030 1810 1309 1865 Venerunt
1330 1812 1530 1883 angeli,
1552 1814 1745 1869 nonde
1771 1814 1890 1870 loco
1921 1809 1963 1863 B
1995 1809 2226 1862 taliones
2254 1825 2376 1864 cum
2410 1812 2615 1866 videret
2646 1812 2787 1867 Deus
2810 1852 2826 1875 ,
2876 1812 3153 1882 respondit
3185 1812 3257 1866 illi
3282 1853 3297 1878 ,
3327 1813 3516 1868 dicens
3552 1831 3567 1867 :

304 1900 361 1950 ιη
399 1898 575 1952 locum
630 1900 873 1954 translati
902 1940 918 1965 ,
968 1915 1073 1957 non
1120 1902 1188 1958 de
1216 1905 1439 1975 regione
1493 1907 1558 1960 ad
1608 1908 1883 1977 regionem

312 2000 676 2059 transeuntes,
707 2008 814 2046 non
846 1994 912 2048 de
942 1996 1218 2063 provincia
1250 1998 1315 2052 ad
1350 1999 1683 2067 provinciam
1738 2016 1888 2055 com-

304 2094 571 2147 meantes,
602 2085 693 2138 sed
719 2093 845 2139 ante
885 2086 1171 2142 Dominum
1213 2089 1420 2161 jugiter
1454 2105 1883 2162 perseverantes.

302 2171 442 2226 Nam
488 2175 531 2229 si
579 2185 637 2229 ut
677 2176 837 2246 justis
865 2178 958 2234 lux
1002 2195 1239 2251 semper,
1276 2184 1348 2237 ita
1381 2184 1550 2239 facies
1583 2185 1674 2241 Dei
1727 2201 1888 2257 super

296 2268 495 2333 justos-
526 2283 762 2339 semper,
796 2270 869 2326 ita
900 2282 1025 2327 ante
1055 2272 1223 2329 Deum
1269 2276 1402 2346 justi
1445 2293 1683 2347 semper,
1714 2280 1887 2335 multo

304 2358 479 2427 magis
506 2358 725 2429 gloriosi
754 2370 919 2431 atque
947 2367 1121 2419 sancti
1154 2367 1329 2436 angeli
1353 2407 1367 2431 ,
1401 2369 1493 2437 qui
1520 2370 1888 2425 indesinenter

301 2463 369 2503 ac
402 2460 662 2520 perpetue
708 2467 1032 2523 permanent
1069 2468 1199 2513 ante
1252 2460 1417 2514 Deum
1467 2461 1520 2516 in
1560 2463 1748 2531 gloria.
1786 2464 1887 2519 Ve-

300 2539 425 2594 nire
449 2551 631 2629 autem
682 2545 939 2600 dicuntur
963 2548 1049 2602 vel
1083 2548 1161 2604 ire
1187 2593 1201 2617 ,
1238 2565 1359 2605 cum
1411 2553 1477 2607 ad
1526 2555 1885 2610 ministerium

304 2632 508 2689 fuerint
537 2637 721 2704 missi,
758 2654 884 2694 cum
923 2641 1222 2711 legationes
1271 2643 1689 2714 adimpleverint
1712 2689 1726 2713 ,
1760 2664 1882 2703 cum

300 2726 556 2781 mandata
590 2729 937 2797 perfecerint,
964 2749 1085 2787 eum
1118 2744 1338 2803 propter
1372 2750 1466 2791 eos
1495 2738 1585 2807 qui
1618 2740 1886 2809 patienter

300 2817 665 2874 sustinuerint
692 2860 707 2886 ,
738 2820 908 2876 Deum
943 2825 1409 2894 magnillcaverint
1432 2867 1447 2893 ,
1496 2845 1617 2884 cum
1648 2843 1874 2900 propter

296 2924 396 2963 eos
428 2910 521 2979 qui
565 2910 795 2965 salutem
846 2913 1239 2983 adipiscuntur,
1283 2915 1451 2972 Deum
1500 2918 1882 2988 laudaverint,

307 3003 527 3067 quando
556 3018 654 3072 pro
695 3003 949 3074 perfectis
994 3006 1203 3061 caelesti
1240 3008 1466 3065 Domino
1491 3012 1725 3067 confessi
1766 3012 1883 3069 fue-

301 3094 427 3156 rint,
444 3095 659 3163 quando
673 3109 770 3164 pro
795 3098 1121 3152 omnimodis
1142 3098 1233 3152 Dei
1257 3100 1531 3156 miraculis
1548 3113 1752 3157 aeterno
1773 3105 1881 3173 regi

309 3188 687 3242 indesinenter
715 3190 919 3258 gratias
953 3191 1179 3259 egerint.
1197 3192 1263 3246 Et
1298 3193 1462 3249 nolite
1487 3196 1886 3264 mirari,oami-

301 3279 375 3346 ci,
402 3279 546 3348 quod
576 3279 754 3349 angeli
786 3281 975 3335 venire
1004 3283 1083 3337 vel
1116 3282 1194 3338 ire
1221 3286 1495 3352 dicuntur,
1525 3287 1651 3356 quia
1682 3287 1888 3356 majora

301 3381 466 3439 atque
512 3368 779 3426 mirabilia
818 3374 1052 3429 audituri
1110 3377 1260 3431 estis.
1304 3376 1440 3432 Nam
1471 3387 1525 3432 et
1554 3378 1668 3449 ipse
1702 3380 1841 3436 Deus
1865 3422 1881 3446 .

301 3462 389 3529 qui
422 3470 507 3515 est
532 3462 845 3532 angelorum
879 3476 1042 3536 atque
1070 3469 1312 3522 omnium
1368 3469 1657 3539 spirituum
1704 3483 1884 3527 rector

301 3560 354 3604 et
402 3552 672 3616 conditor,
723 3556 909 3610 venire
960 3566 1015 3611 et
1062 3558 1141 3612 ire
1186 3558 1405 3624 dicitur,
1452 3559 1781 3616 descendere
1830 3572 1883 3617 et

301 3647 614 3707 ascendere,
632 3647 820 3700 sedere
838 3656 892 3701 et
910 3662 1149 3717 surgere,
1168 3649 1405 3705 dormire
1423 3659 1476 3705 et
1500 3666 1528 3703 a
1554 3666 1745 3705 somno
1769 3667 1882 3707 sur-

300 3748 447 3801 gere,
480 3745 533 3788 et
580 3736 724 3805 quod
768 3747 850 3791 est
876 3740 1126 3793 onmibus
1155 3742 1479 3810 stupendum
1513 3728 1707 3811 magis,
1741 3745 1875 3798 dici-

301 3833 389 3877 tur
434 3836 690 3896 tanquam
751 3839 942 3898 potens
982 3830 1295 3899 crapulatus
1348 3833 1533 3888 avino
1567 3851 1581 3887 :
1615 3834 1878 3905 Exsurge,

299 3935 461 3987 quare
501 3920 791 3987 obdormis,
820 3921 1041 3976 Domine
1062 3924 1089 3976 ἔ)
1116 3923 1359 3994 Exsurge
1400 3935 1447 3979 et
1480 3942 1541 3980 ne
1570 3928 1790 3997 repellas
1824 3930 1882 3982 in

302 4010 455 4078 ﬁnem
481 4009 548 4065 “.
575 4008 647 4065 Et
675 4014 961 4067 suscitatus
996 4024 1070 4067 est
1119 4024 1372 4085 tanquam
1401 4017 1664 4072 dormiens
1698 4019 1851 4074 Domi
1862 4049 1879 4060 -

300 4114 418 4158 nus,
446 4107 697 4163 tanquam
722 4113 904 4171 potens
933 4104 1241 4168 crapulatus
1265 4124 1297 4159 a
1319 4108 1436 4161 vino
1459 4105 1528 4160 “.
1571 4109 1632 4163 lit
1663 4111 1879 4164 descen-

299 4193 377 4247 dit
404 4192 659 4250 Dominus
688 4205 743 4251 et
768 4195 979 4250 locutus
1006 4207 1088 4251 est
1122 4213 1247 4252 cum
1288 4198 1493 4270 Moyse.
1533 4198 1599 4252 Et
1632 4203 1875 4257 ascendit

301 4285 441 4340 Deus
473 4296 761 4356 postquam
796 4288 1008 4343 locutus
1064 4299 1148 4343 est
1194 4292 1259 4345 ad
1310 4291 1628 4357 Abraham,
1665 4301 1718 4348 et
1771 4294 1874 4349 alia

302 4374 581 4431 innumera
630 4378 715 4432 his
763 4379 961 4433 similia
1014 4381 1080 4435 de
1132 4382 1241 4436 Deo
1287 4384 1344 4436 in
1395 4382 1675 4454 Scriptura
1719 4402 1875 4455 repe-

301 4468 517 4523 riuntur
550 4468 719 4526 fuisse
755 4472 918 4527 dicta.
952 4472 1009 4527 Si
1035 4488 1164 4541 ergo
1194 4474 1484 4530 immobilis
1530 4486 1581 4531 et
1612 4478 1879 4532 inexcita~
1910 4503 1957 4557 ο

302 4560 422 4614 bilis
446 4569 501 4616 et
527 4562 920 4634 inemigrabilis
960 4576 1127 4635 atque
1170 4566 1403 4637 simplex
1431 4568 1483 4622 in
1509 4569 1700 4625 iisdem
1729 4585 1874 4624 sem-

300 4665 394 4720 per
420 4650 622 4722 jugtter
662 4670 985 4723 permanens
1034 4658 1176 4711 Deus
1208 4658 1322 4712 hac
1374 4659 1621 4713 universa
1653 4660 1872 4719 dicitur,

300 4754 352 4795 et
390 4744 473 4797 ire
505 4752 559 4798 et
587 4744 791 4811 venire,
837 4744 1016 4813 Venit,
1050 4748 1245 4816 inquit,
1276 4747 1416 4801 Deus
1455 4753 1523 4800 ad
1555 4747 1778 4801 Balaam
1804 4750 1879 4812 °°,

299 4844 353 4889 et
384 4836 576 4890 sedere
605 4847 662 4892 et
692 4852 917 4907 surgere
946 4853 963 4892 :
994 4839 1125 4908 quid
1175 4853 1431 4908 magnum
1466 4840 1511 4893 sl
1545 4840 1721 4910 angeli
1754 4839 1872 4907 ejus

299 4938 463 4996 atque
513 4930 900 4986 ministeriales
952 4932 1177 5001 spiritus
1224 4931 1437 4985 venisse
1478 4934 1545 4985 ad
1586 4932 1752 4986 Deum
1790 4931 1871 4985 di-

300 5031 495 5075 cuntur
517 5022 584 5077 ad
616 5023 1001 5093 increpandam
1034 5023 1330 5091 diabolum,
1371 5035 1533 5093 atque
1560 5038 1751 5079 omnes
1778 5024 1872 5093 qui

299 5123 593 5182 operantur
629 5116 959 5171 voluntatem
991 5115 1157 5181 illius,
1194 5127 1248 5169 et
1290 5118 1357 5171 ad
1404 5118 1709 5171 testandum
1744 5131 1875 5170 san-

300 5206 401 5261 ctis
439 5216 602 5274 atque
629 5208 1034 5265 sinceritatibus
1060 5224 1249 5264 eorum
1289 5252 1299 5272 ,
1327 5226 1461 5279 quas
1494 5211 1695 5264 habent
1723 5210 1870 5264 circa

305 5298 522 5352 Deum?
569 5302 651 5355 Ad
701 5301 1155 5369 magniﬁcandum
1206 5304 1446 5359 Deumin
1482 5302 1873 5358 misericordiis
1906 5319 1909 5324 '

300 5394 415 5464 ejus
444 5406 499 5448 et
533 5394 871 5451 bonitatibus
896 5397 1014 5467 ejus
1040 5441 1053 5464 ,
1087 5409 1252 5468 atque
1295 5399 1788 5468 longanimitatibus
1816 5410 1873 5453 et

304 5486 771 5553 iuvestigabilihus
824 5487 939 5554 ejus
994 5488 1272 5543 miraculis
1297 5529 1312 5554 ,
1349 5503 1467 5559 qua:
1503 5488 1873 5543 indesinenter

302 5579 534 5632 ostendit
561 5580 704 5633 circa
726 5594 896 5647 genus
926 5579 1270 5636 humanum?
1310 5580 1402 5637 Sic
1427 5595 1555 5652 ergo
1582 5590 1871 5645 venerunt,

357 5696 402 5726 ⁶²
425 5694 523 5749 Jo‘h
558 5712 617 5757 ll,
654 5696 704 5749 1.
807 5697 853 5729 ⁸³
888 5699 1016 5755 ibid.

307 5783 339 5831 I,
386 5768 437 5821 ὅ.
553 5769 595 5798 ⁶⁹
626 5767 723 5821 Jul)
752 5782 811 5835 tt,
837 5768 889 5822 2.

1097 5702 1138 5733 ⁸⁵
1181 5699 1321 5755 Psal.
1358 5716 1513 5762 thtt,
1543 5700 1633 5755 2'5.

1714 5700 1758 5731 ⁸⁵
1783 5697 1923 5755 Psal.
1940 5713 2144 5764 Lxxvtt,
2162 5696 2252 5752 65.

1996 1899 2146 1954 Unde
2174 1902 2336 1969 venis,
2366 1913 2421 1955 tu
2458 1904 2500 1936 °"
2521 1904 2549 1956 ’ἴ
2572 1904 2867 1973 Respondit
2891 1904 3240 1959 nihilominus
3272 1921 3379 1960 non
3412 1905 3577 1960 labiis

1990 1990 2220 2060 loquens
2251 2033 2266 2057 ,
2313 2009 2413 2047 nec
2465 1995 2629 2048 verba
2664 1997 3023 2063 depromens,
3076 2009 3249 2065 neque
3298 1997 3569 2066 colloquio

1990 2100 2089 2138 suo
2114 2084 2374 2153 injustttm
2408 2087 2554 2141 illum
2588 2089 2805 2158 dignum
2839 2088 3064 2155 faciens,
3100 2089 3193 2142 sed
3215 2102 3312 2142 nec
3347 2090 3569 2144 omnino

1989 2177 2041 2229 in
2070 2179 2355 2247 praesentia
2384 2195 2506 2234 eum
2556 2180 2885 2249 suscipiens.
2915 2180 3069 2247 {Nam
3104 2179 3191 2232 ille
3223 2183 3348 2247 quia
3377 2196 3406 2234 a
3440 2197 3570 2236 san-

1991 2268 2059 2322 tis
2094 2278 2434 2333 exsecratur,
2473 2279 2528 2323 et
2560 2270 2685 2324 odio
2733 2271 2969 2325 habetur
2996 2280 3162 2340 atque
3189 2271 3563 2337 conculcatur,

1988 2359 2042 2412 in
2077 2368 2373 2430 conspectu
2412 2360 2502 2415 Dei
2552 2376 2827 2431 nunquam
2863 2363 3065 2417 veniet.
3116 2356 3173 2417 Si
3222 2364 3366 2417 enim
3416 2365 3567 2431 impii

1990 2451 2070 2515 (ut
2098 2453 2348 2520 superius
2373 2451 2576 2506 dictum
2605 2452 2709 2516 est)
2745 2469 2848 2506 non
2872 2463 3162 2523 resurgent,
3193 2466 3356 2523 neque
3378 2470 3566 2523 pecca-

1988 2554 2124 2597 tores
2168 2544 2224 2596 in
2271 2544 2495 2598 concilio
2516 2544 2784 2613 justorum
2808 2544 2890 2600 “z
2921 2545 3090 2600 multo
3120 2547 3291 2617 magis
3317 2547 3561 2600 omnium

1990 2635 2327 2706 impietatum
2363 2638 2632 2706 provlsor,
2688 2647 2850 2705 atque
2900 2637 3065 2692 totius
3110 2637 3320 2706 peccati
3373 2647 3569 2691 auctor

1988 2729 2238 2785 diabolus
2282 2728 2337 2782 in
2381 2728 2668 2783 consilium
2717 2729 2957 2782 divinum
2990 2744 3097 2782 non
3144 2729 3350 2792 veniet,
3391 2743 3569 2797 neque

1988 2818 2182 2873 deiﬁco
2235 2818 2509 2888 colloquio
2562 2820 2758 2890 dignus
2816 2820 3128 2883 habebitur,
3172 2818 3329 2887 juxta
3382 2820 3567 2874 omnia

1986 2926 2105 2978 qua:
2135 2913 2185 2965 in
2221 2912 2588 2967 anterioribus
2618 2911 3238 2967 memoravimus.Venit
3263 2927 3396 2982 ergo
3435 2927 3570 2968 con-

1986 3003 2124 3058 siliis
2151 3014 2207 3057 ct
2238 3004 2661 3074 cogitationibus
2706 3015 2869 3073 atque
2898 3005 3183 3059 desideriis
3206 3044 3223 3070 ,
3256 3013 3312 3058 et
3354 3005 3567 3075 audivit

1988 3110 2092 3149 non
2124 3095 2451 3165 colloquium
2482 3138 2497 3160 ,
2530 3096 2624 3149 sed
2657 3095 3088 3164 increpationem
3117 3104 3281 3164 atque
3310 3094 3565 3164 objurga-

1991 3188 2191 3241 tionem
2224 3187 2682 3258 nequissimarum
2713 3186 3107 3256 cogitationum
3138 3195 3579 3256 suarum,atqae'

1989 3280 2308 3335 infestorum
2337 3280 2731 3334 desideriorum
2755 3294 2817 3333 ac
2839 3277 3293 3333 deliberationum
3318 3293 3568 3344 suarum,

1986 3386 2106 3440 quae
2147 3370 2529 3424 demonstrans
2582 3369 2711 3424 dicit
2759 3385 2776 3423 :
2833 3368 2899 3421 lt‘t
2939 3368 3257 3435 respondens
3310 3368 3575 3422 Dominus

1986 3463 2059 3514 ait
2089 3464 2158 3515 ad
2187 3460 2457 3515 diabolum
2481 3477 2499 3514 :
2537 3460 2683 3514 Unde
2711 3459 2877 3527 venis,
2909 3468 2968 3512 tu
3002 3458 3083 3512 “’1
3106 3457 3409 3525 lnterrogat
3435 3472 3569 3526 pra:-

1985 3553 2131 3608 scius
2157 3594 2173 3617 ,
2208 3564 2369 3622 atque
2399 3553 2659 3621 providus
2681 3591 2696 3615 ,
2725 3550 2817 3621 qui
2851 3564 3071 3604 omnem
3102 3550 3386 3604 scientiam
3429 3563 3569 3603 cun-

1983 3649 2087 3701 etis
2132 3655 2352 3715 praestat
2386 3644 2724 3710 hominibus,
2759 3644 3059 3713 interrogat
3112 3641 3354 3712 refugam
3381 3678 3400 3703 ,
3429 3655 3563 3708 apo-

1983 3747 2182 3793 statam
2204 3779 2218 3804 ,
2250 3737 2620 3793 adversarium
2648 3776 2664 3798 ,
2696 3736 3088 3805 nequissimum
3117 3773 3134 3798 ,
3164 3733 3444 3801 iniustum.
3476 3731 3566 3786 ln-

1984 3840 2221 3900 terrogat
2246 3839 2303 3882 ut
2336 3844 2402 3882 ex
2438 3842 2533 3882 ore
2567 3828 2710 3881 illius
2736 3870 2750 3893 ,
2785 3836 2950 3895 atque
2998 3840 3066 3880 ex
3100 3838 3364 3894 responso
3408 3823 3566 3880 illius

1981 3936 2103 3983 eum
2138 3929 2328 3988 arguat
2353 3929 2408 3973 et
2436 3919 2785 3983 condemnet,
2817 3927 2983 3986 atque
3004 3916 3296 3971 convincat
3323 3955 3339 3981 ,
3375 3924 3567 3985 utpote

1980 4014 2294 4069 mendacem
2322 4053 2337 4077 ,
2390 4023 2444 4067 et
2477 4009 2832 4078 malignitatis
2884 4009 3002 4063 zelo
3026 4049 3042 4075 ,
3072 4024 3137 4064 ac
3169 4009 3344 4064 livore
3390 4010 3566 4079 reple-

1983 4115 2115 4158 tum.
2146 4104 2302 4159 Unde
2324 4103 2480 4158 venis
2507 4143 2524 4169 ,
2556 4112 2609 4156 tu
2637 4102 2879 4171 dejecte,
2916 4100 3141 4156 confuse
3166 4144 3180 4168 ,
3232 4101 3513 4156 humiliate
3540 4100 3567 4154 ι

1983 4194 2141 4252 Unde
2174 4205 2228 4249 tu
2253 4195 2405 4249 venis
2425 4194 2629 4259 victus,
2652 4200 2961 4260 superatus,
2981 4192 3378 4247 conculcatus?
3411 4192 3565 4248 Unde

1981 4298 2035 4343 tu
2064 4288 2216 4343 venis
2248 4287 2342 4357 qui
2369 4287 2436 4341 de
2461 4285 2693 4341 excelsis
2739 4300 2798 4340 es
2845 4276 3102 4353 eapulsus
3128 4326 3144 4349 ,
3181 4294 3236 4340 et
3263 4300 3427 4354 super
3461 4295 3562 4339 ter-

1980 4396 2095 4435 ram
2145 4396 2204 4435 es
2253 4379 2650 4433 condemnatus
2676 4415 2691 4442 ,
2727 4376 2817 4445 qui
2868 4380 2935 4431 de
2965 4376 3119 4431 cmlis
3150 4392 3208 4430 es
3242 4380 3516 4445 projectus
3543 4414 3565 4439 τ

1981 4474 2123 4529 inter
2153 4472 2402 4527 homines
2442 4471 2724 4526 abdicatus
2754 4471 2779 4524 ?
2827 4470 2980 4525 Unde
3014 4479 3066 4525 tu
3097 4472 3251 4525 venis
3273 4508 3290 4536 ,
3318 4472 3409 4540 qni
3443 4480 3563 4539 post

1983 4565 2297 4635 iniquitates
2328 4562 2595 4626 festinas,
2645 4563 2735 4631 qui
2788 4571 2914 4631 post
2963 4561 3280 4631 injustitiam
3331 4561 3565 4616 curris?

1981 4666 2060 4720 Tu
2093 4665 2184 4735 qui
2217 4664 2511 4719 homiCidia
2542 4662 2750 4733 appetis
2776 4701 2791 4727 ,
2824 4672 2877 4716 tu
2913 4663 3005 4732 qui
3045 4661 3298 4718 adulterii
3332 4677 3392 4716 es
3416 4663 3565 4731 cupi-

1981 4770 2101 4833 dus,
2138 4778 2194 4822 tu
2227 4768 2324 4837 qui
2349 4766 2617 4835 sanguine
2662 4765 2889 4834 potaris,
2924 4765 3014 4835 qui
3046 4766 3287 4821 omnium
3320 4768 3563 4835 impieta-

1981 4882 2093 4924 tum
2145 4882 2308 4938 super
2352 4876 2554 4921 terram
2586 4880 2645 4919 es
2687 4864 2959 4933 provisor,
2993 4865 3233 4917 onmium
3289 4864 3561 4917 malorum

1980 4972 2124 5027 inter
2166 4968 2414 5023 homines
2459 4967 2731 5031 inventor,
2777 4966 2921 5021 unde
2974 4972 3029 5019 tu
3082 4964 3287 5019 venis?
3336 4962 3417 5018 Tu
3470 4964 3563 5032 qui

1982 5083 2195 5143 tempus
2224 5085 2328 5125 non
2362 5067 2528 5123 habes
2553 5109 2568 5135 ,
2611 5078 2668 5122 tu
2708 5068 2798 5137 qui
2828 5067 3068 5137 quietem
3101 5082 3207 5121 non
3236 5075 3519 5137 exspectas
3544 5104 3565 5131 ,

1982 5183 2038 5233 tu
2070 5173 2162 5246 qui
2195 5168 2586 5240 resumptionis
2612 5183 2819 5223 memor
2848 5184 2952 5222 non
2987 5182 3069 5232 es,
3107 5181 3283 5237 neque
3316 5168 3562 5237 requiem

1979 5290 2170 5347 speras
2201 5273 2385 5341 ,,unde
2424 5281 2479 5325 tu
2509 5270 2663 5325 venis
2689 5268 2716 5322 ἲ
2742 5268 3019 5324 Conﬁtere
3044 5310 3060 5337 ,
3090 5278 3146 5324 et
3175 5267 3284 5323 noli
3316 5281 3517 5339 negare
3545 5304 3570 5333 ,.

1979 5379 2226 5440 ostende,
2269 5382 2325 5431 et
2358 5372 2465 5428 noli
2493 5370 2691 5427 celare.
2725 5369 2831 5425 Sed
2866 5386 2974 5426 non
3006 5370 3286 5443 accipiens
3313 5370 3430 5425 baac
3472 5382 3563 5422 ne-

1982 5479 2281 5551 quissimus
2306 5516 2326 5543 ,
2353 5489 2454 5530 nec
2497 5471 2721 5527 omnino
2753 5471 2973 5526 audisse
3014 5484 3073 5525 se
3103 5470 3366 5525 simulans
3390 5508 3404 5533 ,
3459 5483 3565 5537 pro

1983 5580 2103 5634 aliis
2129 5576 2235 5631 alia
2264 5572 2542 5643 respondit
2572 5570 2796 5626 dicens:
2833 5568 3066 5623 Circuivi
3093 5584 3295 5623 omnem
3336 5576 3563 5630 terram,

2332 5692 2379 5725 °°
2408 5692 2566 5749 Num.
2605 5684 2817 5754 xstt,8.
2896 5687 2939 5719 ⁸⁷
2967 5684 3069 5743 Job
3100 5702 3161 5754 ll,
3202 5686 3259 5741 2.
3337 5684 3383 5717 ⁸⁸
3406 5676 3563 5741 Paci»
