3880 6212
346 310 445 364 451

1408 294 1796 355 ANONYMUS
1832 293 1903 350 IN
1942 292 2084 350 1οΒ.
2122 324 2192 333 ι-
2227 291 2362 348 LIB.
2405 290 2471 346 ll.

3499 289 3609 345 452

340 436 388 479 et
436 424 711 495 peragravi
758 430 1056 477 universum
1103 420 1279 473 orbem
1307 417 1399 488 qui
1426 415 1522 471 sub
1562 415 1689 469 cazlo
1730 422 1807 469 est
1847 413 1918 465 ⁷ο.
1948 417 1995 473 Α
2023 418 2143 479 post
2171 425 2199 462 a
2231 408 2334 465 Job
2383 422 2506 462 cum
2560 403 2893 461 confusione.
2929 404 3104 461 Adam
3156 404 3301 460 enim
3344 404 3473 461 olim
3517 417 3611 462 se.-

343 518 630 573 Subtiliter
678 517 861 586 ﬁngis,
888 532 922 571 ο
956 512 1329 569 infelicissime
1376 508 1591 565 diabole
1622 550 1637 573 ,
1668 506 1921 563 humilia-

342 609 545 664 tionent
586 619 731 662 tuam
767 607 905 674 tegis
934 645 948 668 ,
982 603 1383 658 deformitatem
1420 609 1565 654 tuam
1599 598 1881 653 reticescis
1904 637 1919 661 ,

340 699 714 756 confusionem
750 708 895 752 tuam
949 697 1172 750 minime
1217 694 1491 764 deprotnis
1520 732 1535 758 ,
1566 691 1710 762 quod
1740 705 1770 744 a
1806 689 1924 760 pul-

340 806 469 846 vere
491 790 660 845 fueris
685 798 992 857 superatus.
1029 786 1227 840 Lutum
1281 785 1424 840 enim
1454 792 1510 839 et
1550 794 1694 838 terra
1726 790 1781 836 et
1811 780 1922 851 pul-

340 881 425 935 vis
453 890 536 935 est
568 878 670 935 Job
703 889 925 949 propter
971 885 1245 932 terrenum
1280 890 1515 944 corpus,
1567 873 1660 927 sed
1702 873 1919 927 interim

342 981 589 1026 terrenus
628 985 695 1025 ac
724 970 901 1023 luteus
933 968 1235 1038 superavit,
1269 969 1468 1037 inquit,
1505 977 1578 1032 te,
1602 981 1634 1020 o
1661 965 1875 1020 diabole
1904 1006 1919 1029 ,

340 1059 430 1128 qui
464 1074 587 1113 cum
617 1058 692 1113 sis
720 1057 1150 1128 incorruptibilis
1177 1057 1421 1127 spiritus,
1455 1066 1714 1125 tanquam
1742 1055 1923 1125 fulgur

339 1154 406 1207 de
438 1151 583 1208 coelo
608 1151 852 1207 cecidisti
884 1150 1178 1221 projectus.
1225 1148 1438 1221 Corpus
1472 1149 1685 1205 scilicet
1712 1149 1919 1203 luteum

337 1244 622 1313 superavit
660 1242 924 1314 fulgorem
976 1243 1369 1313 incorruptum,
1407 1240 1656 1311 Spiritum
1702 1242 1920 1296 immoro

342 1332 503 1387 talem
555 1340 722 1402 atque
772 1333 1179 1401 incorporeum.
1210 1330 1361 1385 lianc
1386 1330 1597 1385 scilicet
1641 1328 1923 1385 confusio-

339 1438 462 1478 nem
493 1433 638 1477 tuam
688 1424 1020 1478 retieescens
1067 1438 1130 1477 ac
1157 1422 1588 1491 praetermittens
1609 1462 1623 1487 ,
1657 1436 1691 1477 ο
1724 1420 1922 1477 callide

337 1517 556 1572 diabole
580 1556 595 1583 ,
638 1517 892 1586 gloriaris
920 1533 983 1571 ac
1029 1517 1245 1586 plaudis
1278 1516 1422 1587 quod
1456 1526 1659 1571 terram
1686 1516 1919 1571 circuie-

338 1604 438 1671 ris,
466 1613 523 1659 et
545 1619 608 1659 ea
645 1620 765 1674 qua:
794 1608 894 1660 su'h
922 1606 1061 1661 caelo
1093 1617 1223 1663 sunt
1254 1608 1652 1677 peragraveris.
1687 1605 1795 1661 Sed
1821 1608 1921 1663 hoc

339 1696 391 1749 in
418 1699 710 1753 maximam
739 1698 1143 1753 deformitatem
1188 1710 1332 1754 tuatn
1365 1700 1504 1753 dicis
1540 1718 1554 1754 :
1594 1715 1717 1753 nam
1748 1700 1918 1771 gloria

2025 501 2252 566 duxisti,
2302 502 2396 555 sed
2426 498 2529 554 Job
2570 507 2693 568 post
2724 499 2827 555 hoc
2857 512 2964 553 non
3014 498 3398 569 supplantasti.
3430 499 3606 554 Adam

2024 595 2091 648 de
2118 592 2374 661 paradiso
2422 590 2709 645 eradicain
2738 631 2756 656 ,
2800 592 2894 645 sed
2923 589 3023 646 Job
3072 606 3103 645 a
3149 592 3447 646 sanctitate
3495 608 3605 647 non

2023 690 2287 746 avertisti.
2326 689 2483 745 Unde
2516 696 2570 741 tu
2602 688 2756 743 venis
2782 689 2849 742 de
2889 688 3123 743 excelsis
3152 689 3434 759 expulsus,
3456 699 3510 743 et
3539 688 3609 744 de

2024 782 2181 838 ccelis
2238 781 2504 852 dejectus,
2548 780 2615 835 de
2684 780 3001 851 angelorum
3056 780 3240 835 choris
3288 780 3610 850 projectus?

2024 874 2177 929 Unde
2204 874 2359 928 venis
2389 882 2443 925 tu
2479 871 2570 941 qui
2596 886 2758 940 super
2776 880 2986 926 terram
3038 870 3359 939 injustitiam
3398 872 3607 943 germi-

2024 969 2189 1034 nasti,
2218 968 2310 1037 qui
2360 967 2460 1022 sub
2500 967 2617 1021 sole
2647 968 2954 1037 impietates
2993 964 3391 1030 disseminasti,
3419 967 3512 1033 qui
3542 980 3607 1019 ea

2023 1073 2144 1128 quae
2163 1058 2265 1114 sub
2287 1059 2427 1113 ccelo
2460 1068 2588 1115 sunt
2627 1059 2877 1113 universa
2914 1056 3071 1111 malis
3133 1056 3397 1127 replesti?
3451 1054 3607 1113 Unde

2022 1152 2173 1206 venis
2231 1151 2329 1205 tu?
2382 1151 2461 1206 Tu
2492 1155 2585 1223 qui
2627 1166 2687 1205 es
2746 1151 2941 1205 mortis
2980 1158 3192 1213 auctor,
3225 1149 3609 1219 malorumque

2024 1243 2294 1312 inventor,
2322 1255 2487 1316 atque
2538 1245 2801 1300 malorum
2841 1243 3082 1299 omnium
3128 1243 3361 1309 initium,
3400 1243 3608 1313 iniqui-

2024 1334 2152 1387 tatis
2206 1348 2479 1404 operator,
2525 1346 2680 1404 pater
2734 1335 3027 1390 mendacii.
3091 1332 3267 1398 Unde,
3315 1333 3515 1402 inquit,
3548 1341 3607 1387 tu

2024 1427 2223 1481 venis?
2255 1426 2510 1492 Circuivi,
2540 1430 2731 1497 inquit,
2764 1444 2970 1482 omnem
3001 1436 3219 1489 terram,
3245 1436 3293 1480 et
3328 1426 3607 1495 peragravi

2022 1519 2266 1572 universa
2293 1536 2412 1589 qua:
2442 1521 2535 1574 sub
2569 1521 2694 1574 caelo
2715 1530 2861 1583 sunt,
2887 1528 2934 1574 et
2976 1535 3090 1573 ecce
3126 1519 3334 1573 adsum.
3375 1518 3606 1581 Adsum,

2024 1608 2221 1676 inquit,
2252 1610 2343 1677 qui
2380 1625 2485 1663 non
2514 1609 2813 1665 succumbo
2862 1623 3038 1679 neque
3067 1608 3349 1672 humilior,
3376 1609 3467 1678 qui
3499 1622 3606 1662 non

2023 1714 2315 1759 convertor
2367 1720 2541 1776 neque
2589 1706 2894 1770 satisfacio,
2940 1706 3033 1776 qui
3091 1705 3471 1776 paenitentiam
3497 1720 3605 1759 non

340 1798 429 1843 tua
478 1800 644 1859 atque
676 1790 842 1846 elatio
899 1790 1100 1847 referta
1152 1799 1235 1846 est
1288 1792 1432 1846 omni
1479 1792 1809 1861 dejectione.
1860 1793 1917 1847 Si
1953 1779 2256 1852 Bostendo
2293 1834 2313 1861 ,
2372 1799 2469 1852 sed
2530 1808 2784 1869 tanquam
2837 1798 2981 1853 vitiis
3034 1798 3328 1853 indomitus
3382 1806 3603 1867 praesto.

336 1882 483 1936 enim
515 1893 722 1938 tantum
760 1884 977 1953 potuisti
1025 1893 1084 1937 ut
1122 1898 1336 1938 omnem
1374 1893 1574 1939 terram
1600 1924 1615 1948 ,
1648 1894 1771 1954 post
1806 1886 1919 1940 haec

336 1990 528 2031 omnes
567 1986 813 2031 terrenos
842 2016 858 2040 ,
907 1986 1074 2046 atque
1128 1977 1449 2039 universos,
1500 1977 1589 2045 qui
1642 1977 1745 2032 sub
1778 1978 1919 2034 ctelo

335 2076 465 2119 sunt
494 2068 760 2123 circuires
790 2077 953 2137 atque
987 2083 1334 2139 pcragrares,
1363 2071 1465 2123 hoc
1490 2079 1594 2136 est,
1629 2070 1917 2125 conculca-

338 2172 424 2212 res
449 2168 614 2229 atque
640 2161 740 2214 sub
773 2168 824 2213 te
868 2159 1170 2228 subjiceres
1196 2204 1210 2225 ,
1255 2162 1525 2230 quomodo
1561 2176 1665 2216 non
1696 2162 1915 2230 potuisti

336 2250 427 2305 uni
462 2259 682 2307 terreno
708 2262 876 2322 atque
911 2253 1256 2322 corruptibili
1287 2252 1390 2308 Job
1417 2253 1766 2323 prtevalere?
1809 2254 1915 2309 Sed

332 2342 512 2397 omnis
536 2343 778 2412 potentia
804 2352 917 2411 tua,
946 2360 1011 2399 ac
1036 2346 1228 2408 virtus,
1265 2354 1429 2415 atque
1449 2346 1733 2415 praedones
1764 2360 1917 2401 exer-

333 2436 476 2491 citus
519 2437 591 2491 tui
622 2446 675 2492 et
696 2436 908 2507 gladius
938 2452 1126 2492 eorum
1164 2447 1219 2492 et
1253 2438 1489 2506 triplicia
1531 2438 1771 2508 equitum
1803 2449 1917 2494 tuo-

334 2546 452 2584 rum
478 2544 679 2585 cornua
707 2539 763 2587 et
797 2532 938 2602 ignis
969 2532 1060 2601 qui
1087 2532 1153 2586 de
1200 2531 1342 2587 caelo
1371 2532 1616 2598 cecidit,
1650 2543 1708 2587 ut
1732 2542 1788 2587 tu
1832 2534 1916 2589 di-

334 2622 460 2676 xisti
487 2660 504 2687 ,
551 2632 606 2676 et
631 2622 782 2676 venti
818 2623 910 2692 qui
942 2624 1010 2677 ab
1059 2638 1247 2677 eremo
1275 2631 1585 2689 venerunt,
1621 2624 1764 2693 quod
1797 2633 1915 2679 erat

336 2723 439 2767 tua:
470 2713 727 2783 nequitiae
758 2714 1048 2784 inspiratio
1070 2753 1085 2778 ,
1130 2714 1411 2779 universa,
1444 2714 1642 2783 inquit,
1670 2714 1783 2769 haec
1832 2716 1916 2769 in-

335 2808 490 2860 lirma
533 2822 597 2862 ac
629 2821 963 2876 supervacua
1002 2808 1331 2862 exstiterunt
1358 2821 1457 2877 per
1484 2806 1615 2876 justi
1646 2807 1748 2863 Job
1780 2808 1911 2864 tole-

334 2899 609 2965 rantiam,
659 2911 824 2970 atque
878 2913 976 2969 per
1034 2899 1334 2970 gratiarum
1382 2899 1628 2955 actiones
1682 2898 1910 2955 confusa

332 2997 509 3069 atque
524 3005 738 3047 eversa.
768 2990 897 3045 Post
922 3006 1043 3060 quae
1076 2991 1355 3056 universa,
1389 3007 1518 3057 non,
1550 2992 1748 3061 inquit,
1778 3002 1855 3056 te,
1880 3007 1914 3045 o

2023 1889 2339 1957 Mutaberis,
2396 1892 2590 1962 inquit,
2645 1907 2679 1945 ο
2708 1892 2944 1956 diabole,
2991 1892 3044 1947 in
3096 1891 3456 1947 dilectissimo
3485 1901 3604 1954 tuo,

2020 1982 2123 2037 hoc
2168 1992 2253 2038 est
2281 1983 2334 2036 in
2364 1985 2670 2053 temetipso.
2695 1983 2830 2037 Nam
2886 1998 3010 2039 cum
3058 1998 3165 2037 non
3192 1982 3460 2048 flecteris,
3505 1998 3607 2038 ne-

2020 2087 2126 2141 que
2184 2072 2501 2141 subjiceris,
2557 2088 2734 2141 neque
2784 2074 3171 2144 paenitentiam
3222 2075 3604 2139 demonstras,

2021 2163 2073 2217 in
2118 2164 2571 2218 irremediabiiem
2628 2164 2923 2220 inferorum
2959 2179 3176 2234 ptenam
3228 2165 3603 2235 demergeris,

2021 2254 2444 2325 inexstinguibili
2476 2255 2582 2323 igni
2615 2254 2877 2324 gehennae
2901 2254 3132 2308 traderis
3157 2263 3212 2308 et
3236 2262 3292 2307 tu
3320 2262 3379 2308 et
3408 2268 3606 2309 omnes

2018 2345 2109 2413 qui
2146 2353 2200 2401 te
2256 2348 2325 2401 ad
2356 2345 2731 2401 infidelitatem
2788 2354 3093 2416 sequuntur
3125 2362 3138 2399 :
3171 2354 3250 2413 tu,
3272 2346 3519 2416 inquam,
3549 2355 3607 2401 et

2016 2453 2209 2495 omnes
2254 2439 2345 2509 qui
2404 2454 2502 2509 per
2552 2447 2602 2493 te
2659 2438 2725 2492 ad
2775 2439 3111 2508 impietatem
3176 2438 3601 2506 persuadentur.

2015 2531 2245 2597 Adsum,
2286 2532 2485 2601 inquit,
2534 2531 2582 2586 is
2634 2532 2724 2600 qui
2789 2546 2895 2586 non
2933 2532 3007 2585 ita
3043 2540 3130 2586 est
3160 2531 3212 2586 in
3264 2531 3477 2587 factura
3502 2547 3603 2588 sua

2018 2622 2214 2690 factus,
2254 2623 2350 2679 sed
2393 2623 2446 2679 in
2494 2624 2757 2694 operibus
2788 2623 2861 2678 ita
2914 2624 3449 2695 detnonstratus,qui
3479 2640 3591 2680 non

2017 2717 2092 2770 ita
2121 2724 2209 2771 est
2258 2716 2437 2770 factus
2495 2724 2716 2780 natura,
2777 2716 2871 2771 sed
2928 2715 3100 2771 exivit
3141 2715 3444 2772 voluntate.
3481 2715 3600 2772 Non

2016 2806 2161 2861 enim
2213 2808 2267 2861 itt
2314 2805 2522 2861 factura
2556 2816 2785 2872 naturae,
2849 2808 2941 2863 sed
2995 2808 3049 2862 in
3081 2808 3373 2863 voluntatis
3402 2823 3604 2878 opera-~

2020 2899 2166 2954 tione
2211 2898 2462 2953 diabolus
2517 2908 2601 2954 est
2646 2899 2843 2954 factus.
2896 2900 3121 2963 Adsum,
3156 2900 3350 2968 inquit,
3399 2900 3447 2954 is
3504 2900 3600 2970 qui

2016 2991 2261 3060 peccatis
2296 2992 2631 3061 congaudeo,
2664 2991 2757 3059 qui
2798 2990 3165 3060 impietatibus
3183 2990 3351 3054 laetor,
3376 2992 3468 3061 qui
3496 2992 3602 3046 ini-

331 3082 544 3136 diahole
568 3123 583 3150 ,
623 3084 903 3154 interrogo
945 3099 1110 3152 quam
1156 3093 1357 3138 terram
1390 3084 1674 3139 circuieris
1697 3126 1712 3151 ,
1744 3095 1799 3139 et
1846 3099 1909 3140 ea
1937 3119 1981 3180 ϐ
2016 3084 2637 3155 quitatibusjucundor,
2665 3083 2755 3153 qui
2784 3082 2929 3136 omni
2973 3081 3233 3152 iniustitia
3264 3091 3318 3138 et
3341 3085 3602 3140 omnibus

329 3189 449 3243 qua:
478 3176 579 3231 sub
628 3176 767 3231 caelo
814 3186 942 3231 sunt
968 3178 1344 3246 peragraveris
1371 3217 1386 3243 ,
1416 3178 1484 3233 de
1528 3178 1644 3233 istis
1675 3193 1911 3249 namque

332 3268 672 3339 interrogare
701 3280 753 3324 le
782 3284 919 3340 opus
948 3286 1057 3324 non
1096 3270 1291 3325 habeo.
1326 3271 1453 3326 Scio
1486 3274 1629 3326 enim
1657 3274 1800 3341 quod
1828 3273 1912 3326 in-

329 3361 563 3416 cessanti
597 3360 835 3430 nequitia
864 3362 1237 3416 indesinenter
1264 3373 1459 3418 cuncta
1495 3378 1617 3433 qua
1647 3364 1747 3419 sub
1769 3363 1909 3419 caelo

330 3464 462 3508 sunt
495 3454 698 3509 circuis
721 3494 737 3521 ,
780 3464 836 3509 et
870 3455 1117 3525 pervolas
1143 3497 1160 3521 ,
1210 3467 1397 3528 utpote
1438 3474 1631 3513 aereus
1682 3459 1909 3530 spiritus

330 3545 559 3615 fulguris
592 3545 869 3601 velocitati
900 3547 1296 3603 consimilatus.
1328 3548 1443 3603 Non
1466 3589 1482 3613 ,
1514 3549 1731 3618 inquit,
1762 3557 1814 3605 te
1842 3549 1910 3605 de

329 3638 433 3692 hoc
465 3637 765 3705 interrogo,
810 3638 906 3693 sed
936 3639 1061 3699 hoc,
1086 3639 1232 3694 unde
1258 3640 1495 3704 veneris,
1528 3639 1614 3694 vel
1650 3656 1679 3694 a
1710 3639 1910 3711 quibus

328 3730 561 3783 veneris.
598 3729 680 3784 Ab
723 3728 1008 3783 inconfuso
1035 3728 1318 3794 confusus,
1352 3731 1421 3785 ab
1452 3730 1690 3785 exaltato
1730 3729 1911 3785 humi-

330 3818 493 3873 liatus
518 3858 533 3882 ,
568 3834 596 3872 a
627 3818 867 3889 glorioso
900 3833 995 3887 spe
1040 3834 1268 3874 vacuus.
1299 3820 1373 3874 De
1414 3820 1533 3876 istis
1554 3862 1571 3888 ,
1601 3821 1798 3889 inquit,
1827 3820 1910 3875 in-

330 3916 548 3979 terrogo
598 3920 764 3977 atque
809 3911 875 3962 de
908 3910 995 3964 his
1025 3924 1079 3965 te
1124 3912 1388 3966 admoneo
1414 3952 1431 3977 ,
1473 3929 1595 3968 cum
1622 3923 1735 3970 stes
1759 3914 1910 3969 velut

330 3999 506 4069 igneis
532 4000 735 4071 jaculis
765 4001 1099 4056 stimulatus.
1128 4002 1259 4068 Quis
1282 4004 1426 4059 enim
1457 4014 1541 4060 est
1574 4005 1747 4076 major
1768 4006 1908 4077 ignis

329 4091 544 4147 diabolo
574 4108 737 4161 quam
767 4093 878 4158 hic,
911 4102 1020 4147 uta
1051 4095 1259 4148 carnali
1293 4104 1347 4149 et
1378 4105 1594 4149 terreno
1617 4106 1910 4164 superetur

328 4194 490 4254 atque
533 4185 906 4251 conculcetur,
955 4202 1079 4240 cum
1114 4187 1185 4240 sit
1226 4187 1452 4256 spiritus
1500 4187 1908 4257 incorporeus?

328 4276 483 4332 Unde
510 4286 568 4331 tu
586 4277 759 4344 venis,
787 4278 1062 4342 seductor,
1091 4276 1397 4342 insidiator,
1428 4278 1740 4334 humiliatus
1763 4318 1778 4342 ,
1813 4280 1908 4333 de-

324 4368 518 4440 iectus,
547 4370 806 4425 confusus
830 4370 853 4423 ?
879 4368 1036 4425 Unde
1070 4378 1125 4422 ttt
1160 4369 1315 4424 venis
1340 4370 1363 4423 ?
1397 4369 1496 4424 Ubi
1531 4380 1615 4425 est
1643 4387 1905 4441 arrogan-

2021 3176 2378 3247 impudicitiis
2402 3186 2563 3243 atque
2593 3175 2847 3231 omnibus
2902 3175 3059 3229 malis
3081 3176 3340 3231 delector.
3363 3176 3598 3242 Adsum,

2020 3267 2214 3338 inquit,
2266 3267 2313 3321 is
2360 3266 2450 3337 qui
2494 3282 2643 3336 spem
2693 3282 2799 3321 non
2859 3267 3053 3333 habeo,
3110 3268 3198 3337 qui
3228 3268 3462 3324 salutem
3490 3285 3601 3324 nou

2017 3360 2423 3430 exspecto,rqui
2449 3359 2884 3415 misericordiam
2926 3375 3034 3415 non
3089 3360 3349 3421 sustineo,
3390 3363 3483 3430 qui
3512 3378 3603 3417 re-

2017 3448 2221 3519 frigerii
2247 3465 2353 3503 non
2380 3464 2501 3505 sum
2541 3464 2773 3505 memor.
2811 3449 3064 3515 Circuivi,
3094 3452 3297 3521 inquit,
3326 3463 3522 3508 terram
3548 3464 3602 3509 et

2014 3541 2287 3610 peragravt'
2310 3556 2446 3606 eam,
2470 3551 2519 3594 et
2542 3557 2603 3594 ea
2622 3558 2741 3611 quia
2764 3542 2861 3595 sub
2883 3543 3007 3596 caelo
3030 3555 3172 3611 sunt,
3189 3554 3235 3597 et
3253 3560 3368 3599 ecce
3382 3547 3603 3602 adsum.

2016 3630 2117 3686 Cui
2143 3639 2263 3701 post
2292 3640 2406 3687 haec
2443 3632 2622 3687 omnia
2647 3635 2978 3703 respondens
3015 3635 3156 3692 Deus
3178 3637 3310 3691 dicit
3344 3656 3358 3692 :
3394 3637 3513 3693 Non
3549 3647 3604 3694 te

2016 3726 2082 3781 de
2129 3726 2234 3781 hoc
2296 3726 2572 3797 interrogo
2605 3727 2841 3796 qualiter
2893 3738 3093 3783 terram
3134 3730 3442 3797 circuieris,
3493 3731 3604 3787 hoc

2015 3824 2100 3871 cst
2126 3831 2221 3871 eos
2242 3816 2333 3887 qui
2384 3826 2598 3871 terrena
2642 3818 2881 3887 sapiunt,
2908 3832 3083 3887 neque
3106 3820 3172 3874 de
3205 3819 3306 3874 hoc
3331 3823 3602 3889 quemad-

2016 3908 2233 3963 modum
2297 3924 2361 3963 ea
2415 3924 2533 3978 quae
2570 3912 2671 3964 sub
2722 3910 2861 3965 ccelo
2885 3921 3013 3966 sunt
3056 3913 3456 3981 peragraveris,
3492 3914 3603 3969 hoc

2015 4007 2099 4053 est
2152 4015 2246 4055 eos
2293 4001 2383 4068 qui
2435 4000 2680 4056 caelestia
2739 4018 2843 4057 non
2902 4004 3238 4068 desiderant,
3284 4006 3424 4059 sicut
3452 4014 3508 4060 et
3538 4016 3601 4060 tu

2015 4089 2150 4157 ipse,
2182 4091 2272 4158 qui
2301 4090 2438 4144 coelo
2466 4090 2663 4144 reverti
2714 4091 2856 4145 ultra
2888 4106 2994 4146 non
3043 4102 3219 4162 potes,
3279 4094 3374 4148 sed
3409 4096 3513 4149 hoc
3546 4106 3602 4150 te

2016 4181 2342 4252 interrogavi
2367 4192 2423 4236 et
2454 4182 2730 4252 interrogo
2765 4199 2778 4235 :
2817 4183 3251 4240 Animadvertisti
3273 4188 3343 4239 ad
3368 4204 3598 4254 puerum

2015 4290 2185 4327 meum
2228 4272 2330 4326 Job
2361 4274 2448 4327 7‘?
2497 4278 2576 4328 Ac
2633 4275 2677 4328 si
2718 4277 2963 4330 diceret:
2998 4278 3313 4333 intellexisti
3361 4280 3490 4348 quid
3523 4281 3599 4335 sit

2013 4362 2147 4419 Job?
2174 4363 2447 4419 Relaxasti
2474 4380 2694 4419 sensum
2731 4376 2880 4420 tuum
2915 4368 2981 4421 ad
3014 4369 3177 4423 eum?
3209 4370 3599 4439 Cognovistine

326 4462 400 4515 tia
426 4462 566 4516 tua?
594 4461 696 4517 Ubi
723 4471 808 4517 est
829 4462 991 4517 elatio
1023 4461 1048 4515 ‘I
1094 4460 1196 4516 Ubi
1237 4462 1662 4531 magniloquium
1700 4472 1849 4516 tuum
1883 4463 1906 4516 ?
1942 4488 1986 4544 υ
2016 4457 2187 4522 illum,
2237 4458 2319 4511 vel
2383 4459 2624 4527 probasti
2676 4459 3110 4517 indeclinabilem
3147 4461 3306 4517 (idem
3366 4463 3509 4530 ejus,
3538 4474 3595 4518 et

326 4550 427 4607 Ubi
464 4563 590 4609 sunt
626 4555 907 4608 mendacia
934 4563 1044 4618 tua,
1078 4554 1276 4623 quibus
1307 4553 1491 4607 dixisti
1517 4554 1659 4622 quod
1688 4570 1775 4609 me
1804 4554 1906 4610 Job

325 4655 545 4714 propter
589 4647 871 4717 pecuniam
905 4646 1157 4701 coleret?
1191 4646 1269 4700 Tu
1317 4645 1602 4701 facultates
1635 4647 1682 4701 ei
1722 4647 1907 4702 abstu-

326 4737 457 4800 listi,
486 4752 586 4807 ego
620 4754 751 4793 vero
782 4740 1078 4809 gratiarum
1120 4742 1363 4795 actiones
1395 4751 1561 4809 atque
1595 4740 1895 4795 confessio-

325 4843 447 4883 netn
478 4830 547 4881 ab
591 4843 656 4882 eo
705 4832 940 4899 suscepi.
974 4830 1111 4885 Nam
1157 4846 1279 4885 cum
1311 4841 1365 4885 tu
1393 4872 1407 4894 ,
1438 4832 1656 4902 inquit,
1684 4848 1899 4887 omnem

325 4917 686 4971 substantiam
741 4919 855 4985 ejus
903 4922 1195 4977 abstuleris
1252 4933 1309 4977 ut
1355 4941 1459 4979 non
1512 4925 1713 4978 habeat
1760 4924 1902 4979 unde

327 5006 456 5059 mihi
494 5008 704 5061 hostias
733 5008 966 5073 offerat,
998 5012 1156 5066 solita
1182 5015 1484 5082 gratiarum
1523 5016 1735 5069 actione
1768 5014 1899 5068 mihi

326 5096 588 5149 sacrificia
621 5097 865 5151 immolat
897 5113 964 5153 ex
994 5106 1193 5158 mundo
1229 5107 1393 5160 corde
1420 5116 1585 5176 atque
1618 5105 1902 5160 conscien-

328 5188 397 5239 tia
439 5203 591 5255 pura.
640 5187 794 5241 Unde
828 5190 977 5244 venis
1002 5202 1054 5243 ιιι
1083 5232 1097 5254 ,
1148 5210 1181 5248 o
1209 5196 1465 5250 diabole?
1504 5195 1618 5251 Non
1653 5212 1682 5249 a
1731 5195 1903 5265 paeni-

327 5278 493 5329 tentia
523 5316 537 5338 ,
572 5291 677 5330 non
709 5292 737 5329 a
767 5282 1120 5335 conversione
1146 5322 1161 5347 ,
1198 5300 1371 5355 neque
1400 5287 1467 5341 ab
1493 5290 1596 5343 hoc
1628 5289 1770 5356 quod
1806 5291 1901 5341 de-

326 5364 655 5420 formitatem
707 5376 851 5422 tuam
904 5370 1094 5426 videns
1152 5376 1526 5433 confundaris.
1581 5378 1672 5434 Sic
1720 5380 1901 5449 itaque

329 5458 603 5527 interrogo
632 5469 704 5524 te,
735 5460 1156 5531 malignissime,
1187 5468 1330 5523 unde
1366 5471 1568 5525 venias.
1608 5468 1723 5525 Non
1753 5471 1899 5525 enim

329 5550 483 5603 venis
506 5549 648 5603 sicut
674 5550 886 5619 pridem
921 5553 987 5606 ab
1021 5554 1185 5609 Adam
1206 5572 1327 5613 cutn
1356 5559 1603 5627 victoria,
1643 5560 1735 5617 sed
1758 5560 1900 5617 sicut

396 5722 441 5753 ⁷⁰
466 5723 570 5778 Job
602 5742 658 5792 tt,
683 5728 735 5780 Εὶ.
814 5730 853 5762 ⁷¹
892 5702 1018 5788 ibid.
1049 5734 1101 5792 5.

2014 4552 2340 4606 immobilem
2361 4552 2690 4618 firmitatem,
2717 4564 2769 4607 et
2796 4553 3161 4610 inviolabilem
3186 4554 3595 4622 fortitudinem,

2011 4656 2062 4699 et
2090 4643 2453 4699 inviolabilem
2477 4645 2734 4714 pietatem
2765 4656 2925 4716 atque
2955 4648 3368 4717 religiositatem
3403 4648 3549 4702 illius
3568 4651 3594 4702 ’ἐ

2010 4735 2447 4789 Animadvertisti
2472 4736 2556 4790 vel
2584 4737 2857 4791 intendisti
2888 4738 2955 4790 ad
2987 4754 3208 4806 puerum
3245 4755 3418 4791 meum
3448 4738 3594 4794 Job?

2011 4841 2075 4880 ac
2098 4828 2141 4880 si
2161 4827 2363 4881 diceret
2383 4844 2394 4878 :
2414 4824 2606 4881 Certus
2633 4841 2718 4891 es,
2746 4840 2779 4879 ο
2802 4826 3022 4881 inimice
3045 4826 3285 4880 omnium
3320 4826 3594 4880 bonorum

2009 4916 2245 4980 diabole,
2306 4924 2429 4972 uter
2490 4927 2737 4970 nostrum
2792 4916 3082 4971 veritatem
3126 4916 3347 4980 dixerit,
3392 4933 3497 4987 ego
3524 4932 3594 4971 an

2014 5019 2090 5074 tu,
2128 5016 2247 5063 uter
2296 5009 2501 5078 absque
2557 5008 2838 5064 mendacio
2882 5009 3095 5063 locutus
3133 5007 3321 5075 fuerit,
3360 5023 3464 5078 ego
3498 5009 3595 5078 qui

2010 5100 2058 5154 ei
2086 5100 2453 5154 testimonium
2509 5100 2782 5169 perhibui,
2811 5117 2879 5155 an
2915 5110 2970 5155 tu
2998 5101 3089 5170 qui
3137 5114 3263 5155 eum
3292 5100 3593 5154 accusasti.

2014 5192 2159 5248 Dicis
2188 5193 2333 5264 quod
2392 5203 2592 5248 terram
2618 5194 2922 5259 circuieris,
2977 5205 3035 5248 et
3062 5209 3123 5247 ea
3161 5209 3281 5262 qua:
3308 5193 3408 5248 sub
3446 5194 3595 5247 caelo

2009 5294 2136 5339 sunt
2165 5287 2560 5355 peragraveris,
2600 5286 2846 5357 reperisti
2879 5286 3112 5340 similem
3147 5285 3294 5341 Job?
3324 5285 3597 5341 Vidistine

2008 5378 2270 5446 tequalent
2332 5377 2453 5431 illi?
2507 5379 2587 5433 0b
2646 5378 2771 5444 hoc,
2808 5378 3001 5447 inquit,
3034 5388 3085 5431 te
3141 5380 3416 5447 interrogo
3440 5379 3596 5433 unde

2012 5469 2243 5536 veneris,
2270 5468 2355 5523 vel
2383 5468 2524 5523 unde
2556 5470 2765 5533 venias,
2818 5477 2878 5521 ut
2926 5468 3212 5523 ostendam
3246 5466 3349 5523 Job
3386 5468 3596 5524 sancti-

2008 5568 2172 5616 tatem
2234 5576 2298 5617 ae
2334 5566 2607 5630 meritum,
2677 5560 2993 5630 patientiam
3047 5572 3264 5633 quoque
3329 5577 3391 5617 ac
3417 5562 3595 5621 victo-
