3884 6218
294 324 401 377 455

1388 316 1774 375 ANONYMUS
1811 316 1878 371 IN
1919 316 2062 371 JOB.
2098 345 2165 357 -η
2206 314 2335 371 LIB.
2378 315 2444 371 ΙΙ.

3443 316 3547 371 45!-

292 448 453 509 riam,
484 442 708 512 gloriam
769 440 1121 497 nihilominus
1171 452 1333 512 atque
1382 458 1663 511 coronam,
1727 454 1871 499 tuam
1906 452 1951 506 Α
1981 442 2266 497 tolerantia
2290 456 2355 496 ac
2374 440 2586 497 devotis
2602 440 2901 511 gratiarum
2931 439 3239 494 actionibus
3267 442 3545 509 superavit

292 552 424 590 vero
478 537 855 607 dejectionem,
906 546 962 590 et
992 535 1445 601 humiliationem,
1494 539 1863 593 confusionem

291 645 509 698 quoque
569 638 731 697 atque
795 627 1177 697 perditionem.
1229 628 1548 697 Quanquam
1616 631 1761 684 enim
1807 642 1863 685 tu

293 736 479 790 neges,
534 720 626 775 sed
689 736 790 789 ego
836 726 1135 778 ostendam.
1172 721 1430 789 Quamvis
1480 732 1533 777 tu
1586 738 1691 777 non
1738 738 1867 777 ron-

293 814 520 875 litearis,
574 814 667 866 sed
720 828 820 883 ego
870 828 974 868 non
1021 815 1180 869 sileo.
1226 813 1451 869 Terram
1511 815 1658 868 enim
1690 825 1740 868 te
1763 815 1869 867 cir-

286 904 469 957 cuisse
499 903 654 969 dicis,
690 904 1046 971 perditionem
1080 915 1224 957 tuam
1248 920 1379 959 vero
1432 920 1537 958 non
1564 905 1857 973 depromis.

288 992 432 1061 Cum
469 980 758 1047 abscondis
801 1004 945 1047 tuam
984 992 1362 1062 dejectionem,
1400 1010 1630 1051 coronas
1653 995 1754 1052 Job
1778 995 1863 1050 fu-

290 1084 454 1137 raris.
494 1084 784 1152 Respexisti
844 1086 911 1137 ad
961 1102 1181 1153 puerum
1215 1104 1386 1141 meum
1407 1087 1528 1153 Job,
1564 1088 1656 1158 qui
1705 1097 1868 1158 caput

264 1188 445 1230 -tuum
473 1178 831 1240 t-onculcavit,
866 1179 959 1248 qui
987 1178 1288 1233 bumiliavit
1318 1180 1659 1236 altitudinem
1695 1190 1863 1245 tuam,

286 1271 384 1337 qui
426 1266 938 1336 drjecitelationem
973 1271 1157 1324 tuam?
1206 1270 1491 1335 Gloriaris,
1523 1273 1722 1341 inquit,
1767 1289 1865 1327 ne-

292 1360 556 1427 quissime
585 1359 802 1423 Satana,
828 1362 971 1429 quod
1004 1370 1202 1415 terram
1230 1362 1538 1430 circuieris,
1571 1372 1624 1417 et
1656 1379 1720 1417 ea
1746 1378 1866 1433 quae

292 1456 394 1507 sub
425 1451 562 1506 caelo
596 1462 721 1505 sunt
750 1454 1121 1523 peragraveris
1162 1471 1178 1507 :
1206 1454 1300 1507 sed
1345 1455 1485 1509 mala
1512 1466 1595 1511 est
1618 1456 1732 1511 haec
1756 1456 1868 1525 glo-

294 1546 455 1599 riatio
488 1554 576 1598 tua
604 1554 766 1612 atque
788 1546 990 1599 inutilis
1016 1547 1200 1601 elatio.
1227 1549 1306 1601 Ad
1367 1548 1568 1601 malum
1594 1550 1738 1603 enim
1761 1550 1869 1603 cir-

294 1637 456 1690 cuisti
517 1648 739 1700 terram,
787 1647 840 1691 et
888 1638 953 1691 ad
997 1638 1317 1708 injustitiam
1366 1654 1627 1709 peragras
1658 1656 1719 1694 ea
1751 1657 1867 1709 qua:

293 1729 395 1785 sub
418 1730 555 1786 caelo
604 1741 747 1785 sunt.
783 1732 1038 1788 Pervolas
1057 1735 1200 1788 enim
1254 1734 1473 1804 pelagus
1506 1745 1561 1790 et
1604 1750 1781 1790 aerem
1812 1747 1867 1790 et

292 1830 549 1889 penetras
578 1836 768 1877 omnes
797 1835 1006 1892 gentes,
1039 1823 1344 1891 provincias
1403 1837 1463 1877 ac
1509 1823 1779 1893 regiones,
1810 1833 1866 1876 ut

296 1911 557 1980 plurimos
616 1914 753 1970 filios
824 1916 1085 1985 gcheunte
1152 1916 1341 1979 facias,
1411 1924 1468 1969 ιιι
1522 1916 1704 1984 plures
1764 1926 1868 1971 tua:

289 2017 469 2073 poena:
502 2004 707 2061 ellicias
743 2008 1053 2077 participes.
1102 2007 1250 2062 Sicut
1281 2008 1425 2063 enim
1458 2009 1609 2062 canis
1637 2008 1859 2063 rabidus

296 2096 411 2150 vias
436 2111 497 2150 ac
532 2098 793 2152 transitus
816 2100 1108 2167 percurrit,
1141 2108 1195 2153 ut
1254 2113 1440 2153 omnes
1478 2114 1616 2168 quos
1649 2110 1776 2154 ante
1807 2116 1867 2156 se

297 2190 586 2253 invenerit,
641 2189 780 2245 alios
831 2192 1046 2259 quidem
1110 2190 1399 2263 morsibus.
1438 2190 1705 2258 vulneret,
1735 2192 1869 2247 alios

296 2279 651 2333 nihilominus
689 2280 741 2332 in
795 2290 1068 2347 stuporem
1118 2279 1352 2333 deducat
1404 2281 1672 2335 terroris:
1716 2282 1788 2335 ita
1815 2292 1868 2335 et

299 2377 377 2431 tu,
405 2367 599 2436 inquit,
645 2369 976 2437 nequissime
1017 2368 1240 2433 Satana,
1299 2378 1497 2422 terram
1559 2370 1778 2435 circuis,
1815 2380 1870 2424 et

293 2473 361 2511 ea
391 2474 511 2528 qua:
564 2458 666 2512 sub
713 2461 852 2513 cwlo
886 2470 1014 2514 sunt
1062 2463 1313 2517 universa
1348 2476 1624 2531 peragras,
1675 2478 1777 2514 non
1812 2474 1870 2517 ut

294 2549 527 2618 aliquem
553 2566 866 2620 componas,
895 2551 991 2605 sed
1017 2560 1074 2604 ut
1095 2561 1319 2607 cunctos
1347 2553 1699 2618 extermines,
1736 2568 1869 2621 quo-

297 2638 545 2693 rumdam
585 2640 847 2693 animam
882 2657 979 2710 per
1011 2651 1231 2711 peccata
1273 2641 1585 2701 vulnerans.
1638 2643 1867 2695 aliorum

296 2732 655 2787 nihilominus
686 2742 892 2786 mentes
919 2732 1223 2786 obtundens
1263 2743 1426 2803 atque
1480 2731 1773 2786 infatuans.
1804 2731 1870 2785 Et

292 2840 397 2877 cur
441 2827 688 2893 superius
750 2840 879 2878 sane
931 2825 1076 2878 illum
1123 2823 1396 2879 diabolum
1439 2822 1699 2892 appellat,
1729 2838 1869 2879 nunc

294 2930 428 2969 vero
453 2914 746 2969 Satanam?
791 2914 1052 2970 Diabolus
1089 2916 1230 2969 enim
1270 2924 1551 2968 accusator
1596 2915 1860 2982 interpre-

295 3015 463 3070 tatur,
484 3003 715 3060 Satanas
752 3021 881 3061 vero
929 3008 1177 3060 resistens
1224 3006 1310 3060 vel
1338 3006 1567 3073 rebellis,
1591 3011 1867 3060 autetiam

1971 545 2135 603 atque
2170 534 2224 587 in
2254 532 2434 603 fugam
2456 532 2642 595 vertit,
2671 539 2727 585 et
2751 545 2943 585 omnes
2976 530 3195 586 fraudes
3228 530 3347 599 ejus
3381 540 3543 600 atque

1970 626 2283 695 iniquitates
2327 638 2691 694 supervacuas
2739 624 3155 678 demonstravit.
3222 622 3538 691 Respexis’ti,

1971 719 2171 788 inquit,
2209 718 2277 771 ad
2311 732 2532 784 puerum
2570 734 2742 772 meum
2779 716 2923 772 Job?
2953 715 3033 768 Ad
3082 715 3230 769 illum
3261 717 3547 784 obtempe-

1970 818 2178 863 rantem
2224 820 2450 877 puerum
2480 817 2647 877 atque
2679 822 2892 873 verum,
2948 808 3040 875 qui
3092 819 3384 875 percussus
3437 821 3543 859 non

1969 905 2235 967 discessit,
2298 906 2386 974 qui
2424 919 2596 959 czesns
2625 911 2728 966 est,
2762 911 2818 957 et
2871 916 2978 955 non
3040 898 3283 967 deliquit,
3309 898 3401 965 qui
3449 898 3548 950 tibi

1971 1006 2056 1052 est
2112 997 2360 1061 traditus,
2394 1006 2450 1050 et
2505 1010 2611 1049 non
2669 1008 2753 1047 me
2815 991 3118 1060 denegavit,
3162 989 3254 1057 qui
3288 1005 3317 1041 a
3351 997 3403 1042 te
3427 1004 3549 1056 per-

1967 1102 2163 1142 cussus
2195 1097 2298 1150 est,
2343 1096 2398 1141 et
2451 1086 2582 1139 mihi
2645 1085 2846 1155 gratias
2897 1083 3025 1151 agit.
3089 1079 3275 1143 Istum,
3334 1079 3533 1148 inquit,

1970 1191 2197 1245 puerum
2241 1176 2526 1245 respexisti
2570 1175 2662 1243 qui
2703 1174 2993 1227 adversum
3044 1182 3096 1225 te
3125 1171 3298 1233 stetit,
3335 1178 3391 1223 et
3418 1168 3549 1222 mihi

1970 1281 2077 1321 non
2102 1266 2327 1330 restitit,
2362 1266 2449 1334 qui
2479 1266 2765 1320 adversum
2795 1275 2847 1319 te
2883 1264 3184 1326 dimicavit,
3224 1270 3279 1315 et
3312 1276 3396 1316 me
3452 1260 3553 1314 ad-

1969 1359 2168 1421 oravit,
2216 1358 2307 1424 qui
2340 1367 2392 1411 te
2432 1357 2795 1419 conculcavit,
2832 1366 2888 1411 et
2931 1369 3015 1409 me
3060 1369 3164 1408 non
3202 1361 3549 1422 contempsit,

1970 1448 2062 1518 qui
2090 1456 2143 1502 te
2170 1449 2295 1503 odio
2320 1448 2529 1514 habuit,
2564 1456 2619 1501 et
2648 1462 2732 1500 me
2783 1446 3008 1500 dilexit?
3038 1445 3117 1498 Ad
3159 1447 3322 1508 hunc,
3353 1445 3549 1514 inquit,

1970 1556 2201 1609 puerum
2239 1556 2418 1595 meum
2453 1541 2781 1610 rcspexisti?
2818 1541 2898 1594 Ad
2935 1540 3078 1594 hunc
3111 1539 3196 1593 cui
3254 1540 3447 1593 similis
3497 1540 3549 1593 in

1975 1629 2265 1683 tolerantia
2317 1645 2348 1684 a
2379 1630 2716 1699 temporibus
2746 1629 2881 1684 Abel
2914 1644 3023 1684 non
3069 1628 3210 1683 fuit?
3241 1628 3377 1684 Abel
3403 1631 3549 1683 enim

1970 1737 2094 1776 cum
2119 1723 2290 1776 semel
2344 1722 2646 1778 suStineret
2696 1722 3152 1785 internecionem,
3189 1721 3441 1775 transivit
3495 1730 3553 1775 et

1968 1815 2254 1884 requievit.
2314 1812 2417 1868 Job
2447 1828 2582 1869 vero
2632 1830 2752 1869 cum
2810 1814 3049 1883 plurimo
3084 1821 3328 1883 tempore
3384 1814 3551 1867 susti-

1968 1916 2140 1972 neret,
2201 1907 2404 1961 diutius
2457 1916 2632 1961 morte
2661 1904 2887 1961 allectus
2935 1912 3040 1970 est,
3082 1914 3137 1959 et
3185 1903 3553 1972 multipliciter

1967 1997 2244 2053 doloribus
2281 1986 2548 2053 multatus
2577 2006 2739 2066 atque
2789 1996 3043 2051 alllictus.
3073 1994 3130 2050 In
3162 2011 3271 2065 quo
3303 2008 3548 2065 apparet,

1968 2089 2161 2157 inquit,
2213 2091 2356 2159 quod
2412 2104 2518 2144 non
2581 2099 2666 2145 est
2695 2089 2770 2142 illi
2820 2089 3017 2144 similis
3059 2090 3221 2143 homo
3250 2103 3412 2156 super
3438 2098 3551 2142 ter-

1970 2195 2105 2234 rant.
2128 2181 2402 2233 Abraham
2433 2195 2537 2234 non
2565 2189 2672 2244 est,
2730 2179 3092 2235 Melchisedec
3124 2180 3424 2234 translatus
3444 2189 3548 2243 est,

1965 2269 2079 2326 Noe
2108 2271 2396 2339 requievit,
2427 2272 2612 2326 Enocb
2641 2271 2891 2326 elevatus
2922 2286 3023 2335 eSt,
3061 2271 3196 2325 Abel
3237 2282 3551 2343 assumptus

1967 2371 2070 2416 est.
2106 2361 2313 2416 Meritis
2384 2378 2486 2416 non
2515 2371 2600 2417 est
2646 2363 2722 2416 illi
2788 2363 2981 2418 similis
3009 2363 3150 2418 alius
3185 2364 3347 2418 homo
3387 2379 3552 2433 super

1972 2463 2202 2507 terram.
2267 2453 2346 2507 Ex
2398 2454 2483 2508 his
2515 2454 2607 2524 qui
2666 2454 2825 2509 modo
2856 2455 3068 2521 vivunt,
3121 2470 3224 2508 non
3249 2465 3334 2509 est
3369 2455 3446 2510 illi
3476 2457 3550 2509 si-

1971 2545 2112 2600 milis
2142 2560 2305 2615 super
2332 2556 2559 2600 terram.
2585 2544 2808 2599 lntende
2831 2546 2959 2613 quia
2998 2561 3105 2601 non
3136 2546 3291 2610 dicit,
3324 2562 3431 2600 non
3467 2560 3552 2601 est

1971 2636 2044 2692 illi
2099 2636 2293 2693 similis
2342 2651 2503 2707 super
2555 2634 2754 2691 terram
2815 2650 2884 2689 ex
2940 2636 3007 2691 iis
3032 2637 3124 2705 qui
3182 2635 3419 2700 fuerunt,
3465 2640 3548 2691 vel

1969 2740 2152 2794 erunt,
2192 2744 2314 2782 nant
2354 2739 2473 2797 post
2504 2729 2609 2783 hoc
2632 2728 2734 2782 fuit
2755 2727 3015 2795 Joannes,
3050 2743 3160 2797 quo
3199 2728 3373 2797 major
3409 2731 3551 2786 inter

1972 2831 2129 2875 natos
2187 2820 2477 2880 mulierum
2521 2836 2627 2875 non
2682 2819 2803 2874 luit.
2852 2819 3046 2874 Merito
3087 2820 3156 2875 de
3198 2822 3265 2875 iis
3293 2822 3386 2890 qui
3426 2830 3551 2876 tunc

1969 2914 2203 2978 fuerunt,
2230 2913 2362 2966 dicit
2391 2930 2404 2966 :
2440 2910 2564 2965 Non
2590 2922 2665 2966 est
2697 2913 2888 2965 similis
2943 2912 3023 2964 illi
3052 2912 3192 2967 alius
3232 2929 3296 2967 ea:
3326 2915 3409 2967 his
3458 2916 3549 2985 qui

1968 3012 2091 3058 sunt
2120 3019 2276 3073 super
2308 3015 2502 3056 terram
2533 3004 2603 3057 ⁷⁸.
2630 3005 2710 3057 Ac
2745 3004 2790 3057 si
2826 3008 3069 3059 diceret:
3100 3004 3179 3058 Ex
3202 3006 3286 3060 his
3316 3007 3552 3075 quisunt

295 3106 607 3151 contumax.
663 3096 802 3167 Ergo
834 3098 956 3167 quia
996 3100 1243 3167 superius
1273 3098 1488 3153 occulte
1528 3099 1742 3168 quidem
1774 3114 1866 3152 ac-
1895 3136 1939 3195 ϐ
1971 3108 2140 3165 super
2189 3105 2388 3149 terram
2442 3093 2784 3165 temporibus
2830 3095 2969 3163 ejus,
3004 3096 3056 3150 in
3112 3097 3303 3153 diebus
3332 3097 3468 3166 ejus,
3495 3100 3551 3154 in

295 3186 639 3242 cusavitJob
698 3190 767 3243 ad
816 3190 999 3252 Deum,
1057 3190 1262 3244 idcirco
1297 3191 1547 3259 superius
1599 3189 1866 3244 diabolum

298 3278 449 3332 illum
473 3280 724 3347 appellat,
749 3288 931 3349 utpote
955 3292 1325 3335 accusatorem
1350 3299 1363 3334 :
1385 3297 1525 3336 nunc
1540 3296 1668 3336 vero
1688 3298 1871 3337 rursus

293 3372 388 3440 qui
420 3373 485 3425 ad
513 3372 813 3425 evidentem
851 3373 1252 3425 contumaciam
1293 3373 1437 3427 circa
1469 3372 1569 3427 Job
1604 3373 1869 3442 pervenit,

295 3464 491 3517 merito
522 3461 783 3516 Satanam
821 3464 967 3517 illum
1021 3462 1176 3528 dicit,
1211 3473 1397 3533 utpote
1458 3465 1732 3521 rebellem.
1765 3464 1868 3518 Re-

291 3555 510 3625 spexiin
563 3555 630 3607 ad
659 3571 877 3624 puerum
920 3572 1090 3609 meum
1120 3554 1259 3623 Job,
1310 3572 1343 3611 ο
1377 3556 1561 3613 infelix
1610 3558 1860 3614 diabole?

294 3649 429 3703 Cum
480 3646 663 3702 dolore
720 3649 937 3712 audisti,
1002 3651 1143 3718 quod
1176 3665 1398 3719 puerum
1463 3665 1618 3704 suum
1673 3667 1873 3705 nuncu-

295 3739 445 3808 pavit
477 3741 617 3794 Dens
667 3737 788 3793 Job.
822 3739 985 3793 Dolor
1033 3741 1125 3795 tibi
1160 3741 1259 3792 fuit
1305 3741 1417 3796 haec
1450 3756 1554 3795 vox
1611 3744 1872 3795 amaritu-

294 3833 461 3896 dinis,
511 3832 627 3885 haec
676 3831 883 3886 auditio
929 3833 1110 3899 gravis
1138 3832 1233 3885 tibi
1272 3832 1394 3895 fuit,
1425 3832 1513 3887 hic
1560 3833 1764 3888 dictum
1790 3850 1870 3888 vae

296 3923 394 3977 tibi
419 3922 521 3977 fuit
543 3938 638 3993 pro
667 3924 769 3978 hoc
800 3925 1111 3979 testimonio
1132 3925 1274 3994 quod
1300 3933 1591 3979 attestatus
1621 3934 1705 3981 est
1730 3925 1871 3980 Deus

292 4015 417 4077 Job,
456 4016 682 4071 dicens:
720 4015 1015 4085 Respexisti
1066 4018 1131 4068 ml
1178 4032 1397 4087 puerum
1431 4032 1601 4070 meum
1626 4015 1773 4072 Job?
1806 4018 1869 4072 Et

294 4118 447 4172 ante,
493 4108 687 4177 inquit,
747 4123 880 4178 puer
931 4123 1083 4164 mcus
1114 4109 1214 4163 fuit
1273 4119 1328 4163 et
1376 4124 1520 4163 nunc
1557 4123 1689 4178 puer
1718 4124 1870 4164 meus

296 4214 598 4271 permanet,
623 4213 677 4257 et
712 4212 815 4256 tua:
871 4201 1125 4271 nequitia:
1154 4203 1436 4257 accusatio
1484 4202 1619 4255 nihil
1650 4200 1697 4256 ei
1732 4217 1869 4270 prat-

294 4295 518 4348 valebit.
550 4294 841 4359 llespexisti
862 4294 931 4347 ad
961 4310 1180 4362 puerum
1212 4310 1384 4347 meum
1421 4292 1571 4347 Job?
1602 4294 1869 4364 Superius

291 4390 477 4443 dixit:
525 4387 963 4442 Animadvertisti
1025 4404 1244 4456 puerum
1307 4404 1479 4441 meum
1528 4386 1671 4440 Job?
1728 4401 1870 4441 nunc

1975 3187 2083 3240 vita
2111 3186 2275 3253 illius,
2318 3200 2422 3240 non
2450 3195 2533 3240 est
2577 3185 2717 3241 alius
2753 3188 2949 3242 similis
3002 3188 3082 3242 illi
3114 3189 3166 3243 in
3212 3190 3449 3258 justitia,
3496 3191 3551 3246 in

1974 3279 2100 3344 fide,
2140 3279 2198 3333 in
2221 3279 2440 3348 pietate,
2467 3280 2519 3332 in
2548 3279 2860 3344 tolerantia,
2887 3280 2938 3333 in
2972 3284 3308 3348 constantia,
3342 3284 3397 3339 in
3426 3301 3553 3355 gra-

1980 3372 2175 3425 tiarum
2205 3371 2530 3438 actionibus,
2572 3372 2623 3425 in
2656 3373 3038 3427 misericordia
3085 3384 3251 3443 atque
3286 3376 3339 3429 in
3373 3376 3555 3431 omni-

1973 3462 2073 3518 bus
2128 3464 2440 3529 virtutibus,
2498 3479 2605 3518 non
2638 3474 2720 3519 est
2779 3464 2915 3521 alius
2950 3465 3111 3520 homo
3167 3466 3362 3522 similis
3391 3467 3465 3521 illi
3498 3469 3553 3524 in

1974 3565 2154 3609 terris.
2174 3555 2306 3621 Quis
2343 3554 2485 3610 alius
2518 3566 2644 3610 ante
2669 3571 2818 3619 eum,
2846 3555 2928 3610 vel
2963 3567 3087 3625 post
3109 3572 3234 3611 eum
3268 3557 3397 3613 talia
3426 3574 3553 3614 sus-

1976 3648 2156 3715 tinuit,
2213 3657 2268 3702 et
2322 3648 2598 3702 sustinens
2662 3649 2961 3718 gratiarum
3017 3648 3271 3703 actiones
3336 3664 3553 3703 recom-

1974 3739 2223 3809 pensavit
2285 3754 2383 3809 pro
2450 3740 2959 3794 vehementioribus
3039 3740 3316 3795 doloribus
3388 3750 3554 3811 atque

1972 3832 2330 3885 amarissimis
2384 3832 2603 3901 pmuis?
2669 3831 2802 3898 Quis
2856 3832 3070 3886 exstitit
3106 3832 3409 3887 tolerantiae
3449 3831 3554 3888 .Iob

1973 3921 2190 3976 forma?
2237 3920 2452 3978 Nullus.
2507 3923 2782 3977 Abraham
2832 3924 2977 3977 enim
3046 3924 3212 3979 liliqu
3272 3925 3555 3981 immolare

1970 4025 2271 4084 przcceptus
2301 4025 2403 4080 est,
2429 4017 2524 4070 sed
2557 4017 2808 4085 protinus
2840 4016 3134 4072 identidem
3189 4018 3370 4072 vivum
3398 4020 3550 4074 illum

1971 4108 2249 4177 suscepit,
2330 4121 2488 4177 quem
2544 4119 2881 4165 mactaturus
2958 4119 3119 4177 atque
3170 4111 3550 4166 immolaturus

1971 4198 2173 4253 fuerat.
2233 4197 2335 4254 Job
2378 4214 2506 4254 vero
2532 4216 2637 4253 non
2690 4200 2787 4266 ita,
2817 4200 2910 4256 sed
2970 4212 3206 4270 repente,
3235 4204 3439 4268 subito,
3467 4206 3550 4259 itt-

1970 4301 2185 4359 sperate
2232 4301 2436 4361 septem
2487 4292 2628 4347 filios
2694 4303 2749 4346 et
2800 4303 2913 4347 tres
2962 4294 3099 4348 filias
3152 4295 3311 4348 sitnul
3350 4297 3553 4364 pariter

1971 4391 2239 4450 mortuos,
2264 4392 2319 4437 et
2353 4399 2630 4454 nunquam
2664 4387 3058 4440 reviviscentes
3075 4387 3282 4440 audivit
3304 4398 3359 4440 et
3382 4388 3551 4440 vidit:

291 4495 442 4543 vero,
502 4478 797 4549 Respexisti
850 4481 919 4532 ad
946 4496 1167 4549 puerum
1200 4495 1370 4533 meum
1434 4479 1528 4534 Job
1555 4478 1581 4531 3
1605 4479 1684 4533 Ac
1718 4479 1763 4532 si
1788 4478 1871 4532 di-
1899 4482 1947 4540 ι)
1972 4475 2065 4529 sed
2099 4474 2233 4529 ﬁdes
2279 4489 2344 4529 ex
2399 4489 2464 4530 eo
2493 4487 2708 4531 mortua
2773 4493 2876 4532 non
2910 4487 3014 4542 est,
3050 4493 3227 4547 neque
3268 4480 3551 4547 patientia,

291 4584 477 4628 ceret:
510 4573 717 4640 vidisti,
777 4572 1043 4643 probasti,
1106 4583 1287 4627 certus
1341 4586 1421 4636 es,
1451 4571 1577 4641 quia
1621 4580 1673 4623 et
1702 4578 1863 4624 antea

291 4680 489 4722 servus
537 4682 689 4721 meus
753 4666 937 4733 fuerit,
998 4676 1053 4721 et
1112 4680 1254 4720 nunc
1306 4680 1496 4719 servus
1551 4678 1700 4718 meus
1736 4679 1863 4733 per~

291 4767 501 4823 manet,
524 4768 578 4811 et
609 4774 637 4810 a
679 4773 819 4824 mea,
854 4759 1030 4829 inquit
1052 4798 1066 4822 ,
1093 4759 1351 4813 servitute
1385 4772 1666 4825 nunquam
1704 4758 1860 4826 fugit,

292 4865 396 4903 nec
428 4846 615 4918 fugiet.
647 4849 715 4902 Et
745 4850 881 4918 ipse,
908 4849 1104 4918 inquit,
1134 4849 1289 4901 testis
1318 4863 1459 4911 sum,
1486 4847 1729 4914 etangeli
1756 4847 1859 4900 ntei

290 4940 592 5005 auditores,
618 4940 709 5008 qui
742 4941 794 4993 in
819 4950 1117 5009 conspectu
1163 4955 1279 4993 meo
1319 4939 1615 4999 venientes,
1662 4948 1717 4992 et
1756 4936 1858 4991 Job

293 5032 641 5087 tolerantiam
695 5032 954 5086 mirantes
1001 5031 1294 5085 dixerunt:
1341 5046 1593 5100 magnum
1626 5030 1864 5082 miracu-

290 5127 404 5178 lunt
457 5122 689 5178 vidimus
734 5125 873 5178 inter
939 5124 1199 5185 homines,
1258 5136 1291 5175 ο
1334 5122 1588 5175 terribilis
1639 5119 1868 5175 Creator

288 5217 557 5279 ontniutn,
617 5214 785 5269 nimio
836 5225 1055 5284 stupore
1085 5214 1329 5283 dignum.
1360 5228 1393 5267 ο
1442 5222 1641 5269 atterite
1668 5212 1866 5265 llector

291 5310 696 5362 universorum.
737 5306 887 5362 Unus
945 5316 1193 5360 terrenus
1242 5304 1403 5359 homo
1453 5306 1519 5357 de
1571 5302 1698 5356 limo
1745 5304 1863 5371 pla-

288 5409 500 5454 smatus
520 5400 718 5453 nostris
741 5397 1138 5452 immortalibus
1160 5396 1470 5465 angelorum
1494 5395 1673 5449 choris
1697 5394 1865 5447 multo

288 5492 541 5555 inferior,
595 5490 745 5544 illum
775 5490 870 5559 qui
916 5505 981 5544 ex
1041 5486 1435 5544 iunnortalibus
1467 5486 1744 5541 cherubim
1783 5487 1866 5541 of-

288 5588 432 5641 liciis
492 5586 689 5640 cecidit
742 5596 901 5656 atque
952 5584 1228 5656 projectus
1261 5590 1343 5638 est
1402 5580 1695 5649 diabolum,
1746 5581 1859 5637 sola

359 5765 404 5794 ⁷¹
437 5763 540 5819 Job
566 5779 627 5826 tt,
658 5761 694 5815 5

1972 4582 2147 4637 neque
2187 4569 2486 4638 gratiarum
2517 4571 2683 4635 actio,
2731 4586 2909 4640 neque
2968 4571 3182 4628 dilectio
3231 4587 3393 4641 quam
3423 4589 3552 4643 erga

1968 4658 2137 4716 Deum
2167 4660 2376 4717 habuit.
2399 4662 2504 4717 Sed
2532 4663 2997 4732 quemadmodum
3022 4679 3216 4718 aurum
3245 4680 3341 4732 per
3371 4667 3551 4734 ignem

1972 4753 2242 4808 transiens
2269 4754 2604 4823 splendidius
2631 4766 2793 4825 atque
2825 4756 3114 4826 gloriosius
3166 4756 3427 4821 efficitur,
3476 4758 3550 4811 ita

1967 4856 2022 4899 et
2044 4843 2144 4900 Job
2194 4848 2555 4901 tentationum
2614 4848 2794 4919 ignem
2823 4850 3114 4914 transiens,
3162 4848 3366 4903 clarior
3388 4860 3551 4916 atque

1970 4939 2081 4994 Deo
2134 4941 2420 5007 pretiosior
2495 4951 2662 5010 atque
2713 4941 3103 5010 acceptabilior
3166 4944 3551 5011 comprobatus

1969 5043 2073 5086 est.
2120 5032 2315 5087 Merito
2364 5047 2495 5101 ergo
2526 5034 2658 5086 dicit
2694 5051 2708 5088 :
2748 5030 2873 5086 Non
2926 5042 3001 5087 est
3057 5033 3246 5087 similis
3284 5034 3364 5086 illi
3392 5049 3553 5103 super

1968 5132 2188 5176 terram.
2221 5122 2438 5194 Fulget,
2470 5124 2664 5193 inquit,
2695 5135 2948 5194 tanquam
2984 5125 3063 5179 sol
3100 5127 3331 5181 veritate
3359 5142 3424 5180 ac
3454 5141 3551 5195 pa-

1970 5215 2182 5282 tientia,
2242 5217 2453 5272 relucet
2482 5218 2583 5271 lidc
2632 5226 2686 5270 et
2722 5216 3009 5270 tolerantia
3064 5217 3206 5271 velut
3233 5218 3355 5273 cmli
3393 5218 3551 5271 lumi-

1970 5307 2143 5360 naria.
2172 5306 2253 5362 Ob
2309 5307 2411 5362 hoc
2441 5324 2545 5361 non
2597 5318 2679 5362 est
2720 5306 2913 5362 similis
2945 5308 3026 5361 illi
3081 5309 3220 5365 alius
3249 5324 3411 5379 super
3437 5320 3547 5363 ter-

1975 5414 2110 5464 ram,
2156 5401 2425 5454 lirmusut
2479 5400 2637 5470 lapis,
2672 5410 2731 5453 ut
2782 5400 3193 5455 fundamentum
3232 5401 3544 5465 immobilis,

1976 5502 2225 5561 tanquam
2260 5492 2484 5547 adamas
2539 5493 2981 5548 incomminutus.
3044 5492 3167 5546 Non
3227 5502 3301 5545 est
3354 5492 3545 5543 similis

1971 5582 2051 5637 illi
2104 5600 2167 5640 ex
2217 5586 2293 5638 Itis
2324 5586 2412 5655 qui
2442 5596 2558 5640 sunt
2616 5586 2668 5641 in
2697 5587 2874 5640 terris.
2918 5584 3047 5641 Siue
3094 5584 3326 5655 querela,
3352 5592 3546 5653 utpote
