3884 6218
351 277 457 335 455

1457 272 1841 335 ANONYMUS
1868 277 1935 333 IN
1970 266 2110 335 JOB.
2148 309 2217 319 —
2254 277 2384 334 LIB.
2430 277 2497 333 ll.

3512 268 3609 338 436

352 414 454 455 nec
477 398 545 453 ab
575 397 803 469 angelis,
836 410 936 453 nec
960 397 1029 453 ab
1054 397 1365 455 hominibus
1405 398 1458 453 in
1484 398 1594 454 ullo
1640 410 1725 454 est
1752 413 1934 468 reprc-
1963 403 2006 458 A
2037 398 2388 468 simplicitate
2418 415 2430 451 :
2455 410 2621 469 super
2645 396 2759 452 huic
2816 396 3070 452 universa
3111 412 3231 468 quae
3262 398 3537 470 ingessisti
3564 404 3613 455 ei

354 493 581 548 hensus.
616 491 827 559 Justus,
862 502 1047 561 utpote
1073 493 1221 561 justo
1252 491 1565 558 Dcijttdicio
1592 493 1774 574 justus
1792 509 1930 548 com.

354 587 636 656 probatus.
670 583 852 648 Verus,
871 593 1056 654 utpOte
1081 599 1182 640 nec
1200 584 1251 638 in
1266 584 1455 649 verbo,
1475 584 1639 639 necin
1663 583 1825 648 facto,
1846 598 1935 637 ne-

354 696 460 748 que
474 680 527 734 in
544 695 763 749 magno,
778 693 951 747 neque
971 679 1024 732 in
1045 679 1273 735 minimo
1287 679 1505 735 falsitati
1522 679 1931 748 approximans,

357 788 531 843 neque
556 784 839 827 mendacio
886 786 1321 830 communicaris.
1358 771 1453 825 Dei
1504 771 1696 835 cultor,
1746 778 1933 837 utpote

359 880 465 919 non
515 864 796 920 oberranti
856 863 1023 917 animi
1098 862 1439 918 conscientia
1520 876 1690 917 unum
1748 861 1933 919 colens

355 956 817 1024 Omnipotentem,
869 954 1109 1009 omnimn
1163 953 1499 1015 Creatorem,
1538 952 1752 1007 Patrem
1800 952 1930 1007 Jesu

355 1048 579 1104 Christi.
640 1045 917 1102 Abstineas
944 1063 993 1101 se
1023 1047 1084 1099 ab
1109 1045 1353 1101 omnibus
1400 1046 1645 1112 operibus
1670 1044 1850 1107 malis,
1881 1053 1936 1098 et

356 1151 543 1206 antea,
577 1149 632 1196 et
692 1155 856 1203 nunc,
912 1139 980 1194 ab
1009 1137 1165 1191 initio
1216 1147 1270 1192 et
1307 1152 1479 1211 usque
1520 1137 1572 1190 in
1602 1136 1786 1191 finem.
1814 1134 1932 1189 Non

355 1234 524 1293 enim,
585 1248 681 1288 nec
729 1239 886 1286 antea
933 1230 1250 1284 facultatum
1318 1228 1690 1293 abundantia,
1756 1240 1932 1297 neque

356 1340 498 1380 nunc
534 1326 797 1379 bonorum
822 1322 1056 1393 perditio
1090 1323 1157 1377 ad
1184 1320 1322 1375 mala
1346 1336 1469 1375 eum
1489 1321 1928 1376 declinaverunt.

357 1418 534 1488 Super
570 1418 684 1472 haec
731 1417 912 1470 omnia
936 1414 1153 1484 quidem
1212 1429 1425 1469 summo
1472 1414 1733 1483 singulari
1772 1424 1935 1479 atque

355 1505 592 1561 mirabili
648 1504 807 1560 modo
864 1516 1196 1573 perseverans
1263 1502 1320 1555 in
1380 1500 1734 1567 simplicitate.
1797 1497 1934 1554 Cum

357 1606 526 1659 tanta,
559 1596 753 1663 inquit,
788 1610 816 1651 a
848 1603 897 1646 te
922 1592 1265 1656 sustinuerit,
1288 1607 1414 1646 cum
1436 1599 1587 1644 tanta
1614 1607 1640 1645 a
1667 1599 1718 1644 te
1744 1604 1936 1659 passus

357 1687 539 1751 fuerit,
578 1694 724 1741 tanta
776 1700 843 1738 ex
877 1694 965 1737 tua
1023 1682 1229 1736 malitia
1274 1679 1696 1751 supportaverit,
1746 1679 1933 1733 Aditur

2036 493 2351 553 perseverat
2377 485 2428 538 in
2454 484 2833 554 simplicitate.
2860 485 2921 539 Et
2949 487 3093 555 quis,
3129 487 3325 558 inquit,
3360 500 3480 558 post
3510 490 3613 545 hoc

2034 591 2099 631 ex
2130 577 2212 631 his
2268 576 2362 644 qui
2421 576 2716 639 audierint.
2775 577 2854 632 vel
2887 579 3228 647 agnoverint,
3282 596 3386 635 non
3412 570 3499 638 me
3532 599 3615 639 re-

2036 668 2360 739 prehendat,
2390 669 2479 739 qui
2521 679 2726 725 tantum
2770 672 2989 741 permisi
3033 682 3135 727 tua:
3181 674 3488 730 crudelitati
3520 679 3615 732 ad-

2035 776 2226 816 versus
2273 760 2480 830 justum
2536 761 2684 817 illum
2744 763 3052 833 insurgere,
3093 772 3148 819 et
3197 765 3268 821 ita
3321 767 3611 823 immiseri-

2036 854 2273 908 corditer
2329 854 2669 909 innocentem
2725 857 2964 909 vexare?
3015 856 3143 911 Post
3204 873 3324 927 quae
3359 861 3611 915 universa

2038 958 2347 1016 perseverat
2372 948 2426 1002 in
2455 948 2821 1017 simplicitate.
2850 948 3010 1013 Ecce,
3058 950 3255 1020 inquit,
3316 965 3469 1008 antea
3493 954 3611 1009 lau-‘

2037 1039 2158 1093 davi
2195 1038 2490 1094 testificaris
2541 1040 2639 1095 tibi
2706 1040 2830 1110 quis
2879 1040 3043 1096 fuerit
3086 1042 3233 1121 Job,
3292 1060 3418 1101 ecce
3470 1062 3616 1103 nunc

2037 1132 2233 1200 adjicio
2288 1147 2450 1201 super
2495 1134 2707 1189 laudem
2743 1136 2881 1205 ejus,
2930 1137 3162 1191 dicens:
3207 1134 3511 1193 Perseverat
3558 1142 3616 1195 in

2036 1224 2386 1293 simplicitate.
2432 1224 2778 1295 Perseverat,
2805 1229 2900 1295 ait,
2932 1229 2984 1283 id
3007 1239 3111 1297 est,
3142 1242 3439 1299 exspectat.
3474 1235 3613 1301 Quid

2036 1330 2166 1384 ergo
2216 1316 2531 1384 exspectat?
2595 1316 2918 1373 Tolerantia:
2966 1326 3479 1389 remunerationem,
3521 1341 3615 1379 ex-

2038 1415 2244 1475 spectat
2273 1422 2503 1463 coronas
2542 1409 2885 1466 innocentiae.
2935 1412 3035 1467 Aut
3098 1414 3274 1468 adhuc
3309 1426 3611 1485 exspectat,

2041 1499 2229 1569 inquit.
2268 1499 2429 1568 Quid,
2465 1502 2662 1571 inquit,
2680 1507 3000 1573 exSpectat‘l
3052 1504 3146 1573 Te,
3180 1507 3277 1573 ait,
3310 1522 3605 1579 exspectat,

2037 1590 2328 1657 odiabole,
2398 1601 2652 1663 tanquau-
2710 1596 2883 1650 audax
2938 1597 3308 1667 belligerator,
3357 1610 3611 1673 tanquam

2042 1682 2524 1738 constantissimus
2550 1684 2850 1753 praeliator,
2882 1695 3139 1757 tanquam
3166 1691 3502 1747 admirabilis
3533 1695 3611 1747 vir

353 1787 643 1847 perseverat
674 1779 729 1832 in
756 1775 1115 1845 simplicitate.
1168 1773 1373 1828 Omnes
1413 1773 1507 1842 qui
1564 1772 1617 1825 in
1659 1770 1933 1826 doloribus
1965 1753 2006 1807 Β
2037 1772 2214 1829 fortis.
2244 1775 2334 1829 Sic
2362 1776 2547 1845 itaque
2581 1776 2677 1838 ait.
2719 1753 3023 1847 exspectat,
3079 1795 3184 1834 non
3220 1781 3431 1836 dubitat
3464 1800 3479 1836 :
3508 1798 3614 1839 non

353 1883 408 1927 et
447 1873 500 1927 in
532 1870 818 1929 tormentis
868 1878 1033 1937 atque
1066 1868 1119 1921 in
1168 1865 1513 1937 passionibus
1552 1862 1773 1927 fuerint,
1802 1864 1935 1933 ipsis

356 1961 632 2017 doloribus
653 1958 1004 2018 exainaricati
1043 1966 1209 2026 atque
1235 1956 1576 2026 exaggerati,
1607 1955 1932 2019 amariores,

355 2063 410 2107 et
442 2053 887 2118 noxioresatquc
919 2048 1129 2118 pejores
1168 2046 1500 2103 efﬁciuntur.
1557 2045 1663 2101 Sed
1705 2062 1812 2101 non
1860 2046 1933 2100 ita

355 2158 459 2208 est.
494 2145 698 2214 inquit,
756 2142 1237 2199 constantissimus
1292 2139 1419 2205 Job,
1458 2139 1551 2195 sed
1608 2139 1682 2195 ita
1710 2143 1818 2195 no‘n
1851 2151 1935 2195 est

354 2238 692 2297 admirabilis
750 2236 839 2293 ille
873 2237 978 2301 vir,
1022 2235 1116 2291 sed
1152 2236 1332 2293 adhuc
1378 2242 1699 2306 perseverat
1725 2234 1779 2288 in
1801 2233 1934 2287 sim-

354 2332 615 2402 plicitate.
645 2331 722 2387 Ac
745 2329 788 2384 si
822 2330 1050 2395 diceret,
1093 2329 1271 2383 adhuc
1327 2328 1673 2383 innocentior
1715 2328 1767 2382 in
1802 2327 1934 2397 ipsis

355 2425 628 2480 doloribus
683 2431 996 2491 perseverat
1034 2460 1049 2487 ,
1094 2420 1270 2474 adhuc
1324 2419 1714 2488 longanimior,
1754 2420 1934 2475 adhuc

356 2516 673 2579 modestior,
705 2514 884 2570 adhuc
934 2512 1244 2581 benignior,
1279 2511 1456 2565 adhuc
1490 2510 1717 2581 justior,
1757 2511 1934 2566 adhuc

354 2607 620 2663 sincerior
644 2608 789 2662 circa
814 2606 1003 2661 Deum.
1029 2603 1302 2671 Quantum
1331 2604 1504 2669 enim,
1550 2602 1747 2671 inquit,
1787 2611 1867 2669 ιιι,
1900 2619 1933 2657 o

355 2698 604 2762 diabole,
635 2696 995 2767 augmentasti
1042 2696 1091 2750 ei
1125 2695 1286 2762 mala,
1344 2704 1553 2748 tantum
1608 2693 1710 2749 Job
1737 2695 1935 2765 adjecit

354 2794 419 2847 ad
456 2793 821 2847 innocentiam
860 2812 871 2845 :
903 2791 1088 2845 Adhuc
1112 2806 1450 2860 perseverans
1474 2790 1531 2843 in
1554 2790 1928 2858 simplicitate.

354 2886 561 2947 Adhuc.
615 2884 811 2953 inquit,
865 2898 930 2938 ac
977 2884 1021 2938 si
1072 2884 1274 2938 diceret
1314 2900 1328 2938 :
1372 2881 1549 2952 Super
1580 2882 1764 2937 omnia
1817 2897 1936 2953 quae

354 2977 403 3030 ei
458 2974 653 3039 fecisti,
718 2989 881 3043 super
917 2974 1101 3027 omnia
1160 2988 1283 3042 quae
1337 2974 1387 3028 ei
1432 2973 1746 3041 ostendisti,
1773 2987 1936 3037 super

354 3068 535 3119 omnia
593 3064 796 3134 quibus
825 3079 950 3120 eum
996 3063 1260 3130 aillixistt,
1294 3080 1458 3134 super
1505 3066 1687 3119 omnia
1718 3064 1832 3119 haec
1855 3066 1935 3119 vi-
1962 3105 2004 3163 ϐ

356 3156 752 3211 delicetadhuc
781 3155 1167 3224 perseveratin
1210 3154 1576 3223 simplicitate.
1619 3155 1676 3209 ln
1727 3170 1933 3223 praece—

355 3245 609 3301 dentibus
632 3245 888 3301 laudatur
917 3242 1017 3299 Joh
1049 3259 1079 3300 a
1111 3244 1241 3304 Deo.
1265 3246 1644 3316 utpotejustus
1671 3260 1736 3300 ac
1769 3260 1933 3301 verax

356 3335 450 3397 Dei
478 3335 653 3390 cultor
677 3355 691 3392 :
714 3351 857 3393 nunc
885 3351 1023 3390 vero
1057 3335 1254 3403 adjecit
1311 3336 1416 3390 illis
1447 3336 1585 3390 Deus
1617 3352 1779 3405 super
1802 3337 1940 3391 hanc

359 3428 593 3492 Iaudem,
628 3426 862 3483 dicens:
910 3424 1259 3481 Perseverans
1312 3427 1371 3481 in
1430 3427 1771 3495 simplicitate
1816 3443 1937 3481 sua.

355 3519 500 3575 Bene
556 3535 621 3575 ac
655 3519 836 3589 digne.
889 3518 1089 3588 Figura
1142 3518 1287 3572 enim
1359 3518 1457 3572 fuit
1501 3534 1688 3573 eorum
1747 3519 1838 3589 qui
1886 3521 1940 3574 in

358 3627 493 3668 nova
521 3612 694 3681 gratia
745 3610 928 3667 omnia
958 3611 1012 3665 in
1036 3610 1386 3680 simplicitate
1422 3612 1753 3665 transierunt
1779 3622 1942 3680 atque

357 3705 750 3765 sustinuerunt,
783 3701 910 3754 nulli
956 3700 1156 3755 malum
1211 3717 1308 3771 pro
1337 3703 1478 3757 malo
1506 3702 1817 3766 recidentes,
1848 3704 1942 3759 sed

357 3803 686 3864 prmceptum
717 3795 928 3849 Domini
974 3793 1352 3862 adimplentes,
1408 3795 1638 3849 dicentis
1672 3813 1684 3848 :
1721 3793 1943 3865 Diligite

358 3880 595 3933 inimicos
627 3892 815 3934 vestros
837 3883 905 3946 ⁷³,
923 3891 1005 3938 et:
1033 3880 1328 3937 Benedicite
1357 3884 1430 3937 eis
1454 3884 1545 3952 qui
1575 3883 1943 3938 maledixerint

361 3973 501 4026 vobis
530 3973 596 4035 ⁷⁸,
634 3984 729 4028 et:
770 3972 977 4026 Valenti
1020 3973 1230 4043 auferre
1277 3974 1499 4043 pallium
1535 3985 1705 4039 tuum,
1737 3977 1944 4031 dimitte

359 4069 407 4122 ei
432 4079 481 4122 et
514 4070 747 4127 tunicam
778 4069 845 4121 ⁷⁵.
874 4068 1077 4123 [lorum
1101 4084 1333 4137 namque
1375 4071 1616 4125 omnium
1644 4080 1823 4142 typum
1852 4085 1946 4141 ge.-

363 4176 487 4214 rens
516 4163 704 4215 lieatus
730 4160 852 4227 Job,
888 4178 1011 4219 cum
1049 4162 1154 4217 hoc
1180 4164 1325 4231 quod
1363 4162 1416 4215 in
1448 4164 1805 4233 simplicitate
1824 4179 1946 4233 per-

363 4255 630 4308 scveravit
655 4264 816 4322 atque
836 4264 1030 4309 cuncta
1053 4256 1330 4317 sustinuit,
1359 4271 1478 4309 cum
1506 4256 1608 4310 hoc
1635 4256 1751 4324 ipso
1775 4256 1943 4311 etiam

362 4345 627 4401 auferenti
672 4347 895 4415 pallium
949 4362 1127 4416 suum,
1158 4348 1260 4404 hoc
1314 4356 1398 4402 est
1426 4363 1647 4401 omnem
1690 4349 1947 4403 substano

2039 1874 2186 1936 terga
2220 1866 2387 1931 dedit,
2452 1866 2547 1921 sed
2579 1867 2760 1923 adhuc
2816 1876 3117 1938 etspectat.
3162 1870 3373 1935 Adhuc,
3418 1871 3613 1941 inquit,

2035 1967 2314 2027 exspectat
2341 1970 2403 2013 ut
2449 1968 2502 2014 te
2534 1971 2755 2028 superet
2792 1971 2964 2031 atque
3004 1962 3279 2027 devincat,
3332 1966 3616 2021 conculcet

2035 2062 2196 2121 atque
2237 2050 2507 2116 humiliet,
2542 2063 2597 2108 et
2620 2054 2933 2110 omnimode
2983 2054 3250 2125 dejectum
3284 2067 3446 2125 atque
3473 2072 3607 2112 con—

2035 2143 2210 2199 fusum
2253 2144 2610 2221 demonstret.
2666 2145 2799 2201 Cum
2865 2146 3027 2201 talem
3076 2162 3208 2217 ergo
3244 2150 3466 2203 noveris
3493 2163 3618 2204 esse

2033 2233 2157 2297 Jo‘b.
2195 2245 2250 2290 et
2286 2236 2357 2290 ita
2414 2244 2665 2305 prompte
2692 2247 2743 2292 te
2771 2249 3182 2308 exspectantem
3224 2242 3289 2293 ad
3314 2243 3613 2296 secundam

2034 2326 2496 2394 congressionem,
2536 2327 2579 2381 si
2633 2327 2822 2391 audes,
2878 2331 3221 2399 approxima,
3268 2332 3466 2401 incipe,
3521 2348 3617 2402 ap-

2035 2421 2348 2487 prehende,
2409 2429 2656 2490 paratum
2731 2422 2976 2478 invenies
3063 2433 3113 2478 te
3185 2434 3614 2492 exspectantem.

2033 2506 2244 2569 Adhuc,
2274 2509 2474 2578 inquit,
2502 2520 2783 2579 exspectat
2813 2512 2864 2565 in
2886 2512 3239 2581 simplicitate
3281 2532 3295 2571 :
3329 2523 3381 2567 tu
3431 2523 3616 2568 autem

2035 2609 2233 2654 terram
2287 2602 2505 2666 circuis,
2534 2614 2587 2655 et
2637 2620 2698 2656 ea
2724 2620 2843 2671 quae
2870 2607 2970 2660 sub
3002 2605 3138 2661 coelo
3182 2616 3309 2661 sunt
3336 2616 3616 2677 peragras,

2034 2687 2258 2745 utidola
2282 2692 2501 2754 fundas.
2533 2704 2594 2748 ut
2621 2697 2944 2750 adulterium
2990 2701 3286 2767 germines,
3327 2708 3389 2751 ut
3435 2699 3609 2753 homi-

2035 2781 2236 2835 cidium
2265 2783 2613 2852 multiplices,
2642 2797 2701 2841 ut
2742 2788 3059 2858 sanguinem
3080 2786 3347 2852 eﬂ'uudas,
3380 2797 3439 2841 ut
3466 2797 3616 2844 artes

2038 2874 2295 2941 magicas,
2339 2885 2394 2931 et
2439 2879 2685 2948 auguria,
2738 2888 2792 2935 et
2849 2879 3211 2935 divinationes
3255 2890 3419 2950 atque
3447 2880 3620 2935 male«

2037 2964 2155 3020 ﬁcia
2216 2967 2565 3033 dissemines,
2628 2980 2687 3023 ut
2750 2971 3121 3027 infidelitatem
3165 2973 3377 3037 doceas,
3426 2983 3485 3027 ut
3525 2973 3620 3029 Dei

2039 3056 2372 3127 blaSpbemia
2409 3070 2575 3131 atque
2598 3062 2856 3119 omnibus
2881 3065 3060 3129 malis,
3122 3078 3185 3118 ea
3214 3079 3334 3133 qua:
3363 3075 3491 3121 sunt
3517 3071 3621 3122 sub

2038 3146 2177 3201 cwlo
2206 3148 2438 3217 repleas,
2461 3159 2519 3203 ut
2543 3160 2725 3208 castos
2760 3153 3041 3210 velcastas
3070 3155 3298 3224 polluas,
3330 3157 3521 3225 utpios
3550 3158 3621 3211 ad

2041 3238 2367 3305 impietatem
2392 3241 2652 3308 declines,
2693 3254 2751 3299 ut
2770 3243 2931 3315 justis
2950 3248 3222 3302 molestias
3251 3257 3411 3318 atque
3442 3247 3619 3303 tribu-

2041 3327 2271 3384 lationes
2322 3333 2573 3389 suscites.
2614 3334 2720 3389 Pro
2778 3337 2884 3402 his,
2935 3338 3131 3407 inquit,
3163 3340 3415 3394 omnibus
3464 3350 3543 3406 tu,
3586 3354 3627 3395 0

2042 3421 2274 3487 diabole,
2332 3432 2530 3478 terram
2582 3426 2804 3493 circuis,
2840 3439 2895 3484 et
2923 3444 2987 3485 ea
3019 3444 3140 3497 quae
3178 3440 3303 3486 sunt
3342 3432 3442 3486 sub
3478 3430 3623 3486 ctelo

2042 3524 2320 3582 peragras.
2347 3511 2448 3569 Job
2482 3528 2612 3570 vero
2637 3530 2742 3571 non
2779 3519 2881 3584 ita,
2925 3520 3021 3575 sed
3051 3530 3331 3590 exspectat
3360 3519 3540 3577 adhuc
3564 3521 3624 3576 in

2043 3620 2151 3659 uno
2178 3605 2301 3661 loco
2351 3617 2607 3678 tanquam
2636 3610 2690 3664 iu
2722 3616 2915 3667 eadem
2970 3615 3256 3683 patientia,
3282 3624 3338 3671 et
3365 3617 3621 3683 veritate,

2044 3695 2097 3750 in
2123 3698 2312 3752 eadem
2344 3696 2451 3754 ﬁde
2476 3710 2531 3755 et
2554 3701 2758 3770 pietate
2786 3712 2947 3773 atque
2968 3704 3062 3760 Dei
3095 3704 3305 3761 cultura
3340 3706 3625 3774 fundatus,

2043 3791 2313 3846 stabilitus
2363 3803 2527 3863 atque
2579 3795 2957 3863 conﬁrmatus,
3015 3807 3071 3852 et
3107 3814 3381 3869 nunquam
3438 3800 3508 3855 ab
3559 3814 3626 3856 ea

2045 3882 2369 3951 declinatus,
2404 3895 2501 3939 aut
2545 3887 2956 3956 praevaricatus.
2993 3886 3082 3942 Sic
3127 3890 3311 3958 itaque
3344 3899 3630 3961 exspectat

2046 3970 2357 4040 immobilis,
2416 3983 2582 4045 atque
2631 3977 2913 4035 innocens.
2970 3979 3162 4037 Adhuc
3223 3993 3512 4051 exspectat
3568 3984 3627 4040 in

2046 4065 2412 4134 simplicitate.
2444 4067 2730 4136 Columba,
2792 4073 2988 4142 inquit,
3043 4082 3126 4127 est
3171 4073 3424 4143 simplex,
3458 4076 3628 4131 ratio-'-

2048 4158 2266 4223 nabilis,
2316 4161 2605 4228 spiritalis,
2659 4162 3072 4234 incorruptione
3128 4166 3308 4238 digna,
3370 4178 3626 4237 accepta-

2046 4246 2190 4312 bilis,
2239 4250 2443 4319 angelis
2506 4252 2599 4307 Dei
2651 4252 2963 4310 familiaris.
3012 4254 3508 4327 ldcircotanquam
3533 4274 3628 4315 co-

2048 4337 2227 4395 lumba
2279 4342 2683 4412 simplicitatem
2716 4348 2974 4404 ostendit.
3032 4347 3163 4404 Nam
3198 4351 3341 4405 sicut
3369 4351 3628 4408 columba

362 4439 492 4492 tiam
524 4453 677 4493 suam
720 4438 961 4500 diabolo.
1010 4450 1065 4494 et
1121 4441 1357 4496 tunicam
1419 4440 1646 4507 dimisit,
1697 4440 1941 4495 conscin-
1977 4461 2020 4516 υ
2049 4430 2117 4485 de
2143 4430 2268 4486 nido
2290 4430 2518 4504 effugata
2548 4437 2775 4493 sublatis
2795 4439 2897 4494 sibi
2921 4440 3084 4510 pullis
3104 4452 3267 4513 atque
3287 4454 3413 4500 ante
3440 4445 3629 4501 oculos

363 4532 497 4587 d‘eus
559 4532 704 4587 illam
756 4541 917 4602 atque
967 4535 1259 4603 projiciens
1316 4533 1432 4599 illi,
1468 4542 1523 4588 et
1551 4532 1943 4600 dicens:Qu:e

364 4623 646 4691 postulasti
676 4639 706 4677 a
766 4623 894 4691 Deo,
917 4626 1208 4694 accepisti;
1261 4626 1389 4682 tolle
1426 4635 1483 4680 et
1512 4626 1629 4679 haec
1662 4641 1783 4695 quae
1833 4640 1941 4680 non

364 4714 630 4778 quaesisti,
696 4716 932 4769 tunicam
987 4725 1148 4785 atque
1174 4717 1392 4787 pallium
1455 4732 1652 4771 memn.
1693 4713 1943 4770 Perseve-

368 4818 489 4853 rans
536 4804 707 4856 adhuc
753 4804 811 4857 in
859 4806 1213 4874 simplicitate.
1258 4807 1393 4861 Nam
1430 4817 1694 4877 quantum
1724 4808 1792 4861 ad
1824 4817 1946 4860 tuos

368 4907 680 4958 sermones,
740 4909 773 4948 o
830 4895 1062 4963 diabole,
1114 4898 1408 4953 adversarii
1473 4898 1525 4952 in
1584 4913 1707 4953 eum
1770 4898 1946 4952 insur~

367 4996 650 5050 rexerant,
715 4986 919 5043 inimici
985 5006 1108 5045 eum
1167 4992 1460 5060 depraedati
1513 4993 1815 5050 sunt:sed
1844 5010 1948 5050 nec

371 5076 488 5130 istis
512 5078 565 5130 in
595 5078 775 5148 aliquo
804 5081 1109 5148 replicavit,
1146 5084 1239 5138 sed
1268 5084 1411 5139 circa
1437 5085 1570 5139 istos
1592 5101 1782 5140 omnes
1813 5088 1947 5142 sim-

372 5167 671 5235 plicitatem
721 5171 978 5227 ostendit.
1038 5171 1229 5227 Merito
1276 5174 1428 5239 dicit,
1482 5172 1833 5230 Perseverans
1889 5176 1942 5230 in

371 5260 730 5329 simplicitate,
785 5272 969 5334 typum
1023 5274 1185 5335 atque
1231 5266 1458 5337 figuram
1499 5282 1695 5338 gerens
1724 5268 1946 5323 Domini

373 5353 601 5409 dicentis
628 5370 725 5423 per
764 5356 1080 5425 prophetam
1131 5360 1196 5413 de
1248 5358 1587 5427 semetipso:
1621 5358 1731 5429 Ego
1770 5370 1949 5415 autem

376 5457 623 5515 tanquam
652 5463 817 5517 agnus
848 5448 1218 5503 immaculatus
1280 5450 1468 5504 ductus
1501 5468 1618 5503 sum
1643 5450 1713 5505 ad
1772 5450 1950 5504 δασύς

374 5536 662 5605 ﬁcium75'.
697 5538 787 5595 Sic
822 5539 1003 5610 itaque
1026 5540 1364 5597 admirabilis
1398 5540 1496 5596 .lob
1546 5548 1861 5611 perseverat
1893 5542 1947 5597 in

447 5716 493 5747 ⁷³
540 5715 669 5773 Luc.
725 5734 798 5783 \‘l,
836 5718 925 5773 27.

1001 5718 1046 5749 ⁷⁸
1078 5718 1207 5773 ibid.
1252 5719 1340 5772 Q8.
1425 5719 1470 5751 ’⁵
1516 5717 1649 5775 ibid.
1683 5717 1773 5773 29.

2052 4524 2322 4589 mactatis,
2389 4542 2497 4582 non
2546 4528 2881 4600 indignatur,
2927 4549 3105 4604 neque
3153 4546 3415 4602 terretur,
3449 4553 3629 4608 neque

2052 4616 2237 4670 nidum
2262 4618 2486 4686 deserit,
2518 4634 2692 4690 neque
2750 4624 2815 4677 ad
2852 4624 3115 4679 malitiam
3150 4627 3471 4683 immutatur
3501 4648 3519 4686 :
3552 4631 3627 4684 ita

2054 4715 2109 4760 et
2141 4707 2330 4762 beatus
2362 4707 2462 4763 Job
2500 4724 2623 4763 cum
2658 4710 2821 4767 nidus
2843 4712 2912 4766 ab
2942 4727 3008 4767 eo
3051 4713 3377 4781 auferretur,
3416 4716 3522 4771 hoc
3546 4726 3629 4771 est

2051 4798 2252 4853 divitia:
2275 4811 2439 4870 atque
2455 4802 2784 4870 substantia,
2822 4813 2877 4857 et
2905 4802 3001 4859 filii
3033 4805 3153 4875 ejus
3186 4806 3629 4862 interﬁcerentur

2052 4901 2178 4946 ante
2205 4891 2389 4947 oculos
2416 4892 2555 4961 ejus,
2581 4910 2688 4949 non
2715 4905 2800 4949 est
2824 4897 3158 4967 indignatus,
3211 4912 3387 4967 neque
3420 4898 3488 4952 ad
3517 4915 3628 4953 mae

2052 4983 2244 5047 litiam,
2300 4985 2407 5039 hoc
2450 4995 2537 5040 est
2590 4986 2655 5040 ad
2701 4987 3097 5059 blasphemiam
3134 4998 3230 5044 aut
3281 4989 3349 5045 ad
3406 4990 3630 5045 maledi-

2054 5077 2308 5145 ctionem,
2349 5086 2435 5134 est
2464 5078 2781 5136 immutatus
2806 5123 2822 5146 ,
2868 5083 2965 5138 sed
2998 5093 3190 5137 cuncta
3219 5082 3473 5138 sustinuit
3508 5099 3627 5137 cum

2049 5170 2355 5225 innocentia
2395 5180 2563 5243 atque
2620 5174 2921 5242 gratiarum
2994 5176 3319 5230 actionibus.
3394 5175 3502 5230 Pro
3550 5176 3630 5228 his

2048 5277 2179 5333 ergo
2224 5263 2475 5319 omnibus
2509 5264 2665 5333 dicit,
2695 5283 3033 5335 perseverans
3088 5268 3143 5322 in
3169 5267 3505 5337 ,‘innocentin.
3550 5267 3627 5320 Tu

2055 5370 2190 5409 vero
2235 5355 2423 5412 dixisti
2496 5357 2725 5426 perdere
2776 5374 2891 5414 rem
2940 5360 3106 5429 ejus:
3171 5359 3357 5415 dixisti
3402 5369 3460 5413 ut
3510 5374 3631 5428 per.

2054 5451 2257 5514 deres;
2315 5449 2596 5519 paululum
2661 5462 2839 5508 autem
2884 5469 3081 5509 carnes
3102 5454 3221 5525 ejus
3260 5454 3399 5509 dicis
3427 5463 3487 5507 ut
3502 5468 3631 5523 per-

2056 5542 2176 5607 das,
2202 5550 2262 5595 ut
2296 5542 2395 5597 ista
2430 5542 2484 5597 in
2521 5544 2869 5616 simplicitate
2911 5548 3185 5603 sustinens
3227 5543 3349 5612 Job,
3375 5561 3631 5614 attgnteno

1850 5718 1917 5750 ⁷³·
1954 5716 2153 5774 Jerem.
2190 5728 2265 5789 sl,
2286 5718 2377 5774 l9.
