3880 6212
261 246 376 302 457

1374 241 1744 300 ANONYMUS
1783 241 1845 294 IN
1885 240 2022 296 JOB.
2063 267 2130 279 -—
2166 238 2293 294 LIB.
2328 241 2392 294 I'I.

3405 240 3509 295 458

265 371 385 415 tum
409 359 764 430 gloriosarum
797 371 1118 415 coronarum
1167 357 1419 429 accipiat,
1448 369 1503 414 et
1531 369 1608 422 tu,
1639 359 1831 429 inquit,
1863 369 1910 418 A
1937 356 2168 414 triticum
2187 357 2279 421 7“,
2301 365 2356 412 et
2377 363 2592 411 caetera.
2619 353 2740 410 Ilaec
2769 368 3000 424 namque
3021 356 3272 410 universa
3293 368 3512 426 propter

264 469 301 508 ο
343 451 807 516 versutediabole,
862 461 1210 521 augmentum
1265 452 1601 508 confusionis
1658 461 1712 506 et
1745 453 1837 508 de-

260 543 523 614 jectionis
564 552 726 610 atque
755 541 924 596 ruina:
952 541 1242 611 percipias,
1287 550 1474 612 utpote
1535 551 1587 596 et
1614 543 1679 596 de
1701 541 1837 597 caelo

234 627 526 703 jdejcctus,
554 642 608 687 et
646 633 696 686 in
728 632 892 686 terris
915 631 981 684 ab
1011 630 1113 686 Job
1153 640 1484 700 prostratus,
1511 633 1674 686 etiam
1699 641 1754 685 et
1781 631 1834 684 in

265 726 376 780 hoc
403 725 594 779 ultimo
623 734 948 794 exspectans
975 727 1201 796 quando
1231 740 1260 778 a
1299 725 1531 779 Domino
1553 724 1654 780 Job
1675 734 1838 794 atque

260 818 512 870 omnium
543 825 753 872 rectore
776 817 884 871 Deo
921 817 1213 888 Unigenito
1242 832 1336 886 per
1359 831 1577 872 crucem
1600 827 1837 886 proster-

261 908 418 961 naris
466 917 626 978 atque
693 908 745 960 in
799 908 999 962 inferos
1044 907 1398 978 demergaris.
1448 905 1547 974 Tu,
1591 907 1835 975 inquam,

261 999 454 1053 dixisti
484 1014 595 1053 rem
650 999 768 1069 ejus
799 1001 1023 1069 perdere
1051 1000 1171 1055 sine
1192 1014 1380 1064 causa,
1425 1008 1678 1068 nequeut
1700 1013 1840 1067 pra:-

259 1090 498 1156 cipiens,
550 1105 724 1159 neque
771 1101 831 1144 ut
872 1092 1167 1160 imperans.
1193 1089 1426 1145 Caruisti
1450 1090 1597 1143 enim
1641 1090 1763 1152 hoc,
1805 1106 1837 1142 υ

257 1181 503 1244 diabole,
529 1192 588 1236 ut
620 1197 738 1236 cum
771 1192 1040 1248 potestate
1070 1183 1221 1236 dicas
1275 1181 1533 1250 iubendo,
1565 1182 1650 1237 vel
1695 1197 1833 1250 pra:-

259 1274 560 1343 cipiendo:
608 1275 699 1328 sed
751 1275 932 1328 dixisti
985 1290 1258 1342 quaerens,
1284 1276 1588 1344 postulans,
1627 1275 1835 1345 suppli-

259 1379 419 1428 cans,
447 1374 654 1434 petens.
689 1366 800 1431 Sic,
839 1367 1080 1435 inquam,
1112 1368 1296 1422 dixisti
1330 1381 1443 1421 rem
1468 1367 1582 1436 ejus
1609 1367 1837 1436 perdere

257 1457 384 1510 sine
415 1472 598 1512 causa.
619 1458 754 1528 Age,
787 1459 982 1527 inquit,
1004 1461 1146 1528 quod
1177 1459 1290 1525 ille,
1316 1460 1417 1515 hoc
1445 1469 1551 1524 est,
1583 1459 1832 1513 diabolus

259 1549 338 1603 ita
373 1549 594 1614 dixerit,
644 1551 716 1603 ita
754 1553 992 1619 petierit,
1028 1553 1098 1604 ita
1127 1552 1422 1620 quaesierit,
1468 1553 1538 1605 ita
1570 1551 1833 1621 supplica«

257 1644 425 1708 verit,
472 1652 528 1698 tu
561 1659 690 1698 vero
748 1659 844 1698 cur
869 1645 1156 1708 exaudisti,
1207 1660 1305 1698 cur
1353 1644 1702 1712 acquievisti,
1738 1657 1837 1696 cur

260 1736 610 1798 dedisti,cur
633 1737 750 1791 sine
782 1752 945 1790 causa
977 1751 1088 1791 rem
1122 1735 1266 1791 illius
1299 1736 1429 1806 justi
1461 1737 1690 1805 perdere
1714 1751 1838 1805 per—
1870 1721 1913 1779 Β

264 1827 500 1881 misisti?
531 1825 610 1881 0b
637 1829 759 1891 hoc,
785 1827 981 1897 inquit,
1015 1827 1283 1893 exaudivi,
1319 1828 1387 1882 ob
1416 1830 1516 1882 hoc
1537 1842 1646 1882 rem
1679 1836 1838 1896 atque

263 1919 403 1974 ﬁlios
428 1919 546 1988 ejus
581 1919 804 1989 perdere
827 1920 1068 1987 permisi,
1098 1929 1154 1973 ut
1185 1928 1466 1988 appareret
1485 1917 1588 1973 Job
1603 1919 1836 1988 justitia,

259 2020 317 2064 et
344 2011 543 2065 diaboli
599 2010 883 2080 injustitia,
937 2020 989 2064 ut
1020 2019 1304 2080 appareret
1363 2025 1480 2065 mea
1527 2012 1750 2078 veritas,
1785 2021 1841 2065 et

262 2102 461 2156 diaboli
491 2102 852 2167 mendacium,
875 2111 934 2156 ut
975 2102 1207 2157 clareret
1237 2117 1412 2156 meum
1449 2102 1836 2167 testimonium,

239 2201 318 2246 et
347 2193 516 2262 iniqui
545 2193 687 2248 illius
706 2193 1066 2262 blasphemia.
1119 2193 1334 2258 Dixisti,
1369 2194 1562 2264 inquit,
1601 2195 1693 2249 sed
1732 2209 1836 2249 nou

262 2295 322 2340 ut
350 2285 565 2354 jubens.
587 2285 718 2351 Nisi,
750 2285 945 2355 inquit,
977 2287 1309 2353 exaudirem,
1349 2295 1402 2340 et
1428 2286 1833 2356 acquiescerem

261 2386 426 2444 atque
459 2377 725 2431 traderem
752 2391 964 2430 omnem
993 2391 1105 2430 rem
1160 2373 1262 2430 Job
1293 2377 1348 2430 in
1379 2385 1699 2444 potestatem
1722 2376 1842 2430 dia-

263 2467 393 2532 boli,
422 2477 477 2522 et
515 2469 737 2539 perdere
764 2482 921 2522 omne
952 2468 1218 2536 peculium
1242 2483 1306 2523 ac
1343 2467 1484 2522 ﬁlios
1545 2468 1703 2538 juxta
1751 2482 1842 2523 vo-

263 2559 526 2613 luntatem
551 2575 702 2613 suam
723 2560 1113 2630 permitterem,
1137 2573 1411 2627 nunquam
1437 2558 1622 2628 utique
1641 2573 1842 2629 cogno-

262 2660 444 2704 sceret
477 2650 744 2715 diabolus,
778 2651 902 2720 quia
947 2666 1051 2705 non
1092 2660 1311 2720 propter
1352 2665 1467 2706 rem
1499 2651 1726 2707 coluerit
1755 2666 1841 2706 me

263 2736 384 2804 Job,
453 2741 545 2794 sed
596 2751 816 2809 propter
870 2740 1191 2795 charitatem
1245 2756 1258 2792 :
1311 2753 1589 2810 nunquam
1655 2740 1841 2810 utique

263 2830 572 2898 quiesceret
605 2830 1025 2899 blasphemando
1051 2840 1270 2887 sanctos
1314 2840 1439 2884 ante
1469 2830 1635 2885 Deum
1668 2839 1721 2885 et
1745 2831 1841 2886 ho-

264 2922 463 2984 mines,
520 2921 612 2975 sed
665 2922 718 2975 in
776 2924 877 2976 hoc
921 2931 1090 2976 staret
1128 2931 1287 2991 atque
1349 2935 1539 2977 clunes
1591 2922 1840 2976 homines

263 3010 679 3079 scandalizaret,
704 3014 827 3082 quia
850 3023 904 3067 et
941 3013 1082 3068 Deus
1113 3013 1483 3069 favorabiliter
1532 3013 1836 3070 colentibus

261 3119 320 3158 se
348 3121 463 3159 rem
489 3107 656 3170 daret,
730 3116 783 3158 et
839 3105 1074 3160 colentes
1126 3105 1275 3159 illum
1331 3119 1434 3160 non
1461 3114 1682 3176 prOpter
1715 3104 1840 3160 dile-

262 3197 528 3260 ctionem,
561 3197 653 3251 sed
689 3208 910 3267 propter
951 3197 1027 3252 rei
1076 3196 1363 3251 familiaris
1383 3198 1612 3269 gratiam
1645 3197 1693 3251 ei
1725 3211 1839 3251 ser-

263 3288 466 3340 virent.
505 3285 695 3341 Merito
728 3301 859 3356 ergo
888 3301 956 3342 ne
1002 3296 1184 3355 posset
1217 3285 1332 3340 haec
1362 3286 1542 3340 dicere
1571 3282 1837 3348 diabolus,

265 3378 412 3432 dedit
431 3377 509 3431 illi
555 3378 607 3431 in
633 3387 951 3445 potestatem
977 3386 1030 3432 et
1066 3391 1178 3432 rem
1218 3374 1346 3441 Job,
1372 3384 1427 3430 et
1452 3375 1610 3442 ﬁlios,
1635 3385 1690 3430 et
1721 3382 1843 3444 post

265 3466 543 3535 paululum
573 3467 744 3535 ipsum
769 3481 963 3536 corpus
991 3466 1103 3535 ejus
1157 3468 1223 3522 ad
1257 3465 1600 3536 supplicium.
1628 3462 1686 3520 Si
1716 3478 1842 3534 ergo

265 3571 387 3611 cum
413 3566 560 3610 tanta
619 3556 929 3626 ingessisset
977 3556 1098 3620 Job,
1127 3567 1180 3611 et
1222 3556 1310 3611 ille
1337 3556 1389 3610 in
1415 3555 1605 3610 iisdem
1632 3555 1838 3624 gratia-

268 3663 386 3702 rum
415 3648 716 3702 actionibus
769 3659 930 3718 atque
985 3647 1418 3702 confessionibus
1466 3652 1843 3714 perseveraret

267 3741 468 3805 adhuc,
526 3755 686 3810 super
741 3740 853 3793 haec
905 3740 1084 3794 omnia
1140 3738 1330 3793 eadem
1369 3752 1498 3793 usus
1534 3745 1618 3792 est
1668 3736 1843 3806 impu-

270 3832 448 3886 dentia
510 3842 672 3901 atque
720 3831 1062 3900 improbitate
1100 3831 1284 3885 dicens
1318 3846 1334 3883 :
1370 3829 1588 3884 Corium
1634 3843 1728 3897 pro
1753 3843 1844 3882 co-

271 3926 348 3976 rio
385 3923 439 3953 ⁷⁸
475 3939 488 3974 :
536 3921 664 3991 quid
708 3922 908 3975 faceret
931 3922 976 3975 si
1003 3920 1242 3973 omnium
1287 3919 1545 3973 bonorum
1567 3914 1667 3972 Job
1695 3927 1844 3986 pote-

269 4026 462 4070 statem
486 4030 590 4068 non
604 4014 903 4083 acciperet?
921 4014 1000 4068 0b
1022 4013 1144 4077 hoc,
1165 4011 1361 4080 inquit,
1375 4009 1428 4063 in
1447 4019 1707 4080 potestate
1727 4009 1844 4078 ejus

271 4109 493 4173 tradidi,
545 4125 652 4163 non
696 4110 838 4175 quod
896 4105 1110 4160 diabolo
1165 4103 1379 4174 placere
1419 4102 1709 4165 voluerim,
1751 4102 1844 4155 sed

273 4210 443 4256 totum
469 4201 724 4254 mundum
790 4188 1084 4252 informare
1133 4195 1417 4260 festinans,
1469 4210 1588 4264 quae
1630 4193 1699 4247 sit
1727 4207 1843 4246 mea

269 4295 500 4363 justitia,
551 4301 606 4347 et
667 4291 867 4346 diaboli
911 4289 1194 4358 iniquitas,
1253 4288 1392 4342 livor
1457 4300 1679 4356 quoque
1727 4285 1846 4354 ejus

1944 449 2344 520 improbitatem
2389 461 2549 518 atque
2614 449 3026 517 impudentiam,
3083 448 3256 502 zelum
3299 464 3514 520 quoque

1944 558 2010 598 ac
2064 543 2320 600 invidiam
2376 540 2599 611 maligni
2646 556 2808 611 quam
2860 540 3027 594 habet
3075 540 3222 595 circa
3271 552 3513 604 sanctos,

1945 634 2091 688 dieta
2117 642 2261 688 sunt.
2299 633 2379 686 Ad
2408 646 2569 701 quem
2613 632 2681 684 de
2725 631 2843 684 istis
2891 632 3118 700 loquens
3155 631 3296 686 Deus
3321 631 3453 686 dicit
3493 649 3510 686 :

1947 726 2026 780 Tu
2059 737 2236 781 autem
2279 726 2454 792 petisti
2494 741 2601 778 rem
2634 723 2749 793 ejus
2798 725 3012 792 perdere
3072 726 3182 778 sine
3226 740 3387 778 causa
3441 725 3511 778 ".

1945 814 2110 883 Cujus
2142 817 2298 870 rem?
2335 815 2472 869 Justi
2514 829 2577 868 ac
2609 814 2681 883 pii
2717 822 2878 881 atque
2908 814 3175 868 credentis
3198 811 3323 868 Job.
3358 813 3513 868 Desi-

1945 909 2143 962 derain
2179 925 2284 962 rem
2323 910 2437 977 ejus
2461 907 2675 974 perdere
2700 906 2814 958 sine
2839 922 3019 968 causa,
3043 920 3141 973 pro
3171 915 3282 969 tuo,
3314 906 3510 974 inquit,

1946 1001 2062 1056 zelo
2100 1012 2258 1070 atque
2314 1000 2552 1062 invidia,
2603 1013 2702 1066 pro
2752 1008 2842 1052 tua
2887 999 3118 1067 maligna
3182 998 3511 1067 suspicione,

1943 1092 2292 1148 callidissime
2336 1090 2564 1147 diabole.
2601 1087 2788 1142 Petisti
2836 1107 2943 1143 rem
2990 1091 3103 1159 ejus
3148 1093 3365 1159 perdere
3402 1091 3515 1145 sine

1944 1201 2127 1250 causa,
2164 1185 2297 1240 nihil
2339 1197 2600 1254 peragens
2672 1183 2754 1236 vel
2801 1183 3118 1251 perﬁciens,
3179 1184 3282 1238 nisi
3342 1184 3512 1238 solam

1945 1277 2285 1347 iniquitatem
2313 1287 2460 1332 tuam
2491 1292 2652 1347 atque
2687 1279 2969 1332 malitiam.
3013 1277 3200 1332 Petisti
3243 1294 3349 1331 rem
3401 1279 3514 1346 ejus

1943 1370 2160 1437 perdere
2190 1371 2304 1423 sine
2326 1386 2510 1424 causa.
2539 1369 2709 1427 Porro
2742 1372 2861 1425 sine
2900 1385 3062 1424 causa
3103 1370 3284 1440 periit.
3334 1369 3515 1435 Quare

1945 1461 2151 1526 periit?
2184 1461 2430 1526 Diabolo,
2486 1463 2684 1532 inquit,
2743 1463 2862 1517 sine
2912 1475 3075 1516 causa
3121 1462 3304 1530 periit.
3367 1459 3515 1514 Nihil

1948 1553 2094 1606 enim
2129 1554 2335 1623 peregit
2369 1570 2543 1624 neque
2573 1555 2827 1623 perfecit,
2883 1570 3006 1608 cum
3032 1568 3145 1608 rem
3177 1553 3292 1621 ejus
3318 1553 3513 1620 perde-

1946 1654 2049 1708 ret,
2110 1645 2211 1698 nisi
2262 1660 2414 1700 suam
2458 1647 2812 1714 dejectionem
2867 1657 3031 1714 atque
3083 1645 3510 1698 humiliationem

1941 1738 2196 1792 ostendit.
2232 1736 2332 1792 Job
2373 1751 2504 1791 vero
2550 1737 2665 1792 haec
2697 1752 2782 1791 res
2815 1752 2921 1791 non
2963 1737 3082 1791 sine
3107 1750 3269 1791 causa
3319 1750 3514 1805 prove-

1940 1829 2038 1895 nit,
2067 1831 2160 1884 sed
2187 1830 2254 1884 ad
2278 1829 2546 1896 ingentem
2575 1828 2804 1897 gloriam
2835 1837 2890 1882 et
2922 1827 3130 1880 Iaudem
3158 1837 3318 1896 atque
3344 1829 3514 1882 hono-

1940 1933 2051 1973 rem
2080 1918 2240 1988 hujus
2276 1919 2353 1972 rei
2383 1918 2615 1988 perditio
2649 1917 2903 1988 provenit
2939 1932 3122 1971 coram
3168 1917 3278 1972 Deo
3309 1926 3362 1971 ct
3413 1933 3511 1972 an-

1939 2010 2075 2082 gelis
2105 2011 2221 2081 ejus
2260 2028 2274 2064 :
2309 2020 2363 2066 et
2421 2010 2561 2079 apud
2601 2012 2772 2065 Deum
2807 2010 2993 2081 gloriae
3041 2010 3408 2079 augmentatio
3462 2010 3512 2064 ei

1940 2103 2215 2172 provenit,
2236 2111 2290 2157 et
2319 2117 2482 2171 super
2505 2111 2707 2159 terram
2737 2102 2933 2172 duplex
2959 2117 3057 2171 pro
3078 2103 3515 2156 remuneratione

1943 2193 2181 2263 receptio
2209 2202 2370 2263 atque
2403 2193 2711 2247 retributio.
2773 2191 2865 2246 Sic
2912 2193 3098 2262 itaque
3147 2191 3360 2246 diabolo
3393 2193 3514 2261 qui-

1942 2283 2061 2337 dem
2095 2283 2214 2337 sine
2242 2297 2405 2337 causa
2458 2281 2602 2336 facta
2653 2290 2735 2337 est
2783 2280 2941 2350 hujus
2985 2283 3061 2336 rei
3100 2280 3356 2350 perditio.
3412 2280 3512 2337 Joh

1940 2385 2072 2426 vero
2121 2387 2227 2426 non
2265 2380 2348 2428 est
2379 2370 2526 2427 facta
2579 2372 2699 2426 sine
2751 2388 2935 2436 causa,
3000 2371 3093 2426 sed
3144 2385 3241 2438 pro
3298 2381 3514 2426 aeterna:

1940 2463 2290 2520 beatitudinis
2319 2463 2776 2528 remuneratione,
2799 2472 2851 2517 et
2874 2463 2926 2517 in
2960 2461 3114 2518 caelis
3136 2477 3317 2516 coram
3345 2477 3512 2530 ange-

1943 2552 2009 2609 lis
2044 2553 2160 2623 Dei,
2191 2564 2245 2609 et
2276 2555 2329 2607 in
2360 2563 2506 2608 terra
2555 2554 2610 2607 in
2655 2563 2947 2624 conspectu
2979 2554 3217 2607 omnium
3248 2553 3509 2622 gentium.

1943 2646 2235 2716 Increpans
2263 2660 2391 2717 ergo
2414 2654 2469 2700 et
2499 2646 2836 2716 redarguens
2866 2652 3027 2713 atque
3056 2644 3350 2714 objurguns
3395 2643 3515 2698 dia-

1943 2739 2152 2804 bolum,
2184 2739 2320 2793 dixit
2349 2758 2360 2792 :
2397 2737 2476 2792 Tu
2521 2755 2638 2793 vero
2682 2737 2858 2806 petisti
2886 2752 2994 2790 rem
3026 2737 3142 2804 ejus
3163 2736 3380 2804 perdere
3402 2736 3514 2789 sine

1944 2848 2128 2894 causa,
2184 2838 2240 2884 tu
2273 2830 2620 2896 desiderasti,
2686 2839 2741 2883 tu
2777 2829 2984 2899 petisti,
3042 2837 3094 2882 tu
3127 2828 3393 2898 quaesisti,
3457 2837 3512 2882 tu

1946 2937 2058 2976 rem
2103 2920 2219 2991 ejus
2266 2919 2530 2976 festinasti
2567 2921 2793 2991 perdere
2835 2922 2954 2975 sine
2983 2935 3186 2987 causa;
3253 2929 3511 2990 tanquam

1944 3013 1988 3068 si
2018 3012 2226 3068 diceret
2251 3027 2266 3064 :
2299 3012 2399 3068 Ubi
2429 3020 2512 3068 est
2533 3013 2878 3083 praesumptio
2907 3022 3023 3080 tua,
3046 3026 3080 3065 ο
3109 3011 3338 3080 diabole,
3365 3014 3508 3083 quod

1944 3121 2063 3162 mox
2111 3117 2170 3160 ut
2201 3122 2313 3162 rem
2359 3106 2476 3176 ejus
2519 3105 2840 3161 abstulisses
2878 3105 3136 3161 continuo
3177 3120 3301 3160 eum
3351 3121 3380 3160 a
3425 3107 3512 3177 pia

1942 3195 2037 3251 Dei
2063 3195 2274 3251 cultura
2297 3205 2459 3266 atque
2490 3196 2606 3266 ejus
2635 3196 2935 3267 gratiarum
2986 3195 3290 3251 actionibus
3336 3197 3515 3252 disce-

1944 3287 2071 3341 dere
2121 3286 2388 3342 fecisses?
2444 3285 2544 3342 Ubi
2601 3296 2704 3351 est,
2772 3286 2969 3355 inquit,
3033 3288 3343 3357 arrogantia
3399 3298 3513 3351 tua,

1946 3378 2206 3432 bonorum
2252 3380 2493 3433 omnium
2537 3379 2756 3434 inimice
2775 3379 3022 3435 diabole?
3049 3380 3148 3435 Ubi
3171 3381 3518 3436 tumultuatio

1947 3478 2035 3523 tua
2065 3482 2224 3539 atque
2249 3469 2481 3525 seditio?
2511 3469 2612 3526 Ubi
2643 3470 2797 3526 labor
2830 3479 2953 3526 tuus
2982 3481 3145 3541 atque
3172 3472 3513 3527 sollicitudo?

1949 3560 2047 3615 Ubi
2075 3560 2351 3615 contentio
2376 3574 2463 3614 tua
2499 3569 2663 3631 atque
2685 3561 2972 3616 altercatio
2997 3561 3020 3614 ‘l
3047 3561 3327 3617 Laborasti
3363 3565 3512 3616 enim

1947 3663 2106 3722 atque
2140 3653 2364 3707 certasti
2396 3653 2537 3707 bella
2585 3654 2797 3708 diversa
2828 3654 3192 3719 conﬁciendo,
3239 3662 3294 3708 et
3337 3665 3516 3710 castra

1945 3743 2265 3808 statuendo,
2294 3753 2349 3797 et
2381 3745 2594 3813 equites
2621 3745 3072 3808 demonstrando,
3107 3753 3163 3798 et
3211 3745 3333 3815 igne
3381 3761 3516 3800 exu-

1946 3835 2136 3899 rendo,
2174 3843 2229 3889 et
2261 3845 2448 3890 ventos
2492 3837 2853 3901 admovendo,
2897 3844 2952 3889 et
2997 3835 3347 3890 fundamenta
3385 3852 3518 3903 qua-

1948 3927 2151 3991 tiendo,
2186 3937 2243 3982 et
2266 3927 2455 3982 domos
2494 3927 2797 3998 dejiciendo
2822 3936 2984 3998 atque
3017 3943 3228 3984 omnem
3258 3929 3516 3984 sollicitu-

1945 4015 2128 4070 dinem
2167 4017 2586 4073 demoustrando
2610 4060 2625 4084 ,
2662 4017 2868 4086 utjusti
2914 4018 3016 4073 Job
3051 4033 3161 4071 rem
3190 4028 3354 4088 atque
3381 4021 3520 4077 filios

1948 4107 2368 4176 perderes:sed
2411 4107 2616 4163 frustra
2675 4111 2885 4165 exstitit
2940 4111 3126 4181 ingens
3187 4121 3310 4165 tuus
3363 4111 3518 4166 labor

1947 4207 2108 4267 atque
2155 4198 2482 4254 sollicitudo.
2533 4199 2664 4254 Rem
2713 4203 2858 4255 enim
2908 4199 3010 4254 Job
3066 4202 3369 4270 perdidisti,
3424 4202 3520 4256 sed

1942 4290 2208 4356 justitiam
2236 4291 2353 4361 ejus
2382 4306 2485 4345 non
2512 4293 2817 4363 perdidisti,
2850 4293 2942 4347 sed
2969 4294 3128 4348 fidem
3159 4295 3276 4362 ejus
3307 4309 3371 4348 ac
3399 4296 3518 4364 pie-

275 4394 438 4454 atque
470 4384 688 4447 invidia,
732 4393 785 4437 et
813 4397 932 4452 quae
965 4383 1033 4435 sit
1060 4381 1330 4448 justorum
1362 4379 1494 4433 ﬁdes
1519 4387 1573 4430 et
1611 4377 1846 4433 tolerau-
1876 4399 1922 4454 ι)
1953 4388 2118 4435 tatem
2173 4399 2279 4438 non
2349 4384 2654 4454 dissipasti.
2693 4385 2896 4438 Idcirco
2946 4387 3092 4450 andi,
3145 4387 3339 4456 inquit,
3395 4402 3518 4441 cum

279 4481 374 4542 tia,
404 4478 486 4532 vel
518 4477 733 4531 dilectio
772 4491 958 4529 eorum
999 4475 1146 4529 circa
1199 4489 1306 4528 me.
1365 4473 1630 4528 Similiter
1668 4471 1844 4541 petiit,

275 4581 329 4626 et
355 4579 506 4642 petet
532 4582 703 4638 usque
730 4569 781 4622 in
815 4569 976 4621 finem
1010 4566 1190 4621 smeuli
1216 4581 1315 4636 pro
1337 4564 1588 4619 omnibus
1619 4563 1846 4626 sanctis,

275 4670 336 4714 ut
377 4669 694 4729 potestatem
719 4657 947 4726 accipiat
980 4665 1037 4710 ut
1070 4671 1299 4726 corpora
1329 4669 1517 4708 eorum
1540 4653 1760 4721 affligat,
1791 4659 1847 4704 et

278 4755 492 4807 animas
544 4766 729 4805 eorum
787 4757 992 4817 tangat.
1057 4749 1148 4802 Sic
1206 4745 1394 4800 afﬂixit
1431 4755 1699 4816 martyres
1751 4758 1848 4812 per

278 4846 555 4914 principes
584 4844 744 4913 hujus
785 4842 1001 4906 mundi,
1035 4840 1155 4910 igue
1211 4850 1264 4893 et
1310 4839 1487 4908 gladio
1523 4853 1850 4893 consumens

280 4952 474 4991 carnes
501 4951 710 4990 eorum.
744 4933 867 4987 Haec
905 4947 1136 5002 namque
1181 4931 1281 4986 fuit
1306 4931 1556 4985 voluntas
1580 4940 1634 4985 et
1662 4930 1852 5000 petitio

281 5027 502 5091 diaboli,
558 5036 616 5080 ut
652 5036 869 5081 sanctos
923 5025 1206 5080 tormentis
1251 5023 1508 5078 alliceret:
1540 5034 1702 5090 atque
1744 5031 1854 5074 tor-

281 5131 494 5188 queret.
536 5117 602 5170 Et
655 5121 767 5174 hzec
815 5119 918 5172 fuit
949 5129 1259 5173 sanctorum
1305 5117 1505 5179 oratio,
1565 5127 1622 5167 ut
1669 5113 1847 5166 omnia

282 5209 544 5277 Supplicia
587 5219 806 5278 propter
841 5208 1008 5262 Deum
1039 5210 1370 5262 sustinentes
1409 5215 1628 5259 aeterna;
1665 5202 1848 5274 gloriae

282 5301 422 5369 apud
458 5315 578 5354 eum
608 5300 657 5353 in
698 5301 802 5355 ﬁde
834 5299 1171 5355 efficerentur
1200 5299 1458 5353 haeredes.
1483 5295 1636 5362 Quod
1671 5305 1849 5348 autem

285 5394 402 5448 hrec
455 5404 603 5462 petat
645 5394 916 5460 diabolus,
977 5391 1213 5447 ostendit
1261 5391 1538 5444 evidenter
1594 5385 1851 5439 Dominus

286 5481 476 5540 dicens
507 5504 520 5539 :
557 5481 786 5541 Sdtanas
829 5481 984 5554 petiit
1038 5495 1094 5538 ut
1152 5499 1249 5537 vos
1292 5481 1548 5535 cribraret
1604 5490 1852 5548 tanquam

358 5650 403 5680 "
431 5649 532 5704 Job
568 5666 626 5712 ιι,
663 5650 714 5703 ιι.
789 5650 858 5680 ⁷⁸·
912 5648 1041 5702 Luc.
1075 5663 1212 5708 xxii,
1241 5647 1330 5702 5|.

608 5747 870 5807 I’nnou
927 5746 1042 5806 Gn.
1093 5745 1292 5806 XVII.

1410 5646 1452 5677 τ’
1486 5641 1585 5703 Job
1615 5659 1674 5707 ιι,
1710 5642 1765 5698 ὗ.
1842 5639 1910 5672 ⁷⁷*

1945 4473 2315 4542 increpatione
2343 4493 2356 4530 :
2386 4476 2579 4531 Petisti
2607 4492 2712 4530 rem
2757 4477 2873 4545 ejus
2913 4478 3128 4546 perdere
3155 4480 3268 4533 sine
3298 4495 3464 4533 causa
3494 4493 3515 4533 :

1947 4563 2040 4616 sed
2074 4563 2200 4616 olim
2233 4564 2454 4631 quidem
2505 4581 2616 4619 rem
2663 4563 2763 4620 Job
2803 4567 2921 4620 sine
2975 4583 3135 4621 causa
3193 4567 3519 4636 perdidisti;

1948 4663 2072 4721 post
2112 4654 2215 4707 hoc
2260 4663 2437 4707 autem
2475 4671 2593 4708 cum
2648 4656 2908 4710 Dominus
2939 4657 3176 4710 venisset
3223 4658 3290 4712 ad
3323 4667 3522 4724 terras,

1950 4744 2092 4799 illius
2118 4746 2381 4814 unguenti
2420 4745 2781 4815 perditionem
2832 4749 3002 4817 gratis
3053 4748 3167 4802 fieri
3217 4748 3523 4816 aestimasti,

1950 4837 2137 4890 dicens
2176 4851 2270 4905 per
2335 4850 2396 4890 os
2457 4834 2606 4891 Judaa
2643 4855 2657 4890 :
2696 4836 2891 4907 thuid
2945 4839 3054 4893 haec
3093 4840 3317 4908 perditio
3364 4840 3525 4908 hujus

1952 4930 2202 4998 unguenti
2237 4928 2380 4996 facta
2428 4938 2501 4981 est
2551 4929 2662 4982 "‘7
2729 4931 2792 4983 Et
2854 4941 3184 5001 unguentum
3223 4947 3354 4986 sane
3384 4933 3527 5000 quod

1952 5035 2052 5088 pro
2083 5021 2223 5075 bono
2269 5035 2389 5073 cum
2429 5018 2534 5073 ﬁde
2578 5019 2805 5075 effusum
2854 5033 2938 5076 est
2983 5024 3341 5092 perditionem
3381 5023 3528 5091 judi-

1958 5113 2140 5166 casti:
2181 5127 2291 5166 rem
2321 5128 2452 5167 vero
2495 5113 2600 5168 Job
2643 5129 2763 5182 qua:
2818 5132 2939 5168 cum
3000 5116 3286 5185 iniquitate
3344 5118 3524 5186 periit,

1958 5205 2316 5273 perditionem
2350 5220 2455 5257 non
2487 5204 2793 5258 :estimasti.
2823 5205 2887 5258 Et
2915 5205 3055 5273 quod
3086 5205 3259 5272 majus
3286 5217 3368 5260 est
3400 5208 3526 5269 hoc,

1959 5305 2294 5364 unguentum
2327 5295 2455 5349 illud
2479 5295 2622 5365 quod
2655 5310 2685 5349 a
2719 5294 2853 5350 Juda
2886 5295 3115 5349 effusum
3143 5308 3255 5360 est,
3294 5298 3394 5351 hoc
3421 5307 3526 5357 est,

1959 5388 2277 5457 sanguinem
2310 5386 2590 5457 Unigeniti
2635 5389 2995 5458 perditionem
3060 5389 3341 5458 reputasti.
3395 5386 3528 5441 Nam

1961 5478 2102 5532 sicut
2137 5492 2260 5532 cum
2307 5477 2419 5534 illic
2467 5490 2794 5553 unguentum
2829 5481 2961 5536 illud
3007 5478 3396 5544 effunderetur,
3445 5493 3531 5532 re-

1962 5637 2128 5695 Marc.
2183 5653 2294 5705 xlv,
2327 5638 2382 5694 4.

3180 5729 3246 5790 15
