3884 6218
339 251 445 310 459

1445 247 1830 305 ANONYMUS
1870 246 1936 301 IN
1975 245 2113 303 JOB.
2156 280 2222 290 ——
2261 246 2390 305 LIB.
2434 248 2501 305 11.

3495 257 3602 312 460

341 369 482 438 pieta
528 377 613 423 est
653 366 847 424 domus
878 368 966 423 illa
1004 366 1263 439 unguenti
1303 368 1467 424 odore
1500 387 1515 437 ;
1546 370 1618 423 ita
1675 379 1730 423 et
1772 368 1908 433 istic,
1944 372 1988 429 Α
2020 367 2269 425 fortiore.
2317 370 2604 437 Minorem,
2656 372 2852 441 inquit,
2892 388 2955 430 ac
2988 374 3250 430 leviorem
3288 384 3454 445 atque
3486 392 3598 429 mo-

342 460 394 514 id
427 469 533 525 est,
569 460 623 515 in
673 462 925 531 passione
956 461 1199 524 Domini,
1243 476 1366 517 cum
1421 462 1645 531 sanguis
1704 460 1915 514 Domini

339 550 734 621 effunderetur,
766 554 1005 623 repletus
1033 564 1116 608 est
1151 554 1297 609 orbis
1332 562 1490 608 terra:
1514 554 1706 608 salutis
1737 552 1918 607 suavi-

343 655 475 700 tate.
509 645 619 700 Sed
650 646 703 700 in
731 646 991 701 omnibus
1026 661 1131 700 non
1160 646 1395 701 cessavit
1428 645 1820 715 nequissimus,
1863 657 1919 699 et.

341 738 618 809 improbus
650 749 814 809 atque
853 739 1139 807 impudens
1167 738 1418 793 diabolus
1447 778 1463 805 ,
1498 751 1679 808 neque
1729 737 1918 791 confu-

341 844 459 883 sum
490 845 549 886 se
574 830 929 897 recognovit:
964 830 1058 884 sed
1107 839 1366 899 tanquam
1412 829 1567 884 canis
1608 828 1826 884 rabidus
1850 830 1915 881 ad

339 921 590 976 baculum
617 921 801 975 infelix
840 922 1107 987 cucurrit,
1134 937 1255 976 cum
1285 924 1522 993 priorem
1558 938 1711 977 suam
1741 922 1919 977 defor-

342 1015 585 1070 mitatem
628 1030 734 1069 non
764 1014 1038 1085 intelligit,
1073 1016 1165 1070 sed
1210 1027 1395 1084 sperat
1426 1017 1566 1085 quod
1607 1031 1702 1085 per
1734 1015 1919 1069 novis-

341 1107 539 1161 simum
580 1106 779 1162 bellum
831 1109 1071 1178 priorem
1129 1109 1341 1163 ruinam
1395 1115 1579 1176 posset
1630 1108 1915 1170 resarcire,

341 1199 592 1253 nesciens
623 1199 790 1254 miser
810 1201 956 1269 quod
1000 1200 1299 1254 novissima
1340 1199 1522 1270 pejora
1564 1199 1836 1268 prioribus
1866 1199 1914 1252 ei

340 1304 522 1347 essent
544 1292 845 1348 efficienda.
872 1293 1080 1346 idcirco
1105 1300 1225 1363 post
1251 1292 1367 1347 haec
1390 1296 1671 1355 universa,
1696 1306 1918 1360 respon-

340 1386 419 1439 dit
448 1384 697 1439 diabolus
725 1395 850 1439 aute
880 1385 1069 1448 Deum,
1107 1394 1160 1438 et
1186 1384 1321 1438 dixit
1347 1402 1360 1437 :
1388 1384 1602 1439 Corium
1631 1402 1725 1454 pro
1753 1385 1913 1439 corio.

339 1477 384 1532 Ο
440 1477 770 1546 imprudentia
835 1485 999 1546 atque
1058 1477 1380 1546 improbitas
1432 1487 1563 1543 tua,
1603 1492 1636 1531 ο
1670 1477 1911 1545 ἁῑειὶιοιθζε

340 1578 545 1624 tantam
573 1569 969 1624 deformitatem
1002 1577 1169 1639 atque
1219 1569 1596 1625 confusionem
1633 1574 1777 1623 tua‘m
1810 1586 1917 1623 non

338 1662 666 1728 consideras,
700 1664 793 1718 sed
825 1662 1192 1717 inverecunde
1228 1670 1393 1731 atque
1437 1661 1759 1724 identidem,
1814 1660 1916 1715 hoc

2020 461 2349 517 deratiorem
2410 463 2688 519 sustinens
2726 464 2827 520 Job
2855 466 3099 521 dolorem
3140 466 3360 520 videtur
3421 467 3603 521 adhuc

2021 552 2389 606 constantiam
2424 552 2650 618 habere,
2685 569 2783 623 pro
2812 555 3153 625 gravioribus
3201 555 3403 611 leviora
3440 557 3603 612 facile

2019 643 2313 707 sustinens,
2355 658 2454 712 pro
2485 645 2814 700 arctioribus
2846 647 3063 701 mitiora
3089 647 3285 702 leniter
3314 646 3599 705 suﬂ‘erens.

2019 736 2154 791 Nam
2182 738 2361 793 omnis
2386 752 2573 809 pmna,
2612 748 2667 793 et
2694 740 2873 795 omnis
2909 739 3069 795 dolor
3093 741 3186 811 qui
3216 741 3350 797 foris
3381 743 3540 798 fuerit
3570 760 3601 799 a

2019 845 2272 901 corpore,
2319 832 2490 887 levior
2519 832 2739 887 videtur
2771 847 2892 888 esse
2921 835 3094 905 magis
3129 851 3289 906 quam
3333 836 3405 890 illi
3446 837 3599 893 dolo-

2020 938 2129 987 res,
2163 923 2253 993 qui
2288 933 2418 979 sunt
2462 924 2515 978 in
2548 939 2796 993 corpore.
2851 924 2976 980 Ideo
3022 928 3232 981 corium
3278 942 3375 997 pro
3424 926 3598 992 corio,

2020 1014 2124 1069 hoc
2159 1025 2245 1069 est
2282 1029 2445 1085 paena
2476 1016 2654 1072 minor
2681 1032 2779 1086 pro
2812 1031 2970 1085 paena
3003 1018 3230 1087 majore,
3256 1018 3410 1073 dolor
3432 1018 3603 1074 levior

2020 1118 2119 1172 pro
2150 1105 2336 1159 dolore
2365 1105 2792 1161 vehementiore.
2835 1105 2967 1159 Nam
2999 1107 3148 1161 aliud
3176 1117 3261 1161 est
3293 1123 3406 1162 rem
3438 1106 3599 1162 fami-

2025 1194 2217 1250 liarem
2253 1198 2607 1262 amittere,'et
2638 1197 2961 1251 detrimenta
2985 1197 3279 1261 sustinere,
3297 1197 3440 1253 aliud
3469 1213 3602 1255 sane

2021 1300 2109 1345 est
2138 1293 2402 1345 carnibus
2432 1292 2567 1361 ipsis
2601 1299 2921 1359 putrescere
2946 1332 2960 1357 ,
2990 1301 3043 1345 et
3073 1290 3348 1346 vermibus
3381 1291 3599 1361 repleri,

2019 1395 2075 1437 et
2107 1383 2161 1437 in
2193 1383 2471 1452 pulverem
2502 1392 2661 1439 terra:
2691 1381 3045 1437 commassari
3078 1382 3305 1437 humore
3334 1382 3601 1447 ulcerum,

2022 1474 2113 1545 qui
2137 1490 2201 1529 ex
2229 1474 2362 1544 ipsis
2387 1473 2812 1544 liquescentibus
2841 1474 3096 1528 carnibus
3126 1473 3362 1529 eiicitur.
3389 1474 3602 1531 Idcirco

2021 1566 2180 1621 facile
2226 1567 2461 1620 sustinet
2509 1564 2611 1620 Job
2665 1565 2955 1620 exterioris
3012 1564 3150 1620 corii
3210 1565 3449 1621 dolorem
3500 1580 3602 1634 pro

2021 1657 2209 1711 dolore
2260 1656 2398 1711 corii
2444 1657 2891 1727 propinquioris,
2959 1656 3103 1711 hanc
3173 1657 3253 1711 rei
3310 1654 3603 1712 familiaris

338 1760 444 1816 est,
469 1752 664 1806 iterum
696 1761 859 1822 atque
882 1753 1079 1807 iterum
1107 1730 1347 1808 recurris
1377 1752 1653 1807 contraria
1685 1752 1917 1807 tibimet—
1947 1730 1990 1789 Β
2017 1750 2380 1818 direptionem
2413 1764 2511 1818 pro
2542 1750 2786 1820 corporis
2829 1748 3141 1804 afflictione.
3180 1749 3429 1816 Quandiu
3468 1764 3603 1820 ergo

339 1844 438 1913 ipsi
467 1844 732 1915 loquendo
758 1859 822 1900 ac
844 1845 1072 1901 dicendo
1098 1856 1260 1914 atque
1285 1845 1600 1915 quaerendo,
1626 1852 1682 1899 et
1720 1852 1917 1899 temet-

337 1933 514 2003 ipsum
572 1936 923 1991 destruendo.
985 1936 1227 1992 Primum
1274 1937 1420 1991 enim
1464 1936 1645 1991 dixiin
1687 1951 1809 1991 cum
1849 1937 1915 1990 ad

339 2025 508 2081 Deum
547 2026 614 2081 de
637 2027 738 2082 Job
763 2027 973 2083 locutus
1004 2028 1199 2083 fuisses
1234 2052 1248 2084 -.
1281 2027 1447 2084 Aufer
1480 2028 1555 2082 illi
1594 2044 1730 2093 rem,
1762 2027 1915 2098 priva

336 2134 459 2173 eum
499 2120 722 2183 divitiis,
760 2121 943 2176 minue
988 2135 1110 2175 eum
1151 2119 1425 2191 0puleutia
1454 2161 1469 2186 ,
1523 2113 1748 2175 humilia
1791 2136 1914 2175 eum

337 2210 405 2265 de
440 2210 747 2277 altitudine,
785 2210 996 2265 denuda
1029 2211 1180 2265 illum
1211 2211 1295 2266 his
1315 2227 1436 2280 quze
1470 2209 1690 2275 dedisti,
1721 2211 1766 2266 si
1806 2227 1913 2265 non

337 2300 596 2354 continuo
628 2301 678 2355 in
706 2300 897 2356 faciem
934 2300 1279 2356 maledixerit
1317 2302 1448 2365 tibi,
1497 2311 1553 2356 et
1593 2303 1913 2365 detraxerit,

336 2398 499 2458 atque
529 2387 1013 2458 blasphemaverit,
1040 2390 1196 2459 quasi
1224 2406 1479 2460 magnum
1517 2390 1683 2446 fuerit
1709 2393 1834 2454 hoc,
1857 2401 1915 2445 ut

337 2481 537 2536 divitias
571 2490 735 2548 atque
762 2495 848 2535 res
886 2481 1004 2550 ejus
1039 2480 1334 2536 familiares
1362 2480 1733 2537 auferrentur.
1760 2482 1913 2550 Quod

337 2587 463 2639 ergo
488 2582 614 2628 tunc
640 2572 1026 2643 magnificasti,
1075 2580 1133 2625 ut
1174 2574 1226 2629 ei
1280 2589 1368 2629 res
1404 2573 1703 2630 familiares
1732 2573 1916 2629 aufer-

336 2674 547 2731 rentur,
576 2666 683 2720 hoc
718 2680 860 2720 nunc
888 2664 1144 2719 nimirum
1179 2665 1441 2721 minoras.
1466 2665 1617 2732 Quod
1646 2675 1774 2720 tunc
1802 2667 1915 2720 sin-

336 2755 522 2824 guiare
556 2769 719 2827 atque
767 2756 1135 2812 indubitabile
1160 2756 1417 2827 judicasti
1444 2798 1460 2823 ,
1500 2760 1643 2828 quod
1687 2757 1915 2814 sublatis

337 2849 542 2903 divitiis
594 2847 696 2903 Job
746 2849 1006 2903 continuo
1057 2858 1203 2904 esset
1247 2849 1767 2920 blasphematurus,
1812 2851 1916 2906 hoc

337 2941 688 2996 nihilominus
712 2956 855 2996 nunc
882 2942 948 2995 ad
976 2940 1201 2995 nihilum
1219 2942 1467 3013 redigens
1490 2943 1628 2997 dicis
1653 2940 1905 2997 :Corium

2020 1841 2279 1896 leviorem
2318 1840 2562 1894 dolorem
2591 1840 2845 1905 sustinet,
2880 1840 2973 1894 illo
3009 1855 3180 1909 usque
3205 1855 3235 1894 a
3279 1849 3330 1894 te
3357 1856 3463 1894 non
3490 1841 3602 1895 dis-

2018 1932 2182 1995 cedit,
2208 1947 2383 2003 neque
2406 1932 2624 2001 negabit
2655 1940 2725 1986 te.
2766 1930 3020 1999 lmmuta,
3058 1933 3256 2002 inquit,
3290 1932 3461 1999 coria,
3496 1934 3601 1987 hoc

2017 2031 2101 2079 e'st
2131 2024 2353 2077 immuta
2384 2023 2600 2078 dolores
2626 2063 2642 2087 ,
2686 2031 2741 2077 et
2782 2023 3039 2078 continuo
3076 2023 3347 2078 immutari
3382 2038 3504 2078 eum
3531 2024 3599 2076 ad

2017 2115 2413 2185 blasphemiam
2457 2114 2681 2169 senties.
2732 2111 2982 2180 Corium,
3027 2115 3223 2183 inquit,
3278 2130 3376 2183 pro
3432 2116 3597 2167 corio.

2021 2210 2189 2280 llujus
2222 2210 2299 2265 rei
2330 2210 2637 2280 exemplum
2666 2206 2828 2261 etiam
2868 2208 2922 2261 in
2967 2206 3123 2262 nobis
3157 2207 3424 2264 videmus.
3460 2204 3598 2260 Nam
3650 2191 3662 2203 ’

2018 2317 2141 2356 cum
2183 2302 2495 2371 percutitur
2547 2301 2797 2371 quilibet,
2846 2298 2933 2354 vei
2980 2299 3224 2360 caeditur,
3282 2297 3604 2365 frequenter

2017 2405 2238 2447 manum
2280 2407 2376 2462 pro
2406 2401 2517 2447 toto
2546 2394 2777 2464 porrigit
2805 2406 3061 2461 corpore,
3087 2400 3144 2445 et
3166 2390 3404 2460 protegit
3427 2396 3597 2457 caput

2016 2495 2073 2537 et
2103 2484 2325 2538 dorsum
2356 2499 2544 2547 manu,
2579 2492 2634 2538 et
2668 2483 2882 2537 videtur
2909 2481 3007 2549 illi,
3053 2491 3112 2535 ut
3141 2482 3194 2535 in
3227 2495 3387 2534 manu
3422 2480 3599 2549 magis

2018 2573 2356 2643 percutiatur
2383 2589 2545 2643 quam
2572 2574 2623 2627 in
2656 2573 2841 2639 dorso,
2866 2573 2949 2628 vel
2975 2573 3176 2643 capite,
3203 2582 3258 2627 et
3275 2572 3367 2625 dat
3385 2572 3599 2626 corium

2015 2676 2116 2731 pro
2158 2660 2330 2725 corio,
2381 2662 2588 2715 corium
2623 2677 2819 2717 manus
2866 2677 2966 2733 pro
3006 2663 3160 2717 corio
3201 2662 3415 2731 capitis.
3470 2660 3600 2717 Haec

2018 2753 2206 2821 itaque
2238 2751 2492 2807 universa
2522 2752 2815 2824 designans
2838 2755 3207 2822 nequissimus
3237 2752 3436 2808 callide
3464 2752 3600 2807 dicit

2019 2844 2087 2901 de
2110 2843 2234 2912 Job,
2269 2842 2487 2900 Corium
2518 2863 2611 2914 pro
2640 2847 2804 2900 corio.
2836 2845 2971 2900 Nam
3007 2847 3151 2901 sicut
3188 2845 3244 2900 bi
3287 2845 3380 2915 qui
3425 2859 3598 2913 vapu-

2017 2938 2152 3007 lant,
2222 2940 2375 2994 corio
2434 2956 2626 2997 manus
2703 2942 2934 2997 alterum
3000 2942 3247 3011 corporis
3307 2950 3598 3011 protegunt

335 3045 431 3099 pro
455 3032 619 3085 corio.
676 3030 897 3086 Corium
946 3030 1260 3085 divitiarum
1305 3046 1405 3101 pro
1448 3033 1603 3087 corio
1641 3034 1908 3103 corporis,
1939 3071 1982 3131 ο
2018 3031 2248 3095 corium,
2278 3033 2346 3087 ob
2368 3031 2470 3087 hoc
2488 3040 2702 3087 tantum
2730 3042 2787 3088 ut
2816 3033 3301 3104 corpusintegrum
3325 3032 3595 3087 habeant:

334 3122 543 3177 corium
584 3123 849 3177 bonorum
899 3136 998 3191 pro
1045 3123 1195 3177 corio
1239 3124 1468 3178 ossium.
1525 3122 1650 3178 Haec
1680 3140 1914 3194 namque

335 3226 443 3269 auo
469 3215 616 3269 coria
650 3215 871 3286 repetit,
908 3231 973 3270 ac
1006 3224 1277 3270 memorat
1303 3215 1425 3271 istic
1468 3215 1714 3272 diabolus
1750 3234 1762 3271 :
1799 3231 1911 3271 rem

337 3305 656 3360 familiarem
707 3315 763 3360 et
806 3306 1026 3361 divitias
1082 3307 1326 3362 exterius
1380 3308 1623 3376 corium;
1687 3310 1914 3364 interius

334 3410 467 3450 vero
521 3397 731 3451 corium
771 3410 969 3468 corpus
1027 3407 1083 3453 et
1142 3412 1289 3453 ossa.
1341 3398 1561 3454 Corium
1614 3401 1755 3470 quod
1806 3416 1912 3456 non

335 3487 491 3541 valde
536 3487 737 3552 doleat,
786 3503 899 3543 rem
947 3487 1310 3554 familiarem;
1342 3490 1552 3544 corium
1583 3493 1727 3561 quod
1760 3493 1914 3547 valde

338 3578 538 3642 doleat,
572 3580 778 3634 corium
811 3579 1081 3649 corporis.
1123 3576 1251 3634 Haec
1284 3579 1491 3635 scilicet
1517 3583 1762 3651 cogitans
1800 3598 1914 3637 ma-

336 3671 676 3740 lignissimus
709 3670 980 3734 diabolus,
1008 3686 1034 3723 a
1064 3685 1173 3740 quo
1200 3687 1474 3740 nunquam
1501 3673 1658 3729 make
1699 3674 1911 3739 cogita-

338 3764 515 3817 tiones
553 3761 826 3823 deficiunt,
893 3762 1008 3815 haec
1056 3776 1185 3832 ergo
1246 3764 1616 3832 nequissimus
1669 3765 1914 3821 diabolus

338 3854 586 3922 nequiter
623 3863 785 3923 atque
812 3853 1008 3909 callide
1047 3863 1311 3920 tractans,
1357 3856 1491 3911 dicit
1519 3857 1585 3911 ad
1624 3856 1910 3913 Dominum

337 3945 404 3999 de
427 3944 527 3999 Job
552 3964 563 3998 :
584 3942 800 3998 Corium
816 3962 911 4014 pro
927 3946 1095 4013 corio,
1125 3962 1188 4002 ac
1217 3946 1262 4002 si
1286 3947 1529 4003 diceret:
1557 3949 1694 4016 Quid
1731 3952 1912 4022 magni

336 4051 528 4105 passus
554 4046 636 4090 est
662 4034 800 4090 Joh?
840 4037 968 4107 quid
996 4053 1161 4108 grave
1185 4039 1406 4094 sustulit
1429 4039 1516 4095 hic
1546 4056 1705 4110 quem
1729 4042 1913 4097 defen-

338 4127 456 4180 dis?
511 4126 641 4181 Rem
692 4126 1015 4183 familiarem
1066 4138 1120 4184 et
1155 4129 1294 4184 filios
1337 4132 1542 4197 amisit,
1581 4133 1676 4187 sed
1727 4144 1913 4202 sperat

336 4219 479 4287 quod
512 4233 698 4272 rursus
719 4229 774 4274 et
806 4234 920 4273 rem
948 4229 1005 4275 et
1046 4219 1185 4275 filios
1215 4221 1483 4291 acquirat,
1513 4224 1739 4279 confidit
1767 4226 1911 4296 quod

335 4318 390 4363 et
416 4308 706 4363 identidem
741 4312 833 4364 des
860 4311 1003 4365 sicut
1027 4318 1082 4366 et
1112 4320 1240 4366 ante
1268 4313 1485 4367 dedisti.
1520 4312 1626 4368 Pro
1653 4313 1757 4370 hac
1784 4329 1911 4387 ergo

2015 3122 2117 3190 sic,
2146 3123 2344 3193 inquit,
2395 3134 2450 3178 et
2497 3121 2599 3178 Job
2637 3126 2908 3179 exteriora
2945 3125 3022 3179 rei
3088 3123 3375 3178 familiaris
3425 3122 3599 3177 detri-

2014 3222 2200 3267 menta
2252 3217 2557 3269 contemnit
2617 3215 2896 3281 universa,
2958 3223 3166 3268 tantum
3240 3224 3298 3267 ut
3348 3214 3596 3284 corporis

2017 3306 2242 3378 effugiat
2269 3322 2507 3378 pmnam.
2570 3306 2663 3362 Sic
2709 3321 2943 3377 namque
2994 3316 3048 3360 et
3100 3306 3153 3361 hi
3213 3306 3306 3377 qui
3356 3306 3408 3360 in
3457 3306 3596 3360 mari

2015 3399 2294 3468 navigant,
2332 3414 2454 3453 cum
2482 3397 2784 3468 periculum
2832 3398 2976 3466 passi
3008 3397 3212 3452 fuerint
3241 3397 3422 3452 omnia
3472 3411 3599 3466 quae

2014 3490 2067 3545 in
2098 3492 2218 3545 navi
2249 3491 2543 3546 habuerint
2569 3498 2924 3544 contemnunt
2951 3499 3117 3559 atque
3154 3488 3208 3543 in
3256 3488 3391 3543 mari
3432 3487 3599 3557 proji-

2014 3583 2166 3639 ciunt
2207 3582 2278 3637 ob
2329 3583 2432 3638 hoc
2467 3591 2525 3637 ut
2580 3581 2683 3652 ipsi
2743 3582 2999 3637 evadant.
3056 3581 3147 3636 Sic
3181 3592 3236 3635 et
3286 3580 3598 3651 quicunque

2014 3676 2240 3731 divitum
2282 3689 2407 3729 cum
2455 3673 2509 3727 in
2552 3674 2797 3743 corporis
2856 3673 3229 3726 infirmitatem
3282 3672 3593 3740 inciderint,

2013 3781 2228 3821 omnem
2261 3766 2624 3820 substantiam
2662 3780 2813 3819 suam
2840 3764 3076 3819 libenter
3096 3762 3349 3829 offerunt,
3382 3772 3592 3817 tantum

2014 3867 2073 3910 ut
2102 3859 2349 3927 corporis
2382 3857 2812 3911 incolumitatem
2856 3856 3140 3925 recipiant.
3171 3855 3283 3920 Sic,
3311 3854 3512 3924 inquit,
3537 3865 3595 3907 et

2011 3948 2111 4005 Job
2168 3965 2358 4004 omnes
2409 3950 2662 4013 divitias,
2713 3958 2768 4001 et
2829 3963 3047 4003 omnem
3104 3962 3216 4002 rem
3268 3946 3594 4001 familiarem

2014 4042 2174 4097 facile
2220 4042 2544 4107 contemnit,
2583 4051 2793 4094 tantum
2844 4049 2905 4094 ut
2959 4039 3174 4094 dolores
3216 4054 3319 4092 non
3376 4038 3596 4109 contiu-

2012 4144 2359 4202 gantcarnes
2385 4130 2522 4199 ejus.
2558 4132 2678 4198 Quo
2714 4141 2896 4185 autem
2930 4131 3209 4200 proposito
3247 4131 3451 4183 dixerit
3476 4129 3595 4189 haec

2013 4227 2264 4280 universa
2300 4225 2665 4295 nequissimus
2691 4225 2926 4289 daemon,
2957 4238 3051 4292 per
3077 4224 3195 4277 lucc.
3220 4238 3342 4292 qua:
3358 4237 3594 4291 sequun-

2014 4330 2101 4373 tur
2156 4319 2413 4383 ostendit,
2466 4317 2654 4371 diceus
2686 4340 2695 4371 :
2728 4315 2921 4370 Omnia
2972 4332 3295 4385 quaecunque
3351 4315 3595 4369 habuerit

336 4412 431 4469 spe
469 4409 633 4469 atque
657 4399 982 4455 confidentia
1017 4402 1247 4457 necdum
1279 4417 1307 4457 a
1336 4415 1386 4458 te
1409 4405 1655 4470 recessit,
1682 4407 1908 4462 necdum
1944 4435 1985 4489 ι)
2014 4411 2188 4473 homo,
2238 4410 2384 4462 dabit
2434 4425 2530 4479 pro
2581 4409 2760 4461 anima
2797 4407 2978 4460 sua".
3011 4406 3122 4474 Sic,
3154 4407 3348 4478 inquit,
3377 4416 3433 4460 et
3490 4405 3595 4461 Job

338 4500 392 4544 te
422 4491 661 4560 reliquit,
690 4493 917 4546 necdum
948 4501 1001 4547 te
1025 4493 1282 4558 detraxit,
1317 4496 1545 4549 necdum
1578 4505 1629 4550 te
1656 4496 1909 4567 blasphe-

337 4582 526 4646 mavit,
560 4582 684 4651 quia
725 4586 955 4638 necdum
1010 4587 1305 4655 tetigerunt
1352 4586 1499 4640 illum
1545 4588 1760 4644 dolores
1797 4605 1914 4645 cor-

338 4670 505 4741 poris,
536 4673 659 4740 quia
688 4674 915 4728 necdum
948 4677 1305 4745 apprehendit
1331 4692 1454 4732 eum
1480 4680 1684 4734 ossium
1714 4696 1900 4749 poena.

337 4755 552 4818 Corium
585 4782 678 4834 pro
707 4771 871 4820 corio.
902 4768 1208 4834 Exteriore,
1241 4770 1451 4841 inquit,
1485 4771 1637 4826 corio
1663 4774 1912 4829 decoria-

340 4866 445 4920 tus,
492 4858 596 4911 hoc
631 4866 711 4912 est
752 4873 867 4912 rem
917 4857 1241 4914 familiarem
1284 4862 1520 4917 ablatam
1579 4867 1910 4935 contempsit

338 4956 500 5017 atque
548 4949 615 5003 ad
665 4949 893 5003 nihilum
925 4951 1143 5004 reduxit
1173 4967 1187 5003 :
1222 4960 1387 5023 tange
1437 4946 1668 5011 interius
1703 4959 1907 5011 corium

338 5038 476 5106 ejus,
514 5039 615 5094 hoc
661 5049 744 5094 est
778 5043 1065 5096 tormentis
1097 5041 1250 5097 aiiice
1277 5059 1469 5099 carnes
1501 5045 1653 5115 ejus;
1691 5058 1745 5103 et
1778 5065 1909 5103 con-

340 5139 454 5185 tere
494 5146 690 5185 carnes
748 5131 918 5197 illius,
961 5141 1017 5186 et
1069 5134 1353 5203 apparebit
1405 5138 1714 5193 constantia
1766 5139 1906 5210 ejus,

338 5238 499 5290 quam
534 5238 677 5277 nunc
707 5224 906 5278 habere
935 5225 1171 5281 videtur.
1219 5224 1564 5298 Supervacua
1596 5230 1738 5284 enim
1780 5235 1909 5289 fides

339 5315 475 5383 ejus,
508 5330 668 5383 quam
702 5332 845 5371 nunc
874 5317 1018 5372 circa
1058 5328 1111 5374 te
1144 5320 1347 5376 habere
1394 5336 1453 5376 se
1484 5331 1655 5393 putat.
1692 5322 1907 5378 Corium

337 5424 430 5476 pro
476 5408 659 5473 corio,
716 5424 778 5463 ac
818 5409 861 5465 si
909 5409 1149 5478 diceret,
1208 5414 1449 5468 dolorem
1497 5415 1760 5470 minorem
1812 5432 1909 5486 pro

338 5498 522 5555 dolore
588 5500 821 5570 majore,
886 5517 1097 5572 poenam
1144 5503 1562 5561 moderatiorem
1615 5521 1711 5576 pro
1747 5521 1907 5578 pmna

410 5682 456 5712 τ’
482 5681 581 5737 Job
620 5699 675 5746 ll,
709 5683 772 5738 4.

2012 4505 2190 4558 omnia
2219 4517 2553 4573 quascunque
2581 4501 2832 4557 habuerit
2875 4501 3224 4570 contempsit,
3281 4509 3489 4554 tantum
3536 4509 3596 4554 ut

2014 4610 2213 4663 corpus
2259 4603 2614 4649 conservaret
2663 4593 2913 4648 illaesum.
2964 4594 3070 4648 Sed
3132 4594 3331 4659 adhuc,
3388 4593 3592 4661 inquit,

2015 4688 2225 4741 corium
2260 4701 2357 4755 pro
2391 4686 2564 4740 corio.
2620 4685 2754 4751 Quis
2801 4686 2940 4738 dixit
2989 4685 3129 4738 hoc?
3185 4684 3456 4737 diabolus.
3512 4686 3594 4738 Ad

2017 4791 2175 4845 quem
2201 4776 2379 4830 dixit?
2403 4776 2483 4830 Ad
2518 4775 2705 4829 Deum.
2740 4775 2813 4830 De
2848 4790 2957 4843 quo
2984 4775 3157 4828 dixit?
3193 4775 3267 4829 De
3304 4774 3427 4829 Job.
3475 4775 3595 4841 Quo

2017 4870 2289 4937 proposito
2307 4868 2479 4922 dixit?
2506 4868 2765 4938 Superius
2793 4868 3163 4938 multipliciter
3182 4869 3577 4923 demonstrato.

2018 4961 2194 5030 Super
2222 4962 2338 5017 inec
2366 4974 2548 5015 autem
2573 4964 2822 5015 universa
2852 5001 2868 5025 ,
2897 4962 3074 5015 adhuc
3104 4962 3225 5014 audi
3256 4962 3323 5015 de
3356 4961 3441 5014 his
3470 4975 3591 5028 qua:

2016 5052 2218 5107 dudum
2252 5053 2303 5105 in
2342 5051 2608 5121 principio
2638 5052 2777 5106 facta
2811 5064 2955 5106 sunt.
3006 5051 3439 5107 Commonefacit
3473 5050 3615 5105 istic'

2017 5144 2383 5213 nequissimus
2442 5143 2717 5207 diabolus,
2788 5145 2915 5213 quia
2969 5144 3179 5214 pridem
3223 5144 3442 5213 quando
3488 5140 3591 5196 Job

2018 5250 2171 5306 pater
2202 5248 2364 5307 atque
2390 5238 2707 5306 patriarcha
2739 5238 2909 5291 Adam
2946 5237 3115 5300 meis,
3158 5236 3277 5301 ait,
3315 5236 3592 5290 seductio-

2018 5330 2177 5383 nibus
2229 5328 2488 5383 obedieus
2542 5340 2591 5382 te
2640 5329 2989 5398 contempsit,
3056 5329 3127 5381 ob
3178 5328 3283 5383 hoc
3345 5326 3595 5396 pelliceis

2020 5420 2217 5475 tunicis
2276 5436 2305 5473 ει
2367 5431 2419 5474 te
2465 5420 2731 5476 Creatore
2778 5422 2999 5476 indutus
3050 5430 3136 5476 est
3191 5436 3291 5489 pro
3350 5420 3589 5473 vindicta

2019 5511 2387 5581 abnegatoris,
2418 5526 2484 5568 eo
2516 5513 2661 5582 quod
2693 5522 2742 5568 te
2773 5511 3151 5580 dercliquerit,
3182 5512 3250 5565 ad
3291 5524 3375 5565 tne
3411 5506 3608 5564 autem
