3880 6212
189 367 287 422 461

1286 363 1661 420 ANONYMUS
1699 363 1763 418 IN
1802 362 1938 419 JOB.
1980 395 2047 404 —
2084 364 2213 420 LIB.
2254 364 2321 420 ll.

3329 372 3433 426 462

193 487 348 551 ierit,
369 492 425 539 et
447 498 514 540 ex
555 483 659 539 hoc
687 481 847 551 hujus
879 481 956 538 rei
993 482 1123 536 mihi
1152 479 1364 537 deh'ttor
1388 483 1620 545 exstitit,
1651 497 1763 536 me-
1790 486 1839 542 Α
1868 481 2121 537 familiari
2171 492 2337 553 atque
2364 483 2571 539 divitiis
2615 483 2718 541 Job
2759 486 2971 543 locutus
3012 501 3092 556 es,
3129 504 3275 545 nunc
3305 505 3435 547 vero

147 640 162 652 ε
195 579 305 634 rito
327 593 493 644 nunc,
521 578 714 646 inquit,
733 575 951 630 Corium
979 593 1074 645 pro
1106 576 1270 630 corio.
1298 575 1542 643 Corium,
1567 576 1763 645 inquit,

192 667 296 724 Job
352 684 450 738 pro
506 669 656 723 corio
702 668 874 722 Adam
928 668 997 721 da
1056 666 1208 721 mihi.
1255 664 1565 721 Vexaturus
1615 681 1764 721 eram

194 761 403 814 corium
440 759 628 821 Adam.
651 768 708 814 et
743 774 849 813 non
882 774 968 813 me
1000 758 1315 827 permisisti.
1355 757 1427 811 Da
1468 774 1598 829 ergo
1632 760 1764 814 tnihi

194 851 405 906 corium
433 848 536 904 Job
575 864 672 918 pro
697 850 847 904 corio
872 851 1065 903 Adam.
1125 850 1201 903 Da
1250 850 1379 904 mihi
1413 851 1623 905 corium
1672 850 1766 906 lilii

193 958 293 1011 pro
318 943 467 997 corio
505 942 695 1010 patris.
748 940 1011 1011 Exigam,
1055 940 1261 1010 inquit,
1311 956 1342 994 a
1386 940 1496 995 lilio
1525 940 1763 997 debitum

192 1036 476 1104 genitoris.
511 1034 806 1102 Persolvat,
838 1035 937 1095 ait.
966 1035 1159 1104 pellem
1184 1033 1267 1089 vel
1290 1035 1499 1089 corium
1532 1034 1765 1089 novissi-

198 1145 320 1184 mus
380 1143 526 1184 nunc
577 1128 775 1197 prioris
823 1136 950 1183 tunc
1000 1127 1188 1181 debiti.
1243 1126 1489 1182 Ulciscar
1542 1139 1765 1198 peccata

192 1220 396 1289 prioris
449 1219 617 1288 patris
674 1217 817 1288 ejus,
871 1227 1036 1286 atque
1098 1217 1268 1286 patris
1326 1218 1592 1271 omnium.
1643 1218 1767 1272 Haec

193 1314 377 1383 itaque
406 1312 656 1365 universa
688 1325 996 1366 memorans
1044 1319 1207 1379 atque
1259 1310 1325 1364 de
1371 1308 1456 1364 his
1500 1309 1767 1364 universis

193 1407 498 1460 admonens
525 1404 907 1474 nequissimus,
939 1402 1331 1471 malignissime
1363 1401 1764 1455 dicit:Corium

191 1514 287 1568 pro
332 1499 498 1553 corio.
558 1496 720 1552 Corio
761 1495 861 1551 Job
903 1510 1000 1564 pro
1036 1495 1186 1550 corio
1232 1492 1383 1549 Adte.
1419 1494 1636 1548 Corium
1671 1493 1764 1548 lilii

192 1604 292 1658 pro
341 1588 491 1643 corio
544 1591 734 1657 patris.
793 1585 1011 1642 Corium
1078 1583 1396 1650 posterioris
1451 1598 1551 1653 pro
1613 1584 1765 1641 corio

193 1680 385 1751 patris.
419 1680 497 1735 Ita
535 1680 748 1736 scilicet
781 1680 997 1735 diverse
1027 1677 1429 1732 demonstratur
1456 1692 1520 1732 ac
1559 1692 1763 1732 memo-

194 1786 347 1830 ratur
378 1777 483 1830 hoc
531 1775 674 1845 quod
718 1774 795 1828 ait
822 1789 920 1843 pro
962 1772 1134 1827 corio.
1193 1770 1259 1824 Et
1302 1770 1503 1840 adjecit
1533 1770 1756 1825 dicens:

192 1867 389 1922 Omnia
433 1882 758 1936 quacunque
803 1865 1045 1919 [tabuerit
1093 1866 1245 1917 homo
1278 1863 1466 1928 dabit,
1521 1870 1571 1916 et
1621 1873 1765 1916 eruet

192 1962 429 2012 animam
453 1975 629 2012 suam.
660 1954 859 2012 Verum
884 1967 970 2011 est
1004 1956 1126 2020 hoc,
1153 1956 1280 2023 quia
1312 1969 1435 2009 cum
1458 1953 1524 2008 ad
1553 1955 1766 2023 pericu-

190 2053 301 2105 lum
355 2050 437 2105 vel
485 2051 778 2107 discrimen
818 2049 1128 2120 pervenerit
1178 2048 1366 2112 homo,
1396 2062 1609 2101 omnem
1650 2062 1765 2101 rem

190 2142 516 2197 familiarem
583 2140 926 2204 contemnit,
1010 2139 1327 2193 universam
1404 2136 1765 2192 substantiam

188 2243 344 2287 suam
376 2232 587 2300 spernit
620 2241 831 2286 tantum
857 2242 916 2285 ut
944 2233 1181 2287 animam
1210 2239 1397 2297 eruat,
1444 2237 1501 2282 ut
1525 2229 1763 2281 animam

188 2339 348 2379 suam
379 2323 709 2379 incolumem
748 2322 959 2377 liberet.
987 2322 1052 2377 Et
1083 2338 1226 2376 nunc
1257 2337 1379 2377 cum
1408 2335 1594 2391 speras
1622 2319 1764 2388 quod

190 2417 484 2470 adversum
519 2413 619 2470 Job
644 2413 915 2485 loqueris,
954 2428 1055 2482 pro
1086 2412 1187 2467 Job
1227 2413 1467 2482 loqueris
1492 2450 1505 2475 ,
1544 2412 1764 2465 inimice

188 2510 439 2564 omnium
478 2509 741 2564 bonorum
786 2508 1020 2572 diabole,
1080 2516 1135 2561 et
1170 2521 1277 2560 non
1323 2503 1602 2575 intelligis.
1642 2504 1767 2558 Evi-

188 2603 386 2656 denter
420 2602 563 2661 enim
591 2600 692 2656 Joh
732 2600 852 2670 plus
895 2613 1057 2668 quam
1097 2597 1278 2653 cazteri
1317 2596 1533 2667 plurimi
1583 2595 1769 2650 omnia

187 2706 529 2763 quaecunque
577 2692 765 2746 habuit
809 2690 1060 2760 despexit
1106 2699 1268 2757 atque
1324 2688 1669 2759 contempsit,
1713 2696 1771 2741 et

188 2786 436 2849 divitias,
465 2794 520 2839 et
554 2783 989 2854 possibilitatem,
1022 2792 1077 2838 et
1109 2781 1271 2843 filim,
1302 2790 1358 2835 et
1388 2794 1499 2834 rem
1525 2779 1764 2833 familia-

190 2892 331 2941 rem,
374 2879 444 2931 oh
484 2876 587 2931 hoc
621 2883 833 2929 tantum
877 2883 937 2928 ut
975 2874 1211 2928 animam
1264 2872 1575 2941 acquireret
1605 2879 1767 2938 atque

188 2967 567 3031 lucrifaceret,
604 2976 664 3021 ut
690 2967 926 3021 animam
952 2980 1103 3022 suam
1135 2964 1381 3026 illaesam,
1426 2972 1482 3019 et
1518 2964 1766 3018 inconta-

189 3064 455 3117 minatam
483 3070 645 3130 atque
690 3060 950 3114 illibatam
1007 3056 1328 3113 custodiret.
1364 3055 1488 3112 llzec
1553 3056 1768 3112 scilicet

1864 572 2100 627 animam
2148 574 2426 643 proponis,
2479 576 2715 631 animam
2764 579 3075 634 nominans.
3131 578 3212 635 Ob
3266 596 3426 650 quam

1867 678 2002 729 rem,
2027 664 2125 718 nisi
2150 668 2219 719 oh
2251 668 2372 730 hoc,
2401 667 2527 735 quia
2571 665 2683 735 jam
2734 669 2967 740 maligne
3014 672 3081 726 de
3121 673 3300 727 anima
3332 673 3433 728 Job

1869 758 2103 812 tractas?
2134 759 2259 828 quia
2296 759 2491 815 callide
2526 761 2760 815 animam
2792 760 2907 830 ejus
2928 765 3164 832 quaeris?
3193 765 3437 823 Necdum

1864 852 1997 906 corii
2026 852 2144 922 ejus
2167 862 2490 923 potestatem
2526 856 2804 925 accepisti,
2848 859 3072 913 necdum
3109 858 3263 928 pellis
3292 861 3431 928 ejus,

1867 943 1966 998 hoc
1994 952 2099 1010 est,
2135 945 2381 1014 corporis
2431 945 2572 1014 ejus,
2619 947 2977 1001 constantiam
3014 949 3347 1017 approbasti,
3379 960 3433 1005 et

1858 1033 1972 1101 jam
2013 1036 2207 1090 anima:
2252 1034 2366 1103 ejus
2417 1037 2616 1106 quaeris
2654 1037 3185 1106 supplantationem,
3218 1039 3431 1106 Omnia,

1867 1127 2136 1197 inquiens,
2158 1146 2480 1199 quwcunque
2503 1130 2745 1183 habuerit
2770 1131 2920 1183 homo
2957 1131 3098 1184 dabit
3126 1149 3222 1200 pro
3257 1134 3433 1188 anima

1866 1219 2044 1275 sua".
2067 1219 2193 1274 Post
2224 1220 2336 1273 haec
2363 1219 2578 1288 adjecit,
2603 1221 2787 1275 dicens
2813 1238 2827 1274 :
2854 1220 2979 1275 Non
3021 1239 3141 1289 ergo
3200 1225 3274 1277 ita
3334 1236 3430 1280 est.

1867 1309 2004 1375 Quid
2034 1310 2186 1377 dicis,
2226 1326 2258 1365 ο
2290 1311 2522 1373 diabole,
2565 1327 2672 1365 non
2711 1312 2781 1364 ita
2816 1313 2941 1366 est?
3000 1311 3095 1365 Vel
3150 1315 3218 1369 ob
3268 1330 3432 1384 quam

1869 1417 1979 1455 rem
2030 1402 2132 1456 hoc
2184 1401 2341 1467 dicis,
2399 1416 2501 1455 non
2555 1416 2685 1472 ergo
2718 1404 2791 1455 ita
2823 1402 2945 1457 est?
2995 1402 3074 1457 Ac
3107 1404 3150 1457 si
3184 1406 3429 1461 diceret:

1868 1494 1982 1547 Non
2013 1502 2095 1549 est
2123 1494 2305 1549 adhuc
2335 1493 2639 1557 definitum,
2672 1494 2900 1549 necdum
2938 1506 3022 1550 est
3050 1496 3432 1565 deliberatum,

1868 1584 1983 1639 Non
2027 1594 2111 1639 est
2146 1585 2289 1638 sicut
2341 1582 2440 1639 Job
2493 1585 2813 1650 arbitratur,
2850 1587 3003 1653 quod
3053 1584 3165 1654 jam
3217 1588 3431 1655 vicerit,

1866 1677 2009 1746 quod
2055 1676 2232 1729 omnia
2271 1674 2564 1744 perfecerit
2608 1685 2772 1744 atque
2821 1676 3147 1744 impleverit,
3200 1678 3432 1733 necdum

1867 1777 1949 1821 est
1976 1767 2027 1820 in
2062 1766 2167 1821 fine
2193 1766 2429 1829 doloris,
2466 1768 2560 1821 sed
2595 1767 2647 1820 in
2685 1767 2859 1821 initio.
2912 1768 3024 1822 Non
3062 1784 3191 1839 ergo
3224 1771 3295 1823 ita
3328 1780 3431 1834 est,

1868 1860 2009 1913 sicut
2036 1858 2235 1913 dictum
2260 1866 2360 1921 est,
2387 1859 2534 1925 quod
2566 1873 2671 1912 non
2695 1859 2765 1911 sit
2783 1859 2859 1912 illi
2890 1859 3085 1915 similis
3107 1861 3245 1915 alius
3268 1876 3435 1932 super

1870 1960 2087 2005 terram.
2121 1948 2258 2017 Quid
2298 1950 2522 2005 omnino
2551 1950 2797 2021 peregit?
2835 1950 2962 2021 quid
2989 1952 3282 2006 sustinuit?
3305 1952 3435 2023 quid

1868 2040 2255 2110 supportavit?
2330 2039 2440 2094 Nec
2496 2041 2788 2110 quidquam
2848 2056 3104 2111 magnum
3174 2043 3433 2098 adversus

1868 2133 2074 2188 futura.
2116 2133 2252 2190 Cum
2307 2133 2630 2190 sustinuerit
2681 2133 2997 2199 novissima,
3046 2142 3171 2189 tunc
3215 2134 3432 2190 demum

1868 2225 2191 2290 laudabitur,
2218 2241 2360 2280 nunc
2388 2240 2519 2280 vero
2552 2240 2655 2279 non
2688 2224 2763 2278 ita
2801 2233 2905 2279 est.
2942 2223 3048 2279 Sed
3080 2227 3287 2294 porrige
3321 2242 3435 2278 ma-

1869 2334 1993 2370 num
2031 2327 2199 2381 tuam,
2231 2327 2279 2371 et
2315 2326 2467 2386 tange
2503 2331 2713 2370 carnem
2757 2315 2894 2385 ejus,
2924 2327 2971 2369 et
3000 2332 3139 2383 ossa,
3171 2318 3215 2369 si
3248 2334 3349 2369 non
3378 2318 3434 2369 in

1867 2406 2057 2471 {aciem
2073 2406 2166 2458 tibi
2196 2405 2512 2459 benedixerit
2531 2403 2833 2475 7".Tange,
2859 2406 3053 2473 inquit,
3075 2421 3185 2460 rem
3204 2405 3435 2459 familia-

1868 2508 1983 2548 rem
2015 2503 2067 2549 et
2086 2495 2245 2559 lilios,
2280 2504 2437 2565 tange
2466 2495 2686 2549 divitias
2708 2506 2762 2548 et
2788 2495 3224 2564 possibilitatem;
3253 2505 3431 2566 tange,

1870 2586 2065 2656 inquit,
2107 2602 2326 2642 carnem
2357 2598 2411 2642 et
2441 2601 2585 2651 ossa,
2616 2587 2658 2640 si
2698 2604 2803 2641 non
2831 2587 2883 2640 in
2913 2586 3104 2642 faciem
3137 2587 3433 2642 benedixe-

1870 2674 1958 2738 rit,
1993 2673 2098 2727 hoc
2120 2683 2202 2728 est
2247 2674 2606 2728 maledixerit.
2632 2672 2918 2742 Patientia,
2948 2676 3142 2745 inquit,
3177 2676 3230 2729 in
3248 2676 3435 2733 dolore

1870 2770 2052 2820 carnis
2119 2766 2458 2833 ostendatur,
2518 2765 2829 2822 suﬁcrentia
2887 2769 2941 2822 in
3001 2769 3205 2823 ossium
3273 2784 3435 2840 ptena

1871 2858 2290 2910 demonstretur.
2324 2855 2546 2927 Porrige
2586 2873 2800 2911 manum
2840 2866 3005 2919 tuam.
3054 2860 3368 2925 identidem,
3398 2876 3433 2915 ο

1868 2946 2103 3008 diabole,
2137 2963 2354 3002 manum
2393 2957 2446 3001 ut
2485 2949 2724 3019 porrigat
2764 2963 3006 3018 quaerere
3039 2950 3217 3020 fingis.
3248 2968 3435 3022 quem.

1870 3040 2157 3095 admodum
2187 3052 2238 3095 et
2272 3041 2539 3108 superius.
2594 3039 2725 3094 Nam
2771 3055 2900 3096 vere
2955 3048 3011 3095 ut
3053 3041 3146 3096 tibi
3189 3045 3436 3098 tradatur

188 3153 449 3215 dicendo.
475 3166 508 3207 ο
534 3150 767 3214 diabole,
790 3159 845 3205 et
873 3150 1104 3218 teipsum
1130 3147 1423 3203 confumlis
1449 3187 1464 3213 ,
1499 3146 1602 3202 Job
1638 3162 1765 3202 vero

1871 3131 2042 3200 cupis,
2078 3142 2137 3185 ut
2171 3132 2262 3185 tibi
2295 3132 2346 3185 in
2392 3140 2710 3200 potestatem
2752 3132 2911 3186 detur
2937 3132 3036 3186 vis.
3075 3132 3291 3203 Porrige
3323 3150 3435 3187 ma-

190 3244 537 3315 propositum
567 3243 810 3297 ostendis
849 3258 863 3294 :
896 3238 1090 3294 Omnia
1144 3255 1470 3310 quacunque
1521 3239 1764 3292 habuerit

188 3340 345 3394 homo
372 3338 544 3403 dabit,
579 3346 635 3389 ut
665 3345 817 3391 eruat
840 3336 1072 3389 animam
1097 3351 1269 3399 suam,
1296 3334 1369 3393 ,ob
1407 3347 1572 3401 quam
1612 3332 1769 3385 rem?

188 3430 319 3499 quia
353 3427 637 3496 redemptio
662 3428 756 3481 viri
787 3427 1003 3496 propria
1028 3424 1528 3481 estsubstantiaw.
1575 3424 1766 3479 Omnia

188 3534 533 3591 quacunque
559 3518 809 3574 habuerit
838 3519 997 3572 homo
1038 3516 1207 3585 dabit,
1236 3526 1294 3571 ut
1335 3526 1492 3571 eruat
1531 3517 1767 3570 animam

190 3630 372 3669 suam.
399 3612 512 3668 lloc
527 3613 637 3681 egit
664 3611 785 3679 Job,
821 3625 1104 3682 propterea
1138 3611 1382 3666 animam
1406 3626 1561 3665 suam
1594 3611 1769 3664 invio-

191 3707 358 3761 latam
397 3706 763 3762 conservavit.
821 3703 935 3760 Hoc
984 3714 1215 3776 egerunt
1266 3703 1409 3759 beati
1459 3714 1764 3774 martyres,

190 3799 401 3854 idcirco
436 3808 723 3868 postquam
745 3798 927 3853 omnia
953 3797 1326 3867 cnrruptibilia
1358 3806 1518 3865 atque
1547 3805 1764 3851 terrena

187 3901 683 3960 contempserunt,
742 3898 864 3960 post
925 3889 1027 3945 hoc
1086 3888 1439 3944 nihilominus
1487 3888 1764 3957 proprium

187 3998 393 4052 corpus
419 3984 473 4036 in
501 3996 717 4052 pcenam
743 3992 906 4050 atque
942 3982 993 4035 in
1037 3980 1352 4037 incendium
1400 3980 1764 4045 tradiderunt,

188 4074 371 4143 ignem
408 4084 573 4141 atque
617 4072 852 4144 gladium
900 4073 1267 4136 sustinentes.
1322 4082 1531 4127 tantum
1565 4080 1627 4125 ut
1649 4072 1766 4125 ani—

187 4181 307 4219 mas
336 4180 467 4219 suas
491 4166 722 4220 mandas
747 4173 910 4233 atque
934 4172 1117 4220 castas
1151 4164 1257 4219 Deo
1287 4164 1631 4219 exhiberem.
1659 4161 1766 4217 Sed

187 4257 413 4312 interim
444 4257 723 4313 videamus
755 4258 930 4314 adhuc
956 4265 1078 4327 post
1102 4257 1219 4313 hazc
1250 4271 1369 4325 qua:
1390 4256 1527 4310 bene
1552 4256 1764 4325 digesta

186 4358 339 4402 sunt.
372 4346 506 4402 Nam
527 4363 670 4419 saepe
698 4349 860 4404 etiam
888 4366 919 4404 a
951 4348 1094 4403 malo
1131 4348 1332 4416 aliquid
1381 4347 1507 4402 boni
1554 4347 1769 4417 prolici-

186 4443 384 4505 scitur,
417 4456 522 4496 non
554 4442 697 4511 quod
729 4443 997 4512 pessimus
1019 4450 1074 4495 et
1105 4440 1373 4509 malignus
1394 4440 1467 4495 ita
1504 4441 1763 4505 voluerit,

187 4535 283 4588 sed
310 4533 443 4603 quia
480 4535 653 4588 bonus
694 4548 759 4588 ac
804 4533 1129 4588 benedictus
1173 4531 1312 4587 Deus
1348 4533 1568 4604 maligni
1607 4532 1763 4585 mali-

191 4626 322 4678 tiam
362 4626 417 4681 in
443 4623 640 4677 bonum
684 4626 954 4678 convertit
989 4624 1309 4679 timentibus
1342 4633 1507 4694 atque
1538 4623 1768 4692 diligen-

190 4717 339 4770 tibus
369 4729 454 4779 se,
490 4715 633 4768 sicut
665 4713 787 4781 Job,
826 4716 908 4769 vel
939 4714 1267 4786 martyribus
1293 4723 1455 4784 atque
1488 4715 1767 4770 credenti-

189 4807 313 4870 bus,
347 4806 439 4875 qui
473 4804 620 4859 omni
653 4804 937 4859 tolerantia
970 4814 1290 4874 superantes
1318 4804 1614 4872 nequitiam
1650 4804 1769 4872 ejus

189 4912 414 4955 :eterna:
438 4899 560 4953 vitae
576 4908 738 4968 atque
764 4897 951 4969 gloria:
969 4897 1344 4952 [nereditatem
1379 4896 1597 4966 capient
1624 4896 1765 4963 apud

195 4994 389 5047 Deum.
420 4990 511 5045 Sic
542 4992 707 5046 etiam
744 5007 889 5045 nunc
930 4988 1051 5044 istic
1091 5004 1271 5044 sermo
1323 4990 1414 5058 qui
1472 4989 1703 5057 maligne
1732 5002 1762 5039 a

192 5086 409 5141 diabolo
432 5086 614 5141 dictus
638 5096 719 5140 est
742 5104 754 5139 ε
777 5082 968 5139 Omnia
994 5098 1314 5152 quaecunque
1345 5080 1586 5135 habuerit
1615 5082 1768 5132 homo

191 5179 361 5243 dabit,
384 5186 437 5230 ut
470 5186 617 5231 eruat
652 5177 883 5229 animam
915 5189 1095 5238 suam,
1128 5188 1229 5242 pro
1262 5172 1480 5240 pietatis
1528 5184 1766 5223 comme-

194 5269 501 5323 moratione
530 5267 876 5337 diligentibus
900 5264 1069 5319 Deum
1097 5264 1335 5333 proficit.
1356 5259 1767 5322 Verumtamen,

194 5370 251 5413 ut
284 5359 549 5423 diximus,
593 5366 714 5428 post
759 5356 873 5409 haec
913 5356 1166 5409 universa
1200 5351 1417 5421 maligni
1463 5348 1631 5418 ipsius
1655 5349 1768 5401 dia-

195 5452 297 5505 boli
331 5467 402 5506 ex
447 5452 579 5519 ipsis
623 5449 962 5505 sermonibus
1010 5447 1129 5515 ejus
1157 5453 1339 5499 notam
1392 5441 1764 5501 ostendamus.

194 5558 315 5595 cum
356 5541 657 5611 iniquitatis
684 5540 800 5610 ejus
826 5554 975 5593 arma
1000 5538 1053 5593 in
1083 5550 1206 5591 eum
1238 5531 1620 5588 convertimus.
1648 5529 1764 5597 Dic,

192 5651 225 5689 o
256 5633 594 5704 nequissime
627 5631 857 5697 diabole,
884 5631 1171 5684 adversum
1206 5638 1276 5692 tc,
1313 5625 1379 5678 ah
1402 5623 1568 5693 ,initio
1598 5624 1662 5678 de
1709 5638 1767 5679 re

263 5865 333 5895 7"
370 5861 527 5918 Prov.
558 5876 675 5925 xm,
704 5862 755 5915 8.
833 5858 875 5892 τ’
900 5855 995 5911 Joh
1032 5873 1091 5919 tt.
1132 5855 1182 5911 5.
1297 5856 1363 5887 ⁷⁹⁶
1394 5854 1525 5911 ibid.

1873 3237 1998 3274 num
2038 3232 2203 3274 luant.
2254 3222 2336 3275 Ad
2371 3221 2499 3291 quid
2537 3219 2843 3275 faciendum
2876 3223 3191 3292 porrigam?
3238 3225 3437 3295 Tange,

1874 3312 2066 3381 inquit,
2096 3329 2305 3367 carnem
2328 3324 2377 3366 et
2410 3328 2530 3367 ossa
2562 3312 2696 3382 ejus.
2735 3312 2944 3385 Amige,
2978 3316 3175 3384 inquit,
3211 3320 3436 3371 comini-

1873 3420 1999 3470 nue,
2027 3414 2270 3473 contere,
2300 3404 2579 3461 doloribus
2607 3406 2759 3461 aliive
2784 3448 2797 3470 .
2834 3407 3078 3477 putrefac
3107 3424 3299 3463 carnes
3322 3410 3438 3478 ejus

1873 3504 1929 3550 et
1951 3512 2096 3560 ossa,
2125 3506 2178 3550 et
2210 3499 2491 3551 universas
2528 3512 2814 3567 compages
2861 3514 3143 3553 nervorum
3172 3499 3339 3562 illius,
3391 3501 3437 3555 si

1872 3603 1978 3639 non
2016 3586 2065 3639 itt
2095 3586 2290 3640 faciem
2316 3587 2406 3641 tibi
2445 3587 2791 3642 maledixerit
2835 3596 2996 3659 atque
3026 3589 3435 3658 blasphemavc-

1871 3678 1961 3731 rit.
1994 3677 2127 3741 llue,
2159 3678 2351 3747 inquit,
2375 3679 2719 3735 sitindicium
2749 3682 3042 3749 patientiae,
3073 3693 3125 3735 et
3157 3684 3433 3739 firmitatis

1872 3777 2035 3837 atque
2079 3768 2403 3822 constantiae
2453 3767 2588 3835 ejus,
2648 3777 2707 3824 ut
2758 3773 2960 3826 ossium
3024 3771 3106 3826 sic
3164 3785 3434 3828 tormenta

1870 3861 2075 3929 absque
2115 3860 2487 3914 numeratione
2532 3859 2777 3926 sufferat,
2828 3871 2886 3916 ut
2942 3862 3159 3919 dolores
3192 3868 3436 3934 corporis

1869 3955 2077 4023 absque
2140 3954 2563 4024 reprehensione
2611 3956 2915 4021 sustineat,
2985 3965 3045 4011 ut
3097 3946 3437 4027 putredinem

1871 4048 2136 4101 vermium
2194 4056 2475 4117 supportet
2530 4047 2732 4117 absque
2783 4048 3140 4117 blasphemia.
3202 4052 3281 4106 0b
3334 4052 3437 4106 hoc

1869 4154 2000 4209 ergo
2026 4140 2147 4195 dico
2177 4158 2189 4193 :
2223 4138 2346 4193 Non
2380 4140 2452 4193 ita
2482 4148 2592 4203 est,
2635 4140 2725 4193 sed
2757 4143 2961 4211 porrige
3002 4160 3214 4197 manum
3266 4154 3435 4207 tuam,

1870 4241 1926 4285 ut
1985 4233 2055 4286 sit
2114 4232 2384 4286 inchoatio
2439 4231 2601 4301 hujus
2646 4232 2793 4298 belli,
2851 4236 3169 4289 certaminis
3224 4251 3440 4305 quoque

1868 4334 2032 4394 atque
2062 4323 2507 4393 disceptationis,
2563 4333 2622 4377 ut
2666 4334 2924 4393 appareat
2976 4323 3077 4379 Job
3122 4329 3435 4380 constantia

1871 4414 2134 4482 perfecta,
2185 4422 2278 4467 aut
2321 4427 2473 4467 meus
2539 4426 2717 4467 sermo
2772 4414 3059 4467 veridicus.
3115 4413 3213 4469 Cui
3279 4416 3440 4485 digne

1800 4502 1842 4555 D
1874 4505 2265 4574 respondeatur
2292 4524 2304 4558 :
2338 4505 2381 4560 Ο
2404 4506 2620 4561 inimice
2643 4506 2883 4559 omnium
2910 4506 3174 4559 bonorum
3203 4506 3437 4573 diabole,

1874 4612 1978 4650 non
2010 4597 2101 4651 tibi
2144 4594 2478 4650 suffecerunt
2505 4596 2746 4665 propria,
2770 4597 2862 4650 sed
2889 4605 3093 4650 tantum
3117 4598 3440 4652 crudelitate

1874 4700 2038 4759 atque
2065 4689 2341 4757 impietate
2376 4689 2635 4743 adversus
2662 4688 2863 4756 justum
2907 4690 3047 4743 hunc
3076 4690 3268 4743 uteris.
3295 4690 3440 4744 Tan-

1871 4792 1983 4835 tum
2019 4779 2344 4848 injustitiatn
2378 4796 2463 4833 me
2500 4780 2763 4849 perlicere
2792 4781 2943 4850 cupis
2966 4822 2980 4846 ,
3015 4791 3072 4835 ut
3105 4781 3309 4849 justum
3335 4782 3441 4838 Job

1872 4873 1967 4926 tibi
2004 4870 2201 4939 injusto
2231 4869 2588 4924 contradam?
2623 4880 2683 4923 ut
2712 4872 3055 4926 innocentem
3081 4871 3247 4941 impio
3273 4874 3443 4944 depth

1871 4963 2022 5016 tem?
2060 4971 2119 5015 ut
2145 4962 2378 5017 miseriis
2408 4960 2632 5015 alliciam
2658 4977 2779 5016 eum
2810 4963 2901 5030 qui
2928 4964 3048 5017 sine
3079 4972 3305 5033 peccato
3322 4963 3443 5020 est?

1871 5069 1929 5113 ut
1974 5057 2275 5113 molestiam
2320 5058 2561 5126 ingeram
2615 5056 2850 5111 devoto?
2894 5068 2950 5110 ut
3001 5072 3107 5110 non
3159 5057 3444 5113 disceden-

1872 5163 1979 5207 tem
2033 5151 2380 5222 percutiam?
2428 5161 2485 5205 ut
2545 5149 2805 5222 ﬂagellem
2842 5167 2947 5206 non
2995 5154 3443 5224 delinquentem?

1872 5260 1928 5301 ut
1957 5249 2203 5303 tribulem
2258 5247 2464 5316 gratias
2498 5248 2785 5317 agentem?
2831 5247 2967 5315 Quid
3012 5249 3118 5305 hoc
3161 5251 3443 5306 indecoro-

1871 5344 1985 5398 sius
2040 5352 2206 5411 atque
2254 5340 2533 5395 illicitins?
2575 5341 2695 5410 quis
2737 5342 2956 5397 omnino
2996 5342 3294 5397 carnalium
3339 5346 3443 5398 hoc

1873 5433 2073 5488 faciat?
2124 5434 2249 5502 quis
2278 5448 2345 5487 ex
2376 5432 2608 5487 terrenis
2633 5448 2854 5501 prorsus
2882 5434 2983 5488 hoc
3013 5444 3156 5504 agat,
3185 5444 3241 5487 ut
3276 5412 3445 5488 mori-I

1875 5542 2062 5595 gerum
2086 5536 2248 5596 atque
2273 5526 2526 5580 devotum
2554 5542 2769 5582 servum
2799 5526 2999 5594 injuste
3030 5526 3094 5579 ad
3114 5526 3440 5594 supplicium

1874 5617 2199 5675 contradat?
2228 5617 2337 5675 Sed
2374 5617 2591 5675 interim
2614 5628 2671 5675 ut
2705 5628 2849 5674 tuatn
2884 5619 3224 5689 iniquitatem
3255 5616 3441 5673 redar-
