3884 6218
436 343 540 401 ιυδ

1526 338 1909 396 ANONYMUS
1948 336 2015 392 IN
2053 334 2193 394 JOB.
2235 369 2304 378 —
2340 338 2471 396 LIB.
2513 340 2579 397 ll.

3594 348 3692 404 464

438 482 600 537 guam
631 474 793 536 atque
832 463 1148 535 injustitiam
1196 460 1500 533 obiurgem,
1531 461 1667 517 Ecce
1721 472 1874 516 traaa
1915 459 2011 514 tibi
2040 464 2087 520 Α
2114 461 2199 516 nis
2243 470 2648 517 coronanuntur
2696 462 2749 518 in
2802 474 3098 534 conspectu
3148 477 3289 519 meo.
3321 462 3399 519 Ne
3433 466 3692 538 tetigeris-

436 575 556 615 ettm
576 558 642 625 ⁸⁸,
675 567 734 613 ut
782 558 989 626 absque
1041 558 1478 612 contradictione
1527 554 1904 619 convincaris,
1964 563 2020 608 et
2119 554 2316 624 inquit,
2345 556 2581 610 animam
2615 553 2739 610 Job.
2771 554 3124 611 Conculcabit
3166 558 3310 610 enim
3334 570 3495 628 caput
3523 570 3693 629 tuum,

440 654 650 721 absque
670 652 1023 705 excusatione
1050 652 1452 715 condemneris,
1491 661 1657 719 atque
1682 649 1735 704 in
1764 648 2018 704 omnibus

440 741 674 797 mendax
704 740 1095 811 comproberis.
1142 740 1279 794 Ecce
1313 741 1465 794 trado
1516 740 1610 793 tibi
1655 739 1827 793 illum.
1875 738 2017 793 Sub-

441 833 701 888 stantiam
735 832 975 901 quaesisti
1009 842 1064 887 et
1106 833 1387 903 accepisti,
1415 848 1557 887 nunc
1588 832 1762 902 ipsum
1794 831 2015 901 quaeris,

438 924 629 981 habes.
661 923 796 980 Ecce
824 926 976 980 trado
1008 926 1105 979 tibi
1140 926 1311 980 illum.
1338 925 1454 980 Non
1483 924 1823 989 contradico,
1850 923 2016 978 male-

437 1017 612 1081 dicte;
646 1032 752 1071 non
792 1017 885 1072 tibi
915 1018 1125 1087 denego
1150 1057 1164 1081 ,
1208 1018 1606 1083 condemnate;
1653 1030 1759 1070 non
1793 1026 2015 1086 prapter

439 1119 608 1171 tuam,
640 1109 839 1179 inquit,
871 1110 1265 1180 malignitatem
1293 1151 1307 1173 ,
1340 1110 1433 1165 sed
1475 1118 1696 1179 propter
1725 1106 1827 1162 Job
1857 1107 2012 1161 inno-

434 1202 692 1266 centiam,
744 1211 802 1255 ut
846 1201 1028 1272 justus
1055 1212 1336 1272 appareat,
1382 1212 1441 1257 ut
1474 1203 1594 1257 sine
1632 1198 1850 1271 querela
1892 1213 2013 1255 esse

436 1293 849 1364 comprobatur,
883 1303 942 1346 nt
968 1294 1240 1365 gloriosus
1267 1304 1581 1359 coronetur,
1615 1302 1672 1347 ut
1721 1306 1886 1345 verax
1922 1292 2013 1345 de-

433 1396 794 1443 monstretur.
851 1386 956 1441 Pro
1012 1387 1118 1452 his,
1181 1386 1384 1455 inquit,
1437 1386 1689 1441 omnibus
1740 1398 1869 1439 ecce
1912 1383 2007 1437 tibi

433 1480 588 1535 trado
611 1480 785 1534 illum.
827 1478 1039 1533 Nudum
1065 1475 1216 1531 illum
1246 1477 1540 1545 reliquisti,
1574 1477 1774 1530 nudum
1802 1475 2008 1531 consti-

432 1573 606 1636 tuisti,
634 1573 806 1629 solum
837 1571 1141 1637 reddidisti,
1191 1570 1367 1626 solum
1397 1570 1546 1623 illum
1580 1570 1674 1625 tibi
1724 1568 1897 1628 trado.
1952 1575 2008 1621 et

428 1666 665 1736 accipies
714 1666 862 1721 illum
910 1664 1108 1722 solum.
1186 1665 1435 1718 Animam
1489 1677 1599 1717 non
1663 1661 2002 1732 quresivisti,

428 1760 664 1813 animam
707 1776 772 1815 ne
815 1758 1046 1828 tetigeris
1101 1757 1168 1812 εί.
1220 1758 1449 1811 Carnem
1509 1767 1562 1811 et
1616 1772 1739 1811 ossa
1794 1755 2001 1825 petisti,

2117 654 2170 700 et
2204 648 2537 702 comminuet
2562 648 2819 703 virtutem
2857 658 3001 703 tuam
3021 688 3038 714 ,
3064 658 3120 703 et
3146 652 3405 705 conteret
3424 650 3693 706 fortitudi-

2116 752 2240 792 nem
2272 748 2445 803 tuam,
2471 748 2525 795 et
2555 739 2860 795 bnmiliabit
2892 740 3229 795 altitudinem
3261 748 3408 794 tuam
3431 782 3447 808 ,
3478 749 3535 797 et
3567 743 3691 810 deji-

2115 831 2227 886 ciet
2271 831 2559 887 elationem
2606 839 2781 897 tuam,
2821 842 2878 888 et
2914 832 3309 887 demonstrabit
3358 835 3506 888 omni
3542 835 3691 889 carni

2116 923 2367 978 ﬁduciam
2401 922 2470 976 ad
2494 923 2747 978 standum
2779 922 3064 978 adversum
3100 930 3154 978 te
3182 933 3493 979 constanter
3524 942 3691 996 usque

2115 1015 2168 1069 in
2198 1017 2416 1072 secula.
2446 1015 2714 1087 Malignus
2749 1030 2983 1086 namque
3035 1031 3094 1071 es
3138 1028 3192 1071 et
3227 1017 3514 1083 invalidus,
3543 1018 3692 1074 calli-

2114 1108 2215 1164 dus
2263 1119 2426 1179 atque
2470 1108 2741 1174 inﬁrmus,
2797 1118 3011 1164 astutus
3056 1109 3123 1163 ad
3170 1109 3565 1176 insidiandum,
3596 1111 3691 1166 sed

2115 1202 2468 1272 impossibilis
2499 1202 2565 1256 ad
2600 1202 3015 1273 opprimendum
3041 1242 3057 1268 ,
3085 1203 3276 1257 doctus
3302 1203 3368 1258 ad
3414 1203 3691 1274 decipien-

2113 1296 2262 1362 dum,
2298 1302 2355 1349 et
2383 1293 2648 1349 invalidus
2682 1293 2750 1348 ad
2780 1293 3160 1350 resistendum.
3186 1293 3320 1349 Nam
3361 1294 3504 1351 sicut
3530 1296 3689 1353 facile

2110 1381 2323 1437 seducit
2349 1382 2635 1437 instabiles
2663 1391 2827 1450 atque
2873 1383 3207 1451 incredulos,
3248 1400 3370 1439 cum
3410 1386 3482 1441 sit
3532 1387 3687 1441 calli-

2111 1473 2389 1541 dissimus,
2415 1474 2666 1528 similiter
2722 1473 2882 1528 facile
2931 1476 3191 1531 resistunt
3243 1477 3316 1531 illi
3342 1493 3533 1535 omnes
3554 1478 3687 1547 justi

2109 1576 2273 1635 atque
2305 1567 2607 1633 credentes,
2637 1583 2830 1624 omnes
2876 1568 3045 1622 Deum
3094 1570 3345 1626 timentes
3384 1580 3549 1642 atque
3588 1571 3690 1627 Job

2110 1659 2412 1725 imitantes,
2447 1670 2632 1730 utpote
2680 1661 2935 1717 invalido.
2968 1663 3028 1715 ln
3074 1664 3305 1718 arbitrio
3333 1679 3466 1736 ergo
3505 1666 3688 1721 homi-

2110 1770 2236 1808 num
2272 1763 2355 1808 est
2383 1763 2647 1824 potestas,
2678 1755 2943 1811 sanctitas
2970 1765 3133 1826 atque
3156 1760 3485 1813 constantia.
3509 1758 3567 1814 In
3596 1776 3686 1815 ar-

427 1854 659 1908 animam
681 1869 744 1907 ne
774 1853 1024 1922 tetigeris.
1070 1850 1306 1907 Contere
1346 1858 1559 1905 tantum
1594 1865 1837 1914 carnem,
1875 1848 2004 1903 a’ﬁli-
2034 1812 2079 1872 Β
2107 1844 2270 1901 bitrio
2301 1856 2385 1900 est
2433 1846 2712 1901 hominum
2763 1855 3009 1916 potestas
3051 1848 3175 1903 ﬁdei
3230 1864 3293 1905 ac
3332 1851 3570 1920 pietatis.
3629 1851 3687 1907 Si

427 1960 495 2016 ge
535 1958 690 2011 ossa,
723 1945 957 1998 animam
1008 1959 1071 1997 ne
1105 1942 1356 2012 tetigeris.
1405 1940 1632 1996 Terram
1671 1940 1771 1995 tibi
1819 1942 1999 2004 trado,

426 2037 571 2091 ctelo
614 2051 682 2090 ne
710 2034 1256 2105 apprOpinquaveris.
1309 2031 1728 2103 Corruptionem
1778 2032 2000 2098 habeto,

427 2128 888 2197 incorruptionem
914 2141 981 2180 ne
1007 2125 1273 2194 tetigeris,
1311 2124 1419 2180 hoc
1447 2133 1531 2179 est
1572 2124 1833 2178 animam.
1869 2121 2001 2178 Ter-

435 2236 624 2276 renum
686 2234 782 2275 vas
833 2217 1115 2288 confringe
1160 2226 1219 2272 ut
1260 2217 1531 2284 volueris,
1570 2216 1819 2271 interiori
1868 2229 2001 2269 vero

426 2314 685 2369 thesauro
715 2327 782 2367 ne
839 2312 1382 2383 appropinquaveris.
1424 2308 1610 2365 Lutea:
1641 2316 1796 2363 testae
1829 2307 1998 2364 facito

425 2404 572 2478 quod
637 2404 921 2471 volueris,
1007 2403 1457 2472 pretiosissimam
1524 2416 1658 2455 vero
1733 2400 2000 2469 margari-

426 2512 536 2554 tam
598 2512 666 2552 ne
713 2496 979 2567 tetigeris.
1023 2494 1140 2550 Non
1180 2493 1480 2549 maculavit
1519 2493 1670 2548 illam
1712 2492 1995 2563 iniquitas,

424 2606 531 2647 non
602 2590 824 2644 violavit
870 2589 1018 2644 illam
1087 2590 1320 2658 pessima
1373 2587 1654 2658 cogitatio,
1713 2603 1820 2643 non
1877 2602 1999 2656 per-

423 2684 587 2739 vertit
643 2684 786 2738 illam
832 2684 927 2739 Dei
987 2682 1365 2752 blasphemia.
1430 2697 1537 2737 non
1593 2680 1789 2751 polluit
1852 2678 1999 2735 illam

420 2775 700 2832 Creatoris
766 2775 1135 2845 reprehensio.
1195 2774 1405 2829 Idcirco
1475 2772 1709 2827 animam
1766 2772 1880 2841 ejus
1933 2787 1997 2826 ne

422 2866 673 2935 tetigeris.
704 2864 902 2930 Meum,
934 2863 1129 2932 inquit,
1160 2863 1368 2933 plasma
1399 2870 1482 2917 est
1514 2862 1843 2925 inviolabile,
1877 2876 1997 2916 mea

421 2961 685 3017 habitatio
730 2968 818 3015 est
860 2957 1323 3022 incontaminata,
1359 2969 1479 3011 mea
1523 2955 1882 3011 commoratio
1913 2965 1999 3010 est

420 3049 840 3119 incoinquinata.
885 3046 1010 3102 ldeo
1053 3045 1289 3100 animam
1318 3045 1434 3115 ejus
1466 3060 1535 3101 ne
1568 3045 1807 3115 tetigeris
1828 3083 1844 3109 ,
1876 3060 1997 3113 quae

2104 1938 2249 1991 enim
2276 1936 2549 1992 voluerint
2582 1937 2859 1993 declinare
2894 1953 2924 1992 a
2974 1938 3169 2005 malis,
3208 1949 3264 1994 et
3308 1938 3489 1995 facere
3524 1941 3686 2007 bona,

2101 2037 2158 2081 et
2189 2025 2391 2092 valent,
2422 2035 2478 2081 et
2513 2034 2761 2095 possunt,
2796 2033 2851 2079 et
2902 2040 3007 2079 non
3042 2027 3303 2097 praevalet
3327 2025 3433 2083 illis
3464 2028 3689 2098 nequis-

2104 2119 2297 2181 simus,
2329 2120 2373 2173 si
2401 2118 2567 2173 fuerit
2596 2134 2693 2174 cor
2722 2132 2911 2173 eorum
2945 2119 3243 2174 secundum
3274 2118 3465 2184 Deum,
3486 2120 3531 2175 si
3568 2120 3686 2175 fue-

2104 2214 2175 2268 rit
2211 2213 2460 2269 voluntas
2504 2228 2693 2268 eorum
2741 2213 2795 2267 in
2842 2213 3156 2277 sanctitate,
3198 2214 3243 2268 si
3281 2214 3457 2268 anima
3494 2228 3690 2269 eorum

2103 2307 2266 2363 fuerit
2293 2307 2348 2362 in
2379 2308 2628 2373 veritate,
2657 2308 2700 2364 si
2731 2323 2886 2365 mens
2930 2310 2981 2363 in
3014 2308 3119 2363 ﬁde
3151 2322 3217 2362 ac
3250 2308 3480 2378 pietate,
3508 2306 3553 2362 si
3594 2308 3689 2363 ad-

2102 2401 2413 2456 monuerint
2460 2401 2783 2470 semetipsos
2813 2401 2866 2456 in
2900 2400 3335 2455 misericordiam
3378 2408 3434 2454 et
3461 2400 3688 2454 misera-

2101 2494 2302 2549 tionem
2330 2533 2346 2560 ,
2375 2493 2431 2548 iu
2465 2494 2607 2548 bona
2637 2509 2798 2565 opera
2843 2502 3007 2563 atque
3035 2492 3218 2547 omnia
3246 2506 3365 2561 quae
3400 2491 3451 2545 in
3489 2491 3583 2546 Dei
3622 2492 3687 2545 ti-

2100 2600 2249 2640 more
2280 2585 2659 2656 perﬁciuntur,
2685 2595 2742 2642 et
2766 2586 2835 2641 de
2862 2587 3114 2642 omnibus
3137 2601 3256 2657 qua:
3277 2584 3432 2654 juxta
3461 2585 3558 2640 Dei
3590 2599 3686 2640 vo-

2100 2675 2363 2732 luntatem
2397 2677 2550 2732 ﬁunt.
2587 2676 2721 2733 Cum
2756 2678 2902 2733 enim
2943 2678 3194 2733 voluntas
3224 2677 3504 2732 hominum
3549 2692 3686 2732 con-

2100 2770 2620 2826 senseritvoluntati
2672 2770 2790 2838 Dei,
2839 2779 2967 2826 tunc
3016 2771 3197 2826 omnia
3230 2784 3348 2839 quae
3382 2769 3524 2825 bona
3555 2779 3685 2824 sunt

2099 2862 2257 2918 facile
2285 2863 2573 2932 perﬁciunt
2598 2862 2867 2919 homines.
2898 2862 3031 2919 Cum
3062 2863 3126 2918 iis
3152 2862 3350 2933 quibus
3372 2862 3686 2918 delectatur

2099 2951 2261 3019 Deus,
2294 2952 2545 3008 delectati
2584 2952 2787 3007 fuerint
2830 2952 3079 3009 homines
3101 2992 3117 3018 ,
3155 2964 3283 3008 tunc
3318 2952 3684 3008 nihilominus

2098 3046 2279 3100 omnia
2309 3060 2648 3115 quaecunque
2678 3044 2784 3099 vita
2823 3046 2983 3116 digna
3007 3057 3158 3110 sunt,
3193 3055 3390 3116 prazsto
3421 3054 3550 3100 sunt
3580 3046 3684 3101 ho-

419 3142 487 3196 ad
518 3141 803 3211 imaginem
838 3138 930 3193 Dei
975 3148 1059 3193 est
1086 3148 1286 3203 creata,
1326 3152 1445 3206 quae
1477 3136 1873 3206 incorruptibili
1909 3150 1996 3191 sa-
2023 3155 2066 3215 α
2101 3138 2356 3193 minibus.
2388 3137 2525 3193 Nam
2555 3149 2609 3193 et
2641 3138 2746 3194 Job
2773 3140 2932 3193 homo
2962 3137 3064 3192 fuit
3090 3137 3347 3203 carnalis,
3379 3137 3484 3194 fuit
3508 3148 3682 3195 terre-

418 3234 617 3303 pientia
649 3241 732 3289 est
767 3226 996 3298 imbuta,’
1015 3246 1135 3300 qua:
1164 3245 1413 3286 sermone
1442 3238 1499 3285 et
1526 3230 1753 3284 scientia
1782 3237 1865 3283 est
1898 3244 1993 3284 co-

420 3336 639 3388 ronata,
676 3340 794 3394 quae
830 3324 921 3379 Dei
954 3323 1268 3393 cognitione
1298 3329 1381 3377 est
1431 3321 1615 3375 induta
1642 3361 1658 3385 ,
1703 3335 1824 3389 quae
1876 3334 1997 3375 cor-

418 3419 654 3489 ruptibili
684 3418 1055 3472 dominatione
1080 3416 1241 3485 hujus
1284 3416 1468 3471 mundi
1496 3426 1579 3471 est
1608 3414 1993 3480 honoriﬁcata,

415 3523 534 3581 quae
561 3510 718 3581 paulo
747 3512 1009 3566 minorem
1034 3511 1259 3579 gloriam
1283 3510 1353 3563 ab
1376 3509 1584 3579 angelis
1607 3523 1767 3578 super
1791 3520 1991 3563 terram

412 3611 497 3658 est
532 3602 742 3671 adepta.
779 3599 929 3656 Hanc
969 3600 1180 3655 scilicet
1213 3599 1450 3653 animam
1494 3614 1561 3654 ne
1596 3600 1870 3670 tetigeris,
1902 3615 1997 3654 ne-

412 3710 519 3765 que
545 3694 673 3749 huic
704 3692 1244 3764 appropinquaveris,
1274 3706 1451 3761 neque
1479 3690 1991 3753 communicaveris,

413 3801 587 3857 neque
624 3786 1030 3842 commiscearis
1052 3823 1067 3850 ,
1103 3798 1279 3853 neque
1312 3783 1612 3847 obtuderis.
1642 3798 1816 3853 neque
1847 3781 1990 3836 infa-

415 3877 676 3941 tuaveris,
698 3891 874 3948 neque
905 3875 1241 3946 fatigaveris,
1266 3890 1442 3945 neque
1468 3877 1765 3946 deceperis.
1802 3876 1991 3932 Omni-

412 3966 511 4022 bus
563 3968 745 4036 itaque
786 3967 958 4021 modis
1001 3966 1239 4020 animam
1284 3967 1401 4037 ejus
1430 3981 1563 4021 cave
1608 3982 1679 4022 ne
1723 3966 1986 4038 tetigeris.

410 4058 546 4114 Nam
595 4068 650 4113 tu
681 4074 803 4113 cum
839 4058 1074 4112 animam
1106 4057 1224 4128 ejus
1260 4072 1369 4112 non
1404 4058 1696 4129 tetigeris,
1721 4074 1895 4131 neque
1934 4061 1987 4117 ei

410 4150 837 4221 proximaveris,
874 4164 1149 4219 nunquam
1201 4165 1288 4205 me
1333 4149 1598 4207 innocens
1639 4149 1756 4220 ejus
1806 4155 1987 4209 anima

408 4241 649 4312 negabit.
684 4239 792 4295 Pro
844 4240 926 4294 his
973 4253 1105 4309 ergo
1139 4239 1396 4295 omnibus
1441 4241 1680 4295 animam
1710 4240 1828 4311 ejus
1855 4257 1987 4299 cave

408 4350 475 4390 ne
504 4334 767 4405 tetigeris.
794 4330 913 4386 Non
943 4330 1187 4400 tetigisti,
1215 4331 1408 4401 inquit,
1436 4333 1673 4388 animam
1702 4332 1899 4404 Joseph
1931 4335 1985 4389 in

406 4429 641 4493 luxuria,
664 4444 772 4482 non
796 4425 1021 4497 tetigisti
1043 4424 1276 4479 animam
1306 4424 1540 4480 Abraha:
1572 4425 1626 4478 in
1659 4426 1981 4493 tentatione,

2100 3247 2223 3296 nus,
2251 3230 2641 3300 corruptibilis,
2674 3230 2797 3285 talis
2827 3231 3018 3301 quales
3051 3246 3243 3286 omnes
3281 3231 3555 3298 homines,
3587 3232 3681 3288 sed

2096 3324 2343 3379 devotior
2366 3334 2529 3392 atque
2552 3324 2846 3379 studiosior
2866 3324 3013 3379 circa
3034 3325 3432 3397 eleemosynas,
3460 3336 3516 3380 et
3538 3326 3681 3381 bona

2096 3430 2261 3484 opera
2282 3415 2334 3469 in
2363 3416 2468 3469 ﬁde
2493 3430 2557 3470 ac
2587 3414 2680 3468 Dei
2706 3415 2903 3471 timore
2925 3431 3035 3485 pra:
3060 3417 3310 3470 omnibus
3339 3416 3679 3472 hominibus.

2096 3506 2303 3562 Idcirco
2336 3505 2685 3574 acceptabilis
2720 3506 2824 3561 fuit
2851 3505 2955 3562 Job
3003 3506 3115 3561 Deo
3146 3521 3311 3577 super
3343 3522 3537 3562 omnes
3580 3508 3682 3564 ho-

2097 3599 2313 3665 mines;
2376 3599 2582 3655 idcirco
2629 3599 2904 3670 superavit
2946 3600 3331 3669 nequissimum
3377 3600 3679 3669 diabolum,

2094 3692 2267 3762 magis
2308 3707 2473 3763 quam
2518 3707 2707 3748 omnes
2759 3692 3007 3748 homines
3053 3694 3105 3748 in
3144 3703 3387 3764 tempore
3421 3711 3541 3752 suo.
3585 3697 3681 3751 Sic

2034 3776 2039 3780 ’
2092 3785 2277 3855 itaque
2306 3795 2533 3856 possunt
2556 3801 2745 3842 omnes
2774 3787 3020 3842 homines
3041 3787 3131 3858 qui
3161 3788 3452 3855 voluerint,
3478 3800 3533 3844 et
3567 3789 3682 3845 Deo

2090 3877 2327 3948 placere,
2358 3888 2418 3932 et
2444 3878 2657 3933 diabolo
2686 3879 2975 3947 resistere,
3010 3891 3064 3934 et
3097 3881 3427 3936 voluntatem
3459 3882 3554 3936 Dei
3588 3883 3679 3937 fa-

2090 3983 2251 4032 cere,
2287 3977 2343 4023 et
2373 3968 2426 4022 in
2462 3983 2690 4039 regnum
2731 3969 2993 4025 caelorum
3028 3969 3281 4034 introire,
3332 3980 3389 4025 et
3417 3972 3473 4025 in
3502 3972 3679 4026 vitam

2089 4066 2348 4112 aeternam
2383 4059 2749 4127 requiescere.
2783 4058 2889 4113 Aut
2936 4058 3111 4114 adhuc
3156 4060 3453 4115 secundum
3496 4061 3678 4132 ipsam

2089 4149 2398 4205 historiam.
2431 4150 2678 4204 Animam
2704 4189 2721 4217 ,
2751 4149 2968 4222 inquit,
3010 4154 3124 4220 ejus
3157 4168 3221 4206 ne
3264 4153 3535 4223 tetigeris,
3569 4156 3681 4210 hoc

2087 4252 2173 4297 est
2208 4258 2275 4298 ne
2314 4258 2434 4298 eam
2486 4253 2616 4298 ante
2641 4252 2856 4313 tempus
2894 4244 2961 4298 de
2998 4258 3229 4313 corpore
3270 4243 3484 4313 ejicias.
3516 4246 3601 4302 Ac
3628 4246 3675 4301 si

2086 4333 2333 4390 diceret:
2362 4333 2439 4389 Ita
2463 4334 2724 4390 demetire
2745 4335 2921 4404 ipsum
2942 4333 3188 4391 dolorem
3218 4348 3384 4406 atque
3414 4341 3680 4409 corporis

2086 4443 2306 4497 poenam
2327 4468 2342 4493 ,
2375 4438 2433 4484 ut
2460 4430 2630 4499 ipsam
2664 4431 2898 4483 animam
2923 4442 3052 4486 ante
3101 4442 3311 4500 tempus
3337 4432 3405 4488 de
3434 4447 3679 4503 corpore

407 4538 512 4578 non
553 4521 773 4591 tetigisti
810 4520 1044 4574 animam
1075 4518 1194 4574 Noe
1227 4520 1285 4573 in
1321 4517 1499 4572 medio
1530 4518 1835 4589 gigantum,
1870 4534 1979 4573 non
2011 4523 2057 4578 D
2086 4521 2240 4576 exire
2267 4536 2374 4576 non
2405 4521 2718 4592 compellas.
2749 4520 2869 4577 Noli
2909 4537 3041 4592 ergo
3082 4522 3413 4579 mortiﬁcare
3441 4540 3676 4596 corpus,

406 4614 629 4685 tetigisti
673 4613 858 4668 Enoch
900 4612 956 4667 in
987 4612 1166 4667 medio
1210 4612 1557 4682 injusterum,
1604 4627 1712 4667 non
1752 4612 1979 4681 tetigisti

402 4705 641 4758 animam
692 4704 823 4758 Abel
858 4704 1200 4759 innocentem
1251 4704 1372 4774 ejus
1400 4704 1799 4760 internecione.
1837 4705 1980 4775 Ergo

402 4797 529 4866 quia
583 4797 824 4863 nullius,
863 4797 1077 4867 inquit,
1122 4797 1339 4851 illorum
1382 4797 1620 4852 animam
1670 4796 1915 4877 tetigisti.
1947 4815 1981 4854 ο

401 4889 651 4955 diabole,
696 4890 901 4945 idcirco
939 4892 1270 4946 immaculati
1320 4907 1510 4947 omnes
1549 4901 1711 4963 atque
1748 4894 1890 4947 beati
1923 4892 1980 4948 in

401 4991 693 5051 conspectu
720 4997 845 5038 meo
872 4984 1234 5039 consummati
1263 4992 1409 5039 sunt.
1434 4983 1557 5039 Noli
1585 5000 1716 5054 ergo
1745 5000 1846 5041 nec
1876 4985 1978 5041 Job

398 5074 632 5129 animam
660 5084 899 5145 tangere,
923 5086 980 5130 et
1003 5075 1267 5146 gloriosus
1293 5078 1457 5131 etiam
1483 5077 1571 5133 hic
1601 5078 1658 5132 in
1681 5088 1977 5147 conspectu

399 5182 521 5222 meo
548 5169 1033 5224 consummabitur.
1086 5168 1206 5223 Non
1242 5169 1500 5239 tetigisti,
1532 5170 1730 5240 inquit,
1767 5178 1975 5240 marty-

399 5275 517 5313 rum
550 5274 791 5314 meorum
826 5259 1038 5313 animas
1059 5303 1073 5327 ,
1111 5276 1219 5315 non
1267 5261 1491 5331 tetigisti
1523 5262 1851 5317 mirabilium
1881 5278 1976 5318 ve-

398 5351 691 5406 ridicornm
722 5366 967 5406 meorum
998 5353 1218 5407 testium
1263 5353 1494 5408 animas.
1541 5352 1745 5407 Idcirco
1781 5354 1817 5408 ii
1849 5370 1972 5409 suc-

398 5448 717 5502 cumbentes
759 5446 1039 5512 universi,
1086 5455 1306 5515 propter
1338 5445 1496 5500 ﬁdem
1525 5454 1971 5515 contempserunt

396 5547 650 5604 mortem,
684 5538 804 5595 ideo
830 5539 1137 5593 intaminati
1168 5553 1382 5593 onmem
1427 5537 1567 5608 ignis
1593 5552 1808 5607 poenam
1841 5538 1966 5593 irri-

397 5640 587 5689 serunt
619 5640 780 5701 atque
802 5630 987 5700 gladii,
1014 5632 1207 5686 merito
1238 5630 1784 5688 immarcescibilibus
1806 5647 1962 5688 coro-

469 5806 648 5869 "Job
679 5825 744 5877 ιι,
776 5810 831 5865 6.
907 5811 951 5843 ιι
978 5811 1106 5867 ibid.
1185 5810 1229 5843 ι’
1265 5810 1398 5868 ibid.
1426 5810 1465 5863 7-

2090 4632 2159 4673 ne
2186 4624 2312 4672 ante
2342 4615 2729 4682 perfectionem
2766 4617 3109 4684 constantiae,
3133 4617 3216 4672 vel
3241 4624 3676 4676 consummatio-

2089 4724 2214 4765 nem
2244 4708 2544 4764 tolerantia:
2578 4708 2823 4763 discedat
2854 4709 3058 4763 anima.
3079 4709 3169 4765 Sic
3196 4711 3383 4780 itaque
3406 4712 3676 4771 omnibus

2089 4801 2265 4856 modis
2299 4810 2408 4855 tam
2431 4798 2768 4865 carnalibus,
2791 4815 2955 4869 quam
2979 4803 3141 4857 etiam
3172 4802 3513 4871 spiritalibus
3546 4820 3673 4865 am-

2087 4907 2229 4945 mam
2259 4906 2327 4945 ne
2358 4891 2620 4963 tetigeris.
2651 4889 2781 4945 Post
2814 4906 2934 4961 qua:
2968 4893 3241 4960 universa,
3283 4893 3455 4950 dicit:
3486 4894 3673 4955 Exit-it

2085 4982 2327 5037 diabolus
2361 4999 2394 5036 a
2440 4981 2575 5049 [acie
2603 4979 2815 5035 Domini
2839 4981 2911 5037 ".
2938 4982 3217 5048 Quomodo
3253 4982 3424 5039 exivit
3459 5002 3488 5041 a
3523 4988 3675 5045 facie

2085 5076 2296 5132 Domini
2342 5075 2389 5130 is
2416 5076 2509 5145 qui
2551 5075 2803 5145 indiguus
2847 5084 2930 5131 est
2962 5076 3248 5144 praesentia
3275 5076 3543 5134 Domini?
3574 5082 3675 5137 Sic

2082 5170 2251 5224 exivit
2271 5185 2298 5222 a
2326 5168 2465 5223 facie
2486 5167 2879 5235 Domini,sicut
2904 5176 2959 5223 et
2984 5169 3132 5223 venit
3153 5176 3277 5226 ante
3304 5183 3674 5241 conspectum

2084 5264 2317 5321 Domini.
2380 5263 2473 5319 Sic
2524 5264 2730 5328 exivit,
2786 5261 3239 5333 quemadmodum
3292 5274 3348 5319 et
3402 5269 3673 5335 superius

2078 5367 2355 5412 ostensum
2382 5371 2447 5411 ac
2472 5364 2826 5410 memoratum
2859 5362 2979 5410 est:
3010 5353 3194 5410 Exivit
3221 5355 3464 5411 diabolus
3501 5374 3538 5410 α
3577 5359 3672 5429 fa-

2077 5450 2154 5503 cie
2190 5448 2419 5504 Domini.
2461 5448 2641 5503 Exivit
2668 5488 2683 5510 ,
2727 5451 2822 5504 sed
2862 5463 2970 5503 non
3017 5449 3329 5505 carnalibus
3383 5451 3669 5522 vestigiis,

2078 5555 2252 5609 neque
2301 5539 2743 5609 corruptibilibus
2786 5540 3065 5610 gressibus
3091 5580 3107 5605 ,
3149 5543 3243 5595 sed
3299 5543 3671 5611 nequissimis

2077 5631 2520 5705 cogitationibus,
2554 5630 2751 5702 quibus
2779 5630 3042 5688 adversus
3062 5629 3165 5687 Job
3200 5629 3451 5700 nequiter
3481 5633 3674 5689 medi-
