3880 6212
208 304 318 360 465

1300 308 1683 368 ANONYMUS
1721 310 1789 367 IN
1824 310 1967 368 JOB.
2005 344 2072 355 —
2109 311 2236 368 LIB.
2278 310 2345 365 Ιῐ.

3346 310 3453 369 ωδ

210 432 354 479 tatus
383 434 464 479 est
495 431 653 494 atque
687 418 945 495 cngitavit
969 427 1272 485 aemulando
1298 442 1461 501 atque
1488 431 1780 487 invidendo
1808 434 1857 494 Α
1883 439 2044 500 atque
2074 431 2495 499 imposnitentes,
2534 426 2629 497 qui
2662 425 2728 479 ad
2764 424 2931 481 Deum
2964 442 3070 482 non
3105 438 3449 497 convertunt,

210 514 485 571 innocenti
519 518 591 571 illi
627 527 792 588 atque
823 520 989 589 justo.
1034 520 1126 577 Sic
1156 522 1339 591 itaque
1366 524 1786 595 cogitationibus
1886 523 1975 593 qui
2022 522 2396 593 paenitentiam
2440 534 2545 574 non
2582 516 2940 585 confitentur,
2998 519 3091 588 qui
3130 519 3323 574 faciem
3354 522 3453 575 Dei

208 611 361 663 venit
389 619 515 664 ante
546 610 709 665 Deum
735 627 986 682 quaerens
1011 629 1074 669 ac
1102 614 1434 681 desiderans,
1466 626 1523 670 ut
1554 615 1655 672 Job
1685 632 1782 672 ac-

208 702 415 770 ciperet
438 702 492 756 in
517 713 860 772 potestatem.
886 702 976 759 Sic
1000 706 1294 762 identidem
1326 708 1782 778 nequissimorum

208 793 565 847 consiliorum
619 796 895 865 accipiens
934 796 1356 866 perfectionem,
1403 801 1507 855 hoc
1552 810 1638 855 est
1682 800 1783 856 Job

206 892 536 950 pmestatem
586 886 655 940 ad
701 886 1042 959 amigendum
1096 905 1318 945 carnem
1369 900 1424 946 et
1476 907 1599 947 ossa
1643 894 1780 963 ejus,

208 990 337 1028 nam
371 974 473 1031 hoc
497 979 789 1035 meditatus
810 982 1082 1051 quaesivit,
1109 982 1287 1037 Exivit
1316 1001 1347 1038 a
1379 984 1514 1047 facie
1544 983 1782 1051 Domini,

207 1066 316 1119 hoc
352 1075 436 1121 est
480 1068 686 1138 quievit
733 1071 983 1127 meditari
1014 1086 1079 1128 ac
1108 1074 1382 1144 cogitare,
1431 1076 1521 1145 qui
1572 1078 1781 1145 pridem

206 1157 501 1213 meditatus
546 1157 724 1215 fuerat
761 1170 924 1233 atque
969 1163 1324 1232 cogitaverat.
1372 1165 1507 1220 Nam
1538 1168 1778 1238 primum

206 1250 352 1319 apud
382 1250 729 1320 semetipsum
754 1255 1003 1325 nequiter
1028 1256 1295 1312 meditans
1324 1266 1486 1327 atque
1510 1258 1780 1326 cogitans,

205 1340 345 1395 dixit
371 1356 385 1394 :
416 1339 549 1407 Quis
574 1341 704 1395 mihi
721 1343 897 1410 daret,
924 1352 982 1399 ut
1002 1360 1215 1415 possem
1234 1346 1420 1401 venire
1439 1356 1565 1402 ante
1590 1346 1779 1415 Deum,

205 1444 264 1488 et
294 1435 537 1490 invenire
584 1444 906 1505 potestatem
949 1438 1132 1493 carnis
1154 1479 1169 1502 ,
1203 1439 1520 1510 ossiumque
1550 1438 1670 1505 Job,
1723 1449 1783 1493 ut

205 1524 457 1595 afﬂigens
498 1527 644 1582 illum
696 1529 990 1584 secundum
1042 1530 1282 1585 animum
1312 1546 1491 1587 meum
1534 1546 1780 1602 cogerem

205 1633 331 1674 eum
374 1618 770 1688 reprehendere
808 1620 957 1674 illum
998 1635 1159 1690 quem
1201 1638 1344 1678 nunc
1389 1624 1678 1692 praedicat,
1728 1635 1783 1680 et

205 1725 411 1779 negare
442 1710 590 1765 illum
614 1710 700 1765 cui
726 1726 867 1765 nunc
896 1713 1099 1781 gratias
1136 1713 1288 1783 agit?
1319 1713 1443 1771 istis
1471 1731 1602 1787 ergo
1631 1717 1780 1787 cogi-

1885 632 1989 671 non
2024 617 2325 685 requirunt,
2358 614 2450 684 qui
2490 614 2583 669 Dei
2626 613 2888 683 judicium
2918 627 3025 667 non
3052 620 3320 678 metuunt,
3355 613 3452 683 qui

1883 722 2098 780 pinnam
2149 704 2448 760 inferorum
2500 720 2603 759 non
2670 703 3132 766 contremiscunt,
3173 704 3265 772 qui
3316 718 3451 758 con-

1884 801 2225 857 demnatione
2256 800 2515 869 gehennae
2546 813 2650 852 non
2679 805 2973 853 terrentur.
3007 796 3120 852 Hoc
3149 805 3453 852 metuentes

1883 908 2071 949 omnes
2098 892 2233 960 justi
2269 892 2461 947 devote
2489 890 2761 962 deprecati
2797 898 2925 944 sunt
2954 888 3121 944 Deum
3169 889 3449 944 dicentes:

1886 983 1971 1038 Ne
2006 981 2255 1052 projicias
2296 996 2378 1035 me
2413 998 2445 1034 a
2492 980 2627 1050 facie
2664 990 2757 1034 tua
2792 979 2860 1036 ⁸⁸.
2903 978 2970 1032 Et
3018 978 3185 1032 alibi:
3237 975 3454 1031 Faciem

1883 1085 2048 1138 tuam,
2081 1072 2319 1137 Domine,
2348 1073 2631 1143 requiram.
2676 1071 2759 1127 Ne
2792 1080 2996 1125 avertas
3024 1070 3215 1139 faciem
3250 1080 3396 1123 tuam
3420 1087 3455 1123 a

1881 1184 1962 1222 me
1987 1165 2057 1233 ⁸⁸,
2085 1175 2139 1221 et
2168 1166 2271 1220 alia
2298 1164 2532 1236 plurima
2557 1165 2644 1219 his
2668 1163 2893 1220 similia.
2922 1162 3000 1217 Ex
3032 1162 3151 1217 istis
3180 1177 3309 1233 ergo
3336 1177 3455 1216 om-

1882 1258 2040 1313 nibus
2070 1257 2182 1313 exit
2223 1256 2494 1312 diabolus.
2538 1255 2743 1331 omnes
2790 1255 2885 1325 qui
2930 1256 2998 1310 ab
3026 1269 3091 1310 eo
3123 1256 3176 1309 in
3207 1269 3452 1310 errorem

1881 1348 2157 1404 ducuntur
2187 1356 2349 1416 atque
2374 1344 2734 1408 seducuntttr,
2768 1352 2823 1398 et
2850 1356 3039 1397 omnes
3074 1343 3165 1412 qui
3201 1342 3457 1429 volunta-t

1882 1448 1990 1496 tem
2030 1438 2148 1508 ejus
2200 1437 2444 1503 faciunt,
2484 1444 2540 1491 et
2589 1450 2779 1491 omnes
2824 1435 2918 1505 qui
2966 1435 3033 1489 ad
3078 1434 3455 1504 pmnitendum

1879 1531 2046 1587 corda
2079 1544 2176 1585 sua
2203 1527 2496 1593 obdurant,
2522 1528 2610 1583 isti
2639 1541 2828 1582 omnes
2858 1524 3220 1596 proiiciantur
3254 1541 3285 1580 a
3316 1523 3456 1581 facie

1880 1625 1999 1692 Dei,
2035 1624 2122 1680 isti
2156 1636 2349 1679 omnes
2376 1620 2720 1691 expelluntur
2755 1618 2808 1672 in
2840 1617 3091 1673 tenebras
3127 1617 3451 1684 exteriores,

1881 1728 1936 1774 et
1968 1719 2145 1788 ignem
2179 1711 2694 1783 inexstinguibilem,
2731 1710 2821 1779 qui
2859 1712 3194 1780 praeparatus
3223 1716 3307 1764 est
3335 1708 3455 1763 dia-

206 1801 507 1857 tationibus
531 1802 740 1871 pridem
764 1804 913 1857 venit
938 1810 1062 1858 ante
1092 1782 1397 1862 Dominum.
1423 1782 1627 1863 Deinde
1655 1782 1777 1864 cum
1812 1782 1854 1837 Β
1881 1782 2013 1866 bolo
2030 1850 2044 1873 ,
2098 1817 2155 1863 et
2201 1805 2405 1876 angelis
2427 1782 2568 1872 Jejus
2588 1844 2603 1867 ,
2638 1812 2805 1873 atque
2831 1802 3084 1857 omnibus
3126 1800 3215 1870 qui
3246 1800 3455 1855 faciunt

204 1892 503 1962 accepisset
533 1901 854 1964 potestatem
884 1892 1017 1961 Job,
1050 1910 1115 1951 ac
1147 1898 1452 1967 quiesceret
1491 1899 1604 1955 haec
1633 1904 1779 1973 cogi-

205 1993 347 2047 tare,
377 1995 659 2053 postquam
681 1986 890 2054 quievit
912 1987 979 2042 ab
1002 1988 1125 2044 istis
1148 1992 1589 2049 meditationibus
1615 2006 1779 2067 atque

201 2075 474 2141 consiliis,
504 2077 680 2131 exisse
716 2077 918 2131 dicitur
956 2093 987 2132 a
1020 2080 1161 2137 facie
1209 2081 1444 2139 Domini.
1475 2086 1615 2157 Ergo
1646 2090 1774 2160 quia

200 2166 455 2221 exierunt
471 2184 498 2221 a
520 2168 656 2223 facie
678 2168 888 2223 Domini
905 2172 1261 2240 cogitationes
1280 2177 1418 2247 ejus,
1443 2181 1638 2236 merito
1663 2183 1779 2253 ipse

199 2258 404 2313 dicitur
421 2260 571 2316 exire
600 2276 629 2316 a
659 2262 797 2317 facie
824 2265 1059 2331 Domini,
1092 2266 1193 2321 hoc
1219 2276 1303 2321 est
1351 2277 1614 2326 tractatus
1637 2271 1777 2341 ejus,

199 2358 261 2407 et
291 2353 573 2421 cogitatio,
621 2355 904 2410 meditatio
929 2372 1144 2429 quoque
1176 2360 1407 2430 maligna
1450 2372 1611 2431 atque
1640 2364 1782 2435 inju-

202 2453 349 2499 stum
380 2443 735 2502 desiderium.
785 2445 960 2530 Exivit
998 2466 1030 2504 a
1072 2447 1208 2519 facie
1253 2451 1506 2521 Domini,
1564 2456 1665 2510 hoc
1696 2464 1779 2511 est

200 2537 411 2607 quievit
442 2545 604 2607 atque
648 2540 880 2595 cessavit
923 2542 1210 2607 meditari,
1262 2553 1318 2598 et
1359 2548 1601 2617 cogitare
1631 2558 1780 2618 post-

199 2642 367 2698 quam
400 2629 454 2683 id
484 2630 625 2700 quod
651 2632 900 2700 quaesivit
923 2633 1154 2703 accepit.
1174 2633 1311 2689 Nam
1335 2646 1535 2693 etvere
1557 2639 1780 2695 veniunt

201 2729 332 2774 ante
363 2721 553 2787 Deum,
580 2730 635 2776 et
669 2723 893 2790 justitiae
916 2724 1186 2795 juslorum
1215 2767 1230 2792 ,
1266 2735 1320 2781 et
1355 2728 1666 2797 impietates
1694 2732 1780 2786 in-

195 2815 497 2882 justorum.
532 2812 622 2869 Sic
650 2829 884 2884 namque
908 2816 1041 2873 dicit
1070 2820 1292 2890 angelus
1324 2821 1390 2876 ad
1422 2820 1734 2877 Cornelium
1760 2842 1775 2877 :

198 2904 489 2960 Orationes
525 2916 665 2973 tua),
698 2915 749 2961 et
794 2907 1131 2980 eleemosynw
1182 2920 1287 2964 tua:
1330 2914 1678 2968 ascenderunt
1722 2916 1777 2969 in

198 2998 511 3051 memoriam
539 3007 659 3051 ante
685 2996 853 3051 Deum
881 3000 948 3055 ⁸³.
980 2999 1073 3055 Sic
1108 3010 1163 3056 et
1206 3002 1333 3056 olim
1376 3003 1514 3057 dixit
1556 3006 1778 3075 angelus

1878 1901 2212 1955 voluntatem
2263 1897 2402 1966 ejus.
2444 1894 2623 1950 Exivit
2669 1893 2920 1948 diabolus
2962 1907 2993 1946 a
3051 1890 3192 1946 facie
3237 1889 3453 1945 Domini

1877 1993 2126 2050 deferens
2147 1988 2269 2055 Job,
2299 1998 2360 2044 ut
2380 1988 2623 2059 putabat,
2658 1984 2995 2041 interficiens
3039 1982 3242 2053 justum
3276 1982 3450 2046 illum,

1877 2095 1938 2140 ut
1966 2082 2292 2139 conﬁdebat.
2331 2079 2423 2134 Sic
2454 2092 2692 2148 namque
2720 2085 2775 2131 et
2801 2076 3011 2146 primus
3058 2075 3451 2144 discipulorum

1877 2178 1997 2248 ejus
2018 2174 2152 2231 Cain
2179 2182 2464 2244 postquam
2492 2179 2710 2241 propter
2732 2168 2991 2223 invidiam
3015 2166 3100 2237 (ut
3119 2166 3324 2222 dictum
3346 2166 3453 2235 eat)

1878 2268 2150 2326 interfecit
2200 2266 2372 2329 Abel,
2407 2264 2575 2319 exivit
2602 2277 2633 2317 a
2671 2260 2811 2317 facie
2855 2260 3093 2316 Domini.
3142 2259 3233 2316 Sic
3263 2260 3454 2329 itaque

1876 2360 2121 2416 diabolus
2150 2369 2303 2430 pater
2330 2366 2385 2413 et
2411 2356 2564 2425 origo
2593 2355 2834 2409 omnium
2864 2352 3153 2417 malorum,
3183 2352 3453 2407 exsistens

1877 2452 2197 2509 interfector
2240 2461 2502 2521 quantum
2538 2446 2605 2501 ad
2640 2447 2811 2516 ipsum
2840 2442 2980 2510 Job,
3025 2443 3193 2498 exivit
3238 2458 3268 2496 a
3314 2443 3455 2498 facie

1878 2546 2112 2602 Domini.
2136 2544 2354 2600 Certum
2379 2551 2464 2598 est
2484 2540 2632 2611 quod
2659 2539 2908 2609 nequiter
2930 2545 3094 2606 atque
3123 2536 3285 2603 impie
3311 2536 3452 2604 apud

1878 2635 2231 2705 semetipsum
2262 2641 2535 2699 tractans,
2567 2629 2706 2684 dixit
2739 2627 2807 2683 ad
2839 2628 3007 2682 Deum
3033 2645 3047 2680 :
3081 2625 3310 2680 ulterius
3342 2638 3451 2678 non

1878 2728 2091 2799 indigeo
2116 2726 2254 2781 facie
2284 2732 2394 2789 tua,
2422 2723 2547 2793 quia
2570 2719 2753 2791 accepi
2785 2727 3109 2788 potestatem
3138 2715 3255 2784 ejus
3287 2731 3451 2785 quem

1878 2818 2095 2875 zelabar
2135 2815 2222 2870 vel
2268 2812 2598 2883 quaerebam.
2644 2809 2789 2865 Deus
2840 2823 2971 2863 vero
3022 2808 3202 2863 sciens
3244 2805 3453 2860 firmam

1876 2907 2400 2969 consummationem
2435 2904 2557 2974 Job,
2586 2904 2860 2975 acquievit
2908 2912 2968 2959 ut
3001 2918 3097 2973 per
3126 2901 3452 2957 diabolicum

1878 3004 2054 3074 ignem
2098 3001 2358 3073 probatus
2410 2996 2621 3062 fuisset,
2670 2994 3127 3067 quemadmodum
3178 2993 3223 3048 si
3276 3001 3456 3048 teneat

198 3090 273 3142 aut
296 3088 525 3145 Tobiam
552 3109 566 3145 :
598 3090 727 3145 Cum
755 3108 937 3147 orares
994 3102 1051 3146 tu
1079 3101 1128 3147 et
1175 3092 1312 3149 Sara
1352 3096 1465 3164 ﬁlia
1499 3096 1774 3167 Raguelis,
1803 3121 1850 3185 ο
1880 3096 1934 3151 in
1961 3108 2125 3150 manu
2153 3109 2249 3149 sua
2278 3092 2403 3161 quis
2430 3093 2797 3185 adamantem,
2820 3098 2875 3145 et
2895 3089 3035 3185 alius
3060 3086 3282 3157 quilibet
3305 3086 3456 3140 dicat

194 3198 290 3249 ego
325 3180 490 3235 obtut'i
522 3185 828 3238 memoriam
854 3184 1149 3238 orationum
1175 3195 1465 3240 vestrarum
1486 3189 1541 3242 in
1565 3206 1777 3259 conspe—

196 3280 285 3324 ctu
310 3271 407 3325 Dei
428 3270 496 3327 ⁸⁸.
530 3271 659 3327 Item
679 3289 808 3328 vero
840 3276 907 3329 de
936 3273 1116 3343 impiis
1143 3274 1277 3329 dicit
1302 3276 1595 3333 Dominus:
1619 3278 1777 3333 Nunc

195 3362 516 3417 recordabar
549 3364 936 3433 injustitiarum
968 3365 1200 3435 illorum,
1223 3375 1273 3421 et
1307 3366 1535 3423 ulciscar
1562 3384 1778 3439 peccata

194 3466 382 3509 eorum
404 3455 473 3512 ⁸⁵.
507 3455 571 3510 Ει
594 3456 860 3513 Jeremias
884 3458 1013 3514 dicit
1038 3461 1104 3514 ad
1137 3461 1425 3531 impiorum
1456 3466 1769 3520 consilium:

199 3542 411 3623 Nonne.
438 3550 772 3602 incensorum
824 3562 1116 3605 vestrorum
1158 3555 1463 3609 recordatus
1501 3567 1573 3611 εει
1601 3556 1778 3612 Domi-

196 3651 299 3688 nus
341 3635 406 3689 de
437 3636 759 3693 idololatriis
781 3684 795 3706 ,
826 3649 876 3694 et
911 3644 1144 3697 ascendit
1168 3644 1223 3698 in
1268 3662 1358 3698 cor
1377 3648 1490 3712 ejus
1507 3647 1597 3701 3‘?
1623 3649 1776 3705 Sicut

196 3743 328 3798 ergo
357 3729 607 3784 universa
643 3731 757 3786 hac
790 3733 1013 3788 veniunt
1047 3743 1174 3789 ante
1204 3734 1396 3802 Deum,
1422 3736 1494 3790 ita
1527 3736 1776 3796 diabolus

196 3821 414 3875 venisse
438 3821 659 3887 dicitur,
690 3833 745 3878 et
778 3824 960 3881 exisse
986 3842 1016 3880 a
1062 3827 1200 3882 facie
1232 3828 1478 3896 Domini,
1513 3844 1617 3884 non
1649 3846 1774 3901 per-

197 3927 331 3966 sona
364 3913 590 3970 veniens
610 3957 624 3981 ,
654 3915 749 3971 sed
779 3916 1204 3987 cogitationibus
1233 3929 1396 3991 atque
1426 3921 1778 3992 malignitatis

196 4015 309 4055 suae
322 4001 783 4072 meditationibus,
804 4020 923 4075 quae
939 4006 1231 4077 aliquando
1251 4009 1670 4066 veniebantcum
1690 4012 1777 4067 ille

196 4092 498 4162 cogitabat,
516 4094 809 4165 aliquando
827 4098 1052 4153 exibant
1066 4140 1081 4163 ,
1103 4114 1224 4154 cum
1238 4100 1327 4156 ille
1342 4101 1580 4172 cogitare
1594 4105 1779 4172 quies-

196 4183 380 4239 cebat.
401 4182 525 4239 llaec
547 4185 729 4255 itaque
746 4187 1059 4243 demonstra
1069 4205 1130 4245 us
1142 4189 1277 4246 dicit
1306 4189 1513 4246 :Eccivit
1536 4194 1776 4250 diabolus

192 4291 229 4328 a
242 4274 385 4343 facie
401 4273 634 4330 Domini.
654 4276 830 4332 Exivit
849 4294 990 4345 vere,
1007 4282 1108 4335 hoc
1121 4293 1205 4337 est
1231 4284 1497 4348 discessit,
1521 4285 1776 4355 deseruit,

194 4364 405 4419 oblitus
439 4375 523 4421 est
561 4405 577 4431 ,
609 4366 750 4421 ultra
790 4382 897 4423 non
944 4371 1252 4438 aestimavit,
1299 4388 1475 4444 neque
1525 4376 1774 4443 curavit,

1886 3188 1951 3243 ad
1978 3201 2138 3241 eum:
2173 3183 2248 3239 Da
2280 3184 2417 3238 mihi
2463 3183 2610 3237 hunc
2638 3180 2979 3235 adamantem
3018 3179 3071 3233 in
3106 3185 3452 3247 potestatem,

1880 3289 1936 3337 et
1964 3294 2064 3347 ego
2116 3277 2267 3332 illum
2316 3273 2682 3331 comminuam
2717 3272 2772 3326 in
2820 3273 3026 3341 ignem,
3069 3277 3457 3336 conteramque

1881 3370 2116 3431 ictibus;
2144 3367 2232 3421 ille
2253 3380 2385 3422 vero
2411 3364 2502 3434 qui
2534 3378 2659 3418 eum
2687 3362 2740 3416 in
2767 3376 2928 3415 manu
2959 3360 3142 3424 habet,
3174 3356 3457 3413 confidens

1880 3478 2009 3518 vere
2037 3461 2161 3532 quia
2204 3460 2425 3515 adamas
2453 3464 2559 3521 est,
2583 3455 2729 3510 dicat
2755 3473 2768 3509 :
2804 3451 2957 3507 Tolle
2983 3494 2998 3519 ,
3033 3450 3227 3522 proba,
3254 3462 3455 3517 exper-

1882 3553 1985 3617 ire,
2008 3551 2155 3621 'quia
2202 3562 2541 3618 nequaquam
2585 3545 2713 3599 huic
2766 3542 3045 3597 adamanti
3111 3538 3452 3625 praevalebis.

1883 3643 1977 3699 Sic
2007 3656 2139 3712 ergo
2164 3648 2219 3697 et
2251 3639 2493 3695 omnium
2536 3631 2784 3707 cognitor
2815 3642 2979 3702 atque
2999 3630 3260 3701 praescius
3286 3629 3453 3694 Deus,

1879 3734 2024 3789 velut
2054 3729 2423 3787 inviolabilem
2451 3728 2794 3783 adamantem
2813 3724 3023 3779 habens
3043 3719 3166 3785 Job,
3190 3720 3455 3791 quaerenti

1879 3827 2095 3884 diabolo
2128 3825 2277 3882 dedit
2322 3838 2447 3879 eum
2497 3822 2552 3875 in
2593 3826 2949 3890 potestatem.
2998 3816 3278 3871 confidens
3326 3828 3454 3870 vere

1878 3921 2005 3991 quia
2033 3932 2194 3973 verus
2240 3917 2462 3970 adamas
2502 3922 2589 3969 est
2628 3911 2749 3969 Job.
2783 3909 2877 3966 Sic
2924 3924 3160 3979 namque
3190 3917 3245 3964 et
3273 3908 3458 3979 singu-

1879 4013 2010 4067 laris
2042 4010 2155 4076 ille,
2186 4018 2241 4064 et
2274 4007 2493 4063 divinus
2513 4046 2527 4072 ,
2563 4005 2806 4060 ctelestis
2832 4018 3051 4074 quoque
3090 4013 3251 4073 atque
3278 4002 3456 4057 incor-

1880 4102 2149 4172 ruptihiIis
2174 4102 2395 4156 adamas
2419 4098 2742 4169 Unigenitus
2769 4097 2910 4153 Deus
2933 4112 2963 4151 a
2987 4095 3151 4152 Patre
3179 4094 3246 4151 ad
3277 4104 3456 4149 terras

1880 4197 2096 4258 missus,
2131 4192 2201 4247 de
2225 4206 2336 4262 quo
2372 4192 2503 4247 dicit
2531 4191 2672 4245 Deus
2717 4189 2916 4245 Pater:
2949 4189 3092 4244 Ecce
3120 4203 3220 4257 ego
3253 4202 3451 4257 ponam

1879 4289 2221 4341 adamantem
2252 4284 2305 4338 in
2335 4283 2512 4338 medio
2538 4283 2718 4354 populi
2752 4283 2855 4337 mei
2887 4300 2900 4336 ε
2926 4296 3086 4351 quem
3112 4294 3285 4349 neque
3311 4279 3453 4349 ignis

1880 4377 2233 4433 tentationum
2265 4376 2319 4429 in
2348 4375 2565 4430 deserto
2592 4374 3114 4443 comminuit,quem
3144 4388 3250 4426 non
3279 4372 3452 4442 plagas

193 4470 378 4525 neque
405 4459 828 4515 recordatuseSt
854 4462 997 4530 quod
1022 4463 1095 4517 sit
1123 4465 1397 4521 Deus.lllo
1422 4468 1566 4523 enim
1603 4483 1773 4538 usque
1804 4473 1849 4528 D
1877 4471 2164 4541 impiorum
2210 4472 2264 4525 in
2312 4483 2476 4525 cruce
2515 4470 2914 4532 contriverunt,
2949 4480 3110 4536 quem
3164 4480 3340 4534 neque
3368 4479 3453 4521 se-

192 4556 325 4603 ante
351 4546 521 4601 Deum
547 4547 966 4614 fuisse'dicitur,
996 4554 1237 4622 quandiu
1262 4556 1328 4611 de
1356 4556 1465 4611 Deo
1491 4558 1770 4628 cogitavit,

190 4653 320 4693 cum
369 4636 473 4693 Job
514 4649 823 4698 accusaret.
866 4641 1160 4712 Postquam
1199 4659 1331 4700 vero
1373 4648 1583 4716 accepit
1628 4650 1772 4718 quod

192 4730 404 4795 voluit,
443 4739 498 4785 et
541 4732 683 4801 quod
728 4734 1007 4802 quaesivit,
1040 4735 1304 4791 continuo
1332 4738 1646 4807 relinquens
1675 4740 1769 4794 Dei

194 4820 539 4887 memoriam,
578 4836 606 4875 a
637 4821 777 4877 facie
809 4823 901 4878 Dei
934 4824 1114 4880 exisse
1156 4825 1299 4894 juste
1330 4828 1547 4883 dicitur.
1594 4830 1774 4885 Exivit

192 4915 450 4973 diabolus
475 4932 505 4971 a
532 4917 669 4973 facie
697 4919 943 4987 Domini,
978 4929 1124 4976 totus
1163 4922 1364 4987 exivit,
1395 4932 1451 4978 et
1490 4938 1652 4980 sensu
1676 4965 1691 4990 ,
1718 4933 1774 4981 et

192 5007 446 5073 consilio,
479 5018 540 5063 et-
569 5010 941 5076 meditatione,
972 5020 1025 5066 et
1060 5020 1296 5069 tractatu
1322 5023 1482 5085 atque
1510 5020 1772 5073 memoria

193 5098 365 5154 exivit
393 5114 423 5153 a
465 5096 607 5155 facie
638 5099 870 5156 Domini.
908 5100 1000 5158 Sic
1029 5103 1198 5159 exivit
1237 5104 1366 5159 olim
1413 5106 1467 5160 in
1503 5108 1773 5179 principio

194 5192 398 5249 diaboli
441 5192 742 5263 discipulus
766 5195 974 5265 primus
1024 5198 1319 5253 adversarii
1357 5197 1572 5254 fructus
1612 5201 1770 5269 Cain,

194 5296 318 5336 cum
350 5282 561 5349 justum
595 5283 954 5340 interfecisset
992 5284 1147 5342 Abel.
1183 5286 1276 5342 Sic
1318 5288 1487 5343 exivit
1522 5289 1666 5345 sicut
1692 5291 1773 5345 di-

193 5374 273 5430 cit
320 5372 649 5445 Scriptura:
682 5374 860 5430 Exioit
906 5376 1040 5431 Cain
1085 5394 1119 5432 a
1159 5378 1295 5447 facie
1346 5379 1559 5436 Domini
1582 5380 1649 5439 ⁸⁷.
1680 5381 1771 5437 Sic

191 5475 394 5522 exeunt
417 5466 586 5522 etiam
619 5482 765 5524 nunc
790 5483 821 5522 a
848 5467 985 5524 facie
1013 5468 1225 5525 Domini
1251 5471 1432 5526 cuncti
1460 5472 1770 5542 pertinaces

1874 4562 2092 4633 pultura
2121 4562 2380 4632 sepulcri,
2427 4576 2607 4632 neque
2646 4564 2837 4617 mortis
2880 4562 3137 4616 introitus
3179 4559 3263 4616 vel
3312 4557 3453 4614 infe-

1876 4666 2061 4706 rorum
2095 4652 2359 4717 violavit,
2392 4654 2487 4707 sed
2531 4652 2711 4707 omnia
2758 4667 3025 4722 superans
3049 4691 3065 4717 ,
3103 4651 3349 4707 divinum
3397 4660 3459 4706 et

1875 4743 2344 4812 incorruptibilem
2367 4760 2426 4801 se
2458 4745 2799 4800 adamantem
2838 4745 3010 4802 fuisse
3035 4744 3450 4801 demonstravit.

1876 4836 2117 4889 Adamas
2144 4849 2275 4890 vero
2302 4844 2388 4890 est
2412 4836 2734 4891 naturaliter
2776 4835 2898 4891 talis
2937 4837 3097 4906 lapis,
3142 4836 3234 4890 cui
3280 4849 3455 4903 neque

1884 4926 2049 4995 ignis,
2084 4939 2260 4995 neque
2287 4925 2511 4994 ferrum,
2544 4942 2722 4997 neque
2745 4928 2893 4983 aliud
2910 4928 3209 4997 quidquam
3242 4941 3454 4996 praeva-

1881 5017 1976 5073 let.
2001 5017 2168 5074 Ferro
2189 5020 2333 5074 enim
2359 5020 2405 5075 si
2428 5021 2787 5089 percutiatur,
2811 5020 3145 5090 demergitur
3167 5019 3222 5074 in
3242 5019 3453 5074 ferrum

1881 5118 2134 5181 tanquam
2165 5112 2445 5183 plumbum
2473 5112 2699 5167 missum
2734 5112 2785 5166 in
2831 5112 3035 5181 ignem.
3072 5110 3129 5166 Si
3169 5110 3222 5165 in
3271 5111 3453 5181 ignem

1880 5203 2146 5268 mittatur,
2189 5204 2440 5259 similiter
2482 5210 2765 5275 permanet
2798 5213 2858 5258 ut
2889 5205 3089 5260 missus
3118 5214 3224 5270 est,
3251 5215 3308 5260 et
3339 5220 3451 5262 non

1878 5296 2129 5350 violatur.
2161 5297 2303 5368 Ergo
2328 5298 2456 5367 quia
2499 5297 2634 5352 nihil
2677 5297 2725 5353 ei
2758 5298 3035 5367 praevalet,
3070 5299 3193 5355 ideo
3225 5300 3452 5354 adamas

1852 5385 2203 5455 appellatur.
2239 5388 2477 5443 Adamas
2525 5402 2650 5444 vero
2693 5388 3083 5461 interpretatur
3143 5406 3209 5446 ex
3256 5389 3449 5446 Graeca

1876 5474 2055 5546 lingua
2082 5517 2098 5545 ,
2133 5478 2491 5549 indomabilis,
2519 5479 2848 5550 inﬂexibilis,
2875 5524 2891 5548 ,
2919 5482 3331 5537 incomminutus
3371 5492 3446 5545 et,

263 5678 310 5759 ξ’
338 5681 457 5759 A_ct.
491 5698 584 5759 x_,_
614 5679 796 5759 tu”:
816 5680 951 5759 Tol).
1004 5696 1082 5735 χιι
1108 5680 1244 5759 Lig.
1322 5682 1365 5716 "
1402 5680 1511 5739 Jer.
1563 5698 1672 5752 χιν,
1710 5682 1773 5738 10

1879 5682 1977 5745 )se.
2004 5685 2262 5753 "11,15.
2338 5686 2528 5745 “Jer.
2585 5704 2749 5759 κων,
2806 5687 2897 5745 21.
2967 5687 3173 5745 "Gen.
3235 5702 3312 5757 tv,
3358 5686 3453 5746 16.

198 5748 220 5780 ⁸
253 5747 400 5805 Psal.
436 5766 488 5822 ι,
518 5750 607 5807 15.
685 5751 732 5788 ⁸ο
759 5751 900 5809 Psal.
934 5768 1084 5823 xxvr,
1116 5754 1170 5821 8,
1198 5754 1253 5809 9.
