3884 6218
448 277 551 334 467

1516 280 1894 337 ANONYMUS
1932 279 1997 337 IN
2040 278 2175 335 JOB.
2217 312 2282 321 —
2321 280 2449 336 LIB.
2492 280 2558 335 ll.

3576 278 3677 333 468

448 408 508 453 ut
537 396 769 452 breviter
801 396 1000 462 dicam,
1031 396 1114 451 cui
1156 411 1253 451 nec
1277 395 1572 467 quidquam
1596 397 1878 466 praevalet,
1914 411 2006 450 ne-
2036 403 2084 456 Α
2112 411 2230 450 rum
2264 394 2634 466 fatigationem
2660 434 2674 457 ,
2711 402 2766 449 et
2805 393 3166 448 membrorum
3228 390 3676 457 debilitationem,

447 504 553 560 que
580 488 955 559 percutiendo,
988 503 1162 557 neque
1207 488 1501 541 adurendo.
1546 486 1679 540 Nam
1721 502 2009 556 percussus

448 596 555 635 non
594 579 997 645 comminuitur,
1039 589 1264 635 exustus
1310 593 1419 633 non
1455 580 1776 634 conteritur.
1815 576 2008 632 Merito

448 688 580 744 ergo
608 673 830 727 adamas
859 672 1181 741 appellatur,
1202 680 1391 741 utpote
1419 671 1823 740 insuperabilis.
1853 669 2007 735 Quod

448 766 494 820 si
522 765 719 819 dixerit
742 765 938 835 aliquis
962 784 974 819 :
1001 762 1102 819 Ubi
1128 773 1211 820 est
1239 763 1416 827 modo,
1441 762 1523 817 vel
1550 762 1639 817 ubi
1676 762 2010 830 conspicitur

446 856 819 924 hujuscemodi
869 856 1008 924 lapis
1046 854 1461 908 adamantiuus?
1488 852 1650 918 Audi,
1677 854 1792 907 haec
1827 854 2007 907 omnia

445 958 604 1018 typus
646 948 867 1001 fuerunt
898 945 1106 1001 Domini
1151 944 1279 1001 Jesu
1308 944 1531 1011 Christi,
1575 943 1703 1013 quia
1744 958 1912 1013 usque
1940 944 2006 997 ad

444 1039 731 1091 adventum
764 1036 974 1091 Domini
1006 1045 1183 1103 erant,
1220 1046 1273 1089 et
1298 1035 1413 1089 visa
1449 1044 1599 1099 sunt,
1632 1042 1755 1104 post
1802 1035 2007 1088 adven-

447 1143 556 1184 tum
587 1144 767 1184 autem
802 1128 1007 1183 Domini
1045 1128 1160 1181 visa
1187 1143 1293 1181 non
1322 1134 1468 1180 sunt.
1494 1125 1596 1180 Ubi
1626 1126 1839 1180 videtur
1865 1139 2007 1179 nunc

443 1222 819 1292 phmnixhtbi
867 1235 1001 1274 urna
1048 1219 1265 1274 Adam?
1309 1218 1397 1271 ubi
1443 1216 1655 1271 videtur
1686 1231 1810 1270 arca
1844 1225 2009 1269 testa-

442 1314 655 1369 menti?
700 1313 788 1367 ubi
837 1327 969 1366 urna
1020 1311 1275 1365 mannzc?
1311 1309 1400 1365 Sic
1448 1309 1699 1364 similiter
1743 1323 1885 1363 nunc
1916 1307 2007 1362 ubi

443 1406 655 1459 videtur
684 1405 904 1458 adamas
929 1412 1092 1473 atque
1118 1418 1182 1459 ea
1226 1418 1345 1473 quae
1377 1412 1561 1473 typum
1592 1401 1801 1457 Domini
1848 1416 2007 1469 gere-

440 1498 614 1552 bant?
639 1497 711 1551 Ea
760 1495 967 1550 scilicet
1004 1510 1175 1565 usque
1213 1496 1281 1549 ad
1313 1494 1603 1549 adventum
1637 1494 1848 1549 Domini
1890 1493 2005 1549 visa

442 1599 568 1644 sunt
600 1599 785 1658 utpote
812 1590 1013 1658 ﬁgurae,
1043 1597 1097 1642 et
1128 1586 1253 1642 inde
1281 1586 1593 1642 abscondita
1619 1596 1747 1641 sunt
1776 1586 2006 1641 Domino

441 1681 587 1751 ipsas
625 1680 823 1747 figuras
854 1679 1201 1748 adimplente.
1247 1676 1455 1731 Idcirco
1488 1691 1633 1730 nunc
1674 1691 1848 1746 neque
1878 1690 2004 1730 arca

2111 501 2175 542 ac
2214 489 2378 542 totius
2406 487 2640 542 carnalis
2664 487 2995 558 compaginis
3028 486 3327 556 passionem
3368 493 3531 554 atque
3581 488 3678 543 do-

2109 577 2301 634 lorem.
2330 578 2464 632 Nam
2491 581 2632 633 sicut
2660 577 2865 632 nullum
2888 578 3250 634 membrorum
3268 578 3514 646 corporis
3540 594 3677 646 pra--

2109 668 2344 724 termisit
2376 668 2664 737 malignus,
2696 681 2874 737 neque
2903 666 3068 721 ullum
3094 667 3385 737 dereliquit
3421 668 3669 730 illaesum,

2109 761 2202 816 sed
2234 770 2425 816 cuncta
2444 759 2751 815 vehementi
2782 759 3003 814 vulnere
3036 758 3277 827 implevit
3303 769 3466 830 atque
3491 761 3675 815 omnia

2107 852 2402 908 saevissima
2450 851 2606 922 plaga
2650 851 2957 920 percussit,
3010 851 3089 905 sic
3125 850 3415 905 identidem
3470 851 3675 907 nullum

2107 942 2393 1012 dereliquit
2421 943 2740 1012 supplicium
2760 981 2776 1007 ,
2809 956 2985 1010 neque
3029 956 3243 1010 poenam
3267 981 3282 1006 ,
3315 956 3493 1011 neque
3525 942 3675 997 dolo-

2109 1048 2246 1099 rem,
2279 1032 2423 1103 quod
2455 1032 2579 1087 huic
2601 1032 2772 1104 plaga;
2797 1048 2903 1088 non
2934 1032 3403 1088 eommiscuisset:
3436 1032 3532 1087 sed
3553 1048 3671 1087 om-

2110 1141 2230 1181 nem
2262 1127 2514 1180 virtutem
2552 1134 2715 1195 atque
2759 1132 3134 1194 argumentum
3183 1123 3439 1193 nequitia:
3470 1140 3583 1179 suae
3617 1125 3673 1180 in

2108 1219 2211 1273 hac
2242 1218 2534 1272 saevissima
2569 1220 2725 1288 plaga
2755 1218 3047 1273 ostendens
3078 1227 3246 1287 atque
3272 1217 3672 1281 demonstrans,

2108 1308 2453 1363 novissimam
2476 1307 2702 1378 gloriam
2726 1307 2997 1377 patientiae
3020 1307 3108 1361 hic
3130 1305 3390 1372 perﬁcere
3412 1306 3671 1376 speravit,

2107 1400 2187 1455 sic
2216 1400 2422 1455 scilicet
2446 1400 2713 1470 percussit
2733 1397 2835 1454 Job
2860 1398 3020 1468 plaga
3052 1398 3368 1463 savissima,
3388 1413 3420 1453 a
3448 1398 3673 1466 pedibus

2107 1504 2278 1559 usque
2311 1490 2378 1543 ad
2425 1498 2607 1558 caput.
2655 1488 2854 1560 Plaga,
2902 1486 3117 1557 inquit,
3159 1486 3454 1543 suavissima
3488 1494 3673 1555 utpote

2106 1596 2233 1639 una.
2265 1582 2331 1637 Et
2362 1597 2462 1637 cur
2490 1596 2597 1636 una
2640 1581 2797 1652 plaga
2830 1591 3164 1637 memoratur
3187 1620 3204 1645 ,
3250 1588 3507 1650 tanquam
3539 1594 3671 1641 una,

2106 1682 2161 1727 et
2206 1687 2310 1727 non
2343 1672 2475 1727 dicit
2516 1672 2701 1742 plagas
2735 1681 2993 1741 tanquam
3037 1671 3339 1742 plurimas?
3379 1670 3673 1739 Propterea

443 1770 779 1837 testamenti,
827 1784 999 1839 neque
1034 1783 1167 1822 urna
1218 1781 1461 1830 mannae,
1508 1781 1683 1836 neque
1724 1769 2004 1821 cinnamo-
2036 1753 2079 1808 Β
2108 1779 2213 1819 una
2239 1765 2392 1835 plaga
2426 1772 2791 1830 memoratur,
2825 1763 2951 1833 quia
2983 1772 3156 1818 totum
3199 1777 3398 1831 corpus
3439 1761 3569 1830 justi
3605 1761 3674 1815 il-

441 1879 610 1927 mum,
636 1876 811 1931 neque
839 1863 1082 1925 adamas,
1114 1874 1286 1929 neque
1318 1861 1542 1929 phoenix
1582 1859 1704 1915 istis
1736 1874 1881 1914 nunc
1906 1859 2007 1913 ho-
2106 1858 2208 1913 lius
2249 1868 2303 1915 et
2344 1858 2524 1912 omnia
2565 1857 2683 1926 ejus
2726 1856 2966 1911 membra
3016 1870 3126 1911 uno
3161 1855 3405 1911 contexit
3429 1854 3673 1920 vulnere,

440 1954 676 2010 minibus
697 1968 822 2008 vere
851 1953 1118 2017 videntur,
1146 1952 1250 2006 nisi
1280 1950 1419 2007 forte
1445 1952 1564 2020 quis
1595 1951 1774 2005 simile
1798 1951 2002 2018 aliquid

439 2044 747 2099 simulatum
792 2043 1118 2106 contendat,
1170 2043 1357 2097 dicens
1397 2056 1517 2097 esse
1558 2043 1700 2111 quod
1750 2057 1855 2095 non
1897 2051 2000 2097 est.

437 2136 571 2192 Cum
597 2151 725 2206 ergo
754 2145 912 2207 typus
940 2145 1084 2191 esset
1112 2134 1323 2189 Domini
1354 2133 1481 2189 Jesu
1508 2134 1715 2190 Christi
1744 2132 1867 2197 Job,
1895 2144 2003 2190 tra-

438 2230 575 2284 didit
605 2230 753 2283 illum
782 2230 920 2284 Deus
948 2228 1002 2283 in
1041 2227 1412 2297 probationem
1450 2238 1706 2298 tanquam
1737 2229 2002 2283 adaman-

438 2331 545 2376 tem
563 2320 942 2386 inviolabilem,
958 2318 1110 2389 cujus
1127 2328 1446 2390 potestatem
1465 2320 1738 2389 accipiens
1756 2320 2000 2375 diabolus

436 2413 603 2467 exivit
628 2429 655 2465 a
680 2413 818 2468 facie
850 2412 1082 2467 Domini.
1104 2411 1279 2466 Exivit
1314 2411 1575 2480 diabolus,
1605 2413 1707 2467 hoc
1726 2422 1831 2476 est,
1853 2413 2001 2467 defe-

436 2518 583 2558 rens.
616 2503 695 2557 Ad
724 2502 1068 2559 deferendum
1104 2503 1248 2557 enim
1280 2503 1599 2558 introierat:
1649 2512 1703 2558 et
1735 2513 1996 2574 quantum

429 2592 581 2662 juxta
618 2595 951 2664 iniquitatem
980 2607 1133 2648 suam
1184 2594 1235 2647 in
1266 2593 1381 2663 ipsa
1409 2593 1678 2648 delatione
1709 2595 1996 2662 proﬁciens

435 2700 498 2737 ac
520 2684 679 2737 delati
705 2690 1027 2753 potestatem
1054 2682 1348 2752 accipiens,
1367 2683 1532 2737 exivit
1555 2699 1583 2737 a
1602 2684 1739 2740 facie
1762 2685 1994 2739 Domini.

434 2775 614 2829 Exivit
644 2775 880 2842 gaudens
912 2772 1005 2846 qui
1029 2789 1299 2845 nunquam
1323 2784 1407 2831 est
1434 2776 1671 2846 gavisus,
1702 2777 1873 2830 exivit
1900 2776 1995 2832 la!-

432 2876 519 2922 tus
547 2866 637 2920 ille
661 2867 751 2936 qui
779 2882 1049 2936 nunquam
1076 2876 1160 2922 est
1183 2867 1415 2932 laetatus,
1442 2876 1627 2938 utpote
1655 2868 1861 2924 habens
1893 2868 1994 2925 Job

433 2956 485 3010 in
516 2964 835 3027 potestatem
864 2958 929 3013 ad
968 2959 1295 3027 puniendum
1326 2958 1474 3014 illum
1519 2959 1811 3013 secundum
1842 2975 1993 3015 suam

433 3047 793 3119 iniquitatem.
828 3048 1004 3103 Exivit
1033 3050 1278 3105 diabolus
1313 3066 1341 3105 a
1376 3051 1514 3106 facie
1546 3052 1796 3117 Domini,
1827 3052 1993 3107 exivit

432 3148 687 3209 tanquam
714 3140 870 3209 lupus
898 3142 1136 3207 rabiens,
1164 3153 1418 3213 tanquam
1469 3142 1552 3198 leo
1600 3144 1838 3214 rugiens,
1872 3154 1992 3198 tan-

430 3245 589 3300 quam
622 3247 777 3287 ursus
806 3233 1116 3302 sanguinem
1137 3244 1415 3304 appetens,
1441 3243 1695 3305 tanquam
1724 3235 1993 3306 malignus

430 3337 673 3391 serpens,
704 3335 957 3393 tanquam
989 3327 1173 3394 vipera
1214 3341 1356 3381 saeva
1408 3341 1470 3382 ac
1517 3328 1841 3397 perniciosa.
1879 3327 1991 3381 Ex-

427 3413 520 3466 ivi:
556 3414 798 3467 diabolus
828 3432 859 3468 a
887 3414 1021 3484 facie
1047 3414 1280 3469 Domini.
1317 3416 1499 3471 Exivit
1535 3418 1680 3471 omni
1710 3418 1992 3487 iniquitate

428 3512 484 3557 et
512 3503 613 3567 ira,
634 3503 816 3559 furore
841 3519 1052 3573 quoque
1080 3516 1242 3575 atque
1263 3506 1645 3578 indignatione,
1670 3509 1990 3565 crudelitate

428 3594 779 3650 nihilominus
816 3604 980 3663 atque
1010 3596 1157 3649 omni
1191 3598 1467 3667 impietate
1513 3599 1765 3655 refertus.
1810 3598 1991 3655 Exivit

427 3691 682 3754 tauquam
714 3685 881 3739 bestia
915 3685 1063 3739 ferox
1090 3700 1150 3740 ac
1183 3701 1321 3741 saeva
1359 3697 1524 3756 atque
1560 3689 1831 3745 immanis.
1881 3689 1991 3743 Ex-

427 3777 525 3831 ivit
560 3777 802 3847 cogitans
839 3778 1023 3833 infelix
1068 3795 1165 3834 suo
1194 3780 1538 3835 amarissimo
1565 3781 1721 3836 modo
1752 3780 1853 3837 Job
1874 3782 1991 3836 alli-

426 3882 552 3922 cere
582 3868 779 3937 potnis,
807 3870 949 3938 quod
984 3878 1036 3923 et
1058 3871 1188 3925 fecit
1211 3871 1393 3926 statim
1421 3873 1537 3926 sine
1566 3887 1739 3927 mora.
1760 3871 1989 3928 Percus-

424 3961 489 4013 sit
517 3959 616 4013 Job
642 3961 798 4030 plaga
824 3963 1107 4015 swvissima
1147 3979 1178 4016 a
1202 3964 1414 4028 pedibus
1449 3980 1612 4033 usque
1633 3966 1702 4018 ad
1733 3980 1891 4034 caput
1915 3968 1983 4020 '°.

422 4049 842 4120 Magnitudinem
872 4054 1043 4122 plagae
1077 4064 1240 4123 atque
1268 4055 1507 4111 vulneris
1546 4057 1984 4128 admirationem,

422 4141 727 4212 dolorisque
772 4143 1138 4200 fortitudinem
1193 4160 1300 4201 non
1338 4145 1523 4202 valens
1566 4146 1724 4202 aliter
1769 4150 1985 4205 edicere

420 4241 584 4302 atque
618 4235 901 4290 ostendere
924 4273 941 4299 ,
971 4236 1141 4303 dixit,
1176 4238 1446 4305 percussit
1471 4237 1571 4293 Job
1609 4238 1762 4310 plaga
1792 4241 1983 4296 saevis-

418 4325 576 4389 sima,
619 4341 726 4379 non
777 4328 947 4381 solum
992 4327 1180 4399 plaga,
1226 4330 1319 4384 sed
1363 4338 1416 4384 et
1459 4331 1752 4386 saevissima
1801 4332 1978 4401 plaga.

2106 1959 2267 2017 atque
2303 1950 2368 2002 ad
2397 1963 2563 2003 unum
2606 1948 2876 2004 convertit
2919 1947 3198 2012 dolorem,
3249 1958 3310 2003 ut
3355 1963 3452 2019 per
3494 1956 3673 2002 totum

2101 2055 2299 2109 corpus
2337 2048 2501 2109 atque
2529 2043 2769 2094 membra
2804 2040 2947 2095 beati
2985 2039 3126 2095 illius
3167 2055 3306 2095 unus
3349 2040 3500 2094 dolor
3526 2047 3677 2095 esset

2102 2141 2263 2199 atque
2282 2132 2499 2185 vulnus.
2527 2128 2609 2186 Ob
2639 2131 2744 2186 hoc
2771 2145 2903 2201 ergo
2930 2132 3141 2201 plagam
3167 2131 3319 2195 dicit,
3346 2116 3473 2201 quia
3502 2118 3673 2185 unum

2099 2222 2300 2277 vulnus
2336 2231 2453 2279 erat
2482 2238 2578 2293 per
2608 2231 2775 2277 totum
2806 2236 3024 2292 corpus.
3057 2222 3206 2289 Quod
3239 2237 3370 2277 vero
3403 2238 3542 2277 unus
3568 2223 3674 2278 do-

2100 2314 2183 2370 lor
2203 2324 2368 2385 atque
2394 2315 2574 2384 passio
2598 2324 2719 2369 erat
2738 2330 2832 2384 per
2856 2323 3025 2369 totum
3052 2328 3249 2384 corpus
3264 2313 3384 2385 ejus
3411 2324 3467 2369 et
3496 2328 3672 2368 mem-

2097 2405 2218 2470 bra,
2252 2408 2645 2476 subsequenter
2672 2406 2907 2461 ostendit
2936 2406 3123 2461 dicens
3151 2423 3165 2462 :
3196 2405 3239 2459 Α
3262 2406 3476 2475 pedibus
3500 2422 3667 2473 usque

2098 2499 2168 2553 ad
2198 2509 2372 2565 caput.
2406 2497 2683 2554 Percussit
2716 2495 2817 2552 Job
2858 2497 3013 2569 plaga
3054 2497 3349 2555 saevissima
3379 2512 3410 2553 a
3437 2496 3670 2568 pedibus

2096 2604 2268 2659 usque
2296 2590 2364 2644 ad
2399 2598 2580 2660 caput.
2612 2588 2766 2644 Sicut
2804 2604 2834 2643 a
2872 2589 3098 2659 pedibus
3144 2603 3317 2659 usque
3366 2589 3432 2643 ad
3478 2600 3666 2657 caput,

2096 2679 2171 2734 ita
2214 2679 2504 2736 identidem
2532 2695 2559 2734 a
2588 2679 2764 2750 capite
2792 2695 2966 2751 usque
3000 2680 3068 2735 ad
3115 2681 3310 2751 pedum
3340 2680 3563 2751 vestigia
3585 2721 3601 2747 ,
3635 2696 3668 2736 a

2097 2784 2252 2825 coma
2287 2770 2480 2839 capitis
2509 2785 2683 2840 usque
2714 2771 2782 2826 ad
2826 2785 3036 2841 ungues
3064 2772 3340 2842 pollicum.
3371 2787 3473 2828 nec
3500 2772 3665 2842 quid-

2094 2875 2256 2928 quam
2288 2860 2506 2931 reliquit
2527 2876 2741 2927 sanum,
2771 2877 2947 2929 neque
2976 2865 3274 2931 integrum,
3302 2870 3395 2917 aut
3423 2862 3539 2917 sine
3562 2862 3665 2917 do-

2093 2949 2227 3016 lore,
2248 2952 2342 3008 sed
2373 2952 2623 3008 universa
2651 2969 2756 3008 uno
2786 2955 3031 3009 contexit
3059 2954 3281 3009 vulnere
3310 2963 3471 3023 atque
3509 2954 3664 3029 plaga

2095 3043 2603 3113 coeperuitcuncta,
2625 3055 2681 3100 et
2700 3046 3016 3101 saevissima.
3043 3047 3374 3111 Saevissima,
3405 3047 3651 3116 inquam,

2095 3135 2199 3190 hoc
2226 3144 2311 3191 est
2353 3135 2686 3194 lamentabili
2710 3182 2723 3206 ,
2754 3138 3072 3206 insanabili,
3104 3139 3383 3194 incurabili
3410 3179 3425 3203 ,
3457 3139 3513 3194 in
3552 3154 3665 3207 qua

2094 3242 2200 3282 non
2219 3238 2339 3283 erat
2358 3229 2447 3285 ubi
2466 3230 2731 3302 malagma
2758 3235 3146 3301 imponeretur,
3174 3246 3348 3302 neque
3373 3232 3666 3294 medicina,

2093 3333 2270 3388 neque
2302 3320 2649 3389 adiutorium,
2678 3337 2852 3392 neque
2874 3323 3054 3378 oleum
3096 3323 3264 3377 ullum
3284 3362 3300 3387 ,
3332 3337 3506 3393 neque
3539 3323 3665 3378 alli-

2092 3421 2303 3483 gatura.
2330 3413 2387 3468 In
2416 3428 2521 3482 qua
2554 3414 2729 3485 plaga,
2763 3415 3031 3486 superﬂua
3073 3426 3192 3470 erat
3232 3425 3287 3471 et
3328 3430 3663 3485 supervacua

2090 3503 2267 3558 omnis
2309 3505 2638 3561 medicorum
2687 3506 2881 3575 peritia
2930 3515 3093 3575 atque
3157 3506 3445 3576 sapientia.
3504 3505 3665 3561 Sicut

2091 3596 2234 3650 enim
2263 3596 2396 3653 dicit
2417 3597 2560 3667 quod
2586 3597 2790 3653 nullum
2819 3608 3200 3668 argumentum
3230 3592 3536 3654 illumitiare
3564 3610 3665 3666 po-

2091 3696 2232 3742 terat
2259 3688 2598 3744 tenebrosam
2630 3698 2794 3759 atque
2840 3690 3243 3745 lamentabilem
3272 3688 3663 3761 Egyptiorum

2090 3789 2303 3834 noctem
2330 3799 2345 3848 ;
2378 3781 2449 3835 ita
2485 3781 2629 3837 nulla
2656 3783 3010 3837 medicamina
3040 3798 3234 3839 curare
3269 3793 3525 3852 poterant
3556 3798 3666 3838 sa:-

2088 3872 2364 3925 vissimam
2400 3872 2545 3927 illam
2575 3874 2771 3930 diaboli
2820 3874 3031 3944 plagam
3054 3915 3071 3940 ,
3099 3875 3271 3930 donec
3318 3874 3539 3945 impleta
3572 3886 3665 3932 est.

2092 3964 2377 4020 tolerantia
2426 3976 2482 4022 et
2509 3967 2891 4036 longanimitas
2919 3967 3042 4024 Job.
3068 3967 3406 4034 Tolerantia,
3443 3984 3543 4038 pro
3563 3984 3665 4023 co-

2089 4071 2342 4111 rouarum
2369 4058 2763 4125 redhibitione;
2793 4058 2889 4114 Dei
2920 4060 3323 4130 longanimitas,
3358 4076 3458 4130 pro
3489 4061 3656 4131 justi-

2087 4144 2174 4198 tite
2222 4147 2644 4215 approbatione;
2676 4150 2876 4206 diaboli
2918 4165 3051 4205 vero
3097 4150 3381 4220 iniquitas,
3414 4165 3512 4219 pro
3529 4165 3665 4205 eor-

2086 4239 2330 4307 reptioue
2360 4240 2613 4309 nequitia:
2646 4239 2764 4308 ejus
2803 4252 2967 4312 atque
2995 4242 3347 4297 damnatione
3366 4282 3381 4306 ,
3407 4256 3570 4311 quam
3597 4243 3661 4296 in

2084 4328 2179 4383 illo
2211 4330 2358 4397 justo
2383 4333 2627 4386 exercuit
2656 4334 2793 4387 viro.
2827 4332 3093 4387 Percussit
3132 4349 3249 4386 vero
3282 4332 3421 4397 Job,
3455 4334 3656 4402 inquit,

418 4414 717 4472 Sul’l‘ecerat
748 4418 849 4473 hoc
880 4418 1053 4473 solum
1078 4429 1136 4473 ut
1163 4419 1316 4489 plaga
1355 4428 1561 4475 tantum
1588 4421 1804 4488 fuisset,
1837 4439 1980 4479 nunc
2011 4449 2055 4503 Β
2083 4422 2237 4492 plaga
2264 4424 2551 4477 swvissima
2578 4440 2610 4476 a
2640 4425 2858 4492 pedibus
2888 4441 3051 4495 usque
3092 4426 3162 4479 ad
3187 4436 3365 4493 caput.
3416 4424 3655 4481 Tantum

416 4521 544 4561 vero
568 4510 731 4562 etiam
756 4510 965 4579 plagam
991 4511 1339 4565 saevissimam
1365 4526 1486 4567 esse
1510 4513 1679 4568 dixit:
1708 4512 1976 4570 Percussit

416 4598 516 4653 Job
541 4601 695 4670 plaga
724 4602 1034 4657 saevissima.
1067 4602 1359 4657 Considera
1388 4604 1553 4658 etiam
1590 4605 1692 4659 hoc
1719 4607 1862 4675 quod
1893 4608 1978 4661 di-

414 4693 525 4752 cit:
565 4692 833 4747 Percussit
858 4693 979 4748 Job.
1015 4693 1324 4759 Percussit,
1368 4696 1575 4766 inquit,
1611 4712 1733 4751 cum
1771 4697 1977 4766 furore,

415 4800 539 4839 cum
568 4787 666 4852 ira,
696 4801 816 4838 cum
850 4785 1517 4855 indignatione.Percussit
1539 4788 1662 4843 Job.
1698 4788 1977 4856 Quomodo

414 4875 681 4942 percussit
701 4875 724 4926 ?
744 4876 823 4929 sic
848 4882 1117 4944 percussit
1139 4880 1409 4946 quomodo
1440 4880 1686 4949 parabat,
1708 4885 1977 4951 quomodo

415 4966 655 5034 putabat.
704 4965 967 5021 Percussit
1003 4968 1141 5034 Job,
1190 4978 1249 5024 ut
1299 4972 1691 5028 comminueret
1726 4975 1974 5043 spiritum

415 5058 551 5126 ejus,
590 5068 649 5113 ut
686 5071 987 5117 contereret
1023 5065 1256 5120 animam
1280 5065 1414 5133 ejus,
1448 5076 1506 5123 ut
1540 5068 1799 5140 aﬂligerct
1836 5086 1976 5139 prie-

416 5149 597 5204 cordia
623 5152 759 5222 ejus.
802 5152 893 5207 Sic
942 5156 1212 5223 percussit
1270 5172 1496 5227 sperans
1528 5161 1668 5227 quod
1738 5163 1973 5217 secunda

414 5241 565 5310 plaga
606 5257 819 5297 omnem
856 5248 1215 5302 constantiam
1258 5256 1423 5315 atque
1460 5250 1831 5306 fortitudinem
1874 5253 1974 5309 Job

413 5334 737 5390 debilitaret.
771 5334 862 5391 Sic
885 5352 1013 5408 ergo
1036 5341 1304 5408 percussit
1325 5338 1425 5395 Job
1455 5341 1608 5412 plaga
1639 5344 1963 5411 saevissima,

411 5424 762 5492 lamentabili,
790 5428 1001 5493 urenti,
1033 5426 1311 5498 aﬂligenti,
1337 5427 1607 5497 flagranti,
1640 5428 1969 5497 incendenti,

410 5515 630 5581 dolenti,
659 5530 819 5570 omne
869 5519 1184 5588 supplicium
1235 5519 1288 5573 in
1330 5535 1388 5573 se
1419 5521 1674 5589 habente,
1703 5532 1759 5575 et
1791 5532 1974 5591 putre-

408 5607 607 5669 dinem,
636 5617 692 5661 et
724 5610 938 5667 vermes
961 5649 975 5678 ,
1011 5619 1062 5666 et
1085 5611 1285 5668 ossium
1318 5612 1667 5679 divisionem,
1691 5624 1745 5671 et
1779 5630 1971 5671 nervo-

475 5718 519 5748 ”
568 5715 671 5773 Job
696 5734 757 5785 ll,
796 5718 845 5776 7.

2083 4516 2224 4569 enim
2255 4515 2549 4570 saevissima
2577 4516 2678 4570 fuit
2711 4517 2826 4573 haec
2870 4516 3026 4587 plaga
3051 4555 3066 4581 ,
3095 4526 3354 4586 quantam
3388 4518 3651 4586 iniquita-

2082 4615 2188 4659 tem
2237 4605 2423 4661 habuit
2467 4606 2732 4662 diabolus.
2781 4606 2915 4661 Nam
2959 4608 3257 4663 secundum
3300 4609 3651 4679 iniquitatem

2080 4712 2232 4752 suam
2278 4697 2499 4752 mensus
2528 4708 2616 4753 est
2666 4699 2915 4754 diabolus
2948 4699 3088 4755 hanc
3117 4698 3327 4770 plagam
3353 4741 3369 4767 ,
3402 4700 3502 4756 hoc
3535 4702 3651 4755 vui.

2080 4804 2203 4843 nus.
2253 4788 2396 4845 Nihil
2429 4790 2651 4862 reliquit
2695 4794 2985 4858 tormenti,
3033 4809 3209 4865 neque
3241 4794 3646 4859 amaritudinis,

2080 4896 2252 4951 neque
2278 4882 2653 4949 immanitatis,
2679 4899 2853 4954 neque
2900 4883 3221 4951 ferocitatis,
3247 4900 3419 4957 neque
3447 4889 3652 4941 crude—

2079 4972 2270 5039 litatis,
2300 4990 2473 5045 neque
2508 4976 2836 5044 impietatis,
2868 4992 3043 5047 neque
3077 4978 3430 5049 malignitatis
3450 5017 3467 5043 ,
3497 4980 3649 5048 quod

2076 5080 2180 5119 non
2207 5066 2512 5121 exercuerit
2534 5068 2586 5120 in
2616 5066 2982 5123 lamentabilis
3012 5068 3173 5138 hujus
3195 5068 3430 5124 vulneris
3458 5069 3642 5138 plaga.

2076 5155 2493 5212 Consideremus
2542 5174 2704 5228 ergo,
2758 5174 2792 5212 o
2841 5158 3047 5225 amici,
3098 5161 3491 5216 vehementiam
3538 5161 3647 5216 hu-

2069 5247 2159 5315 jus
2211 5248 2410 5303 doloris
2477 5252 2629 5320 juxta
2684 5252 3079 5307 vehementiam
3146 5254 3447 5323 iniquitatis
3515 5256 3644 5311 dia-

2074 5340 2204 5396 boli.
2233 5341 2663 5410 Consideremus,
2696 5360 2728 5398 o
2764 5345 2889 5409 viri,
2925 5344 3139 5400 diversa
3171 5344 3301 5413 justi
3342 5346 3483 5403 illius
3520 5356 3645 5402 tor-

2074 5442 2289 5499 menta,
2331 5448 2536 5489 necnon
2579 5443 2634 5489 et
2689 5436 2823 5499 hoc,
2862 5436 3120 5491 adversus
3151 5446 3385 5506 quantos
3423 5436 3646 5494 doleres

2073 5524 2369 5590 perstiterit
2419 5524 2698 5580 innocens.
2759 5525 2879 5582 Uno
2952 5525 3135 5583 dolore
3197 5528 3475 5583 confectus
3518 5541 3648 5584 erat

2071 5624 2239 5686 totus,
2279 5631 2383 5672 una
2414 5615 2567 5688 plaga
2597 5618 2771 5675 omnis
2810 5620 3059 5676 vestitus.
3096 5620 3262 5675 Facta
3286 5635 3521 5692 namque
3560 5633 3648 5680 est
