3884 6218
284 310 392 369 869

1374 301 1755 359 ANONYMUS
1789 300 1854 356 IN
1893 298 2028 357 JOB.
2072 335 2137 344 —
2174 301 2305 358 LIB.
2346 301 2412 356 II.

3413 300 3517 354 ΗΟ

290 427 365 482 illi
418 426 533 480 haec
582 423 735 493 pl’aga
781 430 1039 490 tanquam
1086 421 1255 477 vestis
1324 420 1553 475 amictus
1577 458 1595 485 ,
1639 427 1695 474 et
1741 427 1855 473 tan«
1885 421 1930 478 Α
1958 419 2314 474 enarrabilem
2365 417 2626 473 dolorem.
2662 416 2867 481 Accepit
2898 425 3079 471 testam
3115 427 3170 469 ut
3202 416 3401 470 raderet
3432 434 3518 471 sa-

289 533 453 587 quam
503 516 871 570 indumentum
908 529 1017 583 quo
1062 524 1183 569 erat
1230 513 1452 569 indutus
1478 552 1495 579 ,
1524 522 1578 568 et
1603 522 1856 582 tanquam

288 609 561 677 cingulum
601 623 708 676 quo
740 622 951 676 semper
978 606 1311 677 cingebatur,
1355 604 1449 661 sed
1478 620 1582 659 non
1640 605 1691 659 iu
1728 618 1859 660 con-

289 700 866 763 demnationem,sicut
889 700 961 754 illi
994 699 1158 769 impio
1182 695 1356 762 Judaz,
1389 696 1483 752 sed
1516 698 1569 751 in
1603 710 1858 752 coronam

288 793 491 861 gloriae,
533 802 715 861 utpote
760 791 904 859 justo
958 790 1079 846 Job.
1140 791 1310 846 Omne
1362 805 1492 859 ergo
1551 804 1746 859 corpus
1806 798 1861 845 et

288 882 527 936 membra
567 883 700 952 justi
760 882 903 938 illius
938 896 1044 937 uno
1092 881 1426 937 circumdata
1473 890 1638 957 erant
1679 880 1861 937 dolore

286 981 451 1040 atque
498 971 739 1036 vulnere,
795 972 908 1026 sive
945 978 1125 1039 caput,
1180 970 1293 1025 sive
1335 969 1519 1039 pedes,
1550 970 1662 1024 sive
1693 970 1856 1035 oculi,

286 1062 403 1116 sive
440 1076 621 1125 aures,
658 1062 774 1117 sive
797 1062 984 1125 latera,
1009 1061 1125 1116 sive
1151 1060 1407 1129 scapulae,
1451 1075 1621 1131 usque
1652 1061 1718 1116 ad
1744 1063 1858 1130 ipsa

285 1152 485 1221 pedum
513 1151 735 1223 vestigia
766 1166 873 1206 uno
898 1150 1121 1205 vulnere
1159 1150 1509 1214 distillabaut,
1538 1166 1640 1205 una
1674 1162 1857 1221 putre-

286 1245 416 1298 dine
451 1244 700 1299 detentus
741 1252 881 1311 erat,
920 1244 1111 1299 iisdem
1149 1242 1423 1298 vermibus
1451 1245 1713 1299 scatebat.
1768 1243 1851 1299 Ja-

284 1350 411 1390 cere
437 1349 543 1389 non
581 1342 816 1402 poterat,
847 1336 1037 1390 sedere
1067 1350 1171 1388 non
1202 1335 1439 1399 valebat,
1465 1336 1705 1405 requiem
1751 1352 1858 1392 non

286 1427 542 1491 habebat,
572 1427 992 1496 resumptionem
1013 1442 1118 1483 non
1154 1426 1480 1489 inveniebat,
1502 1437 1555 1481 et
1575 1431 1716 1497 quod
1742 1438 1859 1483 erat

284 1517 526 1571 omnium
561 1517 874 1581 maximum,
901 1532 1062 1587 super
1086 1516 1201 1572 haec
1236 1532 1485 1572 universa
1520 1517 1662 1573 fame
1691 1528 1747 1575 et
1768 1519 1857 1574 siti

286 1607 598 1661 necabatur.
642 1606 781 1662 Nam
839 1609 1086 1663 manibus
1154 1609 1334 1664 cibum
1396 1609 1477 1663 vel
1538 1619 1721 1677 potum
1790 1612 1856 1664 ad

282 1712 346 1751 os
383 1698 663 1767 porrigere
694 1712 800 1753 non
849 1706 1081 1766 poterat.
1118 1696 1357 1755 Tametsi
1394 1700 1641 1755 manibus
1679 1701 1747 1754 ad
1796 1716 1857 1757 os

284 1790 564 1859 porrigere
592 1789 816 1854 valeret,
849 1805 942 1845 ore
978 1804 1041 1844 ac
1066 1789 1222 1845 labiis
1255 1792 1540 1860 putredine
1568 1807 1631 1847 ac
1655 1793 1857 1848 vermi-

283 1884 387 1938 bus
430 1883 621 1953 plcnus
653 1883 898 1954 recipere
949 1900 1056 1940 non
1108 1885 1340 1941 valebat.
1372 1885 1677 1941 Attestatur
1717 1887 1857 1941 idem

284 1976 399 2044 ipse
452 1975 640 2030 dicens
691 1975 853 2045 paulo
898 1984 1066 2046 post:
1098 1974 1310 2031 Scatere
1346 1977 1494 2035 video
1526 1994 1673 2033 escas
1717 1995 1857 2033 meas

283 2076 537 2137 tanquam
564 2067 777 2121 odorem
804 2066 993 2124 leonis.
1028 2067 1164 2124 Cum
1200 2067 1319 2123 istis
1346 2083 1579 2139 namque
1611 2068 1860 2125 nefandis

280 2148 563 2215 doloribus
588 2160 998 2215 exsecrabiliter
1056 2169 1307 2223 scateret,
1356 2161 1515 2230 hujus
1561 2162 1860 2232 putredinis

281 2253 504 2305 odorem
534 2252 896 2320 nequissimus
910 2251 1060 2307 fecit.
1084 2251 1197 2309 Hoc
1213 2268 1446 2324 namque
1474 2252 1674 2310 deflens
1692 2253 1857 2308 dicit:

283 2343 495 2397 Scalere
528 2344 670 2397 uideo
714 2360 859 2397 escas
901 2360 1045 2398 meas
1095 2355 1346 2415 tanquam
1398 2349 1611 2399 odorem
1671 2344 1856 2400 leonis.

280 2435 363 2490 0b
404 2449 569 2504 quam
626 2449 762 2501 rem,
797 2450 830 2491 o
878 2436 1038 2490 beate
1067 2433 1210 2491 Job?
1235 2434 1316 2492 οι)
1347 2438 1470 2504 hoc,
1500 2437 1696 2507 inquit,
1733 2437 1860 2507 quia

282 2529 439 2585 bullit
467 2544 665 2599 corpus
690 2545 869 2585 meum
903 2530 955 2585 in
993 2529 1276 2598 putredine
1304 2531 1569 2585 vermium
1596 2548 1613 2596 ;
1643 2531 1713 2586 ob
1735 2530 1859 2596 hoc,

278 2623 405 2691 quia
445 2622 723 2678 doloribus
770 2636 987 2678 macero
1027 2621 1209 2678 sulcos
1259 2630 1415 2677 teme
1464 2638 1529 2677 ex
1578 2622 1860 2677 vulnerum

279 2728 525 2771 meorum
551 2715 812 2781 humore;
840 2715 914 2769 ob
937 2714 1060 2782 hoc,
1087 2713 1213 2783 quia
1240 2713 1520 2769 doloribus
1565 2714 1862 2771 obvolutus

278 2820 425 2870 sum,
448 2815 505 2861 et
534 2805 637 2860 alia
666 2805 896 2875 plurima
928 2805 1015 2861 his
1033 2805 1248 2861 similia.
1268 2804 1402 2861 Cum
1438 2816 1547 2861 tam
1571 2807 1862 2862 vehemen-

281 2897 513 2953 tioribus
531 2897 810 2953 doloribus
835 2898 1129 2955 restitisset
1158 2907 1322 2968 atque
1351 2908 1708 2968 repugnasset
1730 2898 1853 2965 Job,

279 2989 603 3044 constantiae
623 3004 730 3045 non
769 2990 1120 3054 renuntiavit,
1150 2991 1467 3061 patientiam
1494 3007 1599 3047 non
1636 2990 1855 3061 abjeclt,

1962 507 2117 561 niem.
2138 506 2217 560 Ad
2242 522 2360 577 quae
2389 506 2548 577 digne
2580 505 2809 570 dicatur,
2840 505 2948 569 dic,
2983 520 3016 560 o
3058 508 3210 560 beate
3236 504 3332 561 Job
3359 516 3521 576 atque

1960 596 2072 653 Deo
2102 598 2315 663 dilecte,
2339 601 2408 653 ob
2446 612 2604 666 quam
2641 611 2755 651 rem
2788 597 2889 653 hoc
2916 596 3084 651 fucis?
3108 596 3217 651 Cur
3246 600 3390 654 hu-uc
3422 599 3519 653 do-

1960 684 2127 739 lorem
2174 684 2498 753 exasperas?
2541 700 2639 739 cur
2697 685 3047 756 augmentasl
3087 700 3184 739 cur
3227 701 3522 757 exaggeras

1963 787 2094 833 testa
2124 778 2358 833 radendo
2380 776 2722 832 lamentabile
2757 778 2857 832 boc
2887 777 3083 832 vulnus
3106 787 3266 847 atque
3294 780 3522 835 saevissi-

1961 884 2103 921 mam
2138 869 2274 923 hanc
2304 868 2536 939 plagam,
2568 884 2688 923 cum
2716 869 2895 939 potius
2917 869 3183 925 debueras
3208 870 3519 938 observare,

1952 960 2164 1030 juvare,
2184 961 2383 1027 levare,
2409 962 2609 1026 fovere,
2640 976 2863 1032 ungere,
2887 961 3171 1027 defricare,
3206 971 3263 1017 ut
3289 978 3382 1033 per
3408 963 3524 1017 bare

1961 1052 2207 1107 universa
2240 1051 2509 1105 mitiorem
2543 1062 2703 1121 atque
2732 1050 3066 1106 blandiorem
3094 1051 3346 1106 redderes
3379 1053 3523 1106 hunc

1959 1143 2312 1200 saevissimum
2364 1144 2627 1207 dolorem,
2670 1143 2990 1214 plagamque
3033 1144 3371 1199 terribilem?
3415 1143 3523 1199 Sed

1960 1236 2288 1306 respondens
2309 1236 2487 1306 justus
2515 1234 2638 1301 Job,
2679 1236 2808 1291 dicit
2839 1254 2852 1289 :
2892 1236 3025 1305 Ego,
3055 1251 3088 1290 o
3111 1236 3236 1303 viri,
3261 1252 3366 1293 non
3395 1253 3522 1293 suc-

1958 1329 2151 1384 cumbo
2178 1327 2263 1382 his
2302 1328 2592 1391 doloribus,
2620 1342 2791 1397 neque
2820 1328 2937 1382 istis
2975 1328 3149 1398 pmnis
3174 1328 3387 1393 deﬁcio,
3418 1346 3522 1385 non

1958 1419 2228 1484 debilitor,
2282 1435 2455 1489 neque
2516 1418 2776 1475 delassor.
2806 1416 2920 1474 Non
2965 1420 3109 1473 enim
3155 1432 3279 1474 sunt
3308 1421 3524 1477 dolores

1957 1511 2047 1567 isti
2099 1510 2355 1568 fortiores
2410 1512 2603 1566 anima:
2628 1526 2761 1566 mea:
2796 1510 3073 1577 ﬁrmitate,
3102 1527 3209 1566 non
3248 1522 3373 1568 sunt
3411 1514 3525 1569 haec

1961 1613 2222 1660 tormenta
2240 1604 2456 1658 duriora
2488 1604 2667 1659 cordis
2695 1605 2797 1659 mei
2827 1603 3047 1659 duritia.
3077 1604 3293 1672 Merito,
3322 1605 3522 1676 inquit,

1958 1710 2223 1765 exaggero
2279 1708 2439 1766 atque
2487 1710 2800 1751 commoveo
2848 1696 2993 1766 ipsos
3034 1696 3265 1763 dolores,
3312 1706 3371 1751 ut
3431 1712 3525 1767 per

1959 1796 2154 1841 cuncta
2186 1788 2464 1841 ostendam
2488 1787 2822 1858 nequissimo
2846 1787 3080 1855 diabolo,
3113 1790 3237 1860 quia
3268 1788 3384 1859 ejus
3414 1805 3526 1843 ma-

1958 1880 2127 1934 litiam
2157 1880 2379 1946 irrideo,
2403 1881 2530 1949 quia
2554 1880 2892 1950 iniquitatem
2919 1881 3036 1952 ejus
3070 1892 3384 1944 contemno.
3404 1883 3526 1951 quia

1957 1986 2145 2027 omnes
2173 1972 2291 2043 ejus
2318 1972 2505 2043 plagas
2527 1982 2689 2043 atque
2714 1973 2937 2028 vulnera
2965 1975 3034 2029 ad
3061 1974 3288 2029 nihilum
3315 1986 3524 2045 reputo.

1958 2062 2040 2118 0b
2065 2063 2166 2118 hoc
2186 2078 2314 2134 ergo
2332 2065 2537 2134 accepit
2561 2070 2776 2132 testam,
2802 2073 2862 2119 ut
2884 2065 3096 2121 raderet
3119 2067 3323 2120 saniem
3351 2082 3524 2123 suam.

1960 2155 2123 2219 Ecce,
2154 2156 2348 2225 inquit,
2364 2171 2397 2211 ο
2419 2155 2808 2227 malignissime
2830 2156 3064 2221 diabole,
3094 2158 3235 2213 sicut
3256 2166 3381 2214 tunc
3404 2173 3526 2214 cum

1959 2262 2075 2303 rem
2100 2246 2420 2303 familiarem
2445 2260 2498 2302 et
2518 2249 2657 2303 ﬁlios
2685 2248 2816 2303 mihi
2847 2248 3110 2315 auferres,
3143 2258 3269 2306 tunc
3300 2251 3529 2321 denique

1959 2356 2059 2411 ego
2091 2342 2234 2411 quod
2290 2351 2574 2412 supererat
2618 2349 2818 2396 vestem
2872 2351 3034 2411 atque
3080 2357 3291 2398 comam
3339 2344 3529 2414 capitis

1961 2433 2322 2488 conscindens
2357 2443 2519 2503 atque
2546 2433 2773 2491 tondens
2797 2434 2891 2489 tibi
2924 2435 3151 2506 projeci,
3175 2444 3377 2491 vestem
3410 2448 3531 2505 post

1962 2538 2076 2579 rem
2104 2523 2442 2586 familiarem,
2470 2533 2524 2579 et
2547 2539 2757 2580 comam
2785 2534 2905 2595 post
2931 2526 3130 2582 liberos
3156 2544 3169 2579 :
3201 2526 3303 2591 sic,
3332 2526 3526 2597 inquit,

1963 2618 2129 2672 etiam
2174 2632 2316 2671 nunc
2355 2631 2478 2671 cum
2510 2631 2598 2673 me
2646 2618 2941 2673 saevissima
2990 2617 3146 2689 plaga
3195 2627 3529 2688 percuteres,

1963 2711 2105 2781 quod
2147 2710 2241 2766 tibi
2278 2710 2544 2782 superfuit
2577 2710 2737 2779 hujus
2775 2711 2997 2778 doloris,
3022 2712 3123 2767 hoc
3146 2712 3403 2768 nimirum
3454 2713 3529 2768 ita

1963 2804 2179 2875 adjicio,
2215 2805 2317 2861 hac
2352 2814 2491 2862 testa
2519 2805 2731 2862 dolores
2766 2807 3146 2876 provocando,
3194 2815 3249 2863 et
3295 2822 3532 2877 exagge—
3582 2828 3587 2833 ·

1965 2895 2136 2950 rando
2163 2906 2326 2965 atque
2361 2898 2757 2967 exasperanda,
2788 2907 2846 2951 ut
2894 2912 2989 2968 per
3018 2897 3153 2965 haec,
3188 2899 3384 2967 inquit,
3412 2897 3532 2953 uni-

1966 3004 2123 3044 versa
2155 2988 2463 3046 informeris
2486 2993 2552 3046 de
2581 3005 2701 3047 mea
2731 2993 3055 3061 constantia,
3092 3007 3158 3047 ne
3185 2992 3324 3048 ultra
3354 3003 3527 3063 putes,

281 3082 443 3135 ﬁdem
496 3095 604 3135 non
656 3079 924 3149 deposuit,
984 3081 1279 3151 gratiarum
1332 3082 1575 3139 actiones
1620 3099 1725 3140 non
1776 3096 1862 3140 est
1890 3112 1933 3169 ο
1968 3082 2297 3153 nequissime
2328 3082 2561 3145 diabole,
2594 3083 2738 3152 quod
2761 3098 2860 3154 ego
2888 3083 3169 3139 detraham
3203 3084 3529 3154 benignissi-

277 3172 482 3226 ohlitus
519 3186 536 3224 :
568 3170 664 3226 sed
721 3183 927 3242 quanto
960 3172 1228 3241 pluriores
1271 3172 1571 3229 sustinebat
1625 3174 1857 3239 dolores,

280 3272 437 3317 tanto
466 3262 695 3332 amplius
726 3262 992 3333 pluriores
1022 3262 1531 3334 adjiciebatacterno
1562 3265 1695 3336 Regi
1739 3279 1863 3336 gra-

279 3356 482 3410 tiarqu
514 3358 758 3412 actiones
785 3366 949 3426 atque
962 3356 1355 3413 confessiones.
1381 3355 1598 3412 Sciebat
1630 3372 1864 3426 namque

278 3458 503 3504 sanctus
535 3449 646 3514 ille,
675 3450 800 3520 quia
835 3450 1129 3505 secundum
1158 3449 1560 3504 multitudinem
1585 3448 1856 3515 dolorum,

278 3541 569 3596 multitudo
600 3542 651 3595 ei
674 3541 1083 3611 praeparabatur
1105 3556 1454 3596 coronarum.
1479 3539 1524 3597 Ο
1549 3542 1709 3597 beate
1728 3539 1849 3603 Job,

280 3620 553 3695 quomodo
584 3638 635 3684 te
654 3629 1010 3694 admiremur,
1042 3631 1312 3698 quomodo
1347 3638 1399 3684 te
1436 3629 1739 3696 laudemus,
1774 3629 1861 3685 vel

279 3724 555 3790 quomodo
591 3720 1000 3792 magniﬁcemus
1027 3722 1121 3790 qui
1157 3720 1305 3776 solus
1348 3730 1473 3776 ante
1504 3720 1859 3790 Evangelium

277 3828 468 3871 eorum
507 3827 629 3882 qua:
656 3813 709 3866 in
744 3811 1036 3883 Evangelio
1072 3822 1198 3866 sunt
1224 3810 1517 3881 perfectam
1548 3812 1853 3881 passionem

277 3906 607 3971 sustinuisti,
637 3904 730 3973 qui
759 3904 907 3961 solus
936 3913 1064 3960 ante
1105 3913 1374 3975 martyres
1403 3914 1701 3974 martyrum
1724 3904 1854 3960 tole.

280 4000 511 4056 rantiam
534 4014 659 4055 cum
693 3999 992 4070 gratiarum
1028 3998 1337 4053 actionibus
1367 3996 1662 4068 perfecisti.
1715 3996 1852 4052 Nam

278 4094 425 4148 sicut
456 4091 643 4148 omnia
700 4099 970 4148 tormenta
1004 4100 1168 4159 atque
1216 4088 1386 4158 flagra
1434 4103 1531 4158 per
1581 4088 1857 4158 principes

279 4184 443 4253 hujus
472 4184 657 4239 mundi
683 4184 913 4254 ingessit
940 4182 1186 4238 diabolus
1207 4181 1538 4252 martyribus
1562 4182 1675 4237 :sic
1703 4181 1857 4236 simi-

279 4276 409 4331 liter
443 4276 699 4330 universa
727 4273 988 4344 supplicia
1024 4281 1190 4342 atque
1224 4271 1471 4325 incendia
1513 4272 1726 4328 induxit
1766 4280 1857 4327 su-

278 4382 381 4438 per
404 4365 504 4422 Job
536 4381 633 4436 per
660 4367 1006 4434 semetipsum
1038 4372 1200 4433 atque
1240 4377 1337 4416 sua
1379 4362 1684 4432 iniquitate,
1747 4365 1852 4419 hoc

1964 3191 2057 3231 mo
2079 3175 2344 3242 Creatori,
2368 3175 2452 3230 vel
2477 3174 2841 3246 blasphemem
2872 3185 3115 3232 sanctum
3130 3175 3531 3231 benefactorem

1964 3283 2142 3324 meum
2179 3269 2489 3338 aliquando.
2512 3268 2592 3325 Ob
2616 3271 2718 3325 hoc
2749 3284 2876 3338 ergo
2914 3270 3120 3340 accepit
3149 3279 3337 3326 testam
3360 3281 3420 3324 ut
3446 3286 3535 3324 ra-

1964 3359 2116 3415 deret
2142 3360 2344 3414 saniem
2372 3374 2546 3415 suam.
2573 3360 2871 3429 Advortite,
2888 3376 2921 3416 ο
2947 3359 3240 3425 viri,valde
3264 3361 3531 3432 ingentem

1964 3452 2123 3506 ﬁdem
2146 3449 2247 3505 Job
2265 3460 2425 3520 atque
2448 3451 2764 3505 cbaritatem
2784 3465 2943 3520 quam
2969 3449 3156 3505 habuit
3176 3451 3320 3504 circa
3344 3449 3531 3516 Deum,

1966 3542 2305 3598 tolerantiam
2332 3556 2546 3613 quoque
2572 3550 2737 3611 atque
2759 3542 3139 3597 constantiam.
3169 3541 3303 3595 Nam
3337 3541 3406 3598 ob
3430 3543 3533 3596 hoc

1963 3636 2097 3690 rasit
2138 3634 2240 3691 Job
2292 3636 2514 3690 vulnera
2547 3650 2642 3690 sua
2674 3643 2832 3701 testa,
2863 3651 2967 3691 non
2990 3639 3130 3705 quod
3155 3652 3261 3692 non
3300 3636 3350 3692 ei
3379 3636 3535 3691 valde

1962 3723 2280 3790 doluissent,
2312 3723 2406 3780 sed
2433 3725 2504 3780 ob
2529 3725 2633 3780 hoc
2659 3726 2793 3782 rasit
2816 3734 2975 3793 testa,
2999 3737 3057 3780 ut
3085 3726 3241 3782 nobis
3262 3728 3535 3796 patientiae
3600 3764 3605 3768 ι

1961 3825 2125 3887 atque
2150 3817 2447 3874 tolerantia:
2470 3834 2715 3874 normam
2754 3819 2929 3875 daret.
2957 3818 3038 3875 Ob
3065 3820 3170 3875 hoc
3199 3821 3335 3875 rasit
3369 3829 3530 3885 testa,

1964 3918 2024 3963 ut
2047 3917 2363 3965 sanctorum
2401 3920 2699 3981 martyrum
2729 3910 3130 3966 demonstraret
3153 3910 3404 3981 ﬁguram,
3440 3915 3532 3981 qui

1960 4008 2084 4069 post
2117 4001 2396 4056 universas
2424 4000 2610 4072 plagas
2632 4016 2697 4057 ac
2721 4001 2953 4066 dolores,
2981 4009 3106 4073 post
3136 4002 3384 4057 universa
3413 4017 3536 4072 sup-

1962 4089 2121 4160 plicia
2148 4101 2311 4161 atque
2360 4102 2652 4157 tormenta,
2685 4093 2795 4147 rasi
2831 4103 2993 4162 atque
3035 4093 3251 4164 ungulis
3285 4092 3529 4149 confossi

1961 4191 2089 4236 sunt
2116 4197 2213 4251 pro
2236 4193 2527 4254 augmento
2560 4186 2805 4239 dolorum
2834 4183 3098 4239 omnium.
3133 4183 3224 4240 Sic
3257 4194 3313 4239 et
3342 4184 3534 4240 beatus

1961 4271 2061 4329 Job
2083 4283 2203 4342 post
2225 4274 2420 4331 nimios
2437 4274 2650 4330 dolores
2676 4275 2767 4346 qui
2799 4275 2853 4329 in
2883 4288 3114 4344 corpore
3138 4283 3312 4342 erant,
3376 4283 3530 4328 extra

1961 4378 2159 4435 corpus
2209 4374 2345 4422 testa
2393 4368 2529 4421 rasit
2581 4382 2678 4421 sua
2711 4368 2957 4431 vulnera,
3001 4378 3058 4422 ut
3081 4368 3334 4424 omnibus
3367 4366 3532 4420 Deum

281 4459 461 4529 ipsum
488 4474 585 4527 per
618 4459 805 4514 omnia
837 4459 1165 4527 deprecante
1201 4452 1322 4520 Job,
1350 4455 1496 4523 quod
1519 4455 1685 4510 etiam
1715 4471 1860 4510 mar-
1894 4451 1937 4507 D
1968 4457 2282 4513 timentibus
2315 4458 2589 4527 patientiae
2626 4467 2786 4527 atque
2825 4458 3127 4519 tolerantiae
3173 4459 3226 4513 in
3272 4466 3534 4527 perpetuo

280 4561 433 4619 tyres
464 4551 730 4617 fecerunt,
785 4558 843 4606 ut
886 4551 1177 4621 gloriosum
1220 4565 1417 4605 nomen
1468 4548 1562 4603 Dei
1608 4548 1857 4617 blasphe-

278 4657 433 4698 mare
460 4656 567 4697 nou
598 4650 906 4709 cogeretur.
934 4640 1040 4696 Sed
1066 4640 1528 4695 incontaminatus
1560 4639 1857 4707 permansit

281 4748 511 4802 magnus
527 4732 615 4786 ille
634 4731 1015 4786 adamantinus
1034 4729 1320 4799 Job,juxta
1343 4729 1586 4786 dolorum
1617 4728 1858 4783 multitu-

280 4826 465 4880 dinem
484 4834 648 4894 atque
664 4825 1022 4887 nimietatem,
1044 4821 1406 4893 multiplicans
1420 4831 1584 4891 atque
1605 4820 1862 4890 adjiciens

277 4917 580 4988 gratiarum
608 4917 874 4971 actiones.
919 4913 1033 4972 Hoc
1067 4913 1323 4969 nimirum
1359 4928 1455 4984 per
1483 4914 1598 4966 haec
1630 4926 1748 4980 qua:
1776 4927 1862 4966 se-

281 5015 521 5077 quuntur
536 5016 774 5077 apparet,
808 5007 942 5062 dicit
976 5021 1244 5075 namque:
1279 5004 1344 5059 Et
1365 5014 1577 5073 accepta
1597 5001 1700 5057 Job
1723 5011 1861 5057 testa

281 5097 502 5153 radebat
544 5099 746 5152 saniem
774 5113 926 5153 suam
953 5099 1021 5151 ³⁸.
1053 5095 1168 5150 Non
1218 5094 1433 5165 accepit
1462 5092 1627 5147 molle
1655 5091 1857 5162 aliquid

283 5200 344 5245 ut
370 5192 710 5261 abstergeret
748 5189 1003 5248 molliter.
1050 5188 1262 5252 leviter,
1302 5186 1521 5251 leniter,
1557 5184 1856 5238 artiﬁciose

282 5284 616 5339 moderando
658 5291 825 5353 atque
869 5282 1198 5339 relevando:
1250 5282 1344 5337 sed
1403 5279 1612 5347 accepit
1662 5285 1855 5331 testam

284 5376 505 5439 duram,
558 5388 828 5442 asperam,
866 5382 925 5427 ut
965 5372 1183 5427 raderet
1228 5386 1350 5426 cum
1406 5369 1595 5424 dolore
1651 5368 1857 5423 saniem

284 5480 463 5530 suam,
496 5475 552 5521 et
581 5480 689 5521 non
722 5474 1030 5534 extergeret
1053 5463 1246 5519 blande
1273 5471 1433 5531 atque
1456 5460 1699 5515 modeste
1718 5458 1861 5513 miti-

287 5572 426 5627 gans
473 5566 637 5626 atque
684 5559 934 5615 relevans
978 5556 1352 5614 vehementem
1394 5552 1543 5611 illum
1587 5561 1747 5622 atque
1776 5551 1859 5607 in-

358 5739 401 5773 "
428 5736 527 5794 Job
567 5752 625 5803 ιι,
654 5735 706 5792 8.

1966 4548 2205 4604 traderet
2238 4548 2469 4605 formam
2502 4569 2515 4604 :
2559 4560 2617 4605 ut
2662 4566 2853 4605 omnes
2880 4550 3099 4613 dolores
3136 4561 3298 4619 atque
3347 4549 3533 4618 plagas

1964 4639 2078 4693 sive
2110 4639 2161 4693 in
2192 4653 2443 4709 corpore,
2477 4641 2592 4697 sive
2631 4649 2784 4696 extra
2824 4654 3044 4710 corpus.
3068 4640 3183 4694 sive
3224 4637 3533 4692 detrimenti

1965 4738 2123 4799 atque
2145 4731 2421 4799 languoris
2442 4746 2565 4786 cum
2594 4732 2894 4801 gratiarum
2926 4730 3232 4785 actionibus
3261 4728 3534 4784 sustinen-

1972 4831 2052 4877 tes
2078 4823 2350 4893 accipiant
2370 4840 2399 4878 a
2429 4825 2537 4879 Deo
2568 4833 2784 4880 aeternae
2814 4824 2995 4894 gloria:
3021 4808 3534 4887 remunerationem,

1970 4926 2132 4984 atque
2172 4917 2699 4973 immarcescibilium
2728 4930 3053 4971 coronarum
3101 4920 3419 4982 exspectent
3448 4924 3536 4965 re-

1967 5008 2316 5065 tributionem
2367 5026 2399 5063 a
2450 5010 2582 5064 Deo.
2629 5008 2782 5075 Quod
2822 5018 3000 5064 autem
3034 5008 3328 5064 secundum
3364 5006 3535 5076 ipsam

1966 5099 2249 5154 historiam
2273 5101 2424 5155 testis
2450 5100 2675 5155 lacerati
2704 5108 2865 5171 atque
2886 5099 3160 5169 pernecati
3186 5097 3389 5154 fuerint
3413 5112 3536 5152 san-

1965 5190 2039 5245 cti
2085 5200 2372 5262 martyres,
2444 5190 2786 5246 manifestum
2833 5201 2917 5248 est
2968 5202 3131 5261 atque
3176 5188 3534 5245 irrefutabile.

1966 5278 2098 5334 Nam
2125 5288 2246 5349 post
2280 5280 2534 5336 universa
2568 5291 2835 5337 tormenta
2853 5280 3184 5337 recludentes
3220 5293 3314 5334 eos
3338 5278 3391 5331 in
3418 5292 3535 5333 car-

1966 5385 2142 5436 ceres,
2183 5380 2238 5425 et
2274 5379 2440 5427 testas
2492 5371 2721 5440 pollinas
2772 5371 2825 5425 in
2869 5372 2950 5425 eis
2987 5376 3309 5433 sternentes,
3334 5374 3392 5422 et
3438 5381 3535 5435 per

1967 5473 2202 5532 quatuor
2236 5472 2417 5533 partes
2444 5479 2538 5519 eos
2582 5464 2731 5535 impii
2783 5463 2882 5534 ipsi
2926 5461 3280 5518 extendentes
3330 5455 3533 5512 crudeli

1965 5560 2141 5608 morte
2162 5566 2256 5610 eos
2294 5554 2689 5624 pernecabant.
2708 5550 2785 5610 lta
2815 5561 3219 5611 consummatus
3240 5554 3324 5606 est
3346 5544 3536 5602 beatus
