3884 6218
404 321 501 374 471

1480 316 1859 374 ANONYMUS
1896 315 1962 370 IN
2000 314 2139 370 .IOB.
2181 346 2246 354 -—
2286 315 2411 371 LIB.
2451 316 2516 372 ll.

3521 309 3623 364 479.

405 447 565 506 atque
603 436 871 508 gloriosus
922 436 1209 497 Lucianns.
1246 435 1457 490 lucidus
1495 436 1628 500 vita,
1667 436 1876 490 lucidus
1906 443 1960 486 et
1989 434 2034 490 A
2064 435 2149 486 bat
2195 449 2349 501 super
2388 448 2630 488 acervum
2661 433 2903 485 stercoris
2944 439 3091 484 extra
3136 430 3411 494 ciuitatem,
3441 430 3619 483 sedem

405 531 529 594 fide,
582 531 786 584 lucidus
839 530 999 583 etiam
1049 515 1346 583 tolerantia:
1376 529 1856 586 consummatione.
1880 529 1960 584 Oh

402 622 505 675 hoc
528 620 670 675 enim
703 619 968 674 Lucianus
990 619 1400 687 cognominatus
1417 627 1522 682 est,
1555 627 1807 687 tanquam
1840 618 1966 671 luci-

403 713 524 774 dus,
559 721 654 764 aut
707 711 922 780 proprio
969 711 1168 765 lumine
1195 711 1293 763 sibi
1326 709 1556 778 fulgens,
1593 719 1685 764 aut
1723 711 1841 765 aliis
1885 711 1959 763 lu-

405 818 552 857 cens.
599 801 696 856 llic
747 816 978 872 namque
1020 801 1210 855 beatus
1243 800 1522 855 duodecim
1582 801 1766 855 diebus
1801 816 1962 867 supra

404 902 572 948 testas
601 894 828 963 pollinas
857 903 1112 949 extensus
1164 895 1319 949 tertia
1367 894 1574 948 decima
1611 895 1696 948 die
1723 904 1807 948 est
1834 910 1964 948 con-

403 996 724 1052 summatus,
761 987 956 1056 aliique
986 987 1252 1041 innumeri
1286 987 1458 1041 sancti
1482 995 1752 1058 martyres
1772 987 1963 1040 eodem

404 1072 561 1128 ﬂlOdO
597 1083 818 1128 mortem
850 1083 1187 1128 transeuntes
1213 1077 1568 1130 consummati
1593 1085 1738 1131 sunt.
1763 1075 1964 1132 Horum

404 1179 636 1233 namque
659 1165 894 1218 omnium
938 1176 1118 1236 typum
1149 1182 1341 1235 gerens
1375 1165 1498 1231 Job,
1527 1167 1738 1236 accepit
1767 1175 1964 1222 testam

403 1267 464 1310 nt
503 1259 716 1312 raderet
749 1258 955 1312 saniem
998 1258 1276 1313 vulnerum
1310 1273 1550 1314 suorum.
1584 1259 1746 1323 Ecce,
1774 1260 1964 1329 inquit,

403 1364 436 1402 o
460 1349 692 1419 maligne
717 1348 946 1414 diabole,
977 1349 1238 1405 conculca
1262 1358 1333 1415 te,
1360 1350 1601 1405 deformo
1629 1361 1678 1404 te
1705 1360 1758 1405 et
1786 1351 1967 1405 humi-

402 1440 494 1505 lio,
526 1451 689 1510 atque
732 1455 944 1495 omnem
987 1441 1373 1511 malignitatem
1426 1450 1570 1496 tuam
1602 1451 1655 1496 et
1707 1441 1967 1496 malitiam

403 1534 858 1604 contemptibilem
889 1536 1139 1590 omnibus
1160 1536 1490 1591 demonstro.
1523 1533 1746 1603 Accepit
1777 1543 1967 1589 testam

403 1637 464 1680 ut
479 1627 691 1680 raderet
714 1629 915 1682 saniem
932 1627 1210 1682 vulnerum
1233 1642 1472 1681 suorum.
1491 1627 1676 1692 Testa,
1697 1626 1967 1696 inquiens,

405 1727 542 1772 testa
563 1720 800 1771 radendo
815 1717 1165 1788 corruptibile
1194 1727 1354 1787 atque
1382 1719 1599 1773 carnale
1616 1719 1716 1774 hoc
1737 1719 1966 1782 corium,

405 1818 618 1863 terrena
657 1819 816 1878 atque
850 1825 1040 1878 aspera
1065 1819 1221 1865 testa.
1257 1811 1479 1881 Accepit
1509 1820 1697 1866 testam
1731 1820 1790 1866 ut
1816 1811 1967 1865 rade-

406 1909 490 1954 ret
525 1901 728 1954 saniem
756 1901 1038 1956 vulnerum
1092 1918 1331 1957 suorum.
1367 1904 1568 1974 Typus,
1604 1905 1795 1972 inquit,
1849 1919 1968 1958 sum

407 1993 529 2047 sine
565 2002 786 2061 peccato
833 1994 931 2047 hos
964 1994 1276 2049 sustinendo
1305 1995 1541 2060 dolores,
1588 1995 1731 2050 illius
1764 1995 1855 2062 qui
1914 1996 1968 2050 in

407 2086 700 2140 novissimo
723 2097 962 2155 tempore
995 2087 1328 2142 descendens
1361 2089 1428 2141 de
1458 2089 1613 2144 caelis
1646 2088 1735 2143 Dei
1763 2088 1968 2160 Unige-

409 2179 552 2232 nitus
591 2179 792 2232 terreni
820 2179 1061 2248 corporis
1094 2189 1232 2234 testa
1275 2195 1340 2234 ex
1389 2178 1609 2251 Virgine
1649 2197 1708 2236 se
1741 2181 1968 2237 induens

407 2270 573 2325 totius
602 2270 781 2325 mundi
806 2271 1031 2336 saniem,
1051 2271 1440 2326 immunditiam
1466 2287 1677 2342 quoque
1695 2289 1756 2328 ac
1785 2283 1972 2343 putre-

411 2363 587 2418 dinem
619 2365 770 2428 rasit,
802 2373 963 2432 atque
989 2363 1269 2417 mundavit
1290 2364 1469 2417 omnia
1496 2374 1714 2434 peccata
1746 2381 1972 2435 suppor-

411 2456 594 2509 tando.
623 2452 970 2509 Postmodum
1012 2468 1110 2523 pro
1136 2454 1498 2521 impietatibus
1533 2472 1718 2511 eorum
1751 2457 1802 2510 in
1828 2472 1970 2512 mor-

411 2552 519 2598 tem
554 2543 817 2599 deductus
860 2553 965 2605 est,
1000 2544 1152 2612 cuius
1186 2543 1352 2599 livore
1376 2559 1565 2600 omnes
1603 2549 1776 2602 sanati
1809 2557 1971 2617 atque

408 2633 652 2686 mundati
680 2643 826 2697 sunt,
855 2634 943 2701 qui
971 2644 1250 2702 peccatum
1287 2649 1389 2688 non
1416 2634 1563 2700 fecit,
1589 2651 1686 2690 nec
1724 2637 1972 2693 inventus

409 2734 492 2778 est
529 2725 680 2779 dolus
707 2727 756 2779 in
789 2740 883 2781 ore
909 2727 1044 2795 eius.
1081 2726 1343 2782 Omnibus
1383 2727 1562 2796 itaque
1607 2728 1780 2783 modis
1818 2744 1971 2783 acce-

407 2815 506 2884 pit,
528 2814 723 2884 inquit,
756 2827 947 2871 testam
983 2828 1039 2871 ut
1071 2817 1284 2872 raderet
1316 2819 1523 2873 saniem
1553 2835 1729 2874 suam.
1768 2818 1835 2873 Et
1861 2821 1971 2889 ipse

407 2909 616 2962 sedebat
663 2925 819 2977 super
852 2926 1088 2964 acervum
1120 2912 1362 2965 stercoris
1411 2921 1557 2966 extra
1591 2913 1849 2966 civitatem
1879 2915 1968 2967 9".

407 2995 524 3052 Non
565 2997 705 3066 quod
752 2998 1137 3054 habitationem
1185 3000 1435 3054 deserere
1472 3000 1721 3066 voluerit,
1774 3000 1869 3056 sed
1905 3001 1972 3056 iis

2060 540 2159 594 pro
2195 526 2322 580 sede
2367 524 2678 587 immutans,
2713 532 2768 578 et
2799 522 3094 578 sessionem
3134 535 3231 590 pro
3259 521 3496 574 sessione
3519 519 3625 571 dif-

2061 618 2260 674 ferens.
2286 617 2420 673 Nam
2449 618 2494 672 is
2523 618 2614 686 qui
2653 615 2813 687 paulo
2850 623 2977 669 ante
3006 627 3166 682 supra
3203 610 3383 681 regale
3406 609 3628 664 sedebat

2062 711 2278 777 solium,
2319 725 2464 764 nunc
2514 710 2663 764 sedet
2714 722 2874 777 super
2909 705 3162 761 stercoris
3203 716 3454 757 acervum
3490 718 3504 753 :
3542 701 3628 753 ille

2063 807 2155 875 qui
2212 814 2336 860 ante
2372 804 2644 874 paululum
2700 803 2850 872 regio
2903 802 3207 856 diademate
3253 809 3415 868 atque
3456 798 3627 868 gloria

2064 907 2182 952 erat
2209 897 2449 958 indutus,
2475 910 2614 949 nunc
2633 896 2785 949 sedet
2810 893 2862 947 in
2891 892 3217 947 abundantia
3251 889 3624 958 putredinum:

2065 987 2156 1042 ille
2193 987 2283 1056 qui
2317 995 2440 1041 ante
2491 985 2766 1055 paululum
2813 985 2880 1039 ab
2913 983 3212 1038 innumeris
3249 981 3488 1036 catervis
3515 981 3630 1035 cir-

2066 1080 2444 1146 cumdabatnr,
2481 1093 2624 1133 nunc
2675 1093 2703 1132 a
2741 1076 3084 1130 multitudine
3111 1074 3371 1129 vermium
3394 1070 3630 1128 comedi-

2068 1181 2177 1225 tnr.
2225 1171 2460 1226 Sedebat
2505 1184 2666 1239 super
2709 1182 2963 1222 acervum
2996 1165 3272 1226 Stercoris,
3308 1164 3629 1233 condignam

2067 1273 2231 1332 atque
2283 1279 2573 1333 congruam
2601 1263 2755 1317 hanc
2788 1262 2969 1316 sedem
3001 1261 3124 1314 huic
3164 1259 3411 1327 judicans
3438 1256 3628 1326 plagae,

2068 1355 2346 1410 vermibus
2383 1365 2612 1420 stercus,
2644 1339 2918 1423 putredini
2947 1350 3308 1422 putredinem.
3336 1348 3629 1417 Suscipiat,

2069 1448 2259 1516 inquit,
2316 1447 2544 1515 putredo
2596 1445 2958 1515 putredinem,
3014 1443 3172 1511 hujus
3235 1440 3491 1496 stercoris
3530 1454 3630 1508 pu-

2068 1540 2241 1601 tredo,
2273 1538 2518 1607 corporis
2569 1536 2727 1607 huius
2776 1546 2940 1605 atque
2968 1535 3230 1589 vermium
3269 1532 3628 1600 putredinem.

2069 1626 2288 1682 Sedebat
2310 1643 2466 1694 super
2504 1643 2744 1680 acervum
2767 1627 3031 1681 stercoris.
3065 1622 3287 1679 Stercus
3313 1635 3474 1689 supra
3495 1629 3633 1673 ster-

2071 1734 2191 1782 cus,
2247 1717 2476 1787 putredo
2515 1732 2675 1787 supra
2710 1717 3069 1786 putredinem.
3115 1711 3247 1766 Nam
3282 1713 3410 1781 quia
3459 1710 3634 1764 omnis

2075 1809 2237 1863 homo
2270 1807 2520 1877 putredo,
2561 1817 2615 1862 et
2645 1806 2787 1861 ﬁlius
2829 1807 3066 1861 hominis
3107 1805 3330 1871 vermis,
3365 1804 3556 1857 merito
3591 1803 3635 1854 is

2070 1901 2159 1969 qui
2192 1902 2244 1955 in
2275 1901 2618 1970 putredinem
2651 1900 2911 1953 vermium
2938 1908 3018 1954 est
3050 1912 3364 1963 conversus,
3399 1901 3551 1954 sedet
3582 1900 3633 1952 in

2070 1992 2351 2060 putredine
2382 1991 2657 2047 stercoris.
2677 1992 2828 2058 Quod
2845 1989 3148 2045 efficiuntur
3179 2004 3364 2046 omnes
3391 1990 3637 2044 homines

2068 2091 2188 2152 post
2221 2082 2421 2136 exitum
2445 2084 2639 2136 animae
2673 2082 2920 2152 putredo,
2939 2090 2990 2135 et
3015 2095 3246 2142 vermes,
3277 2080 3410 2143 haec,
3438 2079 3633 2147 inquit,

2069 2176 2402 2245 praeveniens
2461 2176 2636 2229 adhuc
2683 2176 2862 2229 anima
2907 2175 2959 2228 in
3011 2187 3237 2242 corpore
3278 2172 3478 2241 posita,
3537 2185 3636 2240 ego

2070 2267 2294 2322 effectus
2334 2283 2472 2322 sum.
2517 2267 2718 2321 Idcirco
2747 2277 3001 2336 tanquam
3038 2266 3264 2336 putredo
3315 2273 3370 2319 et
3427 2275 3637 2319 stercus

2069 2360 2318 2424 effectus,
2352 2359 2512 2429 digne
2543 2360 2704 2413 sedeo
2733 2373 2892 2429 super
2918 2367 3148 2424 stercus,
3175 2370 3361 2410 omnes
3391 2356 3638 2410 homines

2073 2451 2366 2514 instruens,
2402 2451 2528 2520 quia
2566 2449 2743 2503 omnis
2785 2459 2995 2504 terrena
3021 2463 3208 2504 eorum
3232 2447 3398 2517 gloria
3435 2447 3488 2499 in
3539 2462 3638 2515 pu-

2073 2543 2356 2600 tredinem,
2376 2550 2430 2593 et
2449 2549 2660 2594 stercus
2679 2549 2839 2609 atque
2864 2553 3076 2594 vermes
3097 2548 3464 2593 convertetnr.
3489 2539 3639 2591 Sedit

2071 2646 2232 2699 super
2272 2646 2522 2685 acervum
2549 2632 2824 2686 stercoris.
2854 2630 3140 2694 lntendite,
3161 2630 3429 2699 inquiens,
3449 2645 3638 2684 omnes

2073 2721 2163 2775 filii
2193 2721 2489 2784 hominum,
2519 2723 2584 2775 ad
2614 2729 2871 2790 quantam
2917 2719 3186 2774 miseriam
3225 2729 3433 2773 terrena
3469 2720 3638 2788 gloria

2073 2811 2398 2878 devolvitur,
2436 2811 2502 2865 ad
2538 2821 2792 2879 quantam
2819 2811 3178 2865 humilitatem
3223 2819 3435 2866 terrena
3467 2812 3636 2865 subli-

2074 2901 2235 2956 mitas
2275 2903 2612 2958 immutatur.
2663 2902 2852 2957 Merito
2908 2903 3188 2972 praesentia
3229 2903 3406 2958 nullus
3437 2903 3640 2972 aliquid

2071 2994 2323 3059 aestimet,
2350 2994 2443 3049 sed
2461 2993 2639 3048 futura
2668 2995 2888 3048 timeat:
2915 2994 3090 3048 nullus
3110 2995 3222 3049 haec
3245 3010 3364 3063 qua:
3391 2996 3641 3050 videntur

409 3085 502 3154 qui
541 3085 594 3138 in
637 3087 854 3141 civitate
879 3097 1033 3143 erant
1067 3099 1228 3159 atque
1262 3089 1631 3145 mansionibus
1665 3091 1966 3146 molestiam
1995 3107 2041 3170 ρ
2073 3094 2295 3153 quaerat.
2342 3085 2433 3139 sed
2462 3099 2526 3138 ea
2557 3099 2674 3153 quae
2709 3099 2814 3139 non
2847 3085 3094 3138 Videntur
3141 3086 3423 3140 Sustineat.
3453 3083 3644 3140 Omnis

409 3182 659 3250 ingerere
715 3198 818 3236 non
870 3191 952 3238 est
1000 3199 1208 3252 passus.
1264 3182 1480 3238 Sedebat
1538 3200 1693 3253 super
1731 3201 1971 3240 acervum

409 3274 656 3326 stercoris
708 3283 854 3328 extra
899 3276 1180 3342 civitatem,
1225 3290 1313 3330 me
1337 3276 1533 3340 solum,
1580 3276 1848 3345 inquiens,
1874 3277 1974 3331 cir-

409 3366 664 3418 cumdant
693 3366 831 3418 mala
869 3382 1006 3433 mea,
1031 3368 1160 3421 mihi
1185 3367 1284 3423 soli
1317 3367 1539 3422 molesta
1568 3381 1829 3424 suntmea
1858 3371 1974 3423 vul-

410 3470 566 3509 nera.
618 3455 729 3510 Non
771 3456 993 3522 efliciar,
1043 3458 1237 3526 inquit,
1286 3459 1448 3513 etiam
1481 3458 1600 3513 aliis
1647 3461 1972 3527 exsecratio,

393 3559 484 3625 Igne
513 3546 611 3599 sim
641 3544 725 3600 his
753 3547 844 3615 qui
893 3547 1032 3601 intra
1065 3549 1341 3602 civitatem
1371 3557 1496 3603 sunt
1520 3549 1867 3614 abominatio,
1908 3565 1976 3604 ne

415 3637 810 3691 exacerbentur
832 3639 993 3692 etiam
1026 3640 1173 3694 cives
1197 3640 1430 3694 civitatis
1447 3649 1664 3708 propter
1690 3655 1839 3695 meos
1873 3642 1974 3696 do-

415 3730 579 3786 lores.
610 3729 846 3785 Sedebat
870 3739 1021 3785 extra
1055 3731 1330 3785 civitatem
1365 3732 1477 3795 ille,
1503 3732 1592 3801 qui
1627 3742 1752 3788 ante
1783 3733 1974 3802 paulu-

415 3820 525 3874 lum
571 3820 846 3876 civitatum
895 3830 1056 3889 atque
1105 3821 1437 3875 mansionum
1478 3820 1654 3877 fuerat
1703 3823 1972 3888 dominus,

416 3921 596 3966 rector
628 3921 786 3980 atque
820 3912 1165 3982 gubernator.
1194 3911 1574 3982 Sedebatergo
1600 3922 1754 3968 extra
1785 3913 1974 3968 civita-

418 4013 547 4057 tem.
601 4001 819 4058 Certum
872 4011 957 4056 est
1006 4002 1146 4069 quod
1179 4001 1406 4071 plurima
1446 4003 1586 4072 apud
1626 4003 1974 4071 semetipsum

417 4104 660 4150 tractans
684 4109 748 4148 ac
776 4094 996 4149 dicens:
1025 4093 1133 4148 Cur
1159 4094 1213 4149 in
1240 4095 1459 4150 civitate
1492 4096 1768 4150 maneam?
1799 4111 1896 4150 cur
1922 4097 1973 4150 in

417 4187 666 4242 domibus
691 4186 940 4241 sedeam?
991 4185 1123 4241 Cum
1169 4201 1228 4241 re
1276 4202 1337 4241 ac
1365 4186 1509 4252 filiis,
1551 4195 1604 4242 et
1628 4187 1871 4254 civitate,
1924 4197 1980 4242 et

419 4280 662 4334 domibus
688 4280 858 4340 carui,
885 4293 1006 4333 cum
1041 4293 1100 4333 re
1127 4277 1373 4332 familiari
1408 4293 1470 4333 ac
1500 4278 1682 4333 liberis
1704 4279 1852 4347 regni
1885 4294 1976 4333 co-

417 4385 548 4425 rona
572 4369 746 4422 ablata
792 4378 874 4424 est
917 4368 1070 4432 mihi,
1102 4383 1222 4422 cum
1250 4383 1306 4423 re
1348 4384 1410 4422 ac
1457 4370 1596 4423 natis
1624 4369 1747 4424 dedi
1807 4369 1974 4422 etiam

416 4470 621 4516 vestem
653 4471 815 4529 atque
841 4476 1048 4516 comam
1074 4460 1284 4530 capitis.
1327 4459 1478 4513 Nunc
1512 4475 1638 4514 vero
1658 4475 1777 4514 cum
1811 4475 1976 4529 regno
2009 4437 2052 4492 Ῑ)

418 4557 718 4624 relinquam
743 4555 904 4609 etiam
923 4554 1194 4608 civitatem
1226 4569 1288 4607 ac
1307 4553 1543 4608 domum.
1562 4552 1796 4607 Sedebat
1824 4563 1977 4606 extra

419 4651 694 4703 civitatem
714 4649 859 4702 solus
881 4649 1150 4703 sustinens
1171 4646 1407 4701 dolorem
1429 4646 1576 4700 illum
1600 4647 1976 4712 saevissimum,

419 4749 627 4794 certum
667 4746 751 4790 est
787 4737 926 4806 quod
956 4751 1160 4791 memor
1187 4735 1330 4790 illius
1363 4744 1523 4803 atque
1562 4734 1802 4788 imitatus
1831 4734 1977 4788 illum

421 4833 512 4900 qui
559 4831 703 4886 solus
748 4830 988 4885 dolorem
1038 4829 1275 4885 omnium
1311 4836 1462 4882 extra
1511 4827 1783 4882 civitatem
1814 4829 1978 4882 susti-

423 4923 561 4985 nuit,
601 4922 653 4976 id
680 4930 764 4975 est
808 4920 896 4974 Dei
926 4919 1267 4988 Unigenitus,
1298 4927 1352 4973 et
1375 4919 1440 4971 de
1473 4918 1615 4972 illius
1651 4917 1826 4972 futura
1851 4934 1976 4989 pas-

424 5016 578 5068 sione
608 5012 840 5081 seipsum
872 5009 1176 5064 consolatus
1203 5017 1309 5073 est,
1345 5009 1563 5063 dicens:
1610 5008 1748 5074 Quid
1798 5008 1977 5076 magni

423 5119 523 5174 ego
545 5104 783 5158 sustineo
805 5117 923 5156 cum
961 5102 1062 5156 sim
1086 5101 1243 5155 homo
1264 5113 1361 5167 pro
1397 5097 1700 5166 mcipsoni
1733 5096 1826 5152 Dei
1851 5095 1980 5150 Uni-

425 5196 635 5262 gcnitus
663 5203 919 5247 venturus
948 5202 1030 5246 est
1063 5191 1128 5246 ad
1158 5200 1353 5252 terras,
1382 5200 1435 5244 et
1464 5204 1582 5242 cum
1611 5189 1681 5242 sit
1724 5187 1979 5247 Dominus

424 5305 523 5359 pro
548 5286 799 5341 omnibus
833 5285 1059 5354 plurima
1104 5282 1402 5352 passurus?
1437 5282 1644 5344 Brevis,
1679 5279 1875 5348 inquit,
1899 5289 1981 5333 est

427 5383 540 5435 haec
569 5392 684 5433 mea
707 5379 909 5446 passio,
940 5386 995 5432 et
1030 5373 1338 5443 temporalis
1373 5374 1474 5427 erit
1499 5372 1585 5426 hic
1626 5385 1774 5426 meus
1808 5370 1978 5424 dolor.

425 5476 532 5528 Aut
557 5472 698 5527 enim
722 5484 998 5526 morseum
1028 5467 1294 5533 excludet,
1324 5475 1415 5519 aut
1439 5474 1586 5518 certe
1615 5462 1979 5518 sanitasillnm

425 5565 677 5632 expellet,
702 5564 817 5619 sive
845 5563 923 5618 sic
948 5561 1069 5618 ﬁnis
1104 5556 1573 5632 appropinquabit.
1611 5556 1675 5610 Et
1706 5557 1811 5625 ipse
1837 5555 1981 5610 sedc-

495 5744 561 5773 “'
593 5740 686 5794 Joh
726 5757 786 5804 tt,
812 5741 864 5794 8.

2073 3179 2215 3232 enim
2241 3178 2408 3248 gloria
2443 3177 2678 3233 hominis
2708 3187 2960 3245 tanquam
2991 3179 3262 3242 fenum,et
3284 3179 3457 3233 omnis
3479 3182 3642 3232 decor

2072 3268 2502 3338 corruptibilium
2552 3277 2808 3338 tanquam
2850 3268 2998 3324 olera
3031 3260 3320 3323 herbarum
3369 3280 3425 3323 et
3447 3284 3641 3324 omnes

2072 3359 2278 3428 species
2333 3367 2669 3414 lerrenorum
2719 3369 2970 3428 tanquam
3018 3359 3118 3413 flos
3178 3360 3451 3417 decidens.
3505 3361 3640 3427 Quid

2071 3449 2349 3519 pulchrius
2377 3449 2529 3505 sole?
2557 3460 2612 3504 et
2639 3451 2727 3505 hic
2753 3450 2985 3506 decidet.
3026 3451 3403 3516 Quid-suavius
3423 3451 3642 3506 floribus

2073 3541 2280 3610 campi?
2313 3550 2367 3595 et
2391 3541 2442 3595 hi
2483 3551 2729 3596 arescent
2766 3541 3033 3596 similiter.
3078 3542 3217 3607 Quid
3239 3542 3526 3612 gloriosius
3553 3555 3644 3597 aut

2075 3633 2384 3688 decorosius
2441 3632 2610 3702 gloria
2659 3643 2824 3703 atque
2873 3633 3044 3689 forma
3088 3634 3358 3689 humana?
3399 3643 3454 3688 et
3516 3635 3642 3701 quid

2075 3723 2491 3778 abominabilius
2545 3733 2708 3792 atque
2770 3724 3176 3788 exsecrabilius,
3226 3739 3352 3780 cum
3380 3725 3642 3790 aruerint,

2075 3818 2312 3864 exeunte
2341 3810 2562 3864 anima?
2585 3810 2651 3864 Et
2674 3812 2804 3881 quid
2842 3812 3096 3868 humilius
3125 3812 3209 3867 bis
3232 3813 3322 3882 qui
3361 3813 3413 3867 in
3440 3822 3647 3868 sterco-

2076 3916 2156 3965 ra,
2187 3910 2244 3956 et
2291 3917 2504 3958 vermes
2547 3913 2713 3974 atque
2763 3905 3101 3973 putredinem
3149 3907 3542 3960 immutantur?
3572 3907 3646 3960 De

2077 4009 2182 4059 me,
2215 3995 2409 4062 inquit,
2452 4015 2485 4049 υ
2536 3995 2804 4061 homines,
2843 4005 3002 4064 atque
3027 3997 3093 4051 de
3127 4011 3242 4051 mea
3272 3997 3646 4054 immutatione

2078 4085 2129 4138 in
2160 4088 2241 4141 his
2269 4088 2520 4142 omnibus
2560 4087 2945 4145 informamini.
2975 4089 3199 4154 Qualem
3236 4106 3321 4146 me
3347 4101 3476 4146 ante
3514 4107 3646 4160 pan-

2080 4176 2245 4230 lulum
2287 4177 2517 4240 vidistis,
2574 4185 2628 4230 et
2686 4177 2899 4244 qualem
2954 4193 3039 4232 me
3096 4193 3238 4234 nunc
3290 4180 3648 4248 conspicitis?

2078 4273 2289 4341 qualem
2321 4288 2406 4328 me
2442 4281 2565 4326 ante
2599 4272 2868 4341 paululum
2904 4273 3309 4342 magnificastis,
3348 4282 3404 4327 et
3431 4274 3646 4342 qualem

2078 4379 2164 4418 me
2193 4380 2334 4419 nunc
2358 4363 2709 4433 conspicitis?
2743 4363 2843 4418 Ubi
2889 4374 3012 4420 sunt
3054 4364 3129 4420 illi
3168 4364 3383 4433 plurimi
3421 4367 3512 4433 qui
3561 4382 3649 4420 me

2081 4457 2523 4513 circumdabant?
2551 4459 2656 4511 Pro
2693 4458 2887 4526 quibus
2928 4458 3179 4514 onmibus
3221 4457 3530 4520 multitudo,
3565 4459 3649 4511 in-

2081 4551 2214 4620 quit,
2241 4551 2522 4613 vermium,
2546 4561 2600 4604 et
2625 4550 2850 4619 putredo
2872 4564 2956 4604 me
3002 4550 3361 4604 circumdant.
3395 4548 3520 4604 Haec
3544 4551 3648 4602 ita-

2081 4659 2186 4714 que
2213 4653 2373 4709 atque
2402 4641 2485 4695 his
2503 4641 2699 4695 similia
2723 4639 3059 4695 admirabilis
3086 4638 3186 4696 Job
3203 4641 3270 4694 ad
3294 4649 3516 4694 cunctos
3542 4641 3647 4696 sibi

2082 4733 2517 4801 approximantes
2544 4731 2791 4799 loquens,
2827 4730 3108 4784 evidenter
3131 4731 3380 4786 omnibus
3407 4731 3645 4785 futuram

2085 4824 2486 4878 contestabatur
2515 4823 2964 4876 immutationem.
2990 4822 3055 4876 Et
3091 4823 3204 4892 ipse
3229 4822 3450 4877 sedebat
3483 4838 3648 4890 super

2084 4931 2331 4970 acervum
2350 4915 2626 4980 stercoris,
2659 4914 2775 4982 plus
2793 4914 2894 4967 sibi
2922 4914 2986 4967 de
3022 4913 3153 4982 ipsis
3185 4915 3454 4968 vermibus
3485 4925 3648 4984 atque

2084 5005 2383 5070 putredine,
2418 5019 2579 5073 quam
2633 5004 2759 5059 olim
2789 5003 2853 5057 de
2884 5005 3030 5072 regni
3074 5005 3241 5074 gloria
3278 5014 3438 5074 atque
3466 5008 3648 5062 multi-

2089 5097 2272 5152 tudine
2308 5096 2763 5150 circumdantium
2808 5111 2870 5150 se
2926 5096 3241 5164 populorum
3279 5096 3643 5165 complacens.

2087 5189 2217 5243 Nam
2257 5189 2496 5245 omnium
2555 5187 2768 5242 illorum
2799 5187 2956 5241 finem
2997 5198 3119 5257 post
3165 5189 3278 5242 ha-c
3313 5189 3491 5242 omnia
3527 5205 3648 5257 qua:

2085 5281 2311 5351 gloriosa
2343 5290 2491 5345 sunt,
2514 5279 2696 5334 carnis
2711 5294 2855 5333 mors
2875 5287 3183 5348 exspectat:
3213 5289 3267 5333 et
3283 5289 3402 5347 post
3429 5296 3646 5334 omnem

2085 5371 2420 5440 putredinem
2464 5378 2626 5438 atque
2658 5383 2916 5433 vermem,
2976 5370 3422 5423 resurrectionem
3461 5372 3648 5425 carnis

2084 5469 2398 5528 exspectat;
2447 5459 2638 5514 mortis
2665 5475 2791 5515 vero
2816 5459 3158 5530 putredinem
3191 5469 3354 5527 atque
3381 5463 3647 5514 vermium

2087 5553 2246 5609 tinem
2279 5552 2603 5608 resurrectio
2627 5565 2656 5606 a
2690 5552 2936 5608 mortuis.
2976 5549 3079 5606 Pro
3121 5551 3202 5605 his
3231 5565 3361 5622 ergo
3391 5554 3648 5616 erunibus
