  <div class='ocr_page' id='page_1' title='image "/cluster/home/n/w/nwhite01/storage/ocr_20150623/17/nnc1.0046978615/246.png"; bbox 0 0 3884 6218; ppageno 0'>
   <div class='ocr_carea' id='block_1_1' title="bbox 239 335 2336 402">
    <p class='ocr_par' dir='ltr' id='par_1_1' title="bbox 239 335 2336 402">
     <span class='ocr_line' id='line_1_1' title="bbox 239 335 2336 402; baseline 0.005 -13"><span class='ocrx_word' id='word_1_1' title='bbox 239 335 310 390; x_wconf 78' lang='lat'><strong>73</strong></span> <span class='ocrx_word' id='word_1_2' title='bbox 1295 341 1676 400; x_wconf 70' lang='lat' dir='ltr'><strong>ANONYMUS</strong></span> <span class='ocrx_word' id='word_1_3' title='bbox 1713 343 1782 401; x_wconf 83' lang='lat' dir='ltr'><strong>IN</strong></span> <span class='ocrx_word' id='word_1_4' title='bbox 1817 344 1956 402; x_wconf 78' lang='lat' dir='ltr'><strong>JOB.</strong></span> <span class='ocrx_word' id='word_1_5' title='bbox 1998 377 2068 388; x_wconf 96' lang='lat'>—</span> <span class='ocrx_word' id='word_1_6' title='bbox 2105 343 2234 400; x_wconf 76' lang='lat' dir='ltr'><strong>LIB.</strong></span> <span class='ocrx_word' id='word_1_7' title='bbox 2270 344 2336 400; x_wconf 78' lang='grc'><strong>11.</strong></span> 
     </span>
    </p>
   </div>
   <div class='ocr_carea' id='block_1_2' title="bbox 3361 351 3466 405">
    <p class='ocr_par' dir='ltr' id='par_1_2' title="bbox 3361 351 3466 405">
     <span class='ocr_line' id='line_1_2' title="bbox 3361 351 3466 405; baseline 0 0"><span class='ocrx_word' id='word_1_8' title='bbox 3361 351 3466 405; x_wconf 70' lang='grc' dir='ltr'><strong>ΙΠιό</strong></span> 
     </span>
    </p>
   </div>
   <div class='ocr_carea' id='block_1_3' title="bbox 202 449 3464 539">
    <p class='ocr_par' dir='ltr' id='par_1_3' title="bbox 202 449 3464 539">
     <span class='ocr_line' id='line_1_3' title="bbox 202 449 3464 539; baseline 0.005 -33"><span class='ocrx_word' id='word_1_9' title='bbox 202 449 429 506; x_wconf 86' lang='lat' dir='ltr'><strong>sedebat</strong></span> <span class='ocrx_word' id='word_1_10' title='bbox 464 464 630 521; x_wconf 82' lang='lat' dir='ltr'><strong>super</strong></span> <span class='ocrx_word' id='word_1_11' title='bbox 655 466 907 509; x_wconf 78' lang='lat' dir='ltr'><strong>acervum</strong></span> <span class='ocrx_word' id='word_1_12' title='bbox 965 457 1224 512; x_wconf 84' lang='lat' dir='ltr'><strong>stercoris</strong></span> <span class='ocrx_word' id='word_1_13' title='bbox 1265 470 1420 514; x_wconf 81' lang='lat' dir='ltr'><strong>extra</strong></span> <span class='ocrx_word' id='word_1_14' title='bbox 1474 463 1775 518; x_wconf 89' lang='lat' dir='ltr'><strong>civitatem.</strong></span> <span class='ocrx_word' id='word_1_15' title='bbox 1809 470 1856 526; x_wconf 81' lang='grc' dir='ltr'><strong>Α</strong></span> <span class='ocrx_word' id='word_1_16' title='bbox 1885 473 2197 520; x_wconf 87' lang='lat' dir='ltr'><strong>monstrans</strong></span> <span class='ocrx_word' id='word_1_17' title='bbox 2231 464 2410 519; x_wconf 86' lang='lat' dir='ltr'><strong>omnia</strong></span> <span class='ocrx_word' id='word_1_18' title='bbox 2437 472 2556 534; x_wconf 71' lang='lat' dir='ltr'><strong>quat</strong></span> <span class='ocrx_word' id='word_1_19' title='bbox 2577 473 2700 520; x_wconf 85' lang='lat' dir='ltr'><strong>sunt</strong></span> <span class='ocrx_word' id='word_1_20' title='bbox 2719 464 2978 532; x_wconf 87' lang='lat' dir='ltr'><strong>humana,</strong></span> <span class='ocrx_word' id='word_1_21' title='bbox 3003 480 3066 522; x_wconf 91' lang='lat' dir='ltr'><strong>ac</strong></span> <span class='ocrx_word' id='word_1_22' title='bbox 3090 468 3464 539; x_wconf 85' lang='lat' dir='ltr'><strong>corruptibilia</strong></span> 
     </span>
    </p>
   </div>
   <div class='ocr_carea' id='block_1_4' title="bbox 200 543 1782 619">
    <p class='ocr_par' dir='ltr' id='par_1_4' title="bbox 200 543 1782 619">
     <span class='ocr_line' id='line_1_4' title="bbox 200 543 1782 619; baseline 0.009 -23"><span class='ocrx_word' id='word_1_23' title='bbox 200 543 286 597; x_wconf 83' lang='lat' dir='ltr'><strong>Ad</strong></span> <span class='ocrx_word' id='word_1_24' title='bbox 333 558 494 612; x_wconf 88' lang='lat' dir='ltr'><strong>quem</strong></span> <span class='ocrx_word' id='word_1_25' title='bbox 543 545 706 600; x_wconf 90' lang='lat' dir='ltr'><strong>etiam</strong></span> <span class='ocrx_word' id='word_1_26' title='bbox 755 563 898 602; x_wconf 91' lang='lat' dir='ltr'><strong>nunc</strong></span> <span class='ocrx_word' id='word_1_27' title='bbox 924 548 1086 618; x_wconf 90' lang='lat' dir='ltr'><strong>digne</strong></span> <span class='ocrx_word' id='word_1_28' title='bbox 1119 550 1369 607; x_wconf 89' lang='lat' dir='ltr'><strong>dicitur:</strong></span> <span class='ocrx_word' id='word_1_29' title='bbox 1403 554 1516 619; x_wconf 92' lang='lat' dir='ltr'><strong>Dic,</strong></span> <span class='ocrx_word' id='word_1_30' title='bbox 1548 570 1582 610; x_wconf 93' lang='lat' dir='ltr'><strong>o</strong></span> <span class='ocrx_word' id='word_1_31' title='bbox 1626 556 1782 610; x_wconf 90' lang='lat' dir='ltr'><strong>beate</strong></span> 
     </span>
    </p>
   </div>
   <div class='ocr_carea' id='block_1_5' title="bbox 199 633 1781 708">
    <p class='ocr_par' dir='ltr' id='par_1_5' title="bbox 199 633 1781 708">
     <span class='ocr_line' id='line_1_5' title="bbox 199 633 1781 708; baseline 0.008 -20"><span class='ocrx_word' id='word_1_32' title='bbox 199 633 340 701; x_wconf 86' lang='lat' dir='ltr'><strong>Jub;</strong></span> <span class='ocrx_word' id='word_1_33' title='bbox 377 635 487 698; x_wconf 89' lang='lat' dir='ltr'><strong>dic,</strong></span> <span class='ocrx_word' id='word_1_34' title='bbox 518 649 552 690; x_wconf 94' lang='lat' dir='ltr'><strong>o</strong></span> <span class='ocrx_word' id='word_1_35' title='bbox 585 645 773 691; x_wconf 89' lang='lat' dir='ltr'><strong>sancte</strong></span> <span class='ocrx_word' id='word_1_36' title='bbox 802 637 895 692; x_wconf 88' lang='lat' dir='ltr'><strong>Dei</strong></span> <span class='ocrx_word' id='word_1_37' title='bbox 919 639 1226 708; x_wconf 68' lang='lat' dir='ltr'><strong>praaliator;</strong></span> <span class='ocrx_word' id='word_1_38' title='bbox 1261 642 1368 708; x_wconf 91' lang='lat' dir='ltr'><strong>dic,</strong></span> <span class='ocrx_word' id='word_1_39' title='bbox 1392 658 1425 697; x_wconf 92' lang='grc' dir='ltr'>ο</span> <span class='ocrx_word' id='word_1_40' title='bbox 1449 646 1781 702; x_wconf 79' lang='lat' dir='ltr'><strong>admirabilis</strong></span> 
     </span>
    </p>
   </div>
   <div class='ocr_carea' id='block_1_6' title="bbox 203 726 1782 808">
    <p class='ocr_par' dir='ltr' id='par_1_6' title="bbox 203 726 1782 808">
     <span class='ocr_line' id='line_1_6' title="bbox 203 726 1782 808; baseline 0.01 -31"><span class='ocrx_word' id='word_1_41' title='bbox 203 727 289 779; x_wconf 87' lang='lat' dir='ltr'><strong>vir</strong></span> <span class='ocrx_word' id='word_1_42' title='bbox 331 726 546 782; x_wconf 86' lang='lat' dir='ltr'><strong>Domini</strong></span> <span class='ocrx_word' id='word_1_43' title='bbox 594 731 1058 798; x_wconf 75' lang='lat' dir='ltr'><strong>constantissime,</strong></span> <span class='ocrx_word' id='word_1_44' title='bbox 1109 734 1200 802; x_wconf 89' lang='lat' dir='ltr'><strong>qui</strong></span> <span class='ocrx_word' id='word_1_45' title='bbox 1249 737 1579 792; x_wconf 88' lang='lat' dir='ltr'><strong>terribilibus</strong></span> <span class='ocrx_word' id='word_1_46' title='bbox 1616 749 1782 808; x_wconf 89' lang='lat' dir='ltr'><strong>atque</strong></span> 
     </span>
    </p>
   </div>
   <div class='ocr_carea' id='block_1_7' title="bbox 202 820 1781 902">
    <p class='ocr_par' dir='ltr' id='par_1_7' title="bbox 202 820 1781 902">
     <span class='ocr_line' id='line_1_7' title="bbox 202 820 1781 902; baseline 0.009 -29"><span class='ocrx_word' id='word_1_47' title='bbox 202 820 439 874; x_wconf 79' lang='lat' dir='ltr'><strong>fortibus</strong></span> <span class='ocrx_word' id='word_1_48' title='bbox 498 821 716 892; x_wconf 82' lang='lat' dir='ltr'><strong>maligni</strong></span> <span class='ocrx_word' id='word_1_49' title='bbox 763 824 934 894; x_wconf 89' lang='lat' dir='ltr'><strong>plagis</strong></span> <span class='ocrx_word' id='word_1_50' title='bbox 985 825 1037 878; x_wconf 93' lang='lat' dir='ltr'><strong>in</strong></span> <span class='ocrx_word' id='word_1_51' title='bbox 1080 827 1226 881; x_wconf 91' lang='lat' dir='ltr'><strong>nullo</strong></span> <span class='ocrx_word' id='word_1_52' title='bbox 1272 831 1631 895; x_wconf 91' lang='lat' dir='ltr'><strong>succubuisti,</strong></span> <span class='ocrx_word' id='word_1_53' title='bbox 1690 834 1781 902; x_wconf 89' lang='lat' dir='ltr'><strong>qui</strong></span> 
     </span>
    </p>
   </div>
   <div class='ocr_carea' id='block_1_8' title="bbox 204 909 1784 990">
    <p class='ocr_par' dir='ltr' id='par_1_8' title="bbox 204 909 1784 990">
     <span class='ocr_line' id='line_1_8' title="bbox 204 909 1784 990; baseline 0.012 -32"><span class='ocrx_word' id='word_1_54' title='bbox 204 920 397 962; x_wconf 89' lang='lat' dir='ltr'><strong>amara</strong></span> <span class='ocrx_word' id='word_1_55' title='bbox 452 909 718 978; x_wconf 89' lang='lat' dir='ltr'><strong>supplicia</strong></span> <span class='ocrx_word' id='word_1_56' title='bbox 751 922 914 980; x_wconf 88' lang='lat' dir='ltr'><strong>atque</strong></span> <span class='ocrx_word' id='word_1_57' title='bbox 943 911 1116 970; x_wconf 79' lang='lat' dir='ltr'><strong>fortes</strong></span> <span class='ocrx_word' id='word_1_58' title='bbox 1148 916 1364 972; x_wconf 87' lang='lat' dir='ltr'><strong>dolores</strong></span> <span class='ocrx_word' id='word_1_59' title='bbox 1407 921 1611 990; x_wconf 81' lang='lat' dir='ltr'><strong>absque</strong></span> <span class='ocrx_word' id='word_1_60' title='bbox 1636 938 1784 976; x_wconf 85' lang='lat' dir='ltr'><strong>mur-</strong></span> 
     </span>
    </p>
   </div>
   <div class='ocr_carea' id='block_1_9' title="bbox 205 1001 1780 1084">
    <p class='ocr_par' dir='ltr' id='par_1_9' title="bbox 205 1001 1780 1084">
     <span class='ocr_line' id='line_1_9' title="bbox 205 1001 1780 1084; baseline 0.011 -32"><span class='ocrx_word' id='word_1_61' title='bbox 205 1001 510 1056; x_wconf 89' lang='lat' dir='ltr'><strong>muratione</strong></span> <span class='ocrx_word' id='word_1_62' title='bbox 539 1005 896 1071; x_wconf 88' lang='lat' dir='ltr'><strong>supportasti,</strong></span> <span class='ocrx_word' id='word_1_63' title='bbox 915 1021 1015 1060; x_wconf 91' lang='lat' dir='ltr'><strong>cur</strong></span> <span class='ocrx_word' id='word_1_64' title='bbox 1035 1017 1188 1063; x_wconf 82' lang='lat' dir='ltr'><strong>extra</strong></span> <span class='ocrx_word' id='word_1_65' title='bbox 1213 1010 1484 1065; x_wconf 90' lang='lat' dir='ltr'><strong>civitatem</strong></span> <span class='ocrx_word' id='word_1_66' title='bbox 1507 1028 1780 1084; x_wconf 88' lang='lat' dir='ltr'><strong>egressus,</strong></span> 
     </span>
    </p>
   </div>
   <div class='ocr_carea' id='block_1_10' title="bbox 204 1100 1784 1170">
    <p class='ocr_par' dir='ltr' id='par_1_10' title="bbox 204 1100 1784 1170">
     <span class='ocr_line' id='line_1_10' title="bbox 204 1100 1784 1170; baseline 0.012 -26"><span class='ocrx_word' id='word_1_67' title='bbox 204 1101 262 1145; x_wconf 79' lang='lat' dir='ltr'><strong>et</strong></span> <span class='ocrx_word' id='word_1_68' title='bbox 285 1108 451 1162; x_wconf 86' lang='lat' dir='ltr'><strong>super</strong></span> <span class='ocrx_word' id='word_1_69' title='bbox 497 1110 750 1150; x_wconf 83' lang='lat' dir='ltr'><strong>acervum</strong></span> <span class='ocrx_word' id='word_1_70' title='bbox 778 1100 1039 1155; x_wconf 89' lang='lat' dir='ltr'><strong>stercoris</strong></span> <span class='ocrx_word' id='word_1_71' title='bbox 1068 1112 1233 1170; x_wconf 88' lang='lat' dir='ltr'><strong>atque</strong></span> <span class='ocrx_word' id='word_1_72' title='bbox 1265 1119 1549 1159; x_wconf 89' lang='lat' dir='ltr'><strong>muranam</strong></span> <span class='ocrx_word' id='word_1_73' title='bbox 1591 1109 1784 1164; x_wconf 87' lang='lat' dir='ltr'><strong>sedens</strong></span> 
     </span>
    </p>
   </div>
   <div class='ocr_carea' id='block_1_11' title="bbox 204 1187 1786 1270">
    <p class='ocr_par' dir='ltr' id='par_1_11' title="bbox 204 1187 1786 1270">
     <span class='ocr_line' id='line_1_11' title="bbox 204 1187 1786 1270; baseline 0.011 -30"><span class='ocrx_word' id='word_1_74' title='bbox 204 1187 576 1254; x_wconf 77' lang='lat' dir='ltr'><strong>spectaculum</strong></span> <span class='ocrx_word' id='word_1_75' title='bbox 603 1190 946 1260; x_wconf 82' lang='lat' dir='ltr'><strong>temetipsum</strong></span> <span class='ocrx_word' id='word_1_76' title='bbox 975 1196 1190 1249; x_wconf 90' lang='lat' dir='ltr'><strong>cunctis</strong></span> <span class='ocrx_word' id='word_1_77' title='bbox 1223 1199 1629 1256; x_wconf 88' lang='lat' dir='ltr'><strong>transeuntibus</strong></span> <span class='ocrx_word' id='word_1_78' title='bbox 1655 1216 1786 1270; x_wconf 68' lang='lat' dir='ltr'><strong>prae-</strong></span> 
     </span>
    </p>
   </div>
   <div class='ocr_carea' id='block_1_12' title="bbox 203 1279 1783 1363">
    <p class='ocr_par' dir='ltr' id='par_1_12' title="bbox 203 1279 1783 1363">
     <span class='ocr_line' id='line_1_12' title="bbox 203 1279 1783 1363; baseline 0.01 -29"><span class='ocrx_word' id='word_1_79' title='bbox 203 1279 413 1335; x_wconf 79' lang='lat' dir='ltr'><strong>buisti?</strong></span> <span class='ocrx_word' id='word_1_80' title='bbox 437 1280 637 1336; x_wconf 89' lang='lat' dir='ltr'><strong>Omnes</strong></span> <span class='ocrx_word' id='word_1_81' title='bbox 673 1283 816 1338; x_wconf 91' lang='lat' dir='ltr'><strong>enim</strong></span> <span class='ocrx_word' id='word_1_82' title='bbox 845 1285 936 1354; x_wconf 92' lang='lat' dir='ltr'><strong>qui</strong></span> <span class='ocrx_word' id='word_1_83' title='bbox 959 1287 1360 1357; x_wconf 81' lang='lat' dir='ltr'><strong>ingrediuntur,</strong></span> <span class='ocrx_word' id='word_1_84' title='bbox 1385 1293 1467 1347; x_wconf 91' lang='lat' dir='ltr'><strong>vel</strong></span> <span class='ocrx_word' id='word_1_85' title='bbox 1493 1296 1783 1363; x_wconf 87' lang='lat' dir='ltr'><strong>egrediun-</strong></span> 
     </span>
    </p>
   </div>
   <div class='ocr_carea' id='block_1_13' title="bbox 207 1375 1784 1453">
    <p class='ocr_par' dir='ltr' id='par_1_13' title="bbox 207 1375 1784 1453">
     <span class='ocr_line' id='line_1_13' title="bbox 207 1375 1784 1453; baseline 0.01 -29"><span class='ocrx_word' id='word_1_86' title='bbox 207 1379 318 1438; x_wconf 88' lang='lat' dir='ltr'><strong>tur,</strong></span> <span class='ocrx_word' id='word_1_87' title='bbox 341 1387 528 1429; x_wconf 90' lang='lat' dir='ltr'><strong>omnes</strong></span> <span class='ocrx_word' id='word_1_88' title='bbox 564 1375 655 1444; x_wconf 89' lang='lat' dir='ltr'><strong>qui</strong></span> <span class='ocrx_word' id='word_1_89' title='bbox 683 1386 965 1431; x_wconf 87' lang='lat' dir='ltr'><strong>transeunt</strong></span> <span class='ocrx_word' id='word_1_90' title='bbox 1000 1380 1137 1444; x_wconf 89' lang='lat' dir='ltr'><strong>vias,</strong></span> <span class='ocrx_word' id='word_1_91' title='bbox 1178 1390 1231 1435; x_wconf 94' lang='lat' dir='ltr'><strong>et</strong></span> <span class='ocrx_word' id='word_1_92' title='bbox 1274 1383 1581 1453; x_wconf 85' lang='lat' dir='ltr'><strong>diriguntur</strong></span> <span class='ocrx_word' id='word_1_93' title='bbox 1616 1387 1666 1439; x_wconf 95' lang='lat' dir='ltr'><strong>in</strong></span> <span class='ocrx_word' id='word_1_94' title='bbox 1691 1387 1784 1440; x_wconf 88' lang='lat' dir='ltr'><strong>iti-</strong></span> 
     </span>
    </p>
   </div>
   <div class='ocr_carea' id='block_1_14' title="bbox 205 1463 1786 1542">
    <p class='ocr_par' dir='ltr' id='par_1_14' title="bbox 205 1463 1786 1542">
     <span class='ocr_line' id='line_1_14' title="bbox 205 1463 1786 1542; baseline 0.009 -27"><span class='ocrx_word' id='word_1_95' title='bbox 205 1463 430 1518; x_wconf 87' lang='lat' dir='ltr'><strong>neribus</strong></span> <span class='ocrx_word' id='word_1_96' title='bbox 480 1466 616 1527; x_wconf 83' lang='lat' dir='ltr'><strong>suis.</strong></span> <span class='ocrx_word' id='word_1_97' title='bbox 647 1481 838 1521; x_wconf 90' lang='lat' dir='ltr'><strong>omnes</strong></span> <span class='ocrx_word' id='word_1_98' title='bbox 872 1469 963 1537; x_wconf 92' lang='lat' dir='ltr'><strong>qui</strong></span> <span class='ocrx_word' id='word_1_99' title='bbox 1020 1469 1073 1523; x_wconf 90' lang='lat' dir='ltr'><strong>in</strong></span> <span class='ocrx_word' id='word_1_100' title='bbox 1117 1481 1170 1524; x_wconf 92' lang='lat' dir='ltr'><strong>te</strong></span> <span class='ocrx_word' id='word_1_101' title='bbox 1199 1473 1635 1542; x_wconf 88' lang='lat' dir='ltr'><strong>contemplantur</strong></span> <span class='ocrx_word' id='word_1_102' title='bbox 1665 1476 1786 1530; x_wconf 89' lang='lat' dir='ltr'><strong>istic</strong></span> 
     </span>
    </p>
   </div>
   <div class='ocr_carea' id='block_1_15' title="bbox 206 1560 1783 1630">
    <p class='ocr_par' dir='ltr' id='par_1_15' title="bbox 206 1560 1783 1630">
     <span class='ocr_line' id='line_1_15' title="bbox 206 1560 1783 1630; baseline 0.01 -24"><span class='ocrx_word' id='word_1_103' title='bbox 206 1566 372 1621; x_wconf 88' lang='lat' dir='ltr'><strong>super</strong></span> <span class='ocrx_word' id='word_1_104' title='bbox 399 1569 652 1608; x_wconf 86' lang='lat' dir='ltr'><strong>acervum</strong></span> <span class='ocrx_word' id='word_1_105' title='bbox 706 1560 964 1613; x_wconf 86' lang='lat' dir='ltr'><strong>stercoris</strong></span> <span class='ocrx_word' id='word_1_106' title='bbox 990 1570 1156 1630; x_wconf 88' lang='lat' dir='ltr'><strong>atque</strong></span> <span class='ocrx_word' id='word_1_107' title='bbox 1195 1579 1474 1617; x_wconf 86' lang='lat' dir='ltr'><strong>muranam</strong></span> <span class='ocrx_word' id='word_1_108' title='bbox 1510 1567 1783 1622; x_wconf 84' lang='lat' dir='ltr'><strong>sedentem</strong></span> 
     </span>
    </p>
   </div>
   <div class='ocr_carea' id='block_1_16' title="bbox 205 1645 1786 1724">
    <p class='ocr_par' dir='ltr' id='par_1_16' title="bbox 205 1645 1786 1724">
     <span class='ocr_line' id='line_1_16' title="bbox 205 1645 1786 1724; baseline 0.01 -26"><span class='ocrx_word' id='word_1_109' title='bbox 205 1645 526 1702; x_wconf 83' lang='lat' dir='ltr'><strong>absentibus</strong></span> <span class='ocrx_word' id='word_1_110' title='bbox 555 1659 836 1714; x_wconf 89' lang='lat' dir='ltr'><strong>enarrant,</strong></span> <span class='ocrx_word' id='word_1_111' title='bbox 896 1661 1060 1720; x_wconf 90' lang='lat' dir='ltr'><strong>atque</strong></span> <span class='ocrx_word' id='word_1_112' title='bbox 1101 1653 1168 1707; x_wconf 91' lang='lat' dir='ltr'><strong>iis</strong></span> <span class='ocrx_word' id='word_1_113' title='bbox 1212 1656 1302 1723; x_wconf 93' lang='lat' dir='ltr'><strong>qui</strong></span> <span class='ocrx_word' id='word_1_114' title='bbox 1347 1654 1504 1724; x_wconf 85' lang='lat' dir='ltr'><strong>longe</strong></span> <span class='ocrx_word' id='word_1_115' title='bbox 1535 1668 1660 1713; x_wconf 87' lang='lat' dir='ltr'><strong>sunt</strong></span> <span class='ocrx_word' id='word_1_116' title='bbox 1690 1675 1786 1713; x_wconf 87' lang='lat' dir='ltr'><strong>an-</strong></span> 
     </span>
    </p>
   </div>
   <div class='ocr_carea' id='block_1_17' title="bbox 205 1740 1786 1820">
    <p class='ocr_par' dir='ltr' id='par_1_17' title="bbox 205 1740 1786 1820">
     <span class='ocr_line' id='line_1_17' title="bbox 205 1740 1786 1820; baseline 0.009 -30"><span class='ocrx_word' id='word_1_117' title='bbox 205 1740 484 1804; x_wconf 90' lang='lat' dir='ltr'><strong>nuntiant,</strong></span> <span class='ocrx_word' id='word_1_118' title='bbox 523 1740 594 1794; x_wconf 90' lang='lat' dir='ltr'><strong>ita</strong></span> <span class='ocrx_word' id='word_1_119' title='bbox 619 1750 676 1795; x_wconf 92' lang='lat' dir='ltr'><strong>ut</strong></span> <span class='ocrx_word' id='word_1_120' title='bbox 706 1752 954 1812; x_wconf 88' lang='lat' dir='ltr'><strong>penetret</strong></span> <span class='ocrx_word' id='word_1_121' title='bbox 993 1743 1083 1799; x_wconf 92' lang='lat' dir='ltr'><strong>hic</strong></span> <span class='ocrx_word' id='word_1_122' title='bbox 1111 1761 1298 1801; x_wconf 92' lang='lat' dir='ltr'><strong>rumor</strong></span> <span class='ocrx_word' id='word_1_123' title='bbox 1338 1757 1462 1802; x_wconf 92' lang='lat' dir='ltr'><strong>tuus</strong></span> <span class='ocrx_word' id='word_1_124' title='bbox 1485 1750 1543 1804; x_wconf 89' lang='lat' dir='ltr'><strong>in</strong></span> <span class='ocrx_word' id='word_1_125' title='bbox 1577 1750 1786 1820; x_wconf 90' lang='lat' dir='ltr'><strong>longin-</strong></span> 
     </span>
    </p>
   </div>
   <div class='ocr_carea' id='block_1_18' title="bbox 206 1827 1865 1910">
    <p class='ocr_par' dir='ltr' id='par_1_18' title="bbox 206 1827 1865 1910">
     <span class='ocr_line' id='line_1_18' title="bbox 206 1827 1865 1910; baseline 0.011 -32"><span class='ocrx_word' id='word_1_126' title='bbox 206 1841 376 1894; x_wconf 88' lang='lat' dir='ltr'><strong>quum</strong></span> <span class='ocrx_word' id='word_1_127' title='bbox 416 1827 484 1883; x_wconf 94' lang='lat' dir='ltr'><strong>de</strong></span> <span class='ocrx_word' id='word_1_128' title='bbox 522 1829 742 1898; x_wconf 89' lang='lat' dir='ltr'><strong>regione</strong></span> <span class='ocrx_word' id='word_1_129' title='bbox 775 1833 827 1886; x_wconf 92' lang='lat' dir='ltr'><strong>in</strong></span> <span class='ocrx_word' id='word_1_130' title='bbox 882 1834 1178 1904; x_wconf 82' lang='lat' dir='ltr'><strong>regionem.</strong></span> <span class='ocrx_word' id='word_1_131' title='bbox 1218 1835 1353 1891; x_wconf 86' lang='lat' dir='ltr'><strong>Nam</strong></span> <span class='ocrx_word' id='word_1_132' title='bbox 1409 1840 1500 1910; x_wconf 91' lang='lat' dir='ltr'><strong>qui</strong></span> <span class='ocrx_word' id='word_1_133' title='bbox 1543 1851 1593 1895; x_wconf 93' lang='lat' dir='ltr'><strong>te</strong></span> <span class='ocrx_word' id='word_1_134' title='bbox 1643 1843 1790 1896; x_wconf 62' lang='lat' dir='ltr'><strong>video</strong></span> <span class='ocrx_word' id='word_1_135' title='bbox 1826 1827 1865 1880; x_wconf 78' lang='grc' dir='ltr'>Β</span> 
     </span>
    </p>
   </div>
   <div class='ocr_carea' id='block_1_19' title="bbox 205 1920 1789 1998">
    <p class='ocr_par' dir='ltr' id='par_1_19' title="bbox 205 1920 1789 1998">
     <span class='ocr_line' id='line_1_19' title="bbox 205 1920 1789 1998; baseline 0.009 -25"><span class='ocrx_word' id='word_1_136' title='bbox 205 1920 341 1983; x_wconf 86' lang='lat' dir='ltr'><strong>rint,</strong></span> <span class='ocrx_word' id='word_1_137' title='bbox 375 1935 481 1974; x_wconf 90' lang='lat' dir='ltr'><strong>non</strong></span> <span class='ocrx_word' id='word_1_138' title='bbox 525 1922 834 1978; x_wconf 85' lang='lat' dir='ltr'><strong>videntibus</strong></span> <span class='ocrx_word' id='word_1_139' title='bbox 870 1929 1208 1982; x_wconf 88' lang='lat' dir='ltr'><strong>enarrabunt</strong></span> <span class='ocrx_word' id='word_1_140' title='bbox 1253 1947 1267 1983; x_wconf 87' lang='lat'><strong>:</strong></span> <span class='ocrx_word' id='word_1_141' title='bbox 1309 1931 1398 1998; x_wconf 88' lang='lat' dir='ltr'><strong>qui</strong></span> <span class='ocrx_word' id='word_1_142' title='bbox 1429 1946 1558 1988; x_wconf 88' lang='lat' dir='ltr'><strong>vero</strong></span> <span class='ocrx_word' id='word_1_143' title='bbox 1595 1935 1789 1988; x_wconf 86' lang='lat' dir='ltr'><strong>audie-</strong></span> 
     </span>
    </p>
   </div>
   <div class='ocr_carea' id='block_1_20' title="bbox 207 2003 1786 2086">
    <p class='ocr_par' dir='ltr' id='par_1_20' title="bbox 207 2003 1786 2086">
     <span class='ocr_line' id='line_1_20' title="bbox 207 2003 1786 2086; baseline 0.008 -28"><span class='ocrx_word' id='word_1_144' title='bbox 207 2003 341 2068; x_wconf 88' lang='lat' dir='ltr'><strong>rint,</strong></span> <span class='ocrx_word' id='word_1_145' title='bbox 389 2005 454 2060; x_wconf 91' lang='lat' dir='ltr'><strong>iis</strong></span> <span class='ocrx_word' id='word_1_146' title='bbox 499 2007 589 2075; x_wconf 93' lang='lat' dir='ltr'><strong>qui</strong></span> <span class='ocrx_word' id='word_1_147' title='bbox 619 2007 776 2078; x_wconf 91' lang='lat' dir='ltr'><strong>longe</strong></span> <span class='ocrx_word' id='word_1_148' title='bbox 826 2017 953 2064; x_wconf 92' lang='lat' dir='ltr'><strong>sunt</strong></span> <span class='ocrx_word' id='word_1_149' title='bbox 984 2012 1144 2079; x_wconf 89' lang='lat' dir='ltr'><strong>positi</strong></span> <span class='ocrx_word' id='word_1_150' title='bbox 1185 2011 1341 2067; x_wconf 87' lang='lat' dir='ltr'><strong>istam</strong></span> <span class='ocrx_word' id='word_1_151' title='bbox 1369 2015 1786 2086; x_wconf 80' lang='lat' dir='ltr'><strong>recognitionem</strong></span> 
     </span>
    </p>
   </div>
   <div class='ocr_carea' id='block_1_21' title="bbox 205 2097 1791 2172">
    <p class='ocr_par' dir='ltr' id='par_1_21' title="bbox 205 2097 1791 2172">
     <span class='ocr_line' id='line_1_21' title="bbox 205 2097 1791 2172; baseline 0.009 -22"><span class='ocrx_word' id='word_1_152' title='bbox 205 2109 361 2150; x_wconf 86' lang='lat' dir='ltr'><strong>tuam</strong></span> <span class='ocrx_word' id='word_1_153' title='bbox 393 2097 756 2154; x_wconf 89' lang='lat' dir='ltr'><strong>insinuabuut.</strong></span> <span class='ocrx_word' id='word_1_154' title='bbox 813 2101 918 2156; x_wconf 90' lang='lat' dir='ltr'><strong>Sed</strong></span> <span class='ocrx_word' id='word_1_155' title='bbox 948 2104 1231 2172; x_wconf 89' lang='lat' dir='ltr'><strong>respondit</strong></span> <span class='ocrx_word' id='word_1_156' title='bbox 1283 2106 1548 2162; x_wconf 87' lang='lat' dir='ltr'><strong>mirabilis</strong></span> <span class='ocrx_word' id='word_1_157' title='bbox 1577 2107 1677 2163; x_wconf 91' lang='lat' dir='ltr'><strong>Job</strong></span> <span class='ocrx_word' id='word_1_158' title='bbox 1710 2111 1791 2163; x_wconf 92' lang='lat' dir='ltr'><strong>di-</strong></span> 
     </span>
    </p>
   </div>
   <div class='ocr_carea' id='block_1_22' title="bbox 205 2187 1791 2270">
    <p class='ocr_par' dir='ltr' id='par_1_22' title="bbox 205 2187 1791 2270">
     <span class='ocr_line' id='line_1_22' title="bbox 205 2187 1791 2270; baseline 0.008 -31"><span class='ocrx_word' id='word_1_159' title='bbox 205 2201 343 2240; x_wconf 90' lang='lat' dir='ltr'><strong>cens</strong></span> <span class='ocrx_word' id='word_1_160' title='bbox 375 2205 388 2241; x_wconf 89' lang='lat'><strong>:</strong></span> <span class='ocrx_word' id='word_1_161' title='bbox 424 2187 556 2256; x_wconf 81' lang='lat' dir='ltr'><strong>Ego,</strong></span> <span class='ocrx_word' id='word_1_162' title='bbox 608 2206 641 2246; x_wconf 88' lang='grc' dir='ltr'>ο</span> <span class='ocrx_word' id='word_1_163' title='bbox 690 2191 796 2254; x_wconf 89' lang='lat' dir='ltr'><strong>vir,</strong></span> <span class='ocrx_word' id='word_1_164' title='bbox 836 2207 956 2246; x_wconf 93' lang='lat' dir='ltr'><strong>cum</strong></span> <span class='ocrx_word' id='word_1_165' title='bbox 995 2194 1098 2248; x_wconf 89' lang='lat' dir='ltr'><strong>sim</strong></span> <span class='ocrx_word' id='word_1_166' title='bbox 1142 2196 1288 2264; x_wconf 88' lang='lat' dir='ltr'><strong>prior</strong></span> <span class='ocrx_word' id='word_1_167' title='bbox 1323 2208 1488 2267; x_wconf 93' lang='lat' dir='ltr'><strong>atque</strong></span> <span class='ocrx_word' id='word_1_168' title='bbox 1515 2201 1791 2270; x_wconf 88' lang='lat' dir='ltr'><strong>antiquior</strong></span> 
     </span>
    </p>
   </div>
   <div class='ocr_carea' id='block_1_23' title="bbox 207 2273 1792 2356">
    <p class='ocr_par' dir='ltr' id='par_1_23' title="bbox 207 2273 1792 2356">
     <span class='ocr_line' id='line_1_23' title="bbox 207 2273 1792 2356; baseline 0.012 -30"><span class='ocrx_word' id='word_1_169' title='bbox 207 2273 321 2328; x_wconf 84' lang='lat' dir='ltr'><strong>illis</strong></span> <span class='ocrx_word' id='word_1_170' title='bbox 369 2276 460 2343; x_wconf 94' lang='lat' dir='ltr'><strong>qui</strong></span> <span class='ocrx_word' id='word_1_171' title='bbox 515 2275 568 2330; x_wconf 88' lang='lat' dir='ltr'><strong>in</strong></span> <span class='ocrx_word' id='word_1_172' title='bbox 613 2279 910 2334; x_wconf 88' lang='lat' dir='ltr'><strong>novissimo</strong></span> <span class='ocrx_word' id='word_1_173' title='bbox 945 2291 1185 2349; x_wconf 88' lang='lat' dir='ltr'><strong>tempore</strong></span> <span class='ocrx_word' id='word_1_174' title='bbox 1215 2295 1377 2340; x_wconf 89' lang='lat' dir='ltr'><strong>erunt</strong></span> <span class='ocrx_word' id='word_1_175' title='bbox 1423 2290 1678 2356; x_wconf 91' lang='lat' dir='ltr'><strong>apostoli,</strong></span> <span class='ocrx_word' id='word_1_176' title='bbox 1707 2292 1792 2345; x_wconf 85' lang='lat' dir='ltr'><strong>vel</strong></span> 
     </span>
    </p>
   </div>
   <div class='ocr_carea' id='block_1_24' title="bbox 206 2367 1790 2450">
    <p class='ocr_par' dir='ltr' id='par_1_24' title="bbox 206 2367 1790 2450">
     <span class='ocr_line' id='line_1_24' title="bbox 206 2367 1790 2450; baseline 0.01 -29"><span class='ocrx_word' id='word_1_177' title='bbox 206 2367 580 2436; x_wconf 60' lang='lat' dir='ltr'><strong>evangelista,</strong></span> <span class='ocrx_word' id='word_1_178' title='bbox 613 2385 733 2440; x_wconf 76' lang='lat' dir='ltr'><strong>qua:</strong></span> <span class='ocrx_word' id='word_1_179' title='bbox 771 2371 844 2424; x_wconf 87' lang='lat' dir='ltr'><strong>illi</strong></span> <span class='ocrx_word' id='word_1_180' title='bbox 882 2373 1060 2427; x_wconf 88' lang='lat' dir='ltr'><strong>verbis</strong></span> <span class='ocrx_word' id='word_1_181' title='bbox 1095 2375 1371 2442; x_wconf 80' lang='lat' dir='ltr'><strong>dixerunt,</strong></span> <span class='ocrx_word' id='word_1_182' title='bbox 1405 2380 1546 2448; x_wconf 91' lang='lat' dir='ltr'><strong>quod</strong></span> <span class='ocrx_word' id='word_1_183' title='bbox 1575 2395 1790 2450; x_wconf 84' lang='lat' dir='ltr'><strong>specta-</strong></span> 
     </span>
    </p>
   </div>
   <div class='ocr_carea' id='block_1_25' title="bbox 208 2458 1794 2536">
    <p class='ocr_par' dir='ltr' id='par_1_25' title="bbox 208 2458 1794 2536">
     <span class='ocr_line' id='line_1_25' title="bbox 208 2458 1794 2536; baseline 0.012 -27"><span class='ocrx_word' id='word_1_184' title='bbox 208 2458 396 2512; x_wconf 87' lang='lat' dir='ltr'><strong>culum</strong></span> <span class='ocrx_word' id='word_1_185' title='bbox 422 2460 550 2514; x_wconf 88' lang='lat' dir='ltr'><strong>facti</strong></span> <span class='ocrx_word' id='word_1_186' title='bbox 590 2471 716 2516; x_wconf 90' lang='lat' dir='ltr'><strong>sunt</strong></span> <span class='ocrx_word' id='word_1_187' title='bbox 738 2471 794 2517; x_wconf 92' lang='lat' dir='ltr'><strong>et</strong></span> <span class='ocrx_word' id='word_1_188' title='bbox 819 2465 1025 2532; x_wconf 87' lang='lat' dir='ltr'><strong>angelis</strong></span> <span class='ocrx_word' id='word_1_189' title='bbox 1047 2474 1104 2519; x_wconf 85' lang='lat' dir='ltr'><strong>et</strong></span> <span class='ocrx_word' id='word_1_190' title='bbox 1139 2466 1467 2536; x_wconf 88' lang='lat' dir='ltr'><strong>hominibus,</strong></span> <span class='ocrx_word' id='word_1_191' title='bbox 1502 2472 1614 2527; x_wconf 64' lang='lat' dir='ltr'><strong>haec</strong></span> <span class='ocrx_word' id='word_1_192' title='bbox 1639 2474 1794 2528; x_wconf 81' lang='lat' dir='ltr'><strong>nimi-</strong></span> 
     </span>
    </p>
   </div>
   <div class='ocr_carea' id='block_1_26' title="bbox 209 2551 1794 2636">
    <p class='ocr_par' dir='ltr' id='par_1_26' title="bbox 209 2551 1794 2636">
     <span class='ocr_line' id='line_1_26' title="bbox 209 2551 1794 2636; baseline 0.011 -32"><span class='ocrx_word' id='word_1_193' title='bbox 209 2565 338 2604; x_wconf 88' lang='lat' dir='ltr'><strong>rum</strong></span> <span class='ocrx_word' id='word_1_194' title='bbox 382 2565 486 2621; x_wconf 84' lang='lat' dir='ltr'><strong>ego</strong></span> <span class='ocrx_word' id='word_1_195' title='bbox 521 2551 650 2622; x_wconf 88' lang='lat' dir='ltr'><strong>ipsis</strong></span> <span class='ocrx_word' id='word_1_196' title='bbox 673 2554 932 2622; x_wconf 89' lang='lat' dir='ltr'><strong>operibus</strong></span> <span class='ocrx_word' id='word_1_197' title='bbox 958 2557 1265 2625; x_wconf 91' lang='lat' dir='ltr'><strong>anticipans</strong></span> <span class='ocrx_word' id='word_1_198' title='bbox 1297 2569 1548 2630; x_wconf 89' lang='lat' dir='ltr'><strong>tanquam</strong></span> <span class='ocrx_word' id='word_1_199' title='bbox 1580 2565 1632 2618; x_wconf 94' lang='lat' dir='ltr'><strong>in</strong></span> <span class='ocrx_word' id='word_1_200' title='bbox 1669 2577 1794 2636; x_wconf 81' lang='lat' dir='ltr'><strong>typo</strong></span> 
     </span>
    </p>
   </div>
   <div class='ocr_carea' id='block_1_27' title="bbox 211 2643 1795 2726">
    <p class='ocr_par' dir='ltr' id='par_1_27' title="bbox 211 2643 1795 2726">
     <span class='ocr_line' id='line_1_27' title="bbox 211 2643 1795 2726; baseline 0.01 -30"><span class='ocrx_word' id='word_1_201' title='bbox 211 2643 508 2712; x_wconf 86' lang='lat' dir='ltr'><strong>adinipleo,</strong></span> <span class='ocrx_word' id='word_1_202' title='bbox 551 2647 922 2714; x_wconf 88' lang='lat' dir='ltr'><strong>spectaculum</strong></span> <span class='ocrx_word' id='word_1_203' title='bbox 975 2651 1187 2705; x_wconf 89' lang='lat' dir='ltr'><strong>cunctis</strong></span> <span class='ocrx_word' id='word_1_204' title='bbox 1226 2651 1470 2718; x_wconf 74' lang='lat' dir='ltr'><strong>effectus,</strong></span> <span class='ocrx_word' id='word_1_205' title='bbox 1504 2666 1559 2708; x_wconf 90' lang='lat' dir='ltr'><strong>et</strong></span> <span class='ocrx_word' id='word_1_206' title='bbox 1588 2659 1795 2726; x_wconf 79' lang='lat' dir='ltr'><strong>angelis</strong></span> 
     </span>
    </p>
   </div>
   <div class='ocr_carea' id='block_1_28' title="bbox 209 2739 1792 2808">
    <p class='ocr_par' dir='ltr' id='par_1_28' title="bbox 209 2739 1792 2808">
     <span class='ocr_line' id='line_1_28' title="bbox 209 2739 1792 2808; baseline 0.009 -17"><span class='ocrx_word' id='word_1_207' title='bbox 209 2747 270 2792; x_wconf 89' lang='lat' dir='ltr'><strong>et</strong></span> <span class='ocrx_word' id='word_1_208' title='bbox 322 2739 674 2794; x_wconf 83' lang='lat' dir='ltr'><strong>hominibus:</strong></span> <span class='ocrx_word' id='word_1_209' title='bbox 713 2749 771 2796; x_wconf 91' lang='lat' dir='ltr'><strong>ut</strong></span> <span class='ocrx_word' id='word_1_210' title='bbox 819 2751 1063 2808; x_wconf 90' lang='lat' dir='ltr'><strong>penetret</strong></span> <span class='ocrx_word' id='word_1_211' title='bbox 1111 2745 1226 2800; x_wconf 71' lang='lat' dir='ltr'><strong>haec</strong></span> <span class='ocrx_word' id='word_1_212' title='bbox 1276 2746 1465 2803; x_wconf 91' lang='lat' dir='ltr'><strong>relatio</strong></span> <span class='ocrx_word' id='word_1_213' title='bbox 1520 2765 1636 2804; x_wconf 92' lang='lat' dir='ltr'><strong>mea</strong></span> <span class='ocrx_word' id='word_1_214' title='bbox 1689 2769 1792 2806; x_wconf 89' lang='lat' dir='ltr'><strong>non</strong></span> 
     </span>
    </p>
   </div>
   <div class='ocr_carea' id='block_1_29' title="bbox 211 2831 1795 2912">
    <p class='ocr_par' dir='ltr' id='par_1_29' title="bbox 211 2831 1795 2912">
     <span class='ocr_line' id='line_1_29' title="bbox 211 2831 1795 2912; baseline 0.009 -28"><span class='ocrx_word' id='word_1_215' title='bbox 211 2831 392 2884; x_wconf 88' lang='lat' dir='ltr'><strong>solum</strong></span> <span class='ocrx_word' id='word_1_216' title='bbox 423 2845 452 2883; x_wconf 90' lang='lat' dir='ltr'><strong>a</strong></span> <span class='ocrx_word' id='word_1_217' title='bbox 487 2833 764 2901; x_wconf 86' lang='lat' dir='ltr'><strong>provincia</strong></span> <span class='ocrx_word' id='word_1_218' title='bbox 799 2833 849 2886; x_wconf 93' lang='lat' dir='ltr'><strong>in</strong></span> <span class='ocrx_word' id='word_1_219' title='bbox 874 2835 1234 2903; x_wconf 86' lang='lat' dir='ltr'><strong>provinciam,</strong></span> <span class='ocrx_word' id='word_1_220' title='bbox 1269 2838 1360 2892; x_wconf 90' lang='lat' dir='ltr'><strong>sed</strong></span> <span class='ocrx_word' id='word_1_221' title='bbox 1388 2840 1565 2894; x_wconf 89' lang='lat' dir='ltr'><strong>adhuc</strong></span> <span class='ocrx_word' id='word_1_222' title='bbox 1588 2841 1795 2912; x_wconf 87' lang='lat' dir='ltr'><strong>longius</strong></span> 
     </span>
    </p>
   </div>
   <div class='ocr_carea' id='block_1_30' title="bbox 212 2929 1796 3004">
    <p class='ocr_par' dir='ltr' id='par_1_30' title="bbox 212 2929 1796 3004">
     <span class='ocr_line' id='line_1_30' title="bbox 212 2929 1796 3004; baseline 0.008 -28"><span class='ocrx_word' id='word_1_223' title='bbox 212 2940 316 2995; x_wconf 86' lang='lat' dir='ltr'><strong>per</strong></span> <span class='ocrx_word' id='word_1_224' title='bbox 353 2939 542 2980; x_wconf 86' lang='lat' dir='ltr'><strong>omnes</strong></span> <span class='ocrx_word' id='word_1_225' title='bbox 573 2935 760 2995; x_wconf 85' lang='lat' dir='ltr'><strong>gentes</strong></span> <span class='ocrx_word' id='word_1_226' title='bbox 785 2936 838 2980; x_wconf 91' lang='lat' dir='ltr'><strong>et</strong></span> <span class='ocrx_word' id='word_1_227' title='bbox 873 2942 972 2995; x_wconf 90' lang='lat' dir='ltr'><strong>per</strong></span> <span class='ocrx_word' id='word_1_228' title='bbox 998 2943 1188 2982; x_wconf 91' lang='lat' dir='ltr'><strong>omnes</strong></span> <span class='ocrx_word' id='word_1_229' title='bbox 1238 2929 1373 2986; x_wconf 85' lang='lat' dir='ltr'><strong>lines</strong></span> <span class='ocrx_word' id='word_1_230' title='bbox 1414 2941 1592 2998; x_wconf 68' lang='lat' dir='ltr'><strong>terrai,</strong></span> <span class='ocrx_word' id='word_1_231' title='bbox 1628 2951 1796 3004; x_wconf 85' lang='lat' dir='ltr'><strong>usque</strong></span> 
     </span>
    </p>
   </div>
   <div class='ocr_carea' id='block_1_31' title="bbox 212 3020 1797 3093">
    <p class='ocr_par' dir='ltr' id='par_1_31' title="bbox 212 3020 1797 3093">
     <span class='ocr_line' id='line_1_31' title="bbox 212 3020 1797 3093; baseline 0.006 -21"><span class='ocrx_word' id='word_1_232' title='bbox 212 3020 285 3073; x_wconf 88' lang='lat' dir='ltr'><strong>ad</strong></span> <span class='ocrx_word' id='word_1_233' title='bbox 309 3020 831 3075; x_wconf 88' lang='lat' dir='ltr'><strong>consummationem</strong></span> <span class='ocrx_word' id='word_1_234' title='bbox 861 3021 1067 3076; x_wconf 65' lang='lat' dir='ltr'><strong>saeculi.</strong></span> <span class='ocrx_word' id='word_1_235' title='bbox 1096 3022 1233 3076; x_wconf 85' lang='lat' dir='ltr'><strong>Vere</strong></span> <span class='ocrx_word' id='word_1_236' title='bbox 1259 3026 1403 3078; x_wconf 91' lang='lat' dir='ltr'><strong>enim</strong></span> <span class='ocrx_word' id='word_1_237' title='bbox 1431 3041 1574 3093; x_wconf 90' lang='lat' dir='ltr'><strong>vere,</strong></span> <span class='ocrx_word' id='word_1_238' title='bbox 1601 3043 1634 3082; x_wconf 93' lang='grc' dir='ltr'><strong>ο</strong></span> <span class='ocrx_word' id='word_1_239' title='bbox 1659 3030 1797 3082; x_wconf 80' lang='lat' dir='ltr'><strong>ami-</strong></span> 
     </span>
    </p>
   </div>
   <div class='ocr_carea' id='block_1_32' title="bbox 211 3111 1796 3190">
    <p class='ocr_par' dir='ltr' id='par_1_32' title="bbox 211 3111 1796 3190">
     <span class='ocr_line' id='line_1_32' title="bbox 211 3111 1796 3190; baseline 0.004 -24"><span class='ocrx_word' id='word_1_240' title='bbox 211 3112 292 3177; x_wconf 88' lang='lat' dir='ltr'><strong>ci,</strong></span> <span class='ocrx_word' id='word_1_241' title='bbox 324 3111 693 3180; x_wconf 87' lang='lat' dir='ltr'><strong>spectaculum</strong></span> <span class='ocrx_word' id='word_1_242' title='bbox 725 3112 901 3168; x_wconf 88' lang='lat' dir='ltr'><strong>factus</strong></span> <span class='ocrx_word' id='word_1_243' title='bbox 952 3125 1037 3168; x_wconf 91' lang='lat' dir='ltr'><strong>est</strong></span> <span class='ocrx_word' id='word_1_244' title='bbox 1077 3114 1265 3170; x_wconf 91' lang='lat' dir='ltr'><strong>beatus</strong></span> <span class='ocrx_word' id='word_1_245' title='bbox 1290 3116 1390 3172; x_wconf 92' lang='lat' dir='ltr'><strong>Job</strong></span> <span class='ocrx_word' id='word_1_246' title='bbox 1419 3128 1473 3172; x_wconf 91' lang='lat' dir='ltr'><strong>et</strong></span> <span class='ocrx_word' id='word_1_247' title='bbox 1500 3120 1704 3190; x_wconf 83' lang='lat' dir='ltr'><strong>angelis</strong></span> <span class='ocrx_word' id='word_1_248' title='bbox 1742 3129 1796 3174; x_wconf 88' lang='lat' dir='ltr'><strong>et</strong></span> 
     </span>
    </p>
   </div>
   <div class='ocr_carea' id='block_1_33' title="bbox 213 3204 1798 3282">
    <p class='ocr_par' dir='ltr' id='par_1_33' title="bbox 213 3204 1798 3282">
     <span class='ocr_line' id='line_1_33' title="bbox 213 3204 1798 3282; baseline 0.005 -22"><span class='ocrx_word' id='word_1_249' title='bbox 213 3205 550 3262; x_wconf 81' lang='lat' dir='ltr'><strong>hominibus.</strong></span> <span class='ocrx_word' id='word_1_250' title='bbox 589 3204 724 3258; x_wconf 85' lang='lat' dir='ltr'><strong>Nam</strong></span> <span class='ocrx_word' id='word_1_251' title='bbox 776 3221 967 3261; x_wconf 90' lang='lat' dir='ltr'><strong>omnes</strong></span> <span class='ocrx_word' id='word_1_252' title='bbox 999 3208 1247 3279; x_wconf 75' lang='lat' dir='ltr'><strong>homines</strong></span> <span class='ocrx_word' id='word_1_253' title='bbox 1292 3218 1590 3278; x_wconf 89' lang='lat' dir='ltr'><strong>stupentes,</strong></span> <span class='ocrx_word' id='word_1_254' title='bbox 1635 3221 1798 3282; x_wconf 91' lang='lat' dir='ltr'><strong>atque</strong></span> 
     </span>
    </p>
   </div>
   <div class='ocr_carea' id='block_1_34' title="bbox 213 3297 1798 3375">
    <p class='ocr_par' dir='ltr' id='par_1_34' title="bbox 213 3297 1798 3375">
     <span class='ocr_line' id='line_1_34' title="bbox 213 3297 1798 3375; baseline 0.005 -23"><span class='ocrx_word' id='word_1_255' title='bbox 213 3297 555 3352; x_wconf 83' lang='lat' dir='ltr'><strong>admirantes</strong></span> <span class='ocrx_word' id='word_1_256' title='bbox 589 3297 786 3366; x_wconf 90' lang='lat' dir='ltr'><strong>duplici</strong></span> <span class='ocrx_word' id='word_1_257' title='bbox 824 3298 875 3351; x_wconf 92' lang='lat' dir='ltr'><strong>in</strong></span> <span class='ocrx_word' id='word_1_258' title='bbox 906 3312 1026 3352; x_wconf 92' lang='lat' dir='ltr'><strong>enm</strong></span> <span class='ocrx_word' id='word_1_259' title='bbox 1052 3300 1210 3355; x_wconf 91' lang='lat' dir='ltr'><strong>modo</strong></span> <span class='ocrx_word' id='word_1_260' title='bbox 1237 3301 1610 3368; x_wconf 82' lang='lat' dir='ltr'><strong>intendebant,</strong></span> <span class='ocrx_word' id='word_1_261' title='bbox 1636 3314 1798 3375; x_wconf 89' lang='lat' dir='ltr'><strong>atque</strong></span> 
     </span>
    </p>
   </div>
   <div class='ocr_carea' id='block_1_35' title="bbox 213 3388 1796 3462">
    <p class='ocr_par' dir='ltr' id='par_1_35' title="bbox 213 3388 1796 3462">
     <span class='ocr_line' id='line_1_35' title="bbox 213 3388 1796 3462; baseline 0.005 -21"><span class='ocrx_word' id='word_1_262' title='bbox 213 3389 493 3459; x_wconf 87' lang='lat' dir='ltr'><strong>geminam</strong></span> <span class='ocrx_word' id='word_1_263' title='bbox 545 3390 611 3442; x_wconf 92' lang='lat' dir='ltr'><strong>de</strong></span> <span class='ocrx_word' id='word_1_264' title='bbox 647 3388 739 3443; x_wconf 92' lang='lat' dir='ltr'><strong>illo</strong></span> <span class='ocrx_word' id='word_1_265' title='bbox 792 3389 1102 3457; x_wconf 90' lang='lat' dir='ltr'><strong>opinionem</strong></span> <span class='ocrx_word' id='word_1_266' title='bbox 1137 3391 1399 3446; x_wconf 86' lang='lat' dir='ltr'><strong>habentes</strong></span> <span class='ocrx_word' id='word_1_267' title='bbox 1437 3393 1674 3462; x_wconf 82' lang='lat' dir='ltr'><strong>undique</strong></span> <span class='ocrx_word' id='word_1_268' title='bbox 1730 3396 1796 3449; x_wconf 84' lang='lat' dir='ltr'><strong>ad</strong></span> 
     </span>
    </p>
   </div>
   <div class='ocr_carea' id='block_1_36' title="bbox 214 3480 1798 3552">
    <p class='ocr_par' dir='ltr' id='par_1_36' title="bbox 214 3480 1798 3552">
     <span class='ocr_line' id='line_1_36' title="bbox 214 3480 1798 3552; baseline 0.004 -18"><span class='ocrx_word' id='word_1_269' title='bbox 214 3496 346 3535; x_wconf 90' lang='lat' dir='ltr'><strong>eum</strong></span> <span class='ocrx_word' id='word_1_270' title='bbox 393 3480 796 3548; x_wconf 85' lang='lat' dir='ltr'><strong>respiciebant;</strong></span> <span class='ocrx_word' id='word_1_271' title='bbox 834 3484 1050 3550; x_wconf 90' lang='lat' dir='ltr'><strong>quidam</strong></span> <span class='ocrx_word' id='word_1_272' title='bbox 1081 3483 1147 3538; x_wconf 91' lang='lat' dir='ltr'><strong>de</strong></span> <span class='ocrx_word' id='word_1_273' title='bbox 1184 3485 1418 3552; x_wconf 85' lang='lat' dir='ltr'><strong>peccatis</strong></span> <span class='ocrx_word' id='word_1_274' title='bbox 1455 3485 1603 3540; x_wconf 90' lang='lat' dir='ltr'><strong>illum</strong></span> <span class='ocrx_word' id='word_1_275' title='bbox 1636 3502 1798 3541; x_wconf 84' lang='lat' dir='ltr'><strong>accu-</strong></span> 
     </span>
    </p>
   </div>
   <div class='ocr_carea' id='block_1_37' title="bbox 217 3574 1800 3645">
    <p class='ocr_par' dir='ltr' id='par_1_37' title="bbox 217 3574 1800 3645">
     <span class='ocr_line' id='line_1_37' title="bbox 217 3574 1800 3645; baseline 0.004 -17"><span class='ocrx_word' id='word_1_276' title='bbox 217 3574 418 3628; x_wconf 85' lang='lat' dir='ltr'><strong>sabant</strong></span> <span class='ocrx_word' id='word_1_277' title='bbox 438 3575 578 3628; x_wconf 91' lang='lat' dir='ltr'><strong>sicut</strong></span> <span class='ocrx_word' id='word_1_278' title='bbox 607 3574 852 3643; x_wconf 85' lang='lat' dir='ltr'><strong>Eliphaz,</strong></span> <span class='ocrx_word' id='word_1_279' title='bbox 895 3575 1210 3645; x_wconf 91' lang='lat' dir='ltr'><strong>similesque</strong></span> <span class='ocrx_word' id='word_1_280' title='bbox 1250 3577 1370 3644; x_wconf 91' lang='lat' dir='ltr'><strong>illi;</strong></span> <span class='ocrx_word' id='word_1_281' title='bbox 1405 3579 1493 3633; x_wconf 89' lang='lat' dir='ltr'><strong>alii</strong></span> <span class='ocrx_word' id='word_1_282' title='bbox 1531 3580 1800 3634; x_wconf 83' lang='lat' dir='ltr'><strong>nihilomi-</strong></span> 
     </span>
    </p>
   </div>
   <div class='ocr_carea' id='block_1_38' title="bbox 216 3667 1801 3742">
    <p class='ocr_par' dir='ltr' id='par_1_38' title="bbox 216 3667 1801 3742">
     <span class='ocr_line' id='line_1_38' title="bbox 216 3667 1801 3742; baseline 0.006 -24"><span class='ocrx_word' id='word_1_283' title='bbox 216 3679 326 3719; x_wconf 89' lang='lat' dir='ltr'><strong>nus</strong></span> <span class='ocrx_word' id='word_1_284' title='bbox 355 3680 460 3718; x_wconf 93' lang='lat' dir='ltr'><strong>non</strong></span> <span class='ocrx_word' id='word_1_285' title='bbox 486 3679 584 3734; x_wconf 92' lang='lat' dir='ltr'><strong>pro</strong></span> <span class='ocrx_word' id='word_1_286' title='bbox 611 3668 852 3735; x_wconf 88' lang='lat' dir='ltr'><strong>peccatis</strong></span> <span class='ocrx_word' id='word_1_287' title='bbox 879 3667 1028 3722; x_wconf 88' lang='lat' dir='ltr'><strong>illum</strong></span> <span class='ocrx_word' id='word_1_288' title='bbox 1058 3670 1550 3738; x_wconf 88' lang='lat' dir='ltr'><strong>reprehendebant,</strong></span> <span class='ocrx_word' id='word_1_289' title='bbox 1587 3672 1682 3725; x_wconf 90' lang='lat' dir='ltr'><strong>sed</strong></span> <span class='ocrx_word' id='word_1_290' title='bbox 1708 3688 1801 3742; x_wconf 88' lang='lat' dir='ltr'><strong>po-</strong></span> 
     </span>
    </p>
   </div>
   <div class='ocr_carea' id='block_1_39' title="bbox 218 3757 1802 3828">
    <p class='ocr_par' dir='ltr' id='par_1_39' title="bbox 218 3757 1802 3828">
     <span class='ocr_line' id='line_1_39' title="bbox 218 3757 1802 3828; baseline 0.004 -18"><span class='ocrx_word' id='word_1_291' title='bbox 218 3757 332 3812; x_wconf 90' lang='lat' dir='ltr'><strong>tius</strong></span> <span class='ocrx_word' id='word_1_292' title='bbox 359 3757 563 3826; x_wconf 88' lang='lat' dir='ltr'><strong>justum</strong></span> <span class='ocrx_word' id='word_1_293' title='bbox 596 3757 742 3812; x_wconf 91' lang='lat' dir='ltr'><strong>illum</strong></span> <span class='ocrx_word' id='word_1_294' title='bbox 764 3768 1096 3828; x_wconf 84' lang='lat' dir='ltr'><strong>reputantes,</strong></span> <span class='ocrx_word' id='word_1_295' title='bbox 1121 3762 1529 3816; x_wconf 89' lang='lat' dir='ltr'><strong>mirabanturin</strong></span> <span class='ocrx_word' id='word_1_296' title='bbox 1549 3763 1802 3818; x_wconf 88' lang='lat' dir='ltr'><strong>omnibus</strong></span> 
     </span>
    </p>
   </div>
   <div class='ocr_carea' id='block_1_40' title="bbox 218 3837 1800 3919">
    <p class='ocr_par' dir='ltr' id='par_1_40' title="bbox 218 3837 1800 3919">
     <span class='ocr_line' id='line_1_40' title="bbox 218 3837 1800 3919; baseline 0.004 -15"><span class='ocrx_word' id='word_1_297' title='bbox 218 3863 344 3919; x_wconf 70' lang='lat' dir='ltr'><strong>qua:</strong></span> <span class='ocrx_word' id='word_1_298' title='bbox 365 3865 395 3902; x_wconf 89' lang='lat' dir='ltr'><strong>a</strong></span> <span class='ocrx_word' id='word_1_299' title='bbox 434 3837 664 3906; x_wconf 68' lang='lat' dir='ltr'><strong>Do&#39;mino</strong></span> <span class='ocrx_word' id='word_1_300' title='bbox 680 3851 728 3904; x_wconf 93' lang='lat' dir='ltr'><strong>ei</strong></span> <span class='ocrx_word' id='word_1_301' title='bbox 759 3850 908 3906; x_wconf 85' lang='lat' dir='ltr'><strong>illata</strong></span> <span class='ocrx_word' id='word_1_302' title='bbox 931 3852 1166 3908; x_wconf 82' lang='lat' dir='ltr'><strong>fuerant.</strong></span> <span class='ocrx_word' id='word_1_303' title='bbox 1187 3852 1451 3908; x_wconf 87' lang='lat' dir='ltr'><strong>Similiter</strong></span> <span class='ocrx_word' id='word_1_304' title='bbox 1480 3864 1532 3909; x_wconf 90' lang='lat' dir='ltr'><strong>et</strong></span> <span class='ocrx_word' id='word_1_305' title='bbox 1558 3857 1800 3910; x_wconf 89' lang='lat' dir='ltr'><strong>omnium</strong></span> 
     </span>
    </p>
   </div>
   <div class='ocr_carea' id='block_1_41' title="bbox 217 3942 1800 4016">
    <p class='ocr_par' dir='ltr' id='par_1_41' title="bbox 217 3942 1800 4016">
     <span class='ocr_line' id='line_1_41' title="bbox 217 3942 1800 4016; baseline 0.004 -20"><span class='ocrx_word' id='word_1_306' title='bbox 217 3942 540 4014; x_wconf 80' lang='lat' dir='ltr'><strong>angelorum</strong></span> <span class='ocrx_word' id='word_1_307' title='bbox 568 3951 624 3998; x_wconf 92' lang='lat' dir='ltr'><strong>et</strong></span> <span class='ocrx_word' id='word_1_308' title='bbox 655 3943 938 4013; x_wconf 89' lang='lat' dir='ltr'><strong>spirituum</strong></span> <span class='ocrx_word' id='word_1_309' title='bbox 992 3947 1219 4016; x_wconf 65' lang='lat' dir='ltr'><strong>geminae</strong></span> <span class='ocrx_word' id='word_1_310' title='bbox 1252 3955 1433 4016; x_wconf 90' lang='lat' dir='ltr'><strong>partes</strong></span> <span class='ocrx_word' id='word_1_311' title='bbox 1465 3947 1518 4000; x_wconf 92' lang='lat' dir='ltr'><strong>in</strong></span> <span class='ocrx_word' id='word_1_312' title='bbox 1561 3962 1683 4002; x_wconf 91' lang='lat' dir='ltr'><strong>eum</strong></span> <span class='ocrx_word' id='word_1_313' title='bbox 1717 3949 1800 4002; x_wconf 84' lang='lat' dir='ltr'><strong>in—</strong></span> 
     </span>
    </p>
   </div>
   <div class='ocr_carea' id='block_1_42' title="bbox 220 4036 1802 4109">
    <p class='ocr_par' dir='ltr' id='par_1_42' title="bbox 220 4036 1802 4109">
     <span class='ocr_line' id='line_1_42' title="bbox 220 4036 1802 4109; baseline -0.002 -16"><span class='ocrx_word' id='word_1_314' title='bbox 220 4037 539 4093; x_wconf 90' lang='lat' dir='ltr'><strong>tendebant.</strong></span> <span class='ocrx_word' id='word_1_315' title='bbox 590 4037 775 4094; x_wconf 87' lang='lat' dir='ltr'><strong>Sancti</strong></span> <span class='ocrx_word' id='word_1_316' title='bbox 828 4038 1046 4107; x_wconf 92' lang='lat' dir='ltr'><strong>quidem</strong></span> <span class='ocrx_word' id='word_1_317' title='bbox 1102 4036 1278 4108; x_wconf 90' lang='lat' dir='ltr'><strong>angeli</strong></span> <span class='ocrx_word' id='word_1_318' title='bbox 1327 4036 1423 4092; x_wconf 89' lang='lat' dir='ltr'><strong>Dei</strong></span> <span class='ocrx_word' id='word_1_319' title='bbox 1458 4053 1579 4100; x_wconf 86' lang='lat' dir='ltr'><strong>cum</strong></span> <span class='ocrx_word' id='word_1_320' title='bbox 1609 4053 1802 4109; x_wconf 89' lang='lat' dir='ltr'><strong>magna</strong></span> 
     </span>
    </p>
   </div>
   <div class='ocr_carea' id='block_1_43' title="bbox 218 4129 1806 4201">
    <p class='ocr_par' dir='ltr' id='par_1_43' title="bbox 218 4129 1806 4201">
     <span class='ocr_line' id='line_1_43' title="bbox 218 4129 1806 4201; baseline 0 -15"><span class='ocrx_word' id='word_1_321' title='bbox 218 4131 590 4186; x_wconf 86' lang='lat' dir='ltr'><strong>sollicitudine</strong></span> <span class='ocrx_word' id='word_1_322' title='bbox 640 4131 693 4185; x_wconf 91' lang='lat' dir='ltr'><strong>in</strong></span> <span class='ocrx_word' id='word_1_323' title='bbox 737 4145 861 4185; x_wconf 92' lang='lat' dir='ltr'><strong>eum</strong></span> <span class='ocrx_word' id='word_1_324' title='bbox 901 4130 1290 4201; x_wconf 87' lang='lat' dir='ltr'><strong>respiciebant,</strong></span> <span class='ocrx_word' id='word_1_325' title='bbox 1330 4129 1630 4184; x_wconf 84' lang='lat' dir='ltr'><strong>tolerantiae</strong></span> <span class='ocrx_word' id='word_1_326' title='bbox 1691 4131 1806 4200; x_wconf 88' lang='lat' dir='ltr'><strong>ejus</strong></span> 
     </span>
    </p>
   </div>
   <div class='ocr_carea' id='block_1_44' title="bbox 219 4224 1808 4293">
    <p class='ocr_par' dir='ltr' id='par_1_44' title="bbox 219 4224 1808 4293">
     <span class='ocr_line' id='line_1_44' title="bbox 219 4224 1808 4293; baseline -0.001 -13"><span class='ocrx_word' id='word_1_327' title='bbox 219 4224 746 4280; x_wconf 87' lang='lat' dir='ltr'><strong>consummationem</strong></span> <span class='ocrx_word' id='word_1_328' title='bbox 792 4233 1198 4292; x_wconf 80' lang='lat' dir='ltr'><strong>exspectantes,</strong></span> <span class='ocrx_word' id='word_1_329' title='bbox 1229 4231 1289 4278; x_wconf 90' lang='lat' dir='ltr'><strong>ut</strong></span> <span class='ocrx_word' id='word_1_330' title='bbox 1316 4225 1382 4279; x_wconf 92' lang='lat' dir='ltr'><strong>de</strong></span> <span class='ocrx_word' id='word_1_331' title='bbox 1413 4224 1640 4280; x_wconf 88' lang='lat' dir='ltr'><strong>victoria</strong></span> <span class='ocrx_word' id='word_1_332' title='bbox 1692 4224 1808 4293; x_wconf 87' lang='lat' dir='ltr'><strong>ejus</strong></span> 
     </span>
    </p>
   </div>
   <div class='ocr_carea' id='block_1_45' title="bbox 221 4315 1805 4387">
    <p class='ocr_par' dir='ltr' id='par_1_45' title="bbox 221 4315 1805 4387">
     <span class='ocr_line' id='line_1_45' title="bbox 221 4315 1805 4387; baseline -0.002 -15"><span class='ocrx_word' id='word_1_333' title='bbox 221 4317 420 4372; x_wconf 85' lang='lat' dir='ltr'><strong>devote</strong></span> <span class='ocrx_word' id='word_1_334' title='bbox 487 4316 757 4372; x_wconf 76' lang='lat' dir='ltr'><strong>scelestem</strong></span> <span class='ocrx_word' id='word_1_335' title='bbox 805 4315 1003 4387; x_wconf 84' lang='lat' dir='ltr'><strong>Regem</strong></span> <span class='ocrx_word' id='word_1_336' title='bbox 1070 4315 1460 4380; x_wconf 86' lang='lat' dir='ltr'><strong>collaudarent,</strong></span> <span class='ocrx_word' id='word_1_337' title='bbox 1521 4315 1805 4371; x_wconf 89' lang='lat' dir='ltr'><strong>victoriam</strong></span> 
     </span>
    </p>
   </div>
   <div class='ocr_carea' id='block_1_46' title="bbox 215 4407 1803 4481">
    <p class='ocr_par' dir='ltr' id='par_1_46' title="bbox 215 4407 1803 4481">
     <span class='ocr_line' id='line_1_46' title="bbox 215 4407 1803 4481; baseline 0 -19"><span class='ocrx_word' id='word_1_338' title='bbox 215 4409 357 4480; x_wconf 88' lang='lat' dir='ltr'><strong>justi</strong></span> <span class='ocrx_word' id='word_1_339' title='bbox 391 4407 513 4475; x_wconf 92' lang='lat' dir='ltr'><strong>Job,</strong></span> <span class='ocrx_word' id='word_1_340' title='bbox 565 4419 728 4481; x_wconf 92' lang='lat' dir='ltr'><strong>atque</strong></span> <span class='ocrx_word' id='word_1_341' title='bbox 784 4410 996 4465; x_wconf 90' lang='lat' dir='ltr'><strong>ruinam</strong></span> <span class='ocrx_word' id='word_1_342' title='bbox 1038 4409 1223 4478; x_wconf 73' lang='lat' dir='ltr'><strong>injuSti</strong></span> <span class='ocrx_word' id='word_1_343' title='bbox 1268 4409 1467 4466; x_wconf 86' lang='lat' dir='ltr'><strong>diaboli</strong></span> <span class='ocrx_word' id='word_1_344' title='bbox 1493 4419 1803 4464; x_wconf 88' lang='lat' dir='ltr'><strong>cernentes.</strong></span> 
     </span>
    </p>
   </div>
   <div class='ocr_carea' id='block_1_47' title="bbox 220 4501 1810 4572">
    <p class='ocr_par' dir='ltr' id='par_1_47' title="bbox 220 4501 1810 4572">
     <span class='ocr_line' id='line_1_47' title="bbox 220 4501 1810 4572; baseline -0.003 -14"><span class='ocrx_word' id='word_1_345' title='bbox 220 4501 357 4558; x_wconf 89' lang='lat' dir='ltr'><strong>Post</strong></span> <span class='ocrx_word' id='word_1_346' title='bbox 384 4503 481 4557; x_wconf 90' lang='lat' dir='ltr'><strong>hos</strong></span> <span class='ocrx_word' id='word_1_347' title='bbox 519 4517 707 4557; x_wconf 91' lang='lat' dir='ltr'><strong>omnes</strong></span> <span class='ocrx_word' id='word_1_348' title='bbox 735 4503 989 4557; x_wconf 90' lang='lat' dir='ltr'><strong>nimirum</strong></span> <span class='ocrx_word' id='word_1_349' title='bbox 1040 4501 1353 4571; x_wconf 84' lang='lat' dir='ltr'><strong>nequissimi</strong></span> <span class='ocrx_word' id='word_1_350' title='bbox 1390 4502 1610 4572; x_wconf 88' lang='lat' dir='ltr'><strong>spiritus</strong></span> <span class='ocrx_word' id='word_1_351' title='bbox 1638 4501 1810 4570; x_wconf 84' lang='lat' dir='ltr'><strong>respi-</strong></span> 
     </span>
    </p>
   </div>
   <div class='ocr_carea' id='block_1_48' title="bbox 1882 554 3466 624">
    <p class='ocr_par' dir='ltr' id='par_1_48' title="bbox 1882 554 3466 624">
     <span class='ocr_line' id='line_1_48' title="bbox 1882 554 3466 624; baseline 0.004 -16"><span class='ocrx_word' id='word_1_352' title='bbox 1882 565 2048 624; x_wconf 89' lang='lat' dir='ltr'><strong>atquc</strong></span> <span class='ocrx_word' id='word_1_353' title='bbox 2079 564 2323 620; x_wconf 91' lang='lat' dir='ltr'><strong>terrena,</strong></span> <span class='ocrx_word' id='word_1_354' title='bbox 2365 554 2510 610; x_wconf 90' lang='lat' dir='ltr'><strong>sicut</strong></span> <span class='ocrx_word' id='word_1_355' title='bbox 2529 563 2583 610; x_wconf 90' lang='lat' dir='ltr'><strong>et</strong></span> <span class='ocrx_word' id='word_1_356' title='bbox 2609 556 2864 624; x_wconf 88' lang='lat' dir='ltr'><strong>superius</strong></span> <span class='ocrx_word' id='word_1_357' title='bbox 2897 558 3325 614; x_wconf 88' lang='lat' dir='ltr'><strong>demonstratum</strong></span> <span class='ocrx_word' id='word_1_358' title='bbox 3361 571 3466 615; x_wconf 89' lang='lat' dir='ltr'><strong>est.</strong></span> 
     </span>
    </p>
   </div>
   <div class='ocr_carea' id='block_1_49' title="bbox 1883 647 3471 720">
    <p class='ocr_par' dir='ltr' id='par_1_49' title="bbox 1883 647 3471 720">
     <span class='ocr_line' id='line_1_49' title="bbox 1883 647 3471 720; baseline -0.001 -18"><span class='ocrx_word' id='word_1_359' title='bbox 1883 647 2014 702; x_wconf 88' lang='lat' dir='ltr'><strong>Post</strong></span> <span class='ocrx_word' id='word_1_360' title='bbox 2051 662 2170 716; x_wconf 73' lang='lat' dir='ltr'><strong>qua:</strong></span> <span class='ocrx_word' id='word_1_361' title='bbox 2217 648 2469 702; x_wconf 83' lang='lat' dir='ltr'><strong>universa</strong></span> <span class='ocrx_word' id='word_1_362' title='bbox 2517 647 2696 702; x_wconf 82' lang='lat' dir='ltr'><strong>dicit:</strong></span> <span class='ocrx_word' id='word_1_363' title='bbox 2751 647 2991 713; x_wconf 71' lang='lat' dir='ltr'><strong>Plurimp</strong></span> <span class='ocrx_word' id='word_1_364' title='bbox 3025 658 3201 702; x_wconf 85' lang='lat' dir='ltr'><strong>autem</strong></span> <span class='ocrx_word' id='word_1_365' title='bbox 3242 660 3471 720; x_wconf 66' lang='lat' dir='ltr'><strong>tempore</strong></span> 
     </span>
    </p>
   </div>
   <div class='ocr_carea' id='block_1_50' title="bbox 1882 739 3471 812">
    <p class='ocr_par' dir='ltr' id='par_1_50' title="bbox 1882 739 3471 812">
     <span class='ocr_line' id='line_1_50' title="bbox 1882 739 3471 812; baseline 0.004 -19"><span class='ocrx_word' id='word_1_366' title='bbox 1882 740 2190 806; x_wconf 86' lang='lat' dir='ltr'><strong>interposito</strong></span> <span class='ocrx_word' id='word_1_367' title='bbox 2212 739 2348 794; x_wconf 71' lang='lat' dir='ltr'><strong>dixit</strong></span> <span class='ocrx_word' id='word_1_368' title='bbox 2376 744 2445 792; x_wconf 87' lang='lat' dir='ltr'><strong>ad</strong></span> <span class='ocrx_word' id='word_1_369' title='bbox 2467 755 2582 792; x_wconf 82' lang='lat' dir='ltr'><strong>eum</strong></span> <span class='ocrx_word' id='word_1_370' title='bbox 2608 755 2744 793; x_wconf 72' lang='lat' dir='ltr'><strong>uxor</strong></span> <span class='ocrx_word' id='word_1_371' title='bbox 2765 741 2879 810; x_wconf 85' lang='lat' dir='ltr'><strong>ejus</strong></span> <span class='ocrx_word' id='word_1_372' title='bbox 2902 741 2967 797; x_wconf 73' lang='grc'><strong>’³.</strong></span> <span class='ocrx_word' id='word_1_373' title='bbox 2997 739 3222 797; x_wconf 87' lang='lat' dir='ltr'><strong>Diversa</strong></span> <span class='ocrx_word' id='word_1_374' title='bbox 3250 743 3471 812; x_wconf 88' lang='lat' dir='ltr'><strong>plurimi</strong></span> 
     </span>
    </p>
   </div>
   <div class='ocr_carea' id='block_1_51' title="bbox 1883 832 3470 901">
    <p class='ocr_par' dir='ltr' id='par_1_51' title="bbox 1883 832 3470 901">
     <span class='ocr_line' id='line_1_51' title="bbox 1883 832 3470 901; baseline 0.001 -15"><span class='ocrx_word' id='word_1_375' title='bbox 1883 833 1951 886; x_wconf 89' lang='lat' dir='ltr'><strong>de</strong></span> <span class='ocrx_word' id='word_1_376' title='bbox 1989 833 2090 886; x_wconf 93' lang='lat' dir='ltr'><strong>hoc</strong></span> <span class='ocrx_word' id='word_1_377' title='bbox 2120 841 2366 900; x_wconf 92' lang='lat' dir='ltr'><strong>tempore</strong></span> <span class='ocrx_word' id='word_1_378' title='bbox 2409 832 2552 901; x_wconf 90' lang='lat' dir='ltr'><strong>quod</strong></span> <span class='ocrx_word' id='word_1_379' title='bbox 2586 832 2707 886; x_wconf 91' lang='lat' dir='ltr'><strong>istic</strong></span> <span class='ocrx_word' id='word_1_380' title='bbox 2753 844 3114 888; x_wconf 89' lang='lat' dir='ltr'><strong>memoratum</strong></span> <span class='ocrx_word' id='word_1_381' title='bbox 3154 847 3259 900; x_wconf 93' lang='lat' dir='ltr'><strong>est,</strong></span> <span class='ocrx_word' id='word_1_382' title='bbox 3296 849 3352 890; x_wconf 89' lang='lat' dir='ltr'><strong>et</strong></span> <span class='ocrx_word' id='word_1_383' title='bbox 3382 837 3470 890; x_wconf 81' lang='lat' dir='ltr'><strong>iu-</strong></span> 
     </span>
    </p>
   </div>
   <div class='ocr_carea' id='block_1_52' title="bbox 1887 922 3470 994">
    <p class='ocr_par' dir='ltr' id='par_1_52' title="bbox 1887 922 3470 994">
     <span class='ocr_line' id='line_1_52' title="bbox 1887 922 3470 994; baseline 0.004 -18"><span class='ocrx_word' id='word_1_384' title='bbox 1887 922 2239 986; x_wconf 81' lang='lat' dir='ltr'><strong>tellexerunt,</strong></span> <span class='ocrx_word' id='word_1_385' title='bbox 2299 931 2354 977; x_wconf 92' lang='lat' dir='ltr'><strong>et</strong></span> <span class='ocrx_word' id='word_1_386' title='bbox 2416 922 2575 978; x_wconf 90' lang='lat' dir='ltr'><strong>locuti</strong></span> <span class='ocrx_word' id='word_1_387' title='bbox 2606 931 2756 988; x_wconf 86' lang='lat' dir='ltr'><strong>sunt,</strong></span> <span class='ocrx_word' id='word_1_388' title='bbox 2803 924 2892 978; x_wconf 91' lang='lat' dir='ltr'><strong>alii</strong></span> <span class='ocrx_word' id='word_1_389' title='bbox 2926 926 3142 994; x_wconf 91' lang='lat' dir='ltr'><strong>quidem</strong></span> <span class='ocrx_word' id='word_1_390' title='bbox 3175 927 3338 981; x_wconf 88' lang='lat' dir='ltr'><strong>breve</strong></span> <span class='ocrx_word' id='word_1_391' title='bbox 3368 927 3470 982; x_wconf 87' lang='lat' dir='ltr'><strong>hoc</strong></span> 
     </span>
    </p>
   </div>
   <div class='ocr_carea' id='block_1_53' title="bbox 1886 1013 3469 1088">
    <p class='ocr_par' dir='ltr' id='par_1_53' title="bbox 1886 1013 3469 1088">
     <span class='ocr_line' id='line_1_53' title="bbox 1886 1013 3469 1088; baseline 0.003 -19"><span class='ocrx_word' id='word_1_392' title='bbox 1886 1023 2107 1085; x_wconf 78' lang='lat' dir='ltr'><strong>tempus</strong></span> <span class='ocrx_word' id='word_1_393' title='bbox 2137 1013 2307 1070; x_wconf 90' lang='lat' dir='ltr'><strong>fuisse</strong></span> <span class='ocrx_word' id='word_1_394' title='bbox 2355 1015 2743 1085; x_wconf 85' lang='lat' dir='ltr'><strong>percipientes,</strong></span> <span class='ocrx_word' id='word_1_395' title='bbox 2776 1016 2865 1071; x_wconf 92' lang='lat' dir='ltr'><strong>alii</strong></span> <span class='ocrx_word' id='word_1_396' title='bbox 2922 1018 3271 1073; x_wconf 90' lang='lat' dir='ltr'><strong>nihilominus</strong></span> <span class='ocrx_word' id='word_1_397' title='bbox 3300 1021 3469 1088; x_wconf 91' lang='lat' dir='ltr'><strong>pluri-</strong></span> 
     </span>
    </p>
   </div>
   <div class='ocr_carea' id='block_1_54' title="bbox 1884 1107 3469 1177">
    <p class='ocr_par' dir='ltr' id='par_1_54' title="bbox 1884 1107 3469 1177">
     <span class='ocr_line' id='line_1_54' title="bbox 1884 1107 3469 1177; baseline 0.004 -17"><span class='ocrx_word' id='word_1_398' title='bbox 1884 1122 2031 1160; x_wconf 90' lang='lat' dir='ltr'><strong>mum</strong></span> <span class='ocrx_word' id='word_1_399' title='bbox 2091 1115 2424 1173; x_wconf 89' lang='lat' dir='ltr'><strong>astruentes,</strong></span> <span class='ocrx_word' id='word_1_400' title='bbox 2471 1107 2626 1177; x_wconf 90' lang='lat' dir='ltr'><strong>quasi</strong></span> <span class='ocrx_word' id='word_1_401' title='bbox 2661 1109 2834 1162; x_wconf 91' lang='lat' dir='ltr'><strong>tribus</strong></span> <span class='ocrx_word' id='word_1_402' title='bbox 2880 1113 3114 1166; x_wconf 91' lang='lat' dir='ltr'><strong>anniset</strong></span> <span class='ocrx_word' id='word_1_403' title='bbox 3143 1112 3364 1168; x_wconf 89' lang='lat' dir='ltr'><strong>dimidio</strong></span> <span class='ocrx_word' id='word_1_404' title='bbox 3415 1114 3469 1166; x_wconf 94' lang='lat' dir='ltr'><strong>in</strong></span> 
     </span>
    </p>
   </div>
   <div class='ocr_carea' id='block_1_55' title="bbox 1887 1196 3471 1274">
    <p class='ocr_par' dir='ltr' id='par_1_55' title="bbox 1887 1196 3471 1274">
     <span class='ocr_line' id='line_1_55' title="bbox 1887 1196 3471 1274; baseline 0.006 -26"><span class='ocrx_word' id='word_1_405' title='bbox 1887 1208 2068 1266; x_wconf 84' lang='lat' dir='ltr'><strong>typum</strong></span> <span class='ocrx_word' id='word_1_406' title='bbox 2107 1196 2407 1253; x_wconf 76' lang='lat' dir='ltr'><strong>Dominicse</strong></span> <span class='ocrx_word' id='word_1_407' title='bbox 2431 1200 2857 1268; x_wconf 69' lang='lat' dir='ltr'><strong>praedicationis,</strong></span> <span class='ocrx_word' id='word_1_408' title='bbox 2885 1203 3046 1256; x_wconf 89' lang='lat' dir='ltr'><strong>etiam</strong></span> <span class='ocrx_word' id='word_1_409' title='bbox 3079 1213 3126 1256; x_wconf 89' lang='lat' dir='ltr'><strong>et</strong></span> <span class='ocrx_word' id='word_1_410' title='bbox 3157 1204 3316 1274; x_wconf 86' lang='lat' dir='ltr'><strong>hujus</strong></span> <span class='ocrx_word' id='word_1_411' title='bbox 3347 1219 3471 1272; x_wconf 82' lang='lat' dir='ltr'><strong>pas-</strong></span> 
     </span>
    </p>
   </div>
   <div class='ocr_carea' id='block_1_56' title="bbox 1886 1290 3474 1359">
    <p class='ocr_par' dir='ltr' id='par_1_56' title="bbox 1886 1290 3474 1359">
     <span class='ocr_line' id='line_1_56' title="bbox 1886 1290 3474 1359; baseline 0.005 -15"><span class='ocrx_word' id='word_1_412' title='bbox 1886 1290 2052 1345; x_wconf 90' lang='lat' dir='ltr'><strong>sionis</strong></span> <span class='ocrx_word' id='word_1_413' title='bbox 2102 1299 2320 1359; x_wconf 86' lang='lat' dir='ltr'><strong>tempus</strong></span> <span class='ocrx_word' id='word_1_414' title='bbox 2372 1292 2514 1346; x_wconf 90' lang='lat' dir='ltr'><strong>sicut</strong></span> <span class='ocrx_word' id='word_1_415' title='bbox 2560 1303 2615 1347; x_wconf 93' lang='lat' dir='ltr'><strong>et</strong></span> <span class='ocrx_word' id='word_1_416' title='bbox 2665 1295 2718 1347; x_wconf 93' lang='lat' dir='ltr'><strong>in</strong></span> <span class='ocrx_word' id='word_1_417' title='bbox 2753 1294 2967 1349; x_wconf 66' lang='lat' dir='ltr'><strong>caeteris</strong></span> <span class='ocrx_word' id='word_1_418' title='bbox 3000 1297 3348 1351; x_wconf 88' lang='lat' dir='ltr'><strong>ostenderent</strong></span> <span class='ocrx_word' id='word_1_419' title='bbox 3391 1299 3474 1352; x_wconf 90' lang='lat' dir='ltr'><strong>di-</strong></span> 
     </span>
    </p>
   </div>
   <div class='ocr_carea' id='block_1_57' title="bbox 1886 1381 3471 1452">
    <p class='ocr_par' dir='ltr' id='par_1_57' title="bbox 1886 1381 3471 1452">
     <span class='ocr_line' id='line_1_57' title="bbox 1886 1381 3471 1452; baseline 0.004 -20"><span class='ocrx_word' id='word_1_420' title='bbox 1886 1393 2090 1436; x_wconf 89' lang='lat' dir='ltr'><strong>centes.</strong></span> <span class='ocrx_word' id='word_1_421' title='bbox 2141 1381 2378 1452; x_wconf 90' lang='lat' dir='ltr'><strong>ldeoque</strong></span> <span class='ocrx_word' id='word_1_422' title='bbox 2415 1382 2505 1452; x_wconf 91' lang='lat' dir='ltr'><strong>qui</strong></span> <span class='ocrx_word' id='word_1_423' title='bbox 2552 1383 2826 1439; x_wconf 82' lang='lat' dir='ltr'><strong>voluerint</strong></span> <span class='ocrx_word' id='word_1_424' title='bbox 2861 1398 2928 1438; x_wconf 80' lang='lat' dir='ltr'><strong>ex</strong></span> <span class='ocrx_word' id='word_1_425' title='bbox 2967 1385 3325 1450; x_wconf 85' lang='lat' dir='ltr'><strong>auditoribus,</strong></span> <span class='ocrx_word' id='word_1_426' title='bbox 3396 1387 3471 1440; x_wconf 89' lang='lat' dir='ltr'><strong>ita</strong></span> 
     </span>
    </p>
   </div>
   <div class='ocr_carea' id='block_1_58' title="bbox 1887 1472 3474 1544">
    <p class='ocr_par' dir='ltr' id='par_1_58' title="bbox 1887 1472 3474 1544">
     <span class='ocr_line' id='line_1_58' title="bbox 1887 1472 3474 1544; baseline 0.004 -18"><span class='ocrx_word' id='word_1_427' title='bbox 1887 1473 2205 1541; x_wconf 88' lang='lat' dir='ltr'><strong>percipiant.</strong></span> <span class='ocrx_word' id='word_1_428' title='bbox 2230 1472 2339 1529; x_wconf 85' lang='lat' dir='ltr'><strong>Nos</strong></span> <span class='ocrx_word' id='word_1_429' title='bbox 2367 1489 2496 1529; x_wconf 91' lang='lat' dir='ltr'><strong>vero</strong></span> <span class='ocrx_word' id='word_1_430' title='bbox 2518 1475 2814 1544; x_wconf 74' lang='lat' dir='ltr'><strong>Scriptum</strong></span> <span class='ocrx_word' id='word_1_431' title='bbox 2840 1477 3242 1532; x_wconf 83' lang='lat' dir='ltr'><strong>consentientes</strong></span> <span class='ocrx_word' id='word_1_432' title='bbox 3278 1478 3474 1532; x_wconf 91' lang='lat' dir='ltr'><strong>intelli-</strong></span> 
     </span>
    </p>
   </div>
   <div class='ocr_carea' id='block_1_59' title="bbox 1885 1565 3475 1637">
    <p class='ocr_par' dir='ltr' id='par_1_59' title="bbox 1885 1565 3475 1637">
     <span class='ocr_line' id='line_1_59' title="bbox 1885 1565 3475 1637; baseline 0.004 -20"><span class='ocrx_word' id='word_1_433' title='bbox 1885 1579 2099 1634; x_wconf 89' lang='lat' dir='ltr'><strong>gamus,</strong></span> <span class='ocrx_word' id='word_1_434' title='bbox 2132 1573 2187 1618; x_wconf 89' lang='lat' dir='ltr'><strong>et</strong></span> <span class='ocrx_word' id='word_1_435' title='bbox 2222 1565 2370 1620; x_wconf 87' lang='lat' dir='ltr'><strong>sicut</strong></span> <span class='ocrx_word' id='word_1_436' title='bbox 2406 1565 2782 1637; x_wconf 89' lang='lat' dir='ltr'><strong>intelligimus,</strong></span> <span class='ocrx_word' id='word_1_437' title='bbox 2813 1566 2886 1620; x_wconf 88' lang='lat' dir='ltr'><strong>ita</strong></span> <span class='ocrx_word' id='word_1_438' title='bbox 2917 1575 2974 1622; x_wconf 93' lang='lat' dir='ltr'><strong>et</strong></span> <span class='ocrx_word' id='word_1_439' title='bbox 2994 1581 3323 1632; x_wconf 90' lang='lat' dir='ltr'><strong>asseramus,</strong></span> <span class='ocrx_word' id='word_1_440' title='bbox 3371 1569 3475 1623; x_wconf 87' lang='lat' dir='ltr'><strong>hoe</strong></span> 
     </span>
    </p>
   </div>
   <div class='ocr_carea' id='block_1_60' title="bbox 1887 1655 3475 1725">
    <p class='ocr_par' dir='ltr' id='par_1_60' title="bbox 1887 1655 3475 1725">
     <span class='ocr_line' id='line_1_60' title="bbox 1887 1655 3475 1725; baseline 0.002 -18"><span class='ocrx_word' id='word_1_441' title='bbox 1887 1656 2120 1723; x_wconf 89' lang='lat' dir='ltr'><strong>primum</strong></span> <span class='ocrx_word' id='word_1_442' title='bbox 2158 1655 2404 1710; x_wconf 90' lang='lat' dir='ltr'><strong>dicentes</strong></span> <span class='ocrx_word' id='word_1_443' title='bbox 2433 1664 2489 1710; x_wconf 92' lang='lat' dir='ltr'><strong>et</strong></span> <span class='ocrx_word' id='word_1_444' title='bbox 2521 1666 2848 1725; x_wconf 56' lang='lat' dir='ltr'><strong>quaerentes,</strong></span> <span class='ocrx_word' id='word_1_445' title='bbox 2875 1670 2975 1710; x_wconf 90' lang='lat' dir='ltr'><strong>cur</strong></span> <span class='ocrx_word' id='word_1_446' title='bbox 2996 1655 3309 1710; x_wconf 91' lang='lat' dir='ltr'><strong>benedictus</strong></span> <span class='ocrx_word' id='word_1_447' title='bbox 3332 1655 3475 1710; x_wconf 91' lang='lat' dir='ltr'><strong>Deus</strong></span> 
     </span>
    </p>
   </div>
   <div class='ocr_carea' id='block_1_61' title="bbox 1888 1745 3473 1816">
    <p class='ocr_par' dir='ltr' id='par_1_61' title="bbox 1888 1745 3473 1816">
     <span class='ocr_line' id='line_1_61' title="bbox 1888 1745 3473 1816; baseline 0 -16"><span class='ocrx_word' id='word_1_448' title='bbox 1888 1748 2091 1800; x_wconf 90' lang='lat' dir='ltr'><strong>diutius</strong></span> <span class='ocrx_word' id='word_1_449' title='bbox 2112 1756 2256 1801; x_wconf 88' lang='lat' dir='ltr'><strong>esset</strong></span> <span class='ocrx_word' id='word_1_450' title='bbox 2291 1755 2687 1816; x_wconf 87' lang='lat' dir='ltr'><strong>pernecaturus</strong></span> <span class='ocrx_word' id='word_1_451' title='bbox 2714 1745 2920 1814; x_wconf 84' lang='lat' dir='ltr'><strong>justum</strong></span> <span class='ocrx_word' id='word_1_452' title='bbox 2961 1746 3137 1813; x_wconf 91' lang='lat' dir='ltr'><strong>illum,</strong></span> <span class='ocrx_word' id='word_1_453' title='bbox 3175 1762 3298 1801; x_wconf 90' lang='lat' dir='ltr'><strong>cum</strong></span> <span class='ocrx_word' id='word_1_454' title='bbox 3323 1745 3473 1801; x_wconf 74' lang='lat' dir='ltr'><strong>stilli-</strong></span> 
     </span>
    </p>
   </div>
   <div class='ocr_carea' id='block_1_62' title="bbox 1896 1837 3476 1909">
    <p class='ocr_par' dir='ltr' id='par_1_62' title="bbox 1896 1837 3476 1909">
     <span class='ocr_line' id='line_1_62' title="bbox 1896 1837 3476 1909; baseline -0.001 -17"><span class='ocrx_word' id='word_1_455' title='bbox 1896 1849 2038 1894; x_wconf 90' lang='lat' dir='ltr'><strong>ceret</strong></span> <span class='ocrx_word' id='word_1_456' title='bbox 2093 1839 2476 1894; x_wconf 90' lang='lat' dir='ltr'><strong>brevissimum</strong></span> <span class='ocrx_word' id='word_1_457' title='bbox 2528 1848 2747 1908; x_wconf 91' lang='lat' dir='ltr'><strong>tempus</strong></span> <span class='ocrx_word' id='word_1_458' title='bbox 2780 1839 2848 1893; x_wconf 90' lang='lat' dir='ltr'><strong>ad</strong></span> <span class='ocrx_word' id='word_1_459' title='bbox 2899 1839 3270 1909; x_wconf 90' lang='lat' dir='ltr'><strong>superandum</strong></span> <span class='ocrx_word' id='word_1_460' title='bbox 3319 1837 3476 1892; x_wconf 91' lang='lat' dir='ltr'><strong>mali-</strong></span> 
     </span>
    </p>
   </div>
   <div class='ocr_carea' id='block_1_63' title="bbox 1896 1929 3479 2000">
    <p class='ocr_par' dir='ltr' id='par_1_63' title="bbox 1896 1929 3479 2000">
     <span class='ocr_line' id='line_1_63' title="bbox 1896 1929 3479 2000; baseline 0.001 -18"><span class='ocrx_word' id='word_1_461' title='bbox 1896 1931 2212 2000; x_wconf 78' lang='lat' dir='ltr'><strong>gnissimum</strong></span> <span class='ocrx_word' id='word_1_462' title='bbox 2261 1931 2576 1986; x_wconf 81' lang='lat' dir='ltr'><strong>diabolum?</strong></span> <span class='ocrx_word' id='word_1_463' title='bbox 2618 1931 2735 1986; x_wconf 84' lang='lat' dir='ltr'><strong>Non</strong></span> <span class='ocrx_word' id='word_1_464' title='bbox 2777 1931 2920 1986; x_wconf 93' lang='lat' dir='ltr'><strong>enim</strong></span> <span class='ocrx_word' id='word_1_465' title='bbox 2974 1933 3077 1986; x_wconf 91' lang='lat' dir='ltr'><strong>hoc</strong></span> <span class='ocrx_word' id='word_1_466' title='bbox 3102 1929 3479 1985; x_wconf 87' lang='lat' dir='ltr'><strong>delectabatur</strong></span> 
     </span>
    </p>
   </div>
   <div class='ocr_carea' id='block_1_64' title="bbox 1896 2022 3478 2093">
    <p class='ocr_par' dir='ltr' id='par_1_64' title="bbox 1896 2022 3478 2093">
     <span class='ocr_line' id='line_1_64' title="bbox 1896 2022 3478 2093; baseline 0.005 -19"><span class='ocrx_word' id='word_1_467' title='bbox 1896 2022 2058 2089; x_wconf 87' lang='lat' dir='ltr'><strong>Deus,</strong></span> <span class='ocrx_word' id='word_1_468' title='bbox 2085 2033 2140 2077; x_wconf 91' lang='lat' dir='ltr'><strong>ut</strong></span> <span class='ocrx_word' id='word_1_469' title='bbox 2167 2022 2269 2078; x_wconf 92' lang='lat' dir='ltr'><strong>Job</strong></span> <span class='ocrx_word' id='word_1_470' title='bbox 2301 2025 2787 2093; x_wconf 89' lang='lat' dir='ltr'><strong>torqueretur;sed</strong></span> <span class='ocrx_word' id='word_1_471' title='bbox 2815 2024 2917 2078; x_wconf 92' lang='lat' dir='ltr'><strong>hoc</strong></span> <span class='ocrx_word' id='word_1_472' title='bbox 2939 2024 3118 2093; x_wconf 89' lang='lat' dir='ltr'><strong>potius</strong></span> <span class='ocrx_word' id='word_1_473' title='bbox 3143 2033 3203 2076; x_wconf 92' lang='lat' dir='ltr'><strong>ut</strong></span> <span class='ocrx_word' id='word_1_474' title='bbox 3228 2023 3478 2082; x_wconf 76' lang='lat' dir='ltr'><strong>diabolus</strong></span> 
     </span>
    </p>
   </div>
   <div class='ocr_carea' id='block_1_65' title="bbox 1896 2114 3470 2184">
    <p class='ocr_par' dir='ltr' id='par_1_65' title="bbox 1896 2114 3470 2184">
     <span class='ocr_line' id='line_1_65' title="bbox 1896 2114 3470 2184; baseline 0.002 -15"><span class='ocrx_word' id='word_1_475' title='bbox 1896 2117 2324 2181; x_wconf 86' lang='lat' dir='ltr'><strong>convinceretur,</strong></span> <span class='ocrx_word' id='word_1_476' title='bbox 2353 2126 2408 2170; x_wconf 92' lang='lat' dir='ltr'><strong>et</strong></span> <span class='ocrx_word' id='word_1_477' title='bbox 2443 2117 2633 2171; x_wconf 87' lang='lat' dir='ltr'><strong>beatus</strong></span> <span class='ocrx_word' id='word_1_478' title='bbox 2659 2114 2760 2170; x_wconf 95' lang='lat' dir='ltr'><strong>Job</strong></span> <span class='ocrx_word' id='word_1_479' title='bbox 2783 2115 2962 2184; x_wconf 88' lang='lat' dir='ltr'><strong>justus</strong></span> <span class='ocrx_word' id='word_1_480' title='bbox 2993 2116 3470 2183; x_wconf 88' lang='lat' dir='ltr'><strong>comprobaretur.</strong></span> 
     </span>
    </p>
   </div>
   <div class='ocr_carea' id='block_1_66' title="bbox 1898 2205 3475 2276">
    <p class='ocr_par' dir='ltr' id='par_1_66' title="bbox 1898 2205 3475 2276">
     <span class='ocr_line' id='line_1_66' title="bbox 1898 2205 3475 2276; baseline 0.002 -18"><span class='ocrx_word' id='word_1_481' title='bbox 1898 2205 2039 2259; x_wconf 85' lang='lat' dir='ltr'><strong>Nihil</strong></span> <span class='ocrx_word' id='word_1_482' title='bbox 2085 2220 2215 2276; x_wconf 89' lang='lat' dir='ltr'><strong>ergo</strong></span> <span class='ocrx_word' id='word_1_483' title='bbox 2254 2206 2398 2261; x_wconf 88' lang='lat' dir='ltr'><strong>aliud</strong></span> <span class='ocrx_word' id='word_1_484' title='bbox 2439 2208 2772 2276; x_wconf 83' lang='lat' dir='ltr'><strong>exspectavit</strong></span> <span class='ocrx_word' id='word_1_485' title='bbox 2805 2206 2968 2272; x_wconf 92' lang='lat' dir='ltr'><strong>Deus,</strong></span> <span class='ocrx_word' id='word_1_486' title='bbox 3015 2207 3116 2263; x_wconf 91' lang='lat' dir='ltr'><strong>nisi</strong></span> <span class='ocrx_word' id='word_1_487' title='bbox 3151 2208 3254 2262; x_wconf 90' lang='lat' dir='ltr'><strong>hoc</strong></span> <span class='ocrx_word' id='word_1_488' title='bbox 3300 2207 3475 2262; x_wconf 90' lang='lat' dir='ltr'><strong>solum</strong></span> 
     </span>
    </p>
   </div>
   <div class='ocr_carea' id='block_1_67' title="bbox 1896 2296 3480 2367">
    <p class='ocr_par' dir='ltr' id='par_1_67' title="bbox 1896 2296 3480 2367">
     <span class='ocr_line' id='line_1_67' title="bbox 1896 2296 3480 2367; baseline 0.001 -18"><span class='ocrx_word' id='word_1_489' title='bbox 1896 2297 2114 2367; x_wconf 88' lang='lat' dir='ltr'><strong>quando</strong></span> <span class='ocrx_word' id='word_1_490' title='bbox 2140 2296 2392 2352; x_wconf 87' lang='lat' dir='ltr'><strong>diabolus</strong></span> <span class='ocrx_word' id='word_1_491' title='bbox 2428 2297 2736 2352; x_wconf 89' lang='lat' dir='ltr'><strong>universam</strong></span> <span class='ocrx_word' id='word_1_492' title='bbox 2761 2298 3102 2367; x_wconf 89' lang='lat' dir='ltr'><strong>iniquitatem</strong></span> <span class='ocrx_word' id='word_1_493' title='bbox 3130 2313 3282 2353; x_wconf 88' lang='lat' dir='ltr'><strong>suam</strong></span> <span class='ocrx_word' id='word_1_494' title='bbox 3317 2299 3480 2367; x_wconf 84' lang='lat' dir='ltr'><strong>perli-</strong></span> 
     </span>
    </p>
   </div>
   <div class='ocr_carea' id='block_1_68' title="bbox 1898 2386 3477 2458">
    <p class='ocr_par' dir='ltr' id='par_1_68' title="bbox 1898 2386 3477 2458">
     <span class='ocr_line' id='line_1_68' title="bbox 1898 2386 3477 2458; baseline -0.001 -15"><span class='ocrx_word' id='word_1_495' title='bbox 1898 2399 2066 2452; x_wconf 87' lang='lat' dir='ltr'><strong>ceret,</strong></span> <span class='ocrx_word' id='word_1_496' title='bbox 2104 2398 2158 2443; x_wconf 92' lang='lat' dir='ltr'><strong>et</strong></span> <span class='ocrx_word' id='word_1_497' title='bbox 2197 2389 2412 2458; x_wconf 87' lang='lat' dir='ltr'><strong>quando</strong></span> <span class='ocrx_word' id='word_1_498' title='bbox 2443 2386 2546 2444; x_wconf 89' lang='lat' dir='ltr'><strong>Job</strong></span> <span class='ocrx_word' id='word_1_499' title='bbox 2585 2391 2894 2442; x_wconf 89' lang='lat' dir='ltr'><strong>universam</strong></span> <span class='ocrx_word' id='word_1_500' title='bbox 2928 2388 3272 2443; x_wconf 89' lang='lat' dir='ltr'><strong>tolerantiam</strong></span> <span class='ocrx_word' id='word_1_501' title='bbox 3323 2403 3477 2443; x_wconf 89' lang='lat' dir='ltr'><strong>suam</strong></span> 
     </span>
    </p>
   </div>
   <div class='ocr_carea' id='block_1_69' title="bbox 1899 2480 3477 2550">
    <p class='ocr_par' dir='ltr' id='par_1_69' title="bbox 1899 2480 3477 2550">
     <span class='ocr_line' id='line_1_69' title="bbox 1899 2480 3477 2550; baseline 0 -17"><span class='ocrx_word' id='word_1_502' title='bbox 1899 2481 2241 2550; x_wconf 90' lang='lat' dir='ltr'><strong>adimpleret,</strong></span> <span class='ocrx_word' id='word_1_503' title='bbox 2275 2491 2334 2535; x_wconf 91' lang='lat' dir='ltr'><strong>ut</strong></span> <span class='ocrx_word' id='word_1_504' title='bbox 2373 2481 2821 2534; x_wconf 82' lang='lat' dir='ltr'><strong>inexcusabiliter</strong></span> <span class='ocrx_word' id='word_1_505' title='bbox 2847 2480 3266 2535; x_wconf 86' lang='lat' dir='ltr'><strong>convinceretur</strong></span> <span class='ocrx_word' id='word_1_506' title='bbox 3288 2480 3477 2534; x_wconf 88' lang='lat' dir='ltr'><strong>diabo—</strong></span> 
     </span>
    </p>
   </div>
   <div class='ocr_carea' id='block_1_70' title="bbox 1899 2567 3476 2638">
    <p class='ocr_par' dir='ltr' id='par_1_70' title="bbox 1899 2567 3476 2638">
     <span class='ocr_line' id='line_1_70' title="bbox 1899 2567 3476 2638; baseline 0 -15"><span class='ocrx_word' id='word_1_507' title='bbox 1899 2570 2001 2632; x_wconf 89' lang='lat' dir='ltr'><strong>lus,</strong></span> <span class='ocrx_word' id='word_1_508' title='bbox 2026 2582 2080 2625; x_wconf 92' lang='lat' dir='ltr'><strong>et</strong></span> <span class='ocrx_word' id='word_1_509' title='bbox 2099 2573 2280 2638; x_wconf 81' lang='lat' dir='ltr'><strong>justus</strong></span> <span class='ocrx_word' id='word_1_510' title='bbox 2309 2585 2439 2624; x_wconf 91' lang='lat' dir='ltr'><strong>vere</strong></span> <span class='ocrx_word' id='word_1_511' title='bbox 2473 2578 2762 2638; x_wconf 90' lang='lat' dir='ltr'><strong>appareret</strong></span> <span class='ocrx_word' id='word_1_512' title='bbox 2785 2567 2908 2624; x_wconf 87' lang='lat' dir='ltr'><strong>Job.</strong></span> <span class='ocrx_word' id='word_1_513' title='bbox 2947 2568 3057 2624; x_wconf 85' lang='lat' dir='ltr'><strong>Hoc</strong></span> <span class='ocrx_word' id='word_1_514' title='bbox 3084 2569 3339 2622; x_wconf 90' lang='lat' dir='ltr'><strong>nimirum</strong></span> <span class='ocrx_word' id='word_1_515' title='bbox 3371 2583 3476 2623; x_wconf 87' lang='lat' dir='ltr'><strong>non</strong></span> 
     </span>
    </p>
   </div>
   <div class='ocr_carea' id='block_1_71' title="bbox 1901 2659 3477 2730">
    <p class='ocr_par' dir='ltr' id='par_1_71' title="bbox 1901 2659 3477 2730">
     <span class='ocr_line' id='line_1_71' title="bbox 1901 2659 3477 2730; baseline -0.003 -13"><span class='ocrx_word' id='word_1_516' title='bbox 1901 2663 2157 2717; x_wconf 88' lang='lat' dir='ltr'><strong>diuturno</strong></span> <span class='ocrx_word' id='word_1_517' title='bbox 2187 2677 2451 2717; x_wconf 88' lang='lat' dir='ltr'><strong>annorum</strong></span> <span class='ocrx_word' id='word_1_518' title='bbox 2499 2661 2700 2730; x_wconf 87' lang='lat' dir='ltr'><strong>spatio,</strong></span> <span class='ocrx_word' id='word_1_519' title='bbox 2731 2661 2824 2714; x_wconf 89' lang='lat' dir='ltr'><strong>sed</strong></span> <span class='ocrx_word' id='word_1_520' title='bbox 2866 2660 3188 2716; x_wconf 89' lang='lat' dir='ltr'><strong>brevissimo</strong></span> <span class='ocrx_word' id='word_1_521' title='bbox 3214 2659 3477 2713; x_wconf 91' lang='lat' dir='ltr'><strong>mensium</strong></span> 
     </span>
    </p>
   </div>
   <div class='ocr_carea' id='block_1_72' title="bbox 1903 2750 3482 2825">
    <p class='ocr_par' dir='ltr' id='par_1_72' title="bbox 1903 2750 3482 2825">
     <span class='ocr_line' id='line_1_72' title="bbox 1903 2750 3482 2825; baseline -0.003 -15"><span class='ocrx_word' id='word_1_522' title='bbox 1903 2765 2144 2825; x_wconf 90' lang='lat' dir='ltr'><strong>tempore</strong></span> <span class='ocrx_word' id='word_1_523' title='bbox 2202 2755 2621 2810; x_wconf 89' lang='lat' dir='ltr'><strong>irrefutabiliter</strong></span> <span class='ocrx_word' id='word_1_524' title='bbox 2678 2763 3116 2810; x_wconf 86' lang='lat' dir='ltr'><strong>consummatum</strong></span> <span class='ocrx_word' id='word_1_525' title='bbox 3162 2762 3265 2807; x_wconf 82' lang='lat' dir='ltr'><strong>est.</strong></span> <span class='ocrx_word' id='word_1_526' title='bbox 3314 2750 3482 2820; x_wconf 86' lang='lat' dir='ltr'><strong>Hujus</strong></span> 
     </span>
    </p>
   </div>
   <div class='ocr_carea' id='block_1_73' title="bbox 1902 2843 3479 2920">
    <p class='ocr_par' dir='ltr' id='par_1_73' title="bbox 1902 2843 3479 2920">
     <span class='ocr_line' id='line_1_73' title="bbox 1902 2843 3479 2920; baseline -0.004 -17"><span class='ocrx_word' id='word_1_527' title='bbox 1902 2864 2139 2920; x_wconf 83' lang='lat' dir='ltr'><strong>namque</strong></span> <span class='ocrx_word' id='word_1_528' title='bbox 2174 2848 2251 2904; x_wconf 90' lang='lat' dir='ltr'><strong>rei</strong></span> <span class='ocrx_word' id='word_1_529' title='bbox 2286 2849 2439 2904; x_wconf 91' lang='lat' dir='ltr'><strong>testis</strong></span> <span class='ocrx_word' id='word_1_530' title='bbox 2473 2848 2865 2916; x_wconf 91' lang='lat' dir='ltr'><strong>comprobatur</strong></span> <span class='ocrx_word' id='word_1_531' title='bbox 2898 2847 3062 2901; x_wconf 91' lang='lat' dir='ltr'><strong>etiam</strong></span> <span class='ocrx_word' id='word_1_532' title='bbox 3101 2846 3214 2915; x_wconf 91' lang='lat' dir='ltr'><strong>ipse</strong></span> <span class='ocrx_word' id='word_1_533' title='bbox 3246 2843 3368 2910; x_wconf 92' lang='lat' dir='ltr'><strong>Job,</strong></span> <span class='ocrx_word' id='word_1_534' title='bbox 3400 2845 3479 2898; x_wconf 84' lang='lat' dir='ltr'><strong>di-</strong></span> 
     </span>
    </p>
   </div>
   <div class='ocr_carea' id='block_1_74' title="bbox 1902 2936 3482 3002">
    <p class='ocr_par' dir='ltr' id='par_1_74' title="bbox 1902 2936 3482 3002">
     <span class='ocr_line' id='line_1_74' title="bbox 1902 2936 3482 3002; baseline -0.003 -8"><span class='ocrx_word' id='word_1_535' title='bbox 1902 2956 2078 2995; x_wconf 90' lang='lat' dir='ltr'><strong>cens:</strong></span> <span class='ocrx_word' id='word_1_536' title='bbox 2136 2939 2384 2994; x_wconf 76' lang='lat' dir='ltr'><strong>Sustinui</strong></span> <span class='ocrx_word' id='word_1_537' title='bbox 2429 2954 2628 2992; x_wconf 80' lang='lat' dir='ltr'><strong>menses</strong></span> <span class='ocrx_word' id='word_1_538' title='bbox 2678 2953 3027 3002; x_wconf 75' lang='lat' dir='ltr'><strong>supervacuos</strong></span> <span class='ocrx_word' id='word_1_539' title='bbox 3056 2936 3126 3000; x_wconf 67' lang='grc'><strong>⁸⁸,</strong></span> <span class='ocrx_word' id='word_1_540' title='bbox 3171 2950 3276 2988; x_wconf 92' lang='lat' dir='ltr'><strong>non</strong></span> <span class='ocrx_word' id='word_1_541' title='bbox 3309 2949 3482 2989; x_wconf 86' lang='lat' dir='ltr'><strong>annos</strong></span> 
     </span>
    </p>
   </div>
   <div class='ocr_carea' id='block_1_75' title="bbox 1903 3023 3479 3090">
    <p class='ocr_par' dir='ltr' id='par_1_75' title="bbox 1903 3023 3479 3090">
     <span class='ocr_line' id='line_1_75' title="bbox 1903 3023 3479 3090; baseline -0.006 -3"><span class='ocrx_word' id='word_1_542' title='bbox 1903 3033 1995 3087; x_wconf 90' lang='lat' dir='ltr'><strong>sed</strong></span> <span class='ocrx_word' id='word_1_543' title='bbox 2017 3045 2250 3086; x_wconf 91' lang='lat' dir='ltr'><strong>menses.</strong></span> <span class='ocrx_word' id='word_1_544' title='bbox 2279 3028 2414 3082; x_wconf 86' lang='lat' dir='ltr'><strong>Nam</strong></span> <span class='ocrx_word' id='word_1_545' title='bbox 2450 3029 2590 3083; x_wconf 85' lang='lat' dir='ltr'><strong>sicut</strong></span> <span class='ocrx_word' id='word_1_546' title='bbox 2621 3029 2688 3082; x_wconf 88' lang='lat' dir='ltr'><strong>de</strong></span> <span class='ocrx_word' id='word_1_547' title='bbox 2713 3027 2991 3082; x_wconf 88' lang='lat' dir='ltr'><strong>mensibus</strong></span> <span class='ocrx_word' id='word_1_548' title='bbox 3028 3040 3133 3080; x_wconf 94' lang='lat' dir='ltr'><strong>non</strong></span> <span class='ocrx_word' id='word_1_549' title='bbox 3165 3025 3313 3080; x_wconf 88' lang='lat' dir='ltr'><strong>siluit</strong></span> <span class='ocrx_word' id='word_1_550' title='bbox 3357 3023 3479 3090; x_wconf 94' lang='lat' dir='ltr'><strong>Job,</strong></span> 
     </span>
    </p>
   </div>
   <div class='ocr_carea' id='block_1_76' title="bbox 1902 3115 3484 3189">
    <p class='ocr_par' dir='ltr' id='par_1_76' title="bbox 1902 3115 3484 3189">
     <span class='ocr_line' id='line_1_76' title="bbox 1902 3115 3484 3189; baseline -0.006 -12"><span class='ocrx_word' id='word_1_551' title='bbox 1902 3123 1980 3177; x_wconf 92' lang='lat' dir='ltr'><strong>sic</strong></span> <span class='ocrx_word' id='word_1_552' title='bbox 2023 3120 2190 3176; x_wconf 90' lang='lat' dir='ltr'><strong>multo</strong></span> <span class='ocrx_word' id='word_1_553' title='bbox 2223 3119 2454 3189; x_wconf 89' lang='lat' dir='ltr'><strong>amplius</strong></span> <span class='ocrx_word' id='word_1_554' title='bbox 2493 3120 2562 3174; x_wconf 90' lang='lat' dir='ltr'><strong>de</strong></span> <span class='ocrx_word' id='word_1_555' title='bbox 2593 3118 2750 3172; x_wconf 87' lang='lat' dir='ltr'><strong>annis</strong></span> <span class='ocrx_word' id='word_1_556' title='bbox 2784 3132 2889 3172; x_wconf 88' lang='lat' dir='ltr'><strong>non</strong></span> <span class='ocrx_word' id='word_1_557' title='bbox 2920 3115 3163 3172; x_wconf 89' lang='lat' dir='ltr'><strong>siluisset</strong></span> <span class='ocrx_word' id='word_1_558' title='bbox 3211 3116 3256 3170; x_wconf 90' lang='lat' dir='ltr'><strong>si</strong></span> <span class='ocrx_word' id='word_1_559' title='bbox 3312 3128 3484 3168; x_wconf 80' lang='lat' dir='ltr'><strong>annos</strong></span> 
     </span>
    </p>
   </div>
   <div class='ocr_carea' id='block_1_77' title="bbox 1899 3207 3484 3279">
    <p class='ocr_par' dir='ltr' id='par_1_77' title="bbox 1899 3207 3484 3279">
     <span class='ocr_line' id='line_1_77' title="bbox 1899 3207 3484 3279; baseline -0.005 -11"><span class='ocrx_word' id='word_1_560' title='bbox 1899 3213 2266 3268; x_wconf 89' lang='lat' dir='ltr'><strong>sustinuisset.</strong></span> <span class='ocrx_word' id='word_1_561' title='bbox 2292 3211 2447 3267; x_wconf 91' lang='lat' dir='ltr'><strong>Nunc</strong></span> <span class='ocrx_word' id='word_1_562' title='bbox 2466 3225 2594 3266; x_wconf 88' lang='lat' dir='ltr'><strong>vero</strong></span> <span class='ocrx_word' id='word_1_563' title='bbox 2615 3211 2742 3279; x_wconf 89' lang='lat' dir='ltr'><strong>quia</strong></span> <span class='ocrx_word' id='word_1_564' title='bbox 2773 3225 2876 3264; x_wconf 92' lang='lat' dir='ltr'><strong>non</strong></span> <span class='ocrx_word' id='word_1_565' title='bbox 2897 3223 3067 3263; x_wconf 89' lang='lat' dir='ltr'><strong>annos</strong></span> <span class='ocrx_word' id='word_1_566' title='bbox 3092 3207 3369 3273; x_wconf 87' lang='lat' dir='ltr'><strong>sustinuit,</strong></span> <span class='ocrx_word' id='word_1_567' title='bbox 3388 3207 3484 3260; x_wconf 91' lang='lat' dir='ltr'><strong>sed</strong></span> 
     </span>
    </p>
   </div>
   <div class='ocr_carea' id='block_1_78' title="bbox 1900 3303 3485 3369">
    <p class='ocr_par' dir='ltr' id='par_1_78' title="bbox 1900 3303 3485 3369">
     <span class='ocr_line' id='line_1_78' title="bbox 1900 3303 3485 3369; baseline -0.004 -11"><span class='ocrx_word' id='word_1_568' title='bbox 1900 3319 2134 3369; x_wconf 83' lang='lat' dir='ltr'><strong>menses,</strong></span> <span class='ocrx_word' id='word_1_569' title='bbox 2155 3303 2348 3357; x_wconf 91' lang='lat' dir='ltr'><strong>merito</strong></span> <span class='ocrx_word' id='word_1_570' title='bbox 2365 3315 2498 3357; x_wconf 88' lang='lat' dir='ltr'><strong>sane</strong></span> <span class='ocrx_word' id='word_1_571' title='bbox 2523 3315 2700 3356; x_wconf 89' lang='lat' dir='ltr'><strong>annos</strong></span> <span class='ocrx_word' id='word_1_572' title='bbox 2719 3315 2823 3356; x_wconf 93' lang='lat' dir='ltr'><strong>non</strong></span> <span class='ocrx_word' id='word_1_573' title='bbox 2847 3308 3136 3361; x_wconf 91' lang='lat' dir='ltr'><strong>memorat,</strong></span> <span class='ocrx_word' id='word_1_574' title='bbox 3154 3313 3371 3352; x_wconf 84' lang='lat' dir='ltr'><strong>menses</strong></span> <span class='ocrx_word' id='word_1_575' title='bbox 3387 3313 3485 3351; x_wconf 80' lang='lat' dir='ltr'><strong>au-</strong></span> 
     </span>
    </p>
   </div>
   <div class='ocr_carea' id='block_1_79' title="bbox 1901 3389 3488 3458">
    <p class='ocr_par' dir='ltr' id='par_1_79' title="bbox 1901 3389 3488 3458">
     <span class='ocr_line' id='line_1_79' title="bbox 1901 3389 3488 3458; baseline -0.003 -9"><span class='ocrx_word' id='word_1_576' title='bbox 1901 3403 2008 3449; x_wconf 88' lang='lat' dir='ltr'><strong>tem</strong></span> <span class='ocrx_word' id='word_1_577' title='bbox 2024 3393 2467 3448; x_wconf 87' lang='lat' dir='ltr'><strong>nomiuatdicens</strong></span> <span class='ocrx_word' id='word_1_578' title='bbox 2491 3409 2505 3446; x_wconf 90' lang='lat'>:</span> <span class='ocrx_word' id='word_1_579' title='bbox 2529 3391 2773 3448; x_wconf 82' lang='lat' dir='ltr'><strong>Sustinui</strong></span> <span class='ocrx_word' id='word_1_580' title='bbox 2794 3407 2994 3445; x_wconf 78' lang='lat' dir='ltr'><strong>menses</strong></span> <span class='ocrx_word' id='word_1_581' title='bbox 3010 3389 3488 3458; x_wconf 84' lang='lat' dir='ltr'><strong>superuacuos.De-</strong></span> 
     </span>
    </p>
   </div>
   <div class='ocr_carea' id='block_1_80' title="bbox 1900 3484 3488 3560">
    <p class='ocr_par' dir='ltr' id='par_1_80' title="bbox 1900 3484 3488 3560">
     <span class='ocr_line' id='line_1_80' title="bbox 1900 3484 3488 3560; baseline -0.006 -15"><span class='ocrx_word' id='word_1_582' title='bbox 1900 3492 2128 3560; x_wconf 70' lang='lat' dir='ltr'><strong>buerant</strong></span> <span class='ocrx_word' id='word_1_583' title='bbox 2158 3505 2288 3560; x_wconf 91' lang='lat' dir='ltr'><strong>ergo</strong></span> <span class='ocrx_word' id='word_1_584' title='bbox 2327 3488 2382 3543; x_wconf 91' lang='lat' dir='ltr'><strong>hl</strong></span> <span class='ocrx_word' id='word_1_585' title='bbox 2428 3489 2520 3558; x_wconf 94' lang='lat' dir='ltr'><strong>qui</strong></span> <span class='ocrx_word' id='word_1_586' title='bbox 2563 3497 2676 3542; x_wconf 90' lang='lat' dir='ltr'><strong>tres</strong></span> <span class='ocrx_word' id='word_1_587' title='bbox 2710 3501 2882 3541; x_wconf 88' lang='lat' dir='ltr'><strong>annos</strong></span> <span class='ocrx_word' id='word_1_588' title='bbox 2915 3494 2970 3540; x_wconf 91' lang='lat' dir='ltr'><strong>et</strong></span> <span class='ocrx_word' id='word_1_589' title='bbox 3012 3485 3296 3539; x_wconf 85' lang='lat' dir='ltr'><strong>dimidium</strong></span> <span class='ocrx_word' id='word_1_590' title='bbox 3321 3484 3488 3538; x_wconf 91' lang='lat' dir='ltr'><strong>fuisse</strong></span> 
     </span>
    </p>
   </div>
   <div class='ocr_carea' id='block_1_81' title="bbox 1901 3574 3486 3655">
    <p class='ocr_par' dir='ltr' id='par_1_81' title="bbox 1901 3574 3486 3655">
     <span class='ocr_line' id='line_1_81' title="bbox 1901 3574 3486 3655; baseline -0.005 -19"><span class='ocrx_word' id='word_1_591' title='bbox 1901 3583 2170 3655; x_wconf 79' lang='lat' dir='ltr'><strong>passionis</strong></span> <span class='ocrx_word' id='word_1_592' title='bbox 2199 3580 2301 3638; x_wconf 85' lang='lat' dir='ltr'><strong>Job</strong></span> <span class='ocrx_word' id='word_1_593' title='bbox 2331 3588 2602 3644; x_wconf 91' lang='lat' dir='ltr'><strong>astruunt,</strong></span> <span class='ocrx_word' id='word_1_594' title='bbox 2633 3587 2744 3633; x_wconf 90' lang='lat' dir='ltr'><strong>tres</strong></span> <span class='ocrx_word' id='word_1_595' title='bbox 2772 3592 2990 3633; x_wconf 89' lang='lat' dir='ltr'><strong>menses</strong></span> <span class='ocrx_word' id='word_1_596' title='bbox 3011 3585 3066 3630; x_wconf 91' lang='lat' dir='ltr'><strong>et</strong></span> <span class='ocrx_word' id='word_1_597' title='bbox 3088 3574 3372 3630; x_wconf 87' lang='lat' dir='ltr'><strong>dimidium</strong></span> <span class='ocrx_word' id='word_1_598' title='bbox 3402 3575 3486 3629; x_wconf 90' lang='lat' dir='ltr'><strong>di-</strong></span> 
     </span>
    </p>
   </div>
   <div class='ocr_carea' id='block_1_82' title="bbox 1901 3667 3490 3742">
    <p class='ocr_par' dir='ltr' id='par_1_82' title="bbox 1901 3667 3490 3742">
     <span class='ocr_line' id='line_1_82' title="bbox 1901 3667 3490 3742; baseline -0.006 -12"><span class='ocrx_word' id='word_1_599' title='bbox 1901 3691 2042 3739; x_wconf 90' lang='lat' dir='ltr'><strong>cere,</strong></span> <span class='ocrx_word' id='word_1_600' title='bbox 2066 3685 2126 3730; x_wconf 95' lang='lat' dir='ltr'><strong>ut</strong></span> <span class='ocrx_word' id='word_1_601' title='bbox 2156 3684 2306 3729; x_wconf 91' lang='lat' dir='ltr'><strong>certe</strong></span> <span class='ocrx_word' id='word_1_602' title='bbox 2333 3673 2415 3727; x_wconf 92' lang='lat' dir='ltr'><strong>vel</strong></span> <span class='ocrx_word' id='word_1_603' title='bbox 2435 3688 2502 3727; x_wconf 81' lang='lat' dir='ltr'><strong>ex</strong></span> <span class='ocrx_word' id='word_1_604' title='bbox 2537 3682 2691 3742; x_wconf 89' lang='lat' dir='ltr'><strong>parte</strong></span> <span class='ocrx_word' id='word_1_605' title='bbox 2715 3670 2931 3725; x_wconf 90' lang='lat' dir='ltr'><strong>veritati</strong></span> <span class='ocrx_word' id='word_1_606' title='bbox 2962 3683 3068 3723; x_wconf 87' lang='lat' dir='ltr'><strong>non</strong></span> <span class='ocrx_word' id='word_1_607' title='bbox 3087 3667 3490 3731; x_wconf 80' lang='lat' dir='ltr'><strong>rcsisterent,et</strong></span> 
     </span>
    </p>
   </div>
   <div class='ocr_carea' id='block_1_83' title="bbox 1902 3755 3490 3830">
    <p class='ocr_par' dir='ltr' id='par_1_83' title="bbox 1902 3755 3490 3830">
     <span class='ocr_line' id='line_1_83' title="bbox 1902 3755 3490 3830; baseline -0.005 -12"><span class='ocrx_word' id='word_1_608' title='bbox 1902 3763 2240 3818; x_wconf 87' lang='lat' dir='ltr'><strong>Dominicum</strong></span> <span class='ocrx_word' id='word_1_609' title='bbox 2278 3760 2585 3830; x_wconf 79' lang='lat' dir='ltr'><strong>exemplum</strong></span> <span class='ocrx_word' id='word_1_610' title='bbox 2637 3759 2768 3814; x_wconf 90' lang='lat' dir='ltr'><strong>illud</strong></span> <span class='ocrx_word' id='word_1_611' title='bbox 2815 3758 3246 3814; x_wconf 90' lang='lat' dir='ltr'><strong>consimilarent.</strong></span> <span class='ocrx_word' id='word_1_612' title='bbox 3293 3755 3490 3811; x_wconf 87' lang='lat' dir='ltr'><strong>Tribus</strong></span> 
     </span>
    </p>
   </div>
   <div class='ocr_carea' id='block_1_84' title="bbox 1905 3847 3489 3927">
    <p class='ocr_par' dir='ltr' id='par_1_84' title="bbox 1905 3847 3489 3927">
     <span class='ocr_line' id='line_1_84' title="bbox 1905 3847 3489 3927; baseline -0.007 -15"><span class='ocrx_word' id='word_1_613' title='bbox 1905 3872 2138 3927; x_wconf 88' lang='lat' dir='ltr'><strong>namque</strong></span> <span class='ocrx_word' id='word_1_614' title='bbox 2193 3857 2352 3911; x_wconf 88' lang='lat' dir='ltr'><strong>annis</strong></span> <span class='ocrx_word' id='word_1_615' title='bbox 2397 3863 2454 3909; x_wconf 89' lang='lat' dir='ltr'><strong>et</strong></span> <span class='ocrx_word' id='word_1_616' title='bbox 2509 3853 2729 3909; x_wconf 89' lang='lat' dir='ltr'><strong>dimidio</strong></span> <span class='ocrx_word' id='word_1_617' title='bbox 2778 3849 3094 3922; x_wconf 66' lang='lat' dir='ltr'><strong>praedicavit</strong></span> <span class='ocrx_word' id='word_1_618' title='bbox 3140 3847 3403 3904; x_wconf 91' lang='lat' dir='ltr'><strong>Dominus</strong></span> <span class='ocrx_word' id='word_1_619' title='bbox 3458 3864 3489 3901; x_wconf 87' lang='lat' dir='ltr'><strong>a</strong></span> 
     </span>
    </p>
   </div>
   <div class='ocr_carea' id='block_1_85' title="bbox 1904 3937 3490 4018">
    <p class='ocr_par' dir='ltr' id='par_1_85' title="bbox 1904 3937 3490 4018">
     <span class='ocr_line' id='line_1_85' title="bbox 1904 3937 3490 4018; baseline -0.008 -15"><span class='ocrx_word' id='word_1_620' title='bbox 1904 3949 2174 4018; x_wconf 88' lang='lat' dir='ltr'><strong>baptismo</strong></span> <span class='ocrx_word' id='word_1_621' title='bbox 2201 3960 2373 4016; x_wconf 92' lang='lat' dir='ltr'><strong>usque</strong></span> <span class='ocrx_word' id='word_1_622' title='bbox 2403 3945 2455 3999; x_wconf 93' lang='lat' dir='ltr'><strong>in</strong></span> <span class='ocrx_word' id='word_1_623' title='bbox 2490 3943 2822 4012; x_wconf 90' lang='lat' dir='ltr'><strong>passionem.</strong></span> <span class='ocrx_word' id='word_1_624' title='bbox 2867 3940 2959 3994; x_wconf 91' lang='lat' dir='ltr'><strong>Sic</strong></span> <span class='ocrx_word' id='word_1_625' title='bbox 3002 3947 3058 3992; x_wconf 92' lang='lat' dir='ltr'><strong>et</strong></span> <span class='ocrx_word' id='word_1_626' title='bbox 3103 3938 3218 4007; x_wconf 88' lang='lat' dir='ltr'><strong>ipsa</strong></span> <span class='ocrx_word' id='word_1_627' title='bbox 3263 3937 3490 3991; x_wconf 76' lang='lat' dir='ltr'><strong>historia</strong></span> 
     </span>
    </p>
   </div>
   <div class='ocr_carea' id='block_1_86' title="bbox 1905 4028 3494 4104">
    <p class='ocr_par' dir='ltr' id='par_1_86' title="bbox 1905 4028 3494 4104">
     <span class='ocr_line' id='line_1_86' title="bbox 1905 4028 3494 4104; baseline -0.008 -11"><span class='ocrx_word' id='word_1_628' title='bbox 1905 4053 2012 4092; x_wconf 91' lang='lat' dir='ltr'><strong>non</strong></span> <span class='ocrx_word' id='word_1_629' title='bbox 2051 4045 2162 4092; x_wconf 86' lang='lat' dir='ltr'><strong>tres</strong></span> <span class='ocrx_word' id='word_1_630' title='bbox 2190 4049 2362 4090; x_wconf 91' lang='lat' dir='ltr'><strong>annos</strong></span> <span class='ocrx_word' id='word_1_631' title='bbox 2393 4032 2684 4104; x_wconf 74' lang='lat' dir='ltr'><strong>significat,</strong></span> <span class='ocrx_word' id='word_1_632' title='bbox 2715 4031 2810 4086; x_wconf 92' lang='lat' dir='ltr'><strong>sed</strong></span> <span class='ocrx_word' id='word_1_633' title='bbox 2850 4031 3016 4085; x_wconf 88' lang='lat' dir='ltr'><strong>breve</strong></span> <span class='ocrx_word' id='word_1_634' title='bbox 3052 4028 3316 4082; x_wconf 90' lang='lat' dir='ltr'><strong>mensium</strong></span> <span class='ocrx_word' id='word_1_635' title='bbox 3357 4037 3494 4082; x_wconf 87' lang='lat' dir='ltr'><strong>tem-</strong></span> 
     </span>
    </p>
   </div>
   <div class='ocr_carea' id='block_1_87' title="bbox 1907 4119 3492 4199">
    <p class='ocr_par' dir='ltr' id='par_1_87' title="bbox 1907 4119 3492 4199">
     <span class='ocr_line' id='line_1_87' title="bbox 1907 4119 3492 4199; baseline -0.007 -17"><span class='ocrx_word' id='word_1_636' title='bbox 1907 4145 2028 4199; x_wconf 89' lang='lat' dir='ltr'><strong>pus.</strong></span> <span class='ocrx_word' id='word_1_637' title='bbox 2075 4128 2318 4183; x_wconf 90' lang='lat' dir='ltr'><strong>Primum</strong></span> <span class='ocrx_word' id='word_1_638' title='bbox 2354 4126 2573 4196; x_wconf 89' lang='lat' dir='ltr'><strong>quidem</strong></span> <span class='ocrx_word' id='word_1_639' title='bbox 2623 4140 2719 4194; x_wconf 88' lang='lat' dir='ltr'><strong>per</strong></span> <span class='ocrx_word' id='word_1_640' title='bbox 2769 4123 2871 4177; x_wconf 91' lang='lat' dir='ltr'><strong>hoc</strong></span> <span class='ocrx_word' id='word_1_641' title='bbox 2910 4119 3052 4190; x_wconf 88' lang='lat' dir='ltr'><strong>quod</strong></span> <span class='ocrx_word' id='word_1_642' title='bbox 3099 4120 3324 4189; x_wconf 88' lang='lat' dir='ltr'><strong>contigit</strong></span> <span class='ocrx_word' id='word_1_643' title='bbox 3371 4134 3492 4173; x_wconf 88' lang='lat' dir='ltr'><strong>cum</strong></span> 
     </span>
    </p>
   </div>
   <div class='ocr_carea' id='block_1_88' title="bbox 1908 4211 3496 4291">
    <p class='ocr_par' dir='ltr' id='par_1_88' title="bbox 1908 4211 3496 4291">
     <span class='ocr_line' id='line_1_88' title="bbox 1908 4211 3496 4291; baseline -0.008 -14"><span class='ocrx_word' id='word_1_644' title='bbox 1908 4238 2035 4278; x_wconf 89' lang='lat' dir='ltr'><strong>suas</strong></span> <span class='ocrx_word' id='word_1_645' title='bbox 2064 4221 2248 4291; x_wconf 86' lang='lat' dir='ltr'><strong>plagas</strong></span> <span class='ocrx_word' id='word_1_646' title='bbox 2283 4220 2333 4274; x_wconf 90' lang='lat' dir='ltr'><strong>ei</strong></span> <span class='ocrx_word' id='word_1_647' title='bbox 2371 4218 2558 4273; x_wconf 91' lang='lat' dir='ltr'><strong>intulit</strong></span> <span class='ocrx_word' id='word_1_648' title='bbox 2587 4217 2876 4288; x_wconf 86' lang='lat' dir='ltr'><strong>malignus.</strong></span> <span class='ocrx_word' id='word_1_649' title='bbox 2911 4214 3044 4268; x_wconf 81' lang='lat' dir='ltr'><strong>Nam</strong></span> <span class='ocrx_word' id='word_1_650' title='bbox 3080 4227 3293 4282; x_wconf 90' lang='lat' dir='ltr'><strong>semper</strong></span> <span class='ocrx_word' id='word_1_651' title='bbox 3319 4211 3496 4266; x_wconf 76' lang='lat' dir='ltr'><strong>adhuc</strong></span> 
     </span>
    </p>
   </div>
   <div class='ocr_carea' id='block_1_89' title="bbox 1909 4303 3496 4383">
    <p class='ocr_par' dir='ltr' id='par_1_89' title="bbox 1909 4303 3496 4383">
     <span class='ocr_line' id='line_1_89' title="bbox 1909 4303 3496 4383; baseline -0.007 -17"><span class='ocrx_word' id='word_1_652' title='bbox 1909 4314 2084 4383; x_wconf 91' lang='lat' dir='ltr'><strong>primo</strong></span> <span class='ocrx_word' id='word_1_653' title='bbox 2111 4313 2368 4381; x_wconf 87' lang='lat' dir='ltr'><strong>loquente</strong></span> <span class='ocrx_word' id='word_1_654' title='bbox 2401 4310 2542 4365; x_wconf 88' lang='lat' dir='ltr'><strong>alius</strong></span> <span class='ocrx_word' id='word_1_655' title='bbox 2573 4308 2992 4379; x_wconf 89' lang='lat' dir='ltr'><strong>superveniebat</strong></span> <span class='ocrx_word' id='word_1_656' title='bbox 3024 4307 3266 4360; x_wconf 91' lang='lat' dir='ltr'><strong>nuntius.</strong></span> <span class='ocrx_word' id='word_1_657' title='bbox 3295 4303 3496 4358; x_wconf 87' lang='lat' dir='ltr'><strong>Deinde</strong></span> 
     </span>
    </p>
   </div>
   <div class='ocr_carea' id='block_1_90' title="bbox 1911 4398 3494 4464">
    <p class='ocr_par' dir='ltr' id='par_1_90' title="bbox 1911 4398 3494 4464">
     <span class='ocr_line' id='line_1_90' title="bbox 1911 4398 3494 4464; baseline -0.006 -5"><span class='ocrx_word' id='word_1_658' title='bbox 1911 4404 2093 4459; x_wconf 89' lang='lat' dir='ltr'><strong>statim</strong></span> <span class='ocrx_word' id='word_1_659' title='bbox 2133 4403 2251 4458; x_wconf 88' lang='lat' dir='ltr'><strong>sine</strong></span> <span class='ocrx_word' id='word_1_660' title='bbox 2289 4419 2439 4458; x_wconf 93' lang='lat' dir='ltr'><strong>mora</strong></span> <span class='ocrx_word' id='word_1_661' title='bbox 2478 4402 2777 4458; x_wconf 65' lang='lat' dir='ltr'><strong>suavissima</strong></span> <span class='ocrx_word' id='word_1_662' title='bbox 2813 4416 2875 4454; x_wconf 87' lang='lat' dir='ltr'><strong>ac</strong></span> <span class='ocrx_word' id='word_1_663' title='bbox 2905 4398 3132 4455; x_wconf 90' lang='lat' dir='ltr'><strong>terribili</strong></span> <span class='ocrx_word' id='word_1_664' title='bbox 3174 4398 3323 4451; x_wconf 94' lang='lat' dir='ltr'><strong>illum</strong></span> <span class='ocrx_word' id='word_1_665' title='bbox 3371 4411 3494 4464; x_wconf 83' lang='lat' dir='ltr'><strong>per-</strong></span> 
     </span>
    </p>
   </div>
   <div class='ocr_carea' id='block_1_91' title="bbox 1911 4487 3497 4563">
    <p class='ocr_par' dir='ltr' id='par_1_91' title="bbox 1911 4487 3497 4563">
     <span class='ocr_line' id='line_1_91' title="bbox 1911 4487 3497 4563; baseline -0.005 -15"><span class='ocrx_word' id='word_1_666' title='bbox 1911 4495 2080 4548; x_wconf 85' lang='lat' dir='ltr'><strong>cussit</strong></span> <span class='ocrx_word' id='word_1_667' title='bbox 2105 4494 2284 4563; x_wconf 85' lang='lat' dir='ltr'><strong>plaga.</strong></span> <span class='ocrx_word' id='word_1_668' title='bbox 2319 4494 2450 4548; x_wconf 80' lang='lat' dir='ltr'><strong>Item</strong></span> <span class='ocrx_word' id='word_1_669' title='bbox 2484 4510 2605 4547; x_wconf 78' lang='lat' dir='ltr'><strong>mox</strong></span> <span class='ocrx_word' id='word_1_670' title='bbox 2643 4508 2738 4562; x_wconf 92' lang='lat' dir='ltr'><strong>per</strong></span> <span class='ocrx_word' id='word_1_671' title='bbox 2762 4505 2986 4546; x_wconf 87' lang='lat' dir='ltr'><strong>uxorem</strong></span> <span class='ocrx_word' id='word_1_672' title='bbox 3017 4488 3255 4550; x_wconf 82' lang='lat' dir='ltr'><strong>seduxit,</strong></span> <span class='ocrx_word' id='word_1_673' title='bbox 3302 4487 3497 4540; x_wconf 81' lang='lat' dir='ltr'><strong>deinde</strong></span> 
     </span>
    </p>
   </div>
   <div class='ocr_carea' id='block_1_92' title="bbox 221 4559 3496 4660">
    <p class='ocr_par' dir='ltr' id='par_1_92' title="bbox 221 4559 3496 4660">
     <span class='ocr_line' id='line_1_92' title="bbox 221 4559 3496 4660; baseline -0.006 -9"><span class='ocrx_word' id='word_1_674' title='bbox 221 4595 446 4650; x_wconf 86' lang='lat' dir='ltr'><strong>ciebant</strong></span> <span class='ocrx_word' id='word_1_675' title='bbox 492 4595 544 4649; x_wconf 92' lang='lat' dir='ltr'><strong>in</strong></span> <span class='ocrx_word' id='word_1_676' title='bbox 577 4610 700 4650; x_wconf 91' lang='lat' dir='ltr'><strong>eum</strong></span> <span class='ocrx_word' id='word_1_677' title='bbox 738 4594 861 4649; x_wconf 81' lang='lat' dir='ltr'><strong>fixis</strong></span> <span class='ocrx_word' id='word_1_678' title='bbox 908 4559 1187 4649; x_wconf 78' lang='lat' dir='ltr'><strong>obtutibus</strong></span> <span class='ocrx_word' id='word_1_679' title='bbox 1214 4609 1338 4649; x_wconf 88' lang='lat' dir='ltr'><strong>eum</strong></span> <span class='ocrx_word' id='word_1_680' title='bbox 1379 4559 1807 4660; x_wconf 62' lang='lat' dir='ltr'><strong>considerantes,</strong></span> <span class='ocrx_word' id='word_1_681' title='bbox 1839 4559 1884 4613; x_wconf 67' lang='grc' dir='ltr'><strong><em>Β</em></strong></span> <span class='ocrx_word' id='word_1_682' title='bbox 1913 4595 2312 4656; x_wconf 83' lang='lat' dir='ltr'><strong>consequenter</strong></span> <span class='ocrx_word' id='word_1_683' title='bbox 2357 4589 2410 4640; x_wconf 89' lang='lat' dir='ltr'><strong>in</strong></span> <span class='ocrx_word' id='word_1_684' title='bbox 2458 4584 2706 4639; x_wconf 89' lang='lat' dir='ltr'><strong>ordinem</strong></span> <span class='ocrx_word' id='word_1_685' title='bbox 2751 4598 2846 4651; x_wconf 92' lang='lat' dir='ltr'><strong>per</strong></span> <span class='ocrx_word' id='word_1_686' title='bbox 2893 4582 3098 4635; x_wconf 89' lang='lat' dir='ltr'><strong>amicos</strong></span> <span class='ocrx_word' id='word_1_687' title='bbox 3129 4578 3496 4648; x_wconf 88' lang='lat' dir='ltr'><strong>reprehendit,</strong></span> 
     </span>
    </p>
   </div>
   <div class='ocr_carea' id='block_1_93' title="bbox 223 4689 1813 4762">
    <p class='ocr_par' dir='ltr' id='par_1_93' title="bbox 223 4689 1813 4762">
     <span class='ocr_line' id='line_1_93' title="bbox 223 4689 1813 4762; baseline -0.004 -14"><span class='ocrx_word' id='word_1_688' title='bbox 223 4693 458 4749; x_wconf 88' lang='lat' dir='ltr'><strong>sollicite</strong></span> <span class='ocrx_word' id='word_1_689' title='bbox 532 4701 834 4762; x_wconf 89' lang='lat' dir='ltr'><strong>sperantes,</strong></span> <span class='ocrx_word' id='word_1_690' title='bbox 909 4701 1076 4761; x_wconf 90' lang='lat' dir='ltr'><strong>atque</strong></span> <span class='ocrx_word' id='word_1_691' title='bbox 1138 4698 1540 4758; x_wconf 82' lang='lat' dir='ltr'><strong>exspectantes,</strong></span> <span class='ocrx_word' id='word_1_692' title='bbox 1597 4689 1813 4758; x_wconf 90' lang='lat' dir='ltr'><strong>quando</strong></span> 
     </span>
    </p>
   </div>
   <div class='ocr_carea' id='block_1_94' title="bbox 222 4781 1812 4855">
    <p class='ocr_par' dir='ltr' id='par_1_94' title="bbox 222 4781 1812 4855">
     <span class='ocr_line' id='line_1_94' title="bbox 222 4781 1812 4855; baseline -0.006 -12"><span class='ocrx_word' id='word_1_693' title='bbox 222 4786 580 4855; x_wconf 69' lang='lat' dir='ltr'><strong>blasphemiae</strong></span> <span class='ocrx_word' id='word_1_694' title='bbox 609 4785 834 4840; x_wconf 90' lang='lat' dir='ltr'><strong>verbum</strong></span> <span class='ocrx_word' id='word_1_695' title='bbox 863 4787 930 4838; x_wconf 85' lang='lat' dir='ltr'><strong>ab</strong></span> <span class='ocrx_word' id='word_1_696' title='bbox 970 4801 1034 4838; x_wconf 90' lang='lat' dir='ltr'><strong>eo</strong></span> <span class='ocrx_word' id='word_1_697' title='bbox 1066 4784 1342 4847; x_wconf 89' lang='lat' dir='ltr'><strong>audirent,</strong></span> <span class='ocrx_word' id='word_1_698' title='bbox 1393 4783 1610 4849; x_wconf 90' lang='lat' dir='ltr'><strong>quando</strong></span> <span class='ocrx_word' id='word_1_699' title='bbox 1644 4781 1812 4834; x_wconf 91' lang='lat' dir='ltr'><strong>male-</strong></span> 
     </span>
    </p>
   </div>
   <div class='ocr_carea' id='block_1_95' title="bbox 224 4872 1812 4946">
    <p class='ocr_par' dir='ltr' id='par_1_95' title="bbox 224 4872 1812 4946">
     <span class='ocr_line' id='line_1_95' title="bbox 224 4872 1812 4946; baseline -0.004 -11"><span class='ocrx_word' id='word_1_700' title='bbox 224 4881 520 4938; x_wconf 87' lang='lat' dir='ltr'><strong>dictionem</strong></span> <span class='ocrx_word' id='word_1_701' title='bbox 553 4878 820 4934; x_wconf 82' lang='lat' dir='ltr'><strong>sermonis</strong></span> <span class='ocrx_word' id='word_1_702' title='bbox 837 4877 904 4932; x_wconf 92' lang='lat' dir='ltr'><strong>ab</strong></span> <span class='ocrx_word' id='word_1_703' title='bbox 938 4892 1001 4931; x_wconf 90' lang='lat' dir='ltr'><strong>eo</strong></span> <span class='ocrx_word' id='word_1_704' title='bbox 1028 4877 1389 4946; x_wconf 90' lang='lat' dir='ltr'><strong>susciperent.</strong></span> <span class='ocrx_word' id='word_1_705' title='bbox 1425 4872 1530 4928; x_wconf 88' lang='lat' dir='ltr'><strong>Sed</strong></span> <span class='ocrx_word' id='word_1_706' title='bbox 1568 4873 1812 4928; x_wconf 83' lang='lat' dir='ltr'><strong>infelices</strong></span> 
     </span>
    </p>
   </div>
   <div class='ocr_carea' id='block_1_96' title="bbox 224 4971 1808 5046">
    <p class='ocr_par' dir='ltr' id='par_1_96' title="bbox 224 4971 1808 5046">
     <span class='ocr_line' id='line_1_96' title="bbox 224 4971 1808 5046; baseline -0.007 -14"><span class='ocrx_word' id='word_1_707' title='bbox 224 4992 257 5032; x_wconf 85' lang='lat' dir='ltr'><strong>a</strong></span> <span class='ocrx_word' id='word_1_708' title='bbox 287 4992 383 5046; x_wconf 91' lang='lat' dir='ltr'><strong>spe</strong></span> <span class='ocrx_word' id='word_1_709' title='bbox 408 4991 501 5032; x_wconf 89' lang='lat' dir='ltr'><strong>sua</strong></span> <span class='ocrx_word' id='word_1_710' title='bbox 532 4975 868 5040; x_wconf 88' lang='lat' dir='ltr'><strong>deciderunt,</strong></span> <span class='ocrx_word' id='word_1_711' title='bbox 916 4989 1036 5028; x_wconf 91' lang='lat' dir='ltr'><strong>cum</strong></span> <span class='ocrx_word' id='word_1_712' title='bbox 1069 4972 1170 5028; x_wconf 92' lang='lat' dir='ltr'><strong>Job</strong></span> <span class='ocrx_word' id='word_1_713' title='bbox 1208 4971 1637 5028; x_wconf 91' lang='lat' dir='ltr'><strong>benedictionem</strong></span> <span class='ocrx_word' id='word_1_714' title='bbox 1687 4983 1808 5023; x_wconf 90' lang='lat' dir='ltr'><strong>cum</strong></span> 
     </span>
    </p>
   </div>
   <div class='ocr_carea' id='block_1_97' title="bbox 226 5077 1808 5155">
    <p class='ocr_par' dir='ltr' id='par_1_97' title="bbox 226 5077 1808 5155">
     <span class='ocr_line' id='line_1_97' title="bbox 226 5077 1808 5155; baseline -0.003 -18"><span class='ocrx_word' id='word_1_715' title='bbox 226 5084 527 5155; x_wconf 87' lang='lat' dir='ltr'><strong>gratiarum</strong></span> <span class='ocrx_word' id='word_1_716' title='bbox 573 5081 886 5136; x_wconf 83' lang='lat' dir='ltr'><strong>actionibus</strong></span> <span class='ocrx_word' id='word_1_717' title='bbox 931 5079 1077 5136; x_wconf 88' lang='lat' dir='ltr'><strong>omni</strong></span> <span class='ocrx_word' id='word_1_718' title='bbox 1128 5089 1370 5150; x_wconf 89' lang='lat' dir='ltr'><strong>tempore</strong></span> <span class='ocrx_word' id='word_1_719' title='bbox 1409 5079 1519 5134; x_wconf 91' lang='lat' dir='ltr'><strong>Deo</strong></span> <span class='ocrx_word' id='word_1_720' title='bbox 1563 5077 1808 5133; x_wconf 90' lang='lat' dir='ltr'><strong>referret.</strong></span> 
     </span>
    </p>
   </div>
   <div class='ocr_carea' id='block_1_98' title="bbox 231 5185 1809 5260">
    <p class='ocr_par' dir='ltr' id='par_1_98' title="bbox 231 5185 1809 5260">
     <span class='ocr_line' id='line_1_98' title="bbox 231 5185 1809 5260; baseline -0.004 -16"><span class='ocrx_word' id='word_1_721' title='bbox 231 5189 326 5244; x_wconf 90' lang='lat' dir='ltr'><strong>Sic</strong></span> <span class='ocrx_word' id='word_1_722' title='bbox 359 5189 539 5260; x_wconf 87' lang='lat' dir='ltr'><strong>itaque</strong></span> <span class='ocrx_word' id='word_1_723' title='bbox 571 5189 704 5259; x_wconf 90' lang='lat' dir='ltr'><strong>ipsis</strong></span> <span class='ocrx_word' id='word_1_724' title='bbox 749 5188 914 5244; x_wconf 91' lang='lat' dir='ltr'><strong>rebus</strong></span> <span class='ocrx_word' id='word_1_725' title='bbox 959 5187 1273 5257; x_wconf 88' lang='lat' dir='ltr'><strong>adimplevit</strong></span> <span class='ocrx_word' id='word_1_726' title='bbox 1305 5188 1500 5242; x_wconf 92' lang='lat' dir='ltr'><strong>beatus</strong></span> <span class='ocrx_word' id='word_1_727' title='bbox 1527 5185 1627 5242; x_wconf 90' lang='lat' dir='ltr'><strong>Job</strong></span> <span class='ocrx_word' id='word_1_728' title='bbox 1668 5186 1809 5239; x_wconf 90' lang='lat' dir='ltr'><strong>idem</strong></span> 
     </span>
    </p>
   </div>
   <div class='ocr_carea' id='block_1_99' title="bbox 229 5291 1811 5366">
    <p class='ocr_par' dir='ltr' id='par_1_99' title="bbox 229 5291 1811 5366">
     <span class='ocr_line' id='line_1_99' title="bbox 229 5291 1811 5366; baseline -0.003 -16"><span class='ocrx_word' id='word_1_729' title='bbox 229 5297 376 5366; x_wconf 86' lang='lat' dir='ltr'><strong>quod</strong></span> <span class='ocrx_word' id='word_1_730' title='bbox 405 5305 527 5365; x_wconf 88' lang='lat' dir='ltr'><strong>post</strong></span> <span class='ocrx_word' id='word_1_731' title='bbox 565 5295 668 5351; x_wconf 85' lang='lat' dir='ltr'><strong>hoc</strong></span> <span class='ocrx_word' id='word_1_732' title='bbox 712 5309 742 5348; x_wconf 91' lang='lat' dir='ltr'><strong>a</strong></span> <span class='ocrx_word' id='word_1_733' title='bbox 778 5294 981 5350; x_wconf 90' lang='lat' dir='ltr'><strong>sanctis</strong></span> <span class='ocrx_word' id='word_1_734' title='bbox 1019 5294 1224 5348; x_wconf 91' lang='lat' dir='ltr'><strong>dictum</strong></span> <span class='ocrx_word' id='word_1_735' title='bbox 1267 5303 1396 5349; x_wconf 90' lang='lat' dir='ltr'><strong>est:</strong></span> <span class='ocrx_word' id='word_1_736' title='bbox 1443 5291 1811 5362; x_wconf 86' lang='lat' dir='ltr'><strong>Spectaculum</strong></span> 
     </span>
    </p>
   </div>
   <div class='ocr_carea' id='block_1_100' title="bbox 229 5394 1808 5470">
    <p class='ocr_par' dir='ltr' id='par_1_100' title="bbox 229 5394 1808 5470">
     <span class='ocr_line' id='line_1_100' title="bbox 229 5394 1808 5470; baseline -0.001 -17"><span class='ocrx_word' id='word_1_737' title='bbox 229 5401 370 5470; x_wconf 82' lang='lat' dir='ltr'><strong>[acti</strong></span> <span class='ocrx_word' id='word_1_738' title='bbox 403 5416 582 5455; x_wconf 81' lang='lat' dir='ltr'><strong>sumus</strong></span> <span class='ocrx_word' id='word_1_739' title='bbox 599 5399 818 5463; x_wconf 78' lang='lat' dir='ltr'><strong>mundo,</strong></span> <span class='ocrx_word' id='word_1_740' title='bbox 846 5409 894 5453; x_wconf 81' lang='lat' dir='ltr'><strong>ct</strong></span> <span class='ocrx_word' id='word_1_741' title='bbox 916 5399 1116 5468; x_wconf 80' lang='lat' dir='ltr'><strong>angelis</strong></span> <span class='ocrx_word' id='word_1_742' title='bbox 1139 5409 1186 5452; x_wconf 85' lang='lat' dir='ltr'><strong>et</strong></span> <span class='ocrx_word' id='word_1_743' title='bbox 1201 5397 1496 5452; x_wconf 75' lang='lat' dir='ltr'><strong>hominibus</strong></span> <span class='ocrx_word' id='word_1_744' title='bbox 1517 5398 1583 5451; x_wconf 67' lang='grc' dir='ltr'><strong>θ’.</strong></span> <span class='ocrx_word' id='word_1_745' title='bbox 1605 5394 1684 5451; x_wconf 83' lang='grc'><strong>01)</strong></span> <span class='ocrx_word' id='word_1_746' title='bbox 1706 5397 1808 5452; x_wconf 87' lang='lat' dir='ltr'><strong>hoc</strong></span> 
     </span>
    </p>
   </div>
   <div class='ocr_carea' id='block_1_101' title="bbox 230 5503 1805 5577">
    <p class='ocr_par' dir='ltr' id='par_1_101' title="bbox 230 5503 1805 5577">
     <span class='ocr_line' id='line_1_101' title="bbox 230 5503 1805 5577; baseline -0.002 -15"><span class='ocrx_word' id='word_1_747' title='bbox 230 5516 288 5562; x_wconf 93' lang='lat' dir='ltr'><strong>et</strong></span> <span class='ocrx_word' id='word_1_748' title='bbox 311 5521 473 5577; x_wconf 88' lang='lat' dir='ltr'><strong>super</strong></span> <span class='ocrx_word' id='word_1_749' title='bbox 496 5520 749 5560; x_wconf 88' lang='lat' dir='ltr'><strong>acervum</strong></span> <span class='ocrx_word' id='word_1_750' title='bbox 784 5505 1042 5560; x_wconf 90' lang='lat' dir='ltr'><strong>stercoris</strong></span> <span class='ocrx_word' id='word_1_751' title='bbox 1073 5514 1225 5558; x_wconf 77' lang='lat' dir='ltr'><strong>extra</strong></span> <span class='ocrx_word' id='word_1_752' title='bbox 1249 5503 1520 5559; x_wconf 89' lang='lat' dir='ltr'><strong>civitatem</strong></span> <span class='ocrx_word' id='word_1_753' title='bbox 1554 5505 1691 5558; x_wconf 90' lang='lat' dir='ltr'><strong>sedit</strong></span> <span class='ocrx_word' id='word_1_754' title='bbox 1719 5503 1805 5559; x_wconf 91' lang='lat' dir='ltr'><strong>hic</strong></span> 
     </span>
    </p>
   </div>
   <div class='ocr_carea' id='block_1_102' title="bbox 228 5609 1802 5686">
    <p class='ocr_par' dir='ltr' id='par_1_102' title="bbox 228 5609 1802 5686">
     <span class='ocr_line' id='line_1_102' title="bbox 228 5609 1802 5686; baseline -0.004 -14"><span class='ocrx_word' id='word_1_755' title='bbox 228 5616 435 5686; x_wconf 83' lang='lat' dir='ltr'><strong>justus,</strong></span> <span class='ocrx_word' id='word_1_756' title='bbox 476 5623 690 5671; x_wconf 90' lang='lat' dir='ltr'><strong>stercus</strong></span> <span class='ocrx_word' id='word_1_757' title='bbox 715 5627 778 5668; x_wconf 91' lang='lat' dir='ltr'><strong>ac</strong></span> <span class='ocrx_word' id='word_1_758' title='bbox 807 5611 1146 5681; x_wconf 89' lang='lat' dir='ltr'><strong>putredinem</strong></span> <span class='ocrx_word' id='word_1_759' title='bbox 1175 5610 1496 5666; x_wconf 81' lang='lat' dir='ltr'><strong>existimans</strong></span> <span class='ocrx_word' id='word_1_760' title='bbox 1519 5622 1679 5682; x_wconf 88' lang='lat' dir='ltr'><strong>atque</strong></span> <span class='ocrx_word' id='word_1_761' title='bbox 1707 5609 1802 5667; x_wconf 89' lang='lat' dir='ltr'><strong>de-</strong></span> 
     </span>
    </p>
   </div>
   <div class='ocr_carea' id='block_1_103' title="bbox 306 5789 1645 5864">
    <p class='ocr_par' dir='ltr' id='par_1_103' title="bbox 306 5789 1645 5864">
     <span class='ocr_line' id='line_1_103' title="bbox 306 5789 1645 5864; baseline -0.007 -10"><span class='ocrx_word' id='word_1_762' title='bbox 306 5798 357 5844; x_wconf 74' lang='grc' dir='ltr'><strong>ἰ</strong></span> <span class='ocrx_word' id='word_1_763' title='bbox 396 5796 414 5853; x_wconf 93' lang='grc'><strong>1</strong></span> <span class='ocrx_word' id='word_1_764' title='bbox 443 5796 570 5854; x_wconf 82' lang='lat' dir='ltr'><strong>Cor.</strong></span> <span class='ocrx_word' id='word_1_765' title='bbox 609 5812 683 5864; x_wconf 86' lang='lat' dir='ltr'><strong>tv,</strong></span> <span class='ocrx_word' id='word_1_766' title='bbox 717 5795 771 5852; x_wconf 87' lang='lat'><strong>9.</strong></span> <span class='ocrx_word' id='word_1_767' title='bbox 848 5795 891 5828; x_wconf 84' lang='lat'><strong>&quot;</strong></span> <span class='ocrx_word' id='word_1_768' title='bbox 920 5793 1018 5852; x_wconf 90' lang='lat' dir='ltr'><strong>Job</strong></span> <span class='ocrx_word' id='word_1_769' title='bbox 1053 5809 1111 5864; x_wconf 85' lang='lat' dir='ltr'><strong>ti,</strong></span> <span class='ocrx_word' id='word_1_770' title='bbox 1139 5792 1191 5849; x_wconf 89' lang='lat'><strong>9.</strong></span> <span class='ocrx_word' id='word_1_771' title='bbox 1269 5793 1309 5825; x_wconf 76' lang='lat'><strong>&quot;</strong></span> <span class='ocrx_word' id='word_1_772' title='bbox 1339 5789 1434 5848; x_wconf 79' lang='lat' dir='ltr'><strong>Jub</strong></span> <span class='ocrx_word' id='word_1_773' title='bbox 1469 5806 1565 5856; x_wconf 84' lang='lat' dir='ltr'><strong>vn,</strong></span> <span class='ocrx_word' id='word_1_774' title='bbox 1594 5789 1645 5844; x_wconf 75' lang='grc'><strong>5.</strong></span> 
     </span>
    </p>
   </div>
   <div class='ocr_carea' id='block_1_104' title="bbox 1911 4669 3498 4748">
    <p class='ocr_par' dir='ltr' id='par_1_104' title="bbox 1911 4669 3498 4748">
     <span class='ocr_line' id='line_1_104' title="bbox 1911 4669 3498 4748; baseline -0.005 -17"><span class='ocrx_word' id='word_1_775' title='bbox 1911 4694 2032 4748; x_wconf 65' lang='lat' dir='ltr'><strong>quas</strong></span> <span class='ocrx_word' id='word_1_776' title='bbox 2063 4679 2313 4733; x_wconf 89' lang='lat' dir='ltr'><strong>universa</strong></span> <span class='ocrx_word' id='word_1_777' title='bbox 2341 4677 2392 4731; x_wconf 95' lang='lat' dir='ltr'><strong>in</strong></span> <span class='ocrx_word' id='word_1_778' title='bbox 2426 4677 2616 4747; x_wconf 90' lang='lat' dir='ltr'><strong>paucis</strong></span> <span class='ocrx_word' id='word_1_779' title='bbox 2650 4675 2928 4728; x_wconf 88' lang='lat' dir='ltr'><strong>mensibus</strong></span> <span class='ocrx_word' id='word_1_780' title='bbox 2960 4672 3208 4743; x_wconf 80' lang='lat' dir='ltr'><strong>perfecit.</strong></span> <span class='ocrx_word' id='word_1_781' title='bbox 3242 4669 3498 4724; x_wconf 88' lang='lat' dir='ltr'><strong>Protinus</strong></span> 
     </span>
    </p>
   </div>
   <div class='ocr_carea' id='block_1_105' title="bbox 1909 4762 3498 4838">
    <p class='ocr_par' dir='ltr' id='par_1_105' title="bbox 1909 4762 3498 4838">
     <span class='ocr_line' id='line_1_105' title="bbox 1909 4762 3498 4838; baseline -0.007 -14"><span class='ocrx_word' id='word_1_782' title='bbox 1909 4770 2304 4838; x_wconf 86' lang='lat' dir='ltr'><strong>subsequenter</strong></span> <span class='ocrx_word' id='word_1_783' title='bbox 2337 4767 2600 4823; x_wconf 90' lang='lat' dir='ltr'><strong>Dominus</strong></span> <span class='ocrx_word' id='word_1_784' title='bbox 2632 4765 2700 4819; x_wconf 87' lang='lat' dir='ltr'><strong>ad</strong></span> <span class='ocrx_word' id='word_1_785' title='bbox 2729 4781 2850 4819; x_wconf 87' lang='lat' dir='ltr'><strong>eum</strong></span> <span class='ocrx_word' id='word_1_786' title='bbox 2904 4765 3120 4817; x_wconf 89' lang='lat' dir='ltr'><strong>locutus</strong></span> <span class='ocrx_word' id='word_1_787' title='bbox 3168 4770 3250 4815; x_wconf 91' lang='lat' dir='ltr'><strong>est</strong></span> <span class='ocrx_word' id='word_1_788' title='bbox 3291 4762 3498 4830; x_wconf 89' lang='lat' dir='ltr'><strong>justum</strong></span> 
     </span>
    </p>
   </div>
   <div class='ocr_carea' id='block_1_106' title="bbox 1910 4854 3499 4927">
    <p class='ocr_par' dir='ltr' id='par_1_106' title="bbox 1910 4854 3499 4927">
     <span class='ocr_line' id='line_1_106' title="bbox 1910 4854 3499 4927; baseline -0.006 -11"><span class='ocrx_word' id='word_1_789' title='bbox 1910 4862 2058 4916; x_wconf 88' lang='lat' dir='ltr'><strong>illuni</strong></span> <span class='ocrx_word' id='word_1_790' title='bbox 2099 4862 2352 4917; x_wconf 90' lang='lat' dir='ltr'><strong>omnibus</strong></span> <span class='ocrx_word' id='word_1_791' title='bbox 2412 4862 2812 4920; x_wconf 85' lang='lat' dir='ltr'><strong>demonstrans,</strong></span> <span class='ocrx_word' id='word_1_792' title='bbox 2852 4867 3013 4927; x_wconf 91' lang='lat' dir='ltr'><strong>atque</strong></span> <span class='ocrx_word' id='word_1_793' title='bbox 3051 4869 3294 4912; x_wconf 87' lang='lat' dir='ltr'><strong>sanctum</strong></span> <span class='ocrx_word' id='word_1_794' title='bbox 3348 4854 3499 4908; x_wconf 91' lang='lat' dir='ltr'><strong>illum</strong></span> 
     </span>
    </p>
   </div>
   <div class='ocr_carea' id='block_1_107' title="bbox 1910 4950 3502 5020">
    <p class='ocr_par' dir='ltr' id='par_1_107' title="bbox 1910 4950 3502 5020">
     <span class='ocr_line' id='line_1_107' title="bbox 1910 4950 3502 5020; baseline -0.01 -9"><span class='ocrx_word' id='word_1_795' title='bbox 1910 4957 2122 5011; x_wconf 89' lang='lat' dir='ltr'><strong>cunctis</strong></span> <span class='ocrx_word' id='word_1_796' title='bbox 2189 4955 2533 5019; x_wconf 75' lang='lat' dir='ltr'><strong>testificaris,</strong></span> <span class='ocrx_word' id='word_1_797' title='bbox 2581 4962 2638 5008; x_wconf 92' lang='lat' dir='ltr'><strong>et</strong></span> <span class='ocrx_word' id='word_1_798' title='bbox 2678 4952 2783 5006; x_wconf 91' lang='lat' dir='ltr'><strong>illis</strong></span> <span class='ocrx_word' id='word_1_799' title='bbox 2840 4950 2930 5020; x_wconf 92' lang='lat' dir='ltr'><strong>qui</strong></span> <span class='ocrx_word' id='word_1_800' title='bbox 2993 4959 3119 5001; x_wconf 91' lang='lat' dir='ltr'><strong>tunc</strong></span> <span class='ocrx_word' id='word_1_801' title='bbox 3162 4950 3396 5009; x_wconf 90' lang='lat' dir='ltr'><strong>l&#39;nerunt,</strong></span> <span class='ocrx_word' id='word_1_802' title='bbox 3447 4951 3502 4996; x_wconf 91' lang='lat' dir='ltr'><strong>et</strong></span> 
     </span>
    </p>
   </div>
   <div class='ocr_carea' id='block_1_108' title="bbox 1917 5037 3499 5118">
    <p class='ocr_par' dir='ltr' id='par_1_108' title="bbox 1917 5037 3499 5118">
     <span class='ocr_line' id='line_1_108' title="bbox 1917 5037 3499 5118; baseline -0.01 -15"><span class='ocrx_word' id='word_1_803' title='bbox 1917 5049 2040 5103; x_wconf 86' lang='lat' dir='ltr'><strong>istis</strong></span> <span class='ocrx_word' id='word_1_804' title='bbox 2081 5048 2175 5118; x_wconf 91' lang='lat' dir='ltr'><strong>qui</strong></span> <span class='ocrx_word' id='word_1_805' title='bbox 2248 5057 2410 5102; x_wconf 91' lang='lat' dir='ltr'><strong>erunt</strong></span> <span class='ocrx_word' id='word_1_806' title='bbox 2477 5058 2651 5115; x_wconf 90' lang='lat' dir='ltr'><strong>usque</strong></span> <span class='ocrx_word' id='word_1_807' title='bbox 2712 5045 2766 5097; x_wconf 91' lang='lat' dir='ltr'><strong>in</strong></span> <span class='ocrx_word' id='word_1_808' title='bbox 2810 5051 3151 5111; x_wconf 89' lang='lat' dir='ltr'><strong>perpetuum.</strong></span> <span class='ocrx_word' id='word_1_809' title='bbox 3187 5037 3312 5091; x_wconf 74' lang='lat' dir='ltr'><strong>Haec</strong></span> <span class='ocrx_word' id='word_1_810' title='bbox 3343 5050 3499 5089; x_wconf 87' lang='lat' dir='ltr'><strong>nam-</strong></span> 
     </span>
    </p>
   </div>
   <div class='ocr_carea' id='block_1_109' title="bbox 1922 5125 3500 5213">
    <p class='ocr_par' dir='ltr' id='par_1_109' title="bbox 1922 5125 3500 5213">
     <span class='ocr_line' id='line_1_109' title="bbox 1922 5125 3500 5213; baseline -0.01 -18"><span class='ocrx_word' id='word_1_811' title='bbox 1922 5158 2029 5213; x_wconf 88' lang='lat' dir='ltr'><strong>que</strong></span> <span class='ocrx_word' id='word_1_812' title='bbox 2073 5142 2215 5196; x_wconf 89' lang='lat' dir='ltr'><strong>intra</strong></span> <span class='ocrx_word' id='word_1_813' title='bbox 2267 5153 2471 5209; x_wconf 87' lang='lat' dir='ltr'><strong>paucos</strong></span> <span class='ocrx_word' id='word_1_814' title='bbox 2516 5151 2733 5192; x_wconf 89' lang='lat' dir='ltr'><strong>menses</strong></span> <span class='ocrx_word' id='word_1_815' title='bbox 2782 5135 2969 5204; x_wconf 80' lang='lat' dir='ltr'><strong>perlici</strong></span> <span class='ocrx_word' id='word_1_816' title='bbox 3016 5136 3328 5200; x_wconf 89' lang='lat' dir='ltr'><strong>potuerunt.</strong></span> <span class='ocrx_word' id='word_1_817' title='bbox 3381 5125 3500 5179; x_wconf 79' lang='lat' dir='ltr'><strong>Non</strong></span> 
     </span>
    </p>
   </div>
   <div class='ocr_carea' id='block_1_110' title="bbox 1918 5219 3501 5303">
    <p class='ocr_par' dir='ltr' id='par_1_110' title="bbox 1918 5219 3501 5303">
     <span class='ocr_line' id='line_1_110' title="bbox 1918 5219 3501 5303; baseline -0.012 -14"><span class='ocrx_word' id='word_1_818' title='bbox 1918 5236 2061 5289; x_wconf 89' lang='lat' dir='ltr'><strong>enim</strong></span> <span class='ocrx_word' id='word_1_819' title='bbox 2094 5241 2215 5289; x_wconf 89' lang='lat' dir='ltr'><strong>erat</strong></span> <span class='ocrx_word' id='word_1_820' title='bbox 2248 5232 2456 5303; x_wconf 84' lang='lat' dir='ltr'><strong>justum</strong></span> <span class='ocrx_word' id='word_1_821' title='bbox 2482 5270 2497 5295; x_wconf 97' lang='lat'><strong>,</strong></span> <span class='ocrx_word' id='word_1_822' title='bbox 2531 5244 2709 5300; x_wconf 86' lang='lat' dir='ltr'><strong>neque</strong></span> <span class='ocrx_word' id='word_1_823' title='bbox 2743 5227 2987 5296; x_wconf 79' lang='lat' dir='ltr'><strong>amplexa</strong></span> <span class='ocrx_word' id='word_1_824' title='bbox 3021 5234 3102 5278; x_wconf 90' lang='lat' dir='ltr'><strong>est</strong></span> <span class='ocrx_word' id='word_1_825' title='bbox 3132 5223 3222 5277; x_wconf 88' lang='lat' dir='ltr'><strong>Dei</strong></span> <span class='ocrx_word' id='word_1_826' title='bbox 3265 5219 3501 5280; x_wconf 87' lang='lat' dir='ltr'><strong>bonitas,</strong></span> 
     </span>
    </p>
   </div>
   <div class='ocr_carea' id='block_1_111' title="bbox 1917 5313 3492 5398">
    <p class='ocr_par' dir='ltr' id='par_1_111' title="bbox 1917 5313 3492 5398">
     <span class='ocr_line' id='line_1_111' title="bbox 1917 5313 3492 5398; baseline -0.013 -16"><span class='ocrx_word' id='word_1_827' title='bbox 1917 5339 1976 5383; x_wconf 93' lang='lat' dir='ltr'><strong>ut</strong></span> <span class='ocrx_word' id='word_1_828' title='bbox 2023 5326 2272 5398; x_wconf 84' lang='lat' dir='ltr'><strong>plurimis</strong></span> <span class='ocrx_word' id='word_1_829' title='bbox 2329 5323 2490 5378; x_wconf 88' lang='lat' dir='ltr'><strong>anuis</strong></span> <span class='ocrx_word' id='word_1_830' title='bbox 2532 5321 2932 5376; x_wconf 91' lang='lat' dir='ltr'><strong>lamentabilem</strong></span> <span class='ocrx_word' id='word_1_831' title='bbox 2982 5318 3128 5372; x_wconf 84' lang='lat' dir='ltr'><strong>illam</strong></span> <span class='ocrx_word' id='word_1_832' title='bbox 3179 5313 3492 5384; x_wconf 85' lang='lat' dir='ltr'><strong>passionem</strong></span> 
     </span>
    </p>
   </div>
   <div class='ocr_carea' id='block_1_112' title="bbox 1908 5404 3504 5489">
    <p class='ocr_par' dir='ltr' id='par_1_112' title="bbox 1908 5404 3504 5489">
     <span class='ocr_line' id='line_1_112' title="bbox 1908 5404 3504 5489; baseline -0.014 -14"><span class='ocrx_word' id='word_1_833' title='bbox 1908 5419 2086 5489; x_wconf 87' lang='lat' dir='ltr'><strong>justus</strong></span> <span class='ocrx_word' id='word_1_834' title='bbox 2125 5415 2522 5475; x_wconf 81' lang='lat' dir='ltr'><strong>sufferretJob.</strong></span> <span class='ocrx_word' id='word_1_835' title='bbox 2556 5413 2823 5471; x_wconf 88' lang='lat' dir='ltr'><strong>Omnibus</strong></span> <span class='ocrx_word' id='word_1_836' title='bbox 2861 5412 3041 5479; x_wconf 89' lang='lat' dir='ltr'><strong>itaque</strong></span> <span class='ocrx_word' id='word_1_837' title='bbox 3073 5406 3246 5462; x_wconf 90' lang='lat' dir='ltr'><strong>modis</strong></span> <span class='ocrx_word' id='word_1_838' title='bbox 3284 5404 3504 5456; x_wconf 79' lang='lat' dir='ltr'><strong>demon-</strong></span> 
     </span>
    </p>
   </div>
   <div class='ocr_carea' id='block_1_113' title="bbox 1915 5489 3498 5580">
    <p class='ocr_par' dir='ltr' id='par_1_113' title="bbox 1915 5489 3498 5580">
     <span class='ocr_line' id='line_1_113' title="bbox 1915 5489 3498 5580; baseline -0.016 -12"><span class='ocrx_word' id='word_1_839' title='bbox 1915 5513 2075 5568; x_wconf 79' lang='lat' dir='ltr'><strong>strari</strong></span> <span class='ocrx_word' id='word_1_840' title='bbox 2114 5520 2311 5580; x_wconf 85' lang='lat' dir='ltr'><strong>potest,</strong></span> <span class='ocrx_word' id='word_1_841' title='bbox 2354 5509 2479 5579; x_wconf 89' lang='lat' dir='ltr'><strong>quia</strong></span> <span class='ocrx_word' id='word_1_842' title='bbox 2525 5522 2632 5562; x_wconf 91' lang='lat' dir='ltr'><strong>non</strong></span> <span class='ocrx_word' id='word_1_843' title='bbox 2678 5503 2925 5574; x_wconf 90' lang='lat' dir='ltr'><strong>plurimis</strong></span> <span class='ocrx_word' id='word_1_844' title='bbox 2956 5498 3116 5553; x_wconf 92' lang='lat' dir='ltr'><strong>annis</strong></span> <span class='ocrx_word' id='word_1_845' title='bbox 3138 5536 3153 5562; x_wconf 96' lang='lat'><strong>,</strong></span> <span class='ocrx_word' id='word_1_846' title='bbox 3186 5493 3278 5549; x_wconf 88' lang='lat' dir='ltr'><strong>sed</strong></span> <span class='ocrx_word' id='word_1_847' title='bbox 3310 5489 3498 5558; x_wconf 84' lang='lat' dir='ltr'><strong>paucis</strong></span> 
     </span>
    </p>
   </div>
   <div class='ocr_carea' id='block_1_114' title="bbox 1914 5584 3499 5674">
    <p class='ocr_par' dir='ltr' id='par_1_114' title="bbox 1914 5584 3499 5674">
     <span class='ocr_line' id='line_1_114' title="bbox 1914 5584 3499 5674; baseline -0.018 -10"><span class='ocrx_word' id='word_1_848' title='bbox 1914 5607 2214 5674; x_wconf 84' lang='lat' dir='ltr'><strong>mensibus,</strong></span> <span class='ocrx_word' id='word_1_849' title='bbox 2262 5605 2378 5663; x_wconf 67' lang='lat' dir='ltr'><strong>haec</strong></span> <span class='ocrx_word' id='word_1_850' title='bbox 2433 5605 2697 5662; x_wconf 20' lang='lat' dir='ltr'><strong>universa.</strong></span> <span class='ocrx_word' id='word_1_851' title='bbox 2739 5598 2956 5669; x_wconf 84' lang='lat' dir='ltr'><strong>impleta</strong></span> <span class='ocrx_word' id='word_1_852' title='bbox 3011 5599 3159 5650; x_wconf 90' lang='lat' dir='ltr'><strong>sunt.</strong></span> <span class='ocrx_word' id='word_1_853' title='bbox 3211 5584 3499 5657; x_wconf 69' lang='lat' dir='ltr'><strong>Quomodo</strong></span> 
     </span>
    </p>
   </div>
  </div>
