1942 3109
234 165 288 194 475

782 169 974 197 ΑΝοΝΥκυδ
991 169 1025 197 IN
1044 169 1114 198 JOB.
1134 186 1168 191 —
1188 170 1252 199 LIB.
1273 171 1306 198 ll.

1813 172 1862 199 6Ἰῦ

235 225 308 252 enim
324 224 439 253 snll'erre
451 230 577 260 poterant
589 233 686 254 carnes
699 226 760 259 Job,
777 228 819 255 vel
835 229 955 255 membra
968 248 975 260 ,
996 233 1026 255 ut
1040 231 1062 259 Α
1079 229 1168 257 minus
1191 228 1289 256 eﬂiciet
1311 228 1449 256 suasionis
1470 228 1605 256 seductto.
1626 227 1802 263 Confugiam,
1823 231 1863 257 in-

235 272 322 299 tribus
338 272 418 299 annis
429 278 456 300 et
467 268 580 300 diinidio
592 280 606 300 a
620 275 760 301 vermibus
774 281 806 301 ac
822 275 964 309 putredine
980 282 1025 301 es-

235 322 296 345 sent
318 319 462 346 comesta?
484 319 625 352 Quomodo
644 325 770 354 poterant
795 320 910 347 sull'erre
927 328 1025 349 carnes

235 364 296 398 ejus
309 372 340 392 ac
353 372 425 397 ossa,
443 370 471 392 ut
488 365 575 393 tribus
589 366 668 394 annis
684 371 712 393 et
725 367 840 394 dimidio
854 367 1025 395 amarissimo

234 410 328 437 dolore
351 410 448 438 fuisset
472 411 590 438 vexata?
611 411 639 439 In
660 419 713 447 qua
737 413 910 439 amarissima
932 420 1023 447 ptena,

233 456 323 483 omnis
344 457 419 483 furor
437 461 465 483 et
487 457 640 491 indignatio
662 458 772 493 maligni
795 458 894 486 diaboli
918 464 960 486 est
976 460 1023 487 de-

232 507 396 530 monstrata.
419 502 484 529 Post
506 503 601 530 horum
623 510 739 539 namque
753 505 874 531 omnium
888 504 1023 539 approba-

233 550 338 577 tionem
350 550 416 578 dicit
429 560 435 577 :
451 550 573 577 Plurima
588 555 675 577 autem
693 555 808 584 tempore
824 551 979 585 interposito
987 551 1022 578 ⁸⁵.

232 595 266 623 Ει
278 603 348 623 unus
363 596 465 623 mensis
481 600 588 630 tempus
599 601 650 628 est,
671 600 699 623 et
714 596 768 623 duo
781 596 822 624 vel
843 603 900 623 tres
916 605 1024 625 menses

231 641 379 678 plurimum
403 647 510 675 tempus
531 646 593 669 est:
625 642 728 669 idcirco
744 650 798 669 non
815 643 882 670 dicit
897 643 1023 678 plurimis

231 691 295 714 ante
309 687 402 719 annis,
421 687 469 713 sed
485 686 620 720 plurimo,
636 687 742 721 inquit,
758 692 889 722 tempore.
912 687 979 715 Nam
996 693 1023 716 et

232 732 393 768 frequenter
412 733 538 767 proximo
552 732 644 767 aliquo
658 733 809 767 quemlibet
829 734 982 766 mittentes,
999 734 1022 762 si

232 779 408 813 tardigradus
428 778 511 805 fuerit
528 778 551 806 is
565 779 612 813 qui
627 779 725 806 missus
737 784 796 811 est,
819 785 1022 808 murmurantes

231 824 302 851 soiiti
317 828 381 852 sunt
395 824 589 857 dicerezQuid
612 824 703 852 fecisti
727 829 802 852 tanto
824 827 966 860 tempore?
993 827 1021 854 Si

230 878 296 904 ergo
318 871 375 898 dies
396 875 502 905 tempus
524 871 625 898 dicitur
648 871 783 906 prolixum
797 892 804 905 ,
826 872 911 900 multo
936 874 1022 908 magis

230 917 365 944 mensium
397 921 504 952 tempus
533 917 668 953 prolixum
694 923 775 952 atque
797 918 943 952 plurimum
970 920 1022 947 dici

229 968 330 998 pclesl.
354 964 394 992 0b
419 964 470 992 hoc
491 972 557 999 ergo
581 965 647 992 dicit
665 964 782 1000 plurimo
802 969 923 1000 tempore
938 966 1024 993 inter-

230 1009 329 1045 posito.
350 1009 499 1037 Plurimum
516 1018 633 1045 namque
647 1015 816 1038 memoratur
835 1010 886 1038 hoc
905 1015 1022 1045 tempus,

230 1063 283 1083 non
298 1056 333 1083 ob
347 1056 398 1083 hoc
411 1056 496 1083 solum
510 1057 581 1090 quod
595 1056 740 1091 plurimum
753 1056 838 1083 fuerit
853 1056 1023 1091 longitudine

231 1102 372 1136 temporis,
394 1102 436 1130 vel
455 1102 537 1136 spatii
557 1102 730 1137 prolixitate,
748 1102 795 1129 sed
817 1103 936 1130 maxime
959 1111 1022 1138 pro—

228 1154 290 1184 pter
309 1148 455 1184 plurimum
475 1149 607 1181 dolorem,
627 1149 773 1184 plurimum
796 1148 894 1176 dicitur
907 1155 933 1177 et
950 1150 1022 1177 aesti-

229 1200 321 1223 matur
336 1196 388 1223 hoc
408 1199 514 1230 tempus
530 1195 625 1222 luisse.
640 1194 770 1228 Plurimo,
783 1196 882 1231 inquit,
899 1200 1022 1231 tempore

228 1241 401 1276 interposito,
421 1246 533 1275 propter
555 1240 701 1275 plurimam
721 1241 888 1275 passionem,
910 1247 1022 1276 propter

229 1288 395 1315 acerrimum
408 1287 545 1320 dolorem,
557 1291 670 1322 propter
683 1286 955 1315 vehementissimum
968 1287 1022 1315 vul-

228 1341 289 1366 nus,
309 1339 418 1369 propter
434 1334 634 1361 amarissimam
650 1340 771 1369 pinnam.
792 1333 914 1362 Plurimo
930 1340 1019 1362 autent

227 1384 349 1414 tempore
365 1379 536 1414 interposito,
554 1384 666 1414 propter
681 1380 824 1415 plagarum
839 1380 1020 1414 nimietatem,

227 1431 340 1461 propter
365 1426 508 1453 humorem
534 1433 632 1459 corpus
655 1431 737 1460 atque
759 1427 881 1453 membra
905 1425 1021 1460 liquefa-

227 1473 363 1503 cientem,
389 1479 437 1506 pro
463 1471 615 1498 innumeris
643 1471 782 1498 vermibus
810 1479 910 1499 nervos
938 1477 1020 1507 atque

226 1525 288 1545 ossa
311 1517 515 1545 devorantibus.
548 1516 601 1544 Pro
634 1516 675 1543 his
700 1516 828 1544 omnibus
854 1517 959 1551 magnis
988 1524 1019 1544 ac

226 1563 352 1599 plurimis
379 1563 507 1599 gravibus
537 1567 618 1598 atque
635 1561 802 1590 terribilibus
822 1562 1018 1590 exsistentibus

225 1610 372 1645 plurimum
396 1609 482 1636 fuisse
503 1609 554 1636 hoc
567 1612 673 1642 tempus
694 1612 872 1635 memoratur.
894 1607 1016 1635 Plurimo

225 1660 317 1683 autem
334 1660 454 1690 tempore
471 1654 633 1690 interposito
644 1674 651 1687 ,
673 1661 735 1681 cum
753 1653 804 1681 Job
821 1661 874 1680 non
891 1661 1018 1681 succum-

224 1701 313 1734 heret,
328 1708 415 1735 neque
432 1700 633 1732 debilitaretur,
651 1706 739 1734 neque
753 1699 938 1726 delassaretur
948 1719 956 1731 ,
972 1706 1019 1727 ne-

225 1754 278 1782 que
300 1747 447 1778 deﬁceret,
463 1746 510 1773 sed
528 1746 555 1773 in
576 1745 679 1773 eisdem
701 1745 851 1781 gratiarum
867 1745 1020 1773 actionibus

224 1797 308 1827 atque
324 1791 543 1820 confessionibus
557 1795 742 1826 permaneret.
756 1791 833 1819 Unde
844 1791 916 1818 enim
924 1792 1017 1825 coepit,

225 1839 281 1866 illic
296 1843 324 1866 et
340 1838 538 1873 perseveravit,
555 1837 581 1864 in
599 1837 750 1872 gratiarum
768 1837 923 1864 actionibus
938 1842 1019 1871 atque

224 1879 471 1913 benetlictionibus.
492 1883 550 1916 Sit,
575 1883 680 1918 inquit,
699 1891 794 1910 nomen
812 1883 918 1910 Domini
941 1882 1016 1909 bene-

224 1930 324 1958 dictum
346 1931 374 1956 in
388 1929 487 1956 swcula
497 1928 533 1956 “.
549 1928 616 1955 Cum
630 1928 656 1955 in
671 1928 732 1956 istis
749 1935 815 1963 ergo
832 1932 1019 1963 perseveraret

223 1976 286 2010 Job,
303 1976 487 2012 nequissimus
506 1974 631 2002 diabolus
652 1975 803 2009 obstupuit,
827 1975 948 2008 expavit,
972 1974 1020 2001 de-

224 2024 360 2057 speravit,
380 2028 462 2058 atque
480 2021 659 2056 semetipsum
681 2028 844 2048 consumens
862 2020 949 2047 dixit:
963 2020 1015 2048 Ubi

223 2074 265 2097 est
292 2070 467 2105 prmsumptio
503 2068 583 2096 mea?
610 2068 657 2095 ubi
684 2072 726 2095 est
751 2068 887 2095 audacia?
906 2067 953 2094 ubi
976 2072 1019 2094 est

223 2118 300 2146 labor
319 2119 413 2145 meus?
429 2118 542 2146 Omnem
557 2116 768 2144 sollicitudinem
788 2117 917 2150 exercui,
938 2121 966 2144 et
989 2117 1016 2144 in

222 2164 273 2192 Job
286 2164 352 2191 nihil
368 2164 430 2197 feci;
445 2164 536 2191 omnia
553 2167 713 2197 argumenta
728 2163 845 2197 ostendi,
862 2168 889 2190 et
907 2162 1018 2190 fortitu-

222 2211 313 2238 dinem
329 2210 378 2238 Job
390 2218 444 2238 non
463 2210 569 2244 dejeci;
588 2217 684 2237 omnes
705 2208 821 2244 sagittas
841 2209 1017 2244 nequissima:

1077 274 1146 309 quit,
1172 275 1207 302 ad
1229 274 1341 309 antiqua
1363 282 1423 302 mea
1448 282 1534 307 arma,
1559 281 1609 309 per
1629 281 1688 309 quae
1710 275 1794 302 Adam
1819 284 1862 303 se-

1076 321 1187 347 ductum
1207 320 1389 355 snpplantavi.
1415 319 1473 347 Illic
1490 325 1617 354 serpente
1636 327 1680 347 me
1702 320 1816 348 induens
1829 323 1862 348 ad

1076 365 1159 392 Evam
1174 366 1280 392 locutus
1296 373 1367 398 sum,
1385 364 1483 392 deinde
1497 372 1545 399 per
1559 365 1643 392 Evam
1659 364 1764 392 locutus
1776 365 1861 392 Adam

1075 413 1181 440 seduxi.
1203 412 1289 439 liabet
1305 412 1387 439 etiam
1404 410 1455 439 Job
1471 417 1584 438 uxorem
1596 430 1604 442 ,
1620 418 1672 445 qua
1688 418 1732 438 me
1748 411 1864 440 induens

1075 458 1213 486 subtiliter
1224 466 1274 493 per
1286 457 1359 485 illum
1376 464 1437 484 eum
1455 457 1594 489 seducam,
1611 461 1693 492 atque
1707 457 1862 485 fraudulen-

1075 510 1117 532 ter
1131 505 1320 539 persuadeam.
1337 503 1404 532 Cum
1420 503 1478 531 haec
1494 503 1564 538 apud
1576 510 1607 531 se
1619 505 1766 538 cogitaret,
1782 508 1862 539 atque

1075 551 1254 578 meditaretur
1275 550 1468 585 nequissimus.
1489 550 1580 578 statim
1602 558 1671 578 uxor
1688 558 1720 578 os
1742 550 1777 577 ad
1798 558 1861 585 per-

1073 597 1241 624 suadendum
1265 597 1373 631 aperire
1395 596 1561 631 properavit.
1575 595 1654 630 Quod
1671 597 1863 624 demonstrans

1074 643 1132 670 haec
1149 642 1290 677 Scriptura
1306 642 1390 670 dicit:
1412 642 1530 670 Plurima
1546 648 1634 669 autem
1649 648 1763 676 tempore
1779 643 1862 669 inter-

1073 688 1175 722 posito,
1207 688 1275 714 dixit
1298 688 1334 714 ad
1360 695 1420 715 eum
1453 696 1523 715 uxor
1549 688 1606 723 ejus
1618 688 1651 715 ".
1674 687 1794 715 Pluritno
1815 696 1864 714 au-

1073 738 1126 761 tem
1153 738 1275 768 tempore
1305 734 1482 769 interposito,
1501 741 1561 761 cum
1591 733 1642 761 Job
1663 738 1862 769 perseveraret,

1073 784 1101 806 et
1125 787 1178 807 non
1201 780 1405 813 immolaretur,
1428 787 1490 808 cum
1505 779 1556 807 Job
1573 780 1599 807 in
1624 780 1675 808 fide
1697 780 1862 812 ﬁrmaretur,

1073 829 1102 851 et
1129 825 1155 852 in
1173 826 1288 852 veritate
1306 826 1499 857 roboraretur.
1523 826 1682 854 fundaretur
1701 826 1728 853 in
1751 826 1863 860 pietate,

1075 876 1156 905 atque
1178 871 1204 898 in
1228 872 1333 905 justitia
1358 872 1594 905 constabiliretur,
1614 872 1642 900 in
1662 871 1798 900 cbaritate
1823 872 1865 899 iu-

1074 922 1239 948 strueretur,
1262 921 1289 944 et.
1312 918 1338 944 in
1361 918 1512 952 gratiarum
1533 918 1685 946 actionibus
1705 918 1865 953 persisteret

1074 963 1187 990 devotus
1210 969 1289 998 atque
1310 964 1454 996 sollicitus,
1473 973 1533 992 cum
1550 965 1576 992 in
1595 965 1747 1000 huiusmodi
1766 973 1865 993 conso-

1074 1009 1167 1036 nantia
1185 1009 1236 1037 Job
1253 1011 1424 1044 persisteret,
1443 1012 1511 1038 dixit
1526 1012 1560 1039 ad
1580 1018 1640 1038 eum
1659 1019 1726 1038 uxor
1741 1011 1810 1047 ejus.
1831 1011 1864 1039 Et

1073 1062 1170 1083 revera
1183 1064 1236 1083 non
1254 1065 1322 1084 uxor
1335 1057 1420 1090 dixit,
1439 1057 1486 1085 sed
1503 1057 1628 1086 diabolus
1638 1058 1685 1092 qui
1699 1065 1747 1092 per
1761 1065 1793 1085 os
1805 1058 1864 1091 ejus

1072 1105 1114 1128 est
1128 1100 1245 1134 locutus,
1260 1102 1306 1136 qui
1325 1101 1484 1137 frequenter
1500 1103 1641 1130 consuevit
1654 1102 1727 1137 loqui
1742 1103 1776 1129 ad
1791 1104 1864 1130 viros

1071 1154 1121 1181 per
1141 1155 1173 1175 os
1191 1147 1346 1180 mulierum,
1370 1149 1416 1183 qui
1438 1155 1510 1184 szepe
1529 1148 1626 1176 solitus
1645 1154 1688 1176 est
1703 1149 1864 1176 subvertere

1073 1194 1146 1221 viros
1163 1201 1213 1229 per
1225 1201 1256 1222 os
1269 1196 1415 1230 conjugum
1427 1215 1435 1228 ,
1448 1200 1530 1230 atque
1546 1195 1579 1222 ad
1595 1195 1664 1222 mala
1679 1195 1819 1223 concitare
1837 1201 1865 1223 et

1072 1240 1143 1266 mala
1158 1240 1267 1273 docere,
1289 1241 1410 1275 rapinas,
1430 1241 1592 1273 calumnias,
1607 1241 1774 1274 violentiam,
1791 1242 1865 1276 cupi-

1072 1287 1197 1318 ditatem.
1211 1287 1362 1314 alienorum
1379 1287 1574 1322 appetentiam,
1587 1292 1668 1322 atque
1680 1287 1772 1315 odium
1788 1287 1863 1315 circa

1071 1333 1221 1367 proximos.
1250 1333 1423 1368 Frequenter
1448 1333 1521 1360 enim
1553 1333 1683 1360 invidiam
1708 1333 1863 1360 accendunt

1072 1380 1144 1407 inter
1169 1380 1261 1412 viros,
1285 1379 1359 1407 sicut
1383 1379 1501 1407 invicem
1530 1385 1640 1414 propter
1661 1378 1863 1414 improbitatem

1071 1433 1147 1453 suam
1162 1426 1350 1461 litigaverunt.
1371 1425 1508 1453 Continuo
1526 1425 1578 1452 illa:
1593 1425 1620 1452 in
1638 1424 1763 1453 infelices
1787 1424 1863 1452 viros

1071 1472 1132 1499 odia
1146 1476 1229 1506 atque
1243 1470 1434 1498 contentiones
1447 1469 1600 1496 adinvicem
1615 1469 1736 1497 excitare
1750 1472 1864 1496 conten-

1070 1517 1147 1544 dunt.
1165 1517 1241 1550 Quos
1262 1523 1322 1543 cum
1339 1516 1393 1543 sint
1409 1516 1516 1550 pacifici
1538 1521 1619 1550 atque
1632 1515 1785 1547 unanimes,
1800 1522 1863 1541 cum

1070 1563 1233 1590 adversariis
1254 1563 1312 1590 suis
1332 1561 1389 1590 sive
1410 1562 1453 1589 his
1473 1562 1520 1597 qui
1537 1562 1612 1589 intus
1631 1565 1711 1593 sunt.
1732 1561 1793 1589 sive
1816 1562 1862 1596 qui

1069 1608 1136 1636 foris
1159 1614 1242 1642 sunt,
1260 1609 1409 1637 concordes
1431 1612 1504 1636 stare
1520 1611 1680 1643 oportuerat
1694 1612 1722 1635 et
1742 1614 1773 1635 se
1792 1607 1862 1635 invi-

1068 1663 1128 1682 cem
1142 1655 1290 1683 defendere
1301 1675 1308 1687 ,
1326 1660 1409 1690 atque
1424 1654 1541 1682 invicem
1559 1654 1704 1689 adjuvare,
1719 1653 1766 1681 isti
1779 1653 1863 1681 ηἰηιὶ-

1068 1709 1128 1728 rum
1143 1701 1348 1737 compelluntur
1365 1707 1477 1737 propter
1491 1701 1627 1735 nequitias
1638 1707 1753 1728 uxorum
1765 1701 1864 1727 adver-

1069 1755 1128 1774 sum
1144 1747 1260 1774 invicem
1276 1747 1419 1783 insurgere
1437 1752 1465 1775 et
1485 1755 1514 1774 se
1535 1747 1650 1774 invicem
1670 1746 1734 1774 odio
1749 1746 1863 1779 habere,

1069 1801 1123 1829 quo
1137 1793 1245 1828 possint
1262 1793 1419 1828 iniquarum
1434 1800 1549 1820 uxorum
1564 1792 1674 1819 malitiae
1689 1790 1861 1819 satisfacere.

1068 1838 1241 1873 Frequenter
1252 1839 1325 1866 enim
1338 1846 1387 1873 per
1398 1838 1542 1873 coniugum
1554 1845 1586 1865 os
1598 1838 1656 1865 haec
1667 1837 1731 1865 talia
1741 1837 1864 1872 loquitur

1069 1884 1192 1912 diabolus
1209 1885 1243 1911 ad
1263 1885 1349 1916 viros,
1368 1884 1526 1919 frequenter
1540 1883 1608 1911 dicit
1625 1883 1659 1910 ad
1672 1883 1747 1911 viros
1767 1890 1818 1918 per
1831 1890 1864 1909 os

1068 1930 1213 1966 coujugum
1231 1931 1335 1958 :Existi
1351 1930 1425 1958 foras
1436 1951 1444 1964 ,
1463 1936 1490 1957 et
1507 1930 1575 1958 nihil
1589 1931 1660 1957 intro
1673 1930 1803 1958 attulisti.
1826 1930 1863 1957 De

1068 1976 1112 2004 via
1128 1977 1238 2010 venisti,
1249 1982 1278 2004 et
1290 1977 1383 2004 vacuis
1396 1977 1521 2004 manibus
1536 1977 1646 2004 domum
1662 1976 1794 2004 introisti.
1808 1977 1862 2003 Alii

1068 2027 1144 2056 eunt,
1159 2028 1187 2051 et
1203 2024 1308 2050 reversi
1321 2022 1459 2050 afferunt:
1477 2022 1523 2049 alii
1543 2021 1754 2056 proﬁciscuntur
1770 2027 1800 2049 et
1813 2029 1862 2049 ve-

1068 2069 1175 2096 nientes
1195 2068 1393 2103 perducuntur.
1416 2067 1457 2095 Tu
1479 2076 1543 2095 vero
1556 2068 1674 2099 deterior
1688 2068 1795 2096 caeteris
1808 2088 1816 2100 ,
1833 2073 1862 2095 tu

1068 2119 1158 2142 autem
1171 2114 1287 2142 debilior
1300 2115 1376 2148 viris,
1397 2114 1521 2142 inutilior
1542 2115 1658 2146 cunctis,
1675 2114 1785 2149 aliaque
1801 2115 1863 2150 plu-

1068 2160 1137 2188 rima
1157 2168 1218 2196 quae
1239 2161 1327 2188 solitae
1347 2161 1439 2196 impiae
1460 2160 1590 2188 mulieres
1615 2160 1689 2196 loqui
1710 2161 1778 2189 viris
1803 2163 1863 2190 suis

1068 2212 1198 2241 cogentes
1221 2214 1268 2234 eos
1290 2207 1323 2233 ad
1348 2206 1435 2239 mala,
1456 2210 1539 2241 atque
1560 2207 1666 2234 animas
1692 2207 1815 2235 virorum
1831 2208 1861 2235 in

223 2258 359 2292 pharetrae
383 2264 450 2284 mea:
475 2256 617 2288 evacuavi,
643 2260 671 2283 et
687 2254 806 2282 animam
821 2254 872 2282 Job
889 2262 942 2282 non
958 2256 1016 2282 vul-
1031 2256 1055 2285 D
1069 2254 1204 2281 modicum
1221 2258 1355 2288 quiestum
1373 2254 1571 2285 venundantes,
1586 2254 1630 2281 vel
1642 2254 1730 2288 potius
1741 2255 1864 2288 perden-

223 2303 329 2330 neravi.
344 2302 440 2336 Filios,
456 2302 553 2337 inquit,
569 2303 628 2337 ejus
643 2302 747 2338 perdidi
763 2307 790 2329 et
802 2309 911 2329 sensum
927 2301 984 2336 ejus
999 2309 1015 2328 a

223 2350 280 2376 Deo
295 2357 348 2376 non
367 2349 556 2384 praevaricavi.
575 2347 643 2375 Rem
666 2348 830 2375 familiarem
852 2348 912 2382 ejus
927 2353 1017 2375 exter-

223 2392 341 2426 tninavi,
357 2393 404 2420 sed
419 2393 580 2420 charitatem
596 2386 655 2426 eius
670 2400 751 2427 quam
773 2393 855 2420 habet
875 2393 948 2420 circa
964 2393 1016 2419 Do-

223 2438 326 2465 tninum
340 2438 424 2465 Deum
449 2446 503 2466 non
527 2438 656 2466 exstinxi.
676 2438 793 2466 Carnem
819 2443 847 2465 et
870 2445 931 2465 ossa
956 2437 1015 2471 ejus

221 2484 361 2512 vermibus
381 2489 462 2519 atque
476 2484 620 2519 putredine
631 2485 801 2520 consumpsi,
818 2485 864 2512 sed
877 2485 957 2513 ﬁdem
974 2491 1016 2511 at-

222 2538 276 2567 que
291 2531 476 2559 sinceritatem
494 2531 592 2559 aniuue
607 2530 664 2565 ejus
679 2539 733 2558 non
751 2531 862 2559 violavi.
879 2531 949 2565 Quid
964 2532 1016 2567 igi-

223 2585 267 2606 tur
286 2578 383 2606 faciam
404 2578 443 2605 illi
463 2578 555 2605 adhuc
574 2578 646 2613 quod
669 2586 722 2605 non
745 2578 818 2606 feci?
842 2578 913 2612 Quid
937 2579 965 2606 in
983 2587 1016 2607 eo

222 2632 367 2653 exerceam
382 2624 471 2652 adhuc
486 2624 558 2659 quod
573 2630 625 2650 non
647 2624 781 2652 exercui?
797 2624 869 2659 Ergo
888 2624 950 2659 quia
969 2632 1017 2660 per

222 2673 350 2700 universa
368 2671 501 2707 supplicia
526 2676 609 2706 atque
632 2675 768 2699 tormenta
792 2678 891 2706 cogere
906 2678 969 2698 eum
987 2676 1017 2699 ut

222 2721 308 2748 Deum
323 2719 491 2754 relinqueret
508 2726 560 2745 non
576 2717 667 2753 potui,
683 2717 823 2744 conferam
835 2737 842 2750 ,
859 2717 957 2752 inquit,
971 2725 1014 2745 mc

221 2764 255 2791 ad
267 2763 466 2797 seductionem,
482 2762 622 2791 conferant
640 2762 674 2789 ad
692 2762 908 2796 persuasionem.
922 2762 1014 2791 Forsi-

222 2817 269 2840 tan
282 2811 355 2840 enim
367 2811 438 2845 quod
452 2819 505 2839 non
520 2809 604 2837 valuit
617 2815 703 2844 poenae
715 2809 832 2842 coactio,
847 2808 899 2836 hoc
912 2808 1014 2837 nihilo-

257 2903 279 2918 "
292 2902 341 2931 Job
355 2911 384 2936 tt,
405 2903 432 2931 9.
470 2903 493 2920 "
508 2901 557 2931 Job
575 2902 653 2937 1,21.
693 2902 714 2918 ³⁷
730 2901 781 2931 Job
796 2910 824 2936 ιι,
844 2903 869 2930 9.

1067 2305 1126 2327 tes:
1143 2300 1241 2335 quibus
1259 2307 1332 2327 curae
1349 2307 1401 2327 non
1421 2304 1462 2327 est
1476 2301 1547 2328 unde
1566 2301 1711 2336 acquirant
1730 2302 1783 2328 viri
1804 2307 1860 2329 tam

1067 2354 1100 2374 ex
1120 2346 1222 2379 rapinis
1246 2353 1327 2381 quam
1355 2346 1437 2373 etiam
1457 2353 1491 2373 ex
1505 2346 1615 2381 praedis,
1634 2351 1735 2374 tamex
1756 2347 1861 2374 violen-

1067 2392 1111 2419 tiis
1137 2399 1220 2427 quam
1251 2399 1285 2419 ex
1306 2392 1404 2425 furtis,
1425 2397 1530 2419 tantum
1545 2397 1574 2420 ut
1596 2393 1623 2420 in
1643 2400 1726 2420 unum
1751 2400 1861 2420 coacer-

1066 2443 1165 2466 vantes
1186 2438 1240 2465 illis
1263 2437 1387 2465 aﬂ'erant.
1412 2438 1473 2465 Istae
1494 2446 1566 2466 verae
1582 2444 1645 2467 sunt
1665 2439 1860 2467 subversiones

1066 2484 1197 2511 virorum.
1217 2483 1279 2511 Istae
1294 2488 1357 2511 sunt
1372 2484 1541 2518 perditiones
1562 2485 1699 2518 virorum,
1723 2492 1772 2519 per
1789 2493 1859 2520 qua-

1065 2537 1124 2557 rum
1138 2537 1170 2557 os
1185 2530 1220 2557 ad
1234 2530 1365 2565 plurimos
1380 2530 1501 2564 loquitur
1515 2530 1649 2564 diabolus,
1664 2535 1726 2565 post
1740 2538 1859 2566 quarum

1063 2577 1145 2603 verba
1166 2576 1290 2603 conversi
1307 2576 1427 2611 plurimi,
1449 2577 1541 2604 miseri
1562 2576 1652 2604 eﬁ‘ecti
1676 2582 1740 2604 sunt
1756 2582 1784 2605 et
1802 2577 1860 2605 clli-

1062 2621 1184 2653 ciuntur,
1200 2627 1228 2648 et
1237 2628 1319 2656 super
1335 2625 1435 2648 terram
1451 2626 1478 2649 et
1494 2622 1520 2649 in
1531 2622 1607 2657 |cce|o
1619 2627 1646 2648 et
1659 2622 1729 2656 apud
1743 2629 1859 2656 superos

1064 2675 1092 2697 et
1108 2670 1179 2703 apud
1202 2668 1318 2696 inferos.
1341 2667 1388 2695 Sic
1407 2668 1497 2695 locuta
1515 2674 1557 2696 est
1571 2668 1698 2701 Jezabel,
1717 2673 1746 2695 et
1760 2668 1859 2696 Achab

1067 2715 1195 2750 perdidit.
1222 2713 1268 2741 Sic
1290 2713 1378 2740 locuta
1400 2718 1444 2741 est
1458 2713 1591 2742 Herodias
1606 2719 1634 2742 et
1648 2713 1783 2741 Herodem
1803 2714 1860 2742 fra-

1069 2768 1137 2790 trem
1155 2761 1272 2796 Pbilippi
1290 2759 1440 2788 interfecit.
1462 2761 1510 2789 Sic
1528 2761 1626 2789 locuta:
1649 2766 1711 2789 sunt
1732 2761 1858 2797 plurima:

1067 2816 1128 2845 qua:
1146 2808 1238 2837 multis
1258 2807 1328 2834 mala
1344 2805 1527 2841 ingesserunt.
1543 2806 1589 2835 Sic
1602 2807 1695 2842 utique
1713 2812 1742 2836 et
1756 2808 1791 2836 ad
1805 2806 1858 2836 Job
