3880 6212
1321 292 1702 356 ANONYMUS
1738 286 1805 344 ΙΝ
1848 282 1987 340 JOB.
2025 309 2092 320 -—
2131 273 2260 329 LIB.
2300 268 2366 324 ll.
3353 247 3460 305 "8

903 444 958 491 et
984 429 1229 490 diabolus
1252 441 1350 498 per
1371 439 1434 478 os
1455 422 1621 483 illius,
1648 416 1790 471 sicut
1819 416 1864 474 Α
1893 407 2073 460 Herem
2102 401 2141 454 ⁸·
2175 398 2498 464 Serpentem
2533 386 2671 444 δίκη
2704 384 2928 449 dixisset
2972 379 3065 437 sed
3103 392 3207 433 ¹¹⁰¹¹
3240 388 3464 443 “Grpe”

1992 497 2001 498 ,
2174 494 2184 498 _
2234 491 2266 498 -.
2310 489 2322 498 .
2384 485 2396 498 .
2576 482 2588 494 .
2625 496 2644 498 γλ
2675 495 2717 498 ,_
2765 486 3066 498 “un”-..
3110 473 3318 498 imm...
3359 477 3438 498 οι..

1893 497 2054 560 dixit,
2092 494 2187 548 sed
2218 485 2468 545 diabolus
2500 482 2590 552 qui
2622 495 2720 550 per
2762 486 3070 547 serpentem
3110 473 3322 526 locutus
3359 477 3462 520 est.

1899 593 1992 649 Sic
2016 601 2069 646 et
2099 601 2246 642 nunc
2283 582 2406 637 istic
2428 590 2654 632 uxorem
2688 572 2818 628 dicit
2844 569 3068 632 dixisse,
3094 565 3186 620 sed
3211 577 3337 616 vere
3363 576 3467 613 non

1899 700 2041 742 uxor
2077 680 2235 740 dixit,
2270 675 2365 732 sed
2399 666 2747 726 adversarius
2781 664 2871 732 qui
2905 677 3000 732 per
3021 661 3253 714 'uxorem
3281 662 3365 708 est
3396 653 3470 704 lo-

1900 784 2079 829 cutus.
2110 768 2256 823 Dixit
2285 764 2352 818 ad
2376 778 2492 818 eum
2520 774 2653 813 uxor
2681 757 2831 826 ejus:
2863 752 3142 819 Quousque
3171 747 3394 802 sustines
3414 741 3472 795 '2

217 328 318 385 677

218 451 360 521 loqui
387 445 555 516 cmpit
575 457 714 499 uxor
739 440 877 508 ejus,

217 553 272 598 et
289 507 402 612 lper
437 507 573 592 alias
621 536 687 590 ad
727 507 864 587 alios
908 529 1118 582 locutus
1159 530 1243 578 est
1285 529 1340 574 et
1377 517 1634 585 loquitur.
1683 507 1791 565 Sed

220 648 326 690 non
355 632 586 685 audiunt
629 627 748 680 illas
798 617 1146 677 rationabiles
1182 613 1353 668 Deum
1391 609 1662 670 timentes,
1701 599 1792 670 qui

219 723 414 780 aeterni
457 718 644 792 judicii
677 711 996 769 metuendas
1033 719 1223 776 pceuas
1263 699 1555 755 formidant
1591 705 1798 748 memo-

224 831 349 881 res,
405 814 548 867 sicut
588 818 642 863 et
673 805 775 860 Job
813 818 919 858 non
957 799 1183 854 audivit.
1223 794 1338 850 Cur
1381 799 1562 844 autem
1613 797 1799 853 repre-

223 905 418 961 hendit
457 915 682 956 uxorem
721 896 821 952 Job
853 904 1108 961 tauquam
1149 885 1543 942 deservientem
1581 875 1796 944 nequis-

223 1000 368 1055 simo
401 995 561 1064 angui
593 988 847 1045 diabolo?
891 979 1266 1053 Reprehensio
1307 987 1546 1042 namque
1574 979 1654 1024 est
1688 968 1804 1021 haec

225 1089 443 1157 ingens,
475 1058 645 1152 atque
696 1075 1013 1146 increpatio.
1057 1071 1299 1126 Primum
1340 1064 1555 1135 quidem
1597 1059 1666 1113 ob
1705 1058 1807 1111 hoc

224 1154 353 1234 eain
404 1171 751 1245 reprehendit
787 1178 953 1236 atque
994 1163 1268 1231 objurgat,
1306 1168 1367 1211 ut
1407 1154 1592 1210 norint
1621 1162 1810 1203 omnes

226 1272 510 1330 viventes,
551 1263 680 1333 quia
724 1275 833 1315 non
871 1267 955 1313 est
987 1264 1339 1326 personarum
1371 1253 1622 1313 acceptor
1645 1240 1807 1300 Deus,

229 1373 288 1418 et
309 1361 440 1433 quia
468 1332 850 1424 nonidespicit,
879 1364 1053 1418 neque
1079 1348 1204 1401 silet
1229 1357 1327 1413 pro
1352 1353 1574 1396 suorum
1599 1332 1814 1389 delictis

232 1465 401 1522 atque
439 1445 779 1521 ignorantiis,
815 1455 987 1510 neque
1021 1437 1233 1506 magnis
1262 1444 1435 1501 neque
1464 1425 1690 1497 pusillis,
1720 1437 1815 1476 ne-

233 1513 343 1618 que
368 1545 422 1599 in
455 1513 656 1604 verbis,
694 1551 871 1606 neque
903 1535 955 1587 in
983 1531 1164 1585 factis.
1202 1527 1283 1582 ου
1312 1526 1416 1578 hoc
1449 1521 1594 1574 enim
1635 1526 1689 1570 et
1718 1513 1817 1568 Sa-

238 1656 360 1696 ram
402 1638 532 1692 olim
573 1633 848 1689 ridentem
894 1643 957 1682 ac
991 1621 1405 1697 promissionem
1440 1629 1592 1669 suam
1636 1624 1819 1680 asper-

239 1739 469 1787 nantem
494 1724 794 1795 redarguit.
835 1722 915 1775 Ob
948 1720 1049 1773 hoc
1076 1715 1241 1770 etiam
1270 1725 1414 1764 nunc
1443 1707 1567 1762 istic
1596 1716 1818 1757 uxorem

239 1825 344 1882 Joh
391 1822 574 1891 arguit
605 1793 770 1886 atque
808 1807 1193 1881 reprehendit,
1229 1812 1288 1857 ut
1324 1808 1533 1855 cunctae
1566 1793 1821 1848 mulieres

243 1925 481 1973 caveant
526 1927 596 1966 ne
632 1907 936 1977 cujuspiam
982 1915 1168 1957 earum
1211 1895 1378 1950 corda
1418 1887 1663 1945 diabolus
1698 1886 1824 1939 sub-

242 2017 450 2070 vertat,
481 2019 549 2060 ne
581 2017 644 2058 os
681 2014 868 2055 earum
901 1996 1136 2050 Satanas
1184 1986 1416 2057 aperiat,
1458 1997 1524 2036 ne
1561 1977 1826 2052 malignus

247 2101 472 2172 spiritus
512 2111 610 2167 per
653 2094 792 2148 labia
841 2101 1030 2146 earum
1077 2084 1370 2151 loquatur,
1417 2090 1483 2129 ne
1519 2071 1830 2126 deserviant

250 2191 468 2247 diabolo
508 2203 605 2259 pro
659 2181 1018 2240 subversione
1073 2175 1378 2230 animarum
1424 2169 1663 2220 virorum
1705 2175 1832 2215 suo—

253 2298 398 2339 rum.
433 2252 606 2335 Et-ad
644 2278 746 2331 hoc
775 2268 1128 2343 reprehendit
1154 2277 1380 2319 uxorem
1411 2258 1531 2323 Job,
1564 2269 1682 2324 qua:
1717 2252 1833 2304 dia-

254 2375 382 2430 bolo
415 2369 706 2427 deservivit
735 2382 834 2436 pro
867 2359 1223 2418 subversione
1252 2355 1390 2424 ejus,
1423 2361 1480 2407 ut
1521 2346 1835 2403 noverimus

257 2483 362 2523 nos
405 2465 690 2532 plurimam
726 2434 890 2527 atque
932 2449 1290 2519 multiplicem
1343 2442 1543 2499 diaboli
1589 2434 1838 2504 maligni-

257 2569 429 2614 tatem
459 2565 514 2611 et
545 2552 822 2608 astutiam.
855 2548 958 2602 Per
995 2543 1179 2599 omnia
1213 2539 1356 2594 enim
1390 2535 1713 2591 insidiatur,
1743 2541 1839 2597 per

257 2649 444 2706 Omnia
475 2645 795 2701 subvertere
824 2645 1078 2699 conatur,
1102 2641 1157 2686 et
1183 2645 1279 2700 per
1300 2627 1528 2689 amicos,
1557 2631 1612 2677 et
1637 2634 1732 2690 per
1752 2631 1839 2671 so-

261 2740 437 2805 dales,
477 2747 534 2791 et
569 2751 666 2806 per
696 2743 932 2787 uxores:
969 2740 1089 2796 quas
1132 2723 1185 2777 in
1213 2720 1315 2775 Job
1358 2715 1652 2783 adimpleta
1693 2717 1839 2772 sunt,

263 2848 427 2904 quem
455 2829 614 2883 amici
649 2820 1151 2893 reprehenderunt,
1189 2826 1326 2866 uxor
1361 2822 1492 2863 vero
1523 2805 1844 2860 subvertere

265 2929 387 2983 nisa
424 2931 526 2977 est.
554 2918 757 2973 Horum
786 2909 1176 2968 scilicetetiam
1202 2901 1536 2974 posteriores
1563 2895 1844 2964 prophetae

267 3027 543 3073 memores
590 3010 882 3064 dixerunt:
946 3001 1129 3057 Nolite
1180 2996 1390 3051 credere
1436 2989 1745 3051 sodalibus,
1797 2993 1844 3037 et

269 3125 393 3164 cum
425 3106 611 3160 amicis
645 3101 725 3156 vel
753 3099 1008 3169 fratribus
1035 3092 1199 3146 nolite
1223 3086 1506 3142 consiliare
1525 3122 1540 3147 ,
1566 3098 1598 3135 a
1628 3078 1847 3146 conjuge

273 3211 368 3255 tua
396 3210 444 3250 te
471 3197 681 3249 observa
705 3193 772 3242 ⁸³.
818 3188 922 3242 Pro
975 3185 1060 3239 his
1099 3195 1228 3249 ergo
1263 3177 1517 3233 omnibus
1559 3183 1844 3229 accusans,

273 3302 442 3360 atque
476 3284 876 3356 reprehendens
903 3290 1128 3332 uxorem
1169 3285 1324 3327 suam
1354 3265 1472 3329 Job,
1505 3264 1661 3318 dixit.
1704 3257 1851 3312 Dixit

277 3394 460 3438 autem
491 3394 629 3433 uxor
651 3375 772 3443 ejus
799 3385 1012 3433 vecors,
1035 3363 1326 3426 vertibilis,
1365 3355 1654 3416 instabilis,
1688 3363 1851 3421 quam

281 3476 440 3532 facile
481 3469 680 3526 diaboli
722 3466 916 3520 fluctus
963 3458 1260 3519 subvertit,
1307 3455 1358 3506 in
1409 3448 1564 3518 cujus
1609 3444 1844 3498 animam

281 3563 604 3636 nequissimi
647 3559 905 3614 illecehra
947 3552 1105 3607 facile
1146 3545 1386 3616 irrepsit.
1442 3540 1568 3594 Haec
1611 3533 1858 3589 videlicet

284 3671 424 3713 uxor
451 3655 568 3724 ejus
596 3651 736 3705 dixit
760 3648 827 3700 ad
856 3659 1004 3706 eum,
1033 3655 1196 3710 quam
1227 3636 1348 3690 ideo
1391 3629 1561 3684 solam
1590 3626 1656 3681 de
1681 3622 1860 3678 omni-

287 3750 392 3807 bus
427 3715 796 3813 nequissimus
833 3733 1077 3791 diabolus
1117 3739 1403 3796 superesse
1433 3717 1625 3782 voluit,
1663 3725 1723 3770 ut
1761 3715 1865 3769 hac

288 3838 588 3896 novissima
617 3838 865 3885 uteretur
889 3821 1103 3895 proJob
1127 3815 1466 3875 seductione,
1489 3819 1651 3878 atque
1676 3805 1868 3860 animas

288 3936 408 4004 ejus
433 3927 811 3985 subversioue.
843 3920 969 3974 Sive
990 3917 1133 3971 enim
1162 3913 1302 3965 Deus
1330 3903 1587 3978 praecepit
1613 3902 1755 3955 hanc
1785 3912 1870 3951 re-

293 4024 528 4089 servari,
556 4021 702 4076 sicut
731 4028 786 4071 et
811 4010 1087 4085 praecepit,
1119 4007 1188 4060 ob
1216 4005 1321 4059 hoc
1349 4009 1408 4056 ut
1435 3998 1552 4068 ejus
1579 3993 1872 4050 secundam

294 4130 520 4173 uxorem
549 4114 730 4182 justus
758 4107 850 4163 ille
875 4102 975 4159 Job
1008 4100 1258 4168 accipere
1285 4107 1425 4164 opus
1454 4105 1558 4145 non
1606 4085 1830 4142 haberet
1858 4100 1871 4134 :

297 4209 416 4264 sive
445 4204 531 4258 ille
559 4203 805 4256 diabolus
839 4197 980 4250 hanc
1008 4186 1359 4247 conservavit
1388 4191 1628 4249 tractans
1652 4185 1710 4230 ut
1739 4175 1877 4229 hanc

297 4300 608 4357 ministram
642 4287 947 4361 iniquitatis
978 4300 1091 4340 sua:
1115 4281 1375 4342 haberet,
1412 4285 1468 4330 ut
1497 4275 1639 4328 hanc
1656 4268 1879 4324 haberet

300 4407 404 4464 pro
427 4387 724 4444 novissimo
754 4383 857 4438 Job
887 4382 1078 4449 laqueo
1097 4416 1115 4442 ,
1143 4383 1202 4428 ut
1231 4380 1514 4440 postquam
1547 4378 1642 4434 per
1665 4371 1880 4415 omnem

303 4575 453 4630 sicut
480 4573 596 4641 ipse
619 4567 994 4623 arbitrabatur
1021 4558 1224 4621 infelix,
1247 4551 1553 4609 aestimabat
1577 4556 1741 4614 atque
1765 4555 1888 4609 spe-

309 4669 487 4722 rabat.
538 4664 612 4716 De
661 4661 821 4728 longe
864 4655 1007 4709 enim
1050 4649 1189 4706 oculi
1240 4647 1356 4715 ejus
1402 4639 1775 4699 considerant,
1821 4633 1889 4685 de

306 4757 473 4823 longe
506 4751 772 4821 iniquitas
809 4745 925 4813 ejus
967 4738 1304 4811 prospiciens
1334 4727 1721 4790 circumvenit,
1763 4721 1896 4777 insi-

309 4821 433 4904 dias
457 4858 647 4899 omnes
669 4847 873 4908 captat,
898 4827 1353 4903 quemadmodunt
1379 4821 1744 4880 subintroeat,
1769 4827 1897 4880 quo-

309 4939 477 4995 modo
508 4934 728 5004 dejiciat
750 4972 766 4998 ,
796 4927 1064 4999 quomodo
1093 4921 1219 4975 Adae
1265 4912 1642 4970 familiaritate
1685 4918 1894 4976 praeva-

311 5035 536 5088 ricaret.
573 5002 661 5083 “Οι›
697 5025 802 5079 hoc
837 5034 965 5089 ergo
995 5009 1296 5071 reservavit
1327 5015 1490 5076 atque
1519 5002 1738 5070 reliquit
1765 5010 1897 5051 uxo—

317 5087 430 5179 rem
453 5121 591 5185 Job,
624 5119 766 5172 sicut
802 5123 857 5168 et
895 5087 1268 5165 illos'nuntios
1306 5099 1396 5167 qui
1441 5095 1691 5150 dicebant
1735 5108 1748 5142 :
1785 5087 1898 5155 Ego

318 5214 551 5268 remansi
596 5208 764 5268 solus,
803 5213 859 5257 ut
901 5200 1198 5255 nuntiarem
1235 5191 1328 5245 tibi
1350 5192 1417 5241 ".
1465 5187 1546 5240 Ob
1585 5186 1686 5237 hoc
1726 5179 1898 5233 solum

323 5305 446 5359 illos
477 5298 808 5360 reservavit,
845 5303 899 5349 ut
941 5295 1343 5357 consequenter
1376 5280 1594 5336 dolores
1636 5275 1903 5327 subeuar-

325 5405 530 5450 rarent.
556 5393 670 5448 Hoc
692 5389 902 5446 scilicet
923 5385 1307 5440 demonstrans
1328 5375 1491 5430 dicit:
1522 5369 1665 5423 Dixit
1688 5363 1756 5417 ad
1783 5376 1901 5416 eum

327 5504 465 5542 uxor
496 5487 632 5556 ejus.
667 5483 902 5539 Uxorem
932 5478 1066 5534 dixit
1095 5473 1303 5530 dixisse
1324 5511 1340 5533 ,
1383 5467 1476 5522 sed
1506 5476 1631 5517 vere
1660 5455 1906 5513 diabolus

333 5583 493 5635 dixit.
517 5550 612 5633 Sic
646 5586 880 5644 namque
904 5581 960 5626 et
987 5568 1115 5626 olim
1143 5565 1251 5620 ait;
1285 5560 1432 5616 Dixit
1458 5568 1668 5625 serpens
1699 5550 1767 5604 ad
1794 5562 1914 5600 mu-

414 5827 460 5859 ”
482 5823 642 5882 Mich.
681 5837 778 5890 vn,
804 5821 853 5876 5.
930 5819 972 5854 ³⁸
1005 5817 1102 5875 Job
1135 5831 1175 5884 ι,
1209 5813 1290 5868 15.
1373 5813 1386 5841 ¹
1414 5808 1549 5864 Gen.
1591 5819 1672 5871 ut,
1707 5801 1755 5856 ‘..

1906 866 2046 934 Quid
2072 856 2442 931 superamus?
2477 851 2608 923 quid
2648 845 3033 918 suspicamur?
3065 840 3192 912 quid
3237 837 3475 893 mSIima-

1905 956 2074 1014 mus?
2111 929 2219 1025 quo
2255 957 2476 1020 aspectu
2507 988 2521 1013 ,
2569 960 2603 998 ο
2632 942 2734 996 viri
2766 981 2781 1004 ,
2823 938 2909 992 vel
2954 951 3058 1007 qua
3109 932 3247 987 facie
3295 929 3474 984 locuta

1907 1062 1992 1108 est
2013 1049 2079 1105 ad
2102 1022 2204 1103 Job
2227 1059 2366 1101 uxor
2392 1038 2556 1111 ejus?
2582 1033 2933 1090 Manifestum
2957 1039 3041 1086 est
3071 1038 3232 1094 atque
3255 1022 3480 1076 evidens

1909 1142 2164 1200 omnibus
2193 1179 2207 1202 ,
2260 1134 2403 1205 quod
2453 1131 2543 1187 illa
2591 1144 2696 1184 non
2754 1125 2930 1180 locuta
2974 1129 3059 1174 est
3103 1115 3264 1172 hilari
3307 1112 3479 1175 vultu,

1913 1249 2090 1302 neque
2140 1202 2560 1293 laeto-aspectu,
2610 1217 2704 1273 sed
2750 1213 2929 1274 tristi,
2971 1209 3227 1270 imbrido,
3276 1202 3481 1262 nubilo,

1913 1324 2088 1386 ﬂenti,
2133 1319 2283 1376 omni
2329 1313 2685 1371 nihilominus
2726 1307 2946 1363 miseria
2985 1301 3226 1356 referto:
3273 1304 3329 1349 et
3367 1294 3484 1362 ipsa

1915 1431 2051 1472 voce
2081 1409 2416 1478 lacrvmabili
2445 1405 2730 1462 commista
2758 1396 3166 1455 lamentatione.
3197 1389 3286 1445 Sic
3310 1388 3489 1454 itaque

1917 1476 2282 1563 miserabilem
2311 1515 2368 1555 se
2393 1496 2660 1553 exhibens
2687 1491 2908 1559 iniquus
2935 1495 3097 1554 atque
3122 1479 3350 1537 callidus
3377 1476 3492 1529 dia-

1919 1597 2074 1653 bolus
2098 1595 2454 1663 aperiensque
2487 1603 2548 1642 os
2571 1599 2750 1645 suum.
2787 1581 2918 1636 dicit
2949 1578 3012 1632 ad
3033 1574 3134 1631 Job
3161 1592 3175 1627 :
3212 1570 3492 1635 Quousque

1922 1687 2148 1742 sustines
2173 1685 2198 1737 .9
2232 1684 2273 1734 Ο
2309 1657 2641 1747 nequissime
2669 1671 2894 1732 Satana,
2925 1664 3194 1735 quomodo
3224 1657 3495 1715 subtiliter

1923 1777 2172 1838 seducis,
2205 1769 2477 1842 quomodo
2519 1764 2714 1821 callide
2757 1759 3025 1828 loqueris,
3073 1769 3106 1808 ο
3145 1746 3497 1804 callidissime

1924 1867 2157 1925 diabole.
2201 1865 2526 1930 Quousque,
2574 1854 2862 1925 inquiens,
2897 1842 3176 1903 sustines?
3220 1848 3501 1909 quousque

1924 1959 2162 2018 suffers?
2210 1967 2492 2026 quousque
2534 1944 2818 2018 protelas?
2867 1951 3152 2010 quousque
3184 1938 3502 1988 constanter

1928 2053 2184 2126 perstas?
2231 2047 2502 2116 Quandiu,
2548 2041 2744 2109 inquit,
2786 2038 2898 2092 eris
2927 2031 3197 2102 lapidibus
3231 2021 3503 2079 robustior

1929 2163 1986 2202 et
2008 2146 2154 2200 saxis
2177 2142 2386 2204 durior,
2414 2147 2469 2193 et
2494 2133 2643 2191 omni
2678 2131 2822 2186 ferro
2855 2124 3095 2182 firmior?
3121 2121 3345 2175 Ferrum
3379 2129 3502 2167 cum

1933 2236 1987 2291 iu
2027 2236 2204 2306 ignem
2246 2231 2470 2285 missum
2516 2224 2682 2280 fuerit
2714 2217 2986 2290 liquescit,
3032 2224 3087 2268 tu
3121 2226 3252 2265 vero
3291 2208 3346 2260 iu
3383 2207 3505 2274 igne

1935 2323 2242 2398 putredinis
2271 2330 2434 2389 atque
2463 2315 2728 2371 vermium
2770 2308 3014 2379 positus,
3058 2301 3244 2357 animo
3288 2312 3394 2351 non
3441 2295 3508 2346 lio

1937 2415 2197 2488 quescis?
2228 2388 2510 2479 Quousque
2531 2401 2800 2461 sustines?
2830 2399 3143 2465 Quousque,
3171 2388 3368 2458 inquit,
3403 2399 3508 2438 non

1937 2509 2192 2571 flecteris,
2227 2476 2511 2575 quousque
2547 2512 2651 2552 non
2685 2492 2892 2554 deficis,
2921 2497 3204 2555 quousque
3232 2497 3337 2535 non
3365 2476 3512 2532 debi-

1940 2599 2157 2661 litaris?
2188 2574 2266 2652 Ac
2295 2595 2339 2649 si
2364 2593 2570 2647 diceret
2595 2606 2608 2642 :
2643 2587 2758 2656 Ego
2783 2581 2996 2644 delicio,
3029 2592 3063 2632 υ
3088 2574 3208 2638 Job,
3242 2581 3296 2626 et
3324 2580 3378 2622 ttt
3407 2582 3514 2621 non

1943 2691 2172 2755 deﬁcis;
2213 2700 2311 2755 ego
2353 2682 2614 2751 fatigatus
2653 2692 2793 2741 sum,
2822 2681 2876 2727 ct
2912 2679 2967 2724 tu
3005 2682 3110 2721 non
3151 2678 3210 2718 es
3242 2660 3515 2729 fatigatus.

1945 2783 2277 2839 Defecerunt
2299 2792 2328 2830 a
2360 2788 2445 2828 me
2473 2769 2657 2828 omnia
2685 2771 3024 2835 argumenta,
3053 2773 3083 2812 a
3114 2767 3169 2812 te
3197 2763 3380 2810 autem
3411 2765 3519 2806 non

1947 2871 2129 2928 deficit
2153 2865 2389 2933 devotio,
2421 2871 2583 2931 atque
2628 2854 2912 2928 patientia.
2945 2850 3225 2918 Quousque
3257 2837 3522 2900 sustines?

1950 2961 2199 3030 Quandiu
2223 2968 2276 3011 tu
2296 2946 2862 3026 flagellaris?quandiu
2882 2959 2912 2998 a
2933 2958 3017 2997 me
3035 2939 3305 3009 torqueris
3322 2946 3373 2989 et
3391 2949 3525 2988 cuu-

1951 3068 2036 3111 cta
2053 3051 2315 3115 sustines,
2333 3057 2386 3100 et
2403 3050 2691 3114 supportas
2721 3037 2997 3094 universa.
3018 3041 3071 3086 et
3088 3045 3192 3084 non
3225 3025 3393 3082 solum
3418 3033 3527 3076 tor—

1950 3156 2126 3202 menta
2139 3153 2299 3212 atque
2315 3135 2597 3208 supplicia,
2615 3131 2707 3186 sed
2723 3140 2776 3184 et
2791 3126 3132 3183 seductiones
3156 3134 3218 3175 ac
3240 3119 3527 3173 verborum

1951 3239 2300 3299 subtilitates,
2321 3239 2513 3288 cuncta
2529 3226 2782 3289 sustines,
2797 3231 2989 3278 cuncta
3003 3216 3217 3281 suffers,
3234 3211 3326 3268 sed
3342 3226 3369 3263 a
3387 3208 3533 3262 nullo

1953 3326 2233 3386 flecteris?
2268 3297 2580 3390 Quousque,
2627 3314 2825 3384 inquit,
2875 3309 3136 3371 sustines,
3173 3318 3205 3358 ο
3236 3300 3382 3357 Job?
3430 3297 3532 3364 Qui

1957 3420 2297 3482 sustinebat,
2341 3414 2437 3484 qui
2483 3408 2865 3479 torquebatur,
2914 3417 3020 3456 non
3078 3407 3161 3453 est
3206 3392 3534 3450 debilitatus.

1961 3527 2134 3582 neque
2169 3509 2237 3563 ad
2282 3500 2654 3560 sustinendum
2714 3498 3097 3552 consternatus
3135 3505 3150 3542 :
3195 3493 3368 3540 tortor
3412 3493 3540 3534 vero

1961 3570 2076 3671 ejus
2117 3598 2367 3654 diabolus
2396 3595 2722 3652 delassatus,
2776 3601 2840 3640 ac
2884 3581 3160 3644 deﬁciens,
3193 3576 3323 3631 dicit
3352 3592 3364 3627 :
3397 3570 3535 3636 Quo-

1963 3709 2126 3764 usque
2153 3687 2421 3746 sustines?
2452 3685 2572 3740 Nou
2608 3679 2859 3746 dicitJob
2881 3676 2973 3743 qui
3004 3671 3379 3741 torquebatur,
3410 3677 3543 3733 quo-

1968 3801 2137 3856 usque
2166 3782 2485 3842 sustineam,
2509 3785 2790 3846 quousque
2823 3765 3115 3838 torquear?
3141 3759 3393 3817 Diabolus
3416 3771 3545 3811 vero

1968 3880 2059 3948 qui
2094 3891 2197 3930 non
2230 3870 2537 3928 sustinebat
2574 3865 2788 3918 dolores
2810 3903 2824 3923 .
2850 3859 2945 3914 sed
2975 3853 3370 3912 confusionem,
3402 3847 3548 3901 dice-

1969 3972 2063 4026 bat
2099 3968 2165 4020 ad
2201 3964 2496 4034 patientem
2529 3967 2694 4027 atque
2723 3951 3119 4008 sustinentem:
3146 3945 3427 4010 Quousque
3454 3953 3548 3991 su-

1974 4061 2177 4116 stines?
2209 4056 2309 4112 Job
2345 4053 2436 4123 qui
2470 4048 2794 4109 sustinebat,
2840 4058 2945 4097 non
2978 4035 3402 4093 succumbebat:
3442 4029 3553 4082 dia-

1976 4155 2135 4210 bolus
2180 4164 2310 4204 vero
2355 4145 2446 4216 qui
2510 4157 2615 4197 non
2665 4136 3006 4197 sustinebat,
3073 4127 3379 4183 deficiebat.
3435 4117 3553 4174 Non

1980 4247 2127 4302 enim
2167 4244 2267 4299 hoc
2297 4213 2440 4310 quod
2468 4236 2620 4299 dicit,
2653 4233 2936 4298 Quousque
2976 4223 3247 4280 sustines?
3285 4213 3555 4271 fortitudi-

1984 4354 2104 4394 nem
2135 4337 2474 4390 demonstrat
2509 4322 2832 4384 sustinentis
2852 4360 2867 4386 ,
2899 4319 2993 4375 sed
3027 4314 3295 4371 defectum
3324 4304 3562 4362 ostendit

1804 4458 1881 4510 ει,
1916 4452 1960 4505 ι)
1986 4427 2361 4503 percutientis.
2408 4419 2773 4492 Conqueritur
2813 4414 2904 4484 qui
2943 4409 3138 4472 caedit,
3186 4412 3240 4458 et
3279 4415 3387 4456 non
3430 4412 3560 4452 con-

1990 4525 2234 4594 queritur
2281 4519 2372 4589 qui
2417 4487 2661 4584 Vapulat.
2704 4506 2993 4576 Quandiu,
3043 4497 3252 4568 inquit,
3290 4487 3570 4546 sustines?

1993 4616 2326 4686 Liquel'acta:
2362 4618 2508 4671 sunt,
2547 4603 2746 4675 inquit,
2795 4610 2988 4654 carnes
3031 4604 3153 4654 tuae,
3197 4602 3230 4641 ο
3268 4584 3397 4646 Job,
3436 4595 3557 4633 con-

1995 4716 2208 4775 sumpta
2244 4710 2370 4757 sunt
2407 4714 2533 4754 ossa
2562 4671 2651 4750 tua
2673 4705 2724 4750 et
2758 4689 2930 4753 nervi,
2961 4680 3262 4757 putrefacta
3297 4683 3381 4728 est
3402 4671 3580 4725 etiam.

2000 4809 2144 4852 terra
2175 4796 2288 4864 ipsa
2321 4792 2419 4846 sub
2447 4800 2518 4851 te.
2546 4796 2600 4844 et
2628 4785 2804 4838 adhuc
2829 4779 3088 4839 sustines,
3115 4788 3147 4828 ο
3180 4767 3321 4825 Job?
3349 4760 3574 4819 Locutio

2003 4891 2333 4959 linguarum,
2361 4891 2414 4938 et
2440 4894 2622 4934 sermo
2641 4875 2934 4933 viatorum,
2960 4878 3016 4922 et
3039 4864 3262 4920 nuntius
3287 4868 3571 4912 transeun-

2007 4986 2162 5045 tium,
2194 4987 2249 5032 et
2273 4969 2638 5044 spectaculum
2682 4966 2770 5020 his
2799 4964 2888 5033 qui
2929 4960 3084 5030 longe
3128 4965 3274 5019 sunt,
3312 4961 3367 5006 et
3405 4944 3573 5002 decli-

2011 5075 2157 5131 natio
2203 5072 2286 5126 ltis
2318 5067 2407 5135 qui
2453 5077 2622 5134 prope
2664 5068 2786 5114 sunt
2825 5056 3002 5109 factus
3039 5065 3133 5116 es,
3178 5057 3231 5102 et
3272 5044 3445 5098 adhuc
3487 5053 3588 5094 su—

2009 5171 2212 5230 stines,
2249 5178 2280 5216 o
2311 5157 2451 5215 Job?
2480 5154 2836 5208 Transierunt
2879 5155 3064 5200 noctes
3102 5151 3156 5196 et
3193 5139 3306 5193 dies
3338 5145 3392 5190 et
3431 5147 3582 5185 uten-

2007 5277 2095 5317 ses
2136 5260 2190 5312 in
2229 5252 2504 5310 doloribus
2540 5246 2682 5308 tuis,
2717 5243 2895 5295 adhuc
2930 5231 3206 5291 sustines?
3246 5226 3461 5290 Defeci,
3495 5223 3583 5275 in.

2016 5354 2156 5423 quit,
2200 5349 2362 5403 etiam
2403 5351 2459 5398 et
2496 5354 2596 5409 ego
2618 5335 2879 5390 assistens
2911 5328 3027 5391 tibi,
3071 5320 3352 5390 invigilaus
3380 5326 3433 5369 et
3457 5326 3584 5380 spe-

2020 5401 2156 5423 1'",
2209 5401 2224 5403 -
2531 5401 2559 5409 ν

2017 5459 2146 5499 rans
2196 5441 2242 5497 si
2292 5451 2398 5508 quo
2437 5433 2598 5490 modo
2639 5426 2893 5484 deficiens
2940 5418 3363 5488 blasphemares,
3411 5403 3495 5459 vel
3539 5401 3587 5458 si

2018 5531 2288 5605 quomodo
2311 5492 2682 5586 succumbens
2710 5515 3027 5576 detraheres
3058 5527 3072 5564 :
3109 5516 3164 5564 et
3197 5513 3253 5559 tu
3297 5512 3407 5556 nou
3437 5492 3590 5551 dete-

1833 5797 1849 5828 ²
1885 5791 1982 5850 Job
2020 5805 2081 5856 tt,
2106 5787 2160 5843 9.
