1942 3109
211 164 265 198 ω

767 169 959 199 ANONYMUS
978 168 1011 196 IN
1029 168 1099 196 JOB.
1119 183 1153 190 —-
1172 167 1237 197 LIB.
1255 166 1289 196 ll.

1781 171 1831 199 480

211 229 290 262 cistis
310 235 398 264 neque
424 228 607 261 succubuisti,
635 229 683 256 sed
707 229 795 257 adhuc
819 234 938 257 sustines
951 249 958 260 ,
982 237 998 256 ο
1013 232 1036 260 Α
1051 227 1139 262 magni
1149 227 1282 254 fuerunta
1298 226 1406 260 saeculo,
1416 230 1443 253 et
1454 226 1613 262 plerumque
1626 234 1718 255 eorum
1733 235 1831 257 memoo

212 273 284 303 Job?
308 275 473 303 Defecerunt
487 275 598 308 divitias,
622 275 782 303 defecerunt
802 275 861 307 ﬁlii,
886 283 997 310 compu-

213 323 339 346 truerunt
352 323 460 351 carnes,
482 319 620 353 liquefacti
639 326 703 347 sunt
726 321 814 354 nervi,
834 326 861 347 et
883 328 944 348 ossa
970 321 997 348 in

212 368 334 391 stercora
356 365 465 392 redacta
486 369 561 396 sunt,
582 368 653 392 terra
668 365 917 393 concalescentibus
936 374 996 393 car-

212 409 292 437 nibus
312 409 366 437 luis
380 410 522 437 commista
535 430 543 442 ,
556 414 584 438 et
596 410 686 438 adhuc
698 411 838 439 sustines?
851 412 926 444 Quod
941 412 998 439 elli-

211 454 321 481 ciuntur
339 455 438 482 mortui
460 456 488 483 in
510 456 635 490 sepulcro
658 461 717 491 post
732 461 859 490 mortem,
882 458 997 491 putredo

210 504 239 527 et
253 507 358 527 vermes
375 505 457 535 atque
479 505 559 528 terra
579 502 733 535 commisti,
756 502 809 530 hoc
825 503 950 530 videlicet
969 508 997 531 tu

211 543 325 572 eﬁ'r-ctus
347 545 436 573 adhuc
451 546 544 573 vivens
568 546 677 579 videris,
695 551 723 574 et
737 554 818 582 super
832 547 889 575 haec
906 550 997 575 omnia

210 589 300 617 adhuc
307 590 437 623 sustines,
448 599 465 618 ο
475 590 526 619 Job
534 611 541 623 ,
556 591 653 620 suﬁ'ers
662 592 815 627 hujusmodi
831 594 996 628 passionem,

210 635 319 670 qualern
334 644 388 664 non
400 638 532 665 sustinuit
547 639 622 673 prior
638 643 664 666 te
677 639 763 672 alter,
782 647 869 675 neque
883 641 998 668 sustine-

210 681 250 709 bit
263 682 332 710 alius
345 691 430 718 usque
448 685 474 711 in
489 685 683 719 sempiternum
699 690 760 720 post
777 687 824 713 te?
843 687 996 722 Quousque,

210 727 310 763 inquit,
327 731 441 758 sustines
454 732 466 758 7
483 730 617 759 Deiiciens
628 733 684 767 jam
702 733 856 768 requiesce,
871 737 901 760 ut
916 734 998 762 etiam

210 782 255 802 me
273 776 445 809 requiescere
463 778 548 805 facias
566 786 581 805 a
600 779 671 806 bello
686 783 713 806 et
732 780 892 812 certamine,
917 785 998 816 atque

210 821 403 850 colluctatione
416 831 497 858 quam
510 824 597 851 habeo
609 825 681 852 circa
697 831 732 853 te.
752 825 805 853 Sed
821 826 855 853 ad
869 826 926 853 haec
938 827 998 854 uui-

210 874 290 894 versa
313 876 368 896 uno
388 870 472 896 verbo
494 870 634 904 respondit
654 871 768 899 dicens:
790 871 819 899 Si
846 871 997 907 interrogas

210 920 266 946 tne,
278 921 295 941 ο
312 914 429 946 inimice,
443 923 585 951 quousque
604 917 765 949 sustineam,
781 918 855 945 audi.
872 917 995 951 Quamliu

210 960 343 992 percutis,
365 959 411 986 illo
434 968 519 994 usque
539 968 590 995 ego
610 962 746 995 sustineo;
762 963 880 997 quandiu
900 968 926 990 tu
942 969 997 991 torv-

210 1011 287 1038 ques,
307 1005 352 1032 illo
365 1013 451 1040 usque
469 1013 519 1041 ego
538 1007 655 1040 suﬂ'ero;
679 1009 797 1042 quandiu
816 1013 843 1036 tu
865 1008 996 1044 flagellas,

211 1050 258 1077 illo
271 1058 357 1086 usqtte
367 1059 418 1086 ego
433 1059 578 1086 exspecto;
597 1054 716 1088 quandiu
730 1062 784 1082 non
799 1055 928 1083 defecerit
942 1064 999 1083 ma-

209 1096 322 1131 lignitas
336 1105 418 1132 quam
434 1099 517 1127 habes
531 1099 604 1126 circa
619 1107 673 1132 me,
692 1100 738 1128 illo
756 1108 843 1136 usque
861 1109 914 1129 non
928 1102 997 1131 deﬁ-

210 1142 265 1169 ciet
283 1143 426 1171 tolerantia
440 1151 521 1179 quam
540 1144 626 1172 habeo
644 1146 717 1173 circa
734 1151 771 1173 te.
795 1146 934 1180 Delusisti,
954 1147 996 1174 in-

209 1188 290 1223 quit,
316 1189 510 1224 temetipsum,
534 1199 551 1218 o
582 1191 708 1225 diabole,
729 1200 790 1220 cum
817 1198 897 1228 putas
925 1195 997 1228 quod

209 1234 295 1262 Adam
313 1235 453 1263 incautum
470 1237 617 1270 inveneris,
636 1242 664 1265 et
681 1239 791 1266 nescisti
806 1240 878 1274 quod
899 1241 996 1268 adver-

209 1289 270 1308 sum
284 1280 335 1309 Job
357 1288 529 1311 constantem
550 1285 601 1312 hoc
622 1285 762 1314 habueris.
781 1286 835 1314 Sed
853 1287 943 1314 adhuc
963 1289 996 1314 ad

209 1326 328 1362 priorem
339 1335 450 1356 sensum
461 1334 543 1364 atque
554 1337 705 1358 sermonem
719 1337 897 1360 revertamur.
910 1332 998 1365 Quan-

208 1374 269 1407 Δία,
288 1375 385 1409 inquit,
404 1376 516 1403 sustines
528 1377 541 1403 2
561 1376 666 1404 Deinde
683 1381 812 1412 tanquam
828 1379 999 1413 cogitationi-

209 1418 261 1447 bus
281 1419 341 1454 ejus
361 1425 444 1456 atque
464 1422 563 1456 spebus
585 1423 775 1457 compendium
796 1423 900 1452 faciens
916 1429 999 1459 atque

210 1466 395 1500 respondens,
421 1466 552 1501 adjiciens
573 1469 640 1496 dicit
658 1478 665 1496 :
685 1468 753 1496 Ecce
773 1475 894 1503 exspecto
912 1471 999 1498 adhuc

209 1520 322 1545 paucam
339 1518 448 1547 tempus,
464 1522 572 1548 speratis
596 1523 667 1549 spem
692 1516 787 1543 salutis
807 1525 871 1544 mese
883 1518 903 1544 '.
926 1517 998 1544 Tan-

208 1565 290 1592 quam
313 1559 337 1586 si
362 1559 487 1588 diceret:
506 1560 631 1594 Quandiu
654 1563 774 1591 sustines
798 1563 851 1590 hoc
875 1568 998 1592 tractans

209 1608 237 1630 et
264 1603 316 1631 hoc
336 1606 471 1639 cogitans,
494 1611 577 1641 atque
597 1608 677 1635 istam
701 1616 777 1643 spem
803 1609 902 1643 habes,
925 1611 998 1645 quod

207 1650 298 1677 adhuc
314 1651 450 1678 modicum
467 1657 573 1687 tempus
595 1655 731 1688 sustines,
750 1656 865 1683 salutem
883 1661 910 1683 et
933 1657 999 1684 libe-

208 1694 356 1728 rationem,
377 1700 457 1731 atque
475 1698 596 1731 requiem
620 1705 798 1734 exspectans,
817 1701 933 1736 teipsum
952 1701 999 1729 de-

209 1739 290 1773 ludis,
306 1748 322 1768 o
334 1740 394 1769 Job.
415 1741 474 1770 Non
490 1744 563 1771 enim
584 1744 620 1771 ita
637 1753 667 1773 es
681 1746 878 1781 deprehensus,
900 1752 929 1774 ut
941 1756 999 1775 mo-

209 1785 271 1814 dico
287 1788 425 1815 sustinens
447 1793 569 1823 tempore
587 1791 695 1819 evadas.
720 1792 779 1820 Non
804 1794 880 1827 talia,
898 1794 997 1829 inquit,

208 1835 237 1858 te
262 1833 332 1859 mala
350 1832 539 1867 circumdant,
561 1843 578 1863 o
597 1836 695 1870 homo,
720 1842 750 1865 ut
775 1845 835 1866 cum
864 1839 998 1867 modicum

209 1878 341 1912 temporis
362 1879 420 1906 haec
438 1882 665 1916 supportaveris;
680 1883 794 1911 salutem
810 1891 921 1918 sperare
935 1893 998 1920 pos-

209 1921 268 1949 sis:
289 1923 336 1950 sed
364 1924 513 1959 sustinens,
540 1925 639 1961 inquit,
664 1929 823 1963 sustinebis,
844 1934 872 1957 et
892 1931 999 1965 patiens

208 1969 336 2003 patieris,
364 1975 393 1998 et
414 1971 476 1999 ﬁnis
499 1974 632 2007 passionis
653 1980 735 2009 atque
761 1976 862 2004 doloris
886 1978 923 2004 tui
945 1986 998 2005 non

208 2015 272 2042 erit.
286 2015 363 2050 Quod
381 2018 454 2045 enim
469 2017 591 2047 facturus
603 2027 634 2048 es
645 2020 670 2048 in
687 2021 791 2054 ultimo,
805 2030 866 2049 cum
882 2023 997 2058 plurima

209 2067 306 2094 passus
321 2062 423 2096 fueris,
444 2072 476 2091 ac
492 2066 670 2098 sustinueris,
691 2072 721 2094 ut
736 2067 912 2102 blasphemes
924 2088 931 2101 ,
947 2069 999 2096 hoc

209 2113 274 2135 sane
297 2115 346 2135 cur
363 2117 416 2137 non
437 2110 504 2138 facis
523 2112 660 2146 celeriter,
683 2119 713 2141 ut
731 2113 826 2141 saltem
851 2114 893 2142 vel
915 2123 997 2143 unum

207 2160 242 2181 ex
264 2155 330 2190 ipsis
348 2156 487 2185 doloribus
501 2158 633 2193 eﬁugiens
649 2161 815 2196 requiescas.
832 2161 897 2189 Haec
908 2162 999 2197 itaque

208 2200 336 2229 universa
356 2207 437 2237 atque
453 2204 496 2232 his
509 2205 585 2239 plura
600 2206 784 2241 nequissimus
795 2207 920 2235 diabolus
935 2207 998 2236 licet

1012 1583 1033 1612 ο

1049 273 1088 300 ria
1098 276 1247 308 permanet,
1254 272 1334 299 autin
1344 272 1442 304 verbis,
1451 277 1497 299 aut
1506 273 1531 299 in
1541 272 1631 304 factis,
1639 273 1718 300 autin
1728 273 1830 302 liberis:

1049 324 1092 346 tua
1105 323 1194 346 autem
1212 319 1341 345 memoria
1360 319 1449 346 omnis
1463 318 1554 346 subito
1569 320 1747 346 exterminata
1763 325 1805 348 est
1816 329 1831 348 a

1048 368 1130 394 terra,
1143 370 1238 398 neque,
1249 363 1346 398 inquit,
1357 363 1465 390 verbum
1475 368 1535 398 post
1543 368 1579 396 te,
1592 371 1680 398 neque
1692 364 1761 392 lilius
1770 386 1777 398 ,
1790 373 1832 392 no-

1047 416 1099 443 que
1110 408 1174 440 ﬁlia,
1185 415 1272 443 neque
1283 408 1393 440 factum,
1404 415 1452 443 per
1462 415 1521 442 qum
1532 408 1616 442 possit
1633 413 1706 436 stare
1722 416 1830 444 praster-

1048 455 1107 482 iens
1117 454 1247 482 memoria
1261 459 1318 482 tua.
1331 454 1402 489 Ergo
1411 454 1472 489 quia
1485 454 1588 481 nullum
1600 455 1632 482 de
1646 455 1688 482 bis
1699 460 1758 490 post
1772 456 1830 482 tein

1047 500 1389 533 memoriaremansit,ideo
1403 501 1582 528 exterminata
1596 506 1638 529 est
1649 501 1776 528 memoria
1788 507 1830 529 tua

1048 557 1062 576 a
1082 554 1162 576 terra.
1179 547 1238 575 Non
1253 547 1338 575 solum
1355 546 1520 579 oblitterata,
1535 554 1583 574 seu
1600 546 1714 579 sublata.
1725 547 1770 575 sed
1784 554 1830 574 ex-

1054 593 1208 626 terminata,
1224 597 1351 627 tanquam
1364 591 1485 619 delavata
1499 596 1580 626 atque
1590 597 1698 619 extersa
1707 597 1830 626 tanquam

1048 639 1118 667 ultra
1134 646 1187 667 non
1200 639 1236 667 sit
1257 639 1301 666 cui
1317 639 1399 674 digne
1418 638 1616 674 respondeatur
1630 646 1637 665 :
1657 637 1691 664 In
1707 637 1830 663 memoria

1048 691 1146 713 interna
1164 686 1214 713 erit
1233 685 1325 721 justus
1337 685 1358 718 ',
1387 689 1414 712 et
1431 684 1562 712 memoria
1585 684 1652 719 justi
1668 691 1731 711 cum
1745 683 1829 710 laude.

1050 731 1150 758 Deinde
1163 732 1308 758 identidem
1325 730 1496 758 abscondens
1511 729 1637 756 diabolus
1650 733 1732 763 atque
1741 733 1831 763 tegens

1049 777 1218 812 iniquitatem
1246 784 1340 809 suam,
1367 776 1504 804 convertit
1529 776 1602 803 hunc
1625 781 1777 802 sermonem
1800 772 1831 799 ad

1049 824 1143 850 uxoris
1155 830 1296 858 personam
1311 831 1319 849 :
1337 827 1364 850 et
1379 828 1506 856 tanquam
1523 829 1557 849 ex
1574 821 1646 848 illius
1661 827 1776 855 persona
1792 819 1831 847 lo—

1049 878 1134 905 quens
1149 889 1156 902 ,
1176 871 1241 897 dicit
1257 880 1263 897 :
1281 869 1342 896 Filii
1360 870 1395 896 tui
1414 876 1481 903 quos
1503 868 1583 895 ﬁdem
1604 867 1743 899 docuisti,
1767 873 1832 901 quos

1049 917 1176 950 pietatem
1192 916 1313 947 induisti.
1329 923 1397 950 quos
1412 915 1573 942 charitateln
1595 914 1749 942 adinvicem
1763 914 1832 941 circa

1048 969 1143 990 omnes
1158 962 1256 988 habere
1269 962 1420 989 instruxisti
1440 972 1446 988 :
1467 962 1513 988 ﬁlii
1530 962 1567 988 tui
1582 968 1630 996 pro
1644 960 1744 996 quibus
1756 959 1833 988 corde

1048 1007 1261 1034 fuistisollicitus
1270 1012 1297 1033 et
1306 1007 1396 1033 animo
1406 1007 1530 1041 cogitasti
1541 1011 1568 1033 et
1578 1006 1727 1041 singularia
1736 1005 1833 1033 sacriﬁ-

1048 1052 1089 1079 cia
1100 1052 1296 1084 immolasti,de
1305 1052 1405 1087 quibus
1413 1052 1483 1087 apud
1496 1052 1666 1086 temetipsum
1676 1051 1783 1078 dixisti:
1794 1050 1833 1077 Ne

1048 1097 1117 1132 forte
1125 1097 1175 1132 lilii
1186 1097 1236 1124 mei
1246 1098 1275 1124 in
1286 1097 1441 1132 praecordiis
1451 1098 1522 1124 mala
1532 1097 1704 1131 cogitaverim
1715 1097 1833 1123 adversus

1048 1143 1132 1171 Deum
1147 1144 1167 1170 '.
1183 1143 1229 1171 lsti
1245 1151 1311 1179 ergo
1325 1143 1371 1171 ﬁlii
1389 1151 1458 1179 quos
1483 1143 1521 1170 tui
1548 1143 1669 1171 baeredes
1697 1142 1755 1170 fore
1771 1148 1829 1177 spe-

1048 1189 1126 1221 rasti,
1142 1196 1157 1216 a
1170 1189 1269 1224 quibus
1283 1189 1450 1224 sepulturam
1462 1193 1636 1224 accepturum
1652 1192 1678 1215 te
1695 1192 1834 1222 exspecta-

1049 1235 1093 1268 sti,
1111 1243 1159 1270 per
1181 1243 1249 1269 quos
1273 1243 1373 1263 nomen
1391 1240 1465 1263 tuum
1492 1242 1524 1262 ac
1550 1234 1713 1262 memoriam
1729 1238 1788 1269 post
1809 1238 1834 1260 te

1049 1289 1159 1309 manere
1179 1281 1332 1309 credidisti.
1349 1281 1395 1308 lsti
1409 1288 1474 1316 ergo
1489 1280 1536 1307 ﬁlii
1552 1281 1651 1316 quibus
1664 1280 1737 1307 inter
1753 1280 1834 1307 homi-

1048 1336 1098 1355 nes
1113 1327 1180 1355 nihil
1188 1331 1231 1355 est
1244 1327 1361 1360 dulcius,
1375 1328 1474 1362 quibus
1488 1327 1556 1354 nihil
1577 1331 1619 1355 est
1633 1326 1706 1354 inter
1717 1325 1833 1354 carnales

1049 1374 1168 1401 charius.
1184 1372 1230 1401 isti
1239 1373 1287 1401 ﬁlii
1302 1374 1341 1400 tui
1356 1381 1470 1408 quorum
1483 1373 1615 1400 visionem
1631 1380 1686 1400 non
1699 1376 1833 1407 exspecta-

1049 1420 1090 1447 bis
1114 1419 1241 1455 amplius,
1258 1427 1374 1455 quorum
1391 1419 1488 1447 faciem
1512 1426 1566 1447 non
1591 1418 1698 1446 videbis
1714 1418 1832 1450 ulterius,

1049 1472 1168 1500 quorum
1187 1465 1371 1492 reversionem
1386 1472 1438 1492 non
1452 1471 1547 1499 speras
1556 1463 1685 1498 amplius.
1697 1462 1755 1490 Non
1766 1462 1832 1488 enim

1050 1511 1077 1538 in
1096 1510 1294 1546 profectionem
1312 1515 1453 1538 terrenam
1470 1511 1668 1546 perrexerunt,
1697 1513 1727 1536 ut
1750 1507 1834 1535 denuo

1051 1557 1236 1584 reversionem
1255 1563 1348 1591 speres
1365 1563 1472 1589 eorum,
1485 1563 1574 1590 neque
1590 1555 1617 1582 in
1630 1554 1748 1582 navibus
1763 1552 1834 1580 navi-

1049 1607 1144 1639 gantes
1163 1603 1198 1630 ad
1216 1607 1326 1630 exteras
1338 1602 1494 1637 provincias
1505 1601 1687 1633 transierunt,
1702 1605 1731 1628 ut
1749 1599 1834 1628 denuo

1049 1650 1083 1677 ad
1097 1654 1202 1684 tempus
1220 1652 1374 1678 remeantes
1398 1648 1548 1684 suscipere,
1576 1653 1659 1683 atque
1674 1648 1766 1676 videre
1789 1653 1833 1673 eos

1049 1695 1149 1731 possis.
1164 1695 1248 1723 Terra
1271 1695 1331 1723 illos
1358 1695 1450 1723 subito
1470 1694 1623 1730 cooperuit,
1644 1698 1673 1721 et
1688 1701 1761 1721 mors
1777 1692 1834 1720 illos

1049 1745 1162 1770 cunctos
1185 1742 1287 1777 pariter
1304 1742 1440 1777 perdidit;
1459 1740 1556 1768 domus
1586 1740 1667 1768 ruina
1696 1746 1833 1768 commune

1049 1788 1205 1823 sepulcrum
1219 1788 1272 1815 illis
1283 1787 1389 1815 cunctis
1404 1786 1505 1815 eil'ecit.
1532 1786 1589 1819 lsti,
1609 1786 1709 1822 inquit,
1727 1785 1773 1813 ﬁlii
1796 1783 1833 1812 tui

1048 1838 1076 1861 et
1092 1842 1144 1862 non
1155 1834 1240 1862 solum
1252 1834 1299 1861 ﬁlii
1315 1834 1361 1862 sed
1369 1836 1397 1861 et
1410 1833 1481 1860 ﬁliae.
1496 1832 1526 1860 Si
1536 1833 1608 1861 enim
1619 1833 1707 1859 solum
1717 1832 1762 1858 lilii
1778 1838 1834 1866 per-

1050 1880 1160 1912 iissent,
1189 1879 1250 1907 ﬁlim
1271 1887 1337 1908 vero
1364 1884 1554 1915 superessent,
1582 1877 1717 1905 diminuta
1743 1877 1832 1904 fuisset

1050 1927 1169 1959 miseria,
1193 1926 1398 1961 diminutusque
1422 1925 1555 1953 nefandus
1582 1924 1672 1953 dolor.
1704 1923 1830 1952 Filiaruin

1049 1980 1168 2007 namque
1184 1972 1394 2007 prosperitatem
1416 1979 1464 2006 pro
1481 1970 1635 1999 hatredibus
1650 1974 1831 2005 exspectares.

1051 2017 1172 2045 ﬁliarum
1192 2017 1352 2052 progeniem
1377 2025 1426 2052 pro
1448 2017 1632 2044 consolatione
1652 2017 1777 2048 duceres,
1792 2022 1834 2042 re-

1052 2064 1202 2092 stituerent
1224 2064 1273 2092 tibi
1299 2063 1416 2091 ﬁliarum
1432 2063 1489 2091 nati
1513 2063 1630 2091 ﬁliorum
1646 2063 1831 2098 direptionum

1049 2109 1124 2137 Nunc
1137 2118 1202 2137 vero
1217 2115 1244 2137 et
1264 2110 1312 2137 ﬁlii
1335 2110 1374 2137 tui
1396 2114 1423 2138 et
1441 2110 1503 2138 ﬁlite
1519 2117 1615 2138 omnes
1642 2110 1746 2145 pariter
1773 2115 1833 2144 per—

1049 2155 1250 2190 ierunt,omnes
1265 2157 1316 2184 sub
1329 2164 1383 2184 una
1400 2157 1469 2184 hora
1488 2156 1568 2184 deleti
1581 2160 1657 2188 sunt,
1672 2163 1766 2183 omnes
1782 2161 1832 2181 uno

1050 2207 1171 2236 tempore
1187 2201 1213 2229 in
1228 2207 1317 2229 morte
1330 2207 1458 2238 tanquam
1475 2203 1501 2230 in
1517 2203 1612 2237 pelago
1626 2201 1744 2230 demersi
1757 2203 1831 2228 sunt:

209 2253 262 2273 non
286 2248 500 2278 evidentioribus
522 2251 611 2279 verbis
629 2252 829 2280 sermocinatus
851 2252 903 2287 sit,
926 2258 995 2280 atta-
1012 2256 1035 2286 ι)
1048 2255 1143 2275 omnes
1154 2248 1180 2275 in
1200 2256 1253 2274 una
1270 2249 1351 2276 domo
1377 2253 1505 2283 tanquam
1533 2248 1561 2275 in
1587 2255 1639 2275 una
1653 2248 1715 2274 navi
1730 2255 1744 2274 a
1758 2251 1832 2273 terrae

208 2299 269 2319 men
287 2293 401 2321 occultis
413 2296 627 2331 cogitationibus
643 2298 675 2324 ad
687 2297 738 2326 Job
753 2298 860 2326 locutus
876 2304 917 2326 est
932 2300 997 2327 sub-

208 2339 292 2366 tiliter
311 2340 438 2368 seducere
458 2343 552 2370 volens
573 2344 704 2371 famulum
724 2344 774 2372 Dei
799 2345 995 2373 inviolabilem.

207 2382 296 2417 Super
315 2392 376 2418 quae
404 2386 528 2415 universa
560 2389 693 2423 adjiciens
723 2390 813 2418 dicit:
834 2389 901 2417 Ecce
926 2393 997 2418 enim

206 2430 380 2457 exterminata
401 2437 439 2459 est
457 2435 582 2461 memoria
598 2440 644 2462 tua
659 2444 675 2462 α
691 2440 761 2463 terra
770 2437 791 2463 ⁸.
814 2436 883 2470 Quid
897 2444 997 2473 exspe-

206 2475 285 2502 ctas?
300 2477 364 2510 quid
378 2478 515 2506 sustines?
529 2481 594 2515 quid
609 2482 719 2517 speras?
740 2482 805 2517 quid
830 2488 937 2518 tempus
951 2490 996 2510 sa-

207 2519 271 2547 lutis
298 2524 461 2557 exspectas?
491 2525 675 2554 Exterminata
699 2533 736 2555 est
759 2528 887 2555 memoria
911 2533 958 2554 tua
980 2536 997 2555 α

209 2570 290 2593 terra.
313 2567 498 2597 Extcrminata
511 2577 553 2599 est
567 2573 659 2607 enim,
677 2573 802 2607 sublata,
820 2574 907 2601 ﬁnita.
929 2573 996 2600 Pro-

206 2612 298 2648 jectus
312 2621 385 2648 esse,
404 2616 501 2651 inquit,
519 2619 629 2652 videris,
647 2624 675 2647 et
694 2624 825 2654 tanquam
842 2627 895 2647 non
909 2620 948 2647 sis
961 2619 996 2646 ab

208 2659 334 2687 omnibus
350 2663 496 2696 reputaris.
518 2663 698 2692 Deseruerunt
717 2672 833 2700 namque
849 2669 876 2692 te
890 2672 995 2697 omnes,

209 2704 393 2735 discesserunt
407 2708 509 2741 cuncti,
522 2709 599 2737 obliti
612 2714 676 2738 sunt
696 2711 827 2743 universi,
836 2711 997 2745 desperave-

211 2759 275 2781 runt
291 2759 317 2782 te
336 2754 397 2787 toti,
411 2759 438 2782 et
451 2755 497 2790 qui
514 2763 608 2791 prope,
627 2761 655 2784 et
672 2757 718 2790 qui
737 2757 817 2793 longe
836 2762 911 2789 sunt,
931 2757 996 2792 quia

212 2799 300 2827 deleta
322 2805 365 2828 est
390 2801 520 2829 meritoria
544 2805 589 2829 tua
610 2809 624 2830 a
653 2807 737 2831 terra.
752 2802 871 2837 .Quanti,
895 2803 995 2838 inqult,

246 2888 256 2904 '
270 2886 320 2916 Job
337 2896 367 2923 u,
383 2888 409 2917 9.
447 2889 458 2905 ⁵
473 2889 537 2919 ibid.

579 2890 589 2906 “
604 2890 676 2919 Psal.
692 2898 746 2924 CII,
763 2889 788 2918 7.
835 2891 843 2906 ⁵
863 2889 912 2919 Job
925 2898 944 2924 ι,
957 2890 983 2918 5.

1050 2295 1145 2329 pelago
1161 2294 1282 2329 ahsorpti
1298 2299 1363 2322 sunt
1377 2304 1383 2322 :
1400 2299 1427 2323 et
1442 2297 1514 2323 sicut
1530 2294 1564 2322 iis
1575 2295 1620 2329 qui
1636 2294 1663 2321 in
1680 2294 1775 2329 pelago
1790 2293 1832 2320 de-

1051 2341 1132 2369 mersi
1157 2340 1260 2368 fuerint
1278 2341 1450 2369 ascensionis
1469 2341 1512 2369 vel
1536 2341 1631 2368 salutis
1646 2348 1709 2376 spes
1723 2339 1832 2367 ulterius

1051 2395 1106 2415 non
1123 2391 1176 2421 est,
1199 2388 1240 2415 sic
1262 2387 1389 2421 ﬁliorum,
1407 2387 1507 2423 inquit,
1525 2391 1632 2415 tuorum
1646 2391 1673 2414 et
1690 2387 1801 2414 ﬁliarum
1817 2391 1831 2410 a

1051 2435 1166 2462 mortuis
1188 2434 1356 2463 lamentabili
1373 2434 1509 2470 profundo
1533 2434 1725 2469 absorptorum
1746 2438 1832 2459 rever-

1049 2480 1137 2508 sionis
1155 2480 1197 2508 vel
1222 2481 1403 2516 reparationis
1426 2488 1488 2515 spes
1516 2480 1631 2514 amplius
1657 2486 1715 2506 non
1733 2481 1781 2509 est,
1803 2478 1831 2502 ut

1050 2526 1120 2553 diem
1137 2526 1274 2554 memoriae
1288 2530 1342 2554 ture
1359 2527 1515 2561 celebrent,
1534 2530 1565 2554 ut
1585 2530 1694 2562 tempus
1709 2525 1830 2553 recorda-

1050 2573 1134 2600 tionis
1148 2578 1201 2601 tus:
1211 2577 1303 2609 agant.
1319 2573 1375 2605 Sic,
1390 2574 1511 2609 inquam,
1531 2573 1578 2601 ﬁlii
1596 2573 1635 2600 tui
1655 2577 1682 2600 et
1698 2572 1759 2599 ﬁlim
1773 2572 1830 2597 ante

1049 2623 1156 2653 tempus
1169 2619 1322 2654 perierunt,
1339 2627 1434 2647 omnes
1458 2623 1521 2647 ante
1536 2623 1643 2654 tempus
1656 2626 1671 2645 a
1688 2620 1774 2645 morte
1790 2615 1829 2642 di-

1049 2666 1119 2701 repti
1133 2669 1216 2699 sunt,
1237 2670 1267 2694 ut
1286 2674 1338 2694 non
1355 2667 1577 2702 derelinquerth
1591 2665 1787 2701 posteritatem,
1801 2664 1829 2688 ut

1050 2719 1112 2739 cum
1129 2717 1311 2747 nepotesnon
1331 2718 1488 2748 supersunt,
1507 2712 1580 2740 avia
1602 2711 1677 2739 nullo
1693 2710 1829 2738 nominen-

1050 2762 1104 2786 tur.
1121 2758 1173 2786 Sed
1192 2759 1245 2786 noli
1257 2763 1363 2794 putare,
1380 2758 1463 2793 oJob,
1475 2758 1547 2794 quod
1561 2757 1608 2785 tibi
1623 2756 1673 2785 soli
1686 2755 1755 2782 ﬁlios
1769 2754 1828 2781 istos

1050 2804 1186 2840 deputem,
1200 2805 1247 2834 sed
1265 2805 1330 2833 mihi
1343 2805 1433 2841 potius
1450 2805 1560 2840 deputo,
1586 2803 1634 2832 sed
1657 2801 1723 2830 mihi
1747 2798 1827 2835 ωιείε
