  <div class='ocr_page' id='page_1' title='image "/cluster/home/n/w/nwhite01/storage/ocr_20150623/17/nnc1.0046978615/250.png"; bbox 0 0 1942 3109; ppageno 0'>
   <div class='ocr_carea' id='block_1_1' title="bbox 144 157 194 186">
    <p class='ocr_par' dir='ltr' id='par_1_1' title="bbox 144 157 194 186">
     <span class='ocr_line' id='line_1_1' title="bbox 144 157 194 186; baseline -0.02 0"><span class='ocrx_word' id='word_1_1' title='bbox 144 157 194 186; x_wconf 62' lang='lat' dir='ltr'><strong>Ml</strong></span> 
     </span>
    </p>
   </div>
   <div class='ocr_carea' id='block_1_2' title="bbox 694 153 1216 184">
    <p class='ocr_par' dir='ltr' id='par_1_2' title="bbox 694 153 1216 184">
     <span class='ocr_line' id='line_1_2' title="bbox 694 153 1216 184; baseline -0.004 -1"><span class='ocrx_word' id='word_1_2' title='bbox 694 153 884 184; x_wconf 69' lang='lat' dir='ltr'><strong>ANONYMUS</strong></span> <span class='ocrx_word' id='word_1_3' title='bbox 902 155 936 183; x_wconf 84' lang='grc' dir='ltr'><strong>ΙΝ</strong></span> <span class='ocrx_word' id='word_1_4' title='bbox 955 154 1025 183; x_wconf 83' lang='lat' dir='ltr'><strong>JOB.</strong></span> <span class='ocrx_word' id='word_1_5' title='bbox 1046 170 1079 176; x_wconf 86' lang='lat'><strong>-—</strong></span> <span class='ocrx_word' id='word_1_6' title='bbox 1098 153 1161 182; x_wconf 87' lang='lat' dir='ltr'><strong>LIB.</strong></span> <span class='ocrx_word' id='word_1_7' title='bbox 1184 154 1216 182; x_wconf 93' lang='lat' dir='ltr'><strong>ll.</strong></span> 
     </span>
    </p>
   </div>
   <div class='ocr_carea' id='block_1_3' title="bbox 1717 156 1771 184">
    <p class='ocr_par' dir='ltr' id='par_1_3' title="bbox 1717 156 1771 184">
     <span class='ocr_line' id='line_1_3' title="bbox 1717 156 1771 184; baseline 0 0"><span class='ocrx_word' id='word_1_8' title='bbox 1717 156 1771 184; x_wconf 67' lang='grc'><strong>682</strong></span> 
     </span>
    </p>
   </div>
   <div class='ocr_carea' id='block_1_4' title="bbox 142 215 1771 251">
    <p class='ocr_par' dir='ltr' id='par_1_4' title="bbox 142 215 1771 251">
     <span class='ocr_line' id='line_1_4' title="bbox 142 215 1771 251; baseline -0.002 -4"><span class='ocrx_word' id='word_1_9' title='bbox 142 224 304 248; x_wconf 77' lang='lat' dir='ltr'><strong>succenseo,</strong></span> <span class='ocrx_word' id='word_1_10' title='bbox 318 216 382 248; x_wconf 80' lang='lat' dir='ltr'><strong>Mei,</strong></span> <span class='ocrx_word' id='word_1_11' title='bbox 399 215 496 251; x_wconf 90' lang='lat' dir='ltr'><strong>inquit,</strong></span> <span class='ocrx_word' id='word_1_12' title='bbox 507 216 576 243; x_wconf 83' lang='lat' dir='ltr'><strong>uteri</strong></span> <span class='ocrx_word' id='word_1_13' title='bbox 590 220 654 243; x_wconf 89' lang='lat' dir='ltr'><strong>sunt</strong></span> <span class='ocrx_word' id='word_1_14' title='bbox 666 216 776 251; x_wconf 77' lang='lat' dir='ltr'><strong>gemitus</strong></span> <span class='ocrx_word' id='word_1_15' title='bbox 790 221 815 243; x_wconf 76' lang='lat' dir='ltr'><strong>et</strong></span> <span class='ocrx_word' id='word_1_16' title='bbox 828 216 933 243; x_wconf 73' lang='lat' dir='ltr'><strong>dolores</strong></span> <span class='ocrx_word' id='word_1_17' title='bbox 947 219 969 248; x_wconf 74' lang='grc' dir='ltr'><strong>Α</strong></span> <span class='ocrx_word' id='word_1_18' title='bbox 985 220 1115 251; x_wconf 90' lang='lat' dir='ltr'><strong>provocet</strong></span> <span class='ocrx_word' id='word_1_19' title='bbox 1129 222 1251 246; x_wconf 86' lang='lat' dir='ltr'><strong>sensum,</strong></span> <span class='ocrx_word' id='word_1_20' title='bbox 1268 218 1298 241; x_wconf 92' lang='lat' dir='ltr'><strong>ut</strong></span> <span class='ocrx_word' id='word_1_21' title='bbox 1323 218 1422 242; x_wconf 85' lang='lat' dir='ltr'><strong>atterat</strong></span> <span class='ocrx_word' id='word_1_22' title='bbox 1435 218 1564 247; x_wconf 85' lang='lat' dir='ltr'><strong>mentem,</strong></span> <span class='ocrx_word' id='word_1_23' title='bbox 1580 217 1610 242; x_wconf 91' lang='lat' dir='ltr'><strong>ut</strong></span> <span class='ocrx_word' id='word_1_24' title='bbox 1626 222 1771 251; x_wconf 71' lang='lat' dir='ltr'><strong>exaggeret</strong></span> 
     </span>
    </p>
   </div>
   <div class='ocr_carea' id='block_1_5' title="bbox 142 262 930 299">
    <p class='ocr_par' dir='ltr' id='par_1_5' title="bbox 142 262 930 299">
     <span class='ocr_line' id='line_1_5' title="bbox 142 262 930 299; baseline -0.001 -9"><span class='ocrx_word' id='word_1_25' title='bbox 142 272 210 299; x_wconf 75' lang='lat' dir='ltr'><strong>quos</strong></span> <span class='ocrx_word' id='word_1_26' title='bbox 224 264 252 290; x_wconf 86' lang='lat' dir='ltr'><strong>in</strong></span> <span class='ocrx_word' id='word_1_27' title='bbox 265 270 376 290; x_wconf 76' lang='lat' dir='ltr'><strong>vacuum</strong></span> <span class='ocrx_word' id='word_1_28' title='bbox 391 262 494 295; x_wconf 70' lang='lat' dir='ltr'><strong>portasi</strong></span> <span class='ocrx_word' id='word_1_29' title='bbox 504 262 526 293; x_wconf 82' lang='lat'><strong>&#39;,</strong></span> <span class='ocrx_word' id='word_1_30' title='bbox 540 262 664 288; x_wconf 90' lang='lat' dir='ltr'><strong>laborttm</strong></span> <span class='ocrx_word' id='word_1_31' title='bbox 679 269 740 288; x_wconf 92' lang='lat' dir='ltr'><strong>cum</strong></span> <span class='ocrx_word' id='word_1_32' title='bbox 764 262 867 297; x_wconf 87' lang='lat' dir='ltr'><strong>gemitu</strong></span> <span class='ocrx_word' id='word_1_33' title='bbox 886 270 930 289; x_wconf 88' lang='lat' dir='ltr'><strong>re-</strong></span> 
     </span>
    </p>
   </div>
   <div class='ocr_carea' id='block_1_6' title="bbox 143 307 930 343">
    <p class='ocr_par' dir='ltr' id='par_1_6' title="bbox 143 307 930 343">
     <span class='ocr_line' id='line_1_6' title="bbox 143 307 930 343; baseline -0.003 -6"><span class='ocrx_word' id='word_1_34' title='bbox 143 309 319 337; x_wconf 75' lang='lat' dir='ltr'><strong>tributionem</strong></span> <span class='ocrx_word' id='word_1_35' title='bbox 335 309 369 336; x_wconf 86' lang='lat' dir='ltr'><strong>ab</strong></span> <span class='ocrx_word' id='word_1_36' title='bbox 384 307 439 335; x_wconf 89' lang='lat' dir='ltr'><strong>illis</strong></span> <span class='ocrx_word' id='word_1_37' title='bbox 450 315 503 335; x_wconf 90' lang='lat' dir='ltr'><strong>non</strong></span> <span class='ocrx_word' id='word_1_38' title='bbox 517 307 621 343; x_wconf 86' lang='lat' dir='ltr'><strong>accepi.</strong></span> <span class='ocrx_word' id='word_1_39' title='bbox 640 308 885 336; x_wconf 72' lang='lat' dir='ltr'><strong>remunerationem</strong></span> <span class='ocrx_word' id='word_1_40' title='bbox 897 316 930 335; x_wconf 88' lang='lat' dir='ltr'><strong>ex</strong></span> 
     </span>
    </p>
   </div>
   <div class='ocr_carea' id='block_1_7' title="bbox 143 350 932 387">
    <p class='ocr_par' dir='ltr' id='par_1_7' title="bbox 143 350 932 387">
     <span class='ocr_line' id='line_1_7' title="bbox 143 350 932 387; baseline -0.001 -6"><span class='ocrx_word' id='word_1_41' title='bbox 143 354 186 381; x_wconf 80' lang='lat' dir='ltr'><strong>eis</strong></span> <span class='ocrx_word' id='word_1_42' title='bbox 201 361 255 380; x_wconf 92' lang='lat' dir='ltr'><strong>non</strong></span> <span class='ocrx_word' id='word_1_43' title='bbox 272 353 367 380; x_wconf 83' lang='lat' dir='ltr'><strong>habeo.</strong></span> <span class='ocrx_word' id='word_1_44' title='bbox 388 351 476 386; x_wconf 89' lang='lat' dir='ltr'><strong>Uteri,</strong></span> <span class='ocrx_word' id='word_1_45' title='bbox 494 352 592 387; x_wconf 91' lang='lat' dir='ltr'><strong>inquit,</strong></span> <span class='ocrx_word' id='word_1_46' title='bbox 606 352 657 379; x_wconf 89' lang='lat' dir='ltr'><strong>mei</strong></span> <span class='ocrx_word' id='word_1_47' title='bbox 673 353 789 387; x_wconf 76' lang='lat' dir='ltr'><strong>gemitus</strong></span> <span class='ocrx_word' id='word_1_48' title='bbox 809 357 836 380; x_wconf 93' lang='lat' dir='ltr'><strong>et</strong></span> <span class='ocrx_word' id='word_1_49' title='bbox 856 350 932 380; x_wconf 83' lang='lat' dir='ltr'><strong>dolo-</strong></span> 
     </span>
    </p>
   </div>
   <div class='ocr_carea' id='block_1_8' title="bbox 143 397 930 434">
    <p class='ocr_par' dir='ltr' id='par_1_8' title="bbox 143 397 930 434">
     <span class='ocr_line' id='line_1_8' title="bbox 143 397 930 434; baseline -0.001 -7"><span class='ocrx_word' id='word_1_50' title='bbox 143 407 200 431; x_wconf 84' lang='lat' dir='ltr'><strong>res,</strong></span> <span class='ocrx_word' id='word_1_51' title='bbox 224 407 285 427; x_wconf 91' lang='lat' dir='ltr'><strong>cum</strong></span> <span class='ocrx_word' id='word_1_52' title='bbox 309 399 408 434; x_wconf 85' lang='lat' dir='ltr'><strong>gemitu</strong></span> <span class='ocrx_word' id='word_1_53' title='bbox 424 401 451 425; x_wconf 84' lang='lat' dir='ltr'><strong>et</strong></span> <span class='ocrx_word' id='word_1_54' title='bbox 472 397 565 425; x_wconf 88' lang='lat' dir='ltr'><strong>dolore</strong></span> <span class='ocrx_word' id='word_1_55' title='bbox 580 405 593 425; x_wconf 93' lang='lat' dir='ltr'><strong>a</strong></span> <span class='ocrx_word' id='word_1_56' title='bbox 612 405 656 425; x_wconf 91' lang='lat' dir='ltr'><strong>me</strong></span> <span class='ocrx_word' id='word_1_57' title='bbox 680 398 776 425; x_wconf 83' lang='lat' dir='ltr'><strong>nutriti</strong></span> <span class='ocrx_word' id='word_1_58' title='bbox 803 399 930 426; x_wconf 84' lang='lat' dir='ltr'><strong>miseram</strong></span> 
     </span>
    </p>
   </div>
   <div class='ocr_carea' id='block_1_9' title="bbox 143 444 931 480">
    <p class='ocr_par' dir='ltr' id='par_1_9' title="bbox 143 444 931 480">
     <span class='ocr_line' id='line_1_9' title="bbox 143 444 931 480; baseline -0.001 -7"><span class='ocrx_word' id='word_1_59' title='bbox 143 449 226 480; x_wconf 85' lang='lat' dir='ltr'><strong>atque</strong></span> <span class='ocrx_word' id='word_1_60' title='bbox 240 444 388 472; x_wconf 79' lang='lat' dir='ltr'><strong>solitariam</strong></span> <span class='ocrx_word' id='word_1_61' title='bbox 403 444 572 479; x_wconf 81' lang='lat' dir='ltr'><strong>reliquerunt</strong></span> <span class='ocrx_word' id='word_1_62' title='bbox 587 452 638 477; x_wconf 87' lang='lat' dir='ltr'><strong>me,</strong></span> <span class='ocrx_word' id='word_1_63' title='bbox 651 444 677 471; x_wconf 94' lang='lat' dir='ltr'><strong>in</strong></span> <span class='ocrx_word' id='word_1_64' title='bbox 691 444 832 472; x_wconf 90' lang='lat' dir='ltr'><strong>doloribus</strong></span> <span class='ocrx_word' id='word_1_65' title='bbox 849 450 931 480; x_wconf 89' lang='lat' dir='ltr'><strong>atque</strong></span> 
     </span>
    </p>
   </div>
   <div class='ocr_carea' id='block_1_10' title="bbox 143 490 931 527">
    <p class='ocr_par' dir='ltr' id='par_1_10' title="bbox 143 490 931 527">
     <span class='ocr_line' id='line_1_10' title="bbox 143 490 931 527; baseline 0 -9"><span class='ocrx_word' id='word_1_66' title='bbox 143 491 288 527; x_wconf 73' lang='lat' dir='ltr'><strong>gemitibus</strong></span> <span class='ocrx_word' id='word_1_67' title='bbox 304 498 346 518; x_wconf 90' lang='lat' dir='ltr'><strong>me</strong></span> <span class='ocrx_word' id='word_1_68' title='bbox 359 491 530 518; x_wconf 83' lang='lat' dir='ltr'><strong>dimiserunt.</strong></span> <span class='ocrx_word' id='word_1_69' title='bbox 545 490 613 518; x_wconf 90' lang='lat' dir='ltr'><strong>Cum</strong></span> <span class='ocrx_word' id='word_1_70' title='bbox 625 490 773 523; x_wconf 87' lang='lat' dir='ltr'><strong>doloribus,</strong></span> <span class='ocrx_word' id='word_1_71' title='bbox 785 491 882 525; x_wconf 87' lang='lat' dir='ltr'><strong>inquit,</strong></span> <span class='ocrx_word' id='word_1_72' title='bbox 899 498 931 518; x_wconf 92' lang='lat' dir='ltr'><strong>ac</strong></span> 
     </span>
    </p>
   </div>
   <div class='ocr_carea' id='block_1_11' title="bbox 141 536 931 572">
    <p class='ocr_par' dir='ltr' id='par_1_11' title="bbox 141 536 931 572">
     <span class='ocr_line' id='line_1_11' title="bbox 141 536 931 572; baseline 0.003 -9"><span class='ocrx_word' id='word_1_73' title='bbox 141 538 245 572; x_wconf 90' lang='lat' dir='ltr'><strong>gemitu</strong></span> <span class='ocrx_word' id='word_1_74' title='bbox 259 536 362 571; x_wconf 87' lang='lat' dir='ltr'><strong>peperi,</strong></span> <span class='ocrx_word' id='word_1_75' title='bbox 381 536 489 564; x_wconf 86' lang='lat' dir='ltr'><strong>dolores</strong></span> <span class='ocrx_word' id='word_1_76' title='bbox 502 544 533 564; x_wconf 91' lang='lat' dir='ltr'><strong>ac</strong></span> <span class='ocrx_word' id='word_1_77' title='bbox 547 536 668 571; x_wconf 88' lang='lat' dir='ltr'><strong>pericula</strong></span> <span class='ocrx_word' id='word_1_78' title='bbox 680 537 707 564; x_wconf 93' lang='lat' dir='ltr'><strong>in</strong></span> <span class='ocrx_word' id='word_1_79' title='bbox 721 536 765 564; x_wconf 90' lang='lat' dir='ltr'><strong>die</strong></span> <span class='ocrx_word' id='word_1_80' title='bbox 779 537 931 566; x_wconf 74' lang='lat' dir='ltr'><strong>nativitatis</strong></span> 
     </span>
    </p>
   </div>
   <div class='ocr_carea' id='block_1_12' title="bbox 141 582 930 617">
    <p class='ocr_par' dir='ltr' id='par_1_12' title="bbox 141 582 930 617">
     <span class='ocr_line' id='line_1_12' title="bbox 141 582 930 617; baseline 0.001 -8"><span class='ocrx_word' id='word_1_81' title='bbox 141 590 238 610; x_wconf 88' lang='lat' dir='ltr'><strong>eorttm</strong></span> <span class='ocrx_word' id='word_1_82' title='bbox 255 582 409 610; x_wconf 77' lang='lat' dir='ltr'><strong>suﬁ&#39;erendo</strong></span> <span class='ocrx_word' id='word_1_83' title='bbox 427 591 435 609; x_wconf 86' lang='lat'><strong>:</strong></span> <span class='ocrx_word' id='word_1_84' title='bbox 456 589 517 609; x_wconf 91' lang='lat' dir='ltr'><strong>cum</strong></span> <span class='ocrx_word' id='word_1_85' title='bbox 542 582 635 610; x_wconf 88' lang='lat' dir='ltr'><strong>dolore</strong></span> <span class='ocrx_word' id='word_1_86' title='bbox 655 589 688 609; x_wconf 86' lang='lat' dir='ltr'><strong>ac</strong></span> <span class='ocrx_word' id='word_1_87' title='bbox 708 582 854 617; x_wconf 75' lang='lat' dir='ltr'><strong>gemitibus</strong></span> <span class='ocrx_word' id='word_1_88' title='bbox 876 591 930 610; x_wconf 88' lang='lat' dir='ltr'><strong>nu—</strong></span> 
     </span>
    </p>
   </div>
   <div class='ocr_carea' id='block_1_13' title="bbox 142 628 930 664">
    <p class='ocr_par' dir='ltr' id='par_1_13' title="bbox 142 628 930 664">
     <span class='ocr_line' id='line_1_13' title="bbox 142 628 930 664; baseline 0.001 -8"><span class='ocrx_word' id='word_1_89' title='bbox 142 629 217 660; x_wconf 91' lang='lat' dir='ltr'><strong>trivi,</strong></span> <span class='ocrx_word' id='word_1_90' title='bbox 239 636 378 663; x_wconf 85' lang='lat' dir='ltr'><strong>compassa</strong></span> <span class='ocrx_word' id='word_1_91' title='bbox 406 628 528 656; x_wconf 78' lang='lat' dir='ltr'><strong>infantiae</strong></span> <span class='ocrx_word' id='word_1_92' title='bbox 550 636 644 656; x_wconf 89' lang='lat' dir='ltr'><strong>eorum</strong></span> <span class='ocrx_word' id='word_1_93' title='bbox 662 634 743 664; x_wconf 89' lang='lat' dir='ltr'><strong>atque</strong></span> <span class='ocrx_word' id='word_1_94' title='bbox 767 630 930 664; x_wconf 87' lang='lat' dir='ltr'><strong>inﬁrmitati,</strong></span> 
     </span>
    </p>
   </div>
   <div class='ocr_carea' id='block_1_14' title="bbox 144 674 928 710">
    <p class='ocr_par' dir='ltr' id='par_1_14' title="bbox 144 674 928 710">
     <span class='ocr_line' id='line_1_14' title="bbox 144 674 928 710; baseline 0.003 -9"><span class='ocrx_word' id='word_1_95' title='bbox 144 675 353 710; x_wconf 84' lang='lat' dir='ltr'><strong>congemiscens</strong></span> <span class='ocrx_word' id='word_1_96' title='bbox 367 674 545 710; x_wconf 77' lang='lat' dir='ltr'><strong>languoribus</strong></span> <span class='ocrx_word' id='word_1_97' title='bbox 559 680 640 710; x_wconf 91' lang='lat' dir='ltr'><strong>atque</strong></span> <span class='ocrx_word' id='word_1_98' title='bbox 665 676 810 710; x_wconf 78' lang='lat' dir='ltr'><strong>gemitibus</strong></span> <span class='ocrx_word' id='word_1_99' title='bbox 824 684 928 703; x_wconf 91' lang='lat' dir='ltr'><strong>eorum.</strong></span> 
     </span>
    </p>
   </div>
   <div class='ocr_carea' id='block_1_15' title="bbox 141 721 929 758">
    <p class='ocr_par' dir='ltr' id='par_1_15' title="bbox 141 721 929 758">
     <span class='ocr_line' id='line_1_15' title="bbox 141 721 929 758; baseline 0.003 -10"><span class='ocrx_word' id='word_1_100' title='bbox 141 721 209 748; x_wconf 87' lang='lat' dir='ltr'><strong>Nam</strong></span> <span class='ocrx_word' id='word_1_101' title='bbox 228 729 288 749; x_wconf 91' lang='lat' dir='ltr'><strong>cum</strong></span> <span class='ocrx_word' id='word_1_102' title='bbox 305 722 516 757; x_wconf 83' lang='lat' dir='ltr'><strong>ingemiscerent</strong></span> <span class='ocrx_word' id='word_1_103' title='bbox 530 722 611 750; x_wconf 92' lang='lat' dir='ltr'><strong>simul</strong></span> <span class='ocrx_word' id='word_1_104' title='bbox 631 722 841 758; x_wconf 82' lang='lat' dir='ltr'><strong>ingemiscebam</strong></span> <span class='ocrx_word' id='word_1_105' title='bbox 869 731 929 751; x_wconf 90' lang='lat' dir='ltr'><strong>cum</strong></span> 
     </span>
    </p>
   </div>
   <div class='ocr_carea' id='block_1_16' title="bbox 142 769 931 805">
    <p class='ocr_par' dir='ltr' id='par_1_16' title="bbox 142 769 931 805">
     <span class='ocr_line' id='line_1_16' title="bbox 142 769 931 805; baseline 0.001 -10"><span class='ocrx_word' id='word_1_106' title='bbox 142 769 183 796; x_wconf 93' lang='lat' dir='ltr'><strong>eis</strong></span> <span class='ocrx_word' id='word_1_107' title='bbox 198 776 206 801; x_wconf 90' lang='lat'><strong>;</strong></span> <span class='ocrx_word' id='word_1_108' title='bbox 220 776 281 795; x_wconf 94' lang='lat' dir='ltr'><strong>cum</strong></span> <span class='ocrx_word' id='word_1_109' title='bbox 297 769 514 801; x_wconf 86' lang='lat' dir='ltr'><strong>infirmarentur,</strong></span> <span class='ocrx_word' id='word_1_110' title='bbox 530 776 580 804; x_wconf 85' lang='lat' dir='ltr'><strong>ego</strong></span> <span class='ocrx_word' id='word_1_111' title='bbox 597 770 624 796; x_wconf 92' lang='lat' dir='ltr'><strong>in</strong></span> <span class='ocrx_word' id='word_1_112' title='bbox 641 776 683 796; x_wconf 92' lang='lat' dir='ltr'><strong>me</strong></span> <span class='ocrx_word' id='word_1_113' title='bbox 697 769 877 805; x_wconf 89' lang='lat' dir='ltr'><strong>suscipiebam</strong></span> <span class='ocrx_word' id='word_1_114' title='bbox 889 769 931 796; x_wconf 86' lang='lat' dir='ltr'><strong>in-</strong></span> 
     </span>
    </p>
   </div>
   <div class='ocr_carea' id='block_1_17' title="bbox 142 814 929 850">
    <p class='ocr_par' dir='ltr' id='par_1_17' title="bbox 142 814 929 850">
     <span class='ocr_line' id='line_1_17' title="bbox 142 814 929 850; baseline 0.004 -10"><span class='ocrx_word' id='word_1_115' title='bbox 142 814 300 841; x_wconf 84' lang='lat' dir='ltr'><strong>firmitatem</strong></span> <span class='ocrx_word' id='word_1_116' title='bbox 313 818 394 850; x_wconf 89' lang='lat' dir='ltr'><strong>atque</strong></span> <span class='ocrx_word' id='word_1_117' title='bbox 407 815 527 843; x_wconf 88' lang='lat' dir='ltr'><strong>dolorem</strong></span> <span class='ocrx_word' id='word_1_118' title='bbox 544 815 663 843; x_wconf 91' lang='lat' dir='ltr'><strong>illorum.</strong></span> <span class='ocrx_word' id='word_1_119' title='bbox 690 815 767 848; x_wconf 87' lang='lat' dir='ltr'><strong>Quis,</strong></span> <span class='ocrx_word' id='word_1_120' title='bbox 783 816 880 850; x_wconf 89' lang='lat' dir='ltr'><strong>inquit,</strong></span> <span class='ocrx_word' id='word_1_121' title='bbox 896 823 929 843; x_wconf 89' lang='lat' dir='ltr'><strong>ex</strong></span> 
     </span>
    </p>
   </div>
   <div class='ocr_carea' id='block_1_18' title="bbox 140 860 929 896">
    <p class='ocr_par' dir='ltr' id='par_1_18' title="bbox 140 860 929 896">
     <span class='ocr_line' id='line_1_18' title="bbox 140 860 929 896; baseline 0.001 -9"><span class='ocrx_word' id='word_1_122' title='bbox 140 860 185 887; x_wconf 89' lang='lat' dir='ltr'><strong>his</strong></span> <span class='ocrx_word' id='word_1_123' title='bbox 197 860 244 895; x_wconf 96' lang='lat' dir='ltr'><strong>qui</strong></span> <span class='ocrx_word' id='word_1_124' title='bbox 260 866 392 895; x_wconf 80' lang='lat' dir='ltr'><strong>generant</strong></span> <span class='ocrx_word' id='word_1_125' title='bbox 407 861 488 893; x_wconf 84' lang='lat' dir='ltr'><strong>illius,</strong></span> <span class='ocrx_word' id='word_1_126' title='bbox 501 862 617 896; x_wconf 75' lang='lat' dir='ltr'><strong>ignorat,</strong></span> <span class='ocrx_word' id='word_1_127' title='bbox 639 870 654 888; x_wconf 91' lang='grc' dir='ltr'><strong>ο</strong></span> <span class='ocrx_word' id='word_1_128' title='bbox 671 860 731 893; x_wconf 84' lang='lat' dir='ltr'><strong>Job,</strong></span> <span class='ocrx_word' id='word_1_129' title='bbox 750 861 865 889; x_wconf 85' lang='lat' dir='ltr'><strong>filiorum</strong></span> <span class='ocrx_word' id='word_1_130' title='bbox 881 861 929 888; x_wconf 91' lang='lat' dir='ltr'><strong>do-</strong></span> 
     </span>
    </p>
   </div>
   <div class='ocr_carea' id='block_1_19' title="bbox 140 899 967 942">
    <p class='ocr_par' dir='ltr' id='par_1_19' title="bbox 140 899 967 942">
     <span class='ocr_line' id='line_1_19' title="bbox 140 899 967 942; baseline 0.002 -9"><span class='ocrx_word' id='word_1_131' title='bbox 140 906 226 933; x_wconf 88' lang='lat' dir='ltr'><strong>lorem</strong></span> <span class='ocrx_word' id='word_1_132' title='bbox 237 906 249 927; x_wconf 69' lang='grc' dir='ltr'><strong>ν</strong></span> <span class='ocrx_word' id='word_1_133' title='bbox 263 906 330 940; x_wconf 88' lang='lat' dir='ltr'><strong>Quis</strong></span> <span class='ocrx_word' id='word_1_134' title='bbox 343 914 376 934; x_wconf 87' lang='lat' dir='ltr'><strong>ex</strong></span> <span class='ocrx_word' id='word_1_135' title='bbox 403 907 446 934; x_wconf 88' lang='lat' dir='ltr'><strong>his</strong></span> <span class='ocrx_word' id='word_1_136' title='bbox 471 908 515 942; x_wconf 87' lang='lat' dir='ltr'><strong>qui</strong></span> <span class='ocrx_word' id='word_1_137' title='bbox 544 912 621 934; x_wconf 82' lang='lat' dir='ltr'><strong>natos</strong></span> <span class='ocrx_word' id='word_1_138' title='bbox 637 911 794 942; x_wconf 83' lang='lat' dir='ltr'><strong>procreant,</strong></span> <span class='ocrx_word' id='word_1_139' title='bbox 810 915 929 935; x_wconf 91' lang='lat' dir='ltr'><strong>amorem</strong></span> <span class='ocrx_word' id='word_1_140' title='bbox 945 899 967 927; x_wconf 74' lang='grc' dir='ltr'><strong>Β</strong></span> 
     </span>
    </p>
   </div>
   <div class='ocr_carea' id='block_1_20' title="bbox 140 951 930 986">
    <p class='ocr_par' dir='ltr' id='par_1_20' title="bbox 140 951 930 986">
     <span class='ocr_line' id='line_1_20' title="bbox 140 951 930 986; baseline 0.001 -9"><span class='ocrx_word' id='word_1_141' title='bbox 140 954 223 986; x_wconf 86' lang='lat' dir='ltr'><strong>alque</strong></span> <span class='ocrx_word' id='word_1_142' title='bbox 234 951 361 979; x_wconf 87' lang='lat' dir='ltr'><strong>aﬁ‘ectum</strong></span> <span class='ocrx_word' id='word_1_143' title='bbox 378 952 496 979; x_wconf 84' lang='lat' dir='ltr'><strong>ﬁliorum</strong></span> <span class='ocrx_word' id='word_1_144' title='bbox 513 952 616 978; x_wconf 81' lang='lat' dir='ltr'><strong>nesciat</strong></span> <span class='ocrx_word' id='word_1_145' title='bbox 628 952 638 977; x_wconf 66' lang='grc' dir='ltr'><strong>ἰν</strong></span> <span class='ocrx_word' id='word_1_146' title='bbox 649 951 716 984; x_wconf 83' lang='lat' dir='ltr'><strong>Quia</strong></span> <span class='ocrx_word' id='word_1_147' title='bbox 730 958 839 979; x_wconf 88' lang='lat' dir='ltr'><strong>omnem</strong></span> <span class='ocrx_word' id='word_1_148' title='bbox 855 951 930 978; x_wconf 84' lang='lat' dir='ltr'><strong>dolo-</strong></span> 
     </span>
    </p>
   </div>
   <div class='ocr_carea' id='block_1_21' title="bbox 141 996 930 1032">
    <p class='ocr_par' dir='ltr' id='par_1_21' title="bbox 141 996 930 1032">
     <span class='ocr_line' id='line_1_21' title="bbox 141 996 930 1032; baseline -0.001 -9"><span class='ocrx_word' id='word_1_149' title='bbox 141 1004 199 1024; x_wconf 89' lang='lat' dir='ltr'><strong>rem</strong></span> <span class='ocrx_word' id='word_1_150' title='bbox 214 1001 295 1032; x_wconf 86' lang='lat' dir='ltr'><strong>atque</strong></span> <span class='ocrx_word' id='word_1_151' title='bbox 310 996 496 1024; x_wconf 85' lang='lat' dir='ltr'><strong>inﬁrmitatem</strong></span> <span class='ocrx_word' id='word_1_152' title='bbox 510 1002 637 1024; x_wconf 86' lang='lat' dir='ltr'><strong>natorum</strong></span> <span class='ocrx_word' id='word_1_153' title='bbox 656 997 771 1023; x_wconf 87' lang='lat' dir='ltr'><strong>libenter</strong></span> <span class='ocrx_word' id='word_1_154' title='bbox 790 997 817 1024; x_wconf 91' lang='lat' dir='ltr'><strong>in</strong></span> <span class='ocrx_word' id='word_1_155' title='bbox 838 1003 868 1023; x_wconf 88' lang='lat' dir='ltr'><strong>se</strong></span> <span class='ocrx_word' id='word_1_156' title='bbox 881 1003 930 1030; x_wconf 87' lang='lat' dir='ltr'><strong>pa-</strong></span> 
     </span>
    </p>
   </div>
   <div class='ocr_carea' id='block_1_22' title="bbox 139 1043 930 1078">
    <p class='ocr_par' dir='ltr' id='par_1_22' title="bbox 139 1043 930 1078">
     <span class='ocr_line' id='line_1_22' title="bbox 139 1043 930 1078; baseline 0.001 -8"><span class='ocrx_word' id='word_1_157' title='bbox 139 1047 234 1070; x_wconf 89' lang='lat' dir='ltr'><strong>rentes</strong></span> <span class='ocrx_word' id='word_1_158' title='bbox 255 1043 418 1078; x_wconf 87' lang='lat' dir='ltr'><strong>suscipiunt,</strong></span> <span class='ocrx_word' id='word_1_159' title='bbox 444 1047 548 1070; x_wconf 89' lang='lat' dir='ltr'><strong>tantum</strong></span> <span class='ocrx_word' id='word_1_160' title='bbox 566 1050 599 1070; x_wconf 90' lang='lat' dir='ltr'><strong>ne</strong></span> <span class='ocrx_word' id='word_1_161' title='bbox 622 1043 724 1077; x_wconf 91' lang='lat' dir='ltr'><strong>aliquid</strong></span> <span class='ocrx_word' id='word_1_162' title='bbox 752 1043 866 1071; x_wconf 89' lang='lat' dir='ltr'><strong>moleste</strong></span> <span class='ocrx_word' id='word_1_163' title='bbox 890 1043 930 1071; x_wconf 86' lang='lat' dir='ltr'><strong>eis</strong></span> 
     </span>
    </p>
   </div>
   <div class='ocr_carea' id='block_1_23' title="bbox 140 1087 930 1124">
    <p class='ocr_par' dir='ltr' id='par_1_23' title="bbox 140 1087 930 1124">
     <span class='ocr_line' id='line_1_23' title="bbox 140 1087 930 1124; baseline 0.001 -9"><span class='ocrx_word' id='word_1_164' title='bbox 140 1088 256 1116; x_wconf 88' lang='lat' dir='ltr'><strong>accidat.</strong></span> <span class='ocrx_word' id='word_1_165' title='bbox 275 1087 332 1116; x_wconf 85' lang='lat' dir='ltr'><strong>Hoc</strong></span> <span class='ocrx_word' id='word_1_166' title='bbox 359 1093 386 1116; x_wconf 89' lang='lat' dir='ltr'><strong>et</strong></span> <span class='ocrx_word' id='word_1_167' title='bbox 410 1096 467 1124; x_wconf 76' lang='lat' dir='ltr'><strong>pra:</strong></span> <span class='ocrx_word' id='word_1_168' title='bbox 491 1088 620 1116; x_wconf 87' lang='lat' dir='ltr'><strong>omnibus</strong></span> <span class='ocrx_word' id='word_1_169' title='bbox 649 1088 809 1117; x_wconf 87' lang='lat' dir='ltr'><strong>muneribus</strong></span> <span class='ocrx_word' id='word_1_170' title='bbox 835 1089 930 1116; x_wconf 85' lang='lat' dir='ltr'><strong>devote</strong></span> 
     </span>
    </p>
   </div>
   <div class='ocr_carea' id='block_1_24' title="bbox 139 1134 930 1170">
    <p class='ocr_par' dir='ltr' id='par_1_24' title="bbox 139 1134 930 1170">
     <span class='ocr_line' id='line_1_24' title="bbox 139 1134 930 1170; baseline -0.001 -8"><span class='ocrx_word' id='word_1_171' title='bbox 139 1135 260 1170; x_wconf 88' lang='lat' dir='ltr'><strong>impendi</strong></span> <span class='ocrx_word' id='word_1_172' title='bbox 276 1135 347 1162; x_wconf 89' lang='lat' dir='ltr'><strong>natis</strong></span> <span class='ocrx_word' id='word_1_173' title='bbox 360 1142 394 1162; x_wconf 92' lang='lat' dir='ltr'><strong>ex</strong></span> <span class='ocrx_word' id='word_1_174' title='bbox 409 1142 453 1162; x_wconf 92' lang='lat' dir='ltr'><strong>me</strong></span> <span class='ocrx_word' id='word_1_175' title='bbox 468 1134 618 1170; x_wconf 83' lang='lat' dir='ltr'><strong>procreatis</strong></span> <span class='ocrx_word' id='word_1_176' title='bbox 632 1134 694 1162; x_wconf 86' lang='lat' dir='ltr'><strong>ﬁliis</strong></span> <span class='ocrx_word' id='word_1_177' title='bbox 706 1134 761 1162; x_wconf 89' lang='lat' dir='ltr'><strong>tuis</strong></span> <span class='ocrx_word' id='word_1_178' title='bbox 772 1139 799 1162; x_wconf 89' lang='lat' dir='ltr'><strong>et</strong></span> <span class='ocrx_word' id='word_1_179' title='bbox 810 1134 930 1167; x_wconf 83' lang='lat' dir='ltr'><strong>ﬁliabus,</strong></span> 
     </span>
    </p>
   </div>
   <div class='ocr_carea' id='block_1_25' title="bbox 139 1180 930 1216">
    <p class='ocr_par' dir='ltr' id='par_1_25' title="bbox 139 1180 930 1216">
     <span class='ocr_line' id='line_1_25' title="bbox 139 1180 930 1216; baseline -0.001 -8"><span class='ocrx_word' id='word_1_180' title='bbox 139 1181 211 1208; x_wconf 83' lang='lat' dir='ltr'><strong>uteri</strong></span> <span class='ocrx_word' id='word_1_181' title='bbox 239 1181 291 1208; x_wconf 90' lang='lat' dir='ltr'><strong>mei</strong></span> <span class='ocrx_word' id='word_1_182' title='bbox 320 1180 460 1208; x_wconf 82' lang='lat' dir='ltr'><strong>doloribus</strong></span> <span class='ocrx_word' id='word_1_183' title='bbox 496 1186 578 1215; x_wconf 85' lang='lat' dir='ltr'><strong>atque</strong></span> <span class='ocrx_word' id='word_1_184' title='bbox 606 1180 762 1216; x_wconf 78' lang='lat' dir='ltr'><strong>gemitibus.</strong></span> <span class='ocrx_word' id='word_1_185' title='bbox 793 1180 847 1209; x_wconf 87' lang='lat' dir='ltr'><strong>Sed</strong></span> <span class='ocrx_word' id='word_1_186' title='bbox 872 1181 930 1208; x_wconf 66' lang='lat' dir='ltr'><strong>haec</strong></span> 
     </span>
    </p>
   </div>
   <div class='ocr_carea' id='block_1_26' title="bbox 139 1225 928 1261">
    <p class='ocr_par' dir='ltr' id='par_1_26' title="bbox 139 1225 928 1261">
     <span class='ocr_line' id='line_1_26' title="bbox 139 1225 928 1261; baseline 0.001 -9"><span class='ocrx_word' id='word_1_187' title='bbox 139 1230 242 1253; x_wconf 84' lang='lat' dir='ltr'><strong>cuncta</strong></span> <span class='ocrx_word' id='word_1_188' title='bbox 259 1232 320 1253; x_wconf 90' lang='lat' dir='ltr'><strong>cum</strong></span> <span class='ocrx_word' id='word_1_189' title='bbox 336 1233 417 1261; x_wconf 87' lang='lat' dir='ltr'><strong>passa</strong></span> <span class='ocrx_word' id='word_1_190' title='bbox 443 1225 539 1253; x_wconf 79' lang='lat' dir='ltr'><strong>fuerim</strong></span> <span class='ocrx_word' id='word_1_191' title='bbox 565 1230 647 1260; x_wconf 87' lang='lat' dir='ltr'><strong>atque</strong></span> <span class='ocrx_word' id='word_1_192' title='bbox 673 1226 871 1259; x_wconf 88' lang='lat' dir='ltr'><strong>sustinuerim,</strong></span> <span class='ocrx_word' id='word_1_193' title='bbox 902 1226 928 1253; x_wconf 93' lang='lat' dir='ltr'><strong>in</strong></span> 
     </span>
    </p>
   </div>
   <div class='ocr_carea' id='block_1_27' title="bbox 140 1272 929 1306">
    <p class='ocr_par' dir='ltr' id='par_1_27' title="bbox 140 1272 929 1306">
     <span class='ocr_line' id='line_1_27' title="bbox 140 1272 929 1306; baseline 0.001 -8"><span class='ocrx_word' id='word_1_194' title='bbox 140 1279 257 1299; x_wconf 82' lang='lat' dir='ltr'><strong>vacuum</strong></span> <span class='ocrx_word' id='word_1_195' title='bbox 271 1279 340 1299; x_wconf 88' lang='lat' dir='ltr'><strong>vane</strong></span> <span class='ocrx_word' id='word_1_196' title='bbox 355 1272 520 1306; x_wconf 77' lang='lat' dir='ltr'><strong>exspectavi,</strong></span> <span class='ocrx_word' id='word_1_197' title='bbox 535 1279 597 1299; x_wconf 91' lang='lat' dir='ltr'><strong>cum</strong></span> <span class='ocrx_word' id='word_1_198' title='bbox 613 1273 780 1306; x_wconf 84' lang='lat' dir='ltr'><strong>sepulturam</strong></span> <span class='ocrx_word' id='word_1_199' title='bbox 802 1273 929 1300; x_wconf 82' lang='lat' dir='ltr'><strong>mundam</strong></span> 
     </span>
    </p>
   </div>
   <div class='ocr_carea' id='block_1_28' title="bbox 140 1317 930 1353">
    <p class='ocr_par' dir='ltr' id='par_1_28' title="bbox 140 1317 930 1353">
     <span class='ocr_line' id='line_1_28' title="bbox 140 1317 930 1353; baseline 0.003 -8"><span class='ocrx_word' id='word_1_200' title='bbox 140 1317 182 1345; x_wconf 89' lang='lat' dir='ltr'><strong>eis</strong></span> <span class='ocrx_word' id='word_1_201' title='bbox 198 1317 289 1345; x_wconf 80' lang='lat' dir='ltr'><strong>facere</strong></span> <span class='ocrx_word' id='word_1_202' title='bbox 304 1318 415 1346; x_wconf 90' lang='lat' dir='ltr'><strong>minime</strong></span> <span class='ocrx_word' id='word_1_203' title='bbox 430 1318 515 1352; x_wconf 89' lang='lat' dir='ltr'><strong>valui,</strong></span> <span class='ocrx_word' id='word_1_204' title='bbox 531 1319 586 1346; x_wconf 90' lang='lat' dir='ltr'><strong>illis</strong></span> <span class='ocrx_word' id='word_1_205' title='bbox 604 1326 619 1345; x_wconf 92' lang='lat' dir='ltr'><strong>a</strong></span> <span class='ocrx_word' id='word_1_206' title='bbox 634 1318 734 1353; x_wconf 91' lang='lat' dir='ltr'><strong>quibus</strong></span> <span class='ocrx_word' id='word_1_207' title='bbox 756 1319 822 1346; x_wconf 92' lang='lat' dir='ltr'><strong>mihi</strong></span> <span class='ocrx_word' id='word_1_208' title='bbox 847 1319 930 1347; x_wconf 92' lang='lat' dir='ltr'><strong>hono-</strong></span> 
     </span>
    </p>
   </div>
   <div class='ocr_carea' id='block_1_29' title="bbox 139 1365 928 1400">
    <p class='ocr_par' dir='ltr' id='par_1_29' title="bbox 139 1365 928 1400">
     <span class='ocr_line' id='line_1_29' title="bbox 139 1365 928 1400; baseline -0.001 -7"><span class='ocrx_word' id='word_1_209' title='bbox 139 1365 256 1393; x_wconf 85' lang='lat' dir='ltr'><strong>rabilem</strong></span> <span class='ocrx_word' id='word_1_210' title='bbox 284 1365 452 1400; x_wconf 89' lang='lat' dir='ltr'><strong>sepulturam</strong></span> <span class='ocrx_word' id='word_1_211' title='bbox 479 1365 598 1400; x_wconf 88' lang='lat' dir='ltr'><strong>speravi.</strong></span> <span class='ocrx_word' id='word_1_212' title='bbox 626 1365 691 1393; x_wconf 86' lang='lat' dir='ltr'><strong>Post</strong></span> <span class='ocrx_word' id='word_1_213' title='bbox 717 1365 776 1393; x_wconf 76' lang='lat' dir='ltr'><strong>haec</strong></span> <span class='ocrx_word' id='word_1_214' title='bbox 802 1366 928 1393; x_wconf 89' lang='lat' dir='ltr'><strong>universa</strong></span> 
     </span>
    </p>
   </div>
   <div class='ocr_carea' id='block_1_30' title="bbox 138 1410 928 1447">
    <p class='ocr_par' dir='ltr' id='par_1_30' title="bbox 138 1410 928 1447">
     <span class='ocr_line' id='line_1_30' title="bbox 138 1410 928 1447; baseline -0.001 -8"><span class='ocrx_word' id='word_1_215' title='bbox 138 1412 220 1444; x_wconf 85' lang='lat' dir='ltr'><strong>nihil,</strong></span> <span class='ocrx_word' id='word_1_216' title='bbox 238 1412 339 1447; x_wconf 86' lang='lat' dir='ltr'><strong>inquit,</strong></span> <span class='ocrx_word' id='word_1_217' title='bbox 356 1411 497 1444; x_wconf 82' lang='lat' dir='ltr'><strong>dixissem,</strong></span> <span class='ocrx_word' id='word_1_218' title='bbox 514 1410 580 1438; x_wconf 87' lang='lat' dir='ltr'><strong>nihil</strong></span> <span class='ocrx_word' id='word_1_219' title='bbox 598 1416 747 1446; x_wconf 90' lang='lat' dir='ltr'><strong>conquesta</strong></span> <span class='ocrx_word' id='word_1_220' title='bbox 764 1410 889 1443; x_wconf 84' lang='lat' dir='ltr'><strong>fuissem,</strong></span> <span class='ocrx_word' id='word_1_221' title='bbox 904 1410 928 1439; x_wconf 88' lang='lat' dir='ltr'><strong>si</strong></span> 
     </span>
    </p>
   </div>
   <div class='ocr_carea' id='block_1_31' title="bbox 139 1453 924 1490">
    <p class='ocr_par' dir='ltr' id='par_1_31' title="bbox 139 1453 924 1490">
     <span class='ocr_line' id='line_1_31' title="bbox 139 1453 924 1490; baseline 0 -6"><span class='ocrx_word' id='word_1_222' title='bbox 139 1462 177 1489; x_wconf 85' lang='lat' dir='ltr'><strong>te,</strong></span> <span class='ocrx_word' id='word_1_223' title='bbox 195 1464 212 1484; x_wconf 90' lang='grc' dir='ltr'><strong>ο</strong></span> <span class='ocrx_word' id='word_1_224' title='bbox 225 1453 353 1490; x_wconf 67' lang='grc' dir='ltr'><strong>ιοι),ἠοη</strong></span> <span class='ocrx_word' id='word_1_225' title='bbox 369 1456 508 1484; x_wconf 84' lang='lat' dir='ltr'><strong>infirmum</strong></span> <span class='ocrx_word' id='word_1_226' title='bbox 522 1457 653 1489; x_wconf 83' lang='lat' dir='ltr'><strong>viderem,</strong></span> <span class='ocrx_word' id='word_1_227' title='bbox 672 1457 694 1484; x_wconf 90' lang='lat' dir='ltr'><strong>si</strong></span> <span class='ocrx_word' id='word_1_228' title='bbox 713 1461 738 1484; x_wconf 92' lang='lat' dir='ltr'><strong>te</strong></span> <span class='ocrx_word' id='word_1_229' title='bbox 761 1465 856 1485; x_wconf 89' lang='lat' dir='ltr'><strong>sanum</strong></span> <span class='ocrx_word' id='word_1_230' title='bbox 880 1458 924 1484; x_wconf 87' lang='lat' dir='ltr'><strong>ha-</strong></span> 
     </span>
    </p>
   </div>
   <div class='ocr_carea' id='block_1_32' title="bbox 137 1503 929 1539">
    <p class='ocr_par' dir='ltr' id='par_1_32' title="bbox 137 1503 929 1539">
     <span class='ocr_line' id='line_1_32' title="bbox 137 1503 929 1539; baseline 0.003 -9"><span class='ocrx_word' id='word_1_231' title='bbox 137 1503 258 1530; x_wconf 72' lang='lat' dir='ltr'><strong>buisssm</strong></span> <span class='ocrx_word' id='word_1_232' title='bbox 274 1510 280 1528; x_wconf 89' lang='lat'>:</span> <span class='ocrx_word' id='word_1_233' title='bbox 299 1503 346 1531; x_wconf 89' lang='lat' dir='ltr'><strong>sed</strong></span> <span class='ocrx_word' id='word_1_234' title='bbox 363 1503 433 1530; x_wconf 88' lang='lat' dir='ltr'><strong>levia</strong></span> <span class='ocrx_word' id='word_1_235' title='bbox 459 1503 525 1530; x_wconf 90' lang='lat' dir='ltr'><strong>mihi</strong></span> <span class='ocrx_word' id='word_1_236' title='bbox 557 1503 673 1531; x_wconf 88' lang='lat' dir='ltr'><strong>fuissent</strong></span> <span class='ocrx_word' id='word_1_237' title='bbox 696 1503 788 1531; x_wconf 83' lang='lat' dir='ltr'><strong>omnia</strong></span> <span class='ocrx_word' id='word_1_238' title='bbox 816 1512 876 1539; x_wconf 65' lang='lat' dir='ltr'><strong>quae</strong></span> <span class='ocrx_word' id='word_1_239' title='bbox 902 1507 929 1532; x_wconf 85' lang='lat' dir='ltr'><strong>te.</strong></span> 
     </span>
    </p>
   </div>
   <div class='ocr_carea' id='block_1_33' title="bbox 143 1549 926 1579">
    <p class='ocr_par' dir='ltr' id='par_1_33' title="bbox 143 1549 926 1579">
     <span class='ocr_line' id='line_1_33' title="bbox 143 1549 926 1579; baseline 0.003 -3"><span class='ocrx_word' id='word_1_240' title='bbox 143 1549 275 1577; x_wconf 88' lang='lat' dir='ltr'><strong>incolutni</strong></span> <span class='ocrx_word' id='word_1_241' title='bbox 302 1549 504 1577; x_wconf 89' lang='lat' dir='ltr'><strong>sustinuissem.</strong></span> <span class='ocrx_word' id='word_1_242' title='bbox 534 1549 612 1577; x_wconf 88' lang='lat' dir='ltr'><strong>Sicut</strong></span> <span class='ocrx_word' id='word_1_243' title='bbox 635 1550 707 1578; x_wconf 91' lang='lat' dir='ltr'><strong>enim</strong></span> <span class='ocrx_word' id='word_1_244' title='bbox 725 1551 762 1578; x_wconf 92' lang='lat' dir='ltr'><strong>rei</strong></span> <span class='ocrx_word' id='word_1_245' title='bbox 784 1551 926 1579; x_wconf 82' lang='lat' dir='ltr'><strong>familiaris</strong></span> 
     </span>
    </p>
   </div>
   <div class='ocr_carea' id='block_1_34' title="bbox 134 1595 927 1630">
    <p class='ocr_par' dir='ltr' id='par_1_34' title="bbox 134 1595 927 1630">
     <span class='ocr_line' id='line_1_34' title="bbox 134 1595 927 1630; baseline 0.001 -7"><span class='ocrx_word' id='word_1_246' title='bbox 134 1595 249 1630; x_wconf 72' lang='lat' dir='ltr'><strong>iacturae</strong></span> <span class='ocrx_word' id='word_1_247' title='bbox 263 1602 367 1622; x_wconf 91' lang='lat' dir='ltr'><strong>memor</strong></span> <span class='ocrx_word' id='word_1_248' title='bbox 385 1602 438 1622; x_wconf 91' lang='lat' dir='ltr'><strong>non</strong></span> <span class='ocrx_word' id='word_1_249' title='bbox 456 1603 544 1623; x_wconf 84' lang='lat' dir='ltr'><strong>essent</strong></span> <span class='ocrx_word' id='word_1_250' title='bbox 561 1595 583 1623; x_wconf 91' lang='lat' dir='ltr'><strong>si</strong></span> <span class='ocrx_word' id='word_1_251' title='bbox 611 1596 712 1624; x_wconf 89' lang='lat' dir='ltr'><strong>liberos</strong></span> <span class='ocrx_word' id='word_1_252' title='bbox 738 1604 792 1624; x_wconf 91' lang='lat' dir='ltr'><strong>non</strong></span> <span class='ocrx_word' id='word_1_253' title='bbox 818 1597 927 1625; x_wconf 82' lang='lat' dir='ltr'><strong>amisis-</strong></span> 
     </span>
    </p>
   </div>
   <div class='ocr_carea' id='block_1_35' title="bbox 136 1641 927 1676">
    <p class='ocr_par' dir='ltr' id='par_1_35' title="bbox 136 1641 927 1676">
     <span class='ocr_line' id='line_1_35' title="bbox 136 1641 927 1676; baseline 0.003 -7"><span class='ocrx_word' id='word_1_254' title='bbox 136 1649 207 1674; x_wconf 85' lang='lat' dir='ltr'><strong>sem,</strong></span> <span class='ocrx_word' id='word_1_255' title='bbox 222 1641 347 1669; x_wconf 86' lang='lat' dir='ltr'><strong>similiter</strong></span> <span class='ocrx_word' id='word_1_256' title='bbox 363 1649 417 1669; x_wconf 90' lang='lat' dir='ltr'><strong>non</strong></span> <span class='ocrx_word' id='word_1_257' title='bbox 430 1649 519 1669; x_wconf 87' lang='lat' dir='ltr'><strong>essem</strong></span> <span class='ocrx_word' id='word_1_258' title='bbox 530 1642 684 1676; x_wconf 85' lang='lat' dir='ltr'><strong>recordata,</strong></span> <span class='ocrx_word' id='word_1_259' title='bbox 707 1650 758 1671; x_wconf 90' lang='lat' dir='ltr'><strong>nec</strong></span> <span class='ocrx_word' id='word_1_260' title='bbox 784 1644 822 1671; x_wconf 89' lang='lat' dir='ltr'><strong>rei</strong></span> <span class='ocrx_word' id='word_1_261' title='bbox 849 1644 927 1671; x_wconf 91' lang='lat' dir='ltr'><strong>fami-</strong></span> 
     </span>
    </p>
   </div>
   <div class='ocr_carea' id='block_1_36' title="bbox 134 1687 925 1724">
    <p class='ocr_par' dir='ltr' id='par_1_36' title="bbox 134 1687 925 1724">
     <span class='ocr_line' id='line_1_36' title="bbox 134 1687 925 1724; baseline 0.003 -9"><span class='ocrx_word' id='word_1_262' title='bbox 134 1687 225 1721; x_wconf 83' lang='lat' dir='ltr'><strong>liaris,</strong></span> <span class='ocrx_word' id='word_1_263' title='bbox 244 1695 295 1716; x_wconf 89' lang='lat' dir='ltr'><strong>nec</strong></span> <span class='ocrx_word' id='word_1_264' title='bbox 312 1688 442 1719; x_wconf 84' lang='lat' dir='ltr'><strong>filiorum,</strong></span> <span class='ocrx_word' id='word_1_265' title='bbox 457 1689 479 1715; x_wconf 91' lang='lat' dir='ltr'><strong>si</strong></span> <span class='ocrx_word' id='word_1_266' title='bbox 498 1688 546 1715; x_wconf 90' lang='lat' dir='ltr'><strong>tibi</strong></span> <span class='ocrx_word' id='word_1_267' title='bbox 564 1688 692 1716; x_wconf 89' lang='lat' dir='ltr'><strong>incolumi</strong></span> <span class='ocrx_word' id='word_1_268' title='bbox 707 1689 841 1724; x_wconf 87' lang='lat' dir='ltr'><strong>gratulata</strong></span> <span class='ocrx_word' id='word_1_269' title='bbox 856 1689 925 1717; x_wconf 88' lang='lat' dir='ltr'><strong>fuis-</strong></span> 
     </span>
    </p>
   </div>
   <div class='ocr_carea' id='block_1_37' title="bbox 136 1734 927 1769">
    <p class='ocr_par' dir='ltr' id='par_1_37' title="bbox 136 1734 927 1769">
     <span class='ocr_line' id='line_1_37' title="bbox 136 1734 927 1769; baseline 0.001 -8"><span class='ocrx_word' id='word_1_270' title='bbox 136 1741 206 1762; x_wconf 83' lang='lat' dir='ltr'><strong>sem.</strong></span> <span class='ocrx_word' id='word_1_271' title='bbox 218 1734 295 1761; x_wconf 89' lang='lat' dir='ltr'><strong>Nunc</strong></span> <span class='ocrx_word' id='word_1_272' title='bbox 307 1742 372 1762; x_wconf 90' lang='lat' dir='ltr'><strong>vero</strong></span> <span class='ocrx_word' id='word_1_273' title='bbox 385 1739 409 1761; x_wconf 85' lang='lat' dir='ltr'><strong>et</strong></span> <span class='ocrx_word' id='word_1_274' title='bbox 421 1739 449 1761; x_wconf 91' lang='lat' dir='ltr'><strong>tu</strong></span> <span class='ocrx_word' id='word_1_275' title='bbox 458 1734 590 1769; x_wconf 80' lang='lat' dir='ltr'><strong>ipse,Job,</strong></span> <span class='ocrx_word' id='word_1_276' title='bbox 603 1736 675 1762; x_wconf 74' lang='lat' dir='ltr'><strong>sedes</strong></span> <span class='ocrx_word' id='word_1_277' title='bbox 684 1735 712 1762; x_wconf 88' lang='lat' dir='ltr'><strong>in</strong></span> <span class='ocrx_word' id='word_1_278' title='bbox 724 1736 861 1769; x_wconf 72' lang='lat' dir='ltr'><strong>putredine</strong></span> <span class='ocrx_word' id='word_1_279' title='bbox 873 1743 927 1762; x_wconf 83' lang='lat' dir='ltr'><strong>ver-</strong></span> 
     </span>
    </p>
   </div>
   <div class='ocr_carea' id='block_1_38' title="bbox 136 1779 926 1815">
    <p class='ocr_par' dir='ltr' id='par_1_38' title="bbox 136 1779 926 1815">
     <span class='ocr_line' id='line_1_38' title="bbox 136 1779 926 1815; baseline 0 -9"><span class='ocrx_word' id='word_1_280' title='bbox 136 1780 221 1806; x_wconf 78' lang='lat' dir='ltr'><strong>mium</strong></span> <span class='ocrx_word' id='word_1_281' title='bbox 244 1786 400 1814; x_wconf 77' lang='lat' dir='ltr'><strong>pernoctans</strong></span> <span class='ocrx_word' id='word_1_282' title='bbox 414 1781 425 1796; x_wconf 78' lang='grc'><em>⁸</em></span> <span class='ocrx_word' id='word_1_283' title='bbox 439 1785 465 1807; x_wconf 89' lang='lat' dir='ltr'><strong>et</strong></span> <span class='ocrx_word' id='word_1_284' title='bbox 485 1779 660 1815; x_wconf 79' lang='lat' dir='ltr'><strong>pervigilans,</strong></span> <span class='ocrx_word' id='word_1_285' title='bbox 691 1787 752 1806; x_wconf 87' lang='lat' dir='ltr'><strong>cum</strong></span> <span class='ocrx_word' id='word_1_286' title='bbox 779 1779 926 1807; x_wconf 83' lang='lat' dir='ltr'><strong>vehemens</strong></span> 
     </span>
    </p>
   </div>
   <div class='ocr_carea' id='block_1_39' title="bbox 137 1824 925 1861">
    <p class='ocr_par' dir='ltr' id='par_1_39' title="bbox 137 1824 925 1861">
     <span class='ocr_line' id='line_1_39' title="bbox 137 1824 925 1861; baseline 0 -9"><span class='ocrx_word' id='word_1_287' title='bbox 137 1826 217 1853; x_wconf 88' lang='lat' dir='ltr'><strong>:lolor</strong></span> <span class='ocrx_word' id='word_1_288' title='bbox 232 1830 304 1859; x_wconf 90' lang='lat' dir='ltr'><strong>tuus,</strong></span> <span class='ocrx_word' id='word_1_289' title='bbox 318 1830 400 1861; x_wconf 83' lang='lat' dir='ltr'><strong>atque</strong></span> <span class='ocrx_word' id='word_1_290' title='bbox 414 1825 576 1853; x_wconf 84' lang='lat' dir='ltr'><strong>miserabilis</strong></span> <span class='ocrx_word' id='word_1_291' title='bbox 594 1831 639 1852; x_wconf 87' lang='lat' dir='ltr'><strong>tua</strong></span> <span class='ocrx_word' id='word_1_292' title='bbox 652 1826 743 1859; x_wconf 89' lang='lat' dir='ltr'><strong>passio</strong></span> <span class='ocrx_word' id='word_1_293' title='bbox 768 1824 895 1852; x_wconf 85' lang='lat' dir='ltr'><strong>auferens</strong></span> <span class='ocrx_word' id='word_1_294' title='bbox 910 1832 925 1852; x_wconf 90' lang='lat' dir='ltr'><strong>a</strong></span> 
     </span>
    </p>
   </div>
   <div class='ocr_carea' id='block_1_40' title="bbox 135 1869 925 1906">
    <p class='ocr_par' dir='ltr' id='par_1_40' title="bbox 135 1869 925 1906">
     <span class='ocr_line' id='line_1_40' title="bbox 135 1869 925 1906; baseline 0 -8"><span class='ocrx_word' id='word_1_295' title='bbox 135 1875 164 1898; x_wconf 85' lang='lat' dir='ltr'><strong>te</strong></span> <span class='ocrx_word' id='word_1_296' title='bbox 182 1870 301 1905; x_wconf 83' lang='lat' dir='ltr'><strong>requiem</strong></span> <span class='ocrx_word' id='word_1_297' title='bbox 317 1875 346 1897; x_wconf 92' lang='lat' dir='ltr'><strong>et</strong></span> <span class='ocrx_word' id='word_1_298' title='bbox 365 1871 471 1906; x_wconf 79' lang='lat' dir='ltr'><strong>vigilias</strong></span> <span class='ocrx_word' id='word_1_299' title='bbox 494 1870 542 1898; x_wconf 86' lang='lat' dir='ltr'><strong>tibi</strong></span> <span class='ocrx_word' id='word_1_300' title='bbox 562 1877 713 1904; x_wconf 88' lang='lat' dir='ltr'><strong>procurans</strong></span> <span class='ocrx_word' id='word_1_301' title='bbox 740 1869 847 1897; x_wconf 90' lang='lat' dir='ltr'><strong>dolores</strong></span> <span class='ocrx_word' id='word_1_302' title='bbox 861 1875 925 1898; x_wconf 86' lang='lat' dir='ltr'><strong>tuos</strong></span> 
     </span>
    </p>
   </div>
   <div class='ocr_carea' id='block_1_41' title="bbox 135 1915 925 1951">
    <p class='ocr_par' dir='ltr' id='par_1_41' title="bbox 135 1915 925 1951">
     <span class='ocr_line' id='line_1_41' title="bbox 135 1915 925 1951; baseline -0.003 -7"><span class='ocrx_word' id='word_1_303' title='bbox 135 1915 218 1944; x_wconf 79' lang='lat' dir='ltr'><strong>efﬁcit</strong></span> <span class='ocrx_word' id='word_1_304' title='bbox 230 1917 391 1944; x_wconf 84' lang='lat' dir='ltr'><strong>amariores.</strong></span> <span class='ocrx_word' id='word_1_305' title='bbox 413 1916 451 1943; x_wconf 88' lang='lat' dir='ltr'><strong>Tu</strong></span> <span class='ocrx_word' id='word_1_306' title='bbox 465 1917 531 1950; x_wconf 63' lang='lat' dir='ltr'><strong>ipse,</strong></span> <span class='ocrx_word' id='word_1_307' title='bbox 547 1916 645 1951; x_wconf 90' lang='lat' dir='ltr'><strong>inqttit,</strong></span> <span class='ocrx_word' id='word_1_308' title='bbox 658 1917 687 1943; x_wconf 75' lang='lat' dir='ltr'><strong>in</strong></span> <span class='ocrx_word' id='word_1_309' title='bbox 709 1916 848 1950; x_wconf 79' lang='lat' dir='ltr'><strong>putredine</strong></span> <span class='ocrx_word' id='word_1_310' title='bbox 870 1923 925 1943; x_wconf 78' lang='lat' dir='ltr'><strong>ver-</strong></span> 
     </span>
    </p>
   </div>
   <div class='ocr_carea' id='block_1_42' title="bbox 134 1961 925 1997">
    <p class='ocr_par' dir='ltr' id='par_1_42' title="bbox 134 1961 925 1997">
     <span class='ocr_line' id='line_1_42' title="bbox 134 1961 925 1997; baseline 0 -9"><span class='ocrx_word' id='word_1_311' title='bbox 134 1962 219 1988; x_wconf 86' lang='lat' dir='ltr'><strong>mium</strong></span> <span class='ocrx_word' id='word_1_312' title='bbox 242 1963 327 1989; x_wconf 74' lang='lat' dir='ltr'><strong>sedes.</strong></span> <span class='ocrx_word' id='word_1_313' title='bbox 354 1962 432 1996; x_wconf 80' lang='lat' dir='ltr'><strong>Quod</strong></span> <span class='ocrx_word' id='word_1_314' title='bbox 455 1962 527 1990; x_wconf 89' lang='lat' dir='ltr'><strong>enitn</strong></span> <span class='ocrx_word' id='word_1_315' title='bbox 559 1961 713 1989; x_wconf 85' lang='lat' dir='ltr'><strong>eﬂiciuntur</strong></span> <span class='ocrx_word' id='word_1_316' title='bbox 742 1969 837 1989; x_wconf 83' lang='lat' dir='ltr'><strong>omnes</strong></span> <span class='ocrx_word' id='word_1_317' title='bbox 865 1965 925 1997; x_wconf 87' lang='lat' dir='ltr'><strong>post</strong></span> 
     </span>
    </p>
   </div>
   <div class='ocr_carea' id='block_1_43' title="bbox 135 2006 925 2040">
    <p class='ocr_par' dir='ltr' id='par_1_43' title="bbox 135 2006 925 2040">
     <span class='ocr_line' id='line_1_43' title="bbox 135 2006 925 2040; baseline -0.001 -5"><span class='ocrx_word' id='word_1_318' title='bbox 135 2014 264 2040; x_wconf 82' lang='lat' dir='ltr'><strong>mortem,</strong></span> <span class='ocrx_word' id='word_1_319' title='bbox 283 2008 336 2035; x_wconf 86' lang='lat' dir='ltr'><strong>hoc</strong></span> <span class='ocrx_word' id='word_1_320' title='bbox 358 2008 486 2035; x_wconf 91' lang='lat' dir='ltr'><strong>nimirttm</strong></span> <span class='ocrx_word' id='word_1_321' title='bbox 502 2006 615 2034; x_wconf 82' lang='lat' dir='ltr'><strong>eﬁ&#39;ectus</strong></span> <span class='ocrx_word' id='word_1_322' title='bbox 638 2014 668 2035; x_wconf 91' lang='lat' dir='ltr'><strong>es</strong></span> <span class='ocrx_word' id='word_1_323' title='bbox 704 2012 731 2034; x_wconf 94' lang='lat' dir='ltr'><strong>tu</strong></span> <span class='ocrx_word' id='word_1_324' title='bbox 762 2007 838 2034; x_wconf 89' lang='lat' dir='ltr'><strong>solus</strong></span> <span class='ocrx_word' id='word_1_325' title='bbox 861 2011 925 2034; x_wconf 87' lang='lat' dir='ltr'><strong>ante</strong></span> 
     </span>
    </p>
   </div>
   <div class='ocr_carea' id='block_1_44' title="bbox 134 2052 923 2088">
    <p class='ocr_par' dir='ltr' id='par_1_44' title="bbox 134 2052 923 2088">
     <span class='ocr_line' id='line_1_44' title="bbox 134 2052 923 2088; baseline -0.004 -6"><span class='ocrx_word' id='word_1_326' title='bbox 134 2061 264 2082; x_wconf 88' lang='lat' dir='ltr'><strong>mortem.</strong></span> <span class='ocrx_word' id='word_1_327' title='bbox 284 2054 360 2088; x_wconf 87' lang='lat' dir='ltr'><strong>Quod</strong></span> <span class='ocrx_word' id='word_1_328' title='bbox 374 2055 445 2082; x_wconf 87' lang='lat' dir='ltr'><strong>enim</strong></span> <span class='ocrx_word' id='word_1_329' title='bbox 458 2053 614 2081; x_wconf 75' lang='lat' dir='ltr'><strong>efﬁciuntur</strong></span> <span class='ocrx_word' id='word_1_330' title='bbox 626 2060 721 2080; x_wconf 87' lang='lat' dir='ltr'><strong>omnes</strong></span> <span class='ocrx_word' id='word_1_331' title='bbox 737 2053 785 2088; x_wconf 90' lang='lat' dir='ltr'><strong>qui</strong></span> <span class='ocrx_word' id='word_1_332' title='bbox 801 2052 923 2080; x_wconf 93' lang='lat' dir='ltr'><strong>moriun-</strong></span> 
     </span>
    </p>
   </div>
   <div class='ocr_carea' id='block_1_45' title="bbox 135 2098 923 2135">
    <p class='ocr_par' dir='ltr' id='par_1_45' title="bbox 135 2098 923 2135">
     <span class='ocr_line' id='line_1_45' title="bbox 135 2098 923 2135; baseline -0.004 -7"><span class='ocrx_word' id='word_1_333' title='bbox 135 2106 182 2128; x_wconf 91' lang='lat' dir='ltr'><strong>tur</strong></span> <span class='ocrx_word' id='word_1_334' title='bbox 197 2101 224 2127; x_wconf 94' lang='lat' dir='ltr'><strong>in</strong></span> <span class='ocrx_word' id='word_1_335' title='bbox 239 2101 374 2135; x_wconf 86' lang='lat' dir='ltr'><strong>sepulcro,</strong></span> <span class='ocrx_word' id='word_1_336' title='bbox 389 2100 441 2127; x_wconf 90' lang='lat' dir='ltr'><strong>hoc</strong></span> <span class='ocrx_word' id='word_1_337' title='bbox 453 2100 581 2127; x_wconf 81' lang='lat' dir='ltr'><strong>videlicet</strong></span> <span class='ocrx_word' id='word_1_338' title='bbox 597 2099 708 2127; x_wconf 71' lang='lat' dir='ltr'><strong>effectus</strong></span> <span class='ocrx_word' id='word_1_339' title='bbox 722 2106 751 2126; x_wconf 85' lang='lat' dir='ltr'><strong>es</strong></span> <span class='ocrx_word' id='word_1_340' title='bbox 769 2103 795 2125; x_wconf 92' lang='lat' dir='ltr'><strong>tu</strong></span> <span class='ocrx_word' id='word_1_341' title='bbox 811 2098 887 2126; x_wconf 86' lang='lat' dir='ltr'><strong>solus</strong></span> <span class='ocrx_word' id='word_1_342' title='bbox 897 2099 923 2125; x_wconf 95' lang='lat' dir='ltr'><strong>in</strong></span> 
     </span>
    </p>
   </div>
   <div class='ocr_carea' id='block_1_46' title="bbox 135 2145 925 2180">
    <p class='ocr_par' dir='ltr' id='par_1_46' title="bbox 135 2145 925 2180">
     <span class='ocr_line' id='line_1_46' title="bbox 135 2145 925 2180; baseline -0.004 -6"><span class='ocrx_word' id='word_1_343' title='bbox 135 2155 263 2175; x_wconf 83' lang='lat' dir='ltr'><strong>nturana.</strong></span> <span class='ocrx_word' id='word_1_344' title='bbox 276 2147 347 2180; x_wconf 85' lang='lat' dir='ltr'><strong>Quid</strong></span> <span class='ocrx_word' id='word_1_345' title='bbox 363 2147 391 2174; x_wconf 94' lang='lat' dir='ltr'><strong>in</strong></span> <span class='ocrx_word' id='word_1_346' title='bbox 406 2146 579 2174; x_wconf 86' lang='lat' dir='ltr'><strong>multitudine</strong></span> <span class='ocrx_word' id='word_1_347' title='bbox 601 2145 728 2180; x_wconf 86' lang='lat' dir='ltr'><strong>gloriaris</strong></span> <span class='ocrx_word' id='word_1_348' title='bbox 749 2145 925 2180; x_wconf 88' lang='lat' dir='ltr'><strong>justiﬁcatio-</strong></span> 
     </span>
    </p>
   </div>
   <div class='ocr_carea' id='block_1_47' title="bbox 132 2191 923 2226">
    <p class='ocr_par' dir='ltr' id='par_1_47' title="bbox 132 2191 923 2226">
     <span class='ocr_line' id='line_1_47' title="bbox 132 2191 923 2226; baseline -0.004 -5"><span class='ocrx_word' id='word_1_349' title='bbox 132 2201 201 2222; x_wconf 85' lang='lat' dir='ltr'><strong>num</strong></span> <span class='ocrx_word' id='word_1_350' title='bbox 213 2193 225 2220; x_wconf 83' lang='lat'><strong>?</strong></span> <span class='ocrx_word' id='word_1_351' title='bbox 241 2192 282 2220; x_wconf 89' lang='lat' dir='ltr'><strong>Tu</strong></span> <span class='ocrx_word' id='word_1_352' title='bbox 296 2198 387 2221; x_wconf 90' lang='lat' dir='ltr'><strong>autem</strong></span> <span class='ocrx_word' id='word_1_353' title='bbox 407 2193 505 2221; x_wconf 88' lang='lat' dir='ltr'><strong>sedens</strong></span> <span class='ocrx_word' id='word_1_354' title='bbox 522 2193 550 2220; x_wconf 93' lang='lat' dir='ltr'><strong>in</strong></span> <span class='ocrx_word' id='word_1_355' title='bbox 562 2192 704 2226; x_wconf 78' lang='lat' dir='ltr'><strong>putredine</strong></span> <span class='ocrx_word' id='word_1_356' title='bbox 714 2191 846 2219; x_wconf 82' lang='lat' dir='ltr'><strong>vermium</strong></span> <span class='ocrx_word' id='word_1_357' title='bbox 859 2199 923 2225; x_wconf 80' lang='lat' dir='ltr'><strong>per-</strong></span> 
     </span>
    </p>
   </div>
   <div class='ocr_carea' id='block_1_48' title="bbox 983 259 1772 297">
    <p class='ocr_par' dir='ltr' id='par_1_48' title="bbox 983 259 1772 297">
     <span class='ocr_line' id='line_1_48' title="bbox 983 259 1772 297; baseline 0 -8"><span class='ocrx_word' id='word_1_358' title='bbox 983 263 1116 294; x_wconf 89' lang='lat' dir='ltr'><strong>animum,</strong></span> <span class='ocrx_word' id='word_1_359' title='bbox 1131 266 1160 288; x_wconf 89' lang='lat' dir='ltr'><strong>ut</strong></span> <span class='ocrx_word' id='word_1_360' title='bbox 1170 261 1311 297; x_wconf 89' lang='lat' dir='ltr'><strong>perturbet</strong></span> <span class='ocrx_word' id='word_1_361' title='bbox 1330 259 1491 295; x_wconf 68' lang='lat' dir='ltr'><strong>precnrdia,</strong></span> <span class='ocrx_word' id='word_1_362' title='bbox 1510 264 1540 287; x_wconf 89' lang='lat' dir='ltr'><strong>ut</strong></span> <span class='ocrx_word' id='word_1_363' title='bbox 1563 260 1689 288; x_wconf 87' lang='lat' dir='ltr'><strong>immutet</strong></span> <span class='ocrx_word' id='word_1_364' title='bbox 1703 268 1772 289; x_wconf 83' lang='lat' dir='ltr'><strong>con-</strong></span> 
     </span>
    </p>
   </div>
   <div class='ocr_carea' id='block_1_49' title="bbox 982 306 1772 342">
    <p class='ocr_par' dir='ltr' id='par_1_49' title="bbox 982 306 1772 342">
     <span class='ocr_line' id='line_1_49' title="bbox 982 306 1772 342; baseline -0.001 -7"><span class='ocrx_word' id='word_1_365' title='bbox 982 308 1135 340; x_wconf 86' lang='lat' dir='ltr'><strong>scientiam,</strong></span> <span class='ocrx_word' id='word_1_366' title='bbox 1154 313 1184 335; x_wconf 91' lang='lat' dir='ltr'><strong>ut</strong></span> <span class='ocrx_word' id='word_1_367' title='bbox 1196 308 1360 335; x_wconf 82' lang='lat' dir='ltr'><strong>delassaudo</strong></span> <span class='ocrx_word' id='word_1_368' title='bbox 1386 310 1468 342; x_wconf 86' lang='lat' dir='ltr'><strong>atque</strong></span> <span class='ocrx_word' id='word_1_369' title='bbox 1484 306 1634 341; x_wconf 59' lang='lat' dir='ltr'><strong>fam,</strong></span> <span class='ocrx_word' id='word_1_370' title='bbox 1650 307 1772 335; x_wconf 78' lang='lat' dir='ltr'><strong>et-dobi-</strong></span> 
     </span>
    </p>
   </div>
   <div class='ocr_carea' id='block_1_50' title="bbox 982 352 1770 389">
    <p class='ocr_par' dir='ltr' id='par_1_50' title="bbox 982 352 1770 389">
     <span class='ocr_line' id='line_1_50' title="bbox 982 352 1770 389; baseline -0.003 -8"><span class='ocrx_word' id='word_1_371' title='bbox 982 354 1034 381; x_wconf 93' lang='lat' dir='ltr'><strong>lem</strong></span> <span class='ocrx_word' id='word_1_372' title='bbox 1051 359 1132 389; x_wconf 87' lang='lat' dir='ltr'><strong>atque</strong></span> <span class='ocrx_word' id='word_1_373' title='bbox 1142 354 1334 389; x_wconf 87' lang='lat' dir='ltr'><strong>desperantem</strong></span> <span class='ocrx_word' id='word_1_374' title='bbox 1356 352 1506 386; x_wconf 76' lang='lat' dir='ltr'><strong>elliriendo,</strong></span> <span class='ocrx_word' id='word_1_375' title='bbox 1522 353 1555 379; x_wconf 88' lang='lat' dir='ltr'><strong>ad</strong></span> <span class='ocrx_word' id='word_1_376' title='bbox 1570 352 1770 388; x_wconf 82' lang='lat' dir='ltr'><strong>blasphemiam</strong></span> 
     </span>
    </p>
   </div>
   <div class='ocr_carea' id='block_1_51' title="bbox 982 399 1770 435">
    <p class='ocr_par' dir='ltr' id='par_1_51' title="bbox 982 399 1770 435">
     <span class='ocr_line' id='line_1_51' title="bbox 982 399 1770 435; baseline -0.003 -7"><span class='ocrx_word' id='word_1_377' title='bbox 982 408 1044 428; x_wconf 87' lang='lat' dir='ltr'><strong>eum</strong></span> <span class='ocrx_word' id='word_1_378' title='bbox 1056 405 1220 435; x_wconf 87' lang='lat' dir='ltr'><strong>provocaret</strong></span> <span class='ocrx_word' id='word_1_379' title='bbox 1246 405 1327 435; x_wconf 88' lang='lat' dir='ltr'><strong>atque</strong></span> <span class='ocrx_word' id='word_1_380' title='bbox 1344 403 1526 427; x_wconf 83' lang='lat' dir='ltr'><strong>converteret.</strong></span> <span class='ocrx_word' id='word_1_381' title='bbox 1540 399 1606 426; x_wconf 83' lang='lat' dir='ltr'><strong>Nam</strong></span> <span class='ocrx_word' id='word_1_382' title='bbox 1621 400 1645 426; x_wconf 88' lang='lat' dir='ltr'><strong>is</strong></span> <span class='ocrx_word' id='word_1_383' title='bbox 1659 399 1705 434; x_wconf 92' lang='lat' dir='ltr'><strong>qui</strong></span> <span class='ocrx_word' id='word_1_384' title='bbox 1717 399 1770 426; x_wconf 84' lang='lat' dir='ltr'><strong>ali-</strong></span> 
     </span>
    </p>
   </div>
   <div class='ocr_carea' id='block_1_52' title="bbox 981 445 1770 482">
    <p class='ocr_par' dir='ltr' id='par_1_52' title="bbox 981 445 1770 482">
     <span class='ocr_line' id='line_1_52' title="bbox 981 445 1770 482; baseline 0.001 -9"><span class='ocrx_word' id='word_1_385' title='bbox 981 454 1062 482; x_wconf 90' lang='lat' dir='ltr'><strong>quem</strong></span> <span class='ocrx_word' id='word_1_386' title='bbox 1076 455 1174 482; x_wconf 79' lang='lat' dir='ltr'><strong>passus</strong></span> <span class='ocrx_word' id='word_1_387' title='bbox 1187 446 1266 473; x_wconf 88' lang='lat' dir='ltr'><strong>fuerit</strong></span> <span class='ocrx_word' id='word_1_388' title='bbox 1278 446 1411 477; x_wconf 86' lang='lat' dir='ltr'><strong>dolorem,</strong></span> <span class='ocrx_word' id='word_1_389' title='bbox 1422 453 1484 473; x_wconf 80' lang='lat' dir='ltr'><strong>cum</strong></span> <span class='ocrx_word' id='word_1_390' title='bbox 1499 447 1699 480; x_wconf 77' lang='lat' dir='ltr'><strong>consumpserit</strong></span> <span class='ocrx_word' id='word_1_391' title='bbox 1709 445 1770 480; x_wconf 86' lang='lat' dir='ltr'><strong>ejus</strong></span> 
     </span>
    </p>
   </div>
   <div class='ocr_carea' id='block_1_53' title="bbox 982 492 1771 526">
    <p class='ocr_par' dir='ltr' id='par_1_53' title="bbox 982 492 1771 526">
     <span class='ocr_line' id='line_1_53' title="bbox 982 492 1771 526; baseline 0 -6"><span class='ocrx_word' id='word_1_392' title='bbox 982 493 1114 524; x_wconf 88' lang='lat' dir='ltr'><strong>dolorem,</strong></span> <span class='ocrx_word' id='word_1_393' title='bbox 1131 493 1275 519; x_wconf 85' lang='lat' dir='ltr'><strong>verborum</strong></span> <span class='ocrx_word' id='word_1_394' title='bbox 1290 492 1376 526; x_wconf 81' lang='lat' dir='ltr'><strong>magis</strong></span> <span class='ocrx_word' id='word_1_395' title='bbox 1399 497 1561 526; x_wconf 86' lang='lat' dir='ltr'><strong>provocatur</strong></span> <span class='ocrx_word' id='word_1_396' title='bbox 1586 492 1771 520; x_wconf 88' lang='lat' dir='ltr'><strong>admonitione</strong></span> 
     </span>
    </p>
   </div>
   <div class='ocr_carea' id='block_1_54' title="bbox 982 538 1771 573">
    <p class='ocr_par' dir='ltr' id='par_1_54' title="bbox 982 538 1771 573">
     <span class='ocr_line' id='line_1_54' title="bbox 982 538 1771 573; baseline 0.001 -8"><span class='ocrx_word' id='word_1_397' title='bbox 982 546 1063 573; x_wconf 90' lang='lat' dir='ltr'><strong>quam</strong></span> <span class='ocrx_word' id='word_1_398' title='bbox 1085 538 1258 573; x_wconf 88' lang='lat' dir='ltr'><strong>improperiis</strong></span> <span class='ocrx_word' id='word_1_399' title='bbox 1272 546 1278 564; x_wconf 95' lang='lat'><strong>:</strong></span> <span class='ocrx_word' id='word_1_400' title='bbox 1297 541 1324 565; x_wconf 88' lang='lat' dir='ltr'><strong>et</strong></span> <span class='ocrx_word' id='word_1_401' title='bbox 1337 539 1539 572; x_wconf 87' lang='lat' dir='ltr'><strong>increpationes</strong></span> <span class='ocrx_word' id='word_1_402' title='bbox 1554 538 1675 565; x_wconf 86' lang='lat' dir='ltr'><strong>minores</strong></span> <span class='ocrx_word' id='word_1_403' title='bbox 1689 542 1771 572; x_wconf 87' lang='lat' dir='ltr'><strong>atque</strong></span> 
     </span>
    </p>
   </div>
   <div class='ocr_carea' id='block_1_55' title="bbox 982 584 1770 619">
    <p class='ocr_par' dir='ltr' id='par_1_55' title="bbox 982 584 1770 619">
     <span class='ocr_line' id='line_1_55' title="bbox 982 584 1770 619; baseline 0 -8"><span class='ocrx_word' id='word_1_404' title='bbox 982 584 1105 611; x_wconf 88' lang='lat' dir='ltr'><strong>mitiores</strong></span> <span class='ocrx_word' id='word_1_405' title='bbox 1120 591 1181 612; x_wconf 86' lang='lat' dir='ltr'><strong>esse</strong></span> <span class='ocrx_word' id='word_1_406' title='bbox 1195 584 1322 611; x_wconf 89' lang='lat' dir='ltr'><strong>videntur</strong></span> <span class='ocrx_word' id='word_1_407' title='bbox 1336 584 1424 618; x_wconf 90' lang='lat' dir='ltr'><strong>magis</strong></span> <span class='ocrx_word' id='word_1_408' title='bbox 1439 591 1521 618; x_wconf 91' lang='lat' dir='ltr'><strong>quam</strong></span> <span class='ocrx_word' id='word_1_409' title='bbox 1533 591 1596 611; x_wconf 88' lang='lat' dir='ltr'><strong>cttm</strong></span> <span class='ocrx_word' id='word_1_410' title='bbox 1618 591 1770 619; x_wconf 87' lang='lat' dir='ltr'><strong>provocan-</strong></span> 
     </span>
    </p>
   </div>
   <div class='ocr_carea' id='block_1_56' title="bbox 982 630 1770 665">
    <p class='ocr_par' dir='ltr' id='par_1_56' title="bbox 982 630 1770 665">
     <span class='ocr_line' id='line_1_56' title="bbox 982 630 1770 665; baseline 0 -8"><span class='ocrx_word' id='word_1_411' title='bbox 982 635 1027 657; x_wconf 91' lang='lat' dir='ltr'><strong>tur</strong></span> <span class='ocrx_word' id='word_1_412' title='bbox 1042 630 1143 661; x_wconf 86' lang='lat' dir='ltr'><strong>verbis,</strong></span> <span class='ocrx_word' id='word_1_413' title='bbox 1161 635 1242 665; x_wconf 89' lang='lat' dir='ltr'><strong>atque</strong></span> <span class='ocrx_word' id='word_1_414' title='bbox 1257 630 1439 657; x_wconf 88' lang='lat' dir='ltr'><strong>admonentur</strong></span> <span class='ocrx_word' id='word_1_415' title='bbox 1453 630 1580 664; x_wconf 90' lang='lat' dir='ltr'><strong>eloquiis,</strong></span> <span class='ocrx_word' id='word_1_416' title='bbox 1609 634 1637 657; x_wconf 92' lang='lat' dir='ltr'><strong>et</strong></span> <span class='ocrx_word' id='word_1_417' title='bbox 1664 630 1770 658; x_wconf 86' lang='lat' dir='ltr'><strong>subtili-</strong></span> 
     </span>
    </p>
   </div>
   <div class='ocr_carea' id='block_1_57' title="bbox 982 675 1770 711">
    <p class='ocr_par' dir='ltr' id='par_1_57' title="bbox 982 675 1770 711">
     <span class='ocr_line' id='line_1_57' title="bbox 982 675 1770 711; baseline 0.001 -8"><span class='ocrx_word' id='word_1_418' title='bbox 982 680 1037 703; x_wconf 85' lang='lat' dir='ltr'><strong>tate</strong></span> <span class='ocrx_word' id='word_1_419' title='bbox 1053 677 1198 703; x_wconf 87' lang='lat' dir='ltr'><strong>verborum</strong></span> <span class='ocrx_word' id='word_1_420' title='bbox 1224 676 1400 705; x_wconf 80' lang='lat' dir='ltr'><strong>exulceratur</strong></span> <span class='ocrx_word' id='word_1_421' title='bbox 1428 676 1518 703; x_wconf 89' lang='lat' dir='ltr'><strong>anima</strong></span> <span class='ocrx_word' id='word_1_422' title='bbox 1544 676 1685 711; x_wconf 85' lang='lat' dir='ltr'><strong>patientis.</strong></span> <span class='ocrx_word' id='word_1_423' title='bbox 1711 675 1770 704; x_wconf 84' lang='lat' dir='ltr'><strong>Hoc</strong></span> 
     </span>
    </p>
   </div>
   <div class='ocr_carea' id='block_1_58' title="bbox 981 722 1769 757">
    <p class='ocr_par' dir='ltr' id='par_1_58' title="bbox 981 722 1769 757">
     <span class='ocr_line' id='line_1_58' title="bbox 981 722 1769 757; baseline 0.001 -8"><span class='ocrx_word' id='word_1_424' title='bbox 981 723 1085 750; x_wconf 85' lang='lat' dir='ltr'><strong>scilicet</strong></span> <span class='ocrx_word' id='word_1_425' title='bbox 1112 723 1202 750; x_wconf 87' lang='lat' dir='ltr'><strong>sciens</strong></span> <span class='ocrx_word' id='word_1_426' title='bbox 1228 722 1413 757; x_wconf 87' lang='lat' dir='ltr'><strong>nequissimus</strong></span> <span class='ocrx_word' id='word_1_427' title='bbox 1439 723 1573 754; x_wconf 84' lang='lat' dir='ltr'><strong>diabolus,</strong></span> <span class='ocrx_word' id='word_1_428' title='bbox 1600 728 1711 750; x_wconf 87' lang='lat' dir='ltr'><strong>versute</strong></span> <span class='ocrx_word' id='word_1_429' title='bbox 1737 730 1769 750; x_wconf 91' lang='lat' dir='ltr'><strong>ac</strong></span> 
     </span>
    </p>
   </div>
   <div class='ocr_carea' id='block_1_59' title="bbox 980 768 1769 804">
    <p class='ocr_par' dir='ltr' id='par_1_59' title="bbox 980 768 1769 804">
     <span class='ocr_line' id='line_1_59' title="bbox 980 768 1769 804; baseline 0.004 -10"><span class='ocrx_word' id='word_1_430' title='bbox 980 768 1076 795; x_wconf 85' lang='lat' dir='ltr'><strong>callide</strong></span> <span class='ocrx_word' id='word_1_431' title='bbox 1086 775 1134 803; x_wconf 88' lang='lat' dir='ltr'><strong>per</strong></span> <span class='ocrx_word' id='word_1_432' title='bbox 1144 776 1175 796; x_wconf 89' lang='lat' dir='ltr'><strong>os</strong></span> <span class='ocrx_word' id='word_1_433' title='bbox 1185 769 1277 796; x_wconf 85' lang='lat' dir='ltr'><strong>uxoris</strong></span> <span class='ocrx_word' id='word_1_434' title='bbox 1293 769 1418 804; x_wconf 86' lang='lat' dir='ltr'><strong>loquens,</strong></span> <span class='ocrx_word' id='word_1_435' title='bbox 1432 769 1553 796; x_wconf 92' lang='lat' dir='ltr'><strong>omnium</strong></span> <span class='ocrx_word' id='word_1_436' title='bbox 1566 777 1628 796; x_wconf 90' lang='lat' dir='ltr'><strong>eum</strong></span> <span class='ocrx_word' id='word_1_437' title='bbox 1642 769 1676 797; x_wconf 89' lang='lat' dir='ltr'><strong>ab</strong></span> <span class='ocrx_word' id='word_1_438' title='bbox 1691 769 1769 797; x_wconf 90' lang='lat' dir='ltr'><strong>initio</strong></span> 
     </span>
    </p>
   </div>
   <div class='ocr_carea' id='block_1_60' title="bbox 980 813 1768 843">
    <p class='ocr_par' dir='ltr' id='par_1_60' title="bbox 980 813 1768 843">
     <span class='ocr_line' id='line_1_60' title="bbox 980 813 1768 843; baseline 0.001 -3"><span class='ocrx_word' id='word_1_439' title='bbox 980 813 1191 841; x_wconf 83' lang='lat' dir='ltr'><strong>commonefecit</strong></span> <span class='ocrx_word' id='word_1_440' title='bbox 1203 814 1339 841; x_wconf 86' lang='lat' dir='ltr'><strong>dolorum.</strong></span> <span class='ocrx_word' id='word_1_441' title='bbox 1357 813 1458 841; x_wconf 87' lang='lat' dir='ltr'><strong>Uxoris</strong></span> <span class='ocrx_word' id='word_1_442' title='bbox 1474 821 1573 843; x_wconf 87' lang='lat' dir='ltr'><strong>nomen</strong></span> <span class='ocrx_word' id='word_1_443' title='bbox 1604 821 1667 841; x_wconf 93' lang='lat' dir='ltr'><strong>cum</strong></span> <span class='ocrx_word' id='word_1_444' title='bbox 1688 814 1768 841; x_wconf 87' lang='lat' dir='ltr'><strong>audi-</strong></span> 
     </span>
    </p>
   </div>
   <div class='ocr_carea' id='block_1_61' title="bbox 982 859 1770 895">
    <p class='ocr_par' dir='ltr' id='par_1_61' title="bbox 982 859 1770 895">
     <span class='ocr_line' id='line_1_61' title="bbox 982 859 1770 895; baseline 0.001 -8"><span class='ocrx_word' id='word_1_445' title='bbox 982 859 1049 892; x_wconf 89' lang='lat' dir='ltr'><strong>eris,</strong></span> <span class='ocrx_word' id='word_1_446' title='bbox 1060 859 1114 886; x_wconf 90' lang='lat' dir='ltr'><strong>noli</strong></span> <span class='ocrx_word' id='word_1_447' title='bbox 1126 864 1222 895; x_wconf 89' lang='lat' dir='ltr'><strong>putare</strong></span> <span class='ocrx_word' id='word_1_448' title='bbox 1234 860 1306 894; x_wconf 92' lang='lat' dir='ltr'><strong>quod</strong></span> <span class='ocrx_word' id='word_1_449' title='bbox 1318 867 1386 887; x_wconf 89' lang='lat' dir='ltr'><strong>uxor</strong></span> <span class='ocrx_word' id='word_1_450' title='bbox 1393 860 1450 887; x_wconf 71' lang='lat' dir='ltr'><strong>haec</strong></span> <span class='ocrx_word' id='word_1_451' title='bbox 1462 860 1550 887; x_wconf 88' lang='lat' dir='ltr'><strong>locuta</strong></span> <span class='ocrx_word' id='word_1_452' title='bbox 1563 859 1656 892; x_wconf 89' lang='lat' dir='ltr'><strong>fuerit,</strong></span> <span class='ocrx_word' id='word_1_453' title='bbox 1665 861 1712 888; x_wconf 85' lang='lat' dir='ltr'><strong>sed</strong></span> <span class='ocrx_word' id='word_1_454' title='bbox 1721 867 1770 888; x_wconf 84' lang='lat' dir='ltr'><strong>ore</strong></span> 
     </span>
    </p>
   </div>
   <div class='ocr_carea' id='block_1_62' title="bbox 982 906 1771 941">
    <p class='ocr_par' dir='ltr' id='par_1_62' title="bbox 982 906 1771 941">
     <span class='ocr_line' id='line_1_62' title="bbox 982 906 1771 941; baseline 0.001 -9"><span class='ocrx_word' id='word_1_455' title='bbox 982 906 1074 933; x_wconf 87' lang='lat' dir='ltr'><strong>uxoris</strong></span> <span class='ocrx_word' id='word_1_456' title='bbox 1082 906 1251 933; x_wconf 90' lang='lat' dir='ltr'><strong>deserviente</strong></span> <span class='ocrx_word' id='word_1_457' title='bbox 1265 906 1372 933; x_wconf 78' lang='lat' dir='ltr'><strong>locutus</strong></span> <span class='ocrx_word' id='word_1_458' title='bbox 1386 910 1428 933; x_wconf 86' lang='lat' dir='ltr'><strong>est</strong></span> <span class='ocrx_word' id='word_1_459' title='bbox 1438 913 1487 941; x_wconf 87' lang='lat' dir='ltr'><strong>per</strong></span> <span class='ocrx_word' id='word_1_460' title='bbox 1497 913 1528 933; x_wconf 89' lang='lat' dir='ltr'><strong>os</strong></span> <span class='ocrx_word' id='word_1_461' title='bbox 1540 906 1599 941; x_wconf 88' lang='lat' dir='ltr'><strong>ejus</strong></span> <span class='ocrx_word' id='word_1_462' title='bbox 1610 906 1771 941; x_wconf 80' lang='lat' dir='ltr'><strong>malignissi-</strong></span> 
     </span>
    </p>
   </div>
   <div class='ocr_carea' id='block_1_63' title="bbox 981 952 1769 987">
    <p class='ocr_par' dir='ltr' id='par_1_63' title="bbox 981 952 1769 987">
     <span class='ocr_line' id='line_1_63' title="bbox 981 952 1769 987; baseline 0.001 -9"><span class='ocrx_word' id='word_1_463' title='bbox 981 959 1053 983; x_wconf 90' lang='lat' dir='ltr'><strong>mus,</strong></span> <span class='ocrx_word' id='word_1_464' title='bbox 1071 952 1116 986; x_wconf 90' lang='lat' dir='ltr'><strong>qui</strong></span> <span class='ocrx_word' id='word_1_465' title='bbox 1131 952 1214 979; x_wconf 83' lang='lat' dir='ltr'><strong>etiam</strong></span> <span class='ocrx_word' id='word_1_466' title='bbox 1229 956 1254 979; x_wconf 92' lang='lat' dir='ltr'><strong>el</strong></span> <span class='ocrx_word' id='word_1_467' title='bbox 1271 952 1369 987; x_wconf 84' lang='lat' dir='ltr'><strong>impias</strong></span> <span class='ocrx_word' id='word_1_468' title='bbox 1383 952 1562 986; x_wconf 80' lang='lat' dir='ltr'><strong>cogitationes</strong></span> <span class='ocrx_word' id='word_1_469' title='bbox 1579 952 1724 979; x_wconf 86' lang='lat' dir='ltr'><strong>seminavit</strong></span> <span class='ocrx_word' id='word_1_470' title='bbox 1741 952 1769 979; x_wconf 90' lang='lat' dir='ltr'><strong>in</strong></span> 
     </span>
    </p>
   </div>
   <div class='ocr_carea' id='block_1_64' title="bbox 981 997 1768 1033">
    <p class='ocr_par' dir='ltr' id='par_1_64' title="bbox 981 997 1768 1033">
     <span class='ocr_line' id='line_1_64' title="bbox 981 997 1768 1033; baseline 0 -8"><span class='ocrx_word' id='word_1_471' title='bbox 981 999 1070 1025; x_wconf 89' lang='lat' dir='ltr'><strong>anima</strong></span> <span class='ocrx_word' id='word_1_472' title='bbox 1084 998 1168 1026; x_wconf 91' lang='lat' dir='ltr'><strong>illius.</strong></span> <span class='ocrx_word' id='word_1_473' title='bbox 1180 998 1396 1025; x_wconf 81' lang='lat' dir='ltr'><strong>Animadvertite</strong></span> <span class='ocrx_word' id='word_1_474' title='bbox 1410 998 1549 1032; x_wconf 89' lang='lat' dir='ltr'><strong>quomodo</strong></span> <span class='ocrx_word' id='word_1_475' title='bbox 1570 1005 1666 1025; x_wconf 84' lang='lat' dir='ltr'><strong>omnes</strong></span> <span class='ocrx_word' id='word_1_476' title='bbox 1691 997 1768 1033; x_wconf 84' lang='lat' dir='ltr'><strong>ipsos</strong></span> 
     </span>
    </p>
   </div>
   <div class='ocr_carea' id='block_1_65' title="bbox 980 1044 1768 1079">
    <p class='ocr_par' dir='ltr' id='par_1_65' title="bbox 980 1044 1768 1079">
     <span class='ocr_line' id='line_1_65' title="bbox 980 1044 1768 1079; baseline 0 -8"><span class='ocrx_word' id='word_1_477' title='bbox 980 1047 1122 1072; x_wconf 87' lang='lat' dir='ltr'><strong>enumerat</strong></span> <span class='ocrx_word' id='word_1_478' title='bbox 1133 1044 1253 1076; x_wconf 89' lang='lat' dir='ltr'><strong>dolores,</strong></span> <span class='ocrx_word' id='word_1_479' title='bbox 1278 1045 1415 1079; x_wconf 92' lang='lat' dir='ltr'><strong>quomodo</strong></span> <span class='ocrx_word' id='word_1_480' title='bbox 1430 1044 1464 1071; x_wconf 89' lang='lat' dir='ltr'><strong>de</strong></span> <span class='ocrx_word' id='word_1_481' title='bbox 1479 1044 1606 1071; x_wconf 86' lang='lat' dir='ltr'><strong>omnibus</strong></span> <span class='ocrx_word' id='word_1_482' title='bbox 1619 1051 1680 1071; x_wconf 90' lang='lat' dir='ltr'><strong>eum</strong></span> <span class='ocrx_word' id='word_1_483' title='bbox 1692 1051 1768 1071; x_wconf 89' lang='lat' dir='ltr'><strong>com-</strong></span> 
     </span>
    </p>
   </div>
   <div class='ocr_carea' id='block_1_66' title="bbox 980 1088 1769 1124">
    <p class='ocr_par' dir='ltr' id='par_1_66' title="bbox 980 1088 1769 1124">
     <span class='ocr_line' id='line_1_66' title="bbox 980 1088 1769 1124; baseline 0 -8"><span class='ocrx_word' id='word_1_484' title='bbox 980 1088 1138 1116; x_wconf 85' lang='lat' dir='ltr'><strong>monefacit.</strong></span> <span class='ocrx_word' id='word_1_485' title='bbox 1159 1089 1305 1124; x_wconf 86' lang='lat' dir='ltr'><strong>Quousque</strong></span> <span class='ocrx_word' id='word_1_486' title='bbox 1335 1089 1454 1117; x_wconf 89' lang='lat' dir='ltr'><strong>sustines</strong></span> <span class='ocrx_word' id='word_1_487' title='bbox 1481 1093 1680 1123; x_wconf 85' lang='lat' dir='ltr'><strong>paupertatem,</strong></span> <span class='ocrx_word' id='word_1_488' title='bbox 1706 1089 1769 1116; x_wconf 80' lang='lat' dir='ltr'><strong>ino-</strong></span> 
     </span>
    </p>
   </div>
   <div class='ocr_carea' id='block_1_67' title="bbox 980 1136 1769 1171">
    <p class='ocr_par' dir='ltr' id='par_1_67' title="bbox 980 1136 1769 1171">
     <span class='ocr_line' id='line_1_67' title="bbox 980 1136 1769 1171; baseline 0 -8"><span class='ocrx_word' id='word_1_489' title='bbox 980 1136 1064 1171; x_wconf 85' lang='lat' dir='ltr'><strong>piam,</strong></span> <span class='ocrx_word' id='word_1_490' title='bbox 1077 1136 1240 1168; x_wconf 88' lang='lat' dir='ltr'><strong>nuditatem,</strong></span> <span class='ocrx_word' id='word_1_491' title='bbox 1256 1136 1469 1167; x_wconf 86' lang='lat' dir='ltr'><strong>deformitatem,</strong></span> <span class='ocrx_word' id='word_1_492' title='bbox 1489 1136 1665 1170; x_wconf 90' lang='lat' dir='ltr'><strong>improperia,</strong></span> <span class='ocrx_word' id='word_1_493' title='bbox 1682 1136 1769 1163; x_wconf 85' lang='lat' dir='ltr'><strong>male-</strong></span> 
     </span>
    </p>
   </div>
   <div class='ocr_carea' id='block_1_68' title="bbox 980 1180 1768 1216">
    <p class='ocr_par' dir='ltr' id='par_1_68' title="bbox 980 1180 1768 1216">
     <span class='ocr_line' id='line_1_68' title="bbox 980 1180 1768 1216; baseline -0.001 -8"><span class='ocrx_word' id='word_1_494' title='bbox 980 1181 1132 1209; x_wconf 82' lang='lat' dir='ltr'><strong>dictiones?</strong></span> <span class='ocrx_word' id='word_1_495' title='bbox 1144 1180 1245 1208; x_wconf 87' lang='lat' dir='ltr'><strong>Deinde</strong></span> <span class='ocrx_word' id='word_1_496' title='bbox 1260 1181 1307 1208; x_wconf 87' lang='lat' dir='ltr'><strong>filii</strong></span> <span class='ocrx_word' id='word_1_497' title='bbox 1324 1181 1361 1208; x_wconf 92' lang='lat' dir='ltr'><strong>tui</strong></span> <span class='ocrx_word' id='word_1_498' title='bbox 1379 1186 1406 1209; x_wconf 92' lang='lat' dir='ltr'><strong>et</strong></span> <span class='ocrx_word' id='word_1_499' title='bbox 1424 1181 1486 1208; x_wconf 68' lang='lat' dir='ltr'><strong>filiae</strong></span> <span class='ocrx_word' id='word_1_500' title='bbox 1502 1181 1653 1216; x_wconf 88' lang='lat' dir='ltr'><strong>perierunt,</strong></span> <span class='ocrx_word' id='word_1_501' title='bbox 1681 1181 1768 1208; x_wconf 87' lang='lat' dir='ltr'><strong>inter-</strong></span> 
     </span>
    </p>
   </div>
   <div class='ocr_carea' id='block_1_69' title="bbox 980 1226 1767 1263">
    <p class='ocr_par' dir='ltr' id='par_1_69' title="bbox 980 1226 1767 1263">
     <span class='ocr_line' id='line_1_69' title="bbox 980 1226 1767 1263; baseline 0 -9"><span class='ocrx_word' id='word_1_502' title='bbox 980 1227 1078 1260; x_wconf 90' lang='lat' dir='ltr'><strong>ierunt,</strong></span> <span class='ocrx_word' id='word_1_503' title='bbox 1100 1228 1244 1263; x_wconf 87' lang='lat' dir='ltr'><strong>intercepti</strong></span> <span class='ocrx_word' id='word_1_504' title='bbox 1273 1231 1356 1260; x_wconf 90' lang='lat' dir='ltr'><strong>sunt,</strong></span> <span class='ocrx_word' id='word_1_505' title='bbox 1377 1227 1457 1255; x_wconf 91' lang='lat' dir='ltr'><strong>deleti</strong></span> <span class='ocrx_word' id='word_1_506' title='bbox 1478 1232 1553 1255; x_wconf 85' lang='lat' dir='ltr'><strong>sunt.</strong></span> <span class='ocrx_word' id='word_1_507' title='bbox 1574 1226 1642 1255; x_wconf 78' lang='lat' dir='ltr'><strong>item</strong></span> <span class='ocrx_word' id='word_1_508' title='bbox 1657 1234 1722 1254; x_wconf 90' lang='lat' dir='ltr'><strong>vero</strong></span> <span class='ocrx_word' id='word_1_509' title='bbox 1739 1231 1767 1254; x_wconf 89' lang='lat' dir='ltr'><strong>tu</strong></span> 
     </span>
    </p>
   </div>
   <div class='ocr_carea' id='block_1_70' title="bbox 979 1274 1766 1309">
    <p class='ocr_par' dir='ltr' id='par_1_70' title="bbox 979 1274 1766 1309">
     <span class='ocr_line' id='line_1_70' title="bbox 979 1274 1766 1309; baseline 0 -7"><span class='ocrx_word' id='word_1_510' title='bbox 979 1274 1058 1302; x_wconf 86' lang='lat' dir='ltr'><strong>sedes</strong></span> <span class='ocrx_word' id='word_1_511' title='bbox 1078 1274 1105 1302; x_wconf 89' lang='lat' dir='ltr'><strong>in</strong></span> <span class='ocrx_word' id='word_1_512' title='bbox 1124 1276 1266 1309; x_wconf 88' lang='lat' dir='ltr'><strong>putredine</strong></span> <span class='ocrx_word' id='word_1_513' title='bbox 1281 1274 1412 1302; x_wconf 87' lang='lat' dir='ltr'><strong>vertnittm</strong></span> <span class='ocrx_word' id='word_1_514' title='bbox 1423 1274 1551 1302; x_wconf 88' lang='lat' dir='ltr'><strong>omnibus</strong></span> <span class='ocrx_word' id='word_1_515' title='bbox 1575 1274 1766 1306; x_wconf 80' lang='lat' dir='ltr'><strong>exsecrabilis,</strong></span> 
     </span>
    </p>
   </div>
   <div class='ocr_carea' id='block_1_71' title="bbox 978 1320 1767 1352">
    <p class='ocr_par' dir='ltr' id='par_1_71' title="bbox 978 1320 1767 1352">
     <span class='ocr_line' id='line_1_71' title="bbox 978 1320 1767 1352; baseline -0.001 -4"><span class='ocrx_word' id='word_1_516' title='bbox 978 1320 1105 1348; x_wconf 90' lang='lat' dir='ltr'><strong>omnibus</strong></span> <span class='ocrx_word' id='word_1_517' title='bbox 1124 1320 1327 1352; x_wconf 87' lang='lat' dir='ltr'><strong>abominabilis,</strong></span> <span class='ocrx_word' id='word_1_518' title='bbox 1343 1321 1469 1348; x_wconf 86' lang='lat' dir='ltr'><strong>omnibus</strong></span> <span class='ocrx_word' id='word_1_519' title='bbox 1484 1320 1653 1347; x_wconf 86' lang='lat' dir='ltr'><strong>detestabilis</strong></span> <span class='ocrx_word' id='word_1_520' title='bbox 1670 1320 1703 1346; x_wconf 88' lang='lat' dir='ltr'><strong>ad</strong></span> <span class='ocrx_word' id='word_1_521' title='bbox 1724 1321 1767 1347; x_wconf 87' lang='lat' dir='ltr'><strong>vi-</strong></span> 
     </span>
    </p>
   </div>
   <div class='ocr_carea' id='block_1_72' title="bbox 978 1366 1766 1402">
    <p class='ocr_par' dir='ltr' id='par_1_72' title="bbox 978 1366 1766 1402">
     <span class='ocr_line' id='line_1_72' title="bbox 978 1366 1766 1402; baseline -0.001 -8"><span class='ocrx_word' id='word_1_522' title='bbox 978 1366 1107 1399; x_wconf 90' lang='lat' dir='ltr'><strong>dendum,</strong></span> <span class='ocrx_word' id='word_1_523' title='bbox 1123 1367 1366 1401; x_wconf 78' lang='lat' dir='ltr'><strong>approximandum</strong></span> <span class='ocrx_word' id='word_1_524' title='bbox 1390 1371 1472 1402; x_wconf 88' lang='lat' dir='ltr'><strong>alqtte</strong></span> <span class='ocrx_word' id='word_1_525' title='bbox 1496 1366 1670 1399; x_wconf 87' lang='lat' dir='ltr'><strong>attdiendutn,</strong></span> <span class='ocrx_word' id='word_1_526' title='bbox 1692 1371 1720 1394; x_wconf 91' lang='lat' dir='ltr'><strong>et</strong></span> <span class='ocrx_word' id='word_1_527' title='bbox 1731 1366 1766 1393; x_wconf 90' lang='lat' dir='ltr'><strong>ad</strong></span> 
     </span>
    </p>
   </div>
   <div class='ocr_carea' id='block_1_73' title="bbox 978 1412 1765 1447">
    <p class='ocr_par' dir='ltr' id='par_1_73' title="bbox 978 1412 1765 1447">
     <span class='ocr_line' id='line_1_73' title="bbox 978 1412 1765 1447; baseline 0.003 -9"><span class='ocrx_word' id='word_1_528' title='bbox 978 1412 1064 1446; x_wconf 84' lang='lat' dir='ltr'><strong>ipsam</strong></span> <span class='ocrx_word' id='word_1_529' title='bbox 1080 1412 1251 1447; x_wconf 90' lang='lat' dir='ltr'><strong>putredinem</strong></span> <span class='ocrx_word' id='word_1_530' title='bbox 1271 1412 1398 1439; x_wconf 86' lang='lat' dir='ltr'><strong>omnibus</strong></span> <span class='ocrx_word' id='word_1_531' title='bbox 1419 1412 1539 1439; x_wconf 85' lang='lat' dir='ltr'><strong>odiosam</strong></span> <span class='ocrx_word' id='word_1_532' title='bbox 1559 1412 1765 1440; x_wconf 82' lang='lat' dir='ltr'><strong>moderandam.</strong></span> 
     </span>
    </p>
   </div>
   <div class='ocr_carea' id='block_1_74' title="bbox 978 1457 1766 1494">
    <p class='ocr_par' dir='ltr' id='par_1_74' title="bbox 978 1457 1766 1494">
     <span class='ocr_line' id='line_1_74' title="bbox 978 1457 1766 1494; baseline 0.001 -9"><span class='ocrx_word' id='word_1_533' title='bbox 978 1457 1080 1485; x_wconf 89' lang='lat' dir='ltr'><strong>Deinde</strong></span> <span class='ocrx_word' id='word_1_534' title='bbox 1097 1463 1157 1493; x_wconf 84' lang='lat' dir='ltr'><strong>post</strong></span> <span class='ocrx_word' id='word_1_535' title='bbox 1173 1458 1230 1485; x_wconf 71' lang='lat' dir='ltr'><strong>haec</strong></span> <span class='ocrx_word' id='word_1_536' title='bbox 1244 1457 1367 1485; x_wconf 85' lang='lat' dir='ltr'><strong>universa</strong></span> <span class='ocrx_word' id='word_1_537' title='bbox 1383 1468 1389 1485; x_wconf 88' lang='lat'><strong>:</strong></span> <span class='ocrx_word' id='word_1_538' title='bbox 1403 1458 1437 1485; x_wconf 79' lang='lat' dir='ltr'><strong>Et</strong></span> <span class='ocrx_word' id='word_1_539' title='bbox 1459 1467 1520 1493; x_wconf 72' lang='lat' dir='ltr'><strong>ego,</strong></span> <span class='ocrx_word' id='word_1_540' title='bbox 1538 1459 1635 1493; x_wconf 88' lang='lat' dir='ltr'><strong>inquit,</strong></span> <span class='ocrx_word' id='word_1_541' title='bbox 1656 1463 1685 1486; x_wconf 84' lang='lat' dir='ltr'><strong>ut</strong></span> <span class='ocrx_word' id='word_1_542' title='bbox 1699 1467 1766 1494; x_wconf 73' lang='lat' dir='ltr'><strong>vaga</strong></span> 
     </span>
    </p>
   </div>
   <div class='ocr_carea' id='block_1_75' title="bbox 978 1503 1766 1531">
    <p class='ocr_par' dir='ltr' id='par_1_75' title="bbox 978 1503 1766 1531">
     <span class='ocr_line' id='line_1_75' title="bbox 978 1503 1766 1531; baseline 0.003 -2"><span class='ocrx_word' id='word_1_543' title='bbox 978 1507 1003 1530; x_wconf 80' lang='lat' dir='ltr'><strong>et</strong></span> <span class='ocrx_word' id='word_1_544' title='bbox 1018 1503 1108 1529; x_wconf 82' lang='lat' dir='ltr'><strong>habitu</strong></span> <span class='ocrx_word' id='word_1_545' title='bbox 1125 1503 1230 1530; x_wconf 72' lang='lat' dir='ltr'><strong>ancillte</strong></span> <span class='ocrx_word' id='word_1_546' title='bbox 1246 1504 1402 1530; x_wconf 71' lang='lat' dir='ltr'><strong>circumiens</strong></span> <span class='ocrx_word' id='word_1_547' title='bbox 1417 1504 1450 1530; x_wconf 78' lang='lat' dir='ltr'><strong>de</strong></span> <span class='ocrx_word' id='word_1_548' title='bbox 1465 1504 1521 1531; x_wconf 86' lang='lat' dir='ltr'><strong>loco</strong></span> <span class='ocrx_word' id='word_1_549' title='bbox 1544 1505 1572 1531; x_wconf 84' lang='lat' dir='ltr'><strong>in</strong></span> <span class='ocrx_word' id='word_1_550' title='bbox 1592 1504 1677 1531; x_wconf 86' lang='lat' dir='ltr'><strong>locum</strong></span> <span class='ocrx_word' id='word_1_551' title='bbox 1694 1509 1719 1531; x_wconf 83' lang='lat' dir='ltr'><strong>et</strong></span> <span class='ocrx_word' id='word_1_552' title='bbox 1733 1505 1766 1531; x_wconf 78' lang='lat' dir='ltr'><strong>de</strong></span> 
     </span>
    </p>
   </div>
   <div class='ocr_carea' id='block_1_76' title="bbox 978 1548 1767 1584">
    <p class='ocr_par' dir='ltr' id='par_1_76' title="bbox 978 1548 1767 1584">
     <span class='ocr_line' id='line_1_76' title="bbox 978 1548 1767 1584; baseline 0.003 -9"><span class='ocrx_word' id='word_1_553' title='bbox 978 1549 1056 1576; x_wconf 80' lang='lat' dir='ltr'><strong>domo</strong></span> <span class='ocrx_word' id='word_1_554' title='bbox 1068 1548 1096 1575; x_wconf 86' lang='lat' dir='ltr'><strong>in</strong></span> <span class='ocrx_word' id='word_1_555' title='bbox 1107 1549 1224 1581; x_wconf 86' lang='lat' dir='ltr'><strong>domum,</strong></span> <span class='ocrx_word' id='word_1_556' title='bbox 1238 1553 1266 1576; x_wconf 88' lang='lat' dir='ltr'><strong>et</strong></span> <span class='ocrx_word' id='word_1_557' title='bbox 1279 1553 1376 1576; x_wconf 71' lang='lat' dir='ltr'><strong>caetera</strong></span> <span class='ocrx_word' id='word_1_558' title='bbox 1392 1558 1399 1576; x_wconf 91' lang='lat'><strong>:</strong></span> <span class='ocrx_word' id='word_1_559' title='bbox 1416 1550 1514 1584; x_wconf 90' lang='lat' dir='ltr'><strong>quibus</strong></span> <span class='ocrx_word' id='word_1_560' title='bbox 1527 1550 1669 1577; x_wconf 88' lang='lat' dir='ltr'><strong>subtiliora</strong></span> <span class='ocrx_word' id='word_1_561' title='bbox 1684 1555 1767 1584; x_wconf 86' lang='lat' dir='ltr'><strong>atque</strong></span> 
     </span>
    </p>
   </div>
   <div class='ocr_carea' id='block_1_77' title="bbox 977 1595 1766 1631">
    <p class='ocr_par' dir='ltr' id='par_1_77' title="bbox 977 1595 1766 1631">
     <span class='ocr_line' id='line_1_77' title="bbox 977 1595 1766 1631; baseline 0.001 -8"><span class='ocrx_word' id='word_1_562' title='bbox 977 1595 1117 1623; x_wconf 85' lang='lat' dir='ltr'><strong>callidiora</strong></span> <span class='ocrx_word' id='word_1_563' title='bbox 1129 1595 1155 1622; x_wconf 89' lang='lat' dir='ltr'><strong>in</strong></span> <span class='ocrx_word' id='word_1_564' title='bbox 1170 1595 1348 1623; x_wconf 88' lang='lat' dir='ltr'><strong>subversione</strong></span> <span class='ocrx_word' id='word_1_565' title='bbox 1361 1596 1432 1630; x_wconf 90' lang='lat' dir='ltr'><strong>loqui</strong></span> <span class='ocrx_word' id='word_1_566' title='bbox 1443 1603 1495 1623; x_wconf 92' lang='lat' dir='ltr'><strong>non</strong></span> <span class='ocrx_word' id='word_1_567' title='bbox 1506 1600 1619 1630; x_wconf 80' lang='lat' dir='ltr'><strong>poterat.</strong></span> <span class='ocrx_word' id='word_1_568' title='bbox 1636 1595 1766 1631; x_wconf 80' lang='lat' dir='ltr'><strong>Postqua.</strong></span> 
     </span>
    </p>
   </div>
   <div class='ocr_carea' id='block_1_78' title="bbox 977 1642 1765 1677">
    <p class='ocr_par' dir='ltr' id='par_1_78' title="bbox 977 1642 1765 1677">
     <span class='ocr_line' id='line_1_78' title="bbox 977 1642 1765 1677; baseline 0.001 -9"><span class='ocrx_word' id='word_1_569' title='bbox 977 1642 1105 1669; x_wconf 82' lang='lat' dir='ltr'><strong>universa</strong></span> <span class='ocrx_word' id='word_1_570' title='bbox 1121 1649 1170 1675; x_wconf 88' lang='lat' dir='ltr'><strong>pro</strong></span> <span class='ocrx_word' id='word_1_571' title='bbox 1185 1642 1307 1669; x_wconf 90' lang='lat' dir='ltr'><strong>omnium</strong></span> <span class='ocrx_word' id='word_1_572' title='bbox 1323 1642 1509 1674; x_wconf 91' lang='lat' dir='ltr'><strong>conclusione,</strong></span> <span class='ocrx_word' id='word_1_573' title='bbox 1530 1646 1673 1676; x_wconf 84' lang='lat' dir='ltr'><strong>postquam</strong></span> <span class='ocrx_word' id='word_1_574' title='bbox 1701 1649 1765 1677; x_wconf 89' lang='lat' dir='ltr'><strong>per-</strong></span> 
     </span>
    </p>
   </div>
   <div class='ocr_carea' id='block_1_79' title="bbox 978 1686 1764 1722">
    <p class='ocr_par' dir='ltr' id='par_1_79' title="bbox 978 1686 1764 1722">
     <span class='ocr_line' id='line_1_79' title="bbox 978 1686 1764 1722; baseline 0.003 -9"><span class='ocrx_word' id='word_1_575' title='bbox 978 1686 1113 1714; x_wconf 89' lang='lat' dir='ltr'><strong>turbatum</strong></span> <span class='ocrx_word' id='word_1_576' title='bbox 1123 1691 1150 1714; x_wconf 89' lang='lat' dir='ltr'><strong>et</strong></span> <span class='ocrx_word' id='word_1_577' title='bbox 1157 1692 1343 1722; x_wconf 90' lang='lat' dir='ltr'><strong>provocatum,</strong></span> <span class='ocrx_word' id='word_1_578' title='bbox 1352 1692 1432 1722; x_wconf 90' lang='lat' dir='ltr'><strong>atque</strong></span> <span class='ocrx_word' id='word_1_579' title='bbox 1440 1687 1511 1715; x_wconf 90' lang='lat' dir='ltr'><strong>circa</strong></span> <span class='ocrx_word' id='word_1_580' title='bbox 1520 1686 1603 1714; x_wconf 85' lang='lat' dir='ltr'><strong>Deum</strong></span> <span class='ocrx_word' id='word_1_581' title='bbox 1616 1687 1764 1715; x_wconf 89' lang='lat' dir='ltr'><strong>excitatum</strong></span> 
     </span>
    </p>
   </div>
   <div class='ocr_carea' id='block_1_80' title="bbox 977 1733 1764 1768">
    <p class='ocr_par' dir='ltr' id='par_1_80' title="bbox 977 1733 1764 1768">
     <span class='ocr_line' id='line_1_80' title="bbox 977 1733 1764 1768; baseline 0.004 -9"><span class='ocrx_word' id='word_1_582' title='bbox 977 1733 1082 1767; x_wconf 86' lang='lat' dir='ltr'><strong>putavit</strong></span> <span class='ocrx_word' id='word_1_583' title='bbox 1095 1740 1156 1760; x_wconf 85' lang='lat' dir='ltr'><strong>esse</strong></span> <span class='ocrx_word' id='word_1_584' title='bbox 1172 1740 1220 1760; x_wconf 92' lang='lat' dir='ltr'><strong>cor</strong></span> <span class='ocrx_word' id='word_1_585' title='bbox 1228 1733 1298 1767; x_wconf 81' lang='lat' dir='ltr'><strong>ejus,</strong></span> <span class='ocrx_word' id='word_1_586' title='bbox 1310 1734 1337 1760; x_wconf 93' lang='lat' dir='ltr'><strong>in</strong></span> <span class='ocrx_word' id='word_1_587' title='bbox 1346 1734 1533 1768; x_wconf 85' lang='lat' dir='ltr'><strong>supplemento</strong></span> <span class='ocrx_word' id='word_1_588' title='bbox 1544 1734 1665 1761; x_wconf 85' lang='lat' dir='ltr'><strong>omnium</strong></span> <span class='ocrx_word' id='word_1_589' title='bbox 1678 1734 1764 1763; x_wconf 89' lang='lat' dir='ltr'><strong>dixit:</strong></span> 
     </span>
    </p>
   </div>
   <div class='ocr_carea' id='block_1_81' title="bbox 979 1778 1763 1814">
    <p class='ocr_par' dir='ltr' id='par_1_81' title="bbox 979 1778 1763 1814">
     <span class='ocr_line' id='line_1_81' title="bbox 979 1778 1763 1814; baseline 0.005 -10"><span class='ocrx_word' id='word_1_590' title='bbox 979 1778 1026 1805; x_wconf 83' lang='lat' dir='ltr'><strong>Dic</strong></span> <span class='ocrx_word' id='word_1_591' title='bbox 1052 1779 1161 1814; x_wconf 79' lang='lat' dir='ltr'><strong>aliquod</strong></span> <span class='ocrx_word' id='word_1_592' title='bbox 1182 1780 1287 1806; x_wconf 71' lang='lat' dir='ltr'><strong>uerbum</strong></span> <span class='ocrx_word' id='word_1_593' title='bbox 1310 1779 1338 1806; x_wconf 83' lang='lat' dir='ltr'><strong>in</strong></span> <span class='ocrx_word' id='word_1_594' title='bbox 1361 1779 1502 1806; x_wconf 85' lang='lat' dir='ltr'><strong>Dominum</strong></span> <span class='ocrx_word' id='word_1_595' title='bbox 1517 1785 1540 1806; x_wconf 82' lang='lat' dir='ltr'><strong>et</strong></span> <span class='ocrx_word' id='word_1_596' title='bbox 1555 1788 1656 1808; x_wconf 71' lang='lat' dir='ltr'><strong>morere</strong></span> <span class='ocrx_word' id='word_1_597' title='bbox 1673 1780 1705 1808; x_wconf 72' lang='grc' dir='ltr'><strong>ιο.</strong></span> <span class='ocrx_word' id='word_1_598' title='bbox 1721 1780 1763 1807; x_wconf 83' lang='lat' dir='ltr'><strong>Ad</strong></span> 
     </span>
    </p>
   </div>
   <div class='ocr_carea' id='block_1_82' title="bbox 977 1824 1763 1861">
    <p class='ocr_par' dir='ltr' id='par_1_82' title="bbox 977 1824 1763 1861">
     <span class='ocr_line' id='line_1_82' title="bbox 977 1824 1763 1861; baseline 0.004 -10"><span class='ocrx_word' id='word_1_599' title='bbox 977 1824 1030 1852; x_wconf 90' lang='lat' dir='ltr'><strong>hoc</strong></span> <span class='ocrx_word' id='word_1_600' title='bbox 1047 1826 1121 1852; x_wconf 91' lang='lat' dir='ltr'><strong>enim</strong></span> <span class='ocrx_word' id='word_1_601' title='bbox 1134 1825 1209 1852; x_wconf 92' lang='lat' dir='ltr'><strong>illum</strong></span> <span class='ocrx_word' id='word_1_602' title='bbox 1230 1825 1382 1853; x_wconf 87' lang='lat' dir='ltr'><strong>adducebat</strong></span> <span class='ocrx_word' id='word_1_603' title='bbox 1397 1830 1478 1861; x_wconf 87' lang='lat' dir='ltr'><strong>atque</strong></span> <span class='ocrx_word' id='word_1_604' title='bbox 1494 1826 1658 1859; x_wconf 88' lang='lat' dir='ltr'><strong>attrahebat,</strong></span> <span class='ocrx_word' id='word_1_605' title='bbox 1680 1830 1709 1854; x_wconf 92' lang='lat' dir='ltr'><strong>et</strong></span> <span class='ocrx_word' id='word_1_606' title='bbox 1729 1827 1763 1854; x_wconf 91' lang='lat' dir='ltr'><strong>ad</strong></span> 
     </span>
    </p>
   </div>
   <div class='ocr_carea' id='block_1_83' title="bbox 977 1869 1763 1905">
    <p class='ocr_par' dir='ltr' id='par_1_83' title="bbox 977 1869 1763 1905">
     <span class='ocr_line' id='line_1_83' title="bbox 977 1869 1763 1905; baseline 0.001 -8"><span class='ocrx_word' id='word_1_607' title='bbox 977 1870 1030 1897; x_wconf 85' lang='lat' dir='ltr'><strong>hoc</strong></span> <span class='ocrx_word' id='word_1_608' title='bbox 1043 1869 1196 1905; x_wconf 85' lang='lat' dir='ltr'><strong>ﬂagellabat</strong></span> <span class='ocrx_word' id='word_1_609' title='bbox 1210 1878 1272 1897; x_wconf 90' lang='lat' dir='ltr'><strong>cum</strong></span> <span class='ocrx_word' id='word_1_610' title='bbox 1291 1870 1350 1897; x_wconf 67' lang='lat' dir='ltr'><strong>haec</strong></span> <span class='ocrx_word' id='word_1_611' title='bbox 1367 1870 1494 1898; x_wconf 90' lang='lat' dir='ltr'><strong>universa</strong></span> <span class='ocrx_word' id='word_1_612' title='bbox 1513 1871 1669 1905; x_wconf 87' lang='lat' dir='ltr'><strong>loqueretur</strong></span> <span class='ocrx_word' id='word_1_613' title='bbox 1684 1871 1763 1898; x_wconf 77' lang='lat' dir='ltr'><strong>maii-</strong></span> 
     </span>
    </p>
   </div>
   <div class='ocr_carea' id='block_1_84' title="bbox 975 1915 1761 1951">
    <p class='ocr_par' dir='ltr' id='par_1_84' title="bbox 975 1915 1761 1951">
     <span class='ocr_line' id='line_1_84' title="bbox 975 1915 1761 1951; baseline 0.003 -8"><span class='ocrx_word' id='word_1_614' title='bbox 975 1916 1120 1949; x_wconf 72' lang='lat' dir='ltr'><strong>gnissimus</strong></span> <span class='ocrx_word' id='word_1_615' title='bbox 1129 1916 1260 1944; x_wconf 85' lang='lat' dir='ltr'><strong>diabolus.</strong></span> <span class='ocrx_word' id='word_1_616' title='bbox 1268 1915 1334 1943; x_wconf 77' lang='lat' dir='ltr'><strong>Nam</strong></span> <span class='ocrx_word' id='word_1_617' title='bbox 1344 1924 1405 1944; x_wconf 88' lang='lat' dir='ltr'><strong>cum</strong></span> <span class='ocrx_word' id='word_1_618' title='bbox 1416 1924 1468 1943; x_wconf 89' lang='lat' dir='ltr'><strong>non</strong></span> <span class='ocrx_word' id='word_1_619' title='bbox 1477 1917 1576 1944; x_wconf 86' lang='lat' dir='ltr'><strong>valeret</strong></span> <span class='ocrx_word' id='word_1_620' title='bbox 1585 1925 1631 1951; x_wconf 88' lang='lat' dir='ltr'><strong>per</strong></span> <span class='ocrx_word' id='word_1_621' title='bbox 1642 1918 1761 1950; x_wconf 81' lang='lat' dir='ltr'><strong>dolores,</strong></span> 
     </span>
    </p>
   </div>
   <div class='ocr_carea' id='block_1_85' title="bbox 975 1962 1764 1997">
    <p class='ocr_par' dir='ltr' id='par_1_85' title="bbox 975 1962 1764 1997">
     <span class='ocr_line' id='line_1_85' title="bbox 975 1962 1764 1997; baseline 0.001 -7"><span class='ocrx_word' id='word_1_622' title='bbox 975 1963 1097 1990; x_wconf 88' lang='lat' dir='ltr'><strong>nisusest</strong></span> <span class='ocrx_word' id='word_1_623' title='bbox 1103 1967 1183 1996; x_wconf 84' lang='lat' dir='ltr'><strong>atque</strong></span> <span class='ocrx_word' id='word_1_624' title='bbox 1192 1964 1294 1997; x_wconf 88' lang='lat' dir='ltr'><strong>putavit</strong></span> <span class='ocrx_word' id='word_1_625' title='bbox 1301 1962 1370 1997; x_wconf 90' lang='lat' dir='ltr'><strong>quod</strong></span> <span class='ocrx_word' id='word_1_626' title='bbox 1380 1969 1428 1997; x_wconf 88' lang='lat' dir='ltr'><strong>per</strong></span> <span class='ocrx_word' id='word_1_627' title='bbox 1434 1962 1619 1990; x_wconf 85' lang='lat' dir='ltr'><strong>seductionetn</strong></span> <span class='ocrx_word' id='word_1_628' title='bbox 1629 1971 1690 1990; x_wconf 89' lang='lat' dir='ltr'><strong>eutn</strong></span> <span class='ocrx_word' id='word_1_629' title='bbox 1698 1965 1764 1991; x_wconf 78' lang='lat' dir='ltr'><strong>sub-</strong></span> 
     </span>
    </p>
   </div>
   <div class='ocr_carea' id='block_1_86' title="bbox 975 2009 1762 2044">
    <p class='ocr_par' dir='ltr' id='par_1_86' title="bbox 975 2009 1762 2044">
     <span class='ocr_line' id='line_1_86' title="bbox 975 2009 1762 2044; baseline 0.001 -8"><span class='ocrx_word' id='word_1_630' title='bbox 975 2014 1104 2036; x_wconf 87' lang='lat' dir='ltr'><strong>verteret.</strong></span> <span class='ocrx_word' id='word_1_631' title='bbox 1116 2009 1168 2037; x_wconf 89' lang='lat' dir='ltr'><strong>Sed</strong></span> <span class='ocrx_word' id='word_1_632' title='bbox 1180 2009 1234 2036; x_wconf 92' lang='lat' dir='ltr'><strong>illic</strong></span> <span class='ocrx_word' id='word_1_633' title='bbox 1246 2016 1310 2036; x_wconf 88' lang='lat' dir='ltr'><strong>vere</strong></span> <span class='ocrx_word' id='word_1_634' title='bbox 1319 2009 1494 2044; x_wconf 90' lang='lat' dir='ltr'><strong>adimpletum</strong></span> <span class='ocrx_word' id='word_1_635' title='bbox 1507 2014 1549 2036; x_wconf 90' lang='lat' dir='ltr'><strong>est</strong></span> <span class='ocrx_word' id='word_1_636' title='bbox 1559 2009 1630 2043; x_wconf 89' lang='lat' dir='ltr'><strong>quod</strong></span> <span class='ocrx_word' id='word_1_637' title='bbox 1639 2015 1700 2044; x_wconf 90' lang='lat' dir='ltr'><strong>post</strong></span> <span class='ocrx_word' id='word_1_638' title='bbox 1709 2009 1762 2037; x_wconf 87' lang='lat' dir='ltr'><strong>hoc</strong></span> 
     </span>
    </p>
   </div>
   <div class='ocr_carea' id='block_1_87' title="bbox 974 2055 1763 2090">
    <p class='ocr_par' dir='ltr' id='par_1_87' title="bbox 974 2055 1763 2090">
     <span class='ocr_line' id='line_1_87' title="bbox 974 2055 1763 2090; baseline 0.001 -7"><span class='ocrx_word' id='word_1_639' title='bbox 974 2056 1074 2083; x_wconf 88' lang='lat' dir='ltr'><strong>dictum</strong></span> <span class='ocrx_word' id='word_1_640' title='bbox 1090 2061 1132 2083; x_wconf 89' lang='lat' dir='ltr'><strong>est</strong></span> <span class='ocrx_word' id='word_1_641' title='bbox 1147 2064 1156 2084; x_wconf 86' lang='lat'><strong>:</strong></span> <span class='ocrx_word' id='word_1_642' title='bbox 1172 2055 1294 2083; x_wconf 86' lang='lat' dir='ltr'><strong>Firmum</strong></span> <span class='ocrx_word' id='word_1_643' title='bbox 1311 2056 1512 2090; x_wconf 79' lang='lat' dir='ltr'><strong>fundamentum</strong></span> <span class='ocrx_word' id='word_1_644' title='bbox 1534 2055 1582 2083; x_wconf 82' lang='lat' dir='ltr'><strong>Dei</strong></span> <span class='ocrx_word' id='word_1_645' title='bbox 1599 2056 1690 2083; x_wconf 74' lang='lat' dir='ltr'><strong>stabit.</strong></span> <span class='ocrx_word' id='word_1_646' title='bbox 1706 2056 1763 2084; x_wconf 94' lang='lat' dir='ltr'><strong>Illic</strong></span> 
     </span>
    </p>
   </div>
   <div class='ocr_carea' id='block_1_88' title="bbox 975 2102 1761 2137">
    <p class='ocr_par' dir='ltr' id='par_1_88' title="bbox 975 2102 1761 2137">
     <span class='ocr_line' id='line_1_88' title="bbox 975 2102 1761 2137; baseline 0.001 -8"><span class='ocrx_word' id='word_1_647' title='bbox 975 2110 1038 2130; x_wconf 87' lang='lat' dir='ltr'><strong>vero</strong></span> <span class='ocrx_word' id='word_1_648' title='bbox 1053 2103 1197 2137; x_wconf 88' lang='lat' dir='ltr'><strong>adimpleta</strong></span> <span class='ocrx_word' id='word_1_649' title='bbox 1212 2107 1240 2130; x_wconf 90' lang='lat' dir='ltr'><strong>et</strong></span> <span class='ocrx_word' id='word_1_650' title='bbox 1251 2102 1378 2137; x_wconf 88' lang='lat' dir='ltr'><strong>parabola</strong></span> <span class='ocrx_word' id='word_1_651' title='bbox 1391 2102 1446 2134; x_wconf 89' lang='lat' dir='ltr'><strong>illa,</strong></span> <span class='ocrx_word' id='word_1_652' title='bbox 1457 2109 1518 2137; x_wconf 69' lang='lat' dir='ltr'><strong>quae</strong></span> <span class='ocrx_word' id='word_1_653' title='bbox 1530 2110 1545 2129; x_wconf 91' lang='lat' dir='ltr'><strong>a</strong></span> <span class='ocrx_word' id='word_1_654' title='bbox 1559 2102 1673 2130; x_wconf 89' lang='lat' dir='ltr'><strong>Domino</strong></span> <span class='ocrx_word' id='word_1_655' title='bbox 1689 2102 1761 2130; x_wconf 89' lang='lat' dir='ltr'><strong>dicta</strong></span> 
     </span>
    </p>
   </div>
   <div class='ocr_carea' id='block_1_89' title="bbox 974 2148 1760 2183">
    <p class='ocr_par' dir='ltr' id='par_1_89' title="bbox 974 2148 1760 2183">
     <span class='ocr_line' id='line_1_89' title="bbox 974 2148 1760 2183; baseline 0 -8"><span class='ocrx_word' id='word_1_656' title='bbox 974 2153 1016 2175; x_wconf 81' lang='lat' dir='ltr'><strong>est</strong></span> <span class='ocrx_word' id='word_1_657' title='bbox 1026 2148 1058 2175; x_wconf 90' lang='lat' dir='ltr'><strong>de</strong></span> <span class='ocrx_word' id='word_1_658' title='bbox 1070 2149 1150 2176; x_wconf 90' lang='lat' dir='ltr'><strong>dotno</strong></span> <span class='ocrx_word' id='word_1_659' title='bbox 1161 2148 1203 2175; x_wconf 89' lang='lat' dir='ltr'><strong>illa</strong></span> <span class='ocrx_word' id='word_1_660' title='bbox 1213 2148 1302 2180; x_wconf 86' lang='lat' dir='ltr'><strong>ﬁrma,</strong></span> <span class='ocrx_word' id='word_1_661' title='bbox 1317 2155 1376 2182; x_wconf 69' lang='lat' dir='ltr'><strong>qua:</strong></span> <span class='ocrx_word' id='word_1_662' title='bbox 1385 2155 1466 2182; x_wconf 87' lang='lat' dir='ltr'><strong>super</strong></span> <span class='ocrx_word' id='word_1_663' title='bbox 1477 2152 1579 2183; x_wconf 90' lang='lat' dir='ltr'><strong>petram</strong></span> <span class='ocrx_word' id='word_1_664' title='bbox 1593 2148 1702 2175; x_wconf 84' lang='lat' dir='ltr'><strong>fundata</strong></span> <span class='ocrx_word' id='word_1_665' title='bbox 1717 2152 1760 2175; x_wconf 95' lang='lat' dir='ltr'><strong>at-</strong></span> 
     </span>
    </p>
   </div>
   <div class='ocr_carea' id='block_1_90' title="bbox 973 2191 1762 2229">
    <p class='ocr_par' dir='ltr' id='par_1_90' title="bbox 973 2191 1762 2229">
     <span class='ocr_line' id='line_1_90' title="bbox 973 2191 1762 2229; baseline 0 -10"><span class='ocrx_word' id='word_1_666' title='bbox 973 2201 1026 2229; x_wconf 87' lang='lat' dir='ltr'><strong>que</strong></span> <span class='ocrx_word' id='word_1_667' title='bbox 1045 2193 1176 2220; x_wconf 66' lang='lat' dir='ltr'><strong>aedificata</strong></span> <span class='ocrx_word' id='word_1_668' title='bbox 1199 2197 1253 2224; x_wconf 91' lang='lat' dir='ltr'><strong>est,</strong></span> <span class='ocrx_word' id='word_1_669' title='bbox 1276 2200 1357 2227; x_wconf 87' lang='lat' dir='ltr'><strong>quam</strong></span> <span class='ocrx_word' id='word_1_670' title='bbox 1372 2199 1467 2219; x_wconf 87' lang='lat' dir='ltr'><strong>omnes</strong></span> <span class='ocrx_word' id='word_1_671' title='bbox 1486 2191 1558 2219; x_wconf 88' lang='lat' dir='ltr'><strong>venti</strong></span> <span class='ocrx_word' id='word_1_672' title='bbox 1581 2195 1609 2218; x_wconf 92' lang='lat' dir='ltr'><strong>et</strong></span> <span class='ocrx_word' id='word_1_673' title='bbox 1628 2198 1716 2225; x_wconf 63' lang='lat' dir='ltr'><strong>aquae,</strong></span> <span class='ocrx_word' id='word_1_674' title='bbox 1733 2195 1762 2219; x_wconf 89' lang='lat' dir='ltr'><strong>et</strong></span> 
     </span>
    </p>
   </div>
   <div class='ocr_carea' id='block_1_91' title="bbox 132 2237 1758 2275">
    <p class='ocr_par' dir='ltr' id='par_1_91' title="bbox 132 2237 1758 2275">
     <span class='ocr_line' id='line_1_91' title="bbox 132 2237 1758 2275; baseline -0.002 -7"><span class='ocrx_word' id='word_1_675' title='bbox 132 2245 253 2268; x_wconf 88' lang='lat' dir='ltr'><strong>noctans</strong></span> <span class='ocrx_word' id='word_1_676' title='bbox 269 2247 302 2267; x_wconf 90' lang='lat' dir='ltr'><strong>ac</strong></span> <span class='ocrx_word' id='word_1_677' title='bbox 313 2239 478 2275; x_wconf 76' lang='lat' dir='ltr'><strong>pervigilans</strong></span> <span class='ocrx_word' id='word_1_678' title='bbox 495 2238 628 2273; x_wconf 90' lang='lat' dir='ltr'><strong>plurimos</strong></span> <span class='ocrx_word' id='word_1_679' title='bbox 651 2237 737 2265; x_wconf 88' lang='lat' dir='ltr'><strong>habes</strong></span> <span class='ocrx_word' id='word_1_680' title='bbox 766 2237 813 2272; x_wconf 90' lang='lat' dir='ltr'><strong>qui</strong></span> <span class='ocrx_word' id='word_1_681' title='bbox 833 2241 861 2264; x_wconf 86' lang='lat' dir='ltr'><strong>te</strong></span> <span class='ocrx_word' id='word_1_682' title='bbox 876 2245 925 2264; x_wconf 87' lang='lat' dir='ltr'><strong>ex-</strong></span> <span class='ocrx_word' id='word_1_683' title='bbox 939 2242 962 2272; x_wconf 79' lang='grc' dir='ltr'><strong>ο</strong></span> <span class='ocrx_word' id='word_1_684' title='bbox 976 2247 1071 2267; x_wconf 91' lang='lat' dir='ltr'><strong>omnes</strong></span> <span class='ocrx_word' id='word_1_685' title='bbox 1091 2240 1206 2273; x_wconf 82' lang='lat' dir='ltr'><strong>impetus</strong></span> <span class='ocrx_word' id='word_1_686' title='bbox 1223 2238 1322 2266; x_wconf 91' lang='lat' dir='ltr'><strong>diaboli</strong></span> <span class='ocrx_word' id='word_1_687' title='bbox 1337 2244 1509 2265; x_wconf 83' lang='lat' dir='ltr'><strong>commovere</strong></span> <span class='ocrx_word' id='word_1_688' title='bbox 1527 2244 1580 2265; x_wconf 91' lang='lat' dir='ltr'><strong>non</strong></span> <span class='ocrx_word' id='word_1_689' title='bbox 1602 2241 1758 2272; x_wconf 83' lang='lat' dir='ltr'><strong>potuerunt.</strong></span> 
     </span>
    </p>
   </div>
   <div class='ocr_carea' id='block_1_92' title="bbox 133 2283 923 2319">
    <p class='ocr_par' dir='ltr' id='par_1_92' title="bbox 133 2283 923 2319">
     <span class='ocr_line' id='line_1_92' title="bbox 133 2283 923 2319; baseline -0.004 -6"><span class='ocrx_word' id='word_1_690' title='bbox 133 2286 224 2313; x_wconf 80' lang='lat' dir='ltr'><strong>citent</strong></span> <span class='ocrx_word' id='word_1_691' title='bbox 243 2293 359 2313; x_wconf 88' lang='lat' dir='ltr'><strong>vermes.</strong></span> <span class='ocrx_word' id='word_1_692' title='bbox 381 2284 439 2312; x_wconf 83' lang='lat' dir='ltr'><strong>Non</strong></span> <span class='ocrx_word' id='word_1_693' title='bbox 460 2285 532 2312; x_wconf 90' lang='lat' dir='ltr'><strong>enim</strong></span> <span class='ocrx_word' id='word_1_694' title='bbox 552 2284 639 2318; x_wconf 78' lang='lat' dir='ltr'><strong>gallus</strong></span> <span class='ocrx_word' id='word_1_695' title='bbox 666 2284 710 2311; x_wconf 90' lang='lat' dir='ltr'><strong>ille</strong></span> <span class='ocrx_word' id='word_1_696' title='bbox 723 2283 769 2318; x_wconf 91' lang='lat' dir='ltr'><strong>qui</strong></span> <span class='ocrx_word' id='word_1_697' title='bbox 785 2287 847 2319; x_wconf 88' lang='lat' dir='ltr'><strong>post</strong></span> <span class='ocrx_word' id='word_1_698' title='bbox 872 2283 923 2310; x_wconf 88' lang='lat' dir='ltr'><strong>hoc</strong></span> 
     </span>
    </p>
   </div>
   <div class='ocr_carea' id='block_1_93' title="bbox 131 2329 924 2365">
    <p class='ocr_par' dir='ltr' id='par_1_93' title="bbox 131 2329 924 2365">
     <span class='ocr_line' id='line_1_93' title="bbox 131 2329 924 2365; baseline -0.005 -5"><span class='ocrx_word' id='word_1_699' title='bbox 131 2333 245 2360; x_wconf 86' lang='lat' dir='ltr'><strong>Petrum</strong></span> <span class='ocrx_word' id='word_1_700' title='bbox 261 2332 377 2363; x_wconf 88' lang='lat' dir='ltr'><strong>vocabit,</strong></span> <span class='ocrx_word' id='word_1_701' title='bbox 397 2331 435 2358; x_wconf 91' lang='lat' dir='ltr'><strong>ita</strong></span> <span class='ocrx_word' id='word_1_702' title='bbox 452 2331 573 2358; x_wconf 83' lang='lat' dir='ltr'><strong>excitare</strong></span> <span class='ocrx_word' id='word_1_703' title='bbox 590 2330 665 2357; x_wconf 91' lang='lat' dir='ltr'><strong>illum</strong></span> <span class='ocrx_word' id='word_1_704' title='bbox 682 2330 795 2365; x_wconf 90' lang='lat' dir='ltr'><strong>poterit,</strong></span> <span class='ocrx_word' id='word_1_705' title='bbox 816 2329 886 2357; x_wconf 87' lang='lat' dir='ltr'><strong>sicut</strong></span> <span class='ocrx_word' id='word_1_706' title='bbox 898 2334 924 2356; x_wconf 90' lang='lat' dir='ltr'><strong>te</strong></span> 
     </span>
    </p>
   </div>
   <div class='ocr_carea' id='block_1_94' title="bbox 120 2375 922 2412">
    <p class='ocr_par' dir='ltr' id='par_1_94' title="bbox 120 2375 922 2412">
     <span class='ocr_line' id='line_1_94' title="bbox 120 2375 922 2412; baseline -0.002 -7"><span class='ocrx_word' id='word_1_707' title='bbox 120 2376 255 2406; x_wconf 51' lang='lat' dir='ltr'><strong>’excitant</strong></span> <span class='ocrx_word' id='word_1_708' title='bbox 282 2385 399 2410; x_wconf 86' lang='lat' dir='ltr'><strong>vermes,</strong></span> <span class='ocrx_word' id='word_1_709' title='bbox 428 2377 474 2412; x_wconf 91' lang='lat' dir='ltr'><strong>qui</strong></span> <span class='ocrx_word' id='word_1_710' title='bbox 501 2377 628 2404; x_wconf 84' lang='lat' dir='ltr'><strong>devorant</strong></span> <span class='ocrx_word' id='word_1_711' title='bbox 654 2383 750 2404; x_wconf 91' lang='lat' dir='ltr'><strong>carnes</strong></span> <span class='ocrx_word' id='word_1_712' title='bbox 775 2380 847 2403; x_wconf 86' lang='lat' dir='ltr'><strong>tuas.</strong></span> <span class='ocrx_word' id='word_1_713' title='bbox 864 2375 922 2403; x_wconf 83' lang='lat' dir='ltr'><strong>Non</strong></span> 
     </span>
    </p>
   </div>
   <div class='ocr_carea' id='block_1_95' title="bbox 120 2420 922 2458">
    <p class='ocr_par' dir='ltr' id='par_1_95' title="bbox 120 2420 922 2458">
     <span class='ocr_line' id='line_1_95' title="bbox 120 2420 922 2458; baseline -0.004 -7"><span class='ocrx_word' id='word_1_714' title='bbox 120 2422 241 2451; x_wconf 68' lang='lat' dir='ltr'><strong>&#39;tantum</strong></span> <span class='ocrx_word' id='word_1_715' title='bbox 258 2422 401 2458; x_wconf 68' lang='lat' dir='ltr'><strong>Egyptios</strong></span> <span class='ocrx_word' id='word_1_716' title='bbox 417 2422 470 2450; x_wconf 64' lang='lat' dir='ltr'><strong>illa;</strong></span> <span class='ocrx_word' id='word_1_717' title='bbox 485 2422 608 2458; x_wconf 68' lang='lat' dir='ltr'><strong>plurimae</strong></span> <span class='ocrx_word' id='word_1_718' title='bbox 622 2421 812 2449; x_wconf 86' lang='lat' dir='ltr'><strong>excitaverunt</strong></span> <span class='ocrx_word' id='word_1_719' title='bbox 826 2420 922 2456; x_wconf 61' lang='lat' dir='ltr'><strong>plagae,</strong></span> 
     </span>
    </p>
   </div>
   <div class='ocr_carea' id='block_1_96' title="bbox 131 2467 921 2504">
    <p class='ocr_par' dir='ltr' id='par_1_96' title="bbox 131 2467 921 2504">
     <span class='ocr_line' id='line_1_96' title="bbox 131 2467 921 2504; baseline -0.006 -5"><span class='ocrx_word' id='word_1_720' title='bbox 131 2471 206 2500; x_wconf 81' lang='lat' dir='ltr'><strong>sicut</strong></span> <span class='ocrx_word' id='word_1_721' title='bbox 221 2476 247 2498; x_wconf 85' lang='lat' dir='ltr'><strong>te</strong></span> <span class='ocrx_word' id='word_1_722' title='bbox 267 2470 408 2504; x_wconf 92' lang='lat' dir='ltr'><strong>multiplex</strong></span> <span class='ocrx_word' id='word_1_723' title='bbox 432 2469 548 2497; x_wconf 87' lang='lat' dir='ltr'><strong>suscitat</strong></span> <span class='ocrx_word' id='word_1_724' title='bbox 565 2469 689 2504; x_wconf 88' lang='lat' dir='ltr'><strong>putredo.</strong></span> <span class='ocrx_word' id='word_1_725' title='bbox 706 2468 771 2496; x_wconf 90' lang='lat' dir='ltr'><strong>Post</strong></span> <span class='ocrx_word' id='word_1_726' title='bbox 784 2475 845 2503; x_wconf 70' lang='lat' dir='ltr'><strong>quas</strong></span> <span class='ocrx_word' id='word_1_727' title='bbox 861 2467 921 2494; x_wconf 89' lang='lat' dir='ltr'><strong>uni-</strong></span> 
     </span>
    </p>
   </div>
   <div class='ocr_carea' id='block_1_97' title="bbox 131 2514 921 2552">
    <p class='ocr_par' dir='ltr' id='par_1_97' title="bbox 131 2514 921 2552">
     <span class='ocr_line' id='line_1_97' title="bbox 131 2514 921 2552; baseline -0.006 -7"><span class='ocrx_word' id='word_1_728' title='bbox 131 2524 225 2550; x_wconf 82' lang='lat' dir='ltr'><strong>versa,</strong></span> <span class='ocrx_word' id='word_1_729' title='bbox 239 2522 262 2544; x_wconf 80' lang='lat' dir='ltr'><strong>et</strong></span> <span class='ocrx_word' id='word_1_730' title='bbox 277 2525 334 2551; x_wconf 80' lang='lat' dir='ltr'><strong>ego,</strong></span> <span class='ocrx_word' id='word_1_731' title='bbox 347 2516 446 2552; x_wconf 87' lang='lat' dir='ltr'><strong>inquit,</strong></span> <span class='ocrx_word' id='word_1_732' title='bbox 462 2521 489 2543; x_wconf 82' lang='lat' dir='ltr'><strong>ut</strong></span> <span class='ocrx_word' id='word_1_733' title='bbox 504 2523 579 2550; x_wconf 79' lang='lat' dir='ltr'><strong>vaga,</strong></span> <span class='ocrx_word' id='word_1_734' title='bbox 592 2520 616 2542; x_wconf 77' lang='lat' dir='ltr'><strong>et</strong></span> <span class='ocrx_word' id='word_1_735' title='bbox 628 2515 720 2542; x_wconf 84' lang='lat' dir='ltr'><strong>habitu</strong></span> <span class='ocrx_word' id='word_1_736' title='bbox 741 2514 846 2541; x_wconf 77' lang='lat' dir='ltr'><strong>ancillw</strong></span> <span class='ocrx_word' id='word_1_737' title='bbox 864 2522 921 2540; x_wconf 84' lang='lat' dir='ltr'><strong>am-</strong></span> 
     </span>
    </p>
   </div>
   <div class='ocr_carea' id='block_1_98' title="bbox 132 2561 920 2596">
    <p class='ocr_par' dir='ltr' id='par_1_98' title="bbox 132 2561 920 2596">
     <span class='ocr_line' id='line_1_98' title="bbox 132 2561 920 2596; baseline -0.005 -5"><span class='ocrx_word' id='word_1_738' title='bbox 132 2564 227 2591; x_wconf 75' lang='lat' dir='ltr'><strong>bulans</strong></span> <span class='ocrx_word' id='word_1_739' title='bbox 242 2564 274 2590; x_wconf 85' lang='lat' dir='ltr'><strong>de</strong></span> <span class='ocrx_word' id='word_1_740' title='bbox 287 2564 344 2591; x_wconf 86' lang='lat' dir='ltr'><strong>loco</strong></span> <span class='ocrx_word' id='word_1_741' title='bbox 355 2564 384 2590; x_wconf 82' lang='lat' dir='ltr'><strong>in</strong></span> <span class='ocrx_word' id='word_1_742' title='bbox 398 2563 483 2590; x_wconf 86' lang='lat' dir='ltr'><strong>locum</strong></span> <span class='ocrx_word' id='word_1_743' title='bbox 495 2568 519 2590; x_wconf 78' lang='lat' dir='ltr'><strong>et</strong></span> <span class='ocrx_word' id='word_1_744' title='bbox 534 2563 567 2589; x_wconf 80' lang='lat' dir='ltr'><strong>de</strong></span> <span class='ocrx_word' id='word_1_745' title='bbox 576 2562 652 2589; x_wconf 84' lang='lat' dir='ltr'><strong>domo</strong></span> <span class='ocrx_word' id='word_1_746' title='bbox 672 2563 700 2589; x_wconf 87' lang='lat' dir='ltr'><strong>in</strong></span> <span class='ocrx_word' id='word_1_747' title='bbox 717 2562 823 2588; x_wconf 84' lang='lat' dir='ltr'><strong>domum</strong></span> <span class='ocrx_word' id='word_1_748' title='bbox 835 2561 920 2596; x_wconf 74' lang='lat' dir='ltr'><strong>operis</strong></span> 
     </span>
    </p>
   </div>
   <div class='ocr_carea' id='block_1_99' title="bbox 131 2607 919 2645">
    <p class='ocr_par' dir='ltr' id='par_1_99' title="bbox 131 2607 919 2645">
     <span class='ocr_line' id='line_1_99' title="bbox 131 2607 919 2645; baseline -0.006 -7"><span class='ocrx_word' id='word_1_749' title='bbox 131 2619 226 2642; x_wconf 80' lang='lat' dir='ltr'><strong>causa,</strong></span> <span class='ocrx_word' id='word_1_750' title='bbox 240 2615 392 2644; x_wconf 70' lang='lat' dir='ltr'><strong>exspectans</strong></span> <span class='ocrx_word' id='word_1_751' title='bbox 405 2609 511 2645; x_wconf 86' lang='lat' dir='ltr'><strong>quando</strong></span> <span class='ocrx_word' id='word_1_752' title='bbox 526 2608 566 2635; x_wconf 75' lang='lat' dir='ltr'><strong>sol</strong></span> <span class='ocrx_word' id='word_1_753' title='bbox 585 2609 676 2635; x_wconf 73' lang='lat' dir='ltr'><strong>subeat</strong></span> <span class='ocrx_word' id='word_1_754' title='bbox 696 2613 719 2635; x_wconf 85' lang='lat' dir='ltr'><strong>et</strong></span> <span class='ocrx_word' id='word_1_755' title='bbox 740 2608 854 2642; x_wconf 83' lang='lat' dir='ltr'><strong>requiem</strong></span> <span class='ocrx_word' id='word_1_756' title='bbox 868 2607 919 2634; x_wconf 83' lang='lat' dir='ltr'><strong>lm-</strong></span> 
     </span>
    </p>
   </div>
   <div class='ocr_carea' id='block_1_100' title="bbox 132 2652 919 2690">
    <p class='ocr_par' dir='ltr' id='par_1_100' title="bbox 132 2652 919 2690">
     <span class='ocr_line' id='line_1_100' title="bbox 132 2652 919 2690; baseline -0.006 -7"><span class='ocrx_word' id='word_1_757' title='bbox 132 2658 208 2683; x_wconf 86' lang='lat' dir='ltr'><strong>beam</strong></span> <span class='ocrx_word' id='word_1_758' title='bbox 223 2655 342 2682; x_wconf 84' lang='lat' dir='ltr'><strong>laborum</strong></span> <span class='ocrx_word' id='word_1_759' title='bbox 363 2660 386 2682; x_wconf 81' lang='lat' dir='ltr'><strong>et</strong></span> <span class='ocrx_word' id='word_1_760' title='bbox 401 2655 555 2690; x_wconf 83' lang='lat' dir='ltr'><strong>gemiluum,</strong></span> <span class='ocrx_word' id='word_1_761' title='bbox 571 2654 615 2689; x_wconf 83' lang='lat' dir='ltr'><strong>qui</strong></span> <span class='ocrx_word' id='word_1_762' title='bbox 631 2661 701 2680; x_wconf 82' lang='lat' dir='ltr'><strong>nunc</strong></span> <span class='ocrx_word' id='word_1_763' title='bbox 722 2661 763 2680; x_wconf 86' lang='lat' dir='ltr'><strong>me</strong></span> <span class='ocrx_word' id='word_1_764' title='bbox 775 2652 919 2686; x_wconf 79' lang='lat' dir='ltr'><strong>apprehen-</strong></span> 
     </span>
    </p>
   </div>
   <div class='ocr_carea' id='block_1_101' title="bbox 131 2697 918 2736">
    <p class='ocr_par' dir='ltr' id='par_1_101' title="bbox 131 2697 918 2736">
     <span class='ocr_line' id='line_1_101' title="bbox 131 2697 918 2736; baseline -0.005 -8"><span class='ocrx_word' id='word_1_765' title='bbox 131 2703 227 2729; x_wconf 78' lang='lat' dir='ltr'><strong>derunt</strong></span> <span class='ocrx_word' id='word_1_766' title='bbox 241 2701 262 2728; x_wconf 81' lang='grc'><strong>⁸.</strong></span> <span class='ocrx_word' id='word_1_767' title='bbox 277 2701 299 2728; x_wconf 94' lang='grc'>0</span> <span class='ocrx_word' id='word_1_768' title='bbox 316 2701 471 2736; x_wconf 88' lang='lat' dir='ltr'><strong>tnaliguitas</strong></span> <span class='ocrx_word' id='word_1_769' title='bbox 497 2700 657 2732; x_wconf 89' lang='lat' dir='ltr'><strong>adversarii,</strong></span> <span class='ocrx_word' id='word_1_770' title='bbox 672 2707 689 2726; x_wconf 88' lang='grc' dir='ltr'><strong>ο</strong></span> <span class='ocrx_word' id='word_1_771' title='bbox 702 2698 837 2726; x_wconf 88' lang='lat' dir='ltr'><strong>calliditas</strong></span> <span class='ocrx_word' id='word_1_772' title='bbox 860 2697 918 2724; x_wconf 85' lang='lat' dir='ltr'><strong>dia-</strong></span> 
     </span>
    </p>
   </div>
   <div class='ocr_carea' id='block_1_102' title="bbox 130 2743 916 2781">
    <p class='ocr_par' dir='ltr' id='par_1_102' title="bbox 130 2743 916 2781">
     <span class='ocr_line' id='line_1_102' title="bbox 130 2743 916 2781; baseline -0.006 -6"><span class='ocrx_word' id='word_1_773' title='bbox 130 2747 197 2778; x_wconf 90' lang='lat' dir='ltr'><strong>boli,</strong></span> <span class='ocrx_word' id='word_1_774' title='bbox 216 2753 233 2774; x_wconf 86' lang='lat'><strong>0</strong></span> <span class='ocrx_word' id='word_1_775' title='bbox 250 2744 357 2774; x_wconf 85' lang='lat' dir='ltr'><strong>fallacia</strong></span> <span class='ocrx_word' id='word_1_776' title='bbox 372 2745 548 2781; x_wconf 88' lang='lat' dir='ltr'><strong>nequissimi,</strong></span> <span class='ocrx_word' id='word_1_777' title='bbox 575 2752 656 2781; x_wconf 87' lang='lat' dir='ltr'><strong>quam</strong></span> <span class='ocrx_word' id='word_1_778' title='bbox 674 2744 772 2771; x_wconf 82' lang='lat' dir='ltr'><strong>blande</strong></span> <span class='ocrx_word' id='word_1_779' title='bbox 787 2743 916 2778; x_wconf 88' lang='lat' dir='ltr'><strong>loquitur,</strong></span> 
     </span>
    </p>
   </div>
   <div class='ocr_carea' id='block_1_103' title="bbox 130 2788 917 2829">
    <p class='ocr_par' dir='ltr' id='par_1_103' title="bbox 130 2788 917 2829">
     <span class='ocr_line' id='line_1_103' title="bbox 130 2788 917 2829; baseline -0.006 -8"><span class='ocrx_word' id='word_1_780' title='bbox 130 2801 214 2829; x_wconf 86' lang='lat' dir='ltr'><strong>quam</strong></span> <span class='ocrx_word' id='word_1_781' title='bbox 232 2793 333 2821; x_wconf 78' lang='lat' dir='ltr'><strong>callide</strong></span> <span class='ocrx_word' id='word_1_782' title='bbox 349 2791 466 2827; x_wconf 83' lang='lat' dir='ltr'><strong>decipit,</strong></span> <span class='ocrx_word' id='word_1_783' title='bbox 485 2798 566 2826; x_wconf 87' lang='lat' dir='ltr'><strong>quam</strong></span> <span class='ocrx_word' id='word_1_784' title='bbox 584 2789 778 2818; x_wconf 85' lang='lat' dir='ltr'><strong>miserabiliter</strong></span> <span class='ocrx_word' id='word_1_785' title='bbox 791 2788 872 2820; x_wconf 85' lang='lat' dir='ltr'><strong>fatur,</strong></span> <span class='ocrx_word' id='word_1_786' title='bbox 888 2793 917 2816; x_wconf 89' lang='lat' dir='ltr'><strong>ut</strong></span> 
     </span>
    </p>
   </div>
   <div class='ocr_carea' id='block_1_104' title="bbox 178 2878 725 2917">
    <p class='ocr_par' dir='ltr' id='par_1_104' title="bbox 178 2878 725 2917">
     <span class='ocr_line' id='line_1_104' title="bbox 178 2878 725 2917; baseline -0.013 -5"><span class='ocrx_word' id='word_1_787' title='bbox 178 2897 188 2903; x_wconf 91' lang='lat'><strong><em>-</em></strong></span> <span class='ocrx_word' id='word_1_788' title='bbox 205 2885 240 2912; x_wconf 88' lang='lat' dir='ltr'><strong>ob</strong></span> <span class='ocrx_word' id='word_1_789' title='bbox 256 2891 284 2917; x_wconf 88' lang='lat' dir='ltr'><strong>ll,</strong></span> <span class='ocrx_word' id='word_1_790' title='bbox 300 2883 326 2911; x_wconf 79' lang='lat'><strong>9.</strong></span> <span class='ocrx_word' id='word_1_791' title='bbox 365 2882 452 2911; x_wconf 84' lang='lat' dir='ltr'><strong>&#39;ibid.</strong></span> <span class='ocrx_word' id='word_1_792' title='bbox 497 2882 508 2898; x_wconf 82' lang='grc'><strong>⁹</strong></span> <span class='ocrx_word' id='word_1_793' title='bbox 523 2881 587 2909; x_wconf 86' lang='lat' dir='ltr'><strong>ibid.</strong></span> <span class='ocrx_word' id='word_1_794' title='bbox 626 2879 647 2896; x_wconf 82' lang='grc'><strong>¹⁰</strong></span> <span class='ocrx_word' id='word_1_795' title='bbox 662 2878 725 2907; x_wconf 88' lang='lat' dir='ltr'><strong>ibid.</strong></span> 
     </span>
    </p>
   </div>
   <div class='ocr_carea' id='block_1_105' title="bbox 972 2282 1760 2319">
    <p class='ocr_par' dir='ltr' id='par_1_105' title="bbox 972 2282 1760 2319">
     <span class='ocr_line' id='line_1_105' title="bbox 972 2282 1760 2319; baseline -0.008 -4"><span class='ocrx_word' id='word_1_796' title='bbox 972 2286 1044 2315; x_wconf 88' lang='lat' dir='ltr'><strong>Talis</strong></span> <span class='ocrx_word' id='word_1_797' title='bbox 1051 2293 1116 2314; x_wconf 92' lang='lat' dir='ltr'><strong>vero</strong></span> <span class='ocrx_word' id='word_1_798' title='bbox 1126 2285 1176 2312; x_wconf 91' lang='lat' dir='ltr'><strong>fuit</strong></span> <span class='ocrx_word' id='word_1_799' title='bbox 1183 2283 1349 2312; x_wconf 82' lang='lat' dir='ltr'><strong>admirabilis</strong></span> <span class='ocrx_word' id='word_1_800' title='bbox 1355 2283 1415 2315; x_wconf 81' lang='lat' dir='ltr'><strong>Job,</strong></span> <span class='ocrx_word' id='word_1_801' title='bbox 1425 2291 1503 2319; x_wconf 92' lang='lat' dir='ltr'><strong>quem</strong></span> <span class='ocrx_word' id='word_1_802' title='bbox 1512 2290 1592 2311; x_wconf 88' lang='lat' dir='ltr'><strong>omne</strong></span> <span class='ocrx_word' id='word_1_803' title='bbox 1599 2282 1760 2318; x_wconf 84' lang='lat' dir='ltr'><strong>supplicium</strong></span> 
     </span>
    </p>
   </div>
   <div class='ocr_carea' id='block_1_106' title="bbox 978 2327 1759 2365">
    <p class='ocr_par' dir='ltr' id='par_1_106' title="bbox 978 2327 1759 2365">
     <span class='ocr_line' id='line_1_106' title="bbox 978 2327 1759 2365; baseline -0.006 -5"><span class='ocrx_word' id='word_1_804' title='bbox 978 2332 1081 2361; x_wconf 86' lang='lat' dir='ltr'><strong>diaboli</strong></span> <span class='ocrx_word' id='word_1_805' title='bbox 1095 2330 1226 2365; x_wconf 91' lang='lat' dir='ltr'><strong>compulit</strong></span> <span class='ocrx_word' id='word_1_806' title='bbox 1240 2329 1325 2357; x_wconf 89' lang='lat' dir='ltr'><strong>Deum</strong></span> <span class='ocrx_word' id='word_1_807' title='bbox 1338 2329 1529 2364; x_wconf 86' lang='lat' dir='ltr'><strong>derelinquere</strong></span> <span class='ocrx_word' id='word_1_808' title='bbox 1546 2336 1553 2354; x_wconf 92' lang='lat'>:</span> <span class='ocrx_word' id='word_1_809' title='bbox 1570 2335 1650 2363; x_wconf 87' lang='lat' dir='ltr'><strong>quem</strong></span> <span class='ocrx_word' id='word_1_810' title='bbox 1665 2327 1759 2355; x_wconf 88' lang='lat' dir='ltr'><strong>omnia</strong></span> 
     </span>
    </p>
   </div>
   <div class='ocr_carea' id='block_1_107' title="bbox 975 2373 1759 2413">
    <p class='ocr_par' dir='ltr' id='par_1_107' title="bbox 975 2373 1759 2413">
     <span class='ocr_line' id='line_1_107' title="bbox 975 2373 1759 2413; baseline -0.009 -6"><span class='ocrx_word' id='word_1_811' title='bbox 975 2381 1135 2413; x_wconf 84' lang='lat' dir='ltr'><strong>argumenta</strong></span> <span class='ocrx_word' id='word_1_812' title='bbox 1145 2377 1292 2404; x_wconf 91' lang='lat' dir='ltr'><strong>adversarii</strong></span> <span class='ocrx_word' id='word_1_813' title='bbox 1310 2384 1362 2403; x_wconf 90' lang='lat' dir='ltr'><strong>non</strong></span> <span class='ocrx_word' id='word_1_814' title='bbox 1377 2376 1555 2407; x_wconf 84' lang='lat' dir='ltr'><strong>seduxerunt,</strong></span> <span class='ocrx_word' id='word_1_815' title='bbox 1563 2379 1616 2401; x_wconf 87' lang='lat' dir='ltr'><strong>uta</strong></span> <span class='ocrx_word' id='word_1_816' title='bbox 1627 2373 1759 2401; x_wconf 85' lang='lat' dir='ltr'><strong>Creatoro</strong></span> 
     </span>
    </p>
   </div>
   <div class='ocr_carea' id='block_1_108' title="bbox 973 2419 1759 2456">
    <p class='ocr_par' dir='ltr' id='par_1_108' title="bbox 973 2419 1759 2456">
     <span class='ocr_line' id='line_1_108' title="bbox 973 2419 1759 2456; baseline -0.008 -3"><span class='ocrx_word' id='word_1_817' title='bbox 973 2424 1135 2453; x_wconf 83' lang='lat' dir='ltr'><strong>discederet.</strong></span> <span class='ocrx_word' id='word_1_818' title='bbox 1146 2424 1200 2451; x_wconf 90' lang='lat' dir='ltr'><strong>Sed</strong></span> <span class='ocrx_word' id='word_1_819' title='bbox 1215 2422 1304 2450; x_wconf 90' lang='lat' dir='ltr'><strong>adhuc</strong></span> <span class='ocrx_word' id='word_1_820' title='bbox 1318 2421 1433 2449; x_wconf 84' lang='lat' dir='ltr'><strong>velutex</strong></span> <span class='ocrx_word' id='word_1_821' title='bbox 1445 2427 1559 2456; x_wconf 92' lang='lat' dir='ltr'><strong>persona</strong></span> <span class='ocrx_word' id='word_1_822' title='bbox 1571 2421 1663 2447; x_wconf 90' lang='lat' dir='ltr'><strong>uxoris</strong></span> <span class='ocrx_word' id='word_1_823' title='bbox 1677 2419 1759 2455; x_wconf 86' lang='lat' dir='ltr'><strong>hujus</strong></span> 
     </span>
    </p>
   </div>
   <div class='ocr_carea' id='block_1_109' title="bbox 974 2467 1759 2502">
    <p class='ocr_par' dir='ltr' id='par_1_109' title="bbox 974 2467 1759 2502">
     <span class='ocr_line' id='line_1_109' title="bbox 974 2467 1759 2502; baseline -0.006 -4"><span class='ocrx_word' id='word_1_824' title='bbox 974 2471 1048 2498; x_wconf 86' lang='lat' dir='ltr'><strong>verbi</strong></span> <span class='ocrx_word' id='word_1_825' title='bbox 1065 2470 1229 2497; x_wconf 90' lang='lat' dir='ltr'><strong>mentionem</strong></span> <span class='ocrx_word' id='word_1_826' title='bbox 1244 2468 1392 2495; x_wconf 89' lang='lat' dir='ltr'><strong>faciamus:</strong></span> <span class='ocrx_word' id='word_1_827' title='bbox 1407 2467 1440 2494; x_wconf 85' lang='lat' dir='ltr'><strong>Et</strong></span> <span class='ocrx_word' id='word_1_828' title='bbox 1455 2475 1512 2502; x_wconf 81' lang='lat' dir='ltr'><strong>ego,</strong></span> <span class='ocrx_word' id='word_1_829' title='bbox 1527 2467 1625 2502; x_wconf 91' lang='lat' dir='ltr'><strong>inquit,</strong></span> <span class='ocrx_word' id='word_1_830' title='bbox 1645 2471 1673 2494; x_wconf 76' lang='lat' dir='ltr'><strong>ut</strong></span> <span class='ocrx_word' id='word_1_831' title='bbox 1691 2474 1759 2501; x_wconf 73' lang='lat' dir='ltr'><strong>vaga</strong></span> 
     </span>
    </p>
   </div>
   <div class='ocr_carea' id='block_1_110' title="bbox 972 2513 1758 2548">
    <p class='ocr_par' dir='ltr' id='par_1_110' title="bbox 972 2513 1758 2548">
     <span class='ocr_line' id='line_1_110' title="bbox 972 2513 1758 2548; baseline -0.005 -5"><span class='ocrx_word' id='word_1_832' title='bbox 972 2520 997 2543; x_wconf 78' lang='lat' dir='ltr'><strong>et</strong></span> <span class='ocrx_word' id='word_1_833' title='bbox 1012 2516 1103 2543; x_wconf 69' lang='lat' dir='ltr'><strong>habitu</strong></span> <span class='ocrx_word' id='word_1_834' title='bbox 1118 2515 1233 2542; x_wconf 68' lang='lat' dir='ltr'><strong>ancillae.</strong></span> <span class='ocrx_word' id='word_1_835' title='bbox 1258 2514 1291 2542; x_wconf 90' lang='lat' dir='ltr'><strong>Et</strong></span> <span class='ocrx_word' id='word_1_836' title='bbox 1305 2521 1355 2548; x_wconf 88' lang='lat' dir='ltr'><strong>ego</strong></span> <span class='ocrx_word' id='word_1_837' title='bbox 1369 2513 1440 2540; x_wconf 81' lang='lat' dir='ltr'><strong>mala</strong></span> <span class='ocrx_word' id='word_1_838' title='bbox 1464 2517 1509 2540; x_wconf 85' lang='lat' dir='ltr'><strong>tua</strong></span> <span class='ocrx_word' id='word_1_839' title='bbox 1519 2533 1527 2545; x_wconf 98' lang='lat'><strong>,</strong></span> <span class='ocrx_word' id='word_1_840' title='bbox 1550 2513 1650 2547; x_wconf 93' lang='lat' dir='ltr'><strong>inquit,</strong></span> <span class='ocrx_word' id='word_1_841' title='bbox 1669 2517 1758 2540; x_wconf 87' lang='lat' dir='ltr'><strong>tecum</strong></span> 
     </span>
    </p>
   </div>
   <div class='ocr_carea' id='block_1_111' title="bbox 972 2559 1759 2596">
    <p class='ocr_par' dir='ltr' id='par_1_111' title="bbox 972 2559 1759 2596">
     <span class='ocr_line' id='line_1_111' title="bbox 972 2559 1759 2596; baseline -0.006 -6"><span class='ocrx_word' id='word_1_842' title='bbox 972 2562 1074 2596; x_wconf 82' lang='lat' dir='ltr'><strong>hujulo,</strong></span> <span class='ocrx_word' id='word_1_843' title='bbox 1094 2565 1155 2589; x_wconf 84' lang='lat' dir='ltr'><strong>tuos</strong></span> <span class='ocrx_word' id='word_1_844' title='bbox 1178 2560 1286 2588; x_wconf 84' lang='lat' dir='ltr'><strong>dolores</strong></span> <span class='ocrx_word' id='word_1_845' title='bbox 1301 2565 1388 2587; x_wconf 90' lang='lat' dir='ltr'><strong>tecum</strong></span> <span class='ocrx_word' id='word_1_846' title='bbox 1401 2562 1533 2591; x_wconf 89' lang='lat' dir='ltr'><strong>sustineo,</strong></span> <span class='ocrx_word' id='word_1_847' title='bbox 1557 2563 1618 2586; x_wconf 87' lang='lat' dir='ltr'><strong>tuas</strong></span> <span class='ocrx_word' id='word_1_848' title='bbox 1633 2559 1759 2586; x_wconf 86' lang='lat' dir='ltr'><strong>miserias</strong></span> 
     </span>
    </p>
   </div>
   <div class='ocr_carea' id='block_1_112' title="bbox 973 2605 1757 2643">
    <p class='ocr_par' dir='ltr' id='par_1_112' title="bbox 973 2605 1757 2643">
     <span class='ocr_line' id='line_1_112' title="bbox 973 2605 1757 2643; baseline -0.005 -8"><span class='ocrx_word' id='word_1_849' title='bbox 973 2614 1061 2635; x_wconf 86' lang='lat' dir='ltr'><strong>tecum</strong></span> <span class='ocrx_word' id='word_1_850' title='bbox 1074 2607 1172 2643; x_wconf 90' lang='lat' dir='ltr'><strong>patior,</strong></span> <span class='ocrx_word' id='word_1_851' title='bbox 1186 2612 1215 2635; x_wconf 88' lang='lat' dir='ltr'><strong>et</strong></span> <span class='ocrx_word' id='word_1_852' title='bbox 1231 2614 1292 2641; x_wconf 85' lang='lat' dir='ltr'><strong>ego,</strong></span> <span class='ocrx_word' id='word_1_853' title='bbox 1306 2606 1404 2640; x_wconf 85' lang='lat' dir='ltr'><strong>inquit,</strong></span> <span class='ocrx_word' id='word_1_854' title='bbox 1417 2605 1555 2632; x_wconf 87' lang='lat' dir='ltr'><strong>discedere</strong></span> <span class='ocrx_word' id='word_1_855' title='bbox 1570 2612 1623 2632; x_wconf 91' lang='lat' dir='ltr'><strong>non</strong></span> <span class='ocrx_word' id='word_1_856' title='bbox 1636 2611 1757 2639; x_wconf 87' lang='lat' dir='ltr'><strong>possum,</strong></span> 
     </span>
    </p>
   </div>
   <div class='ocr_carea' id='block_1_113' title="bbox 973 2649 1756 2687">
    <p class='ocr_par' dir='ltr' id='par_1_113' title="bbox 973 2649 1756 2687">
     <span class='ocr_line' id='line_1_113' title="bbox 973 2649 1756 2687; baseline -0.006 -7"><span class='ocrx_word' id='word_1_857' title='bbox 973 2652 1164 2687; x_wconf 84' lang='lat' dir='ltr'><strong>derelinquere</strong></span> <span class='ocrx_word' id='word_1_858' title='bbox 1176 2655 1203 2679; x_wconf 86' lang='lat' dir='ltr'><strong>te</strong></span> <span class='ocrx_word' id='word_1_859' title='bbox 1217 2658 1270 2678; x_wconf 90' lang='lat' dir='ltr'><strong>non</strong></span> <span class='ocrx_word' id='word_1_860' title='bbox 1285 2650 1383 2678; x_wconf 88' lang='lat' dir='ltr'><strong>tolero.</strong></span> <span class='ocrx_word' id='word_1_861' title='bbox 1403 2649 1438 2677; x_wconf 84' lang='lat' dir='ltr'><strong>Et</strong></span> <span class='ocrx_word' id='word_1_862' title='bbox 1450 2658 1497 2685; x_wconf 84' lang='lat' dir='ltr'><strong>ego</strong></span> <span class='ocrx_word' id='word_1_863' title='bbox 1512 2654 1539 2676; x_wconf 87' lang='lat' dir='ltr'><strong>ut</strong></span> <span class='ocrx_word' id='word_1_864' title='bbox 1551 2657 1616 2684; x_wconf 75' lang='lat' dir='ltr'><strong>uaga</strong></span> <span class='ocrx_word' id='word_1_865' title='bbox 1625 2653 1648 2676; x_wconf 80' lang='lat' dir='ltr'><strong>et</strong></span> <span class='ocrx_word' id='word_1_866' title='bbox 1664 2649 1756 2675; x_wconf 79' lang='lat' dir='ltr'><strong>habitu</strong></span> 
     </span>
    </p>
   </div>
   <div class='ocr_carea' id='block_1_114' title="bbox 971 2695 1755 2733">
    <p class='ocr_par' dir='ltr' id='par_1_114' title="bbox 971 2695 1755 2733">
     <span class='ocr_line' id='line_1_114' title="bbox 971 2695 1755 2733; baseline -0.006 -8"><span class='ocrx_word' id='word_1_867' title='bbox 971 2698 1088 2725; x_wconf 55' lang='lat' dir='ltr'><strong>ancillis.</strong></span> <span class='ocrx_word' id='word_1_868' title='bbox 1111 2698 1185 2733; x_wconf 82' lang='lat' dir='ltr'><strong>Vaga</strong></span> <span class='ocrx_word' id='word_1_869' title='bbox 1210 2697 1283 2724; x_wconf 89' lang='lat' dir='ltr'><strong>velut</strong></span> <span class='ocrx_word' id='word_1_870' title='bbox 1306 2695 1457 2732; x_wconf 81' lang='lat' dir='ltr'><strong>peregrina,</strong></span> <span class='ocrx_word' id='word_1_871' title='bbox 1489 2695 1611 2727; x_wconf 82' lang='lat' dir='ltr'><strong>latitans,</strong></span> <span class='ocrx_word' id='word_1_872' title='bbox 1643 2695 1755 2725; x_wconf 84' lang='lat' dir='ltr'><strong>misera,</strong></span> 
     </span>
    </p>
   </div>
   <div class='ocr_carea' id='block_1_115' title="bbox 971 2740 1747 2778">
    <p class='ocr_par' dir='ltr' id='par_1_115' title="bbox 971 2740 1747 2778">
     <span class='ocr_line' id='line_1_115' title="bbox 971 2740 1747 2778; baseline -0.006 -7"><span class='ocrx_word' id='word_1_873' title='bbox 971 2743 1103 2777; x_wconf 84' lang='lat' dir='ltr'><strong>solitaria,</strong></span> <span class='ocrx_word' id='word_1_874' title='bbox 1129 2743 1237 2776; x_wconf 86' lang='lat' dir='ltr'><strong>infelix,</strong></span> <span class='ocrx_word' id='word_1_875' title='bbox 1266 2743 1353 2778; x_wconf 90' lang='lat' dir='ltr'><strong>inops.</strong></span> <span class='ocrx_word' id='word_1_876' title='bbox 1370 2742 1403 2770; x_wconf 89' lang='lat' dir='ltr'><strong>Et</strong></span> <span class='ocrx_word' id='word_1_877' title='bbox 1417 2749 1468 2777; x_wconf 88' lang='lat' dir='ltr'><strong>ego</strong></span> <span class='ocrx_word' id='word_1_878' title='bbox 1491 2749 1569 2776; x_wconf 84' lang='lat' dir='ltr'><strong>vaga,</strong></span> <span class='ocrx_word' id='word_1_879' title='bbox 1585 2740 1669 2768; x_wconf 80' lang='lat' dir='ltr'><strong>veluti</strong></span> <span class='ocrx_word' id='word_1_880' title='bbox 1682 2746 1747 2767; x_wconf 89' lang='lat' dir='ltr'><strong>erro</strong></span> 
     </span>
    </p>
   </div>
   <div class='ocr_carea' id='block_1_116' title="bbox 972 2785 1755 2824">
    <p class='ocr_par' dir='ltr' id='par_1_116' title="bbox 972 2785 1755 2824">
     <span class='ocr_line' id='line_1_116' title="bbox 972 2785 1755 2824; baseline -0.005 -8"><span class='ocrx_word' id='word_1_881' title='bbox 972 2796 1036 2822; x_wconf 79' lang='lat' dir='ltr'><strong>nea,</strong></span> <span class='ocrx_word' id='word_1_882' title='bbox 1055 2793 1182 2816; x_wconf 88' lang='lat' dir='ltr'><strong>tauauam</strong></span> <span class='ocrx_word' id='word_1_883' title='bbox 1200 2788 1305 2816; x_wconf 87' lang='lat' dir='ltr'><strong>viarum</strong></span> <span class='ocrx_word' id='word_1_884' title='bbox 1326 2792 1355 2816; x_wconf 92' lang='lat' dir='ltr'><strong>et</strong></span> <span class='ocrx_word' id='word_1_885' title='bbox 1381 2793 1550 2824; x_wconf 79' lang='lat' dir='ltr'><strong>egressuum,</strong></span> <span class='ocrx_word' id='word_1_886' title='bbox 1567 2790 1648 2820; x_wconf 76' lang='lat' dir='ltr'><strong>atque</strong></span> <span class='ocrx_word' id='word_1_887' title='bbox 1674 2785 1755 2813; x_wconf 84' lang='lat' dir='ltr'><strong>totius</strong></span> 
     </span>
    </p>
   </div>
  </div>
