1942 3109
211 169 264 196 ὖὸὂ

753 170 943 199 ANONYMUS
963 170 997 197 lN
1015 170 1083 199 JOB.
1101 185 1134 191 —-
1152 171 1217 199 LIB.
1237 171 1272 199 ΙΙ.

1779 173 1827 201 484

212 229 332 257 civitatis
348 230 478 258 transitus
489 230 592 266 ignara.
607 230 673 258 Nam
687 231 758 258 intra
770 231 869 266 palatia
884 232 998 265 nutrita,
1011 234 1036 262 Α
1049 238 1181 259 mearum.
1197 231 1265 258 Nam
1281 238 1344 259 cum
1370 230 1419 262 sol,
1444 231 1540 267 .tiquit,
1555 231 1695 264 ceciderit,
1706 238 1758 258 nox
1786 237 1824 267 ιιι)-

212 275 279 302 etin
294 282 378 310 regno
392 275 496 307 vivens,
511 280 538 303 et
552 276 577 303 in
593 276 746 311 principatu
764 282 845 311 atque
859 277 997 312 opulentia

214 321 326 355 degens,
352 322 472 348 omnium
489 321 554 348 foris
577 329 652 349 eram
673 323 777 357 ignara.
808 322 847 351 01)
865 324 915 350 hoc
935 330 995 358 ego,

213 366 311 400 inquit.
327 371 355 393 ut
370 374 436 402 vaga
466 367 613 401 circumeo,
639 372 721 403 atque
741 376 813 400 erro,
830 373 923 403 utpote
938 376 996 396 om-

213 413 287 441 nium
302 413 386 441 inscia
402 418 429 441 et
446 414 552 441 viarum
567 418 594 441 et
612 415 737 442 itinerum
751 420 778 442 et
799 415 954 442 incessuum
969 420 997 443 et

213 459 421 493 colloquiorum,
437 464 465 487 et
482 468 534 487 non
550 460 635 487 solum
659 468 740 496 vaga,
761 462 807 489 sed
826 462 918 488 habitu
945 469 995 488 an-

213 504 283 531 cillae
307 510 435 540 tauquam
465 506 649 539 mercenaria,
679 513 760 541 atque
775 507 837 534 aliis
861 507 995 541 indigens,

212 556 340 584 tanquam
382 551 474 578 infelix
508 555 536 579 et
573 552 727 579 onmimode
763 552 851 586 inops.
897 552 994 580 Habitu

212 596 326 629 ancillae,
343 602 434 632 utpote
445 605 560 632 operaus
580 605 613 625 ac
636 598 761 626 laborans
777 603 804 626 et
821 606 993 626 mercennum

212 643 331 676 faciens;
360 649 388 671 et
413 644 539 671 omnibus
565 645 732 680 supplicans,
758 650 841 680 alque
869 646 995 674 omnibus

211 689 331 722 humilis,
350 694 442 724 utpote
468 691 596 718 omnibus
620 691 752 726 subjecta,
784 692 824 719 sic
848 693 938 727 itaque
965 697 996 720 ut

210 741 289 769 vaga,
311 735 418 770 inquit,
441 740 468 762 et
491 736 585 763 habitu
612 737 730 764 ancillae.
751 737 887 765 lnnumeri
911 739 994 772 servi,

211 786 291 815 atque
317 780 468 809 innumera:
491 782 597 809 ancillae
621 782 685 809 olim
707 784 862 810 servierunt
879 784 946 811 mihi
968 789 996 812 et

210 826 432 854 ministraverunt
451 831 478 855 et
495 828 649 855 detulerunt
669 833 696 855 et
714 829 833 862 requiem
850 830 994 862 dederunt,

209 878 238 900 et
250 873 370 908 undique
386 881 448 901 cum
464 875 619 902 reverentia
644 875 825 903 adoraverunt
839 883 882 903 me
898 884 905 903 :
923 885 994 905 nunc

209 928 274 948 vero
288 919 322 947 ad
340 924 440 947 tantam
458 920 644 948 infelicitatem
658 922 783 949 devoluta
800 930 872 956 sum,
888 922 921 950 ad
934 927 994 950 tan-

209 969 263 992 tam
286 965 421 992 miseriam
440 966 563 1000 perveni,
582 969 611 992 ιιι
627 967 685 1000 ipsa
707 974 758 1001 ego
779 974 845 1001 vaga
863 966 922 994 aliis
938 975 995 995 ser-

208 1010 316 1042 vierim,
337 1010 461 1038 omnibus
480 1010 615 1046 indigens,
629 1012 753 1040 omnibus
767 1013 901 1048 subjecta.
924 1013 992 1049 Ego,

209 1056 306 1091 inquit,
318 1065 378 1091 qua:
389 1057 548 1085 immensum
560 1066 701 1086 numerum
715 1059 823 1094 inopum
840 1063 920 1095 atque
928 1068 994 1094 pau-

208 1110 313 1137 perum,
325 1102 471 1131 infelicium
479 1111 599 1139 quoque,
609 1112 640 1131 ac
650 1105 780 1133 nudorum
792 1106 994 1142 sitientiumque

208 1148 272 1175 olim
285 1155 317 1175 ex
339 1149 391 1176 tuis
412 1153 439 1176 et
453 1149 522 1177 meis
543 1149 683 1178 laboribus
705 1155 788 1186 atque
813 1150 992 1180 facultatibus

208 1193 338 1225 saturavi,
347 1193 454 1226 vestivi,
467 1194 600 1228 beuefeci,
612 1195 743 1229 requievi,
754 1194 924 1231 refrigeravi,
933 1203 993 1230 ego,

209 1239 307 1274 inquit,
321 1239 354 1266 ad
373 1244 462 1267 tantos
476 1240 584 1268 dolores
598 1244 625 1268 et
649 1240 784 1273 miserias,
802 1246 883 1277 atque
906 1242 995 1270 infeli-

208 1285 317 1313 citatem
331 1286 453 1320 perveni,
475 1291 503 1313 ut
518 1291 646 1322 tanquam
664 1294 730 1322 vaga
747 1287 921 1321 circumiens,
933 1288 994 1316 aliis

208 1336 320 1367 propter
344 1331 461 1367 inopiam
484 1332 612 1366 serviam,
627 1336 657 1359 ιιι
679 1333 742 1365 tibi,
769 1333 868 1368 inquit,
890 1341 908 1361 ο
931 1333 993 1366 Job,

210 1376 398 1411 quotidianam
423 1384 515 1405 escam
541 1385 687 1406 mercenno
714 1379 865 1413 acquiram,
890 1384 919 1407 ut
947 1379 993 1407 tibi

208 1423 396 1458 quotidianum
417 1423 518 1451 victum
538 1424 686 1451 inveniam.
702 1424 742 1452 0b
763 1425 827 1457 hoc,
851 1425 948 1460 inquit,
965 1429 994 1452 ut

209 1476 276 1505 vaga
287 1474 314 1496 et
330 1469 423 1497 habitu
437 1469 543 1497 ancillae
557 1469 592 1497 de
609 1469 669 1497 loco
686 1471 720 1497 ad
740 1469 827 1497 locum
844 1470 993 1504 circumeo,

209 1518 237 1542 et
251 1515 285 1542 de
296 1515 376 1542 domo
397 1515 423 1542 in
440 1515 560 1548 domum,
577 1515 662 1543 sicubi
677 1522 833 1550 exposcam,
847 1520 874 1544 et
890 1516 994 1544 mendi-

208 1569 279 1594 rem,
303 1565 441 1596 expetam,
459 1561 501 1588 vel
517 1566 546 1588 ut
562 1561 644 1589 etiam
667 1569 812 1589 mercenno
827 1562 943 1597 exigam,
962 1562 994 1589 de

209 1606 268 1634 loco
286 1607 317 1633 ad
334 1607 433 1639 locum,
459 1607 492 1634 de
506 1608 586 1634 domo
607 1607 634 1634 in
648 1607 757 1635 domum
775 1608 922 1635 circumeo.
937 1607 992 1634 Ali-

208 1652 281 1685 cubi,
293 1652 390 1687 inquit,
400 1653 545 1688 suscipior,
562 1653 660 1680 alicubi
679 1658 768 1680 autem
783 1661 835 1681 non
848 1654 993 1689 suscipior,

208 1697 306 1725 alicubi
323 1698 443 1724 defertur
467 1698 545 1731 mihi,
559 1697 658 1725 alicubi
675 1702 766 1725 autem
780 1705 835 1725 non
860 1697 993 1726 defertur.

207 1744 313 1771 Alicubi
336 1743 514 1775 houoriiicor,
538 1743 638 1770 alicubi
661 1743 839 1771 nihilominus
859 1751 995 1772 exsecror.

207 1787 275 1814 Nam
291 1792 389 1821 praeter
407 1788 432 1815 id
451 1787 523 1822 quod
546 1795 599 1815 non
612 1789 775 1824 suscipiunt,
792 1789 903 1823 insuper
916 1796 995 1816 exse—

207 1838 333 1866 crantur,
351 1833 499 1866 declinant,
516 1834 708 1861 abominantur
719 1840 840 1863 nostram
853 1835 995 1863 infelicita-

211 1885 278 1911 tem,
296 1880 482 1914 unusquisque
496 1879 548 1907 sibi
561 1884 695 1914 metuens,
713 1886 740 1909 et
754 1884 883 1917 tanquam
901 1883 934 1910 ab
948 1890 996 1909 au-

209 1924 287 1959 gurio
303 1932 392 1952 meum
407 1932 545 1952 accessum
558 1930 640 1961 atque
661 1927 799 1954 introitum
827 1934 882 1962 prae
898 1928 996 1955 timore

207 1969 335 2003 declinat,
352 1977 386 1996 ne
398 1969 469 1997 forte
486 1977 547 1997 cum
560 1976 655 1998 nostra
675 1971 785 1999 miseria
801 1976 937 2007 tangatur.
954 1971 995 2000 0b

206 2015 270 2048 hoc,
289 2016 387 2051 inquit,
403 2024 420 2043 o
441 2016 503 2050 Job,
518 2017 550 2044 de
571 2017 633 2044 loco
646 2016 674 2044 in
690 2017 778 2044 locum
798 2016 946 2049 circumeo,
969 2022 997 2045 et

207 2063 241 2088 de
267 2062 347 2090 domo
360 2063 387 2089 in
402 2063 521 2092 domum.
534 2063 598 2098 Ego,
617 2063 666 2096 ait,
682 2071 741 2098 qua:
760 2063 823 2091 olim
837 2063 909 2091 foras
926 2071 997 2091 nun-

206 2116 290 2143 quam
308 2109 392 2142 esivi,
404 2117 463 2144 qua:
477 2109 551 2137 foras
566 2118 703 2145 nunquam
715 2111 833 2145 respexi,
848 2119 919 2139 nunc
932 2119 996 2139 vero

207 2156 241 2181 de
253 2155 312 2182 loco
328 2156 354 2182 in
371 2155 459 2183 locum
476 2156 650 2190 circumiens,
663 2161 692 2184 et
708 2157 740 2185 de
753 2158 834 2185 domo
850 2158 874 2184 in
886 2158 994 2185 domum

206 2200 241 2227 ab
257 2201 381 2228 omnibus
400 2202 563 2236 conspicior,
578 2202 612 2229 ab
623 2203 750 2231 omnibus
772 2204 949 2239 contemplor,
969 2209 995 2232 et

1048 276 1220 311 propinquat,
1228 281 1255 303 et
1273 276 1392 304 tenebrae
1403 275 1539 309 oriuntur,
1553 282 1581 304 et
1593 277 1748 312 supervenit
1758 284 1828 304 som-

1047 329 1109 353 nus,
1128 323 1173 357 qui
1189 330 1283 351 omnes
1306 322 1414 350 dolores
1430 322 1546 358 mitigat,
1569 323 1617 358 qui
1632 330 1713 350 omne
1733 323 1828 351 vulnus

1047 368 1133 400 sedat,
1156 368 1202 403 qui
1220 376 1326 395 onmem
1357 368 1495 395 tristitiam
1511 368 1592 403 εοιιίι.
1610 367 1651 396 01)
1674 369 1725 396 hoc
1746 377 1829 404 ergo,

1046 413 1093 445 ait,
1110 419 1238 448 tanquam
1254 414 1376 449 requiem
1389 417 1417 441 et
1431 414 1552 441 omnium
1568 414 1771 442 tribulationum
1782 415 1829 443 de-

1046 459 1206 493 positionem
1220 460 1259 487 sic
1267 464 1395 494 exspecto
1407 459 1514 494 quando
1526 459 1566 487 sol
1580 461 1686 493 subeat,
1698 464 1726 487 ut
1735 460 1827 488 saltem

1046 503 1088 530 vel
1106 503 1180 530 brevi
1193 504 1281 531 noctis
1296 509 1417 538 tempore
1434 511 1450 531 a
1469 503 1697 535 tribulationibus,
1711 512 1770 540 quae
1787 512 1829 533 me

1047 556 1119 575 nunc
1133 550 1371 583 apprehenderunt
1386 549 1564 584 requiescam.
1581 550 1737 578 Sicutenim
1756 551 1828 579 locus

1046 594 1105 622 loco
1114 602 1156 623 me
1170 594 1268 628 reddit,
1285 599 1312 622 et
1324 595 1422 623 domus
1441 595 1544 627 domui,
1555 596 1651 631 stipem
1665 602 1829 631 quaerentem

1045 646 1071 668 et
1095 641 1309 676 eleemosynam,
1326 645 1408 676 atque
1434 641 1633 669 humanitatem
1657 650 1753 675 vagam
1780 642 1830 669 cir-

1046 691 1229 718 cumeuntem,
1244 687 1284 714 sic
1303 686 1429 714 similiter
1440 686 1497 714 dies
1516 687 1568 714 diei
1582 694 1626 715 me
1641 688 1723 715 tradit
1739 693 1766 715 et
1778 696 1829 715 nox

1047 733 1130 765 nocti,
1146 733 1266 768 requiem
1280 733 1487 761 tribulationum
1504 739 1585 768 atque
1598 734 1722 761 dolorum
1731 741 1830 761 conso-

1046 778 1172 807 lationem
1184 784 1351 814 quaerentem
1361 780 1544 814 exspectando
1552 780 1661 814 quando
1675 780 1714 808 sol
1725 780 1828 813 subeat,

1046 831 1076 853 ut
1092 826 1213 860 requiem
1240 826 1354 853 habeam
1384 826 1589 854 tribulationum
1605 833 1666 861 quas
1691 834 1735 854 me
1759 834 1830 854 nunc

1047 872 1290 907 appreheruleruut.
1304 872 1372 899 Nam
1388 872 1452 899 solis
1466 864 1578 900 occasus
1592 871 1719 900 omnibus
1735 872 1830 900 huma-

1050 918 1092 945 nis
1104 917 1241 945 laboribus
1253 925 1284 944 ac
1306 918 1511 952 fatigationibus
1526 917 1606 945 tinem
1623 917 1747 953 imponit,
1765 918 1830 945 solis

1047 971 1161 991 Occasus
1173 964 1306 991 universis
1322 964 1445 991 humanis
1457 964 1560 991 naturis
1574 964 1694 999 requiem
1710 969 1829 999 praestat,

1046 1013 1074 1036 et
1088 1010 1261 1044 pauperibus,
1279 1014 1305 1036 ct
1321 1017 1374 1036 non
1393 1009 1565 1041 habentibus,
1577 1014 1604 1036 et
1617 1009 1704 1036 servis
1720 1015 1745 1036 et
1761 1009 1829 1036 iibe-

1048 1055 1086 1083 ris
1101 1064 1107 1081 :
1123 1059 1150 1083 et
1168 1063 1262 1083 omnes
1275 1064 1419 1090 vesperum
1432 1060 1514 1090 atque
1531 1055 1595 1083 solis
1606 1062 1743 1089 occasum,
1758 1056 1831 1082 velut

1048 1101 1200 1129 libertatem
1222 1106 1248 1128 et
1269 1102 1465 1136 indulgentiam
1492 1106 1573 1137 atque
1591 1101 1711 1136 requiem
1734 1109 1830 1136 exspe-

1047 1152 1133 1175 ctant.
1147 1148 1213 1174 Cum
1227 1147 1324 1182 quibus
1339 1148 1465 1174 omnibus
1478 1167 1485 1180 ,
1505 1147 1602 1182 inquit,
1619 1154 1668 1182 ego
1685 1147 1766 1174 etiam
1782 1154 1830 1175 es-

1049 1200 1144 1229 speclo
1160 1194 1269 1229 quando
1287 1193 1327 1221 sol
1342 1195 1450 1226 subeat,
1468 1198 1499 1220 ut
1519 1194 1641 1228 requiem
1655 1192 1768 1220 habeam
1783 1193 1832 1220 tri-

1047 1240 1232 1271 bulationum,
1251 1247 1311 1274 quae
1332 1247 1376 1267 me
1401 1246 1474 1266 nunc
1502 1238 1750 1274 apprehenderunt.
1777 1238 1832 1265 Vo-

1047 1285 1157 1312 luerunt
1183 1285 1295 1320 quidam
1321 1289 1348 1312 et
1375 1284 1454 1312 aliter
1475 1285 1532 1312 haec
1555 1285 1658 1317 dicere,
1675 1285 1755 1320 quasi
1778 1292 1831 1312 non

1046 1331 1134 1366 possit
1150 1338 1198 1365 per
1213 1331 1283 1358 diem
1303 1338 1358 1365 prae
1385 1331 1546 1358 verecundia
1568 1336 1649 1365 atque
1670 1330 1832 1358 confusione

1048 1384 1097 1412 per
1108 1377 1202 1404 domos
1219 1376 1268 1409 ire,
1287 1381 1313 1405 et
1330 1377 1427 1412 stipem
1446 1377 1567 1412 recipere
1587 1384 1637 1413 pro
1652 1377 1832 1404 cernentibus

1047 1428 1076 1451 et
1099 1422 1298 1450 declinantibus
1318 1426 1429 1457 propter
1448 1423 1592 1456 augurium
1616 1429 1651 1450 ne
1665 1422 1690 1450 ei
1705 1429 1833 1449 occurre-

1048 1472 1118 1501 rent,
1128 1468 1169 1496 vel
1179 1469 1205 1495 in
1216 1468 1325 1495 domum
1337 1468 1517 1502 susciperent,
1525 1472 1678 1495 metuentes
1693 1475 1726 1495 ne
1737 1467 1832 1494 eadem

1049 1519 1205 1550 paterentur
1230 1514 1310 1542 etiam
1327 1520 1421 1541 omnes
1435 1514 1467 1540 ad
1483 1521 1553 1548 quos
1574 1513 1752 1546 accessisset,
1785 1512 1829 1540 vel

1049 1559 1145 1595 quibus
1154 1558 1378 1594 approximasset.
1393 1558 1434 1587 0b
1444 1559 1496 1586 hoc
1507 1566 1572 1594 ergo
1584 1559 1659 1591 dicit,
1671 1564 1834 1593 exspectans

1045 1606 1153 1641 quando
1168 1606 1208 1633 sol
1224 1607 1329 1638 subeat.
1343 1611 1373 1634 ut
1386 1607 1412 1633 in
1429 1606 1546 1633 tenebris
1558 1607 1698 1633 nocturnis
1711 1606 1831 1640 requiem

1045 1651 1191 1679 inveniam.
1210 1650 1263 1679 Sed
1278 1659 1343 1679 vere
1371 1651 1496 1686 superidr
1511 1651 1647 1686 expositio
1670 1658 1734 1678 vera
1750 1656 1834 1686 atque

1045 1697 1221 1725 irrefntabilis
1235 1702 1286 1725 est.
1311 1697 1364 1725 Sed
1383 1702 1444 1732 post
1462 1697 1520 1724 hac
1546 1697 1674 1724 universa
1697 1697 1731 1724 ad
1754 1697 1832 1724 illum

1045 1750 1196 1770 sermonem
1222 1748 1413 1771 convertamus
1428 1763 1436 1777 ,
1461 1742 1538 1777 cujus
1564 1742 1644 1770 etiam
1670 1742 1727 1770 base
1748 1743 1834 1771 verba

1045 1788 1166 1821 fuerunt,
1181 1789 1207 1816 id
1220 1792 1262 1816 est
1276 1788 1310 1816 ad
1325 1788 1471 1816 diabolum.
1487 1787 1553 1815 Nam
1565 1788 1609 1815 hic
1618 1788 1749 1823 gloriatur
1760 1788 1834 1822 quod

1045 1835 1078 1862 de
1091 1835 1150 1862 loco
1167 1835 1193 1862 in
1209 1835 1297 1862 locum
1312 1835 1460 1862 circumeat
1475 1839 1503 1861 et
1518 1835 1551 1862 de
1568 1834 1649 1862 domo
1664 1835 1691 1861 in
1709 1835 1832 1866 domum,

1045 1886 1072 1908 ut
1088 1881 1208 1912 seducat,
1220 1885 1249 1907 ut
1260 1880 1410 1916 perturbet,
1425 1884 1454 1908 ut
1467 1880 1653 1913 commisceat,
1663 1884 1693 1907 ut
1703 1880 1833 1915 decipiat,

1046 1931 1114 1954 utea
1128 1934 1188 1960 quas
1203 1927 1341 1954 contraria
1355 1931 1419 1953 sunt
1433 1931 1547 1954 cunctos
1560 1927 1668 1958 doceat,
1689 1930 1716 1953 et
1733 1933 1832 1961 exspe-

1045 1977 1100 2000 ctat
1112 1972 1219 2007 quando
1234 1972 1276 2000 sol
1286 1972 1392 2006 subeat,
1408 1977 1437 1999 ut
1453 1972 1572 2005 requiem
1589 1973 1689 2000 habeat
1705 1971 1831 2000 laborant

1045 2027 1078 2047 ac
1091 2019 1305 2047 tribulationum.
1324 2018 1392 2046 Nam
1403 2019 1446 2047 ubi
1458 2018 1504 2046 Sol
1513 2018 1626 2053 iustitia;
1642 2026 1694 2045 non
1705 2019 1831 2050 subierit,

1046 2065 1090 2092 ubi
1109 2065 1153 2092 lux
1167 2065 1289 2093 veritatis
1306 2072 1358 2092 non
1374 2065 1483 2098 luxerit,
1501 2065 1546 2093 ubi
1573 2065 1726 2093 obscuritas
1742 2064 1834 2092 infeli-

1045 2111 1136 2139 citatis
1149 2116 1177 2138 et
1199 2112 1301 2139 erroris
1315 2117 1397 2146 atque
1422 2112 1570 2146 impietatis
1586 2111 1680 2145 fuerit,
1697 2111 1752 2138 illic
1771 2119 1831 2137 ma-

1048 2155 1137 2191 lignus
1153 2157 1308 2191 rcquicscit,
1329 2157 1386 2184 illic
1405 2164 1514 2184 omnem
1534 2156 1643 2191 iniquus
1658 2164 1734 2183 suum
1759 2155 1835 2183 labo-

1046 2209 1103 2229 rem
1121 2203 1244 2237 deponit.
1259 2202 1363 2231 Idcirco
1381 2203 1413 2230 de
1428 2203 1486 2230 loco
1511 2202 1538 2230 in
1562 2202 1652 2230 locum
1668 2201 1777 2235 circuit,
1806 2206 1834 2229 et

207 2253 222 2272 a
235 2246 313 2273 malis
324 2250 352 2274 et
363 2254 377 2273 a
391 2235 478 2279 bonis,
492 2248 664 2283 etacoguitis
676 2249 743 2276 etab
759 2235 911 2283 incognitis.
929 2249 995 2276 Nam
1049 2249 1081 2276 de
1095 2235 1175 2276 domo
1187 2248 1213 2276 in
1231 2249 1354 2282 domum,
1369 2253 1462 2283 tttpote
1485 2256 1581 2276 aereus
1598 2248 1711 2284 spiritus
1732 2253 1832 2275 cuncta

208 2292 237 2324 ii,
259 2292 358 2328 inquit,
381 2293 425 2327 qui
444 2293 507 2320 olim
531 2301 582 2321 nec
608 2293 731 2322 viderunt
756 2302 808 2327 me,
830 2302 880 2322 uec
898 2295 993 2323 videre

206 2342 365 2374 potuerunt,
394 2339 440 2366 isti
462 2347 537 2367 nunc
553 2345 581 2366 ιιι
597 2347 691 2375 vagam
717 2348 761 2367 me
776 2340 992 2368 circumeuntem

206 2391 268 2411 cum
284 2384 435 2418 ignominia
452 2386 554 2418 vident,
583 2390 666 2421 atque
685 2389 841 2421 contemptu
869 2391 992 2413 conteru-

207 2429 325 2464 plantur.
346 2429 386 2457 01)
405 2430 466 2465 hoc,
485 2431 582 2465 inquit,
601 2431 634 2458 de
650 2430 708 2458 loco
719 2431 752 2458 ad
767 2431 858 2458 locum
872 2432 991 2458 circum-

206 2484 240 2504 eo
261 2478 289 2500 et
313 2476 348 2503 de
370 2476 449 2503 domo
469 2477 496 2503 in
510 2476 618 2503 domum
632 2477 721 2511 operis
737 2476 837 2510 gratia,
855 2483 990 2511 etexspe-

207 2529 284 2550 etans
299 2523 407 2558 quando
426 2521 467 2550 sol
489 2523 595 2555 subeat,
610 2527 639 2549 ut
654 2522 773 2557 requiem
789 2522 902 2550 habeam
920 2522 992 2549 labo-

207 2579 267 2598 rum
280 2574 361 2605 atque
369 2569 526 2605 gemituum,
539 2569 584 2604 qui
598 2577 668 2596 nunc
680 2576 723 2596 me
732 2569 967 2604 apprehendcrunt
982 2578 989 2596 :

207 2618 252 2653 qui
270 2625 341 2644 nunc
352 2620 555 2651 occupaverunt
570 2620 626 2643 tam
641 2623 689 2651 pro
701 2620 745 2642 tua
761 2616 898 2650 passione,
910 2623 990 2650 quam

206 2664 287 2692 etiam
304 2670 352 2698 pro
372 2669 433 2689 mea
456 2662 609 2697 vagatione,
636 2666 689 2688 tam
705 2669 754 2696 pro
774 2661 828 2688 tuis
854 2661 991 2688 laboribus

206 2717 286 2744 quam
308 2709 391 2736 etiam
413 2715 461 2743 pro
477 2707 545 2734 meis
570 2706 802 2739 tribulationibus,
828 2711 990 2741 exspectans

206 2756 313 2790 quando
327 2756 366 2783 sol
381 2756 484 2783 subeat.
501 2753 542 2782 0b
562 2761 644 2790 quam
656 2754 736 2782 rem?
752 2753 794 2782 01)
810 2754 873 2785 hoc,
890 2754 987 2788 inquit,

206 2808 234 2830 ut
263 2802 384 2837 requiem
413 2802 525 2830 habeant
553 2801 676 2829 laborum
714 2808 746 2829 ac
785 2799 988 2828 tribulationum

242 2892 262 2906 “
278 2891 371 2919 Matth.
386 2897 436 2922 xu,
454 2889 498 2917 45.

1048 2299 1194 2329 penetrans
1205 2299 1286 2330 atque
1294 2296 1447 2330 pervolans,
1458 2300 1485 2323 et
1495 2296 1587 2323 omnia
1598 2294 1832 2329 circumspiciens,

1048 2345 1075 2368 et
1091 2340 1190 2375 ubique
1207 2341 1298 2368 omnia
1312 2341 1464 2375 inquirens,
1484 2340 1573 2368 sicubi
1593 2348 1648 2367 sua!
1663 2339 1771 2367 malitia:
1787 2347 1834 2366 ne-

1045 2387 1159 2422 qmtiam
1189 2388 1364 2419 requiescere
1390 2387 1483 2415 faciat.
1500 2387 1577 2420 Quod
1605 2392 1695 2413 autem
1722 2386 1758 2413 ita
1782 2385 1832 2416 sit,

1043 2434 1126 2460 etiam
1139 2433 1195 2468 ipse
1207 2432 1336 2460 Dominus
1348 2433 1375 2460 in
1389 2432 1544 2468 Evangeliis
1553 2433 1740 2460 detnonstrans
1751 2431 1829 2458 dicit.

1045 2479 1111 2506 Cum
1129 2479 1279 2506 immundus
1306 2478 1414 2512 spiritus
1441 2478 1534 2505 emierit
1552 2478 1584 2504 ab
1608 2477 1712 2504 homine
1737 2477 1830 2503 circuit

1044 2533 1164 2560 quwrens
1181 2525 1294 2560 requiem
1308 2525 1341 2552 “.
1357 2524 1403 2552 Sic
1419 2524 1511 2560 itaque
1538 2530 1566 2552 et
1587 2525 1648 2551 istic
1672 2523 1768 2551 circuit
1796 2524 1831 2550 de

1044 2571 1138 2599 locoin
1152 2571 1285 2603 locnm,et
1295 2570 1328 2597 de
1342 2569 1460 2597 domoin
1475 2569 1595 2602 domum,
1609 2568 1696 2596 sicubi
1710 2569 1830 2595 subeun-

1045 2622 1100 2643 tem
1117 2616 1236 2642 inveniat
1250 2614 1335 2642 solem
1349 2617 1377 2641 et
1397 2613 1524 2640 tenebras
1539 2618 1566 2640 et
1589 2614 1784 2641 obscuritatem
1802 2618 1831 2641 et

1045 2666 1163 2693 noctem,
1179 2659 1374 2694 impudicitias,
1402 2662 1430 2686 et
1452 2658 1586 2686 adulteria
1608 2665 1636 2687 et
1650 2660 1828 2694 pertinacius,

1044 2711 1074 2734 ιιι
1089 2706 1143 2734 illic
1156 2706 1326 2741 requiescere
1338 2704 1461 2740 perficiat
1471 2704 1625 2732 universam
1637 2712 1714 2732 suam
1728 2705 1831 2740 iniqui-

1043 2757 1137 2786 tatem,
1154 2757 1235 2787 atque
1255 2758 1363 2779 omnem
1385 2751 1507 2779 laborem
1522 2758 1611 2778 suum.
1641 2750 1686 2778 Sic
1712 2757 1830 2784 namque

1044 2799 1191 2835 requiescit
1208 2802 1290 2833 caput
1306 2797 1459 2833 bujusmodi
1476 2802 1506 2825 ut
1519 2797 1589 2825 ultra
1605 2804 1673 2833 opus
1695 2802 1748 2824 nou
1774 2795 1826 2823 ha»
