3880 6212
159 333 265 387 4⁵ξῦ

1256 325 1636 383 ΑΝΟΝῘΜΠΞ
1677 325 1738 379 IN
1781 324 1918 380 JOB.
1945 356 2012 366 ——
2052 323 2178 380 LIB.
2223 323 2287 381 ιι.

3318 327 3424 380 486

157 447 282 499 boat
335 443 585 498 laborare
633 451 693 497 ut
742 456 840 498 eos
891 442 1139 498 seducat.
1171 441 1460 513 -Proprios
1507 459 1740 512 namque
1769 447 1816 502 Α
1844 440 2156 494 mutabilem
2203 450 2347 494 tuam
2391 439 2695 509 passionem
2723 448 2777 495 et
2810 449 2996 494 noctes
3032 441 3277 495 dolorum
3306 458 3423 512 per»

157 535 321 589 habet
354 534 494 597 illos,
525 542 580 588 et
602 533 654 587 in
678 533 783 587 illis
807 533 1125 602 requiescit.
1163 533 1307 587 Idem
1339 549 1471 604 ergo
1494 533 1738 588 diabolus

155 639 292 678 sane
325 624 498 678 dixit:
528 621 761 677 Circuivi
785 639 989 676 omnem
1023 633 1241 690 terram,
1271 634 1320 678 et
1355 625 1634 694 peragravi
1675 641 1737 678 ea

154 732 274 785 qua?
308 716 402 768 sub
434 715 561 767 caelo
590 724 710 767 sunt
733 714 799 769 ¹¹.
855 712 999 768 Idem
1032 714 1148 781 ipse
1175 713 1339 768 etiam
1391 730 1535 769 nunc
1574 715 1736 777 dixit,

154 808 299 874 quod
322 806 388 859 de
409 805 526 859 loco
543 805 595 858 in
619 806 822 868 locum,
843 813 897 858 et
917 805 984 858 de
1011 804 1171 859 domo
1194 805 1246 858 in
1267 808 1482 860 domum
1502 806 1736 860 circum-

155 897 299 950 ierit.
365 896 506 949 Idem
554 897 670 965 ipse
704 896 869 950 etiam
924 896 1103 950 adhuc
1168 897 1498 952 circumiens
1542 898 1738 967 quaarit

158 989 426 1056 requiem.
462 989 566 1042 Sed
597 1003 721 1042 cum
752 989 1059 1043 universam
1091 988 1350 1042 malitiam
1376 1003 1528 1043 suam
1557 989 1736 1058 perfe-

152 1080 291 1134 cerit
319 1079 594 1146 diabolus,
616 1089 781 1150 atque
825 1096 1040 1136 onmem
1075 1081 1416 1150 iniquitatem
1450 1097 1602 1136 suam
1640 1082 1734 1136 de-

151 1173 560 1235 monstraverit,
597 1171 831 1226 ostendit
864 1173 915 1225 in
942 1172 1048 1226 ﬁne
1073 1172 1202 1242 quid
1236 1173 1576 1242 cogitaverit,
1601 1174 1732 1243 quid

149 1267 455 1332 quaesierit,
492 1265 688 1335 quidve
729 1265 960 1334 cupierit
994 1266 1185 1320 dicens
1216 1285 1228 1319 ε
1273 1266 1368 1319 Dic
1391 1267 1605 1336 aliquod
1629 1284 1734 1322 ver-

149 1359 270 1409 bum
309 1359 364 1411 in
408 1357 689 1411 Dominum
733 1369 780 1412 et
819 1358 1099 1412 morere".
1134 1355 1178 1411 Ο
1210 1359 1469 1426 iniquitas
1498 1370 1552 1414 et
1578 1360 1733 1414 inali-

149 1452 247 1514 tia,
274 1449 492 1505 fallacia
528 1466 744 1521 quoque
779 1467 843 1506 ac
875 1452 1115 1505 versutia
1149 1461 1261 1517 tua,
1294 1452 1529 1516 diabole,
1559 1469 1732 1522 quan-

151 1553 266 1596 tum
302 1543 646 1613 percurristi,
696 1552 750 1598 et
781 1552 1046 1613 quantum
1083 1543 1348 1609 circuisti,
1386 1554 1440 1598 et
1466 1555 1728 1615 quantum

159 1634 269 1689 tuis
321 1633 665 1689 sermonibus
712 1644 875 1704 atque
905 1635 1118 1692 callidis
1168 1636 1530 1693 locutionibus
1577 1653 1729 1691 como

146 1726 338 1793 plexus
367 1742 448 1790 es,
485 1742 606 1781 cum
633 1727 1059 1784 commonefacis
1093 1744 1215 1783 eum
1250 1728 1518 1794 dolorum,
1548 1731 1729 1800 plaga-

1839 547 2006 600 agens
2047 541 2270 602 propter
2302 532 2541 584 animam
2585 541 2730 584 tuam
2765 531 2816 585 in
2849 531 3124 585 doloribus
3155 547 3258 585 non
3297 549 3422 589 suc-

1837 624 2204 679 cumbentem.
2233 623 2350 678 Non
2400 624 2543 678 enim
2600 632 2650 678 te
2700 623 2795 689 ita,
2837 639 2869 676 o
2903 620 3036 687 Job,
3082 623 3168 677 isti
3207 624 3421 680 dolores

1838 715 2114 785 affligunt,
2163 716 2305 770 sicut
2356 731 2442 769 me
2497 725 2584 768 tua
2641 715 2927 768 tolerantia
2995 725 3272 784 pernecat.
3316 716 3421 772 Pro

1840 809 1924 863 his
1953 824 2084 878 ergo
2109 808 2359 862 omnibus
2390 807 2476 861 dic
2509 806 2726 874 aliquod
2759 808 2981 860 verbum
3016 807 3068 860 in
3107 807 3418 873 Dominum,

1836 911 1890 953 et
1925 915 2156 953 morere.
2204 899 2308 952 Sed
2354 899 2459 951 tale
2494 898 2717 952 verbum
2755 899 2860 961 die,
2915 908 2973 951 ut
3005 899 3266 952 continuo
3321 902 3416 954 tibi

1835 999 2062 1043 mortem
2100 1001 2376 1060 procuret,
2408 993 2504 1044 sed
2539 991 2674 1045 bene
2705 990 2841 1044 dixit
2876 991 3219 1059 postmodum
3254 992 3297 1045 is
3324 992 3420 1060 qui

1835 1082 1910 1135 ait
1942 1096 1958 1134 :
1995 1084 2142 1151 Aqua
2185 1083 2350 1136 multa
2382 1099 2488 1136 non
2527 1085 2824 1150 exstinguet
2859 1082 3196 1142 charitatem,
3229 1090 3277 1133 et
3311 1083 3418 1150 ﬁtt-

1835 1175 1978 1227 mina
2012 1191 2114 1227 non
2165 1175 2496 1228 inundabunt
2531 1191 2668 1228 eam.
2702 1174 2744 1204 “
2783 1173 2976 1228 Omnia
3018 1175 3161 1227 enim
3193 1172 3418 1228 ﬁumina

1831 1277 1885 1319 et
1911 1267 2091 1322 omnis
2119 1269 2371 1334 impetus,
2399 1277 2453 1320 et
2477 1267 2656 1320 omnis
2688 1267 2968 1320 inundatio
2997 1265 3216 1334 maligni
3254 1276 3419 1333 atque

1832 1358 2036 1412 malitia
2085 1358 2319 1423 diaboli,
2366 1359 2708 1427 exstinguere
2759 1357 2843 1410 vel
2895 1357 3163 1410 inundare
3220 1372 3412 1423 puram

1831 1447 1974 1502 illius
2007 1450 2325 1504 charitatem
2360 1448 2460 1504 Job
2501 1466 2662 1520 quam
2697 1449 2841 1503 circa
2900 1449 3184 1502 Dominum
3242 1449 3413 1502 Deum

1832 1541 2017 1596 habuit
2052 1556 2155 1595 non
2195 1550 2506 1609 puluerunt.
2553 1542 2814 1596 Iudicium
2865 1539 3024 1608 hujus
3070 1540 3145 1594 rei
3195 1555 3256 1594 ea
3292 1556 3415 1609 qua:

1823 1630 2146 1700 jampridem
2192 1633 2336 1687 dicta
2389 1644 2548 1698 sunt,
2601 1643 2656 1688 et
2705 1649 2768 1688 ea
2822 1648 2942 1702 qua:
2994 1633 3169 1686 adhuc
3219 1634 3413 1687 subse-

1830 1734 2057 1792 quenter
2094 1724 2462 1792 proferuntur,
2509 1727 2906 1781 demonstrant.
2938 1725 3070 1779 Nam
3125 1744 3244 1781 mox
3289 1726 3415 1781 istic

147 1831 290 1880 rum,
321 1816 614 1881 vermium,
655 1817 1024 1884 putredinum,
1075 1819 1310 1872 Iiliorum
1342 1827 1507 1883 atque
1539 1795 1726 1874 uxoris
1760 1795 1800 1850 Β
1831 1817 1884 1871 in
1936 1816 2398 1885 subsequentibus
2444 1817 2574 1870 dicit
2610 1835 2622 1871 :
2659 1816 2782 1882 Ipse
2834 1835 2952 1871 vero
3007 1822 3290 1888 respiciens
3340 1819 3412 1873 ad

141 1907 476 1977 vagationis.
527 1907 595 1960 Et
635 1916 922 1977 postquam
957 1924 1054 1977 per
1084 1909 1195 1964 haec
1229 1910 1483 1964 universa
1513 1920 1724 1980 raptum

141 1999 320 2064 .ilum,
343 2007 510 2068 atque
537 2007 660 2068 post
691 2013 752 2054 se
791 2016 1113 2055 conversum
1143 2003 1347 2057 habere
1374 2012 1550 2072 putat,
1605 2015 1726 2072 post

142 2089 260 2143 lucc
288 2090 642 2145 nihilominus
669 2091 849 2146 omnia
885 2093 1037 2162 quasi
1073 2095 1306 2162 gratiam
1339 2105 1504 2164 atque
1547 2095 1724 2149 sluce-

141 2180 365 2235 ritatem
430 2181 506 2236 illi
557 2183 918 2248 demonstret,
971 2194 1025 2238 et
1075 2193 1330 2254 tanquam
1365 2185 1597 2240 sollicite
1649 2188 1722 2242 illi

137 2271 431 2326 consiliqu
462 2272 723 2342 prtebeat,
757 2274 834 2327 ait
865 2274 997 2328 :Dic
1039 2275 1256 2346 aliquod
1289 2279 1497 2331 verbum
1534 2281 1586 2332 in
1619 2279 1724 2334 Do-

137 2364 342 2415 minum
391 2374 439 2416 et
475 2381 700 2420 morere.
743 2364 954 2431 Melior,
982 2366 1177 2436 inquit,
1207 2377 1292 2422 est
1338 2384 1506 2433 mors,
1540 2386 1572 2424 o
1597 2369 1720 2436 Job,

135 2468 301 2521 quam
331 2455 441 2508 vita
473 2471 682 2521 amara,
714 2463 767 2509 et
804 2457 1022 2525 requies
1051 2468 1257 2514 aeterna
1285 2475 1445 2528 quam
1472 2477 1725 2530 perseve-

137 2563 266 2600 rans
295 2548 598 2604 inﬁrmitas.
627 2550 750 2605 Ideo
766 2553 851 2605 die
882 2553 1096 2623 aliquod
1129 2555 1335 2608 uerbum
1357 2557 1412 2608 in
1438 2555 1721 2610 Dominum

135 2647 184 2690 et
209 2654 434 2704 morere,
461 2650 519 2694 ut
543 2641 760 2696 inanem
781 2643 945 2697 vitam
961 2645 1101 2700 hanc
1128 2645 1304 2711 ﬁnias,
1322 2655 1381 2699 ut
1410 2647 1522 2701 haec
1536 2663 1719 2702 amara

137 2740 412 2784 tormenta
439 2733 736 2802 relinquas,
771 2745 828 2789 ut
850 2736 918 2790 ab
952 2735 1072 2790 istis
1097 2737 1594 2793 vehementioribus
1619 2739 1714 2791 do-

136 2819 348 2876 loribus
392 2831 658 2878 transeas.
693 2822 774 2878 0b
801 2824 902 2879 hoc
935 2838 1066 2895 ergo
1104 2825 1192 2880 dic
1241 2827 1463 2896 aliquod
1494 2828 1718 2884 verbum

137 2911 189 2964 in
222 2912 514 2968 Dominum
541 2923 598 2969 et
647 2929 880 2970 morere.
922 2914 1019 2971 Dic
1041 2916 1261 2988 aliquod
1293 2920 1519 2974 verbum
1571 2922 1718 2990 quod

134 3005 336 3070 irritet,
357 3006 500 3074 quod
525 3007 837 3072 exacerbet,
869 3008 1015 3078 quod
1039 3019 1346 3080 exasperet.
1379 3010 1475 3066 Dic
1501 3011 1716 3081 aliquod

133 3098 366 3151 verbum
398 3097 452 3151 in
497 3098 808 3152 Dominum.
837 3100 1050 3155 Accusa
1098 3101 1162 3156 de
1191 3101 1474 3170 iujustitia,
1523 3104 1713 3159 crimi-
1743 3132 1786 3190 ρ

135 3208 291 3256 nare,
323 3193 491 3249 irride
524 3194 589 3249 de
636 3195 864 3260 malitia,
907 3197 1246 3266 reprehendo
1293 3197 1362 3252 de
1416 3199 1712 3268 impietate.

139 3285 237 3338 Dic
263 3285 486 3353 aliquod
515 3285 741 3340 verbum
769 3288 915 3355 quod
943 3297 1108 3357 neget
1139 3287 1312 3352 illum,
1344 3297 1400 3342 et
1425 3290 1708 3359 providen-

134 3377 268 3430 tiam
291 3377 410 3446 ejus
444 3386 609 3446 atque
644 3379 1037 3444 provisiouem,
1068 3380 1470 3449 prasscientiam
1501 3395 1715 3450 quoque

134 3485 201 3525 ac
235 3472 493 3523 virtutem
518 3480 682 3540 atque
703 3471 1127 3539 magnitudinem
1162 3471 1326 3526 illius.
1360 3473 1449 3526 Sic
1469 3487 1598 3542 ergo
1629 3475 1714 3528 dic

135 3560 352 3628 aliquod
401 3563 622 3615 verbum
671 3561 723 3615 iu
771 3561 1056 3616 Dominum
1109 3573 1162 3617 et
1189 3579 1420 3618 morere.
1471 3564 1528 3618 Si
1567 3565 1712 3616 enim

134 3652 341 3722 aliquid
371 3653 679 3722 bujusmodi
713 3653 939 3717 dixeris,
975 3655 1235 3708 continuo
1264 3656 1536 3721 morieris,
1582 3671 1714 3710 cou-

136 3745 295 3798 tinuo
331 3745 398 3798 de
447 3745 702 3799 omnibus
752 3746 1115 3814 praisentibus
1155 3745 1438 3801 laboribus
1487 3762 1715 3802 securus

132 3843 299 3901 atque
346 3833 554 3886 alienus
606 3834 869 3898 redderis,
921 3835 1177 3888 continuo
1229 3851 1404 3906 neque
1435 3836 1712 3892 confusio-

133 3940 286 3988 nem,
321 3925 516 3994 iuquit,
571 3925 885 3988 sustinebis,
917 3940 1092 3994 neque
1127 3927 1450 3996 improperia
1498 3931 1708 3994 audies,

132 4030 314 4084 neque
364 4015 606 4070 dolorem
663 4015 911 4084 patieris,
969 4031 1146 4084 neque
1184 4032 1400 4085 pinnam
1457 4018 1710 4082 suﬁeres,

130 4110 228 4161 sed
274 4116 473 4160 cuncta
527 4106 772 4175 protinus
821 4105 1102 4173 deponens
1163 4107 1304 4160 inter
1353 4120 1596 4164 mortuos
1627 4125 1711 4164 re-

129 4201 408 4269 quiesces.
453 4197 572 4261 Dic,
599 4198 795 4265 inquit,
829 4198 1048 4260 aliquod
1072 4199 1283 4252 uerbum
1315 4200 1368 4252 in
1403 4199 1707 4264 Dominum,

126 4301 176 4345 et
202 4305 429 4343 morere.
457 4288 592 4352 Hoc,
625 4289 820 4358 inquit,
843 4299 1121 4358 exspecto,
1159 4291 1260 4344 hoc
1294 4293 1556 4355 sustineo,
1609 4292 1711 4348 hoc

127 4383 408 4449 desidero,
443 4382 546 4436 hoc
589 4397 794 4452 quaero,
831 4391 888 4436 ut
920 4383 1071 4437 dicas
1115 4383 1335 4453 aliquod
1383 4384 1608 4438 verbum
1655 4385 1708 4438 in

1826 1925 1941 1963 eam
1974 1909 2101 1961 dicit
2128 1924 2145 1960 :
2180 1908 2357 1972 Quare
2379 1918 2433 1960 ut
2466 1925 2570 1960 una
2601 1925 2664 1962 ex
2697 1909 3062 1975 insipientibus
3103 1910 3412 1964 mulieribus

1825 2002 1899 2054 ita
1935 2000 2109 2054 locuta
2148 2017 2201 2052 es
2242 2000 2324 2053 ιιι
2359 2000 2474 2069 Ipse
2506 2015 2632 2054 vero
2669 2001 2964 2068 respiciens
2994 2003 3059 2054 ad
3094 2018 3234 2054 eam.
3271 2000 3407 2071 Ipse.

1825 2092 1992 2160 Quis?
2029 2090 2129 2147 Job
2161 2092 2278 2161 ipse
2311 2091 2548 2160 respexit
2573 2107 2692 2146 eam
2735 2093 2824 2162 qui
2862 2103 2986 2146 ante
3017 2095 3084 2146 ad
3121 2094 3286 2147 Deum
3323 2108 3411 2147 re-

1825 2184 2105 2252 Spiciebat,
2152 2183 2244 2252 qui
2285 2183 2519 2252 primum
2578 2184 2862 2238 Dominum
2912 2184 3408 2254 contemplabatur,

1823 2276 1914 2344 qui
1954 2275 2152 2330 dudum
2189 2274 2255 2328 ad
2303 2284 2561 2328 aeternam
2611 2275 3070 2344 incorruptionem
3117 2275 3409 2329 sinceriter

1824 2366 2161 2420 intendebat.
2207 2366 2324 2435 Ipse
2352 2381 2484 2436 ergo
2513 2366 2770 2435 respexit.
2805 2365 2921 2433 Ipse
2961 2366 3050 2420 ille
3089 2366 3406 2430 immobilis,

1824 2457 2248 2523 indeclinabilis,
2322 2457 2782 2521 insubvertibilis,
2826 2457 3242 2511 inseductibilis.
3292 2457 3411 2526 Ipse

1822 2550 1911 2618 qui
1950 2549 2351 2604 circumventus
2379 2564 2482 2603 nou
2519 2559 2621 2614 est,
2668 2550 2756 2618 qui
2792 2564 2819 2602 a
2865 2549 2976 2604 Deo
3023 2565 3128 2603 non
3167 2560 3250 2603 est
3285 2551 3409 2606 abs-

1823 2651 2048 2696 tractus.
2100 2641 2218 2710 Ipse
2252 2641 2492 2710 respexit
2523 2643 2591 2694 ad
2631 2656 2772 2696 eam.
2806 2641 2886 2694 Ad
2927 2656 3089 2709 quam
3120 2641 3279 2695 eam?
3324 2642 3408 2695 Ad

1822 2746 2066 2797 uxorem,
2100 2735 2168 2786 ad
2212 2731 2460 2794 insidias,
2510 2734 2577 2785 ad
2629 2731 3019 2800 muscipulaui,
3070 2733 3137 2785 ad
3180 2732 3409 2787 subver-

1821 2825 2049 2890 sionem,
2096 2825 2163 2878 ad
2213 2814 2446 2880 ruinam.
2498 2824 2631 2878 Nam
2683 2825 2772 2878 illa
2822 2841 2982 2893 quam
3033 2840 3255 2878 uxorem
3287 2839 3409 2880 esse

1819 2915 2123 2984 oportebat,
2156 2925 2211 2971 et
2245 2918 2484 2971 omnium
2543 2917 2810 2971 bonorum
2861 2917 3276 2971 consiliatricem
3325 2927 3409 2970 at-

1819 3021 1925 3074 que
1952 3006 2409 3077 suﬁ‘ragatricem,
2437 3007 2627 3062 ellecta
2664 3019 2747 3063 est
2787 3007 2863 3061 iIIi
2899 3007 3133 3071 insidiae,
3169 3007 3304 3064 retia
3353 3018 3409 3063 et

1820 3096 1967 3153 fraus
2013 3113 2075 3152 ae
2106 3100 2272 3154 totius
2304 3099 2597 3169 impietatis
2647 3100 2987 3154 consiliatrix
3041 3099 3124 3154 vel
3171 3098 3405 3168 fautrix,

1817 3204 2130 3258 quanquam
2160 3189 2344 3258 justus
2389 3189 2490 3245 Job
2540 3191 2684 3244 illam
2735 3207 2837 3245 non
2872 3191 3128 3244 audierit.
3175 3191 3282 3246 Sed
3325 3193 3407 3246 iu-

1820 3282 1976 3336 terim
2013 3298 2134 3337 cum
2171 3297 2231 3338 se
2263 3283 2367 3337 ista
2401 3284 2709 3337 ministram
2744 3283 2981 3354 maligno
3007 3283 3208 3347 ellecit,
3240 3300 3407 3351 quan-

1818 3383 2040 3442 tumque
2079 3375 2146 3428 ad
2177 3375 2349 3444 ipsam
2398 3375 2801 3429 circumvenire
2852 3387 3015 3443 atque
3050 3374 3402 3442 supplantare

1817 3462 2032 3517 beatum
2084 3463 2183 3519 Job
2228 3467 2468 3530 studuit,
2509 3469 2702 3519 merito
2730 3466 2912 3532 justus
2967 3466 3056 3520 ille
3099 3468 3403 3536 respiciens

1814 3555 1880 3609 ad
1909 3570 2058 3619 eam,
2097 3556 2333 3624 primum
2376 3557 2442 3611 ad
2488 3573 2608 3612 eum
2647 3558 2738 3627 qui
2773 3559 2824 3610 iu
2873 3572 2934 3612 ea
2972 3557 3314 3627 loquebatur,
3354 3560 3405 3612 id

1813 3655 1897 3700 est
1935 3647 1997 3699 ad
2041 3647 2332 3714 diabolum,
2363 3648 2638 3717 respexit:
2667 3649 2899 3718 primum
2933 3648 3214 3703 inimicum
3255 3650 3403 3704 illum

1812 3738 1904 3806 qui
1934 3753 2028 3808 per
2058 3753 2118 3792 os
2147 3737 2263 3808 ejus
2291 3739 2647 3794 insidiabatur
2677 3739 2960 3798 intellexit,
2986 3751 3150 3808 atque
3177 3740 3402 3794 malitia}

1813 3828 1929 3898 ejus
1975 3845 2266 3884 occurrens
2303 3830 2529 3896 restitit,
2573 3840 2627 3885 et
2664 3835 2763 3900 pe‘r
2800 3831 2942 3884 illam
2998 3847 3122 3901 qua:
3171 3832 3238 3885 ad
3279 3846 3404 3887 eum

1815 3921 1990 3976 locuta
2023 3931 2106 3977 est
2143 3923 2340 3977 diaboli
2379 3923 2720 3993 iniquitatem
2775 3923 3055 3992 redarguit
3091 3934 3258 3992 atque
3301 3925 3403 3977 de-

1810 4013 1957 4082 jecit.
1986 4013 2137 4081 Quod
2169 4014 2546 4069 demonstrans
2584 4013 2860 4084 Scriptura
2900 4015 3064 4080 dicit;
3124 4015 3238 4084 ipse
3275 4030 3405 4069 vero

1817 4108 2051 4174 respexit
2084 4107 2150 4159 ad
2183 4121 2301 4160 eam
2357 4106 2576 4160 turbido
2613 4116 2834 4175 aspectu
2860 4145 2874 4167 ,
2925 4107 3204 4160 immutata
3241 4105 3400 4170 facie,

1814 4196 2062 4252 frementi
2095 4199 2388 4264 locutione,
2425 4199 2746 4268 perturbato
2777 4201 2947 4252 vultu.
2988 4196 3108 4276 Ipse
3153 4213 3280 4251 vero
3311 4213 3400 4252 re-

1811 4289 2045 4356 spiciens
2091 4289 2156 4342 ad
2197 4305 2314 4344 eam
2361 4304 2484 4343 cum
2530 4289 2609 4342 ira
2642 4304 2706 4343 ac
2742 4287 2947 4352 furore,
2992 4305 3114 4343 cum
3153 4290 3402 4358 indigna-

1815 4379 1957 4433 tione
2011 4390 2173 4448 atque
2230 4388 2567 4448 contemptu.
2621 4379 2893 4450 Cognovit
2959 4395 3198 4448 namque
3253 4382 3400 4450 quod

127 4474 428 4528 Dominum
477 4483 532 4528 et
585 4474 863 4528 moriaris.
901 4472 982 4528 Ob
1038 4476 1161 4540 hoc,
1221 4476 1420 4546 inquit,
1474 4477 1708 4545 plurimo
1742 4472 1784 4527 D
1816 4469 2028 4537 maligni
2063 4481 2218 4525 erant
2250 4473 2363 4524 haec
2389 4472 2706 4535 seminaria,
2735 4471 2862 4538 quia
2899 4469 3170 4523 maledicti
3213 4485 3397 4524 semen

127 4580 384 4636 tempore
415 4566 700 4635 advigilavi
732 4568 851 4632 tibi,
876 4568 1177 4623 observans
1205 4569 1444 4638 atquein
1476 4567 1709 4638 speculis

125 4659 332 4711 sedens
379 4658 596 4725 quando
652 4659 1064 4722 succumberes,
1125 4659 1342 4726 quando
1389 4657 1708 4724 ﬁectereris,

125 4749 355 4818 quando
371 4747 648 4810 deﬁceres,
661 4747 878 4814 quando
905 4747 956 4800 in
977 4746 1061 4801 bis
1087 4747 1366 4801 doloribus
1383 4745 1708 4816 defatigatus

127 4851 299 4908 atque
325 4838 380 4892 in
414 4839 545 4906 ipsis
575 4839 860 4892 tormentis
885 4839 1193 4894 delassatus
1224 4840 1289 4892 ad
1323 4840 1708 4908 reprehensio-

126 4947 256 4984 nem
277 4926 556 4982 Creatoris
584 4928 903 4994 Ileclercris,
921 4939 1085 4999 atque
1104 4930 1154 4984 in
1184 4929 1343 4983 factis
1366 4930 1457 4982 Dei
1477 4929 1542 4982 ad
1566 4929 1712 4984 blas-

127 5018 412 5090 pheiniaui
447 5029 494 5072 te
517 5031 887 5074 converteres.
926 5021 1059 5074 Cum
1090 5038 1208 5092 ego,
1231 5021 1426 5091 inquit,
1456 5023 1568 5075 haec
1590 5023 1713 5076 uni-

125 5125 294 5166 versa
325 5109 650 5180 perfecerim
679 5121 840 5180 atque
872 5115 1201 5182 peregerim,
1235 5128 1401 5165 unum
1433 5113 1564 5166 mihi
1591 5126 1714 5165 ver-

127 5206 262 5258 bum
281 5202 722 5266 condOua,uuum
739 5202 964 5256 verbum
981 5217 1064 5256 me
1079 5204 1294 5269 exaudi,
1311 5219 1475 5257 unum
1490 5204 1711 5256 verbum

127 5297 303 5349 dicito
322 5295 375 5347 in
403 5293 714 5356 Dominum,
728 5305 784 5348 et
807 5308 1037 5348 morere.
1058 5293 1211 5360 Quod
1230 5295 1375 5349 enim
1397 5303 1452 5346 tu
1471 5293 1712 5346 dicturus

127 5408 189 5445 es
225 5399 349 5459 p0st
379 5388 677 5458 paululum,
717 5403 750 5441 o
791 5387 913 5454 Job,
963 5402 1177 5443 menses
1207 5403 1407 5443 vacuos
1441 5399 1496 5442 et
1527 5397 1712 5441 noctes

126 5484 384 5537 dolorum
425 5483 654 5535 sustinui
696 5499 708 5534 :

125 5576 403 5638 sustineo,
448 5587 662 5628 menses
697 5587 897 5626 vacuos
942 5573 1310 5640 pertransicus
1350 5582 1566 5641 propter
1608 5573 1710 5626 im-

612 5755 652 5784 "
679 5751 774 5808 Job
802 5767 860 5815 II,
887 5752 939 5806 9.

204 5761 252 5790 "
275 5756 375 5812 Job
410 5772 445 5822 I,
477 5755 529 5810 7.
612 5755 652 5784 "
679 5753 774 5808 Job
802 5767 860 5815 II,
887 5753 939 5806 9.
1019 5753 1061 5785 “
1104 5753 1259 5808 Cant.
1308 5769 1426 5820 vm,
1461 5755 1508 5809 7.

755 5482 894 5545 hoc,
941 5480 1147 5550 inquit,
1198 5495 1296 5548 ego
1338 5481 1450 5548 jam
1503 5496 1570 5534 ex
1611 5481 1740 5547 hoc

1596 5755 1634 5784 ”
1675 5753 1773 5810 Job
1821 5772 1894 5817 ιι,
1951 5754 2034 5808 It).

1817 4561 1918 4614 hoc
1947 4561 2141 4626 fuerat,
2173 4562 2296 4631 quia
2341 4563 2522 4630 iujusti
2568 4573 2686 4617 erat
2720 4563 2810 4616 ille
2856 4561 3093 4626 fructus,
3127 4561 3255 4629 quia
3300 4577 3399 4615 ne-

1816 4654 2061 4721 quissimi
2105 4653 2202 4707 fuit
2239 4655 2353 4708 hzec
2384 4654 2696 4708 concitatio.
2741 4653 2947 4708 Idcirco
2992 4652 3289 4722 respiciens
3330 4655 3396 4706 ad

1815 4761 1933 4799 eam
1969 4745 2182 4813 quidem
2239 4747 2511 4812 respexit,
2558 4747 2652 4799 sed
2702 4748 2769 4799 ad
2806 4745 3079 4800 diabolum
3119 4745 3294 4812 dixit,
3331 4745 3399 4799 ad

1817 4838 2085 4891 diabolum
2125 4838 2336 4890 locutos
2373 4846 2476 4890 est.
2517 4835 2648 4899 Cur,
2701 4835 2898 4904 inquit,
2933 4852 2966 4890 ο
3007 4835 3244 4900 diabolo,
3296 4838 3396 4890 ini-

1816 4931 1953 4984 mice
1985 4929 2210 4999 justitiae
2250 4939 2412 4997 atque
2463 4928 2704 4982 omnium
2742 4927 3009 4981 bonorum
3060 4926 3395 4994 adversarie,

1815 5037 1912 5076 cur
1959 5036 2294 5092 supervacue
2347 5017 2572 5088 speras?
2642 5034 2738 5072 cur
2783 5019 2946 5073 stulte
2999 5017 3249 5088 cogitas?
3303 5033 3400 5071 cur

1816 5113 2158 5167 humiliatum
2207 5113 2549 5180 temetipsum
2601 5109 2720 5180 plus
2762 5111 3039 5174 humilius,
3073 5127 3195 5164 cum
3239 5119 3400 5179 putas

1817 5206 1960 5274 quod
2014 5205 2184 5257 Adam
2242 5204 2548 5267 inveneris,
2601 5202 2849 5256 nesciens
2910 5203 3052 5272 quod
3106 5203 3399 5256 adversum

1817 5295 1918 5351 Job
1964 5311 2072 5350 rem
2125 5295 2372 5350 habeas?
2439 5294 2622 5363 Neque
2671 5304 2719 5348 te
2774 5296 2879 5348 hoc
2940 5295 3214 5348 revocavit
3254 5294 3398 5363 quod

1816 5390 2074 5454 praescius
2124 5389 2364 5442 omnium
2424 5389 2681 5442 Dominus
2750 5386 2886 5440 dixit
2937 5400 2953 5438 :
3011 5383 3134 5440 Non
3186 5394 3264 5438 est
3320 5384 3398 5436 illi

1813 5482 2089 5550 quisquam
2135 5481 2322 5534 similis
2373 5496 2529 5548 super
2579 5491 2774 5533 terram
2815 5478 2911 5532 “‘2’
2951 5476 3136 5546 Neque
3189 5476 3290 5530 hoc
3347 5485 3399 5526 te

1815 5575 2108 5636 revocavit,
2151 5573 2294 5642 quod
2333 5575 2644 5628 universam
2680 5572 3016 5642 iniquitatem
3061 5579 3206 5623 tuam
3256 5579 3402 5620 nunc

2148 5754 2187 5783 ¹δ
2229 5752 2325 5806 Job
2369 5769 2423 5817 I,
2475 5752 2529 5808 8.
