1942 3109
236 141 289 170 4⁸57

785 140 977 170 ΔΝΟΝἵΜυε
995 141 1029 168 IN
1047 141 1118 169 JOB.
1138 156 1172 162 -—
1191 141 1255 170 LIB.
1274 142 1307 170 ll.

1821 143 1869 171 43.8

236 199 394 229 ostendens,
407 202 434 225 et
450 197 542 226 omnia
556 196 626 225 bella
648 202 692 225 tua
707 202 735 226 et
755 198 846 226 omnia
870 197 961 233 praelia
984 201 1029 224 tua
1044 200 1067 229 Α
1082 202 1216 233 potestate
1240 203 1323 233 atque
1346 197 1515 233 operatione.
1539 196 1593 225 Sed
1627 196 1801 232 insipientior
1822 198 1870 225 fuit

237 246 380 273 adversum
402 251 445 272 me
466 244 614 276 suscitans,
638 243 769 272 confusus
793 244 820 271 in
839 243 966 271 omnibus
987 251 1031 271 rc-

237 298 344 323 versus,
364 290 531 318 deformatus
545 291 572 318 in
592 290 721 318 omnibus
743 290 883 318 convictus
904 290 949 318 es?
965 289 1031 318 Post

238 337 282 364 illa
297 337 387 364 omnia
405 337 477 364 sicut
492 336 556 364 olim
572 336 655 364 etiam
682 336 715 363 ad
734 336 820 363 Adam
832 356 840 368 ,
863 336 899 363 ita
926 336 960 363 ad
987 343 1030 363 me

238 391 350 410 uxorem
368 390 456 410 meam
477 382 587 415 misisti,
609 390 721 416 sperans
744 382 850 414 infelix,
871 381 935 417 quia
958 382 1029 417 quod

238 429 279 456 vel
300 429 342 456 his
357 428 499 456 tormentis
525 437 580 456 non
598 428 754 463 perfecisti,
779 429 831 456 hoc
851 428 1029 456 nihilominus

237 476 328 503 verbis
351 475 519 503 seductionis
546 475 709 509 perﬁcercs,
735 475 851 510 teipsum
879 475 1027 507 deludens,

237 527 320 557 atque
344 521 571 549 circumveniens.
595 521 657 548 Eva‘
680 521 752 548 enim
782 521 920 556 exemplar
950 521 1028 549 inve-

237 568 320 600 nisti,
343 568 390 595 sed
413 568 519 594 ruinam
541 575 595 595 non
621 567 765 600 invenisti,
785 568 833 595 sed
851 567 877 594 in
899 575 960 594 eum
982 567 1027 602 qui

236 621 264 641 In
281 618 308 641 te
328 614 391 641 Atla:
406 612 531 640 fraudem
551 613 699 641 ulciscatur
719 614 884 645 occurristi,
908 613 956 640 sed
978 613 1027 640 ad—

235 667 332 687 versus
364 667 424 687 eum
458 659 629 687 insurrexisti
656 660 702 694 qui
733 665 825 696 typum
851 659 923 694 gerit
955 659 1028 686 illius

235 706 281 741 qui
313 706 341 733 in
371 705 520 733 novissimo
548 705 662 733 veniens
700 710 822 740 tempore
857 705 1028 733 conculcabit

235 757 317 786 caput
339 756 424 784 tuum,
442 751 609 780 comminuet
624 752 752 779 virtutem
776 756 860 783 tuam,
877 750 1028 779 confundet

236 798 422 825 fortitudinem
448 802 540 831 tuam,
562 797 714 825 bumiliabit
738 797 910 825 altitudinem
933 802 1024 830 tuam,

235 848 263 870 et
283 843 390 878 dejiciet
402 843 547 871 elationem
562 848 647 874 tuam.
665 843 814 871 vindicabit
826 843 891 870 Adae
905 842 1023 876 priorem

236 889 482 924 supplantationem
508 890 571 916 vitae
596 888 668 916 illius
692 888 800 916 ruinam
821 888 977 922 excitando,
999 893 1028 916 et

237 939 310 962 luam
328 935 471 962 elationem
498 935 660 969 deiicienda.
684 933 748 961 Haec
770 934 862 968 itaque
888 935 1025 966 universa,

235 986 317 1016 atque
331 981 384 1008 alia
404 981 449 1008 his
470 980 545 1015 plura
570 981 602 1008 ad
620 987 763 1015 personam
786 981 891 1014 uxoris,
913 980 947 1008 ad
970 980 1028 1007 dia-

235 1028 327 1055 bolum
346 1027 421 1054 illum
437 1027 543 1054 locutus
558 1031 610 1060 est,
630 1026 775 1061 increpans
792 1026 869 1054 illum
885 1031 967 1061 atque
983 1028 1028 1055 de‘

235 1073 366 1100 formans.
381 1072 448 1100 Nam
471 1073 544 1100 sicut
566 1072 691 1100 diabolus
711 1080 760 1107 per
774 1080 887 1100 uxorem
903 1080 965 1100 eum
988 1081 1028 1101 se-

236 1119 328 1151 duxit,
351 1119 386 1146 ita
411 1119 494 1146 etiam
512 1119 570 1153 ipse
596 1125 645 1153 per
669 1126 729 1146 eam
755 1119 863 1146 demum
891 1118 1027 1147 diabolum

235 1165 397 1192 deformavit
410 1170 491 1199 atque
504 1164 653 1199 redarguit.
669 1163 722 1192 Sed
737 1168 829 1192 tamen
842 1169 869 1192 et
888 1166 922 1192 ad
940 1165 1027 1200 ipsam

235 1218 350 1238 uxorem
364 1211 454 1238 dixit:
471 1210 559 1244 Quare
572 1211 638 1237 sicut
656 1219 707 1237 una
723 1218 755 1237 ea;
774 1210 957 1245 insipientibus
973 1218 1029 1237 mu-

235 1257 343 1284 lieribus
375 1258 413 1284 ita
446 1256 534 1284 locuta
559 1257 612 1284 es?
637 1256 710 1288 Cur,
746 1256 833 1291 inquit
843 1256 859 1291 ,ι
882 1257 1027 1284 maximam

235 1303 419 1338 insipientiam
447 1302 584 1337 arripuisti
607 1306 690 1336 atque
708 1309 835 1337 aggressa
859 1302 909 1330 es?
923 1309 973 1329 cur
988 1307 1028 1330 te—

235 1349 321 1384 ipsam
340 1357 388 1376 vas
407 1348 505 1376 diaboli
525 1347 655 1376 ell‘ecisui
681 1355 732 1375 cur
748 1348 862 1383 teipsam
883 1348 1029 1376 habitatio-

235 1403 299 1424 nem
322 1395 431 1431 maligni
450 1394 628 1430 praeparasti?
643 1401 691 1421 cur
711 1393 836 1422 diabolus
858 1394 965 1422 locutus
985 1400 1029 1423 est

234 1449 284 1477 per
311 1449 342 1469 os
370 1447 468 1473 tuum,
495 1440 633 1468 infatuans
661 1440 777 1475 primum
806 1444 924 1468 mentem
955 1445 1028 1467 tuam

235 1493 318 1523 atque
342 1488 439 1515 animae
458 1491 509 1514 tua:
526 1486 716 1514 intellectum?
742 1485 828 1513 Tanta
853 1486 934 1521 digna
955 1493 1028 1518 eras,

234 1541 252 1561 ο
272 1533 380 1566 mulier,
401 1532 592 1561 maledictione
611 1539 643 1560 ac
664 1531 846 1565 devotatione,
869 1533 908 1560 ita
922 1540 1029 1568 quoque
1042 1549 1063 1578 ο

234 1585 317 1614 atque
343 1579 528 1614 indignatione
553 1578 595 1606 vel
622 1578 814 1611 deformitate,
842 1583 972 1613 quantam
999 1584 1028 1606 ut

234 1625 320 1653 Deum
336 1625 554 1659 blasphemarem
568 1631 601 1651 ac
617 1624 858 1659 reprehenderem,
881 1629 963 1657 atque
976 1624 1028 1652 cri-

235 1672 355 1699 minarer
378 1665 446 1698 mihi
469 1670 590 1703 suasisti,
606 1675 634 1697 et
653 1677 703 1704 per
725 1670 811 1705 ipsam
830 1669 1026 1705 blasphemiam

234 1722 349 1745 mortem
365 1724 448 1751 super
468 1723 512 1743 me
526 1716 655 1743 inducere
665 1723 777 1751 operam
792 1716 891 1744 dedisti
905 1725 912 1744 :
928 1717 1027 1751 quibus

235 1770 285 1791 nec
300 1762 448 1798 quidquam
459 1767 503 1789 est
518 1761 678 1789 sceleratius
691 1769 724 1789 ac
736 1762 887 1797 nequitias,
904 1762 1027 1790 illicitius

234 1816 342 1844 quoque
363 1813 445 1844 atque
473 1807 684 1842 imprudentius,
699 1807 725 1836 id
739 1812 778 1835 est
794 1808 839 1835 Dei
856 1808 1026 1843 blasphemia

234 1861 263 1883 et
278 1860 366 1883 morte
386 1859 546 1889 spontanea.
565 1853 654 1886 Quare
670 1858 698 1880 ut
718 1861 772 1881 una
792 1862 825 1881 ea:
843 1855 1026 1889 insipientibus

234 1900 390 1928 mulieribus
404 1901 443 1927 ita
454 1900 544 1927 locuta
567 1900 615 1927 es?
635 1899 741 1934 Quare,
765 1900 872 1935 inquit,
898 1908 953 1928 non
968 1908 1026 1928 me.

235 1946 337 1974 ministi
354 1954 421 1974 meas
445 1946 587 1977 doctrinas,
609 1952 626 1973 ο
642 1945 759 1974 mulier?
777 1946 869 1980 Quare
890 1946 974 1974 oblita
996 1954 1026 1975 es

235 2000 295 2019 mea
317 1993 454 2024 mandata,
467 1999 484 2020 o
500 1992 618 2019 femina?
640 1991 758 2019 Hoccine
781 1992 879 2020 audisti
894 2000 909 2020 a
930 2000 974 2021 me
997 1997 1027 2021 ut

234 2038 351 2066 Crealor
373 2038 593 2072 blasphemetur?
619 2037 739 2066 Hoccine
765 2038 864 2066 audisti
887 2046 903 2065 a
929 2046 973 2067 me
996 2043 1026 2066 ut

237 2085 307 2113 Deus
330 2084 508 2112 criminetur?
530 2083 629 2111 Vocem
649 2088 738 2116 tuam,
755 2084 861 2119 inquit,
880 2092 1023 2120 cognosco,

235 2139 253 2159 o
272 2131 381 2164 mulier,
397 2131 467 2158 sicut
480 2134 508 2158 et
527 2130 591 2158 olim
608 2129 683 2158 Isaac
711 2130 805 2164 Jacob,
827 2131 874 2158 sed
890 2131 1026 2159 seductio-

236 2186 298 2205 nem
321 2182 394 2204 tuam
417 2184 471 2204 non
487 2184 633 2212 cognosco,
656 2181 684 2205 et
699 2177 848 2204 doctrinam
872 2182 944 2205 tuam
971 2185 1023 2204 non

236 2223 366 2258 suscipio.
381 2223 485 2258 Agnovi
508 2223 580 2250 enim
595 2224 668 2258 quod
691 2222 850 2258 nequissimi
877 2223 1025 2251 adversarii
1042 2220 1064 2248 D

236 2269 318 2297 lctale
334 2277 469 2296 venenum
484 2274 536 2296 est.
551 2269 639 2302 Quare
651 2269 718 2296 sicut
730 2277 783 2296 una
796 2277 829 2296 ea:
843 2269 1027 2304 insipientibus

236 2315 392 2342 mulieribus
419 2315 458 2341 ita
475 2314 562 2342 locuta
577 2315 624 2342 es?
636 2315 659 2342 Δ
673 2322 727 2350 quo
749 2323 858 2343 sensum
875 2320 903 2342 et
920 2317 1027 2351 sapien-

237 2361 302 2388 tiam
325 2360 472 2395 accepisti,
496 2361 569 2388 hunc
587 2360 727 2388 criminari
754 2369 806 2388 non
833 2361 988 2396 perpecisti.
1003 2361 1025 2388 A

237 2414 292 2441 quo
318 2407 490 2441 prudentiam
520 2411 549 2434 et
581 2407 745 2435 intellectum
779 2408 924 2442 accepisti,
955 2401 1031 2435 hunc

237 2453 426 2488 blasphemare
449 2460 503 2481 non
527 2453 654 2482 timuisti.
680 2453 734 2482 Cur
756 2458 884 2489 tanquam
915 2462 968 2481 una
994 2461 1027 2480 ea:

236 2499 419 2534 insipientibus
434 2499 587 2526 mulieribus
599 2500 689 2527 locuta
708 2499 757 2527 es?
773 2499 911 2531 Plurimae,
928 2499 1025 2535 inquit,

237 2553 255 2573 o
270 2545 378 2578 mulier.
396 2553 411 2572 a
430 2545 699 2580 stimulo-insipientes
712 2546 894 2573 ostenduntur
907 2545 1025 2579 femine,

236 2596 265 2619 et
279 2592 430 2619 innumera:
445 2593 479 2619 ab
494 2592 573 2619 initio
589 2591 792 2620 irrationabiles
805 2592 1026 2620 demonstrantur

236 2637 379 2670 mulieres,
398 2638 459 2665 alia:
476 2638 586 2671 minus,
608 2638 668 2666 alia:
685 2642 776 2665 autem
800 2638 878 2673 plus,
903 2638 1025 2673 quaedam

236 2684 394 2717 carnaliter,
410 2684 534 2718 quaedam
559 2689 648 2712 autem
674 2684 863 2720 spiritualiter.
887 2684 1041 2719 lnsipiens‘

236 2730 287 2758 fuit
300 2730 403 2758 Rachel
416 2731 524 2766 quando
538 2731 602 2758 dicit
616 2731 649 2758 ad
660 2729 744 2758 Iacob
756 2739 762 2758 :
776 2730 819 2758 Da
834 2730 896 2757 mihi
910 2730 979 2764 filios
989 2729 1022 2757 ".

236 2776 294 2804 Non
309 2777 380 2804 enim
398 2777 426 2804 in
445 2781 578 2812 potestate
598 2776 684 2805 Jacob
698 2781 760 2804 erat
783 2776 844 2810 hoc,
861 2777 907 2805 sed
929 2776 957 2803 in
974 2776 1023 2804 Dei

273 2855 332 2877 "’-‘°
351 2855 418 2884 Geo.
432 2863 497 2891 xxx,
511 2855 538 2884 1.
577 2856 598 2873 ¹⁹
617 2855 687 2885 Gen.
704 2863 799 2888 xxxix,
821 2856 848 2883 7.
886 2855 909 2872 ’θ
929 2854 996 2884 Τοὶ).
1012 2863 1049 2891 ιι,
1070 2855 1116 2884 ‘12.

1084 245 1134 272 hac
1147 244 1264 272 obscena
1282 243 1327 271 illa
1344 243 1470 279 [Egyptia
1488 243 1628 274 meretrix,
1643 251 1704 278 quae
1721 243 1867 270 maximam

1081 291 1248 325 impietatem
1269 297 1407 325 aggressa,
1429 290 1462 317 ad
1485 290 1670 317 castissimum
1692 289 1768 317 illum
1793 294 1870 324 atque

1077 336 1257 371 iustissimum
1284 335 1384 371 Josepli
1410 336 1499 364 dicit:
1522 335 1602 363 Mane
1622 344 1722 363 meeum
1743 336 1776 363 η.
1806 335 1871 362 lusi-

1081 383 1158 417 piens
1183 383 1234 410 fuit
1251 391 1320 410 uxor
1345 382 1449 415 Tobiae,
1473 390 1534 417 quas
1557 381 1657 416 injuste
1682 381 1748 408 dicit
1768 382 1802 408 ad
1820 380 1871 407 To-

1080 429 1152 456 biam
1167 438 1174 456 :
1191 428 1243 456 Ubi
1269 433 1331 456 sunt
1350 428 1465 463 justitia:
1490 433 1543 455 tua:
1560 432 1585 454 et
1604 427 1774 462 eleemosynte
1798 427 1871 454 tute!

1080 474 1148 502 Ecce
1160 483 1220 511 quia
1241 475 1338 510 pateris
1361 474 1481 501 omnibus
1502 473 1608 509 cognita
1626 478 1686 500 sunt
1699 472 1733 499 ’°.
1751 472 1804 499 Sed
1830 473 1870 499 in-

1079 521 1223 557 sipientior
1248 521 1300 549 hac
1325 521 1394 553 luit,
1413 520 1478 556 quia
1500 525 1529 548 et
1546 519 1671 553 nequior,
1695 518 1871 546 exsecrabilis

1080 568 1124 595 illa
1140 572 1167 596 et
1183 567 1321 595 immunda
1347 573 1429 602 atque
1450 566 1590 594 luxuriosa
1614 565 1712 596 Dalila.
1727 573 1787 600 qua:
1800 564 1871 592 clan-

1079 614 1141 642 culo
1161 615 1295 641 seduccus
1317 614 1431 641 Samson
1457 620 1524 647 pure
1547 619 1575 640 se
1589 612 1756 646 diligentem,
1779 611 1806 638 in
1823 610 1871 637 de-

1081 661 1210 687 risionem
1233 666 1318 694 atque
1334 660 1359 687 in
1376 665 1490 687 mortem
1509 659 1694 692 imparcenter
1712 657 1825 684 tradidit
1837 657 1869 684 ".

1078 705 1145 733 Aliae
1161 707 1289 733 nimirum
1308 707 1457 733 innumerae
1477 714 1510 734 ex
1526 705 1669 740 Scriptura
1690 703 1796 732 ostendi
1811 711 1872 739 pos-

1078 757 1142 779 sunt
1169 752 1327 787 insipientes
1353 753 1494 785 mulieres,
1514 758 1582 786 quas
1604 758 1700 779 omnes
1718 757 1791 777 nunc
1811 750 1873 777 istic

1078 804 1132 825 uno
1152 798 1235 825 verbo
1253 789 1439 833 perstringens
1460 796 1511 825 Job
1530 797 1617 825 dicit:
1633 796 1723 830 Quare
1745 801 1872 830 tanquam
1913 806 1917 814 ν

1078 851 1131 870 una
1145 851 1178 870 ea;
1200 843 1384 878 insipientibus
1404 843 1556 870 mulieribus
1576 843 1666 870 locuta
1682 843 1730 870 es?
1750 841 1788 869 Ex
1806 842 1874 869 iusi-

1079 889 1235 924 pientibus,
1261 889 1366 924 inquit,
1395 889 1560 921 inutilibus,
1591 889 1702 919 stultis.
1727 888 1872 923 imperitis,

1079 935 1321 968 irrationabilibus,
1337 935 1429 971 impiis
1444 940 1526 970 atque
1544 935 1664 970 iniustis.
1680 935 1745 968 Cur,
1767 935 1873 969 inquit,

1080 986 1209 1017 tauquam
1234 989 1289 1008 una
1315 988 1349 1009 ex
1376 981 1568 1016 insipientibus
1599 980 1755 1015 huiusmodi
1782 980 1875 1008 locuta

1077 1027 1127 1055 es?
1143 1027 1197 1055 Sed
1217 1028 1281 1062 quia
1306 1034 1359 1054 non
1378 1027 1442 1054 dicit
1460 1031 1589 1062 tanquam
1607 1027 1731 1061 quaedam
1749 1033 1782 1054 ex
1805 1026 1876 1054 insi-
1926 1033 1927 1036 ‘

1078 1074 1215 1109 pientibus
1237 1073 1406 1106 mulieribus,
1428 1074 1476 1100 sed
1500 1078 1628 1107 tanquam
1649 1078 1713 1106 una,
1729 1076 1876 1107 propterea

1078 1120 1254 1154 querendum
1270 1125 1323 1152 est,
1338 1127 1399 1154 qua:
1414 1119 1457 1147 vel
1476 1119 1566 1155 qualis
1590 1119 1625 1146 sit
1651 1119 1709 1146 haec
1732 1126 1786 1145 una
1806 1118 1876 1146 insi-

1078 1167 1165 1202 piens.
1185 1165 1298 1201 Oportet
1319 1165 1391 1193 enim
1417 1172 1478 1193 esse
1502 1164 1576 1192 illam
1602 1163 1780 1198 singulariter
1806 1163 1877 1190 insi-

1078 1212 1208 1248 pientem,
1226 1218 1254 1239 et
1270 1219 1353 1247 super
1372 1219 1479 1244 omnes,
1498 1216 1581 1246 atque
1596 1210 1658 1245 plus
1673 1210 1815 1242 omnibus,
1833 1214 1877 1250 ut-

1079 1263 1141 1293 pote
1161 1259 1267 1286 caeteris
1291 1258 1418 1285 omnibus
1443 1257 1605 1285 mulieribus
1623 1256 1796 1291 insipientior
1815 1255 1876 1283 hazc

1079 1304 1134 1331 sola
1165 1309 1276 1331 ostensa
1307 1309 1388 1338 atque
1409 1303 1607 1330 demonstrata.
1631 1302 1696 1334 Ome
1718 1307 1762 1329 est
1793 1300 1877 1328 haec!

1079 1349 1135 1377 Eva
1149 1350 1237 1385 prima
1259 1349 1358 1377 mulier
1372 1349 1460 1384 prima
1477 1349 1503 1376 in
1523 1349 1693 1383 insipientia,
1708 1347 1831 1374 maxima
1848 1346 1876 1373 in

1079 1395 1324 1429 irrationabilitate,
1339 1396 1417 1430 inops
1433 1403 1515 1423 sensu
1531 1400 1614 1431 atque
1631 1394 1756 1425 scientia.
1775 1400 1877 1421 exsors

1079 1444 1229 1479 prudentiae
1246 1448 1274 1471 et
1293 1443 1461 1476 intellectus,
1483 1450 1544 1478 qua:
1569 1442 1715 1469 maximam
1740 1440 1877 1476 insipien—

1080 1490 1145 1517 tiam
1161 1490 1208 1517 toti
1224 1489 1325 1517 mundo
1340 1489 1457 1521 invexit.
1472 1496 1532 1524 quas
1545 1488 1710 1523 singularem
1729 1487 1879 1515 irrationa-

1080 1535 1211 1563 bilitatem
1231 1536 1353 1563 omnium
1379 1535 1532 1562 mortalium
1554 1534 1655 1562 saeculo
1671 1534 1794 1567 induxit,
1818 1538 1877 1560 tutu

1079 1587 1189 1617 peccata
1204 1587 1287 1617 atque
1306 1587 1408 1610 mortes
1430 1589 1539 1617 semper
1553 1589 1601 1616 per
1616 1580 1830 1609 inobedientiam
1850 1580 1878 1607 in

1079 1628 1179 1655 mundo
1195 1628 1334 1663 produxit.
1350 1627 1435 1662 Hujus
1448 1635 1520 1654 nunc
1534 1627 1676 1654 evidenter
1691 1633 1796 1653 memor
1810 1624 1877 1658 Job,

1077 1679 1105 1703 et
1119 1675 1152 1703 de
1166 1676 1216 1703 hac
1227 1675 1305 1703 uxori
1319 1681 1536 1702 commemorans
1551 1674 1619 1701 dixit
1636 1673 1670 1700 ad
1686 1680 1745 1700 eam
1758 1681 1766 1699 :
1782 1671 1881 1705 Quare

1077 1726 1203 1753 tanquam
1218 1729 1272 1748 una
1286 1729 1319 1748 ea:
1332 1720 1514 1755 insipientibus
1533 1719 1689 1747 mulieribus
1705 1717 1797 1755 locuta
1825 1726 1855 1745 es
1865 1718 1880 1744 ρ

1077 1766 1112 1794 Ει
1126 1774 1179 1794 non
1196 1767 1243 1799 ita,
1255 1767 1302 1794 sed
1318 1767 1379 1802 plus
1391 1774 1426 1794 ac
1439 1766 1559 1794 deterius
1570 1769 1652 1800 atque
1666 1764 1788 1800 gravius.
1802 1762 1880 1791 Nam

1077 1818 1226 1840 memorata
1243 1812 1298 1840 Eva
1317 1821 1379 1841 cum
1405 1813 1486 1846 olim,
1510 1811 1615 1847 inquit,
1639 1810 1666 1838 in
1685 1809 1824 1846 principio
1842 1810 1881 1837 ad

1076 1858 1162 1886 Adam
1183 1859 1272 1888 locuta
1289 1864 1374 1891 esset,
1390 1862 1417 1886 et
1432 1859 1588 1886 mandatum
1610 1857 1657 1884 Dei
1678 1854 1883 1890 derelinquere

1076 1912 1137 1932 eum
1158 1905 1268 1932 doceret
1290 1909 1372 1940 atque
1388 1905 1550 1937 seduceret,
1567 1902 1753 1938 persuasionis
1775 1909 1881 1934 causa,

1076 1949 1141 1985 ligni
1171 1951 1288 1985 speciem
1315 1955 1344 1978 et
1369 1951 1475 1978 fructus
1501 1949 1670 1978 dulcedinem
1696 1948 1808 1983 protulit
1838 1948 1883 1975 illi

1076 2002 1157 2032 atque
1172 1997 1301 2024 ostendit.
1317 1996 1358 2023 Tu
1380 2003 1460 2029 vero,
1476 2003 1493 2023 ο
1515 1995 1625 2027 mulier,
1648 1994 1716 2022 foris
1738 1994 1773 2021 ab
1796 1993 1884 2022 omni
1924 2005 1927 2010 ι

1076 2042 1228 2074 occasione,
1250 2043 1356 2069 detecta
1379 2041 1530 2076 impietate,
1555 2040 1639 2068 Deum
1663 2045 1790 2067 sanctum
1815 2038 1884 2066 bla-

1077 2088 1221 2123 sphemare
1234 2092 1261 2115 et
1280 2087 1346 2115 mihi
1366 2087 1416 2122 ipsi
1441 2091 1555 2115 mortem
1572 2085 1673 2114 inferre
1681 2086 1772 2117 doces,
1789 2090 1885 2119 atque

1076 2139 1138 2162 ante
1153 2141 1247 2161 omnes
1262 2133 1357 2161 merito
1371 2133 1451 2168 digne
1465 2139 1482 2160 a
1496 2140 1539 2160 me
1554 2132 1633 2159 audis
1646 2140 1653 2158 :
1671 2130 1726 2159 Cur
1743 2136 1885 2165 tanquam

1076 2188 1130 2206 una
1151 2187 1184 2207 ex
1202 2178 1385 2213 insipientibus
1407 2177 1563 2205 mulieribus
1579 2178 1667 2205 locuta
1682 2177 1732 2204 es?
1750 2176 1809 2210 Tu,
1832 2176 1883 2203 in-

1077 2225 1147 2260 quit,
1161 2232 1178 2251 o
1191 2224 1299 2258 mulier,
1313 2223 1385 2252 facta
1401 2231 1431 2251 es
1444 2223 1564 2251 deterior
1580 2223 1636 2250 Eva
1654 2223 1680 2250 in
1700 2221 1883 2256 insipientia,

1079 2271 1126 2298 sed
1136 2277 1197 2306 ego,
1216 2271 1265 2303 ait,
1279 2277 1333 2297 non
1346 2269 1457 2297 effectus
1472 2276 1532 2296 sum
1547 2273 1576 2296 ut
1591 2268 1677 2295 Adam
1694 2267 1721 2295 in
1740 2266 1883 2294 stultitia.

1078 2316 1225 2351 Propterea
1241 2316 1294 2343 tuis
1308 2315 1514 2343 seductionibus
1533 2321 1586 2342 non
1599 2313 1709 2346 obedio,
1724 2317 1883 2348 propterea

1079 2369 1132 2390 non
1158 2362 1273 2389 seducor
1298 2362 1332 2389 ab
1358 2369 1390 2389 eo
1409 2361 1455 2396 qui
1481 2361 1508 2388 in
1535 2363 1563 2388 te
1586 2359 1708 2394 loquitur
1731 2359 1884 2387 diabolus.

1079 2409 1167 2441 Quare
1182 2413 1308 2443 tanquam
1329 2416 1382 2435 una
1400 2415 1434 2435 ea:
1457 2406 1641 2442 insipientibus
1656 2405 1814 2432 mulieribus
1835 2405 1886 2431 la-

1078 2458 1140 2481 cuta
1153 2454 1201 2481 es?
1216 2453 1333 2481 Fortiori
1354 2453 1446 2489 praelio
1460 2453 1515 2487 jam
1530 2452 1665 2484 confecto,
1690 2450 1887 2486 periculosio-

1079 2500 1155 2528 ribus
1175 2500 1316 2528 doloribus
1329 2500 1386 2536 jam
1401 2499 1585 2534 supportatis,
1608 2497 1792 2525 amarioribus
1817 2502 1885 2525 tor-

1079 2547 1178 2574 mentis
1190 2546 1246 2581 jam
1262 2545 1400 2581 bajulatis,
1415 2545 1528 2573 terribili
1548 2544 1642 2580 pelago
1655 2544 1711 2578 jam
1725 2549 1884 2578 superato.

1077 2593 1325 2620 vehementioribus
1348 2592 1476 2627 periculis
1496 2591 1552 2627 jam
1574 2589 1787 2621 consummatis,
1808 2597 1884 2617 cum

1074 2638 1132 2672 jam
1156 2638 1252 2666 salutis
1270 2646 1331 2673 spes
1347 2640 1436 2673 palam
1453 2638 1505 2670 sit,
1527 2645 1589 2664 cum
1610 2636 1667 2671 jam
1685 2636 1887 2664 immarcesci-

1077 2684 1144 2712 biles
1157 2691 1264 2712 corona
1278 2685 1421 2712 evidenter
1438 2683 1627 2715 ostendantur,
1644 2689 1717 2709 nunc
1732 2689 1775 2708 me
1792 2688 1887 2708 com-

1077 2731 1169 2765 peﬂis,
1188 2738 1204 2758 o
1222 2730 1329 2763 mulier,
1356 2730 1439 2758 Deum
1464 2730 1653 2765 blasphemare
1673 2733 1701 2755 et
1720 2727 1788 2754 mori
1809 2735 1820 2755 ε
1852 2734 1889 2756 ut

1078 2782 1137 2812 post
1151 2784 1182 2805 ea
1194 2776 1285 2804 omnia
1299 2777 1470 2805 amarissima
1484 2784 1516 2805 ac
1533 2775 1712 2809 miserabilia,
1725 2778 1814 2809 atque
1835 2774 1885 2801 la—

1164 2856 1184 2872 "
1203 2855 1289 2884 Judic.
1306 2863 1359 2887 xvi,
1380 2854 1475 2883 17-21.
