3884 6218
463 294 558 348 401

1558 290 1940 347 ANONYMUS
1980 289 2044 343 lN
2082 289 2223 343 JOB.
2266 322 2332 331 ——
2370 288 2501 343 LIB.
2545 286 2609 343 ll.

3604 290 3700 343 492

463 425 519 468 et
546 413 775 483 apostoli
810 422 976 484 atque
1015 413 1197 470 cuncti
1249 423 1541 485 martyres.
1574 413 1865 481 Propterea
1900 426 2041 465 ama-
2069 415 2113 471 Α
2144 421 2229 463 est
2274 410 2365 480 qui
2418 410 2556 463 hanc
2617 423 2829 477 poenam
2878 407 3129 476 ingessit,
3181 407 3577 463 satisfaciamus
3630 409 3696 463 illi

465 505 789 563 ram,vitant
825 505 875 557 in
908 505 1010 559 hoc
1062 505 1262 559 mundo
1298 513 1711 570 transegerunt,
1755 513 2039 572 propterea

462 598 645 651 omnia
689 607 960 653 tormenta
1009 599 1149 667 ignis
1177 608 1234 652 et
1276 597 1439 667 gladii
1488 596 1886 649 sustinuerunt.
1929 594 2039 647 llu-

464 704 624 743 mana
652 705 781 759 ergo
820 691 1211 746 consuetudine
1252 691 1393 743 bona
1438 698 1493 743 et
1538 689 1678 741 mala
1708 704 1769 742 ea
1806 687 2039 758 appellat

463 782 689 835 dicens:
727 780 788 836 Si
826 782 958 835 bona
989 782 1285 848 accepimus
1317 783 1379 833 de
1417 796 1577 833 manu
1618 777 1849 841 Domini,
1890 777 2036 831 mala

464 881 638 923 autem
666 888 827 940 quare
866 890 967 926 non
1002 872 1279 925 toleremus
1299 872 1324 924 ?
1349 872 1504 935 Cum,
1538 871 1734 939 inquit,
1764 871 1859 924 tibi
1893 879 2037 925 esset

463 963 687 1018 honoris
734 964 1055 1025 sublimitas,
1100 979 1224 1018 cum
1277 962 1447 1032 gloria
1493 963 1777 1028 laetareris,
1822 978 1942 1017 cum
1980 964 2033 1017 in

462 1053 671 1108 deliciis
703 1054 967 1121 (legeres,
1012 1069 1134 1107 cum
1169 1053 1455 1110 multitudo
1503 1064 1554 1107 te
1598 1064 1724 1107 ante
1769 1064 1823 1107 et
1864 1064 2031 1118 retro,

467 1155 655 1213 utpote
686 1145 751 1199 de
790 1144 990 1213 palatio
1020 1154 1328 1208 exeuntem,
1377 1155 1431 1199 et
1476 1147 1767 1199 identidem
1806 1146 1897 1199 illo
1949 1159 2032 1197 re-

460 1244 759 1289 vertentem
809 1250 930 1288 cum
965 1235 1169 1290 honore
1218 1237 1461 1291 exaltans
1492 1237 1873 1300 circumdaret,
1905 1252 2026 1289 cum

462 1324 556 1377 tilii
611 1334 737 1378 ante
790 1325 974 1379 oculos
1043 1326 1236 1395 gaudio
1284 1334 1335 1379 te
1387 1328 1685 1395 replerent,
1741 1336 1865 1380 tunc
1921 1342 2027 1382 non

459 1415 676 1477 dixisti,
710 1431 743 1469 o
784 1416 1010 1472 mulier:
1043 1418 1136 1470 Dic
1169 1417 1380 1481 aliquod
1430 1422 1668 1483 verbum,
1702 1426 1751 1471 et
1780 1435 1979 1472 morere
2006 1433 2026 1470 :

459 1514 587 1559 tunc
627 1516 852 1560 mortem
905 1508 1125 1561 omnino
1194 1524 1291 1563 nec
1346 1510 1658 1571 nominare,
1702 1524 1799 1562 nec
1840 1510 2025 1563 audire

456 1612 615 1665 passa
663 1613 741 1653 es.
795 1598 947 1655 Nunc
993 1611 1167 1656 autem
1198 1602 1322 1671 quia
1359 1616 1443 1655 res
1478 1601 1755 1657 familiaris
1789 1603 2017 1669 interiit,

454 1699 510 1742 et
565 1689 656 1741 lilii
724 1690 1046 1758 perierunt,
1100 1692 1222 1760 quia
1277 1692 1447 1762 gloria
1501 1693 1670 1763 fugit,
1725 1704 1781 1747 et
1826 1693 2023 1747 divitia:

458 1781 732 1845 abierunt,
760 1783 885 1851 quia
924 1783 1062 1836 mala
1096 1798 1195 1838 nos
1237 1784 1575 1848 invenerunt,
1608 1794 1661 1837 et
1694 1784 1903 1839 dolores
1937 1800 2023 1855 ap.

454 1873 888 1940 prehenderunt,
940 1875 1104 1927 Deum
1143 1888 1239 1929 nos
1290 1875 1665 1945 blaspltemare
1705 1875 2019 1944 compellis,

452 1965 522 2018 ob
577 1964 678 2019 hoc
734 1980 832 2019 nos
889 1966 1282 2033 reprehendere
1334 1968 1535 2033 doces,
1588 1978 1870 2036 propterea
1925 1982 2022 2023 nos

452 2064 681 2110 mortem
717 2067 901 2126 petere
929 2057 1098 2126 cogis,
1138 2066 1192 2112 et
1224 2057 1326 2112 hoc
1373 2073 1479 2111 non
1506 2058 1649 2126 juste
1678 2062 1775 2113 sed
1827 2060 2022 2130 injuste

450 2163 548 2217 per
582 2149 673 2203 Dei
720 2149 1107 2218 blasphemiam
1138 2168 1152 2205 :
1189 2159 1244 2205 et
1272 2151 1416 2219 quod
1447 2161 1531 2205 est
1559 2154 1876 2217 maximum,
1913 2169 2017 2208 non

452 2239 547 2291 tibi
595 2254 833 2293 amaram
887 2250 1114 2294 mortem
1146 2242 1343 2311 poscis,
1394 2241 1487 2297 sed
1539 2242 1707 2296 mihi:
1745 2252 1801 2296 ut
1847 2243 2020 2308 possis

448 2338 576 2399 post
614 2330 823 2383 obitum
860 2330 912 2384 in
949 2331 1132 2401 requie
1166 2334 1367 2397 vivere,
1411 2333 1550 2386 sicut
1585 2343 1638 2386 tu
1683 2348 1890 2402 speras,
1926 2349 2019 2389 ne-

448 2421 624 2475 sciens
654 2436 833 2491 neque
880 2424 1106 2477 credens
1151 2422 1243 2477 Dei
1278 2424 1540 2477 bonorum
1576 2425 2019 2493 promissionibus

448 2526 569 2580 quae
584 2512 651 2567 de
679 2512 835 2581 longe
852 2514 993 2568 videt
1019 2513 1135 2583 ejus
1157 2517 1451 2568 aeternitas.
1471 2513 1530 2569 Si
1569 2516 1699 2568 bona
1729 2517 2017 2576 accepimus

447 2604 512 2657 de
543 2620 703 2657 manu
737 2604 968 2669 Domini,
1002 2606 1143 2657 mala
1172 2614 1345 2659 autem
1374 2622 1538 2675 quare
1568 2622 1672 2659 non
1702 2607 2019 2661 toleremus?

448 2693 506 2748 Si
557 2695 819 2750 bonorum
878 2697 1042 2751 etiam
1094 2696 1369 2751 fastidium
1425 2713 1697 2767 nunquam
1755 2700 2015 2768 cepimus,

446 2802 623 2856 neque
664 2787 829 2842 ﬁnem
876 2803 1061 2843 eorum
1104 2803 1340 2859 unquam
1390 2788 1503 2843 fieri
1555 2790 1820 2855 volumus,
1874 2791 2012 2846 mala

446 2889 626 2933 autem
679 2894 850 2949 quare
897 2896 1001 2934 non
1065 2880 1394 2935 toleremus?
1445 2880 1842 2936 Tribuiationes
1893 2899 2014 2938 cum

446 2971 750 3038 gratiarum
820 2971 1130 3027 actionibur.
1192 2986 1359 3040 quare
1424 2987 1528 3026 non
1609 2975 2015 3030 sustineamus?

2143 510 2399 570 tanquam
2451 502 2817 555 misericordi.
2873 500 2927 554 Si
2982 510 3162 555 autem
3214 500 3350 555 alius
3399 501 3594 570 aliquis
3623 511 3698 555 est

2138 595 2227 663 qui
2255 594 2361 647 hoc
2389 593 2586 645 bellum
2620 595 2906 648 adversum
2950 609 3049 648 nos
3081 592 3363 658 excitavit,
3418 592 3497 645 sic
3543 593 3696 645 etiam

2137 686 2496 755 deprecemur
2529 684 2679 737 illum
2715 684 3095 739 auxiliatorem
3147 695 3311 753 atque
3344 692 3698 753 propugnato-

2139 792 2272 840 rem,
2307 787 2490 845 utpote
2518 775 2872 829 fortissimum
2898 791 2961 830 ac
2988 777 3445 844 potentissimum.
3471 772 3529 828 Si
3558 776 3694 828 enim

2137 870 2270 923 bona
2296 870 2593 937 accepimus
2624 869 2687 921 de
2718 884 2876 920 manu
2909 867 3140 931 Domini,
3180 867 3325 920 mala
3349 876 3520 919 autem
3542 883 3696 935 quare

2136 979 2237 1015 non
2264 962 2587 1015 toleremus?
2620 960 2717 1015 Ubi
2749 961 2893 1014 enim
2922 959 3126 1014 fuerint
3148 960 3367 1024 lmtitire,
3408 958 3516 1011 illic
3538 957 3693 1013 etiam

2134 1053 2507 1109 tribulationis
2543 1051 2896 1120 exspectatio.
2923 1051 3022 1107 Ubi
3051 1050 3515 1116 jncunditas,illic
3535 1051 3693 1103 etiam

2134 1143 2366 1196 miseriae
2397 1152 2712 1213 sperantur.
2748 1141 2883 1195 Nam
2913 1141 3041 1212 quid
3070 1141 3289 1195 obvenit
3322 1140 3494 1203 nobis,
3528 1155 3561 1193 o
3589 1155 3695 1193 mu-

2130 1233 2249 1301 lier,
2279 1250 2345 1289 ex
2375 1236 2462 1290 his
2492 1250 2611 1304 quae
2644 1235 2700 1289 in
2740 1237 2839 1289 hoc
2871 1234 3074 1288 saeculo
3114 1250 3220 1285 non
3263 1232 3465 1286 fuerint
3498 1232 3696 1301 gesta?

2128 1323 2319 1381 Nonne
2349 1328 2522 1381 omnis
2550 1342 2677 1380 caro
2715 1326 3005 1395 aliquando
3033 1323 3250 1393 quidem
3310 1339 3441 1377 sana
3470 1332 3571 1389 est,
3600 1322 3694 1375 ali-

2129 1415 2349 1485 quando
2374 1424 2746 1483 paupertatem
2784 1414 3007 1481 patitur,
3057 1412 3347 1481 aliquando
3384 1422 3567 1466 autem
3602 1412 3687 1466 di-

2128 1508 2287 1561 vitias
2320 1507 2520 1560 habet?
2547 1506 2676 1572 Qua:
2705 1507 2867 1576 igitur
2894 1514 3020 1559 sunt
3052 1504 3193 1572 apud
3226 1519 3414 1559 omnes
3451 1505 3691 1559 homines

2129 1599 2180 1653 in
2213 1598 2431 1661 mundo.
2464 1600 2605 1663 hzec,
2635 1599 2835 1666 inquit,
2865 1598 3029 1651 etiam
3060 1599 3203 1667 apud
3230 1612 3329 1651 nos
3358 1609 3504 1665 gesta
3530 1606 3687 1651 sunt:

2124 1701 2178 1744 et
2214 1705 2321 1744 non
2350 1690 2525 1746 solum
2561 1691 2612 1744 in
2642 1691 2895 1745 omnibus
2929 1689 3271 1750 hominibus,
3296 1688 3390 1742 sed
3418 1697 3470 1741 et
3504 1688 3555 1740 in
3585 1703 3693 1740 om-

2054 1761 2094 1814 Β
2126 1783 2285 1837 nibus
2317 1783 2480 1852 hujus
2510 1783 2693 1836 mundi
2729 1782 3014 1837 elementis
3071 1782 3207 1836 fiunt
3253 1780 3577 1848 aliquando;
3611 1781 3691 1834 sic

2125 1873 2417 1943 aliquando
2487 1889 2611 1938 ver,
2677 1874 2756 1927 sic
2804 1872 3094 1942 aliquando
3155 1881 3338 1934 aestas,
3402 1870 3690 1940 aliquando

2123 1967 2318 2028 hiems,
2346 1966 2637 2034 aliquando
2667 1965 2860 2035 frigus,
2894 1964 3185 2031 aliquando
3214 1978 3345 2017 vero
3374 1973 3561 2025 aestus,
3593 1962 3694 2015 ali-

2122 2059 2337 2128 quando
2369 2058 2638 2122 viriditas,
2676 2057 2969 2126 aliquando
2997 2070 3127 2110 vero
3154 2055 3404 2110 siccitas.
3452 2054 3507 2109 Si
3554 2069 3687 2123 ergo

2122 2149 2195 2202 ita
2229 2157 2314 2202 est
2360 2148 2500 2216 apud
2546 2148 2731 2203 omnia
2760 2146 3157 2216 corruptibilia,
3187 2148 3315 2216 quid
3362 2162 3614 2217 magnum
3644 2148 3689 2201 si

2120 2247 2174 2294 et
2207 2253 2306 2293 nos
2338 2240 2451 2306 qui,
2474 2239 2614 2292 sicut
2640 2238 2823 2292 omnia
2851 2238 3551 2307 corruptibilia,floruimus
3581 2239 3693 2308 pri-

2120 2332 2239 2385 dem
2263 2345 2397 2385 sane
2424 2330 2628 2385 divitiis
2660 2340 2714 2384 et
2745 2330 2960 2384 cmteris
2991 2330 3168 2395 bonis,
3207 2344 3349 2384 nunc
3388 2345 3518 2385 vero
3545 2330 3690 2383 arui-

2120 2437 2237 2476 mus
2260 2423 2436 2491 inopia
2471 2431 2633 2491 atque
2658 2422 3031 2477 concaluimus
3059 2422 3109 2475 in
3141 2422 3504 2476 infirmitate?
3535 2422 3690 2477 Sicut

2117 2526 2246 2581 ergo
2270 2511 2321 2564 in
2355 2511 2463 2566 illis
2494 2512 2742 2566 delectati
2780 2528 2991 2577 sumus,
3028 2528 3170 2566 nunc
3198 2520 3252 2566 et
3284 2513 3385 2567 ista
3410 2513 3689 2567 sustinea-

2119 2620 2255 2658 mus.
2285 2603 2439 2657 Sicut
2469 2604 2557 2658 illa
2594 2604 2825 2658 libenter
2856 2606 3188 2673 accepimus,
3238 2605 3315 2659 ita
3351 2614 3404 2658 et
3431 2604 3533 2657 ista
3566 2618 3687 2656 cum

2115 2695 2411 2764 gratiarum
2438 2694 2741 2749 actionibus
2772 2704 3177 2763 supportemus.
3207 2692 3268 2749 Si
3310 2694 3442 2747 bona
3485 2694 3690 2761 accepi-

2116 2802 2229 2840 mus
2257 2787 2319 2839 de
2345 2803 2505 2839 manu
2525 2785 2758 2849 Domini,
2786 2785 2927 2838 mala
2959 2795 3133 2838 autem
3173 2802 3336 2853 quare
3370 2801 3475 2856 non
3501 2784 3690 2838 tolere-

2115 2893 2229 2931 mus
2250 2878 2275 2930 ?
2299 2876 2580 2947 Nonvquod
2606 2877 2674 2931 de
2708 2892 2867 2930 manu
2900 2877 3110 2931 Domini
3144 2876 3441 2945 procedant
3470 2877 3608 2930 bona
3634 2885 3690 2929 et

2116 2969 2279 3035 mala,
2310 2971 2400 3023 sed
2428 2969 2614 3023 omnia
2647 2969 2812 3021 bona.
2849 2968 2922 3021 Ex
2958 2968 3099 3021 bono
3147 2962 3301 3023 enim'
3322 2967 3501 3020 omnia
3545 2968 3691 3021 bona

444 3059 748 3115 Praesertim
772 3077 893 3116 cum
923 3064 1255 3124 noverimus,
1280 3062 1404 3131 quia
1430 3063 1571 3116 sicut
1596 3063 1860 3118 bonorum
1893 3066 2013 3121 finis
2040 3097 2082 3155 ο
2118 3061 2437 3130 procedunt.
2466 3058 2597 3113 Nam
2629 3061 2769 3114 sicut
2801 3060 2880 3114 sol
2935 3061 3187 3114 tenebras
3237 3074 3509 3128 nunquam
3557 3072 3689 3127 pro-

444 3152 569 3216 crit,
602 3153 671 3205 ita
699 3162 753 3206 et
794 3152 1057 3207 malorum
1088 3154 1351 3208 citissime
1380 3155 1773 3209 consummatio
1813 3156 2008 3211 aderit.

445 3243 512 3298 Et
557 3244 772 3314 quidem
823 3246 1121 3308 bonorum,
1175 3247 1277 3300 hoc
1327 3255 1443 3312 est,
1497 3246 1809 3302 divitiarum
1854 3259 2015 3318 atque

443 3333 730 3403 opulentiae
782 3334 904 3389 finis
958 3336 1161 3389 inutilis
1208 3337 1348 3401 erit,
1401 3337 1501 3391 nisi
1553 3337 1747 3406 aliquis
1797 3348 2015 3409 propter

442 3425 705 3496 justitiam
737 3439 902 3495 atque
948 3427 1347 3498 eleemosynam
1390 3443 1683 3497 pauperum
1729 3428 1876 3497 juste
1922 3445 2014 3486 eas

441 3521 797 3589 expenderit:
833 3520 1236 3575 tribulationum
1272 3531 1449 3576 autem
1485 3521 1765 3577 tolerantia
1798 3523 1849 3577 in
1886 3522 2009 3590 fide,

442 3621 608 3680 atque
648 3611 894 3666 dolorum
941 3612 1280 3680 supportatio
1311 3627 1433 3666 cum
1489 3614 1787 3683 gratiarum
1838 3616 2011 3671 actio-

440 3702 601 3756 nibus
654 3712 870 3757 internae
918 3702 1102 3772 gloria:
1161 3703 1534 3758 litereditatem
1593 3716 1899 3774 praeparant
1955 3707 2007 3761 in

439 3808 605 3864 rogito
629 3794 909 3848 caelorum.
932 3792 992 3848 Si
1018 3794 1152 3847 bona
1184 3795 1477 3862 accepimus
1497 3795 1560 3849 de
1587 3812 1745 3849 manu
1774 3797 2005 3862 Domini,

438 3884 582 3937 mala
608 3895 780 3938 autem
799 3900 962 3954 quare
984 3901 1088 3937 non
1113 3884 1429 3939 toleremus?
1454 3884 1705 3955 Nunquid
1734 3887 2009 3943 fastidium

438 3974 703 4029 honorum
731 3991 886 4045 passa
912 3990 991 4041 es,
1009 3989 1041 4027 ο
1063 3973 1290 4029 mulier?
1313 3974 1565 4042 Nunquid
1593 3986 2010 4032 consternanter

439 4060 608 4115 tulisti
638 4062 875 4130 requiem
900 4072 953 4115 et
980 4060 1225 4131 gloriam,
1262 4079 1293 4115 ο
1324 4061 1527 4115 femina
1558 4066 1580 4117 ?
1621 4062 1773 4130 Quod
1806 4065 1848 4120 si
1882 4066 2005 4121 illo-

437 4167 557 4206 rum
585 4152 815 4221 plurimo
849 4161 1090 4221 tempore
1134 4152 1409 4207 fastidium
1463 4170 1571 4208 non
1620 4157 1836 4226 cepisti,
1872 4172 2008 4225 quo-

438 4242 600 4295 modo
633 4256 777 4295 nunc
807 4240 1032 4295 modicae
1077 4240 1457 4297 tribulationes
1496 4253 1547 4297 te
1598 4247 1828 4299 detlcere
1856 4244 2005 4301 fece-

437 4341 565 4386 runt
592 4332 614 4384 ?
648 4332 926 4397 Quomodo
947 4333 1144 4386 uberes
1173 4333 1389 4388 dolores
1414 4342 1466 4387 te
1496 4350 1643 4387 nunc
1673 4336 2005 4407 det'atigave-

436 4434 585 4488 runt,
633 4424 724 4493 qui
776 4438 863 4477 me
912 4433 1149 4478 atterunt
1194 4434 1249 4479 et
1303 4441 1405 4478 non
1445 4426 1547 4480 te?
1590 4426 1672 4480 Me
1716 4428 2003 4482 comedunt

434 4530 672 4578 vermes,
704 4523 758 4567 et
794 4525 847 4566 tu
886 4513 1154 4568 delassata
1191 4528 1270 4568 es.
1302 4513 1432 4568 Mea:
1461 4529 1650 4568 carnes
1683 4524 2002 4584 putrescunt

436 4614 490 4659 et
519 4613 575 4657 tu
609 4604 843 4658 delibata
875 4619 954 4658 es.
986 4603 1045 4657 Si
1080 4604 1218 4656 bona
1268 4606 1562 4672 accepimus
1595 4606 1657 4657 de
1690 4622 1849 4659 manu
1892 4604 2003 4658 Do-

436 4696 588 4760 mini,
620 4695 763 4749 mala
800 4704 975 4751 autem
1004 4712 1169 4765 quare
1194 4711 1298 4748 non
1327 4694 1652 4750 toleremus?
1707 4693 1799 4749 Sic
1824 4705 2001 4765 putas,

438 4790 634 4856 ittquit,
675 4804 706 4839 o
742 4787 956 4848 mulier,
994 4787 1137 4855 quod
1188 4800 1295 4838 non
1353 4800 1379 4836 a
1428 4784 1536 4838 Deo
1587 4784 1739 4838 nobis
1786 4787 1858 4837 sit
1891 4786 2013 4837 haec

434 4890 621 4946 poma,
659 4877 751 4930 sed
784 4878 851 4929 ab
885 4877 989 4929 alio
1021 4875 1223 4942 aliquo.
1287 4873 1342 4926 Si
1378 4890 1507 4943 ergo
1557 4890 1665 4929 non
1698 4885 1780 4928 est
1809 4890 1836 4926 a
1872 4875 2003 4938 Deo,

437 4967 532 5019 sed
570 4965 636 5019 ab
664 4964 788 5026 alio,
842 4964 970 5031 quid
1020 4963 1252 5015 ulciscar
1310 4960 1478 5013 Deum
1534 4970 1607 5039 ut‘
1643 4961 2003 5029 blasphemem

442 5057 615 5119 illum,
654 5072 775 5109 cunt
806 5056 949 5108 alius
973 5054 1043 5108 sit
1069 5056 1261 5123 quinte
1296 5052 1671 5106 tribulavcrit?
1701 5052 1850 5118 Quod
1879 5051 1922 5106 si
1957 5066 1987 5104 a

439 5148 553 5202 Deo
579 5156 666 5201 est
700 5156 932 5208 certum,
986 5147 1128 5214 quod
1185 5144 1419 5201 forsitan
1471 5155 1572 5212 est,
1628 5160 1726 5214 pro
1768 5145 2005 5214 peccatis

439 5241 642 5295 nostris
667 5249 770 5293 est.
809 5238 946 5303 Quid
982 5239 1162 5306 itaque
1188 5247 1273 5290 est
1300 5237 1515 5301 melius,
1544 5252 1702 5291 orare
1724 5252 1788 5290 ac
1814 5239 2005 5304 depre-

438 5332 553 5387 cari
593 5331 893 5385 terribilem
924 5330 1118 5384 faciem
1152 5331 1269 5395 Dei,
1298 5345 1364 5382 an
1398 5329 1779 5397 blasphemare
1814 5338 1867 5380 et
1893 5329 2005 5381 cri-

441 5423 634 5478 minari
668 5437 750 5475 ac
787 5422 1094 5487 detrahere,
1140 5430 1200 5474 ut
1253 5420 1718 5474 vehementiorem
1754 5419 1886 5471 iram
1919 5427 2004 5471 at-

439 5530 545 5586 que
575 5514 993 5583 indignationem
1020 5515 1071 5568 iu
1111 5529 1208 5568 nos
1244 5510 1586 5568 excitemus?
1616 5510 1671 5565 Si
1697 5510 1860 5578 igitur
1888 5511 2003 5579 ipse

510 5696 550 5726 ’τ
571 5692 674 5748 Job
696 5709 764 5757 \n,
800 5693 878 5749 l0.

2118 3150 2245 3216 fert,
2276 3151 2355 3205 sic
2390 3150 2642 3205 similiter
2674 3151 2848 3204 bonus
2886 3149 3029 3206 Deus
3080 3165 3355 3218 nunquam
3395 3149 3534 3202 mala
3559 3164 3694 3219 pro-

2118 3240 2290 3306 ducit,
2345 3240 2441 3294 sed
2487 3240 2668 3293 omnia
2724 3240 2863 3293 bona
2902 3251 3064 3308 atque
3103 3241 3329 3308 optima.
3362 3238 3690 3307 Quanquam

2114 3338 2260 3391 enim
2288 3336 2355 3390 ab
2387 3335 2564 3404 impiis
2605 3343 2769 3403 atque
2804 3334 3227 3403 indisciplinatis
3271 3334 3582 3388 hominibus
3624 3349 3690 3387 ea

2117 3442 2235 3497 quae
2265 3443 2363 3497 pro
2399 3428 2636 3481 vindicta
2669 3437 2723 3480 et
2752 3425 3113 3482 conversione
3147 3435 3312 3494 atque
3355 3424 3693 3494 poenitentia:

2116 3520 2635 3576 commemoratione
2662 3534 2692 3571 a
2716 3517 2827 3572 Deo
2854 3518 3202 3587 ingeruntur,
3250 3531 3355 3569 non
3384 3516 3547 3579 bona,
3590 3517 3692 3569 sed

2113 3612 2253 3667 mala
2304 3610 2710 3673 existimantur,
2773 3618 2952 3664 tamen
3000 3610 3138 3662 bona
3198 3618 3329 3661 sunt
3372 3622 3522 3667 vere,
3554 3608 3690 3675 quia

2110 3720 2232 3760 cum
2267 3704 2333 3759 ad
2365 3703 2743 3774 paenitentiam
2778 3700 3171 3765 converterint,
3200 3710 3400 3754 aeterna
3453 3700 3594 3753 bona
3633 3700 3687 3751 in

2110 3812 2275 3868 regno
2309 3797 2570 3851 calorum
2603 3809 2899 3865 procurare
2938 3794 3305 3863 reperiuntur.
3357 3790 3447 3846 Sic
3486 3805 3691 3860 nempe

2109 3898 2165 3944 et
2191 3889 2368 3943 omnis
2398 3887 2648 3941 doctrina
2693 3896 2857 3956 atque
2881 3886 3166 3953 disciplina
3200 3886 3267 3939 ab
3293 3883 3691 3937 irrationabili-

2108 3978 2209 4033 bus
2236 3977 2533 4032 infantibus
2578 3992 2684 4031 non
2736 3979 2788 4031 in
2836 3978 3058 4040 bonum,
3104 3977 3196 4031 sed
3228 3976 3277 4029 in
3313 3974 3513 4028 malum
3538 3974 3691 4027 msti-

2108 4078 2287 4123 tnatur
2332 4068 2417 4123 vel
2469 4068 2732 4122 ducitur:
2781 4066 2875 4120 sed
2917 4081 3103 4120 revera
3155 4072 3489 4134 cognoscunt
3516 4065 3571 4117 in
3604 4062 3693 4115 ul-

2107 4162 2258 4223 timo,
2292 4161 2419 4229 quia
2449 4160 2615 4213 totius
2652 4158 2798 4222 boni,
2828 4156 2910 4211 vel
2948 4158 3136 4224 gratia:
3170 4156 3276 4210 illis
3315 4169 3479 4210 causa
3508 4154 3692 4208 exsti-

2108 4251 2170 4302 tit
2199 4249 2502 4319 disciplina,
2555 4264 2676 4317 qua:
2722 4249 2772 4300 in
2820 4248 3121 4315 primordio
3171 4247 3270 4300 fttit
3303 4244 3688 4300 exsecrabilis.

2106 4337 2357 4393 Humano
2408 4340 2589 4408 itaque
2632 4352 2794 4400 more,
2832 4347 2994 4407 atque
3045 4338 3462 4399 consuetudine,
3488 4345 3544 4389 et
3584 4336 3688 4387 hu-

2109 4443 2270 4481 mano
2299 4425 2398 4481 Job
2433 4442 2560 4480 usus
2602 4425 2911 4496 proverbio,
2952 4427 3090 4479 mala
3143 4434 3198 4480 et
3230 4425 3371 4477 bona
3414 4432 3692 4478 memorat

2109 4521 2332 4576 dicens:
2366 4520 2425 4574 Si
2461 4520 2594 4572 bona
2632 4520 2929 4586 accepimus
2965 4520 3027 4571 de
3058 4535 3218 4571 manu
3260 4517 3491 4581 Domini,
3535 4518 3691 4570 mala

2109 4626 2283 4666 autem
2330 4628 2493 4677 quare
2545 4629 2649 4665 non
2693 4610 3030 4665 toleremus?
3080 4610 3205 4664 Post
3250 4624 3370 4678 qua:
3428 4608 3689 4663 universa

2110 4699 2434 4768 praecipuam
2469 4708 2631 4767 atque
2660 4698 2957 4768 perfectam
2988 4698 3175 4766 gloria:
3207 4713 3471 4753 coronam
3501 4695 3695 4751 confe-

2111 4804 2237 4841 rens
2264 4786 2440 4842 Moses
2476 4790 2632 4841 beato
2679 4785 2803 4853 Job,
2828 4788 2964 4840 dicit
2997 4788 3050 4840 in
3086 4787 3584 4855 subsequentibus:
3618 4784 3690 4839 In

2111 4878 2217 4931 illis
2244 4886 2417 4931 autem
2446 4879 2683 4932 omnibus
2706 4894 2824 4948 qua:
2855 4878 2934 4931 illi
2975 4881 3304 4943 acciderunt,
3336 4879 3467 4930 nilttt
3496 4894 3693 4945 pecca-

2111 4971 2181 5021 vit
2213 4968 2315 5022 Job
2346 4971 2402 5022 in
2429 4968 2579 5022 labiis
2606 4971 2738 5031 suis,
2775 4985 2940 5038 neque
2965 4971 3019 5022 in
3055 4978 3332 5038 conspectu
3376 4968 3589 5021 Domini
3618 4967 3692 5020 ³⁷.

2110 5057 2154 5113 Ο
2186 5058 2318 5121 laus,
2347 5073 2379 5113 0
2406 5059 2598 5125 honor,
2625 5075 2657 5113 ο
2683 5060 2854 5129 gloria
2880 5069 2935 5113 et
2965 5057 3303 5130 sulIragittm,
3331 5074 3363 5112 ο
3393 5057 3696 5112 delectatio

2112 5160 2275 5218 atque
2306 5150 2551 5218 przelatio
2578 5152 2721 5204 beati
2753 5149 2887 5205 Job!
2929 5151 3068 5216 Quid
3103 5152 3336 5219 primum
3368 5148 3692 5219 magnifice-

2110 5252 2199 5296 tur
2222 5242 2353 5309 justi
2384 5242 2564 5296 illius?
2595 5243 2673 5297 Au
2707 5254 2851 5309 justa
2882 5259 2945 5297 ac
2976 5246 3061 5312 pia
3091 5244 3201 5296 vita
3237 5242 3355 5311 ejus
3397 5242 3465 5294 ab
3501 5241 3691 5305 initio,

2107 5344 2163 5389 et
2191 5335 2503 5390 misericors
2535 5346 2696 5404 atque
2720 5336 2858 5391 bona
2886 5336 2909 5388 ?
2938 5338 3017 5389 An
3058 5334 3348 5388 tolerantia
3378 5333 3690 5385 vehemen-

2106 5427 2240 5481 tium
2293 5427 2543 5481 dolorum
2591 5443 2709 5481 cum
2772 5428 3070 5498 gratiarum
3121 5424 3436 5479 actionibus
3483 5422 3506 5474 ἲ
3578 5421 3695 5475 Aut

2106 5513 2269 5566 etiam
2300 5514 2401 5567 hoc
2430 5514 2571 5582 quod
2616 5529 2737 5569 cum
2770 5514 2963 5569 callide
3015 5514 3371 5569 seduceretur
3404 5526 3433 5565 a
3464 5511 3696 5567 diabolo
