3884 6218
223 355 330 414 195

1315 352 1694 410 ANONYMUS
1731 354 1798 409 ΙΝ
1836 354 1976 409 JOB.
2013 383 2077 393 -—
2119 352 2244 407 LIB.
2289 353 2352 407 ll.

3361 356 3466 412 494

224 491 324 548 per
353 489 414 531 os
440 472 646 537 uxoris,
684 470 968 541 Sapienter
1022 470 1246 538 restitit,
1274 482 1328 526 et
1360 475 1410 527 in
1441 474 1521 528 bis
1543 475 1792 529 omnibus
1823 481 1866 536 Α
1898 476 2106 529 biorum
2140 482 2335 528 cuncta
2383 474 2437 527 in
2488 473 2784 544 gratiarum
2833 476 3103 530 actionem
3137 484 3298 547 atque
3327 492 3460 532 con-

219 570 425 636 justum
452 582 515 620 ac
545 566 744 620 bonum
777 565 942 618 Deum
969 564 1304 618 existimavit
1330 567 1421 634 qui
1454 567 1569 621 haec
1598 568 1646 621 ei
1681 568 1794 621 uni-

224 674 377 714 versa
412 658 548 713 bene
574 658 845 729 ingessit?
898 656 1021 712 Hmc
1060 657 1241 727 itaque
1292 659 1675 714 demonstrans
1713 660 1795 716 di-

220 753 335 808 cit:
368 750 433 805 In
456 751 538 804 his
569 751 808 803 omnibus
840 766 958 819 qum
983 748 1030 802 ei
1060 751 1363 803 acciderunt
1401 751 1535 803 nihil
1560 752 1792 818 peccavit

220 842 323 897 Job
363 844 418 895 in
454 842 607 895 labiis
654 843 786 905 suis,
823 856 987 910 neque
1044 841 1101 895 in
1149 849 1427 907 conspectu
1458 841 1695 897 Domini.
1731 841 1788 896 In

220 935 329 998 his,
364 933 558 1003 inquit,
588 931 841 987 omnibus
875 931 1140 1002 plurimis,
1174 933 1381 1000 magnis
1414 947 1477 986 ac
1522 933 1791 988 mirabili-

223 1027 325 1080 bus
378 1035 539 1093 atque
599 1024 957 1082 terribilibus.
1014 1022 1449 1080 lamentabilibus
1475 1040 1691 1094 quoque
1718 1041 1790 1093 ac

221 1116 623 1172 miserabilibus
650 1116 845 1198 quibus
877 1116 1077 1171 similia
1101 1126 1253 1188 gesta
1289 1131 1394 1171 non
1430 1124 1579 1183 sunt,
1612 1119 1663 1171 in
1692 1118 1795 1172 mi-

220 1211 380 1264 seriis
431 1219 592 1278 atque
636 1210 690 1263 in
740 1208 1173 1273 infelicitatibus,
1216 1212 1269 1263 in
1304 1210 1556 1266 omnibus
1602 1226 1720 1280 quae
1760 1226 1789 1265 a

220 1301 421 1355 szeculo
442 1311 567 1355 sunt
596 1298 764 1363 facta,
799 1309 855 1355 et
886 1301 1014 1355 ﬁent
1044 1316 1214 1370 usque
1244 1302 1298 1355 in
1337 1310 1622 1366 aeternum,
1662 1303 1789 1372 qui-

219 1389 321 1444 bus
363 1388 560 1442 similia
621 1389 735 1442 visa
792 1403 899 1443 non
929 1397 1076 1455 sunt,
1118 1405 1291 1458 neque
1330 1391 1510 1445 audita
1544 1391 1643 1445 sub
1678 1391 1790 1445 sole

221 1481 288 1533 ab
330 1480 483 1533 initio
514 1477 694 1533 saeculi
726 1488 779 1534 et
803 1494 970 1548 usque
1025 1480 1077 1534 in
1128 1481 1652 1535 consummationem
1691 1496 1789 1536 sae-

220 1568 486 1624 culorum.
514 1567 569 1621 lu
598 1568 715 1622 istis
751 1583 880 1637 ergo
916 1569 1175 1623 omnibus
1204 1568 1338 1623 nihil
1373 1571 1619 1636 peccavit
1665 1568 1786 1636 Job,

226 1677 401 1731 neque
418 1662 479 1715 in
515 1661 694 1715 verbis
741 1660 1030 1729 labiorum,
1074 1675 1247 1731 neque
1286 1663 1338 1715 in
1385 1662 1496 1716 oris
1538 1662 1787 1732 eloquiis,

221 1754 470 1824 nequein
501 1755 682 1809 cordis
718 1754 1157 1824 cogitatioaibus,
1193 1770 1365 1824 neque
1400 1754 1454 1808 in
1478 1755 1643 1810 animi
1680 1772 1788 1809 me-

1896 565 2183 620 fessionem
2216 566 2305 620 Dei
2335 576 2698 621 converteret.
2733 568 3027 622 Evidenter
3061 567 3297 637 implevit
3337 569 3459 623 bea-

1895 666 1981 711 tus
2018 656 2104 710 ille
2138 658 2299 711 homo
2343 659 2485 727 quod
2518 667 2639 727 post
2686 660 2789 713 hoc
2840 659 2907 712 ab
2954 659 3211 727 Apostolo
3252 659 3455 714 dictum

1894 761 2012 804 est:
2050 750 2353 818 Glori/icate
2379 750 2547 806 Deum
2583 753 2637 805 in
2669 769 2887 822 corpore
2910 763 3079 807 vestro
3110 764 3155 806 et
3186 754 3240 806 in
3270 754 3460 823 spiritu

1894 850 2061 895 vestro
2109 843 2205 898 ²⁷·.
2247 842 2392 911 Ergo
2427 843 2551 910 quia
2588 857 2618 896 a
2650 844 2826 898 verbis
2856 843 3122 898 labiorum
3173 859 3345 914 usque
3396 846 3461 899 ad

1894 934 2072 987 cordis
2098 934 2454 1005 cogitationes
2488 934 2889 988 immaculatum
2943 949 3001 989 se
3053 944 3107 988 et
3143 935 3457 989 inviolatum

1894 1033 2057 1093 atque
2113 1025 2593 1078 incontaminatum
2646 1026 2993 1081 conservavit
3050 1025 3102 1079 in
3158 1034 3457 1095 conspectu

1897 1114 2131 1181 Domini,
2173 1125 2427 1185 tanquam
2456 1116 2502 1170 si
2538 1116 2767 1182 diceret,
2794 1131 2968 1185 neque
3003 1116 3104 1171 hoc
3129 1117 3459 1186 gessitquod

1894 1206 2142 1273 plurimis
2170 1208 2390 1270 accidit,
2446 1217 2505 1261 ut
2556 1207 2843 1262 labaseant
2887 1209 2941 1263 in
2976 1210 3140 1263 verbo
3166 1219 3219 1262 et
3252 1225 3356 1263 non
3392 1225 3457 1264 ex

1892 1298 2076 1353 corde.
2118 1296 2233 1351 Non
2281 1297 2423 1351 enim
2475 1298 2656 1367 lapsus
2692 1308 2776 1352 est
2802 1297 2856 1351 in
2892 1312 3145 1352 sermone
3173 1298 3456 1363 labiorum,

1888 1390 2043 1459 juxta
2075 1390 2177 1443 hoc
2202 1390 2346 1457 quod
2376 1389 2578 1443 dictum
2602 1397 2683 1442 est
2711 1388 2940 1456 quodam
2974 1388 3026 1441 in
3062 1389 3182 1444 loco
3210 1390 3263 1443 in
3308 1389 3459 1444 Scri-

1891 1491 2048 1551 ptura
2079 1494 2094 1533 :
2124 1479 2219 1533 Est
2254 1480 2343 1549 qui
2370 1479 2595 1533 labascit
2625 1480 2680 1532 in
2698 1478 2867 1545 verba,
2903 1480 2975 1532 vel
3003 1481 3058 1534 in
3075 1497 3162 1534 ore
3187 1492 3233 1534 et
3267 1499 3369 1535 non
3395 1499 3459 1536 ex

1891 1570 2064 1625 corde.
2116 1570 2256 1640 Ergo
2303 1571 2427 1637 quia
2484 1572 2672 1625 beatus
2725 1570 2824 1626 Job
2873 1572 3019 1627 nullo
3070 1572 3228 1627 modo
3273 1572 3458 1643 lapsus

1892 1672 1999 1727 est,
2035 1678 2209 1731 neque
2257 1662 2308 1715 in
2354 1676 2469 1726 ore,
2504 1677 2678 1731 neque
2704 1663 2755 1716 in
2785 1678 3059 1730 sermone,
3089 1678 3262 1732 neque
3290 1665 3341 1718 in
3375 1665 3453 1719 la-

1893 1754 2018 1817 biis,
2050 1770 2223 1824 neque
2272 1756 2322 1808 in
2374 1755 2558 1818 corde,
2592 1764 2877 1824 propterea
2912 1754 3265 1826 magniﬁcans
3302 1755 3450 1810 illum

219 1845 592 1900 dilationibus.
646 1844 801 1911 Quod
852 1854 1030 1897 autem
1068 1844 1139 1898 ita
1190 1846 1284 1909 sit,
1319 1846 1554 1901 ostendit
1578 1860 1699 1900 mox
1732 1847 1784 1900 in
1820 1825 1862 1883 Β
1897 1861 2123 1918 magnus
2163 1847 2252 1902 ille
2277 1848 2439 1901 homo
2479 1848 2570 1901 Dei
2600 1846 2796 1911 Moses,
2837 1825 3111 1902 admirans
3146 1863 3357 1918 quoque
3392 1864 3458 1904 ac

218 1937 672 2005 subsequentibus
698 1937 884 1992 dicens
912 1955 924 1990 :
962 1934 1145 2008 Neque
1172 1939 1227 1991 in
1255 1938 1410 1993 labiis
1452 1940 1586 2005 suis,
1625 1956 1787 2009 neque

219 2030 273 2081 in
302 2037 579 2097 conspectu
616 2028 845 2091 Domini,
868 2038 922 2083 et
953 2043 1058 2083 non
1088 2009 1403 2085 suﬂ‘eceraf
1449 2042 1507 2085 ut
1558 2032 1784 2098 diceret,

219 2136 380 2190 neque
400 2120 453 2171 in
489 2128 765 2187 conspectu
794 2119 1030 2185 Domini,
1060 2120 1151 2175 sed
1186 2131 1238 2174 et
1288 2121 1392 2176 hoc
1426 2122 1580 2188 dixit,
1626 2140 1787 2190 neque

217 2211 271 2263 in
300 2208 451 2264 labiis
476 2215 607 2264 suis.
642 2210 779 2277 Quid
831 2220 909 2265 est
968 2213 1090 2278 hoc,
1133 2229 1294 2284 neque
1345 2214 1401 2266 in
1446 2213 1603 2268 labiis
1634 2217 1787 2269 suis?

217 2302 302 2356 vel
328 2301 456 2371 quid
487 2304 587 2356 hoc
616 2311 718 2366 est,
769 2319 931 2370 neque
955 2304 1013 2356 in
1058 2314 1334 2372 conspectu
1397 2304 1647 2359 Domini?
1673 2307 1785 2360 Au-

218 2395 349 2458 dite,
387 2410 419 2449 o
456 2396 640 2458 amici,
672 2396 969 2449 veridicum
1007 2396 1427 2463 expositionem.
1453 2396 1604 2463 Quod
1637 2398 1783 2461 dicit,

218 2488 274 2538 in
301 2498 573 2553 conspectu
604 2486 838 2552 Domini,
871 2487 975 2541 hoc
1003 2496 1106 2551 est,
1146 2488 1326 2542 cordis
1355 2489 1704 2558 cogitatione,
1733 2499 1788 2543 et

218 2579 414 2629 anima:
448 2575 715 2645 profundo
751 2587 983 2632 tractatu
1017 2580 1277 2633 adversus
1327 2578 1496 2634 Deum
1534 2580 1663 2633 nihil
1692 2595 1787 2635 co-

218 2668 396 2735 gitans
426 2667 477 2719 in
511 2668 932 2737 reprehensione
961 2680 1015 2723 et
1046 2674 1096 2724 in
1125 2670 1459 2740 blasphemia
1490 2682 1655 2741 atque
1682 2674 1788 2727 cri-

219 2758 513 2812 minatione
564 2774 683 2828 quae
730 2760 784 2813 in
830 2769 1128 2829 conspectu
1184 2761 1276 2816 Dei
1328 2763 1659 2832 deprimunt,
1695 2764 1786 2832 qui

219 2849 625 2917 inquiritrenes
676 2860 731 2904 et
769 2852 955 2913 corda,
1009 2852 1098 2920 qui
1148 2852 1301 2907 novit
1338 2853 1549 2907 occulta
1582 2856 1784 2921 cordis,

217 2940 361 2994 sicut
399 2942 527 2994 dicit
577 2940 879 3010 Scriptura.
927 2942 1104 2997 Verba
1156 2954 1336 2997 autem
1387 2944 1652 2999 labiorum
1684 2945 1788 2999 ali-

217 3033 435 3101 quando
464 3048 529 3086 ex
558 3035 719 3087 corde
750 3035 1023 3102 dicuntur,
1056 3036 1343 3105 aliquando
1382 3046 1561 3090 autem
1594 3037 1786 3091 incon-

215 3126 523 3180 sideranter
544 3125 891 3195 proferuntur
921 3143 986 3182 ex
1038 3128 1329 3193 incautela,
1362 3137 1415 3182 et
1445 3143 1551 3182 non
1573 3144 1640 3182 ex
1678 3130 1784 3182 ini-

216 3218 444 3285 quitate,
495 3232 668 3287 neque
708 3232 775 3271 ex
827 3219 1203 3274 malevolentia
1247 3238 1261 3274 :
1315 3222 1408 3275 sed
1474 3220 1788 3290 frequenter

215 3324 313 3364 ore
346 3309 582 3378 loquitur
612 3313 798 3374 homo,
831 3313 972 3381 quod
1013 3313 1235 3367 omnino
1290 3312 1454 3367 corde
1493 3327 1665 3381 neque
1698 3328 1789 3367 co-

214 3403 430 3471 gitavit,
462 3418 559 3457 nec
595 3405 817 3473 cogitat.
850 3405 993 3472 Ergo
1033 3405 1157 3475 quia
1207 3404 1546 3458 admirabilis
1586 3419 1649 3457 ac
1686 3419 1784 3472 pa-

215 3494 574 3549 tientissimus
596 3494 719 3560 Job,
750 3511 871 3551 cum
903 3496 958 3550 in
999 3494 1175 3551 tantas
1210 3496 1584 3550 tribulationes
1610 3504 1787 3550 trans-

214 3587 341 3652 iret,
368 3596 423 3641 et
450 3597 630 3641 tantos
661 3588 877 3643 dolores
933 3588 1193 3643 nefandos
1219 3589 1538 3653 sustineret,
1578 3596 1780 3642 tantas-

214 3691 323 3747 que
349 3680 689 3735 scductiones
719 3690 1039 3749 superaret:
1075 3694 1256 3750 neque
1280 3681 1333 3734 in
1371 3680 1531 3734 corde
1586 3680 1782 3733 malum

216 3771 284 3823 de
319 3769 451 3835 Deo,
490 3787 666 3840 neque
697 3774 957 3827 adversus
1000 3772 1168 3825 Deum
1214 3772 1493 3841 cogitavit,
1532 3786 1703 3839 neque
1732 3772 1782 3824 in

218 3861 378 3916 labiis
412 3866 524 3917 suis
554 3879 651 3933 per
688 3864 951 3918 incuriam
1003 3864 1169 3917 ullum
1222 3879 1447 3933 parvum
1477 3876 1784 3917 sermonem

213 3955 461 4024 protulit,
509 3967 795 4023 propterea
850 3955 1202 4022 magniﬁcans
1262 3954 1414 4008 illum
1459 3964 1511 4007 et
1561 3954 1786 4009 laudans

212 4057 378 4117 atque
455 4045 733 4114 perferens
787 4046 950 4100 dicit:
990 4045 1057 4097 1n
1099 4046 1181 4098 his
1259 4045 1501 4098 omnibus
1576 4062 1693 4113 qua:
1736 4047 1785 4099 ei

213 4140 521 4192 acciderunt
559 4153 661 4190 non
708 4137 933 4205 peccavit
975 4135 1100 4201 Job,
1143 4152 1305 4205 neque
1358 4138 1411 4189 in
1457 4136 1610 4190 labiis
1651 4138 1783 4203 suis,

211 4246 378 4299 neque
410 4230 463 4282 in
486 4239 761 4297 conspectu
796 4229 1022 4282 Domini.
1058 4229 1139 4282 Ac
1166 4229 1211 4282 si
1247 4229 1485 4283 diceret:
1518 4229 1562 4281 0
1591 4244 1782 4297 magna

210 4321 381 4389 alque
404 4320 697 4374 vehemens
734 4319 1041 4385 admiratio,
1083 4334 1117 4374 o
1144 4334 1334 4388 magna
1378 4329 1541 4388 atque
1594 4320 1783 4389 ingens

211 4413 475 4482 patientia
510 4411 635 4475 viri,
667 4420 726 4463 ut
763 4410 816 4463 in
849 4410 1101 4464 omnibus
1129 4420 1237 4463 tam
1291 4409 1484 4463 validis
1509 4410 1784 4464 doloribus

211 4512 378 4570 atque
406 4502 457 4554 in
485 4502 732 4554 omnibus
759 4499 973 4568 iugibus
1007 4501 1203 4569 poenis,
1251 4501 1325 4554 ita
1370 4516 1428 4555 se
1463 4501 1656 4556 beatus
1693 4501 1781 4555 ille

209 4595 549 4657 observaret,
605 4602 663 4646 ut
706 4594 929 4646 omnino
972 4607 1073 4647 nec
1123 4593 1175 4646 in
1220 4593 1375 4648 labiis
1414 4593 1528 4647 suis
1573 4608 1673 4647 nec
1724 4594 1778 4648 in

207 4684 378 4742 corde
401 4699 498 4739 suo
536 4686 681 4737 circa
714 4685 878 4738 Deum
917 4684 1271 4754 delinqueret.
1298 4683 1433 4738 Nam
1470 4686 1610 4739 sicut
1653 4700 1776 4740 cor-

208 4776 301 4832 dis
329 4776 408 4830 sui
436 4775 791 4845 cogitationes
837 4786 1001 4845 atque
1048 4776 1213 4830 animi
1271 4778 1351 4830 sui
1396 4777 1775 4831 meditationes

211 4878 397 4923 castas
424 4884 611 4922 omnes
634 4882 697 4920 ac
728 4870 960 4922 mundas
988 4869 1354 4934 conservavit,
1385 4877 1440 4922 et
1469 4884 1574 4924 non
1616 4882 1778 4937 prave

207 4963 358 5016 circa
384 4962 549 5015 Deum
587 4961 881 5029 cogitavit:
915 4961 984 5014 ita
1012 4977 1039 5014 θ
1074 4962 1253 5016 verbis
1304 4962 1571 5016 labiorum
1609 4971 1772 5029 atque

209 5056 328 5111 oris
364 5054 591 5124 eloquiis
622 5054 952 5118 observavit,
984 5062 1042 5106 ut
1076 5066 1174 5106 nec
1208 5053 1372 5107 corde
1402 5054 1778 5121 delinqueret,

212 5162 389 5216 neque
416 5147 468 5200 in
506 5161 755 5200 sermone
788 5155 1057 5215 peccaret,
1089 5145 1186 5200 sed
1214 5154 1381 5200 totum
1426 5146 1773 5213 semetipsum

205 5247 266 5295 et
292 5238 472 5294 cordis
496 5238 719 5294 consilia
753 5247 806 5292 et
848 5253 1117 5295 sermonis
1160 5238 1370 5309 eloquia
1400 5247 1455 5292 et
1498 5234 1662 5291 verba
1689 5234 1769 5289 la-

280 5415 359 5448 ’τ’
385 5415 406 5472 l
433 5416 557 5471 Cor.
606 5433 677 5484 vt,
708 5416 799 5471 20.

1895 1939 2118 1992 laudans
2144 1952 2268 1992 cum
2295 1938 2464 1991 dicit:
2498 1936 2565 1990 In
2590 1938 2671 1991 his
2710 1939 2969 2006 omnibus,
3002 1955 3118 2008 qua:
3153 1942 3456 1993 acciderunt

1892 2033 1961 2097 ei,
1982 2049 2083 2084 non
2111 2034 2339 2101 peccavit
2363 2032 2463 2086 Job
2485 2034 2541 2086 in
2572 2033 2725 2085 labiis
2752 2033 2881 2096 suis,
2914 2048 3073 2101 neque
3095 2035 3150 2087 in
3185 2047 3457 2100 conspectu

1894 2122 2126 2176 Domini.
2174 2122 2286 2191 Sic,
2330 2124 2524 2193 inquit,
2575 2124 2824 2178 transivit
2867 2125 3200 2180 admirabilis
3231 2128 3332 2181 Job
3357 2142 3459 2181 s:e-

1899 2215 2179 2269 vissimum
2232 2215 2363 2268 illud
2414 2215 2656 2269 dolorum
2691 2215 2933 2284 pelagus,
2966 2217 3047 2270 sic
3073 2218 3351 2283 superavit
3377 2218 3458 2271 in-

1893 2306 2283 2375 explorabilem
2335 2322 2486 2362 suam
2536 2307 2896 2361 teutatlonum
2944 2308 3365 2374 multitudinem,
3398 2318 3458 2363 ut

1896 2399 2032 2452 nihil
2067 2407 2339 2468 peccaret,
2366 2413 2541 2467 neque
2571 2398 2624 2452 in
2660 2398 2819 2452 labiis
2860 2399 2989 2460 suis,
3028 2413 3204 2468 neque
3238 2400 3288 2452 in
3331 2416 3457 2455 con-

1895 2499 2079 2559 spectu
2122 2490 2354 2544 Domini.
2390 2490 2531 2544 Ante
2584 2490 2908 2545 teutationes
2956 2505 3060 2543 non
3105 2492 3369 2559 peccavit,
3402 2492 3457 2546 in

1900 2580 2288 2635 tentationibus
2328 2595 2435 2634 non
2465 2581 2734 2650 peccavit.
2762 2580 2806 2636 Ο
2831 2583 2986 2637 beate
3016 2580 3137 2648 Job,
3164 2583 3286 2652 quis
3315 2585 3457 2637 simi-

1896 2672 1964 2725 lis
1996 2669 2091 2725 tibi
2133 2672 2459 2743 gloriabitur
2508 2681 2731 2742 propter
2754 2671 3066 2741 justitiam?
3104 2674 3345 2729 Mortuus
3375 2685 3457 2729 est

1896 2762 2049 2830 Abel,
2084 2765 2177 2818 sed
2209 2764 2376 2819 semel
2403 2772 2455 2818 et
2487 2764 2741 2819 celeriter
2773 2776 2856 2819 est
2877 2777 3121 2819 mortuus
3155 2780 3170 2818 :
3221 2768 3457 2821 admira-

1894 2854 2016 2908 bilis
2046 2871 2174 2909 vero
2200 2853 2301 2910 Job
2329 2870 2450 2909 cum
2484 2855 2629 2910 mille
2660 2865 2864 2910 mortes
2883 2857 3200 2923 sustineret,
3224 2868 3453 2913 mortem

1894 2948 2191 3015 superavit,
2228 2956 2458 3001 mortem
2482 2946 2639 3013 vicit,
2673 2947 2725 3000 in
2756 2958 2932 3002 morte
2975 2949 3259 3002 victoriam
3312 2963 3457 3003 sum-

1894 3037 2024 3105 psit.
2059 3037 2220 3092 Solus
2254 3054 2317 3093 ex
2352 3039 2605 3094 omnibus
2635 3038 2893 3107 antiquis,
2922 3054 3041 3093 cmn
3078 3049 3345 3094 mortuum
3369 3056 3456 3096 se-

1894 3130 2180 3199 metipsum
2214 3130 2524 3200 inspiceret,
2559 3145 2589 3184 a
2630 3141 2806 3185 morte
2837 3146 2941 3185 non
2974 3131 3294 3201 trepidavit:
3326 3147 3451 3185 nam

1890 3221 2025 3275 vidit
2062 3220 2198 3275 eﬂici
2265 3232 2533 3286 mortuos,
2588 3236 2709 3276 cum
2752 3223 3005 3276 nimirum
3053 3224 3188 3277 vidit
3256 3234 3454 3278 semet-

1892 3311 2066 3381 ipsum
2094 3311 2207 3365 ﬁeri
2230 3312 2567 3381 putredinem
2593 3320 2648 3366 et
2672 3325 2901 3376 vermes,
2926 3314 3019 3367 sed
3046 3329 3152 3368 non
3186 3313 3306 3368 ideo
3328 3325 3456 3371 ante

1891 3412 2117 3457 mortem
2154 3404 2390 3473 expavit,
2426 3404 2519 3458 sed
2553 3413 2776 3458 mortem
2819 3404 2873 3458 in
2918 3404 3097 3475 fugam
3129 3406 3292 3459 vertit
3323 3421 3449 3461 cuni

1889 3494 2144 3548 omnibus
2200 3496 2317 3565 ejus
2364 3496 2694 3565 argumentis
2740 3505 2905 3565 atque
2940 3498 3193 3552 versutiis
3221 3507 3275 3551 et
3323 3512 3446 3552 cum

1889 3587 2091 3656 iniquis
2118 3587 2237 3657 ejus
2262 3588 2614 3641 exercitibus.
2646 3586 2780 3641 Nam
2812 3603 2931 3641 cum
2963 3603 3178 3642 omnem
3212 3597 3451 3658 potesta-

1890 3684 1997 3731 tem
2039 3678 2093 3731 in
2146 3693 2270 3732 eum
2303 3680 2575 3747 acciperet
2605 3695 2751 3733 mors
2782 3680 2907 3749 (hoc
2936 3690 3018 3734 est
3044 3679 3450 3748 diabolus)abs-

1888 3783 1993 3837 que
2030 3770 2210 3823 anima
2261 3770 2397 3837 sola,
2430 3780 2483 3824 et
2517 3781 2573 3824 ut
2609 3781 2916 3840 percuteret
2938 3781 2993 3826 et
3031 3782 3088 3826 ut
3112 3773 3453 3827 exulceraret

1888 3869 1942 3915 et
1973 3870 2031 3913 ut
2062 3869 2337 3929 torqueret
2359 3871 2413 3916 et
2438 3871 2494 3915 ut
2525 3864 2828 3928 seduceret,
2867 3879 2988 3918 cum
3028 3874 3220 3919 cuncta
3251 3880 3452 3920 secun-

1887 3950 2013 4005 dum
2062 3951 2313 4007 virtutem
2365 3967 2519 4007 suam
2568 3954 2895 4010 insatiabilis
2944 3970 3101 4011 mors
3142 3967 3448 4023 exerceret,

1890 4056 2227 4111 nequaquam
2283 4044 2578 4114 quidquam
2627 4046 2851 4115 justitize
2893 4046 2950 4099 in
2996 4046 3089 4101 illo
3123 4048 3280 4102 beato
3312 4050 3449 4103 mori

1886 4135 2080 4202 p0tuit.
2116 4133 2322 4189 Idcirco
2353 4150 2498 4190 mors
2527 4138 2665 4204 apud
2693 4134 2793 4191 Job
2834 4147 3043 4191 mortua
3071 4148 3153 4193 est
3174 4154 3297 4193 cum
3325 4156 3446 4195 om-

1885 4225 2042 4279 nibus
2067 4224 2368 4281 eﬂieientiis
2398 4228 2511 4282 suis
2536 4244 2550 4282 :
2573 4230 2781 4296 justilia
2820 4245 2948 4283 vero
2982 4246 3101 4299 qua:
3146 4232 3198 4284 in
3245 4246 3309 4285 eo
3345 4233 3451 4294 pri-

1884 4316 2003 4370 dem
2034 4317 2269 4385 vigebat,
2302 4320 2473 4387 magis
2505 4334 2569 4373 ac
2591 4321 2762 4387 magis
2793 4322 2845 4374 in
2874 4321 2967 4376 illo
2995 4322 3195 4376 divinis
3224 4322 3451 4376 visioni-

1884 4408 1984 4462 bus
2032 4418 2197 4477 atque
2246 4409 2427 4463 divino
2473 4411 2743 4480 colloquio
2798 4413 3012 4466 revixit.
3064 4410 3108 4465 Ο
3163 4414 3319 4466 beate
3341 4412 3443 4468 Job

1885 4499 2074 4553 vivens
2101 4502 2155 4552 in
2183 4509 2499 4567 perpetuum
2531 4503 2670 4570 apud
2704 4502 2891 4565 Deum,
2938 4511 2991 4557 et
3032 4503 3204 4556 victor
3235 4518 3451 4573 perma-

1888 4604 2020 4644 nens
2072 4589 2125 4643 in
2177 4599 2469 4660 conspectu
2522 4593 2665 4661 regis
2709 4594 2945 4660 Domini,
2992 4609 3086 4649 ora
3140 4610 3236 4662 pro
3283 4596 3444 4650 nobis

1887 4682 2125 4746 miseris,
2170 4690 2230 4736 ut
2262 4685 2425 4738 etiam
2481 4698 2580 4738 nos
2626 4685 2883 4738 terribilis
2933 4682 3025 4738 Dei
3072 4685 3445 4740 misericordia

1885 4785 2129 4844 protegat
2155 4776 2206 4829 in
2236 4776 2486 4830 omnibus
2528 4777 2991 4843 tribulationibus,
3039 4786 3095 4831 et
3140 4777 3335 4846 eripiat
3376 4778 3446 4831 ab

1885 4867 2134 4921 omnibus
2178 4867 2626 4937 oppressionibus
2677 4868 2936 4937 maligni;
2984 4876 3038 4922 et
3097 4879 3449 4924 connumeret

1886 4975 1985 5014 nos
2009 4974 2129 5014 cum
2158 4957 2342 5028 juStis,
2368 4968 2422 5011 et
2446 4959 2759 5013 conscribat
2785 4974 2882 5013 nos
2908 4975 3029 5013 cum
3073 4959 3159 5014 his
3187 4960 3274 5028 qui
3300 4960 3446 5014 salvi

1887 5051 2040 5114 ﬁunt,
2072 5060 2127 5104 et
2151 5051 2493 5120 requiescere
2545 5064 2644 5104 nos
2676 5050 2839 5106 faciat
2880 5066 3003 5106 cum
3041 5051 3152 5107 illis
3181 5052 3233 5106 in
3273 5066 3444 5121 regno

1880 5155 2003 5207 suo,
2057 5142 2148 5196 ubi
2216 5152 2476 5213 perpetuo
2547 5157 2671 5198 cum
2755 5148 2960 5199 sanctis
3026 5143 3439 5214 magniﬁeemus

1875 5233 2044 5289 illum.
