3884 6218
450 285 558 344 495

1540 294 1919 353 ANONYMUS
1950 297 2019 353 IN
2058 299 2193 355 JOB.
2233 333 2301 343 —
2338 302 2467 360 LIB.
2508 300 2595 359 ΙΙΙ.

3591 306 3686 364 696

729 440 3006 470 ._____________________________

1602 601 1946 691 LIBER
2027 605 2587 698 TERTIUS.

521 957 742 1028 Magnos
782 972 845 1012 ac
874 956 1134 1026 plurimos
1162 958 1454 1027 stupendos
1477 972 1693 1027 quoque
1740 972 1806 1011 ac
1861 957 2015 1010 terri-
2052 962 2095 1017 Α
2129 961 2270 1024 nias,
2314 960 2448 1015 alios
2487 961 2555 1017 ad
2589 963 2853 1031 rapinas,‘
2881 960 3019 1018 alios
3064 962 3130 1017 ad
3179 962 3316 1018 alias
3348 961 3682 1034 iniquitates,

458 1050 593 1105 biles
633 1049 736 1104 Job
769 1050 981 1104 dolores
1012 1051 1066 1103 in
1104 1048 1345 1120 praefatis
1371 1049 1880 1113 demonstravimus,
1907 1064 2012 1101 non

453 1140 611 1211 juxta
646 1144 901 1197 meritum
926 1143 1057 1211 justi
1097 1141 1263 1209 illius,
1310 1141 1405 1195 sed
1431 1140 1584 1211 juxta
1620 1140 1872 1194 virtutem
1912 1155 2015 1192 no-

456 1246 586 1288 strae
621 1236 997 1300 humanitatis,
1047 1243 1102 1289 et
1143 1233 1438 1288 secundum
1489 1232 1686 1285 donum
1719 1231 1833 1285 Dei.
1886 1229 2020 1296 Quis

461 1326 606 1381 enim
636 1326 789 1397 juxta
821 1328 1073 1381 meritum
1107 1326 1305 1395 poterit
1334 1323 1538 1391 justum
1573 1322 1722 1376 illum
1769 1322 2015 1393 magnifi-

449 1432 595 1483 care,
630 1433 787 1488 quem
817 1419 932 1488 ipse
964 1419 1248 1482 Dominus,
1278 1417 1367 1486 qui
1390 1417 1552 1471 corda
1580 1416 1880 1485 cognoscit,
1904 1430 2019 1469 ma-

448 1512 713 1581 gnificans
740 1511 874 1565 dicit
901 1530 914 1565 :
952 1513 1068 1564 Non
1101 1519 1173 1563 est
1198 1508 1379 1563 similia
1431 1507 1509 1560 illi
1554 1508 1830 1579 quisquam
1859 1524 2017 1575 super

453 1613 651 1657 terram
687 1602 780 1656 ’δῖ’
821 1600 875 1656 Si
916 1602 1083 1669 igitur
1130 1612 1256 1655 ante
1307 1602 1612 1670 passionem
1660 1614 1764 1653 non
1802 1599 1901 1653 fuit
1941 1600 2016 1654 illi

447 1697 644 1750 similis
676 1700 959 1765 quisquam
988 1708 1154 1763 super
1182 1703 1409 1757 terram,
1452 1694 1495 1746 si
1524 1701 1703 1745 autem
1747 1706 1846 1745 nec
1890 1701 2014 1745 ante

445 1804 547 1843 nec
574 1799 756 1858 postea
781 1789 881 1841 fuit
915 1786 993 1841 illi
1033 1785 1225 1841 similis
1261 1785 1549 1855 quisquam
1586 1800 1747 1853 super
1788 1793 2009 1851 terram,

446 1881 568 1950 quis
590 1896 653 1935 ex
701 1881 782 1934 his
816 1880 904 1951 qui
937 1890 1059 1934 sunt
1100 1893 1261 1949 super
1299 1889 1526 1944 terram,
1560 1875 1717 1947 juxta
1756 1877 2011 1932 meritum

444 1975 810 2027 narrationem
849 1972 932 2027 vel
960 1972 1170 2026 Iaudem
1209 1970 1281 2025 illi
1317 1970 1574 2024 exhibere
1607 1970 1828 2038 potest?
1890 1968 2003 2024 Non

444 2065 616 2119 solum
648 2066 789 2118 enim
818 2078 1006 2117 omnes
1029 2062 1300 2126 homines,
1348 2062 1441 2117 sed
1495 2073 1624 2131 puto
1651 2063 1793 2130 quod
1822 2072 1873 2116 et
1911 2076 2007 2115 au-

440 2158 542 2212 deo
574 2158 774 2219 dicere,
810 2157 973 2210 etiam
1034 2155 1179 2224 ipsos
1231 2154 1472 2225 angelos,
1503 2165 1663 2223 atque
1690 2170 1877 2209 omnes
1901 2155 2009 2207 dae-

438 2262 627 2325 tuones
658 2247 945 2314 perterruit
980 2245 1080 2300 Job
1114 2247 1398 2299 tolerantia
1434 2256 1487 2300 et
1513 2245 1813 2302 constantia
1845 2254 2008 2313 atque

2126 1053 2261 1107 alios
2298 1053 2647 1108 nihilominus
2682 1054 2750 1107 ad
2801 1053 2984 1107 odium
3027 1054 3291 1108 adversus
3335 1054 3584 1121 invicem,
3617 1058 3681 1110 ad

2122 1146 2521 1202 contentionem
2563 1159 2777 1213 quoque
2811 1154 2866 1199 et
2888 1146 3153 1215 jurgium.
3177 1145 3269 1200 Sic
3302 1146 3445 1199 enim
3478 1160 3594 1198 cum
3620 1146 3682 1201 ad

2122 1237 2357 1291 invicem
2408 1235 2766 1305 litigaverint,
2804 1235 2857 1289 in
2888 1235 2994 1290 hoc
3028 1250 3085 1289 se
3120 1235 3423 1289 defensura:
3452 1245 3595 1302 sunt,
3627 1244 3682 1288 ut

2120 1330 2263 1384 viros
2289 1342 2417 1383 suos
2471 1327 2732 1382 adversus
2776 1327 3010 1381 invicem
3052 1328 3336 1383 concitent
3366 1328 3432 1382 ad
3463 1328 3678 1391 bellum,

2118 1420 2183 1474 ad
2210 1418 2555 1474 inimicitiam
2592 1433 2807 1488 quoque
2841 1429 3005 1490 atque
3036 1420 3408 1489 iniquitatem.
3452 1418 3563 1474 Hoc
3608 1419 3682 1472 ni.

2119 1512 2317 1565 mirum
2364 1520 2626 1579 operatur
2676 1526 2773 1580 per
2816 1525 2912 1567 cas
2963 1511 3388 1581 malignissimus
3418 1510 3678 1577 diabolus,

2117 1607 2451 1663 succendens
2482 1617 2647 1674 atque
2700 1606 3042 1662 inllammans
3064 1607 3236 1662 corda
3268 1622 3457 1662 eorum
3493 1606 3607 1661 zelo
3627 1614 3680 1662 et

2116 1698 2196 1753 ira
2237 1717 2250 1753 :
2298 1710 2353 1754 et
2398 1700 2470 1753 ita
2515 1698 2761 1754 infelices
2789 1700 2938 1755 viros
2960 1715 3087 1754 suos
3125 1708 3181 1753 et
3228 1701 3370 1755 circa
3405 1700 3592 1764 Deum,
3625 1707 3681 1756 et

2115 1787 2261 1841 circa
2294 1787 2527 1841 invicem
2558 1787 2790 1843 odibiles
2822 1789 3076 1853 reddunt,
3112 1800 3165 1843 ut
3195 1790 3285 1843 Dei
3319 1790 3451 1843 iram
3488 1790 3677 1860 acqui-

2115 1890 2261 1946 rant,
2319 1888 2373 1934 et
2433 1881 2579 1934 circa
2631 1882 2860 1935 invicem
2914 1881 3121 1935 inimici
3174 1892 3575 1951 permaneant:
3626 1893 3679 1939 et

2114 1975 2255 2042 quod
2286 1985 2367 2028 est
2398 1975 2690 2027 maximqu
2722 1990 2842 2029 cum
2874 1974 3174 2027 debuerant
3224 1974 3550 2029 unanimiter
3578 1990 3673 2044 pro

2114 2065 2340 2118 invicem
2397 2066 2656 2120 adversus
2699 2064 2947 2119 inimicos
2978 2080 3106 2119 suos
3144 2076 3309 2133 atque
3341 2067 3678 2121 advasarios

2110 2165 2277 2221 stare,
2330 2156 2443 2209 sive
2492 2156 2656 2219 intus,
2707 2153 2825 2208 sive
2864 2155 3016 2217 foris,
3062 2156 3175 2209 sive
3204 2156 3254 2208 in
3286 2155 3444 2219 bello,
3477 2160 3591 2209 sive
3625 2157 3677 2211 in

2112 2250 2330 2319 prmliis,
2389 2261 2443 2303 et
2482 2249 2582 2303 sibi
2633 2248 2861 2302 invicem
2906 2234 3183 2301 intendere
3229 2259 3389 2316 atque
3438 2247 3674 2326 invicem.

435 2338 592 2401 ﬁdes,
634 2354 753 2392 cum
800 2338 961 2391 iterra
998 2346 1050 2390 et
1093 2336 1259 2389 lutum
1285 2339 1558 2406 superavit
1583 2352 1796 2391 omnem
1833 2338 2002 2391 virtu-
2034 2325 2075 2379 Β
2111 2342 2383 2409 adjuvare,
2407 2354 2461 2397 et
2490 2355 2677 2397 mutuo
2726 2356 2910 2397 amore
2961 2350 3107 2409 terga
3154 2341 3479 2403 defendere,
3528 2325 3679 2410 repe¥

437 2443 542 2487 tem
575 2447 638 2484 ac
661 2428 1031 2483 fortitudinem
1067 2437 1227 2497 atque
1277 2444 1489 2483 onmem
1525 2433 1815 2482 versutiam
1848 2431 2001 2483 mali-

436 2522 679 2594 gnissimi
710 2521 947 2585 diaboli,
980 2522 1069 2589 qui
1098 2536 1224 2574 cum
1279 2522 1555 2588 acceperit
1587 2521 1637 2573 in
1673 2536 1794 2573 enin
1856 2531 2005 2589 pole-

432 2624 653 2677 statem,
707 2622 902 2666 cuncta
958 2612 1072 2665 haec
1126 2611 1179 2664 in
1231 2624 1296 2665 eo
1340 2611 1605 2678 exercuit,
1658 2626 1775 2680 quae
1823 2613 2002 2665 omnia

435 2705 598 2760 corda
653 2705 705 2758 in
756 2717 1004 2774 pavorem
1049 2703 1343 2769 deducunt,
1400 2713 1453 2757 et
1507 2718 1720 2757 omnem
1764 2704 2000 2756 animam

430 2807 649 2867 stupere
709 2797 934 2851 faciunt.
987 2795 1150 2867 Cujus
1198 2796 1340 2850 enim
1386 2795 1610 2849 alterius
1672 2804 1996 2863 potestatem

430 2890 639 2959 accepit
665 2888 955 2958 aliquando
982 2886 1243 2954 diabolus,
1269 2887 1373 2942 nisi
1399 2888 1566 2941 solius
1596 2886 1738 2941 Job?
1767 2887 1822 2940 Si
1853 2888 1998 2942 enim

430 2982 652 3037 alterius
694 2981 983 3051 cujuslibet
1016 2990 1337 3049 potestatem
1386 2980 1687 3047 accepisset
1731 2978 1995 3043 diabolus,

430 3072 679 3141 profecto
727 3089 832 3127 non
876 3072 1091 3136 lateret,
1128 3073 1221 3126 sed
1256 3071 1345 3126 ille
1388 3071 1528 3126 ineo
1557 3072 1697 3141 quod
1723 3072 1888 3125 etiam
1945 3071 1996 3124 in

430 3163 532 3220 Job
586 3164 826 3219 exercuit
880 3164 1237 3232 perfecisset:
1300 3163 1454 3233 cujus
1492 3178 1605 3216 rem
1676 3161 1994 3216 familiarem

430 3256 702 3327 perdidit,
736 3256 886 3325 cujus
935 3269 1133 3323 corpus
1176 3254 1462 3324 putredine
1500 3268 1563 3307 ac
1595 3256 1868 3307 vermibus
1915 3270 1998 3308 re-

433 3347 637 3418 plevit,
672 3346 758 3400 cui
796 3346 1053 3415 reliquias
1102 3362 1199 3417 pro
1247 3345 1618 3401 consolatione
1652 3361 1753 3398 non
1802 3346 1996 3399 dereli-

427 3443 563 3510 quit,
610 3441 695 3495 cui
730 3453 876 3508 spem
912 3439 1102 3494 salutis
1132 3454 1235 3492 non
1274 3438 1501 3502 dimisit,
1549 3437 1641 3493 sed
1673 3438 1839 3492 solam
1872 3455 1997 3491 uxo-

427 3551 540 3590 rem
567 3549 664 3604 pro
699 3531 1129 3603 supplantatione
1169 3530 1242 3583 illi
1294 3529 1540 3597 reliquit,
1574 3543 1667 3598 per
1698 3545 1856 3599 quam
1900 3545 1994 3584 no-

424 3626 700 3680 vissimam
762 3639 821 3678 ac
855 3623 1202 3678 saavissimam
1245 3621 1389 3674 illam
1438 3622 1687 3690 sagittam
1724 3622 1993 3675 seductio—

424 3718 512 3776 nis
541 3726 699 3785 atque
728 3714 1178 3784 supplantationis
1211 3714 1262 3768 in
1287 3728 1408 3767 eum
1434 3713 1653 3767 dimisit.
1685 3712 1789 3767 Sed
1814 3729 1994 3781 quem-

426 3809 717 3863 admodum
775 3808 869 3875 qui
918 3809 985 3861 ad
1018 3818 1228 3870 petram
1263 3805 1622 3875 sagittaverit,
1677 3815 1843 3874 petra!
1873 3805 1992 3873 qui-

423 3904 543 3955 dem
588 3899 720 3954 nihil
751 3899 901 3963 facit,
930 3913 1117 3953 omnes
1151 3912 1281 3951 vero
1312 3898 1533 3967 sagittas
1557 3897 1608 3950 in
1644 3896 1988 3966 semetipsum

428 3993 736 4048 convertit:
769 3993 842 4045 ita
876 3990 1239 4059 nequissimus
1266 3989 1513 4043 diabolus
1553 4003 1673 4042 cum
1706 3988 1987 4043 inviolabi-

418 4085 526 4140 lem
584 4094 792 4155 petram
821 4082 942 4148 Job,
971 4092 1131 4151 atque
1169 4081 1652 4135 incontaminatum
1706 4081 1989 4150 sagittaret

418 4178 795 4241 adamantem,
827 4174 1175 4243 semetipsum
1205 4171 1512 4226 vulneravit
1541 4186 1606 4224 ac
1635 4170 1850 4240 dejecit,
1881 4168 1983 4226 Job

421 4283 555 4325 vero
589 4267 722 4322 nihil
756 4264 903 4322 fecit.
945 4266 1067 4319 ch
1115 4264 1396 4318 audientes
1438 4262 1617 4318 cuncti
1672 4261 1982 4327 credentes,

415 4362 713 4417 observent
760 4373 817 4412 se
877 4357 1166 4426 diligenter
1219 4372 1247 4408 a
1303 4354 1459 4409 malis
1502 4353 1808 4423 colloquiis,
1857 4353 1980 4422 quia

418 4459 760 4519 corrumpunt
817 4464 985 4502 mores
1037 4449 1195 4500 bonos
1236 4446 1497 4515 colloquia
1544 4444 1687 4498 mala
1726 4443 1798 4509 ",
1845 4444 1985 4499 sicut

360 4538 365 4543 ”
418 4555 542 4613 post
578 4543 695 4597 hate
724 4541 856 4595 dicit
893 4538 1206 4608 Apostolus.
1240 4538 1544 4592 Observent
1567 4551 1627 4591 se
1656 4546 1811 4591 caute
1838 4547 1892 4590 et
1916 4535 1985 4589 ab

423 4634 616 4690 amicis
638 4642 693 4686 et
727 4630 1003 4687 sodalibus
1029 4639 1081 4682 et
1113 4644 1143 4682 a
1175 4629 1487 4683 domesticis
1525 4637 1582 4683 et
1620 4642 1649 4681 a
1679 4628 1985 4696 persuasio-

417 4727 581 4783 nibus
635 4735 791 4793 atque
830 4720 1291 4777 concitationibus
1334 4736 1522 4776 eorum
1568 4738 1581 4776 :
1628 4722 1753 4790 quia
1805 4721 1982 4774 omnis

419 4819 630 4873 amicus
654 4814 1007 4885 supplantaus
1038 4813 1375 4882 supplantat,
1410 4824 1572 4881 atque
1602 4812 1867 4866 fallaciter
1898 4812 1981 4864 in-

413 4910 579 4967 cedit.
608 4908 840 4963 Maxime
888 4918 1069 4960 autem
1104 4907 1395 4959 observate
1442 4920 1557 4970 vos,
1605 4914 1766 4973 atque
1800 4912 1979 4957 atten-

2111 2435 2321 2487 riuntur
2340 2435 2439 2489 sibi
2470 2436 2700 2489 invicem
2725 2435 2926 2489 inimici
2961 2448 3024 2488 ac
3063 2434 3387 2502 proditores,
3414 2443 3577 2502 atque
3621 2434 3673 2486 in

2108 2527 2341 2596 prepriis
2370 2528 2539 2582 ruinis
2569 2529 2885 2598 gaudentes.
2937 2526 3069 2580 Haec
3111 2526 3365 2578 nimirum
3417 2526 3672 2579 universa

2107 2619 2359 2671 oriuntur
2382 2635 2447 2673 ex
2484 2620 2844 2690 malignarum
2888 2628 3051 2688 atque
3100 2617 3496 2671 contrariarum
3553 2631 3678 2669 uxo-

2110 2724 2226 2761 rmn
2262 2709 2611 2777 instigatione
2642 2726 2705 2763 ac
2736 2713 3092 2780 persuasione
3121 2729 3135 2763 :
3168 2723 3303 2777 quas
3332 2723 3437 2761 non
3478 2706 3679 2760 debent

2107 2804 2293 2857 audire
2322 2803 2396 2857 illi
2432 2804 2521 2870 qui
2550 2804 2692 2857 bene
2724 2803 3037 2874 intelligunt
3085 2802 3214 2868 viri,
3245 2801 3381 2854 sicut
3412 2814 3510 2854 nec
3543 2798 3677 2853 bea-

2102 2904 2189 2948 tus
2226 2893 2328 2948 Job
2366 2894 2596 2947 audivit.
2638 2893 2929 2963 Propterea
2963 2903 3048 2947 est
3079 2892 3189 2945 Deo
3217 2889 3593 2959 acceptabilis,
3620 2894 3676 2942 et

2104 2986 2222 3040 ideo
2253 2987 2392 3039 inter
2422 2985 2620 3039 choros
2648 2994 2963 3038 sanctorum
2996 2982 3372 3053 magnificatur
3396 2980 3447 3034 in
3486 2995 3676 3047 perpe-

2103 3086 2273 3131 tuum.
2314 3073 2383 3127 Ut
2432 3086 2606 3128 autem
2667 3076 2945 3126 audierunt
2983 3082 3085 3125 tres
3134 3072 3293 3124 amici
3337 3069 3451 3137 ejus
3493 3070 3676 3120 omnia

2101 3164 2255 3234 mala}
2283 3180 2400 3234 qua!
2428 3166 2473 3216 ei
2501 3166 2802 3217 acciderunt
2846 3163 2911 3215 ³⁰.
2957 3161 3027 3217 Ut
3101 3163 3414 3224 audierunt,
3472 3159 3671 3226 inquit.

2098 3258 2139 3309 A
2174 3272 2279 3327 quo
2304 3257 2623 3310 audierunt?
2650 3254 2891 3309 Primum
2938 3254 3151 3323 quidem
3178 3268 3206 3305 a
3245 3252 3673 3305 transeuntibus.

2100 3347 2231 3414 Quis
2262 3350 2405 3402 enim
2439 3357 2556 3402 erat
2577 3348 2666 3417 qui
2702 3363 2803 3401 nou
2842 3347 3157 3417 praedicaret
3186 3345 3258 3415 {ea
3286 3358 3404 3412 qua:
3437 3342 3539 3397 Joh
3584 3357 3676 3395 ae-

2099 3437 2382 3492 ciderunt?
2416 3437 2547 3489 Puto
2579 3438 2718 3505 quod
2751 3444 2803 3489 et
2841 3437 3011 3504 ipsum
3071 3434 3290 3502 pelagus
3320 3442 3374 3486 et
3400 3447 3514 3496 aer,
3542 3446 3675 3484 veno

2100 3540 2274 3583 torum
2312 3530 2659 3584 nihilominus
2710 3529 3029 3598 spirantium
3068 3528 3259 3591 ﬂabra,
3301 3525 3668 3581 miserabilem

2102 3623 2244 3677 illam
2280 3623 2477 3676 famam
2509 3631 2670 3690 atque
2706 3621 3051 3676 lamentabile
3088 3620 3217 3674 illud
3264 3619 3532 3679 nuntium,
3570 3633 3670 3687 per

2098 3728 2287 3768 omnes
2320 3713 2625 3783 provincias
2656 3712 3056 3767 ventilaveriut.
3105 3710 3279 3779 Super
3316 3709 3432 3763 hac
3480 3720 3670 3763 autern

2093 3820 2278 3859 omnes
2320 3805 2565 3859 homines
2612 3805 2703 3873 qui
2737 3805 2987 3858 viderunt
3034 3804 3173 3857 hanc
3219 3817 3328 3855 rem
3357 3811 3408 3854 et
3438 3801 3529 3869 qui
3564 3815 3670 3853 au-

2092 3898 2330 3961 dierunt,
2378 3898 2725 3951 audientibus
2774 3898 2888 3952 ha-c
2938 3896 3303 3966 divulgahant,
3340 3897 3451 3948 haec
3482 3895 3672 3948 nomi-

2092 3990 2313 4054 nabant,
2343 3991 2410 4044 de
2444 3990 2526 4044 his
2554 3990 2991 4056 sciscitabantur,
3017 3992 3082 4041 de
3118 3988 3202 4042 his
3231 3988 3671 4057 interrogabant,

2090 4090 2143 4135 et
2170 4082 2221 4135 in
2255 4081 2411 4144 vicis,
2451 4091 2505 4136 et
2538 4082 2589 4134 in
2629 4081 2802 4135 triviis
2841 4091 2894 4134 et
2939 4082 2991 4132 in
3030 4079 3221 4149 plateis
3245 4078 3497 4141 civitatis,
3524 4088 3583 4131 et
3607 4077 3670 4133 in

2088 4173 2388 4241 porticibus
2437 4174 2746 4239 domorum,
2798 4183 2852 4225 et
2911 4172 3001 4241 qui
3053 4173 3155 4225 iter
3194 4170 3443 4240 agebant,
3497 4178 3672 4238 atque

2087 4271 2275 4312 omnes
2300 4259 2387 4327 qui
2418 4259 2519 4313 sibi
2546 4261 2773 4313 invicem
2808 4259 3012 4328 ubique
3039 4259 3419 4323 occurrebant,
3450 4258 3569 4313 haec
3591 4259 3669 4312 ad

2087 4349 2406 4403 alterutrum
2448 4350 2828 4419 loquebantur,
2865 4351 3037 4404 dehis
3069 4364 3127 4403 se
3163 4348 3393 4404 invicem
3429 4349 3670 4402 interro-

2085 4443 2321 4507 gabant:
2353 4442 2593 4495 maxime
2640 4442 2676 4495 ii
2727 4442 2817 4509 qui
2869 4444 2935 4496 de
2970 4440 3262 4509 longinquo
3287 4438 3577 4493 veniebant
3605 4446 3670 4493 et

2085 4534 2266 4603 aliquo
2298 4533 2801 4602 proficiscebantur,
2829 4548 3019 4587 omnes
3052 4532 3252 4602 quibus
3271 4532 3663 4598 occurrebant,

2085 4622 2151 4677 de
2200 4622 2285 4677 his
2336 4623 2764 4693 interrogabant,
2809 4622 3053 4677 dicentes
3092 4640 3106 4676 :
3154 4621 3210 4676 Si
3261 4637 3444 4676 verum
3480 4633 3589 4684 est,
3623 4637 3665 4677 ο

2080 4714 2206 4779 viri,
2258 4714 2359 4767 hoc
2409 4714 2551 4782 quod
2591 4716 2654 4767 de
2695 4712 2796 4768 Job
2844 4713 3065 4779 dicitur,
3112 4713 3157 4768 si
3204 4728 3390 4768 verum
3421 4723 3507 4768 est
3551 4714 3665 4768 hoc

2080 4806 2222 4875 quod
2252 4806 2318 4859 de
2338 4806 2485 4875 justo
2516 4804 2603 4858 illo
2634 4805 2978 4874 praedicatur,
3006 4802 3160 4871 cujus
3192 4803 3419 4872 justitiis
3446 4803 3658 4857 ctelum

2080 4907 2135 4951 et
2169 4907 2311 4951 terra
2363 4905 2529 4965 atque
2575 4910 2768 4949 omnes
2816 4896 3067 4951 homines
3121 4904 3469 4959 attestantur,
3504 4895 3661 4963 quod

415 5006 528 5059 dite
557 5002 841 5056 animabus
870 4996 1089 5063 vestris,
1111 5012 1144 5050 ο
1166 4997 1293 5061 viri,
1330 4997 1397 5050 ab
1435 4996 1623 5050 uxoris
1652 4995 1973 5049 concitatio—
2006 5013 2055 5072 ι)
2082 4998 2189 5041 tam
2225 5002 2410 5042 amare
2440 4987 2676 5041 miseriis
2701 4985 2932 5041 aﬂlictus
2960 4988 3051 5051 sit,
3101 4988 3247 5057 quod
3278 4996 3383 5040 tam
3418 4986 3663 5041 misera-

413 5095 573 5153 nibus
609 5104 770 5163 atque
797 5092 952 5145 malis
986 5089 1444 5160 iustigationibus.
1492 5087 1601 5141 Per
1642 5089 1782 5142 hanc
1824 5091 1967 5141 enim

410 5192 464 5246 in
493 5188 681 5244 ultimo
708 5186 1057 5257 supplantare
1089 5182 1190 5237 Job
1224 5182 1381 5234 nisus
1428 5190 1511 5233 est
1564 5178 1829 5238 diabolus,
1874 5191 1969 5246 per

412 5289 560 5343 hanc
590 5296 849 5352 superare
881 5276 1120 5348 speravit
1158 5274 1329 5337 illum,
1365 5288 1521 5341 quem
1555 5286 1652 5341 per
1705 5270 1966 5339 plurimos

406 5391 572 5447 atque
622 5376 865 5444 ingentes
929 5368 1139 5424 dolores
1179 5380 1434 5432 superare
1487 5379 1590 5417 non
1637 5362 1828 5430 potuit.
1862 5359 1967 5413 Per

408 5475 541 5528 istas
576 5470 740 5524 etiam
774 5482 917 5521 nunc
938 5463 1195 5533 plurimos
1220 5457 1503 5519 subvertit,
1536 5469 1629 5523 per
1654 5455 1784 5507 istas
1804 5454 1966 5506 etiam

413 5579 556 5618 nunc
580 5561 844 5632 plurimos
874 5558 939 5611 ad
984 5554 1121 5609 mala
1150 5548 1456 5620 persuadet,
1497 5543 1629 5598 alios
1660 5545 1724 5597 ad
1755 5543 1959 5596 calum-

1453 5734 1497 5768 ³ο
1519 5733 1619 5791 Job
1644 5748 1704 5798 ll,
1733 5729 1815 5783 11.

472 5750 519 5780 ³⁸
542 5747 641 5804 .lob
676 5762 735 5807 ιι.
763 5746 819 5800 5.
898 5741 986 5795 "1
1015 5740 1139 5798 Cor.
1166 5754 1255 5806 xv,
1289 5737 1378 5793 55.

2081 5079 2259 5134 biliter
2287 5094 2575 5148 percussus
2608 5079 2732 5132 sit?
2773 5077 2900 5132 Haec
2944 5087 3105 5147 atque
3158 5078 3242 5132 bis
3286 5076 3482 5130 similia
3522 5092 3658 5133 cum

2078 5171 2394 5239 loqmmtur,
2424 5170 2713 5224 veritatem
2750 5169 2817 5223 ab
2844 5171 2925 5223 eis
2962 5171 3030 5223 de
3059 5169 3124 5222 iis
3150 5183 3268 5238 quae
3289 5180 3662 5235 provenerant

2079 5266 2322 5328 audiunt,
2359 5280 2518 5333 quam
2580 5265 2632 5317 in
2689 5262 3000 5330 longinquo,
3038 5262 3088 5316 in
3118 5276 3332 5316 omnem
3369 5262 3656 5330 regionem

2079 5372 2144 5412 ac
2193 5356 2523 5427 provinciam
2576 5357 3013 5423 deportaverunt.
3073 5352 3410 5422 Quocunque
3460 5352 3659 5422 itaque

2079 5449 2442 5518 pervenerint,
2477 5463 2665 5503 omnes
2692 5449 2940 5515 regiones
2979 5460 3042 5499 ac
3071 5444 3405 5515 provincias,
3450 5444 3660 5498 civita-

2078 5552 2158 5597 tes
2178 5554 2391 5611 quoque
2418 5550 2579 5609 atque
2617 5538 2865 5605 castella,
2889 5535 3188 5593 miserabili
3227 5536 3328 5590 hoc
3370 5536 3571 5591 nuntio
3592 5543 3657 5590 et
