3884 6218
241 351 347 407 497

1339 336 1724 396 ANONYMUS
1762 334 1828 390 IN
1862 333 2003 391 JOB.
2044 364 2113 374 -—
2150 333 2279 389 LIB.
2316 332 2403 389 111.

3389 327 3494 383 498

240 460 577 519 lamentabili
609 459 751 513 fama
788 457 1160 528 repleverunt.
1212 456 1515 509 Audierunt
1553 468 1683 524 ergo
1711 461 1820 505 tres
1848 456 1895 512 Α
1923 449 2165 503 omnium
2192 448 2423 502 tiliorum
2448 459 2671 501 suorum
2695 436 3094 498 lamentabilem
3112 441 3492 508 perditionem,

242 556 460 612 sodales
496 553 579 606 vel
621 552 780 605 amici
806 551 925 621 ejus
967 550 1067 603 hoc
1108 549 1249 617 quod
1278 547 1390 615 jam
1422 544 1675 600 omnibus
1700 553 1816 597 erat

242 657 453 704 certum
486 655 649 714 atque
693 644 991 713 cognitum,
1041 642 1329 695 audierunt
1358 640 1523 693 etiam
1552 638 1661 691 isti.
1687 635 1821 690 Nam

242 736 385 793 nihil
438 742 520 788 est
576 734 649 787 ita
708 730 1086 801 praedicabile,
1148 730 1289 785 sicut
1346 727 1526 799 magni
1587 725 1823 780 hominis

245 830 423 884 ruina.
456 826 589 881 Cum
615 826 758 880 enim
790 824 1018 893 quilibet
1058 839 1123 876 ex
1158 821 1457 875 humilibus
1486 818 1553 873 ad
1584 817 1824 872 sublimi-

243 930 411 976 tatem
450 917 780 988 pervenerit,
824 931 929 970 non
971 915 1043 969 ita
1085 914 1285 984 ubique
1317 913 1436 983 ejus
1486 910 1694 966 auditio
1739 909 1821 974 fit,

243 1012 387 1068 sicut
422 1027 543 1067 cum
593 1010 715 1079 quis
767 1023 831 1063 es
877 1008 1201 1064 sublimibus
1260 1004 1579 1061 humiliatus
1638 1000 1820 1066 fuerit,

241 1106 388 1163 sicut
414 1119 537 1158 cum
576 1105 698 1172 quis
733 1117 963 1173 magnus
994 1102 1288 1165 interierit,
1327 1098 1653 1169 quantocius
1695 1110 1824 1150 ven-

245 1205 427 1251 torum
477 1193 666 1248 ﬂabris
718 1192 860 1245 fama
909 1190 1025 1258 ejus
1076 1206 1292 1245 onmem
1348 1188 1622 1260 regionem
1659 1197 1823 1254 atque

249 1301 471 1345 omnem
507 1286 747 1338 auditum
794 1291 1064 1351 penetrat.
1108 1280 1252 1350 Ergo
1291 1282 1416 1350 quia
1470 1281 1539 1334 ita
1578 1279 1824 1350 provenit

243 1381 317 1435 de
336 1378 485 1448 justo
511 1376 634 1440 Job,
673 1375 908 1443 ideoque
948 1388 1072 1426 cum
1113 1387 1304 1427 omnes
1351 1381 1406 1427 et
1450 1371 1542 1439 qui
1571 1385 1737 1439 prope
1769 1377 1825 1423 et

243 1472 339 1542 qni
385 1471 543 1537 longe
592 1476 751 1521 erant
804 1465 1104 1525 audissent,
1153 1464 1445 1518 audierunt
1497 1463 1660 1517 etiam
1711 1472 1822 1516 tres

243 1564 404 1619 amici
439 1565 557 1630 ejus
598 1560 781 1613 omnia
827 1559 963 1613 mala
997 1574 1116 1629 qua:
1159 1558 1209 1611 ei
1247 1556 1581 1610 acciderunt.
1628 1551 1819 1607 Volue-

244 1665 372 1709 runt
409 1654 652 1709 nonnulli
706 1653 890 1707 dicere
939 1651 1081 1721 quod
1124 1650 1397 1704 daemones
1446 1648 1527 1700 eis
1560 1646 1823 1715 praedica-

244 1748 457 1809 verint,
501 1747 642 1810 quod
679 1744 861 1799 nullus
917 1758 983 1797 ex
1040 1740 1374 1812 sapientibus
1430 1740 1643 1808 recipit.
1699 1737 1820 1791 Bla-

1927 555 2046 609 qute
2081 540 2182 593 sub
2212 554 2320 592 uno
2364 539 2469 592 ictu
2504 537 2748 591 omnium
2783 533 2923 589 facta
2956 543 3039 589 est
3074 532 3313 602 pariter?
3350 530 3490 597 Quo-

1923 633 2083 687 modo
2113 631 2383 686 sustineat
2422 628 2499 684 rei
2543 627 2831 682 familiaris
2880 626 3275 693 praecedentem
3318 623 3498 693 jact-t-

1926 723 2075 776 ram?
2103 721 2384 788 Quomodo
2418 718 2689 772 sustineat
2737 714 3033 769 terribilem
3076 722 3237 780 atque
3262 711 3497 766 saevissi-

1924 829 2063 869 mam
2082 813 2323 883 corporis
2344 810 2594 881 plagam?
2618 808 2719 862 Pro
2743 808 2847 873 Itis,
2881 807 3151 873 inquiunt,
3168 804 3439 868 niiinibns,
3465 821 3498 856 0

1921 907 2046 969 viri,
2066 904 2269 974 justum
2298 915 2380 958 est
2408 901 2680 956 consolari
2713 898 3144 953 consolationem
3176 911 3279 949 non
3302 895 3499 950 haben-

1924 1007 2053 1063 tem,
2079 995 2183 1051 nisi
2218 995 2388 1050 solam
2424 996 2475 1048 in
2506 994 2613 1048 Dco
2636 1007 2787 1059 spem
2816 989 3130 1045 habentem.
3158 987 3280 1042 “th
3319 990 3499 1058 itaque

1925 1089 2172 1144 universa
2213 1088 2279 1141 ad
2318 1087 2551 1141 invicem
2597 1085 2913 1153 loquentes,
2955 1082 3067 1135 sive
3109 1096 3204 1149 per
3256 1080 3494 1143 nuntios,

1923 1181 2038 1235 sive
2058 1196 2153 1251 per
2170 1179 2496 1247 scripturam
2522 1177 2646 1231 boni
2663 1175 2741 1229 illi
2760 1189 2822 1229 ac
2845 1173 3082 1243 religiosi
3112 1172 3209 1224 viri
3234 1181 3499 1225 venerunt

1923 1271 2083 1327 simul
2109 1273 2173 1326 ad
2204 1286 2325 1325 eum
2369 1267 2737 1337 unusquisque
2774 1266 2839 1319 de
2890 1264 3105 1318 civitate
3138 1278 3266 1326 sua,
3293 1272 3351 1314 ut
3376 1275 3497 1314 con-

1924 1361 2232 1417 solarentur
2259 1373 2314 1414 et
2343 1359 2627 1412 visitarent
2669 1357 2841 1410 illum.
2892 1356 2958 1419 Ο,
2995 1354 3263 1423 inquiunt,
3300 1352 3385 1407 ille
3405 1352 3493 1420 qui

1926 1457 1978 1509 in
2012 1453 2264 1508 omnibus
2298 1453 2525 1520 justitiis
2555 1451 2930 1506 testimonium
2972 1448 3187 1508 habuit.
3237 1458 3495 1515 tanquam

1925 1560 2065 1601 unus
2103 1546 2422 1616 specialiter
2455 1562 2520 1599 ex
2552 1542 2773 1612 injustis
2805 1542 3052 1611 punitur.
3090 1540 3182 1593 Ille
3216 1541 3336 1593 sine
3364 1553 3496 1608 que-

1927 1639 2036 1693 rela
2069 1654 2273 1701 verus,
2305 1636 2639 1699 misericors,
2697 1645 2951 1703 tanquam
3005 1646 3144 1684 unus
3196 1645 3263 1683 ex
3316 1630 3496 1698 impiis

1928 1745 2217 1801 percussus
2246 1728 2528 1799 afﬂigitur.
2574 1728 2665 1781 Ille
2692 1727 2783 1796 qui
2818 1737 2939 1782 erat
2972 1723 3066 1777 Dei
3108 1724 3307 1787 cultor,
3332 1731 3496 1790 atque

244 1837 511 1906 sphemiae
538 1838 682 1889 enim
715 1851 896 1889 sermo
920 1845 1005 1889 est
1040 1834 1148 1888 hic.
1185 1831 1315 1886 Nam
1348 1831 1420 1886 illi
1454 1831 1552 1884 viri
1581 1830 1673 1885 Dei
1706 1830 1821 1883 cul-
1855 1804 1898 1861 Β
1929 1823 2159 1877 filiorum
2217 1838 2440 1876 suorum
2491 1820 2759 1875 sollicitus
2803 1819 2954 1873 circa
3005 1819 3168 1872 Demn
3212 1814 3494 1878 sacerdos,

246 1938 399 1985 tores
446 1928 682 1996 fuerunt,
725 1938 910 1999 utpote
937 1927 1037 1984 101)
1094 1927 1307 1983 sodales
1344 1935 1503 1996 atque
1530 1925 1714 1989 amici,
1749 1925 1821 1995 pii

250 2039 318 2078 ac
360 2023 473 2076 Deo
499 2025 801 2077 credentes.
837 2022 951 2076 Non
978 2023 1124 2076 enim
1166 2019 1578 2090 amplexabatur
1605 2016 1709 2074 Job
1738 2017 1823 2086 jn-

252 2125 394 2179 stus,
428 2114 661 2183 injustos
690 2116 774 2167 vel
834 2114 1029 2183 impios
1080 2113 1229 2167 viros
1262 2111 1465 2165 amicos
1498 2125 1560 2164 ac
1607 2109 1819 2165 sodales

249 2214 472 2271 habere.
500 2212 709 2269 Idcirco
735 2214 807 2267 ita
838 2212 1205 2283 percipiamus
1247 2225 1345 2265 nos
1369 2209 1458 2278 qui
1483 2208 1648 2263 Deum
1670 2207 1825 2261 time-

250 2321 395 2369 mus,
427 2304 567 2375 quod
612 2304 783 2361 sancti
830 2303 1004 2373 angeli
1056 2304 1122 2356 ad
1150 2314 1243 2356 eos
1290 2301 1589 2367 venientes,
1623 2300 1738 2354 sive
1768 2299 1821 2352 in

248 2412 460 2462 somno,
488 2397 673 2451 sivein
692 2394 913 2466 vigiliis,
950 2395 1349 2448 admonuerunt
1372 2406 1464 2447 eos
1493 2400 1552 2447 ut
1574 2389 1825 2446 celeriter

248 2490 527 2553 venirent,
579 2498 633 2541 et
678 2488 877 2556 justum
919 2485 1067 2540 illum
1109 2484 1342 2538 amicum
1386 2482 1819 2538 consolarentur.

249 2561 810 2635 Venientibusautem
843 2578 947 2631 illis
970 2576 1115 2641 illuc,
1145 2585 1203 2627 ut
1223 2573 1482 2644 putabant
1506 2572 1825 2643 insipienter

252 2688 314 2728 se
349 2688 447 2742 pro
480 2673 593 2727 Deo
634 2680 800 2733 stare,
852 2668 1071 2723 inventa
1114 2666 1406 2721 occasione
1458 2662 1825 2734 nequissimus

253 2766 471 2820 daemon
514 2766 580 2817 ad
626 2761 1012 2831 blasphemiam
1037 2759 1168 2826 justi
1229 2756 1331 2813 101)
1382 2757 1504 2813 illos
1531 2759 1823 2813 convertit.

247 2854 387 2908 Nam
418 2854 559 2909 sicut
589 2867 813 2906 uxorem
839 2849 1218 2919 ejus,-pridetn
1252 2864 1376 2901 cum
1401 2858 1545 2902 esset
1576 2847 1825 2917 religiosa

251 2944 703 3020 atquepmnibns
734 2941 961 3010 justitiis
1001 2941 1051 2997 ei
1090 2940 1459 3005 consentiens,
1488 2940 1542 2993 in
1574 2939 1825 3009 blasphe-

252 3024 420 3092 miam
446 3033 774 3097 immutavit,
799 3032 879 3086 sic
904 3038 958 3087 et
983 3039 1315 3086 memoratos
1335 3031 1505 3084 viros.
1533 3029 1611 3084 De
1630 3029 1826 3099 quibus

251 3130 389 3183 dicit
411 3129 533 3182 istic
566 3140 581 3179 :
609 3127 891 3179 Audientes
917 3134 1019 3178 tres
1049 3122 1205 3176 amici
1221 3121 1335 3191 ejus
1358 3122 1533 3175 omnia
1554 3137 1668 3190 qua:
1687 3123 1829 3174 acci-
1854 3147 1900 3208 ο

250 3221 437 3273 derant
468 3218 536 3283 ei,
585 3216 811 3270 ﬁliorum
866 3214 1164 3275 interitum,
1228 3214 1302 3267 rei
1333 3212 1616 3267 familiaris
1641 3213 1821 3282 perdi-

254 3312 481 3372 tionem,
522 3308 768 3378 corporis
808 3305 1175 3375 putredinem,
1215 3304 1483 3360 vermium
1529 3305 1824 3360 comestio-

254 3417 403 3465 nem,
437 3402 735 3454 liberorum
774 3400 1012 3467 iniquam
1037 3397 1531 3465 consumptionem,
1576 3412 1683 3452 non
1710 3410 1826 3451 me-

259 3489 543 3555 diocriter,
591 3490 687 3543 sed
730 3486 1025 3541 miserabili
1076 3497 1241 3555 atque
1275 3485 1609 3540 lamentabili
1645 3486 1824 3547 modo.

257 3590 319 3634 ut
354 3581 607 3649 superius
652 3581 1082 3634 demonstratum
1120 3586 1224 3641 est,
1252 3577 1671 3633 condoluerunt.
1703 3577 1831 3631 Htec

256 3673 444 3743 itaque
472 3674 719 3726 universa
750 3672 1036 3725 audientes
1069 3678 1183 3721 tres
1221 3667 1434 3722 sodales
1476 3668 1617 3737 ejus,
1649 3669 1830 3722 obstu-

254 3770 518 3833 puerunt,
562 3770 618 3815 et
660 3762 965 3830 putatisne,
999 3759 1344 3828 inquientes,
1376 3759 1517 3811 unde
1555 3757 1669 3812 bene
1702 3758 1826 3812 uni-

254 3867 419 3907 versa
460 3853 852 3907 obvenerunt?
900 3852 1185 3906 Etutrum
1227 3850 1297 3904 sit
1324 3849 1480 3903 nobis
1506 3848 1750 3919 gravius,
1796 3864 1830 3904 0

253 3944 389 4008 viri,
432 3946 657 3999 hoccine
697 3945 843 4014 quod
882 3944 1090 3998 amicus
1130 3948 1317 3996 noster
1367 3940 1504 3996 tales
1540 3941 1830 4010 pertulerit

256 4036 536 4100 miserias,
579 4052 646 4089 an
690 4036 834 4105 quod
876 4035 1086 4090 Domini
1134 4029 1514 4088 amicus'talia
1568 4035 1831 4089 sustineat

256 4127 425 4193 mala,
456 4126 610 4195 cujus
624 4126 1106 4195 justitlcationibus
1131 4141 1195 4180 ac
1216 4125 1604 4180 misericordiis
1631 4126 1828 4180 coelum

256 4228 318 4273 et
348 4227 494 4272 terra
534 4218 907 4273 attestantur?
944 4218 1068 4273 11ωο
1101 4219 1312 4274 scilicet
1352 4217 1603 4271 universa
1635 4229 1694 4271 ut
1734 4233 1830 4270 au-

257 4309 501 4375 dierunt,
535 4318 699 4378 atque
730 4310 843 4364 haec
873 4311 939 4363 ad
964 4310 1196 4365 invicem
1236 4310 1362 4365 boni
1403 4309 1478 4363 illi
1515 4310 1727 4364 sodales
1760 4310 1832 4361 1ος

258 4402 373 4457 cuti
402 4410 561 4456 sunt:
595 4401 857 4455 Venerunt
888 4405 1063 4455 statim
1085 4402 1241 4456 simul
1266 4404 1334 4455 (td
1364 4419 1481 4456 eum
1506 4412 1558 4455 ut
1585 4404 1826 4456 consola-

1926 1925 2187 1982 lanquam
2256 1929 2398 1968 unus
2458 1928 2523 1966 ex
2588 1910 2803 1977 injustis
2857 1918 3161 1978 torquetur.
3232 1904 3494 1960 Venerunt

1922 2006 2082 2061 simul
2114 2006 2181 2059 ad
2221 2021 2360 2059 eum.
2413 2002 2741 2070 Quomodo?
2780 2000 3104 2055 Statuerunt
3145 2009 3378 2067 tempus,
3413 1997 3496 2051 dio

1925 2097 2096 2152 mensi
2126 2107 2249 2151 sunt
2291 2097 2455 2150 diem.
2508 2094 2786 2161 Quomodo
2804 2091 2965 2147 simul
2992 2092 3192 2160 pariter
3210 2098 3493 2152 venerunt,

1923 2199 1979 2244 et
2011 2204 2116 2242 non
2142 2187 2514 2256 unusquisque
2544 2202 2572 2239 a
2608 2201 2685 2251 se,
2721 2199 2894 2255 neque
2926 2199 3021 2252 per
3063 2200 3121 2237 se
3152 2183 3324 2251 ipsum
3352 2182 3375 2235 ?
3399 2183 3491 2236 Dei

1924 2278 2261 2349 providentia
2321 2286 2484 2346 atque
2537 2274 2630 2329 Dei
2682 2275 2998 2343 operatione
3042 2274 3114 2325 ita
3177 2274 3495 2342 disponente

1926 2379 2089 2438 atque
2117 2367 2455 2436 providente,
2486 2376 2542 2419 ut
2584 2381 2689 2421 non
2721 2365 2921 2436 singuli
2950 2375 3071 2434 post
3106 2375 3321 2433 tempus
3345 2366 3495 2418 veni-

1926 2472 2049 2515 rent
2071 2461 2139 2513 ad
2170 2468 2404 2527 tempus,
2458 2458 2553 2512 sed
2596 2473 2785 2513 omnes
2822 2458 3034 2521 statim,
3066 2470 3256 2509 oumes
3286 2457 3495 2525 pariter

1928 2565 2034 2605 uno
2075 2561 2343 2617 tempore,
2374 2564 2481 2603 uno
2505 2548 2612 2609 die.
2649 2563 2752 2602 una
2780 2549 2934 2610 liora,
2973 2557 3159 2616 utpote
3188 2546 3491 2611 unanimes,

1926 2648 2109 2708 utpote
2141 2651 2304 2691 unum
2348 2639 2668 2698 sentientes,
2711 2646 2892 2706 utpote
2926 2636 3242 2691 concordes.
3274 2634 3364 2690 Sic
3398 2650 3495 2689 ve-

1926 2738 2124 2784 nerunt
2144 2731 2209 2783 ad
2233 2745 2353 2784 eum
2388 2729 2548 2781 simul
2591 2728 2791 2793 subito,
2836 2738 3086 2796 tanquam
3123 2743 3290 2781 unum
3320 2726 3494 2781 Deum

1926 2826 2200 2882 colentes,
2254 2829 2511 2889 tanquam
2556 2816 2804 2872 Creatori
2850 2819 3173 2883 servientes,
3224 2828 3484 2886 tanquam

1927 2928 2091 2966 unum
2121 2910 2221 2966 Job
2272 2912 2580 2980 plenissime
2626 2909 2931 2979 diligentes.
2988 2907 3080 2963 Sic
3117 2910 3299 2978 itaque
3330 2922 3495 2962 vene-

1928 3014 2052 3057 runt
2111 3003 2313 3073 pariter
2376 3004 2441 3055 ad
2512 3001 2697 3054 Deum.
2744 2998 2895 3054 Unde
2955 3010 3136 3052 autem
3189 2998 3495 3052 venerunt?

1928 3094 2045 3152 Non
2075 3110 2142 3150 ex
2168 3110 2273 3149 una
2303 3093 2526 3147 civitate
2552 3105 2725 3161 neque
2755 3105 2864 3145 uno
2892 3090 3039 3156 loco,
3066 3104 3243 3158 neque
3265 3104 3328 3143 ex
3366 3104 3495 3159 pro-

1931 3186 2133 3253 vincia,
2166 3184 2251 3240 vel
2284 3185 2523 3253 regione,
2576 3197 2644 3236 ex
2679 3196 2779 3236 suo
2820 3180 3171 3234 nihilominus
3210 3194 3375 3249 regno
3406 3195 3495 3235 ve-

1934 3291 2139 3334 nerunt
2160 3277 2325 3332 simul
2346 3278 2412 3330 ad
2438 3291 2584 3331 eum.
2608 3274 2741 3329 Cum
2761 3272 3011 3327 omnibus
3034 3274 3175 3326 enim
3196 3271 3493 3336 miraculis,

1931 3358 2017 3426 est
2045 3372 2208 3424 etiam
2243 3369 2346 3422 hoc
2378 3369 2569 3437 ingens
2604 3364 2953 3428 miraculum,
2988 3372 3049 3416 ut
3077 3378 3199 3416 cum
3229 3362 3301 3416 ita
3335 3361 3495 3431 longe

1931 3480 1995 3518 ac
2033 3463 2137 3516 late
2166 3460 2235 3514 ab
2267 3460 2497 3514 invicem
2529 3468 2874 3511 morarentur
2898 3494 2914 3519 ,
2955 3455 3159 3523 pariter
3181 3455 3247 3507 ad
3277 3454 3493 3508 beatum

1929 3555 2031 3610 Job
2060 3554 2337 3616 venirent,
2377 3551 2750 3619 unusquisque
2790 3564 2857 3602 ex
2891 3564 2987 3605 sua
3031 3548 3253 3601 civitate
3291 3546 3347 3599 in
3385 3561 3491 3615 qua

1933 3648 2267 3710 morabatur,
2311 3644 2364 3699 in
2401 3659 2507 3713 qua
2541 3642 2822 3713 regnabat,
2868 3642 2923 3695 in
2957 3655 3063 3711 qua
3094 3639 3493 3695 dominabatur.

1934 3738 2320 3806 Unusquisque
2358 3750 2488 3802 ergo
2521 3749 2586 3789 ex
2632 3749 2727 3788 sua
2764 3736 2984 3788 civitate
3036 3733 3222 3797 venit,
3270 3732 3370 3786 hoc
3414 3742 3498 3786 est

1930 3846 1996 3886 ex
2024 3830 2245 3884 civitate
2277 3829 2425 3897 regni
2451 3826 2554 3881 sui.
2580 3825 2644 3879 Et
2668 3825 2736 3880 ob
2764 3839 2927 3894 quam
2957 3837 3068 3877 rem
3092 3820 3393 3876 venerunt?
3415 3822 3497 3874 Ad

1932 3922 2323 3977 consolandum
2351 3929 2515 3988 atque
2538 3918 2872 3972 visitandum
2898 3915 3069 3969 illum.
3113 3914 3179 3968 Et
3212 3927 3339 3968 vere
3364 3915 3492 3982 quia

1931 4013 2034 4083 ipsi
2063 4012 2281 4083 quidem
2322 4011 2390 4065 ob
2428 4010 2529 4064 hoc
2567 4018 2836 4064 venerunt
2876 4016 2935 4061 ut
2974 4006 3388 4062 consolarentur
3435 4019 3499 4058 ac

1931 4104 2217 4159 visitarent
2264 4102 2413 4157 illum
2448 4118 2463 4155 :
2512 4100 2606 4156 sed
2645 4099 3014 4169 nequissimus
3050 4097 3295 4153 diabolus
3325 4097 3499 4151 bono—

1933 4210 2054 4249 rum
2084 4209 2148 4248 ac
2169 4193 2437 4262 justorum
2476 4191 2731 4245 mimicus
2765 4192 2891 4245 odio
2916 4190 3121 4245 habens
3149 4188 3330 4243 omnia
3374 4201 3498 4256 qua:

1934 4287 2109 4356 diligit
2137 4290 2419 4348 Dominus,
2437 4295 2661 4354 accepta
2690 4282 2978 4338 occasione
3006 4296 3111 4351 qua
3140 4283 3303 4335 Deum
3325 4279 3497 4333 offen-

1934 4378 2129 4431 derent
2156 4385 2316 4445 atque
2367 4374 2458 4430 Dei
2483 4375 2774 4445 justitiam,
2804 4384 2858 4428 et
2886 4373 2986 4429 101)
3017 4375 3084 4428 (10
3126 4372 3407 4443 injustitiis
3445 4383 3502 4425 et

259 4501 449 4546 rentur
471 4508 589 4546 eum
610 4504 657 4547 et
683 4495 955 4547 visitarent
992 4494 1144 4548 illum
1170 4494 1234 4547 ³¹.
1264 4496 1307 4547 Α
1339 4494 1631 4562 prioribus,
1654 4495 1826 4559 aiunt,

1938 4471 2177 4540 peccatis
2199 4481 2541 4533 accusarent,
2580 4478 2788 4522 tantum
2822 4467 2944 4523 illos
2992 4465 3295 4520 immutavit
3340 4474 3501 4533 atque

259 4585 513 4654 patribus
562 4586 764 4640 nostris
804 4585 1130 4651 audivimus,
1160 4600 1194 4639 o
1236 4584 1359 4648 viri,
1386 4587 1530 4654 quod
1571 4587 1831 4653 antiquus

262 4674 356 4730 ille
403 4675 571 4730 frater
614 4676 699 4729 avi
758 4675 928 4730 nostri
983 4677 1120 4731 Esau
1164 4675 1331 4731 Jacob
1374 4677 1655 4731 duodecim
1698 4677 1836 4731 filios

267 4767 544 4831 habuerit,
585 4778 636 4821 et
677 4767 840 4821 filiam
873 4782 1034 4821 unam
1064 4781 1080 4821 :
1118 4783 1235 4821 eum
1266 4783 1433 4821 unum
1464 4784 1528 4821 ex
1557 4769 1832 4831 omnibus,

264 4865 327 4910 ut
356 4858 601 4925 putabat,
637 4858 982 4927 perdidisset,
1014 4866 1220 4911 tantum
1259 4856 1407 4911 illutn
1458 4873 1623 4910 unum
1674 4858 1833 4921 luxit,

264 4959 324 5005 et
366 4964 557 5005 omnes
606 4949 700 5003 lilii
746 4947 862 5017 ejus
895 4961 949 5003 et
985 4949 1111 5003 filia:
1153 4948 1337 5018 procul
1387 4948 1551 5003 dubio
1590 4959 1644 5002 et
1678 4949 1832 5002 multi

266 5040 504 5095 aliorum
536 5040 837 5095 amicorum
870 5041 1258 5095 convenientes
1306 5048 1529 5108 propter
1569 5055 1731 5092 unum
1772 5039 1835 5092 li-

274 5132 408 5186 lium
436 5131 701 5186 consolati
729 5140 855 5186 sunt
883 5146 1004 5185 eum
1033 5148 1047 5185 :
1085 5141 1140 5185 et
1172 5131 1345 5185 noluit
1373 5130 1642 5186 consolari
1667 5131 1835 5185 etiam

268 5223 526 5278 incolumi
552 5236 610 5277 re
634 5223 913 5287 familiari,
931 5233 986 5277 et
1004 5224 1219 5277 caeteris
1236 5223 1489 5277 omnibus
1533 5223 1837 5277 viventibus

267 5327 433 5385 atque
464 5315 699 5369 sanitate
736 5317 981 5386 corporis
1022 5324 1381 5384 permanente
1410 5333 1423 5367 :
1458 5324 1509 5368 et
1538 5329 1660 5367 cum
1694 5314 1835 5366 nulla

270 5421 359 5460 res
404 5414 551 5460 esset
598 5406 703 5460 alia
753 5422 873 5475 qua:
923 5422 1045 5460 eum
1099 5407 1467 5465 contristaret,
1522 5420 1625 5457 non
1666 5407 1842 5472 potuit

269 5492 586 5547 exhilarari.
636 5491 692 5544 Si
730 5501 906 5545 autem
958 5491 1045 5544 ille
1107 5489 1267 5545 Iacob
1323 5490 1393 5541 ita
1439 5490 1675 5557 graviter
1718 5489 1838 5541 tulit

274 5583 440 5637 unius
476 5582 569 5635 lilii
606 5582 1066 5651 desperationem,
1118 5579 1385 5649 quomodo
1434 5579 1698 5633 sustineat
1745 5576 1841 5633 Job

352 5768 395 5798 ³¹
428 5766 525 5823 Job
552 5782 609 5821 tt.

1935 4566 2216 4634 pervertit,
2252 4574 2312 4618 ut
2339 4564 2572 4633 amplius
2610 4562 2958 4616 exulceraret
2984 4574 3081 4614 cor
3117 4557 3219 4613 Job
3255 4572 3350 4626 per
3386 4555 3503 4609 lucc

1934 4672 2053 4726 qua:
2080 4656 2244 4711 locuti
2277 4667 2421 4718 sunt,
2455 4670 2616 4725 quam
2647 4669 2742 4725 per
2763 4668 2952 4708 omnes
2982 4652 3200 4707 dolores
3222 4663 3356 4718 quos
3387 4648 3500 4717 pri-

1935 4749 2057 4802 dem
2088 4749 2335 4801 exercuit
2365 4748 2599 4809 incum.
2648 4746 2777 4801 Nam
2827 4745 2958 4813 quid
2998 4752 3144 4798 esset
3186 4740 3504 4796 castissimae

1935 4838 2127 4891 anima?
2148 4835 2249 4892 Job
2270 4835 2545 4891 crudelius
2574 4852 2737 4904 quam
2768 4844 2826 4889 ut
2852 4836 2919 4889 ab
2947 4833 3144 4887 amicis
3172 4832 3238 4885 de
3266 4827 3503 4899 peccatis

1939 4929 2129 4984 fuisset
2178 4930 2496 4984 criminatus
2543 4942 2666 4982 cum
2711 4926 2932 4980 minime
2979 4923 3315 4993 deliquisset,
3352 4920 3505 4974 etde

1942 5022 2309 5091 impietatibus
2352 5020 2734 5089 reprehensus,
2758 5018 2849 5087 qui
2874 5026 2995 5072 erat
3025 5018 3092 5071 ab
3113 5017 3364 5070 omnibus
3388 5015 3493 5069 iiu-

1943 5113 2237 5184 pietatibus
2262 5113 2493 5174 alienus,
2520 5121 2572 5165 et
2596 5111 2737 5179 quod
2760 5124 2857 5179 pro
2886 5109 3125 5177 peccatis
3156 5107 3507 5162 sustinuisset

1942 5224 2131 5263 OllllIeS
2177 5207 2414 5271 dolores,
2460 5217 2513 5260 et
2552 5205 2693 5274 quod
2742 5219 2837 5273 pro
2877 5202 3139 5272 injustitia
3183 5199 3507 5254 obvenerint

1946 5302 2021 5356 illi
2073 5302 2185 5355 haec
2238 5301 2487 5353 universa
2540 5296 2723 5351 mala?
2772 5294 2926 5361 Quod
2969 5303 3145 5348 autem
3185 5294 3250 5346 ad
3300 5300 3505 5345 tantam

1949 5392 2339 5461 blasphemiam
2375 5393 2637 5444 adversus
2674 5387 2776 5443 Job
2815 5386 3160 5456 pervenerint
3190 5383 3279 5437 isti
3306 5382 3430 5445 viri,
3455 5387 3508 5434 et

1948 5502 2051 5538 non
2085 5483 2384 5547 timuerint,
2421 5481 2620 5534 diaboli
2662 5479 2831 5532 livore
2866 5486 3027 5546 atque
3074 5474 3190 5528 zelo
3233 5471 3507 5535 succensi,-

1908 5590 1913 5597 '
1947 5592 2011 5629 ex
2044 5574 2276 5644 propriis
2313 5589 2498 5628 eorum
2518 5570 2858 5627 sermonibus
2904 5565 3513 5634 cumprobatur,qucm-
