3884 6218
413 304 517 363 499

1505 307 1884 365 ΑΝΟΝΫΜΗΞ
1925 307 1990 362 IN
2028 306 2165 362 JOB.
2208 337 2273 346 ——
2312 306 2437 361 LIB.
2480 305 2568 362 Ill.

3558 310 3665 366 500

413 431 705 488 admodum
759 431 945 486 dicunt
992 431 1423 500 blasphemantes
1482 440 1645 502 atque
1694 432 1986 487 detrahen-
2016 435 2062 491 Α
2092 428 2348 483 arbitrati
2374 438 2499 483 sunt
2534 438 2589 482 et
2628 429 2731 483 hoc
2758 428 3013 483 dixerunt
3037 427 3112 482 illi
3141 427 3265 491 viri,
3292 428 3415 498 quia
3443 442 3564 482 cum
3593 428 3665 482 sit

417 533 497 579 tes
562 523 635 578 illi
686 542 700 576 :
746 522 825 576 'l‘u
868 525 991 593 quis
1043 526 1149 579 es?
1208 524 1332 592 quia
1390 524 1559 587 dicis,
1608 539 1713 578 non
1773 523 1988 593 peccavi

416 615 598 670 factis.
634 614 787 680 Quod
826 616 870 669 si
912 630 1017 670 non
1059 617 1367 685 peccasti,o
1402 614 1526 682 Job,
1552 627 1825 670 memento
1863 616 1989 685 quia

418 720 577 760 nemo
604 706 788 776 justus
812 707 993 776 periit,
1019 716 1111 761 aut
1146 707 1363 777 quando
1388 706 1482 763 Dei
1525 722 1713 762 servus
1740 707 1987 761 eradica-

418 798 603 854 bitur?
632 800 733 853 hoc
776 811 861 854 est
889 800 1027 854 sicut
1058 810 1135 855 tu.
1172 800 1375 854 Deinde
1400 815 1522 855 cum
1556 800 1758 869 ingenti
1790 801 1988 869 impro-

419 890 570 958 perio
598 901 653 945 et
689 890 1057 961 increpatione
1088 901 1248 961 atque
1271 893 1518 947 convicio
1544 911 1556 947 :
1582 891 1883 961 Quousque
1908 893 1985 947 lo-

418 984 603 1051 queris
624 984 851 1053 spiritus
876 984 1229 1053 multiloqua:
1261 1000 1359 1039 ore
1390 985 1523 1040 tuo?
1558 984 1811 1055 Nunquid
1847 985 1987 1040 Deus

420 1069 619 1137 injuste
648 1070 877 1138 judicat,
919 1072 1020 1127 hoc
1049 1082 1133 1127 est
1162 1073 1303 1127 sicut
1341 1084 1391 1130 te
1419 1076 1778 1142 peccantem?
1808 1077 1915 1129 Aut
1941 1077 1988 1129 is

419 1160 510 1228 qui
540 1162 722 1216 omnia
764 1164 994 1228 creavit,
1044 1165 1385 1234 perturbavit
1419 1166 1693 1235 justitiam
1719 1169 1742 1221 ?
1769 1168 1878 1223 Hoc
1901 1179 1985 1222 est

421 1252 465 1306 si
492 1252 542 1305 in
580 1262 631 1309 te
657 1264 800 1308 esset
822 1254 1056 1323 justitia,
1084 1271 1192 1310 non
1222 1259 1405 1326 utique
1435 1259 1777 1327 perturbaret
1807 1258 1987 1323 iustus

416 1340 581 1414 judex
604 1344 863 1412 judicium
894 1358 1057 1416 atque
1087 1348 1249 1401 vitam
1305 1361 1471 1403 tuam.
1515 1351 1649 1405 Nam
1683 1367 1806 1420 spes
1834 1352 1983 1420 impii

423 1436 617 1505 peribit
648 1438 787 1491 sicut
822 1449 876 1493 et
914 1449 1025 1504 tua,
1061 1442 1184 1508 quia
1223 1444 1422 1511 impius
1468 1458 1566 1497 es:
1615 1442 1984 1497 inhabitabilis

420 1532 598 1577 autem
628 1527 733 1579 crit
756 1543 875 1595 qua:
896 1529 994 1583 sub
1020 1530 1155 1584 caelo
1177 1541 1257 1584 est
1282 1533 1493 1597 domus,
1530 1534 1631 1586 hoc
1656 1543 1741 1587 est
1762 1533 1901 1586 sicut
1932 1544 1985 1588 et

418 1624 505 1667 tua
532 1634 543 1668 :
578 1616 788 1685 aliaque
814 1619 1095 1674 innumera
1126 1621 1210 1675 his
1244 1624 1489 1691 graviora
1515 1635 1677 1691 atque
1715 1624 1981 1678 amariora

415 1706 857 1777 blasphemantes
903 1713 967 1766 de
1006 1712 1157 1780 justo
1203 1714 1294 1769 illo
1344 1715 1511 1769 locuti
1559 1726 1704 1769 sunt.
1758 1716 1982 1783 Propter

2085 522 2264 591 justus
2298 522 2440 575 Deus
2468 535 2533 574 ac
2555 520 2751 584 bonus,
2774 519 2941 587 justis
2967 530 3130 590 atque
3156 520 3531 575 innocentibus
3552 536 3661 574 non

2090 614 2288 683 ingerit
2320 612 2481 666 mala.
2532 612 2686 679 Quod
2726 613 2770 667 si
2820 611 3202 668 innocentibus
3248 613 3387 666 mala
3434 613 3659 683 ingerit,

2089 706 2365 775 quomodo
2416 705 2593 760 bonus
2641 705 2729 761 vel
2780 703 2961 773 justus
3017 704 3487 774 coniprobahitur,
3534 719 3659 759 cum

2092 794 2402 863 huiusmodi
2435 794 2574 848 mala
2620 792 2720 849 Job
2746 794 3033 866 ingesserit
3070 794 3257 864 justo?
3288 794 3530 861 Oportet,
3579 794 3662 848 in-

2090 888 2305 956 quiunt,
2339 893 2441 939 aut
2483 883 2582 939 Job
2612 895 2830 954 propter
2865 883 3182 951 injustitiam
3219 898 3440 954 passum
3468 884 3660 948 fuisse,

2089 987 2347 1032 autcerte
2370 976 2513 1031 Deus
2535 975 2735 1045 injuste
2758 974 2897 1028 mala
2928 975 2977 1027 ei
3007 974 3276 1042 irrogasse
3316 976 3656 1043 reperiatur:

2088 1070 2307 1126 autJoh
2345 1085 2444 1140 pro
2473 1070 2711 1139 peccatis
2752 1068 2917 1121 fuisse
2967 1082 3206 1136 passum,
3236 1076 3329 1122 aut
3369 1068 3535 1123 Deum
3575 1069 3661 1121 in-

2082 1164 2226 1232 juste
2262 1164 2311 1219 ei
2348 1162 2487 1216 mala
2520 1161 2832 1233 ingessisse.
2857 1161 3007 1215 lianc
3036 1161 3245 1216 scilicet
3273 1162 3660 1231 cogitationem

2092 1258 2289 1311 malam
2329 1265 2491 1325 atque
2541 1255 2785 1309 illicitam
2823 1255 2874 1307 in
2929 1255 3045 1309 istis
3092 1255 3226 1309 viris
3271 1256 3403 1309 oriri
3455 1254 3662 1309 faciens

2087 1348 2363 1412 diabolus,
2396 1346 2681 1401 succendit
2708 1361 2803 1401 cor
2833 1360 3024 1400 eorum
3058 1346 3122 1401 ad
3164 1362 3378 1401 omnem
3428 1347 3563 1399 iram
3606 1354 3663 1400 et

2087 1439 2517 1509 indignationem
2554 1436 2842 1492 adversum
2891 1436 3029 1503 Job,
3078 1452 3204 1492 cum
3246 1439 3489 1493 studeret
3526 1452 3659 1492 con-

2088 1527 2309 1581 firmare
2348 1528 2490 1595 quod
2521 1524 2859 1593 Deusjustus
2897 1526 3078 1593 fuerit,
3126 1525 3228 1583 Job
3263 1543 3393 1582 vero
3425 1526 3660 1595 iniustus

2086 1627 2140 1671 et
2171 1618 2370 1685 impius
2418 1627 2585 1685 atque
2633 1627 2912 1687 peccator.
2961 1620 3233 1674 Adversus
3261 1620 3405 1689 quod
3446 1620 3661 1676 fortiter

2086 1718 2236 1764 stans
2269 1708 2371 1763 Job
2398 1723 2501 1762 non
2528 1709 2777 1779 permisit
2810 1724 2867 1763 se
2906 1711 3096 1763 audire
3126 1711 3449 1780 vaniloquos
3482 1712 3602 1767 illos
3625 1727 3656 1764 a

415 1801 559 1868 quod
616 1811 671 1855 et
721 1802 932 1857 duriter
986 1806 1037 1859 in
1086 1808 1381 1863 novissian
1421 1824 1451 1861 a
1504 1808 1612 1863 Deo
1661 1782 1978 1877 reprehénsi
2011 1782 2053 1837 Β
2087 1800 2298 1855 diabolo
2329 1814 2646 1865 succenses,
2682 1802 2774 1855 sed
2801 1810 2856 1855 et
2886 1802 3086 1855 bonum
3114 1801 3281 1855 Deum
3316 1803 3577 1867 ostendit,
3602 1813 3662 1857 et

414 1899 562 1956 sunl,
614 1903 802 1961 utpote
849 1894 940 1964 qui
987 1896 1119 1950 nihil
1170 1899 1421 1952 veritatis
1470 1900 1632 1954 locuti
1682 1900 1881 1956 fuerint
1917 1904 1984 1959 de

414 1978 534 2035 Job.
568 1981 660 2038 Sic
694 1984 874 2053 itaque
904 2001 1023 2039 cum
1066 1988 1293 2044 visitare
1335 2002 1499 2061 atque
1540 1994 1811 2048 consolari
1859 2010 1981 2050 eum

415 2072 708 2137 venissent,
747 2075 811 2129 ad
855 2076 1194 2131 inimicitiam
1242 2082 1492 2136 conversi
1528 2092 1676 2147 sunt,
1706 2086 1770 2139 ad
1797 2087 1985 2140 crimi-

414 2163 689 2219 nationem
744 2174 799 2220 et
844 2168 910 2221 ad
949 2171 1472 2241 reprehensionem,
1519 2176 1585 2229 ad
1636 2177 1980 2233 maledictum

411 2269 627 2326 quoque
664 2266 825 2327 atque
865 2260 1281 2330 blasphemiam.
1313 2265 1605 2337 Postquam
1640 2284 1767 2324 vero
1800 2272 1981 2325 omnia

413 2349 642 2403 tentavit
696 2350 1062 2419 nequissimus
1112 2356 1480 2426 adversarius,
1538 2361 1702 2414 etiam
1758 2364 1825 2416 ad
1880 2364 1981 2419 hoc

409 2441 678 2510 pervenit,
714 2450 771 2495 ut
813 2443 1017 2499 amicos
1059 2447 1110 2499 in
1152 2449 1401 2505 inimicos
1432 2463 1791 2520 converteret,
1819 2466 1981 2525 atque

411 2533 654 2591 sinceros
689 2539 901 2593 sodales
927 2541 1267 2597 adversarios
1298 2542 1537 2598 efficeret
1566 2585 1581 2605 .
1632 2548 1829 2602 callide
1870 2559 1980 2603 tra-

412 2634 567 2684 ctans
588 2632 726 2698 apud
754 2633 1127 2703 semetipsum,
1166 2650 1228 2689 ac
1253 2636 1439 2691 dicens
1461 2656 1474 2693 ;
1495 2636 1549 2691 Si
1582 2654 1679 2708 per
1704 2656 1765 2695 os
1798 2644 1981 2697 uxoris

411 2733 532 2775 erm
563 2724 827 2779 seducere
857 2741 961 2781 non
994 2727 1163 2791 valui,
1196 2744 1258 2784 os
1290 2732 1590 2785 amicorum
1626 2733 1693 2787 ad
1738 2734 1976 2788 inimici-

412 2815 541 2867 tiam
568 2827 1006 2880 permutatorum
1038 2820 1342 2889 perficiam,
1378 2822 1609 2887 irritem,
1633 2840 1975 2895 exaggerem,

411 2906 753 2968 cxacerbem,
802 2909 1128 2963 succendam
1153 2951 1167 2975 ,
1204 2919 1257 2964 ut
1305 2926 1464 2978 supra
1505 2916 1724 2967 modum
1768 2913 1977 2969 inllam-

410 3002 593 3048 niatus
616 3006 778 3064 atque
803 3007 1186 3067 exaggeratus,
1216 2998 1281 3051 ad
1312 2997 1407 3054 Dei
1433 3000 1823 3069 blasphemiam
1843 3021 1976 3060 con-

409 3096 674 3142 vertatur.
721 3086 922 3143 Novem
974 3091 1360 3160 responsiones
1402 3092 1747 3164 blasphemia:
1790 3096 2047 3181 plenasc

411 3178 676 3233 adversus
707 3178 808 3235 Job
842 3197 935 3236 eos
962 3182 1144 3238 dicere
1194 3183 1481 3254 compulit,
1536 3202 1979 3258 unumquemque

409 3283 598 3323 eorum
637 3278 765 3323 tres.
812 3271 919 3325 Sed
975 3272 1168 3328 beatus
1210 3274 1313 3331 Job
1358 3278 1668 3333 nullatenus
1715 3288 1840 3334 ante
1886 3295 1979 3335 eos

415 3361 703 3424 titubavit,
759 3363 855 3416 sed
922 3363 1149 3419 totidem
1211 3369 1687 3438 responsionibus,
1736 3372 1980 3441 quinimo

412 3452 594 3521 potius
621 3452 864 3520 pluribus
904 3470 967 3509 ac
1016 3455 1315 3524 majoribus
1337 3461 1587 3516 omnibus
1616 3461 1722 3517 illis
1747 3479 1975 3531 respon-

412 3544 565 3607 dens,
606 3555 661 3598 et
696 3546 787 3599 Dei
825 3545 1093 3614 justitiam
1146 3564 1204 3605 ac
1245 3552 1543 3607 bonitatem
1584 3556 1976 3625 manifestavit,

410 3645 461 3690 Ct
496 3650 682 3690 eorum
719 3636 969 3706 injustam
1003 3642 1372 3696 causationem
1417 3646 1717 3700 confutavit
1753 3664 1851 3718 per
1873 3650 1976 3704 alia

412 3727 628 3797 quidem
650 3728 902 3797 plurima,
928 3746 1132 3786 necnon
1162 3743 1215 3786 et
1244 3749 1340 3804 per
1360 3748 1420 3788 ea
1442 3751 1563 3805 quae
1591 3737 1642 3790 in
1673 3737 1816 3794 facie
1849 3740 1979 3795 dicit

415 3820 480 3873 ad
511 3833 605 3874 eos
635 3840 647 3874 :
686 3820 796 3875 Vos
823 3824 957 3876 estis
992 3824 1185 3878 medici
1223 3823 1432 3894 injusti,
1467 3839 1520 3882 et
1549 3840 1835 3886 sanatores
1860 3846 1980 3896 pes-

415 3912 541 3968 simi
590 3915 793 3969 cuncti.
825 3914 958 3981 Quia
993 3930 1115 3970 cnm
1147 3932 1340 3972 curare
1374 3918 1589 3974 dolores
1621 3919 1738 3988 ejus
1764 3931 1817 3975 et
1847 3937 1976 3977 con—

417 4005 580 4061 solari
611 4007 846 4060 animam
878 4010 996 4074 ejus
1022 4009 1322 4075 venissent,
1362 4010 1414 4062 in
1464 4012 1883 4067 amaritudinem
1915 4029 1978 4066 ac

417 4096 676 4152 malitiam
709 4099 855 4154 circa
887 4100 982 4155 Job
1012 4100 1261 4154 conversi
1300 4110 1443 4155 sunt.
1481 4101 1674 4158 Merito
1713 4119 1843 4174 ergo
1888 4106 1978 4159 in-

410 4186 586 4257 justos
640 4190 880 4245 medicos
941 4190 1084 4259 juste
1136 4205 1231 4245 eos
1289 4192 1545 4262 appellat.
1598 4193 1679 4262 Si,
1733 4195 1974 4265 inquam,

412 4289 681 4335 venerunt
715 4282 782 4335 ad
821 4296 945 4338 eum
979 4291 1037 4337 ut
1062 4283 1472 4339 consolarentur
1500 4295 1660 4357 atque
1687 4288 1978 4345 visitarent

410 4371 583 4447 illum,
600 4372 675 4426 illi
704 4387 800 4427 suo
818 4374 1094 4443 proposito
1112 4374 1181 4429 ob
1201 4373 1305 4430 hoc
1334 4386 1617 4443 venerunt,
1642 4381 1733 4435 sed
1758 4383 1975 4451 nequis-

2085 1906 2144 1945 se
2178 1891 2388 1960 absque
2415 1890 2568 1960 culpa
2624 1891 2874 1946 universa
2919 1891 3034 1945 haec
3082 1892 3193 1960 pati
3242 1890 3659 1948 demonstravit.

2084 1981 2199 2036 Non
2234 1983 2379 2036 enim
2413 1981 2560 2038 Deus
2585 1981 2660 2036 illi
2690 1983 2806 2037 haec
2836 1982 2976 2036 mala
3018 1983 3267 2052 ingessit,
3313 1984 3407 2047 sed
3454 1983 3660 2037 diaboli

2086 2073 2238 2128 zelus
2261 2083 2313 2127 et
2347 2074 2485 2127 livor
2526 2081 2691 2144 atque
2726 2074 2956 2127 invidia.
2992 2072 3181 2142 Neque
3206 2072 3307 2128 Job
3336 2089 3434 2144 pro
3458 2089 3659 2143 pecca-

2086 2166 2156 2220 tis
2196 2166 2451 2220 sustinuit
2486 2167 2668 2219 omnia
2713 2180 2833 2235 qua‘.
2880 2167 3161 2227 sustinuit,
3211 2166 3308 2220 sed
3358 2165 3485 2233 quia
3528 2179 3659 2220 cum

2084 2266 2230 2312 esset
2253 2257 2454 2327 justus,
2494 2256 2743 2311 diabolus
2794 2255 2868 2310 illi
2896 2255 3112 2321 invidit,
3146 2257 3287 2310 sicut
3318 2265 3369 2310 et
3404 2256 3662 2309 omnibus

2079 2349 2239 2419 justis
2273 2349 2498 2416 invidet,
2523 2357 2577 2405 et
2603 2349 2981 2404 tribulationes
3009 2350 3269 2403 adversus
3301 2363 3396 2402 eos
3429 2348 3657 2405 excitat.

2085 2440 2265 2494 Multa:
2288 2440 2670 2496 tribulationes
2703 2456 2811 2495 non
2849 2439 3202 2507 injustorum,
3236 2439 3329 2495 sed
3355 2440 3659 2509 justorum.

2086 2534 2263 2589 Testis
2299 2549 2429 2605 ergo
2454 2533 2684 2601 iustitia:
2722 2532 2823 2588 Job
2860 2534 2973 2604 ipse
3021 2533 3165 2589 Deus
3205 2534 3534 2597 ostenditur,
3577 2535 3659 2589 di-

2080 2642 2210 2681 cens
2242 2645 2254 2679 :
2292 2626 2504 2690 Justus,
2536 2642 2728 2690 verax,
2765 2626 2854 2681 Dei
2894 2627 3093 2681 cultor.
3132 2625 3286 2692 Quod
3325 2635 3507 2681 autem
3536 2627 3658 2680 dia—

2087 2718 2193 2772 boli
2234 2719 2399 2773 fuerit
2434 2718 2549 2772 hrec
2594 2718 2943 2771 inllammatio
2989 2727 3153 2784 atque
3194 2717 3558 2787 perturbatio,
3602 2726 3661 2771 et

2080 2826 2148 2865 ex
2177 2812 2261 2866 his
2294 2827 2413 2881 quae
2452 2825 2595 2867 nunc
2621 2812 2758 2865 fiunt
2788 2821 3030 2880 apparet.
3066 2808 3399 2880 Frequenter
3421 2825 3660 2878 namque

2080 2904 2243 2959 etiam
2284 2920 2427 2959 nunc
2476 2904 2616 2957 idem
2669 2904 2783 2971 ipse
2835 2901 3082 2956 diabolus
3121 2904 3406 2955 unanimes
3441 2900 3658 2955 sodales

2080 2999 2424 3062 commiscet,
2459 3006 2626 3067 atque
2655 2998 2946 3052 conturbat
2990 3010 3087 3065 per
3127 2996 3427 3064 quamlibet
3478 2996 3658 3049 modi-

2081 3107 2199 3146 cam
2225 3093 2510 3158 rationem,
2530 3100 2585 3144 et
2607 3092 2672 3145 ad
2692 3092 3009 3145 immensam
3036 3090 3372 3143 inimicitiam
3392 3089 3659 3143 adversus

2086 3185 2317 3239 invicem
2363 3184 2632 3249 immutat,
2687 3184 2759 3237 ita
2793 3193 2850 3238 ut
2880 3183 3181 3238 elliciantur
3222 3183 3324 3236 sibi
3358 3199 3421 3235 ex
3464 3182 3659 3236 amicis

2082 3276 2313 3341 inimici,
2346 3291 2413 3331 ex
2442 3276 2673 3331 sinceris
2704 3277 2953 3332 crudeles
2975 3277 3298 3331 adversarii.
3336 3274 3463 3328 Haec
3497 3289 3658 3327 nam-

2082 3382 2189 3436 que
2238 3378 2321 3423 est
2355 3369 2600 3438 operatio
2644 3367 2887 3438 maligni.
2929 3368 3082 3423 Beati
3122 3369 3213 3438 qtti
3262 3366 3659 3421 declinaverint

2083 3468 2139 3514 et
2161 3459 2461 3514 restiterint
2488 3458 2774 3513 calliditati
2796 3468 2961 3529 atque
2985 3460 3237 3515 versutim
3269 3460 3406 3526 ejus,
3439 3473 3502 3512 ac
3535 3472 3618 3511 ma
3640 3486 3655 3496 -

2081 3552 2294 3607 ledictis
2322 3551 2665 3607 suasionibus
2682 3552 2819 3621 ejus.
2845 3552 2969 3607 Post
3001 3566 3121 3621 qua;
3152 3551 3405 3605 universa
3439 3549 3506 3603 ad
3530 3565 3659 3619 pro-

2082 3644 2313 3711 positum
2383 3653 2741 3698 revertamur.
2798 3644 3059 3711 Videam,
3126 3644 3321 3712 inquit,
3373 3642 3524 3695 illum
3586 3643 3657 3695 de

2083 3736 2255 3803 longe.
2288 3736 2435 3801 Qui?
2463 3735 2601 3790 Tres
2626 3736 2841 3791 sodales
2886 3748 3028 3805 ejus,
3077 3739 3309 3791 necdum
3342 3737 3518 3790 adhuc
3555 3735 3660 3786 im-

2082 3832 2273 3883 mutati
2310 3845 2409 3883 uec
2438 3830 2799 3898 prazvaricati.
2844 3832 2937 3885 sed
2983 3845 3107 3885 cum
3159 3841 3344 3884 essent
3396 3828 3515 3897 puri
3570 3827 3659 3881 vi—

2083 3919 2271 3974 dentes
2296 3935 2419 3974 eum
2445 3920 2512 3975 de
2534 3920 2711 3993 longe.
2751 3921 2827 3979 De
2849 3922 3007 3991 longe
3032 3921 3176 3975 enim
3210 3927 3568 3987 respexerunt
3600 3927 3660 3972 et

2083 4012 2433 4081 contemplati
2464 4022 2779 4083 suntatque
2832 4015 3093 4069 viderunt
3140 4026 3285 4066 eum.
3338 4010 3471 4064 Nam
3525 4024 3654 4063 mox

2083 4113 2142 4158 ut
2169 4105 2338 4174 ipsam
2363 4105 2643 4160 civitatem
2660 4106 2936 4170 viderunt,
2978 4120 3104 4159 mox
3156 4103 3504 4158 nihilominus
3546 4101 3659 4156 sic-

2081 4197 2170 4251 ubi
2200 4197 2374 4265 ipsum
2400 4197 2645 4251 viderent
2678 4196 3006 4251 ambierunt.
3032 4194 3224 4251 Totum
3274 4207 3506 4263 namque
3559 4207 3659 4246 ccr

2079 4301 2265 4341 eorum
2295 4286 2484 4341 dolore
2506 4294 2669 4355 atque
2696 4286 2943 4356 angustia
2969 4286 3189 4355 plenum
3215 4285 3504 4355 pendebat,
3535 4283 3658 4337 ubi-

2082 4394 2206 4432 nam
2250 4376 2352 4434 Job
2402 4378 2839 4447 conquiesceret.
2896 4376 3088 4432 Meritc
3114 4377 3179 4431 de
3212 4376 3369 4447 longe
3400 4375 3659 4429 viderunt

409 4463 580 4518 simus
614 4462 864 4518 inimicus
882 4464 1261 4535 malignusque
1277 4466 1644 4536 adversarius,
1668 4486 1764 4541 per
1780 4483 1975 4529 cuncta
2009 4463 2054 4517 1)
2082 4487 2231 4533 eum,
2270 4471 2395 4540 quia
2448 4471 2516 4526 de
2544 4470 2703 4541 longe
2743 4470 3052 4537 cogitabant
3105 4469 3171 4523 de
3220 4482 3318 4532 eo,
3370 4476 3533 4535 atque
3586 4468 3659 4521 de

414 4556 713 4625 permansit
764 4558 1023 4613 inimicus
1078 4570 1240 4629 atque
1272 4574 1369 4631 per
1401 4563 1580 4616 omnia
1606 4580 1699 4618 sua
1736 4569 1981 4622 exercuit

413 4649 565 4715 odia,
597 4660 651 4704 et
684 4664 784 4719 per
805 4665 1028 4705 uxorem
1063 4665 1119 4706 et
1146 4668 1243 4721 per
1277 4655 1486 4709 amicos
1525 4665 1580 4710 et
1610 4672 1705 4725 per
1737 4659 1974 4715 sodales.

412 4740 701 4810 Propterea
728 4742 1057 4798 visitationis
1083 4753 1243 4812 atque
1276 4746 1663 4804 consolationis
1692 4751 1976 4817 adventus,

414 4834 575 4889 totius
625 4835 855 4890 tristitiae
904 4850 966 4889 ac
1026 4838 1319 4903 mosroris,
1374 4840 1691 4895 beatissimo
1740 4841 1842 4897 Job
1896 4852 1980 4899 est

414 4926 607 4982 factus.
664 4927 788 4982 Post
816 4943 935 4997 qua:
962 4930 1215 4984 universa
1262 4932 1431 4986 dicit:
1496 4932 1741 4989 Videntes
1799 4946 1975 4990 autem

407 5016 557 5069 illum
587 5017 652 5070 de
676 5017 844 5086 longe,
879 5036 981 5073 non
1010 5033 1327 5090 agnoverunt
1365 5023 1427 5076 ⁸³.
1461 5023 1566 5077 Sed
1598 5035 1723 5079 ante
1768 5028 1841 5081 ila
1878 5044 1972 5097 per

410 5122 610 5177 paucos
656 5123 936 5165 sermones
994 5113 1354 5181 inquirantus,
1403 5115 1474 5169 ob
1506 5132 1667 5185 quam
1712 5134 1823 5173 rem
1870 5130 1975 5175 tam

409 5201 622 5255 duriter
661 5203 811 5257 circa
844 5201 967 5267 Job,
1008 5206 1093 5258 vel
1144 5207 1322 5274 potius
1370 5208 1633 5263 adversus
1658 5207 1760 5263 Job
1794 5211 1976 5265 insur-

413 5303 689 5349 texerunt.
742 5295 903 5359 Audi,
936 5295 1077 5349 mala
1104 5297 1357 5365 opinione
1399 5299 1647 5352 succensi
1680 5313 1733 5352 et
1766 5300 1977 5370 injuste

408 5385 730 5441 aemulantes
782 5388 972 5454 Deum,
1031 5397 1088 5439 ut
1138 5388 1237 5457 ipsi
1277 5389 1562 5457 putabant,
1614 5392 1755 5459 quod
1807 5394 1972 5448 Deum

411 5479 797 5531 aztitulareutur
825 5488 985 5549 atque
1020 5476 1399 5544 defenderent,
1432 5482 1695 5537 obcwcati
1738 5497 1865 5539 sunt
1906 5488 1973 5542 ab

408 5569 648 5634 inimico,
682 5580 739 5623 ut
761 5569 964 5638 judicia
995 5571 1085 5626 Dei
1119 5588 1221 5628 non
1244 5571 1609 5642 inquirerent.
1637 5576 1747 5633 lloc
1772 5580 1975 5635 scilicet

481 5772 522 5801 "
575 5771 671 5830 Job
699 5790 759 5840 tt,
799 5775 878 5830 l2.

2085 4564 2247 4631 longe
2272 4572 2429 4616 erant
2459 4561 2674 4617 solliciti
2704 4577 2803 4633 pro
2843 4561 2953 4615 illo.
2984 4560 3193 4615 Idcirco
3214 4560 3281 4614 de
3320 4560 3475 4627 longe
3516 4572 3659 4612 con-

2084 4664 2380 4726 spexerunt
2399 4668 2542 4708 eum.
2565 4653 2699 4707 Nam
2726 4654 2934 4707 amicus
2964 4652 3199 4707 ami'cum
3221 4665 3375 4705 suum
3406 4651 3470 4704 de
3494 4649 3659 4720 longe

2083 4749 2256 4811 videt,
2287 4747 2401 4801 sive
2425 4746 2667 4817 corporis
2685 4746 2916 4811 visione,
2945 4746 3061 4799 sive
3090 4743 3657 4806 animaa'sinccritate,

2085 4856 2210 4893 cum
2254 4854 2460 4893 memor
2496 4849 2579 4894 est
2617 4840 2734 4909 ejus
2761 4840 2813 4892 in
2848 4837 3005 4892 donis
3028 4847 3083 4891 et
3115 4837 3457 4899 muneribus,
3490 4845 3659 4905 atque

2088 4929 2140 4982 in
2176 4944 2286 4982 suae
2324 4930 2509 4999 gratiae
2538 4928 2889 4998 perfectione.
2924 4925 3183 4983 Videntes
3216 4927 3363 4979 illum
3387 4928 3453 4980 de
3472 4925 3655 4995 longe.

2089 5021 2225 5077 Ubi?
2261 5023 2436 5091 Super
2465 5037 2715 5076 acervum
2744 5021 3026 5089 stercoris,
3064 5035 3227 5088 super
3271 5034 3555 5073 muranam
3600 5017 3659 5071 in

2086 5116 2171 5168 via
2221 5114 2457 5183 publica.
2516 5114 2774 5168 Videntes
2825 5128 2948 5167 eum
2999 5114 3067 5167 de
3091 5113 3249 5183 longe
3302 5111 3492 5179 repleti
3527 5120 3658 5164 sunt

2083 5206 2271 5261 dolore
2310 5216 2362 5261 et
2396 5206 2593 5275 gemitu
2622 5214 2676 5258 et
2706 5206 2923 5274 planctu
2954 5220 3169 5273 quoque
3202 5215 3365 5273 atque
3391 5205 3655 5257 lamenta-

2086 5298 2251 5363 tione,
2295 5299 2435 5352 sicut
2475 5296 2703 5351 inferius
2742 5296 3227 5351 demonstrabitur.
3270 5295 3516 5350 Videam
3537 5311 3660 5348 cum

2087 5390 2150 5444 de
2172 5390 2324 5459 longe
2360 5407 2459 5443 non
2494 5405 2837 5461 cognouerunt
2864 5408 3005 5446 eum.
3057 5389 3185 5443 Nam
3214 5403 3342 5444 vere
3387 5402 3492 5441 non
3536 5394 3663 5440 erat

2085 5496 2178 5550 per
2226 5484 2366 5549 quod
2408 5493 2815 5551 agnosceretur,
2881 5481 3061 5552 regale
3114 5479 3308 5535 solium
3365 5494 3469 5533 non
3514 5475 3660 5545 erat,

2086 5570 2331 5632 t'iadema
2371 5587 2475 5627 non
2506 5582 2642 5638 erat,
2674 5574 2847 5644 gloria
2884 5588 3058 5643 neque
3088 5571 3254 5629 vestis
3286 5570 3430 5641 regia
3459 5578 3517 5626 et
3549 5568 3662 5626 mi-
