3884 6218
367 238 465 299 501
1450 248 1830 306 ANON'YMUS
1868 250 1934 304 IN
1971 249 2109 305 JOB.
2150 280 2215 291 —
2254 247 2379 302 LIB.
2422 246 2510 303 Ill.
3502 249 3607 303 502

368 356 526 410 nistri
558 357 648 425 qui
679 359 917 427 undique
943 362 1350 418 circumdarent
1385 382 1490 421 non
1530 369 1766 426 fuerunt.
1794 371 1933 440 Ergo
1961 378 2006 433 Α
2037 385 2131 423 sua
2164 370 2505 432 scinderent,
2539 376 2591 422 et
2626 366 2864 421 cinerem
2894 376 3061 435 alque
3094 375 3289 419 terram
3314 366 3471 435 capiti
3504 382 3603 419 suo

372 446 501 515 quia
537 446 667 500 nihil
710 448 922 503 illorum
977 452 1029 504 in
1076 466 1140 506 eo
1182 453 1455 522 viderunt,
1495 474 1614 527 quat
1640 462 1843 528 pridem
1882 463 1932 515 in
2036 470 2376 529 spargerent,
2408 461 2586 514 cilicio
2619 460 2972 514 nihilominus
3002 460 3258 513 continuo
3285 473 3343 513 se
3377 461 3602 514 induen-

368 554 435 592 eo
464 552 585 594 esse
616 540 889 607 sciebant,
922 556 1044 609 quae
1073 552 1199 598 ante
1234 546 1288 599 in
1318 546 1410 602 illo
1443 550 1626 605 videre
1655 552 1795 606 soliti
1822 552 1932 607 fue-
2037 562 2136 607 les.
2168 553 2261 607 Sic
2287 553 2448 606 scidit
2474 552 2601 605 olim
2636 551 2801 605 Jacob
2845 552 3161 605 vestimenta
3208 566 3325 613 sua,
3375 561 3431 604 et
3483 552 3601 605 cili-

366 640 511 693 rant,
545 632 739 686 merito
773 632 1017 688 videntes
1051 634 1200 689 illum
1224 653 1328 692 non
1361 652 1713 709 agnoverunt.
1748 643 1800 696 In
1824 660 1931 713 quo
2033 644 2171 697 cium
2203 644 2453 713 imposuit
2484 643 2695 710 corpori
2736 658 2832 697 suo
2856 641 3072 711 quando
3119 642 3363 694 nuntiata
3417 652 3499 696 est
3545 643 3593 695 ei

370 735 496 774 eum
530 725 932 791 agnoscerent?
967 725 1129 780 Coma
1163 729 1360 797 capitis
1392 748 1496 786 non
1527 743 1645 787 erat
1682 735 1752 788 ei.
1792 734 1926 789 Nam
2032 732 2228 802 Joseph
2270 733 2504 786 interitio
2545 732 2588 762 ³⁸
2617 749 2630 784 :
2661 741 2715 785 et
2746 742 2801 783 nt
2830 733 2895 784 de
2939 730 3351 799 quamplurimis
3379 731 3591 793 sileam,

369 812 601 866 tondens
629 827 840 866 comam
876 824 931 868 et
957 813 1171 870 diabolo
1226 833 1344 872 eam
1387 822 1622 887 jactans,
1658 832 1799 877 terra
1830 840 1925 879 ca-
2029 826 2108 880 sic
2144 826 2305 879 scidit
2353 825 2515 879 David
2551 840 2673 877 cum
2730 823 3013 878 Sit-helech
3054 824 3123 876 ab
3156 823 3467 877 Amalecitis
3503 838 3593 877 ca-

360 914 460 970 put
497 918 651 956 suum
694 905 939 972 replevit.
987 908 1042 960 In
1091 922 1199 977 quo
1247 914 1641 979 agnoscerent?
1686 918 1740 970 In
1789 915 1925 971 facie
2026 926 2169 984 ptam
2202 916 2406 969 invenit
2437 920 2507 978 ³⁷,
2534 924 2589 968 et
2628 915 2827 968 iterum
2855 915 3068 983 quando
3103 914 3231 967 Saul
3261 925 3315 969 et
3342 914 3589 970 Jonatha:

356 1003 520 1062 atque
552 995 732 1049 vultus
754 997 965 1065 gloria?
996 998 1109 1054 Non
1144 1012 1264 1056 erat
1296 1019 1397 1057 nec
1442 1007 1580 1073 ipsa.
1631 1007 1766 1061 Nam
1819 1024 1920 1077 pu-
2024 1017 2252 1061 mortem
2282 1008 2486 1059 audivit
2509 1005 2577 1058 ³⁸.
2613 1005 2703 1060 Sic
2753 1005 2913 1059 scidit
2950 1004 3218 1059 Ezechias
3244 1008 3458 1073 quando
3488 1007 3588 1058 mi-

354 1086 512 1185 tretlo
566 1084 758 1140 faciem
827 1094 1283 1147 exterminaverat
1332 1105 1389 1150 et
1441 1112 1653 1153 vermes
1716 1102 1918 1155 vultum
2023 1114 2118 1153 nas
2142 1113 2204 1151 ac
2231 1097 2597 1166 blasphetnias
2644 1096 3017 1151 Sennacherib
3056 1106 3110 1149 et
3148 1095 3446 1163 Rhapsacis
3486 1114 3586 1151 au-

354 1179 794 1231 immutaverant.
822 1179 929 1233 Pro
958 1181 1043 1236 his
1067 1197 1195 1253 ergo
1223 1186 1477 1241 omnibus
1501 1188 1743 1245 videntes
1768 1191 1916 1246 illum
2020 1190 2155 1243 divit
2187 1189 2251 1253 ³⁹,
2283 1190 2360 1243 sic
2387 1189 2545 1243 scidit
2587 1203 2676 1241 rex
2715 1187 3074 1241 Ninivitarum
3109 1188 3428 1241 vestimenta
3462 1204 3580 1253 sna,

350 1278 458 1366 non
489 1279 840 1368 aguoverunt.
870 1270 1084 1326 Vultum
1111 1291 1214 1328 nun
1240 1289 1611 1345 agnoverunt,
1651 1283 1743 1335 sed
1786 1298 1917 1337 con-
2018 1292 2073 1337 et
2110 1282 2288 1336 cilicio
2319 1297 2376 1335 se
2402 1281 2633 1335 induens
2663 1281 2714 1333 in
2748 1281 2930 1334 cinere
2960 1281 3119 1343 sedit,
3150 1279 3365 1349 quando
3395 1295 3422 1332 a
3448 1279 3582 1335 Jona

348 1358 637 1459 scientiam
678 1374 1035 1428 agnoverunt.
1065 1364 1279 1420 Faciem
1305 1384 1409 1422 non
1442 1382 1794 1439 agnoverunt,
1821 1375 1914 1429 sed
2018 1358 2293 1442 propheta
2327 1374 2393 1427 de
2434 1372 2654 1426 Ninives
2703 1373 3059 1427 snbversione
3113 1373 3319 1425 audivit
3362 1373 3429 1424 ⁸ο.
3491 1372 3581 1426 Sic

346 1457 717 1504 srnceritatem
748 1464 1107 1519 agnoverunt.
1135 1457 1266 1510 Nam
1296 1475 1417 1513 cum
1443 1462 1515 1515 ita
1544 1463 1910 1520 miserabilem
2015 1465 2174 1520 scidit
2201 1465 2423 1518 ultitnus
2454 1465 2505 1517 in
2533 1464 2648 1531 lege
2693 1462 2999 1517 Judmorum
3037 1464 3283 1532 princeps
3322 1464 3579 1517 sacerdo-

345 1548 509 1607 atque
562 1541 967 1599 lamentabilem
1022 1546 1170 1601 illum
1208 1550 1502 1616 viderunt,
1567 1568 1746 1623 neque
1781 1571 1911 1610 con-
2017 1567 2152 1620 tum,
2187 1570 2308 1608 cum
2345 1558 2600 1607 adversus
2630 1552 2919 1607 Dominum
2947 1552 3336 1620 blasphemiam
3363 1568 3573 1621 quaere-

344 1640 689 1700 tempserunt
717 1650 890 1705 neque
915 1650 1257 1705 spreverunt,
1306 1643 1402 1695 sed
1446 1644 1763 1700 immensam
1790 1649 1906 1702 sin-
2016 1658 2095 1701 ret
2121 1646 2187 1710 δι,
2220 1660 2283 1698 ex
2317 1660 2422 1714 quo
2442 1643 2745 1698 Judacorutn
2783 1642 3159 1699 sacerdotium.
3189 1650 3243 1694 et
3277 1640 3451 1694 onmis
3481 1640 3576 1694 Ju-

349 1722 636 1774 ceritatem
664 1726 1045 1789 ostenderunt,
1073 1727 1214 1780 sicut
1251 1728 1480 1785 inferius
1507 1732 1907 1787 demonstrabi-
1940 1732 1981 1784 B
2011 1741 2243 1793 dzeorutn
2275 1734 2889 1807 legisritusconscissus
2918 1743 3079 1802 atque
3109 1734 3397 1789 distractus
3423 1734 3573 1801 peni-

341 1818 451 1865 tur.
510 1813 624 1868 Non
677 1815 823 1869 enim
862 1825 1019 1869 erant
1072 1819 1205 1872 tales
1244 1820 1387 1874 beati
1435 1821 1511 1875 illi
1557 1823 1680 1887 viri,
1716 1825 1904 1893 quales
2010 1839 2095 1884 tus
2142 1831 2370 1884 interiit.
2417 1828 2582 1882 Juxta
2635 1830 2772 1883 hanc
2807 1842 2934 1897 ergo
2964 1827 3307 1896 antiquorum
3345 1842 3571 1880 censue-

340 1918 485 1957 nunc
516 1904 764 1973 profecto
794 1916 919 1961 sunt
948 1908 1197 1963 homines
1226 1911 1497 1977 malevoli.
1531 1912 1725 1984 ingrati
1752 1930 1766 1969 :
1812 1917 1901 1985 qui
2008 1923 2249 1976 tudinem
2289 1922 2453 1976 etiam
2485 1921 2585 1973 viri
2620 1920 2694 1973 illi
2722 1918 2822 1974 Job
2848 1920 3007 1973 amici
3037 1935 3156 1972 cum
3186 1917 3452 1972 terribiles
3468 1916 3568 1971 Job

340 2010 465 2098 ευῐξδ
498 1998 634 2049 bene
657 2006 739 2051 εει
768 1999 1027 2098 (ξυίιίιιθιν-
1053 2010 1165 2098 tum
1214 2002 1287 2055 illi
1336 2004 1498 2059 amici
1551 2018 1678 2061 sunt
1704 2016 1758 2062 et
1787 2010 1901 2063 sin-
2005 2015 2413 2082 conspexissent
2464 2013 2679 2067 dolores
2706 2052 2723 2077 ,
2770 2011 3080 2066 scindentes
3115 2011 3432 2064 vestimenta
3467 2025 3564 2064 sua

337 2091 448 2189 ceri
480 2095 641 2189 atque
676 2091 793 2189 puri
822 2104 943 2144 esse
977 2091 1255 2147 videntur.
1300 2095 1432 2150 Cum
1470 2098 1695 2153 cuilibet
1733 2100 1901 2155 tribu-
2002 2115 2057 2161 et
2085 2115 2401 2175 spargentes
2433 2114 2629 2158 terram
2684 2119 2847 2172 super
2876 2104 3052 2173 capita
3088 2118 3204 2167 sua,
3247 2103 3566 2155 assederunt

334 2175 466 2281 latio
491 2181 954 2281 advenerititunc
990 2186 1239 2241 videlicet
1272 2188 1345 2241 illi
1377 2188 1664 2244 discedunt
1707 2201 1762 2245 et
1806 2191 1899 2247 de-
2002 2196 2075 2250 illi
2125 2207 2329 2265 septem
2364 2196 2553 2251 diebus
2585 2205 2640 2250 et
2674 2203 2877 2264 septem
2922 2194 3189 2248 noctibus.
3231 2191 3563 2245 Assederunt

333 2272 589 2336 spiciuut,
648 2272 1064 2343 obliviscuntur,
1102 2279 1523 2352 derelinquunt,
1569 2283 1895 2339 oblivionem
1999 2289 2073 2343 illi
2096 2290 2237 2342 sicut
2266 2288 2458 2342 medici
2487 2289 2552 2342 ad
2577 2288 2867 2352 infirmum,
2913 2286 3004 2340 sed
3053 2285 3300 2338 sanitatis
3327 2286 3561 2338 medica-

332 2371 497 2430 atque
555 2365 1066 2434 ingratiiicationern
1120 2374 1363 2428 omnium
1424 2376 1664 2443 priorum
1712 2385 1897 2433 osten-
1996 2382 2140 2437 mina
2188 2379 2432 2434 invenire
2484 2394 2584 2431 non
2641 2385 2932 2448 pomerunt
2972 2387 3197 2446 azgroto.
3229 2376 3560 2429 Assederunt

332 2453 545 2555 dentes.
581 2455 684 2509 Sed
736 2457 862 2512 olim
912 2461 1158 2518 homines
1203 2480 1309 2519 non
1358 2465 1574 2520 fuerunt
1606 2466 1759 2534 tales,
1799 2471 1893 2525 sed
1996 2473 2072 2526 illi
2106 2481 2362 2540 tanquam
2394 2468 2770 2523 consolatores
2806 2466 3054 2530 dolentis,
3097 2467 3188 2519 sed
3238 2464 3559 2519 consolatio-

330 2549 730 2613 sinceritatem,
754 2561 919 2619 atque
953 2554 1298 2610 dilectionem
1328 2558 1709 2614 custodierunt
1741 2561 1888 2617 circa
1995 2579 2116 2619 nem
2146 2564 2391 2618 invenire
2413 2577 2518 2617 non
2556 2570 2849 2630 potuerunt
2883 2558 3196 2613 miserabili.
3220 2559 3557 2612 Assederunt

327 2650 390 2689 se
411 2652 474 2689 ac
501 2653 597 2706 pro
628 2654 686 2693 se
720 2641 949 2696 invicem
986 2660 1154 2714 usque
1187 2647 1252 2701 ad
1288 2656 1541 2712 mortem,
1591 2650 1733 2705 sicut
1779 2654 1857 2707 evi

1993 2656 2088 2710 illi.
2130 2657 2197 2710 Et
2249 2654 2338 2708 ubi
2389 2649 2932 2706 assederunt?Foris
2961 2650 3011 2702 in
3047 2666 3273 2702 inurana
3309 2660 3471 2717 atque
3500 2650 3553 2703 in

324 2728 892 2827 denterostenditille
921 2734 1011 2803 qui
1048 2736 1160 2790 ait:
1198 2738 1414 2793 Sodali:
1458 2741 1632 2795 amico
1671 2759 1883 2812 εοηιρα-
1991 2760 2188 2801 acervo
2246 2745 2506 2798 stercoris
2553 2753 2605 2798 et
2659 2744 2711 2796 in
2762 2740 2971 2795 strata?
3021 2739 3161 2802 Non,
3214 2739 3387 2793 absit!
3437 2737 3553 2792 Non

324 2822 461 2869 titur
485 2835 645 2887 usque
674 2822 742 2873 ad
772 2832 989 2877 mortem
1014 2863 1029 2887 ,
1075 2836 1123 2879 et
1173 2828 1228 2880 in
1280 2836 1510 2897 tempore
1545 2830 1665 2884 belli
1698 2834 1886 2901 accipit
1987 2839 2129 2892 enim
2165 2845 2307 2891 tanta
2356 2836 2644 2890 multitudo
2676 2837 2919 2889 dolorum
2965 2832 3318 2888 inundaverat
3344 2830 3465 2897 Jub,
3496 2838 3554 2884 ut

323 2925 477 2961 arma
512 2909 574 2966 ³³.
602 2910 760 2965 Tales
784 2911 1005 2967 fuerunt
1036 2914 1108 2968 illi
1141 2916 1285 2971 beati
1334 2919 1434 2972 viri
1485 2920 1708 2989 sinceri,
1759 2925 1887 2978 abs-
1989 2930 2076 2984 ille
2110 2906 2367 2982 honorem
2399 2928 2466 2981 ad
2515 2940 2574 2979 se
2605 2927 2932 2980 venientium
2964 2941 3066 2979 non
3113 2923 3450 2991 intelligeret,
3495 2929 3553 2975 ut.

320 3014 429 3068 que
470 3001 682 3057 fallacia
731 3003 832 3059 Job
885 3008 1065 3071 amici,
1113 3010 1203 3077 qui
1238 3011 1305 3064 ad
1357 3011 1697 3067 inimicitiam
1733 3014 1878 3069 circa
1927 3084 1948 3086 Γ
1988 3017 2304 3086 dignitatem
2335 3016 2683 3084 praesentium
2728 3029 2835 3069 non
2864 3013 3253 3068 consideraret.
3298 3012 3549 3079 Quandiu

319 3090 425 3147 Job
464 3109 741 3163 nunquam
772 3107 900 3153 sunt
926 3100 1217 3166 immutati,
1252 3116 1427 3172 neque
1456 3105 1522 3158 ad
1554 3107 1659 3159 hoc
1701 3116 1758 3160 ut
1791 3124 1881 3162 re-
1911 3084 1953 3143 c
1988 3084 2117 3179 ergo
2143 3110 2389 3163 venirent
2420 3109 2495 3161 illi
2528 3108 2650 3172 viri,
2682 3106 2770 3161 illo
2813 3120 2982 3175 usque
3024 3105 3157 3159 foris
3204 3106 3255 3157 in
3300 3119 3548 3169 murana,

318 3183 637 3240 nuntiarent
670 3186 768 3253 illi,
815 3187 901 3242 vel
945 3189 1380 3259 derelinquerenl
1424 3208 1570 3257 eum,
1622 3195 1724 3249 nisi
1784 3212 1881 3263 pro
1986 3200 2037 3253 in
2086 3210 2256 3253 strata
2297 3199 2550 3251 inutilibus
2599 3198 2879 3251 evidenter
2912 3195 3207 3249 ostendens
3235 3195 3546 3262 passionem

316 3275 613 3330 verborum
647 3282 1036 3345 controversia,
1074 3298 1136 3337 ac
1177 3283 1513 3353 eloquiorum
1548 3287 1877 3353 certamine;
1983 3306 2161 3354 suam,
2198 3300 2251 3343 et
2284 3290 2409 3359 quia
2446 3303 2566 3342 cum
2596 3297 2742 3341 esset
2767 3286 2947 3356 justus
2991 3284 3338 3338 vehementes
3382 3284 3546 3338 susti-

317 3375 373 3419 ut
402 3367 663 3433 putabant
712 3375 855 3438 quod
903 3372 996 3425 Dei
1040 3373 1307 3440 justitiam
1352 3374 1723 3431 defenderent.
1776 3378 1878 3431 Sed
1983 3380 2161 3434 nuerit
2198 3380 2432 3434 dolores.
2472 3377 2764 3446 Postquam
2800 3392 2929 3431 vero
2980 3376 3259 3430 memorati
3305 3375 3411 3428 viri
3458 3389 3546 3428 ve-

314 3471 443 3510 vere
469 3458 712 3514 diabolus
736 3461 1165 3517 inflammaverat
1198 3466 1358 3519 corda
1383 3481 1594 3535 eorum,
1626 3485 1732 3537 quo
1766 3487 1880 3524 ma-
1982 3480 2195 3533 nerunt,
2226 3471 2468 3525 deferens
2497 3470 2751 3524 honorem
2777 3468 3080 3523 sinceritati
3116 3482 3325 3529 eorum,
3353 3477 3408 3520 et
3443 3467 3542 3521 ho-

314 3549 397 3616 gis
427 3547 526 3601 Job
552 3552 853 3605 molestiam
894 3556 1219 3623 irrogarent,
1254 3572 1365 3625 quo
1410 3561 1577 3630 magis
1619 3563 1878 3630 multipli-
1982 3563 2278 3615 noriticans
2325 3576 2585 3630 personas
2640 3575 2829 3613 eorum
2872 3559 3114 3612 introivit
3150 3559 3200 3610 in
3239 3559 3539 3625 civitatem,

311 3641 491 3695 ciores
540 3644 867 3699 tentationes
915 3644 1062 3713 justo
1111 3647 1183 3702 illi
1241 3649 1567 3719 ingererent.
1614 3650 1874 3719 Videnles,
1980 3662 2035 3708 et
2060 3654 2201 3706 sedit
2241 3653 2293 3704 in
2323 3654 2481 3705 domo
2518 3668 2531 3704 :
2575 3661 2626 3705 et
2656 3652 2727 3704 ita
2764 3650 3105 3704 venerabiles
3136 3649 3223 3703 isti
3254 3649 3355 3702 viri
3388 3651 3538 3704 sede-

310 3732 508 3799 inquit,
536 3750 650 3787 eum
682 3751 785 3788 non
817 3749 1155 3805 agnoverunt.
1204 3739 1384 3794 Talem
1442 3742 1615 3809 qualis
1665 3744 1874 3817 pridem
1978 3753 2105 3799 runt
2138 3746 2273 3814 apud
2302 3760 2425 3798 eum
2460 3753 2666 3811 septem
2720 3743 2906 3796 diebus
2943 3752 2996 3796 et
3023 3753 3225 3811 septem
3272 3742 3536 3797 noctibus.

308 3825 490 3882 fuerat
550 3846 652 3882 non
708 3841 1043 3899 agnoverunt
1084 3847 1099 3884 :
1135 3832 1292 3887 talem
1349 3848 1476 3889 vero
1522 3834 1697 3901 qualis
1749 3847 1873 3891 tunc
1978 3832 2325 3887 “ebdomada
2359 3833 2567 3887 dierum
2608 3832 2655 3885 ei
2687 3832 3025 3895 assederunt,
3078 3846 3143 3885 ex
3193 3846 3296 3899 qua
3341 3831 3539 3885 hebdo-

309 3916 523 3981 fuisset,
578 3930 913 3989 agnoverunt
941 3962 955 3985 ,
1011 3923 1395 3991 miserabilem,
1449 3924 1869 3992 lamentabilem,
1976 3923 2131 3976 tnada
2159 3933 2326 3976 totum
2351 3923 2454 3977 hoc
2476 3932 2880 3976 consummatur
2903 3920 3177 3975 saeculum.
3204 3920 3538 3975 Assederunt

309 4006 605 4073 infelicem,
649 4013 804 4072 malis
845 4014 1095 4069 omnibus
1120 4014 1398 4069 refertum.
1437 4017 1643 4072 Idcirco
1675 4019 1869 4087 singuli
1975 4014 2023 4066 ei
2057 4022 2260 4081 Seplem
2290 4012 2479 4066 diebus
2508 4021 2562 4064 ει
2596 4020 2797 4080 Septem
2837 4011 3106 4071 IIOClibUS.
3136 4009 3409 4071 ῘιιιΙίνυΙείν
3452 4011 3537 4063 ἰη-

305 4099 616 4155 scindcntes
654 4105 976 4157 vestimenta
1021 4119 1151 4170 sua,
1204 4116 1259 4159 et
1311 4116 1623 4175 spat-gentes
1671 4117 1868 4162 terram
1973 4101 2206 4169 separati
2247 4110 2407 4168 atque
2445 4100 2800 4154 indissociati.
2850 4099 3188 4153 Assederunt
3229 4099 3277 4153 ei
3329 4109 3535 4168 septem

305 4204 468 4258 super
517 4194 688 4260 capita
740 4210 834 4247 sua
858 4236 871 4258 ,
910 4196 1229 4249 assederunt
1254 4195 1327 4248 illi
1362 4206 1569 4263 septem
1599 4197 1790 4251 diebus
1814 4210 1869 4252 et
1978 4188 2166 4243 diebus
2190 4200 2244 4242 et
2273 4199 2477 4259 septem
2529 4189 2800 4251 noctibus,
2857 4203 3117 4257 nusquam
3173 4189 3532 4251 discedentes,

303 4292 511 4350 septem
545 4285 807 4338 noctibus.
848 4286 1193 4341 Adutirantes
1246 4288 1345 4340 viri
1396 4290 1491 4354 illi,
1543 4299 1707 4357 atque
1751 4301 1865 4343 stu-
1974 4298 2238 4350 nusquam
2273 4284 2606 4345 Γευθάθηῑθε,
2659 4295 2922 4349 "usqum"
2963 4282 3301 4345 deserentes,
3357 4295 3534 4348 neque

303 4381 491 4439 pentes
530 4375 899 4429 vehementem
950 4393 1012 4429 ac
1049 4378 1345 4431 terribilem
1394 4389 1557 4449 atque
1604 4380 1857 4435 lamenta-

1975 4374 2041 4427 ad
2068 4388 2277 4435 escam,
2307 4387 2482 4440 neque
2516 4374 2580 4425 ad
2626 4383 2831 4442 potum,
2878 4385 3051 4439 neque
3084 4370 3148 4423 ad
3186 4371 3403 4433 lectum,
3441 4384 3533 4423 ne-

302 4463 465 4516 bilent
511 4464 628 4533 ejus
672 4465 1125 4530 innnutationem,
1163 4428 1487 4521 vestimenta:
1525 4486 1619 4523 sua
1652 4472 1866 4525 consci-
1900 4428 1942 4482 Β
1978 4481 2081 4533 que
2100 4466 2165 4517 ad
2196 4465 2340 4516 alivd
2367 4464 2728 4532 refrigerilﬂll-
2759 4462 2866 4515 Sed
2895 4461 3272 4516 [ονείιεὶηάίείῐ
3302 4460 3528 4529 aliquis:

1973 4555 2041 4607 Et
2086 4553 2351 4621 quomodo
2399 4553 2766 4604 sustinuerunt
2813 4564 2920 4602 non
2974 4548 3323 4610 manducare,
3357 4560 3532 4613 neque

1976 4637 2157 4697 bibere
2186 4650 2387 4709 septem
2409 4639 2637 4694 diebus?
2660 4638 2897 4691 Primum
2921 4637 3147 4705 quidem
3173 4637 3351 4688 divina
3376 4644 3532 4688 erant

1974 4734 2174 4786 virtute
2203 4730 2515 4795 confortati,
2570 4740 2675 4783 tam
2730 4743 2828 4797 pro
2862 4726 2962 4781 Job
2987 4742 3145 4794 quam
3174 4740 3390 4795 prosua
3412 4725 3527 4778 sin-

1971 4826 2219 4879 ceritate.
2254 4822 2385 4875 Nam
2411 4822 2541 4891 justi
2586 4831 2742 4874 erant
2781 4819 2877 4872 viri
2925 4819 3013 4872 isti
3063 4826 3225 4886 atque
3264 4818 3524 4887 religiosi,

1970 4915 2161 4969 merito
2185 4924 2241 4967 et
2274 4914 2367 4967 Dei
2397 4912 2664 4981 colloquio
2688 4922 2810 4980 post
2854 4911 2958 4965 hoc
2989 4910 3133 4979 digni
3166 4910 3334 4964 habiti
3378 4919 3522 4963 sunt.

1969 5006 2059 5059 Dei
2117 5006 2297 5073 itaque
2345 5005 2545 5057 virtute
2608 5013 2770 5072 atque
2837 5000 3173 5072 providentia
3228 5000 3525 5055 confortati

1966 5099 2357 5153 sustinuerunt.
2402 5096 2529 5149 Item
2561 5096 2735 5149 adhuc
2770 5094 2934 5149 etiam
2985 5091 3073 5148 isti
3127 5092 3227 5146 viri
3257 5093 3414 5146 aliter
3440 5107 3527 5147 ve-

1966 5203 2181 5256 nerunt,
2211 5199 2265 5244 ct
2295 5191 2539 5244 videntes
2565 5189 2983 5257 obstupuerunt,
3032 5196 3085 5239 et
3129 5185 3394 5238 immenso
3422 5185 3523 5237 do-

1966 5284 2079 5339 lore
2113 5292 2273 5351 atque
2304 5281 2518 5335 tristitia
2543 5290 2704 5348 atque
2732 5278 2932 5349 gemitu
2971 5278 3154 5347 repleti
3193 5288 3337 5331 sunt.
3370 5278 3525 5331 Asse-

1964 5377 2157 5430 derunt
2198 5374 2245 5427 ei
2274 5380 2479 5442 septem
2518 5370 2707 5425 diebus
2748 5380 2803 5424 et
2852 5379 3055 5438 septem
3102 5371 3368 5434 noctibus,
3406 5368 3519 5436 ipsa

299 4554 515 4609 derunt.
554 4554 684 4620 Quae
736 4554 933 4620 fecisti,
966 4558 1235 4626 inquiunt,
1268 4576 1301 4613 ο
1334 4558 1455 4622 Job,
1507 4562 1752 4626 facimus,
1811 4574 1865 4617 et

298 4658 419 4713 qua:
439 4646 651 4714 gessisti
674 4649 932 4716 gerimus,
966 4652 1280 4705 vestimenta
1309 4662 1488 4707 nostra
1518 4656 1822 4723 Spargitnus
1846 4672 1858 4706 :

297 4738 379 4791 sic
432 4753 664 4805 namque
704 4752 758 4794 et
804 4751 856 4793 tu
905 4740 1079 4795 fecisti
1128 4753 1257 4797 ante
1298 4745 1568 4813 paululum
1598 4787 1612 4810 ,
1669 4755 1723 4798 ut
1778 4745 1861 4799 in-

294 4829 507 4897 quiunt,
534 4828 683 4884 oJoh
708 4849 721 4885 :
744 4842 799 4886 et
825 4834 1028 4887 utinam
1053 4845 1279 4889 caeteros
1302 4836 1518 4889 dolores
1541 4844 1659 4889 tuos
1685 4844 1858 4889 tecum

295 4920 538 4974 dividere
587 4921 881 4990 possimus,
926 4935 1133 4978 tantum
1191 4935 1247 4978 ut
1300 4926 1757 4995 apprehendentis
1809 4936 1858 4979 te

296 5024 469 5078 paena:
512 5012 772 5067 revelatio
806 5013 918 5067 fiat.
974 5015 1284 5071 Scindentes
1334 5018 1689 5087 unusquisque
1714 5017 1862 5069 vesti-

290 5117 464 5153 menta
492 5119 608 5163 sua,
626 5114 983 5174 etspargentes
1005 5118 1196 5160 terram
1223 5125 1379 5174 super
1399 5110 1569 5177 capita
1596 5126 1693 5161 sua
1720 5108 1858 5162 “-".

290 5191 636 5246 Consuetudo
667 5203 786 5247 erat
831 5197 1082 5250 omnibus
1132 5199 1369 5266 antiquis
1421 5200 1616 5267 ubique
1646 5210 1703 5252 ut
1729 5214 1851 5252 cum

286 5297 457 5348 grave
508 5284 713 5352 aliquid
762 5294 923 5353 atque
973 5287 1318 5343 lamentabile
1367 5291 1447 5345 vel
1494 5290 1851 5358 periculosum

287 5375 573 5429 audissent
624 5377 708 5431 vel
762 5379 1172 5446 sustinuissent,
1223 5382 1480 5436 continuo
1530 5380 1848 5437 velstimenta

360 5576 404 5607 ³³
459 5576 621 5631 lit-cli.
680 5596 885 5646 xxxvii,
938 5582 989 5636 5.
1097 5580 1215 5620 “-”
1264 5579 1363 5634 Job
1412 5597 1470 5645 tt,
1518 5581 1603 5633 12.
1715 5580 1857 5635 “Ge

358 5646 402 5678 ιο
434 5646 635 5678 Ινιιη..
700 5666 827 5678 ιιι...
894 5653 911 5678 ι
1030 5651 1071 5678 to
1118 5649 1206 5678 1....
1399 5654 1428 5678 κ
1528 5650 1762 5678 ιιιιηηι.
1840 5669 1857 5678 .

1969 5596 2154 5678 :xlvtvn,
2182 5580 2268 5635 54.
2382 5580 2422 5608 ³⁷
2452 5577 2471 5631 ι
2504 5578 2631 5652 Reg.
2667 5579 2871 5649 xxxﬂl.
2979 5582 3022 5613 ³⁸
3054 5581 3102 5635 II
3146 5580 3278 5652 Reg.
3332 5595 3372 5645 ι,
3428 5578 3517 5637 12.

432 5646 494 5701 IV
528 5648 655 5721 ltcg.
700 5666 854 5717 avni,
894 5653 951 5705 l.
1030 5651 1071 5683 ’⁵ο
1111 5649 1229 5705 Jun.
1279 5667 1357 5718 Ill,
1399 5654 1449 5705 6.
1528 5653 1567 5683 ⁸³
1600 5650 1784 5707 Matth.
1838 5668 1985 5717 nm,
2020 5651 2105 5704 (55.
