3884 6218
410 305 516 362 505

1509 307 1892 364 ANONYMUS
1930 306 1996 362 IN
2032 306 2170 363 JOB.
2212 338 2278 348 —
2318 304 2445 361 LIB.
2482 303 2570 360 lli.

3560 298 3658 355 504

415 422 639 475 tristitia
669 432 832 489 atque
860 424 989 492 ipsis
1013 423 1293 479 doloribus
1323 426 1574 489 saturati,
1606 425 1735 494 ipsis
1761 426 1984 478 vocibus
2014 427 2059 482 Α
2090 422 2147 476 Si
2178 420 2333 475 liberi
2367 419 2562 474 sublati
2592 425 2718 473 sunt
2747 415 2870 482 tibi,
2901 412 3167 481 transiges
3197 410 3265 467 de
3298 425 3354 465 re
3380 410 3656 464 tamtttari.

410 514 619 578 satiati,
675 514 807 583 ipsis
844 514 1098 587 lacrymis
1136 515 1409 571 inebriati.
1462 515 1586 570 llaec
1630 517 1979 570 recordantes

412 617 531 674 post
550 606 663 658 haec
685 591 885 671 sancti,
909 607 1242 660 dixeruntea
1274 606 1478 669 verbis,
1496 622 1615 674 qua:
1635 607 1711 661 illi
1737 605 1979 675 perfece-

412 704 536 746 runt
557 692 738 747 factis.
772 692 1008 747 Fuerunt
1032 694 1160 747 mihi
1192 694 1440 766 lacrymte
1473 712 1774 765 mewpanes
1808 696 1891 750 die
1915 712 1977 749 ac

406 792 558 837 nocte
572 781 616 814 “
638 800 652 848 ;
674 792 729 837 et
750 806 761 838 :
791 782 998 837 Oblitus
1018 800 1130 839 sum
1150 788 1303 838 edere
1320 803 1489 839 meum
1506 803 1571 855 pa
1581 802 1698 839 nem
1715 803 1745 838 a
1758 802 1875 841 voce
1898 804 1978 856 ge-

408 874 632 927 ritituum
653 891 888 928 meorum
907 875 974 942 ”,
998 886 1051 929 et
1073 894 1086 930 :
1112 875 1317 930 Potasti
1332 894 1423 931 nos
1442 878 1686 948 lacrymis
1703 880 1758 932 in
1778 896 1977 933 mensu-

409 982 469 1019 ra
496 963 565 1020 “.
593 965 765 1018 Tanta
801 980 932 1037 ergo
962 967 1179 1022 tristitia
1226 984 1291 1023 ac
1329 970 1537 1033 dolore,
1573 980 1625 1025 et
1659 971 1975 1039 gemitibus,

406 1054 655 1122 suspiriis
697 1069 912 1123 quoque
939 1064 994 1109 et
1051 1055 1325 1127 lacrymis,
1372 1066 1537 1124 atque
1587 1056 1977 1111 lamentatione

413 1144 598 1212 repleti
632 1154 758 1199 sunt
808 1144 907 1199 viri
949 1145 1047 1212 illi,
1081 1156 1140 1198 ut
1178 1147 1422 1201 omnium
1465 1148 1763 1202 carnalium
1812 1159 1976 1217 atque

405 1237 753 1305 praesentium
786 1237 1278 1304 obliviscerentur,
1326 1248 1383 1293 et
1407 1238 1682 1293 alerentur
1722 1249 1767 1294 et
1822 1250 1975 1293 satu-

406 1338 663 1382 rareutur
701 1337 757 1381 et
791 1329 1130 1398 replerentur
1171 1329 1281 1399 ipsa
1319 1330 1537 1385 tristitia
1568 1340 1619 1386 et
1647 1330 1810 1384 luctu.
1840 1330 1972 1384 Nam

402 1423 546 1476 sicut
580 1421 681 1477 Job
727 1423 1076 1477 saturabatur
1123 1423 1624 1479 vehementioribus
1667 1424 1972 1489 doloribus,

402 1514 654 1568 similiter
680 1516 824 1569 beati
857 1516 959 1569 viri
1004 1514 1078 1569 illi
1119 1514 1508 1569 saturabantur
1560 1515 1823 1569 immensa
1874 1517 1973 1568 tri-

402 1605 550 1657 stitia
583 1615 741 1675 atque
774 1605 1091 1662 ululatibus.
1146 1606 1238 1662 Sic
1259 1648 1274 1671 ,
1304 1608 1500 1678 inquit,
1532 1608 1854 1661 assederunt
1898 1607 1972 1661 illi

401 1706 603 1764 septem
627 1698 820 1751 diebus
850 1708 903 1752 et
929 1707 1133 1769 septem
1165 1700 1434 1763 noctibus,
1467 1706 1521 1753 et.
1543 1701 1738 1753 mortui
1768 1699 1968 1754 luctum

2083 515 2187 567 Sed
2214 528 2318 566 non
2369 519 2623 581 poterant
2664 509 2778 563 bare
2806 509 3004 561 dicere.
3048 504 3241 560 Omnia
3291 503 3436 556 enim
3480 502 3657 555 subito

2083 620 2193 662 uno
2227 615 2469 673 tempore
2505 603 2852 656 interierunt.
2910 601 2990 654 An
3034 600 3138 654 hoc
3184 594 3493 650 dixissent?
3524 594 3657 649 Cor-

2080 696 2228 767 poris
2260 694 2613 750 incolumitas
2640 702 2695 747 et
2736 690 3104 748 membrorum
3154 687 3416 741 fortitudo
3438 725 3452 749 ,
3495 695 3658 752 atque

2081 789 2432 845 brachiorum
2462 787 2653 852 virtus,
2689 786 2947 856 rependet
2993 782 3091 835 tibi
3138 780 3320 835 omnia
3366 787 3529 845 atque
3571 792 3656 831 re-

2078 883 2287 937 stituet.
2337 880 2444 935 Sed
2478 881 2616 943 hoc,
2649 877 2938 945 inquiunt,
2986 874 3286 944 praesertim
3328 870 3509 925 dicere
3546 884 3653 924 non

2078 986 2390 1046 possumus.
2427 972 2531 1041 Ipsi
2565 969 2706 1025 enim
2737 968 2981 1022 videmus
3006 980 3205 1034 corpus
3240 965 3467 1017 humore
3519 976 3652 1017 eon-

2078 1072 2380 1131 sumptum,
2418 1072 2473 1116 et
2501 1060 2682 1115 omnia
2711 1061 2952 1113 membra
2985 1065 3226 1111 comesta
3254 1070 3283 1107 a
3308 1052 3653 1108 multitudine

2077 1156 2367 1209 vermium.
2423 1153 2525 1209 i’ro
2588 1153 2706 1207 istis
2767 1166 2896 1220 ergo
2946 1151 3197 1204 omnibus
3226 1148 3535 1218 quomodo,
3569 1147 3652 1199 in-

2076 1248 2303 1317 quiunt,
2338 1257 2389 1301 te
2416 1245 2761 1300 consolemur
2805 1243 2885 1298 vel
2915 1242 3187 1310 quomodo
3215 1256 3277 1296 os
3311 1241 3651 1309 aperiamus,

2077 1339 2159 1392 vel
2191 1339 2319 1408 quid
2353 1337 2597 1391 dicamus
2632 1352 2737 1389 non
2771 1336 3095 1389 invenimus.
3135 1332 3219 1386 An
3268 1334 3519 1401 antiquas
3562 1333 3647 1385 hi-

2076 1431 2271 1487 storias
2317 1429 2696 1498 proferemus?
2744 1427 2849 1481 Sed
2893 1443 2921 1480 a
2957 1425 3154 1480 smeulo
3192 1425 3317 1479 talia
3361 1441 3469 1478 non
3504 1424 3647 1477 acci-

2076 1523 2299 1588 derunt,
2354 1524 2449 1577 sed
2504 1522 2571 1574 ab
2605 1520 2760 1574 initio
2791 1519 2916 1574 talia
2974 1532 3083 1572 non
3134 1526 3520 1586 provenerunt.
3562 1516 3645 1569 An

2076 1614 2420 1684 antiquorum
2450 1614 2665 1667 dolores
2693 1622 2859 1681 atque
2888 1611 3171 1680 passiones
3213 1609 3548 1679 proferentes
3580 1623 3647 1662 ac

2077 1704 2623 1759 commonefacientcs
2655 1702 2828 1765 illum,
2864 1701 3266 1755 consolabimur
3303 1699 3469 1753 eum?
3507 1699 3644 1767 Ergo

402 1789 539 1858 apud
576 1789 840 1843 viventem
869 1789 971 1845 Job
1020 1792 1403 1860 impleverunt.
1446 1790 1650 1848 Luctus
1707 1792 1852 1845 enim
1911 1792 1970 1847 lit
2001 1773 2043 1827 Β
2071 1797 2195 1864 quia
2240 1811 2339 1850 nec
2394 1796 2688 1864 quidquam
2732 1804 2879 1857 erat,
2936 1807 3037 1846 nec
3087 1794 3140 1846 in
3185 1791 3342 1846 factis
3391 1806 3562 1859 neque
3591 1792 3641 1843 in

400 1879 596 1932 mortui
634 1890 838 1948 septem
868 1879 1058 1934 diebus
1088 1888 1141 1933 et
1174 1890 1379 1947 septem
1424 1881 1696 1933 noctibus.
1746 1878 1791 1935 Ο
1820 1878 1965 1932 solli-

399 1973 691 2028 citudinem
745 1974 1027 2028 beatorum
1086 1974 1297 2028 illorum
1374 1984 1536 2043 atque
1605 1974 1966 2038 devotionern,

398 2082 556 2133 quam
591 2067 734 2120 circa
770 2062 871 2121 Job
900 2067 1236 2120 habuerunt!
1268 2066 1312 2121 Ο
1336 2067 1508 2120 virtus
1540 2078 1596 2120 et
1621 2066 1917 2120 constantia
1947 2066 1961 2119 Ξ

394 2159 441 2213 Ο
501 2161 759 2227 patientia
821 2170 984 2230 atque
1035 2161 1200 2215 animi
1266 2158 1565 2213 fortitudo!
1632 2159 1964 2213 Commortui

396 2250 677 2317 suntjusto
713 2251 784 2304 illi
814 2247 916 2306 Job
945 2266 1050 2306 non
1076 2250 1475 2315 manducando,
1504 2259 1679 2319 neque
1711 2249 1963 2312 bibendo,

395 2357 517 2410 quae
545 2343 798 2397 universa
840 2352 1071 2399 mortem
1123 2342 1454 2412 signiﬁcant.
1489 2340 1621 2395 Nam
1673 2341 1815 2395 sicut
1859 2356 1963 2394 non

394 2438 861 2488 manducaverunt
909 2449 1087 2503 neque
1141 2434 1429 2499 biberunt,
1487 2434 1568 2488 sic
1631 2448 1731 2488 nec
1802 2433 1961 2487 locuti

395 2535 521 2580 sunt
544 2566 558 2587 ,
593 2533 649 2578 et
689 2525 833 2579 sicut
878 2539 983 2579 non
1035 2533 1165 2579 sunt
1206 2524 1368 2579 locuti
1400 2534 1604 2594 septem
1637 2524 1860 2589 diebus,
1892 2525 1963 2577 ita

395 2634 495 2675 nec
520 2620 979 2676 manducaverunt
1010 2635 1112 2675 nec
1142 2620 1412 2674 biberunt.
1443 2620 1595 2687 Quod
1628 2629 1808 2673 autem
1854 2633 1960 2671 non

393 2712 860 2767 manducaverunt
891 2721 1096 2780 septem
1137 2706 1360 2773 diebus,
1391 2709 1629 2764 ostendit
1676 2709 1727 2762 in
1773 2709 1961 2763 subse‘

392 2805 682 2874 quentibus
712 2805 900 2861 dicens
934 2820 949 2858 :
983 2804 1307 2859 Assederunl
1343 2806 1391 2857 ei
1434 2812 1626 2871 septem
1675 2803 1857 2856 diebus
1909 2813 1958 2857 et

390 2905 582 2964 septem
612 2896 873 2959 noctibus,
907 2905 954 2948 et
997 2910 1144 2949 nemo
1177 2894 1389 2947 illorum
1418 2896 1619 2947 locutus
1641 2900 1718 2945 est
1750 2892 1817 2945 ad
1842 2908 1961 2945 eum

390 2988 599 3041 verbum
623 2982 689 3041 ⁸⁸.
713 2985 926 3052 Quare?
941 2986 1076 3052 Quia
1098 2985 1343 3040 viderant
1360 2983 1570 3054 plagam
1588 2984 1705 3054 ejus
1723 2983 1959 3037 saevissi-

391 3095 533 3133 mam
574 3094 717 3143 esse,
773 3090 829 3134 et
882 3093 1133 3148 magnam
1185 3076 1359 3131 valde.
1415 3076 1631 3145 Septem
1670 3075 1858 3131 diebus
1906 3083 1960 3129 et

390 3180 595 3241 septem
621 3173 875 3226 noctibus
906 3186 1008 3225 non
1044 3169 1258 3239 aperire
1287 3183 1369 3233 os,
1404 3183 1508 3222 non
1533 3167 1679 3237 loqui
1715 3169 1958 3235 verbum,

393 3279 500 3316 nou
542 3263 787 3332 proferre
818 3276 1159 3327 sermonem,
1210 3261 1387 3329 magni
1449 3267 1533 3314 est
1581 3258 1783 3313 doloris
1814 3259 1961 3313 indi-

390 3355 555 3409 cium.
585 3353 691 3409 Sed
716 3354 932 3408 interim
981 3352 1113 3408 illud
1167 3352 1526 3421 impleverunt
1577 3351 1721 3406 beati
1749 3351 1822 3405 illi
1853 3351 1959 3404 viri

390 3460 496 3500 non
544 3446 886 3501 discedentes
909 3485 924 3510 ,
956 3460 1130 3513 neque
1176 3454 1487 3522 avertentes
1512 3444 1706 3500 faciem
1731 3486 1747 3511 ,
1784 3461 1957 3515 neque

390 3534 565 3593 locum
598 3540 909 3592 deserentes
933 3574 948 3602 ,
985 3537 1080 3592 sed
1122 3536 1326 3607 iugiter
1354 3548 1764 3607 permanentes,
1799 3549 1960 3606 atque

389 3628 697 3683 assidentes
729 3628 803 3680 illi
844 3636 1050 3697 septem
1089 3627 1278 3681 diebus
1326 3637 1381 3681 et
1418 3638 1620 3697 septem
1679 3630 1955 3694 noctibus,

386 3728 442 3775 et
493 3734 654 3775 nemo
704 3715 917 3774 illorum
966 3719 1181 3775 locutus
1245 3730 1327 3775 est
1374 3720 1423 3773 ei
1466 3721 1712 3775 verbum.
1756 3720 1958 3791 Stupor

385 3808 530 3867 enim
578 3821 739 3882 atque
782 3827 951 3882 pavor
989 3821 1351 3881 occupaverat
1387 3811 1505 3867 illos
1554 3813 1796 3868 videntes
1831 3814 1956 3867 talia

388 3903 495 3973 pati
530 3903 703 3955 virum
731 3911 977 3957 sanctum
1010 3901 1315 3970 acjustum,
1360 3918 1389 3957 a
1438 3903 1549 3957 Deo
1588 3904 1955 3958 testimonium

386 4002 763 4049 consecutum.
821 3992 1042 4047 Certum
1093 4004 1177 4047 est
1205 3994 1346 4062 quod
1373 4006 1478 4047 non
1507 3993 1678 4048 solum
1714 4008 1809 4064 pro
1831 3994 1953 4061 Joh,

385 4083 478 4138 sed
508 4082 672 4136 etiam
701 4097 800 4151 pro
822 4097 881 4137 se
909 4085 1278 4153 unusquisque
1307 4099 1494 4139 eorum
1529 4084 1792 4139 sollicitus
1815 4096 1950 4147 erat,

385 4184 634 4230 metuens
666 4174 794 4245 quid
823 4176 986 4229 etiam
1021 4177 1086 4229 de
1118 4191 1175 4230 se
1200 4187 1479 4246 gereretur
1510 4217 1525 4241 ,
1551 4176 1638 4232 vel
1683 4176 1812 4246 quid
1861 4193 1956 4230 ex-

382 4276 740 4336 speCIaretur.
777 4265 910 4321 Nam
940 4267 985 4320 si
1021 4268 1225 4336 justum
1268 4268 1394 4323 talia
1444 4269 1948 4335 inveneruntmala,

381 4371 502 4425 nos,
552 4359 822 4428 inquiunt,
869 4358 962 4427 qui
993 4359 1151 4429 longe
1190 4375 1375 4414 sumus
1416 4361 1485 4414 ab
1516 4361 1671 4429 hujus
1690 4359 1951 4429 iustifica-

2072 1888 2252 1941 verbis
2310 1898 2408 1956 per
2436 1887 2578 1954 quod
2622 1885 2897 1939 consolari
2943 1897 3067 1937 eum
3127 1893 3381 1949 possent,
3440 1879 3642 1933 idcirco

2070 1978 2331 2032 sedebant
2386 1974 2758 2030 taciturnitate
2801 1988 2895 2028 sua
2927 1972 3028 2041 ipsi
3082 1973 3435 2025 vehementia:
3489 1971 3641 2024 dolo-

2070 2086 2185 2125 rum
2208 2069 2323 2137 ejus
2354 2078 2698 2122 attestantes.
2731 2065 2863 2119 Nam
2902 2065 3188 2119 discedere
3229 2080 3333 2118 non
3364 2074 3635 2133 poterant,

2067 2174 2364 2235 praesentes
2397 2163 2539 2231 loqui
2582 2176 2686 2216 non
2736 2160 3031 2214 audebant.
3084 2158 3375 2228 Propterea
3419 2159 3641 2211 assede-

2068 2269 2194 2314 runt
2231 2257 2307 2312 illi
2349 2265 2554 2325 septem
2592 2254 2819 2318 diebus,
2849 2262 2905 2306 et
2941 2262 3147 2319 septem
3176 2251 3444 2314 noctibus,
3481 2250 3639 2302 incli-

2067 2349 2211 2404 natis
2238 2349 2493 2404 deorsum
2529 2346 2595 2398 ad
2642 2354 2840 2399 terram
2881 2341 3144 2397 faciebus.
3192 2340 3494 2407 Aliquando
3540 2355 3639 2392 au-

2068 2450 2175 2495 tem
2213 2440 2561 2492 intendentes
2592 2437 2645 2489 in
2678 2434 2830 2489 illum
2874 2444 2931 2488 et
2962 2433 3231 2488 visionem
3266 2433 3436 2502 plaga:
3492 2431 3638 2486 illius

2064 2540 2374 2600 stupentes,
2419 2529 2677 2584 continuo
2734 2526 3033 2581 identidem
3087 2524 3411 2594 dejiciebant
3446 2521 3633 2576 facies.

2062 2622 2370 2692 Aliquando
2395 2636 2454 2675 se
2483 2620 2714 2690 genibus
2741 2619 3104 2687 imponentes,
3129 2616 3420 2684 aliquando
3451 2623 3635 2668 autem

2062 2728 2227 2783 super
2256 2725 2474 2767 manum
2521 2710 2931 2772 incumbentes,
2965 2722 3070 2762 non
3126 2707 3176 2761 in
3207 2705 3437 2767 lectulis,
3464 2717 3638 2771 neque

2064 2807 2115 2860 in
2152 2805 2424 2874 grabatis,
2458 2817 2632 2871 neque
2690 2802 2745 2855 in
2794 2799 3152 2856 straminibus
3214 2796 3633 2866 requiescentes,

2063 2898 2154 2952 sed
2186 2896 2372 2965 procul
2406 2894 2569 2948 dubio
2606 2894 2659 2946 in
2694 2893 2878 2947 cinere
2906 2900 2962 2947 et
2991 2889 3170 2945 cilicio
3196 2926 3210 2954 ,
3238 2889 3292 2943 in
3350 2899 3492 2944 terra
3546 2901 3633 2941 se-

2062 2989 2269 3051 dentes,
2300 2994 2461 3055 atque
2496 2986 2548 3039 in
2580 2984 2680 3039 Job
2721 2984 3094 3048 intendentes,
3127 2980 3343 3049 quando
3388 2979 3633 3043 sedebat,

2063 3077 2344 3139 sedebant,
2385 3075 2432 3129 si
2466 3084 2642 3130 tamen
2664 3075 2887 3129 omnino
2915 3088 3023 3142 pra:
3042 3072 3317 3126 doloribus
3345 3069 3635 3137 aliquando

2059 3168 2240 3237 jacere
2262 3175 2487 3236 poterat.
2521 3166 2614 3221 Sic
2637 3181 2867 3234 namque
2897 3166 2950 3218 in
3015 3163 3307 3233 gemitibus
3345 3176 3409 3214 ac
3455 3157 3637 3225 suspi-

2066 3262 2161 3316 riis
2198 3261 2332 3315 istos
2362 3269 2565 3328 septem
2597 3258 2713 3311 dies
2746 3266 3063 3327 peragentes
3092 3253 3414 3310 assederunt
3442 3251 3542 3315 illi,
3567 3265 3630 3305 os

2062 3369 2171 3408 non
2199 3353 2531 3422 aperientes,
2557 3364 2733 3417 neque
2758 3348 2977 3402 verbum
3014 3345 3324 3413 loquentes,
3371 3342 3473 3396 nisi
3516 3352 3635 3395 tan-

2065 3457 2174 3499 tmu
2236 3446 2475 3514 graviter
2528 3442 2900 3510 suspirantes,
2952 3447 3114 3508 atque
3189 3435 3632 3504 ingemiscentes.

2062 3538 2451 3591 Verumtamen
2489 3550 2587 3589 nec
2620 3536 2686 3588 de
2715 3535 2816 3587 hoc
2839 3533 3119 3593 sileamus,
3163 3528 3257 3597 qui
3304 3528 3522 3581 fuerunt
3579 3526 3635 3579 hi

2061 3630 2180 3690 viri,
2216 3628 2301 3681 vel
2328 3626 2513 3695 quales
2557 3624 2640 3679 vel
2694 3624 2860 3677 unde.
2913 3620 3030 3676 Non
3077 3621 3295 3674 fuerunt
3327 3619 3492 3687 aliqui
3533 3617 3635 3670 mi-

2061 3722 2187 3774 nimi
2216 3762 2232 3785 ,
2268 3734 2441 3788 neque
2484 3716 2954 3787 contemptibiles,
2985 3715 3077 3769 sed
3132 3712 3337 3783 egregii
3392 3710 3631 3774 fuerunt,

2057 3824 2112 3867 et
2141 3813 2413 3882 principes
2441 3811 2747 3880 regionum,
2776 3820 2938 3876 atque
2964 3806 3366 3875 provinciarum
3409 3820 3633 3858 suarum

2059 3906 2293 3972 domini,
2328 3920 2392 3959 ac
2434 3906 2601 3957 duces
2655 3901 2831 3972 gentis
2869 3915 3000 3957 suae.
3032 3899 3101 3955 Et
3159 3913 3281 3952 cum
3330 3898 3403 3950 ita
3452 3895 3635 3963 magni

2059 4010 2221 4068 atque
2248 4006 2495 4067 potentes
2546 3994 2799 4058 fuissent,
2836 4002 3042 4045 tantum
3099 4006 3159 4045 se
3186 3988 3633 4053 humiliaverunt,

2056 4100 2218 4158 atque
2252 4088 2580 4151 afﬂixerunt,
2614 4095 2668 4138 ut
2718 4084 2772 4138 in
2827 4083 3016 4137 cinere
3051 4090 3106 4137 et
3151 4080 3330 4135 cilicio
3378 4079 3635 4133 sederent

2057 4190 2261 4250 septem
2294 4179 2488 4234 diebus
2517 4186 2736 4246 pmpter
2772 4174 3144 4229 sinceritatem
3178 4187 3243 4226 ae
3286 4171 3631 4226 dilectionem

2058 4288 2219 4343 quam
2258 4272 2407 4326 circa
2440 4270 2587 4323 illum
2614 4268 2957 4331 habuerunt,
2985 4265 3133 4335 quod
3174 4280 3335 4319 nemo
3362 4280 3502 4318 nunc
3529 4265 3633 4317 ho-

2058 4364 2264 4418 minum
2316 4360 2468 4427 facit,
2527 4374 2702 4428 neque
2731 4359 2959 4423 amicus,
3009 4372 3181 4427 neque
3217 4356 3421 4421 frater,
3458 4371 3633 4423 neque

381 4450 637 4512 lieuibus,
694 4451 822 4519 quid
874 4451 1324 4520 exspectabimus,
1367 4453 1448 4507 vel
1489 4452 1619 4523 quid
1666 4455 1955 4509 sustinebi-
1986 4466 2029 4521 ι)
2061 4455 2221 4518 illius,
2251 4462 2313 4507 ut
2342 4453 2581 4506 assideat
2596 4448 2815 4521 jejunus
2842 4458 2935 4503 aut
2986 4450 3104 4503 sine
3133 4459 3263 4517 potu
3288 4463 3394 4502 una
3420 4448 3525 4511 die,
3565 4465 3632 4501 ne

386 4542 545 4596 mus?
570 4538 697 4596 Haec
729 4544 1078 4597 recordantes
1105 4545 1308 4612 ptiSteri
1337 4545 1595 4599 dixerunt
1634 4562 1645 4598 :
1687 4545 1747 4601 Si
1770 4546 1951 4615 justus

379 4636 467 4688 uia:
489 4634 779 4688 saiuabitur
799 4674 815 4699 ,
840 4642 1083 4703 peccator
1119 4647 1167 4690 et
1191 4638 1382 4707 impius
1413 4638 1499 4689 ubi
1521 4638 1838 4706 apparebunt
1869 4638 1953 4691 ⁸θῖ

380 4724 648 4780 immensa
677 4741 807 4796 ergo
839 4726 1056 4780 tristitia
1088 4738 1252 4798 atque
1290 4727 1445 4782 dolor
1471 4728 1672 4793 cordis,
1705 4743 1809 4781 non
1833 4743 1953 4797 per-

379 4816 529 4871 misit
561 4832 654 4870 eos
680 4819 955 4871 reminisci
987 4834 1166 4887 neque
1195 4820 1469 4882 ciborum,
1500 4832 1675 4887 neque
1706 4828 1950 4884 potuum,

378 4922 554 4978 neque
575 4909 778 4977 aliquid
793 4911 1013 4965 humani
1037 4912 1306 4966 recordari
1327 4920 1636 4981 potuerunt.
1658 4908 1947 4978 Propterea

370 4994 566 5067 jejuni,
591 5010 645 5054 et
673 5000 791 5054 sine
820 5012 972 5069 potu,
1003 5011 1059 5056 et
1087 5001 1207 5056 sine
1251 5016 1502 5056 sermone
1545 5003 1866 5056 assederunt
1898 5003 1948 5056 ei

377 5100 582 5159 septem
658 5090 849 5147 diebus
926 5103 981 5147 et
1052 5104 1258 5161 septem
1332 5095 1603 5147 noctibus.
1666 5092 1948 5158 Quomodo

375 5183 599 5236 omnino
642 5184 915 5238 reminisci
956 5195 1207 5252 poterant
1231 5184 1461 5253 alicujus
1512 5185 1630 5248 rei,
1658 5200 1781 5238 cum
1837 5194 1945 5238 tam

376 5288 574 5329 saevam
602 5286 763 5345 atque
784 5277 1079 5331 terribilem
1109 5277 1357 5332 viderent
1377 5277 1590 5349 plagam
1614 5277 1770 5332 istius
1780 5276 1949 5344 justi?

376 5366 659 5432 Quomodo
703 5368 955 5423 videlicet
1009 5369 1283 5424 consolari
1338 5369 1485 5423 illum
1531 5378 1815 5439 poterant,
1862 5371 1949 5424 vel

374 5461 507 5528 quid
541 5461 607 5513 ad
636 5475 759 5514 eum
791 5461 1091 5515 dixissent?
1132 5460 1413 5515 Hoccine?
1465 5459 1522 5515 Si
1563 5476 1675 5515 rem
1721 5462 1952 5515 familia-

380 5559 494 5605 rem
524 5550 790 5618 amisisti,
848 5553 1173 5621 reparabuut
1214 5568 1332 5607 eam
1378 5554 1475 5609 tibi
1508 5553 1628 5607 lilii.
1659 5555 1739 5608 An
1780 5554 1954 5609 illud?

2050 4545 2228 4600 dicam
2298 4554 2503 4612 septem
2539 4542 2734 4597 diebus
2790 4551 2845 4594 et
2909 4552 3115 4610 septem
3177 4541 3444 4594 noctibus.
3499 4541 3632 4605 Qua:

2053 4647 2232 4691 autem
2265 4636 2486 4689 fuerunt
2538 4634 2764 4688 nomina
2816 4632 3011 4688 horum
3054 4633 3338 4685 virorum?
3368 4631 3630 4700 ileliphaz

2050 4727 2496 4781 Themanitarum
2546 4727 2691 4792 dux,
2745 4724 2971 4779 Baldatb
3018 4724 3296 4777 Suitarum
3339 4736 3627 4793 tyrannus,

2053 4820 2263 4888 Sophar
2319 4817 2683 4874 Nomadarum
2747 4833 2866 4873 rex.
2920 4818 2986 4870 Et
3019 4832 3140 4885 quae
3192 4816 3412 4870 fuerunt
3442 4826 3631 4883 gentes

2055 4913 2251 4980 quibus
2274 4911 2364 4964 isti
2403 4910 2701 4978 regnabant
2736 4919 2900 4977 atque
2950 4907 3403 4963 dominabantur?
3444 4908 3631 4961 Genus

2057 5004 2269 5057 fuerunt
2304 5003 2442 5058 Esau
2473 5003 2564 5055 lilii
2594 5000 2745 5056 Isaac
2776 5002 2959 5055 fratris
2989 4999 3178 5063 Jacoh,
3211 5015 3401 5069 genus,
3432 5000 3628 5064 tribus,

2056 5097 2358 5166 progenies,
2393 5095 2714 5163 provinciae,
2774 5094 3039 5161 regiones.
3085 5092 3217 5145 Nam
3272 5092 3415 5146 sicut
3461 5090 3632 5145 Jacob

2056 5187 2454 5242 multitudinem
2517 5188 2703 5257 genuit
2760 5185 2938 5254 gentis
3009 5184 3370 5237 lsraelitarum
3423 5195 3479 5238 et
3533 5184 3631 5239 Ju-

2057 5281 2316 5343 daeorum,
2370 5281 2441 5332 ita
2496 5278 2639 5332 Esau
2693 5277 3093 5331 multitudinem
3148 5277 3335 5345 genuit
3388 5277 3630 5346 gentium

2056 5373 2147 5443 qui
2182 5372 2591 5442 appellabantur
2622 5371 2867 5426 ldumaai.
2901 5372 3007 5427 Sed
3033 5373 3086 5426 in
3116 5372 3280 5426 lsrael
3319 5373 3435 5426 sive
3462 5371 3627 5439 judex

2058 5470 2178 5514 erat
2208 5473 2366 5523 unus,
2390 5460 2480 5528 qui
2512 5469 2681 5513 totum
2708 5459 2873 5513 Israel
2897 5460 3197 5527 judicabat,
3226 5462 3340 5517 sive
3370 5476 3464 5515 rex
3492 5477 3632 5515 unus

2059 5562 2198 5619 erat,
2230 5554 2323 5622 qui
2347 5553 2595 5608 universo
2617 5551 2781 5609 Israel
2806 5554 3140 5623 imperabat,
3169 5556 3407 5625 quandiu
3443 5553 3517 5609 illi
3553 5570 3631 5609 se-

450 5669 493 5703 “
527 5666 669 5729 Psal.
722 5682 831 5741 ιιι,
875 5673 921 5729 ι.
979 5674 1021 5705 ³³
1053 5672 1193 5731 Psal.
1244 5692 1318 5743 et,
1351 5675 1403 5730 5.
1479 5676 1525 5709 "‘
1561 5677 1701 5733 Psal.
1742 5683 1960 5748 Lxxu,t

2083 5677 2127 5708 ⁸⁵
2157 5676 2257 5733 Job
2283 5693 2343 5741 ll,
2378 5677 2466 5732 15.
2543 5677 2587 5709 ⁸⁵
2616 5676 2631 5730 1
2657 5675 2800 5732 Pctr.
2833 5693 2903 5743 tv,
2936 5677 3020 5732 i8.
