3884 6218
179 326 292 385 505

1277 313 1659 379 ANONYMUS
1695 314 1763 370 ΙΝ
1795 310 1936 371 JOB.
1975 343 2045 357 —
2075 308 2206 367 LIB.
2244 305 2335 365 Ill.

3324 287 3429 347 506

176 449 416 505 cundum
451 444 740 503 consilium
785 442 882 500 Dei
929 441 1366 499 ambulaverunt.
1408 440 1465 494 In
1501 433 1747 495 ldumaeis
1774 434 1823 491 Α
1846 445 2026 495 versa,
2071 427 2226 499 juxta
2254 427 2359 481 hoc
2388 421 2532 492 quod
2564 417 2772 474 dictum
2807 420 2895 470 est
2949 426 2969 470 :
3014 406 3259 505 Iug-escis
3302 405 3433 505 .pltt':

176 551 361 597 autem
398 540 526 609 (hoc
548 547 633 593 est
656 539 710 592 in
740 550 941 609 genere
979 534 1145 607 Esau)
1184 532 1478 590 secundum
1522 540 1749 584 consue-

182 634 424 689 tudinem
454 631 696 687 omnium
720 629 962 700 gentium
992 643 1090 699 per
1122 624 1365 696 singulas
1403 622 1653 678 civitates
1697 624 1754 674 et

182 726 436 795 regiones
476 738 633 795 reges
668 721 908 781 fuerunt.
943 731 1106 789 atque
1136 721 1305 774 duces
1324 714 1752 786 provinciarum,

180 829 237 874 et
269 817 464 888 singuli
503 818 556 870 in
600 815 823 885 regione
862 827 957 868 sua
997 811 1297 883 regnabant
1341 817 1501 877 atque
1527 806 1757 875 impera-

182 914 337 967 bant.
372 911 512 980 Ergo
535 910 662 979 quia
694 923 836 962 nunc
857 906 1102 976 proxime
1137 911 1256 958 erat
1290 902 1462 956 adhuc
1496 896 1756 954 memoria

184 1005 457 1057 Abraham
478 1042 495 1065 ,
537 1012 593 1055 et
622 1000 772 1055 Isaac
809 999 1079 1070 justorum
1110 996 1323 1050 illorum
1346 1032 1362 1059 ,
1387 1000 1443 1047 et
1483 991 1609 1061 quia
1642 989 1760 1059 ipse

184 1097 328 1151 Esau
361 1096 454 1151 Dei
494 1094 670 1149 cultor
698 1101 816 1147 erat
848 1107 863 1144 :
895 1103 1205 1161 quanquam
1235 1087 1380 1143 enim
1413 1085 1465 1138 in
1488 1081 1761 1138 nonnullis

183 1184 492 1247 violaverit,
548 1192 788 1237 attamen
845 1180 1094 1234 eamdem
1152 1177 1248 1231 Dei
1301 1176 1567 1231 culturam
1633 1171 1760 1226 ﬁliis

182 1277 302 1330 suis
332 1275 553 1329 tradidit
583 1289 597 1325 :
636 1274 830 1328 merito
859 1270 1103 1343 plerique
1128 1268 1487 1325 ldumreorum
1524 1263 1761 1318 cultores

185 1364 284 1418 Dei
322 1363 571 1427 fuerunt,
609 1372 662 1416 et
702 1361 968 1432 aliquanti
995 1361 1152 1415 valde
1181 1358 1460 1428 religiosi,
1494 1356 1638 1410 sicut
1662 1353 1763 1408 Job

182 1454 273 1507 vel
300 1454 457 1508 amici
498 1452 613 1520 ejus
640 1454 731 1523 qui
770 1459 1035 1506 venerunt
1072 1452 1137 1505 ad
1179 1465 1326 1505 eum.
1362 1445 1764 1519 Cognominatm

187 1561 423 1615 namque
454 1554 583 1599 sunt
606 1545 850 1613 quaedam
885 1541 1239 1597 Idumaeorum
1268 1541 1514 1611 regiones
1542 1537 1763 1605 Arabia,

188 1638 243 1691 in
275 1638 429 1706 cujus
460 1635 669 1717 Arabiae
699 1617 899 1690 ﬁnibus
924 1633 1176 1688 manebat
1202 1631 1323 1686 Job.
1359 1629 1492 1684 Nam
1527 1637 1582 1683 et
1633 1643 1768 1682 uxo~

190 1743 309 1783 rem
371 1728 438 1782 de
499 1726 700 1785 Arabia
759 1725 1010 1793 accepit,
1053 1733 1239 1792 utpote
1267 1720 1509 1791 ejusdem
1555 1717 1768 1790 generis

186 1820 586 1876 exsistentibus
616 1817 882 1872 Arabitis.
910 1814 1023 1868 Nisi
1051 1815 1195 1868 enim
1231 1812 1393 1866 unius
1440 1810 1659 1880 generis
1681 1823 1767 1863 es-
1799 1801 1841 1857 B

187 1924 332 1977 sent,
365 1926 639 1980 nunquam
671 1909 772 1965 Job
805 1924 870 1963 ex
902 1908 1205 1977 alienigena
1252 1913 1411 1977 gente
1446 1916 1671 1957 uxorem
1709 1914 1769 1955 se

190 2006 436 2074 accipere
466 2018 657 2072 passus
684 2000 898 2057 fuisset.
931 2000 1089 2054 Nunc
1121 2012 1254 2052 sane
1299 1994 1463 2066 periit
1510 1992 1772 2048 Idumam-

192 2111 313 2149 rum
348 2108 403 2149 et
432 2109 625 2149 nomen
650 2102 705 2147 et
737 2093 919 2162 lingua
940 2131 957 2157 ,
984 2099 1039 2144 et
1065 2102 1255 2143 omnes
1278 2085 1445 2140 Arabi
1487 2082 1772 2139 norninan-

194 2194 287 2238 tnr
316 2194 479 2254 atque
514 2198 704 2238 omnes
753 2181 978 2253 Syriace
1010 2181 1326 2250 loquuntur.
1385 2175 1539 2244 Quod
1591 2183 1772 2228 autem

190 2278 296 2333 Joh
341 2292 405 2332 ex
441 2291 641 2345 genere
667 2275 833 2329 fuerit
866 2257 1006 2328 Esau
1034 2285 1090 2328 et
1113 2287 1176 2327 ex
1212 2270 1354 2325 Esau
1401 2268 1551 2335 ﬁliis,
1584 2265 1775 2322 simili-

199 2375 281 2417 ter
339 2370 394 2417 et
425 2362 583 2416 amici
620 2361 739 2430 ejus
784 2360 875 2429 qui
927 2366 1197 2413 venerunt
1236 2356 1305 2411 ad
1341 2370 1493 2419 eum,
1537 2352 1774 2424 religiosi

200 2456 295 2511 Dei
323 2455 561 2511 cultores
602 2453 846 2515 fuerunt,
891 2460 1269 2507 verumtamen
1316 2461 1507 2502 omnes
1556 2446 1778 2500 fuerunt

198 2564 264 2603 ex
297 2563 493 2619 genere
534 2547 672 2601 Esau
695 2588 709 2608 ,
737 2544 980 2614 ejusdem
1018 2543 1235 2614 generis
1260 2551 1421 2610 atque
1479 2538 1675 2607 linguae
1719 2544 1780 2591 ut

197 2639 333 2703 Job,
368 2639 572 2694 idcirco
618 2638 691 2691 illi
746 2635 1032 2690 unanimes
1073 2633 1297 2688 fuerunt
1342 2646 1407 2686 ac
1453 2627 1775 2685 concordes.

202 2733 462 2789 Similiter
512 2733 674 2786 etiam
711 2730 811 2784 illac
846 2726 1135 2799 provincia:
1190 2740 1254 2780 ac
1284 2724 1550 2794 regiones,
1585 2721 1781 2790 quibus

202 2828 304 2898 ipsi
342 2827 644 2897 regnabant
699 2834 862 2893 atque
890 2820 1251 2891 imperabant,
1282 2817 1447 2871 etiam
1481 2815 1566 2869 ha:
1592 2827 1783 2868 omnes

202 2932 406 2989 genere
437 2915 658 2970 fuerunt
694 2915 870 2976 Esau,
901 2922 959 2967 et
994 2909 1392 2966 contribulibus
1431 2908 1545 2961 suis
1590 2919 1782 2975 regna-

200 3014 336 3068 bant
410 3021 575 3079 atque
624 3007 984 3078 imperabant.
1045 3003 1175 3059 Sive
1227 3002 1373 3057 enim
1420 2999 1780 3063 Themanitar,

203 3104 402 3173 quibus
438 3101 698 3172 Heliphaz
729 3098 1009 3167 regnabat,
1042 3097 1159 3151 sive
1190 3092 1355 3147 Suitte
1383 3131 1398 3158 ,
1436 3090 1634 3160 quibus
1661 3087 1785 3142 Bal-

203 3194 336 3247 dath
390 3191 754 3262 principatum
808 3187 1054 3257 gerebat,
1107 3184 1224 3239 sive
1283 3180 1539 3235 Nomadis
1586 3178 1785 3248 quibus

205 3285 418 3352 Sophar
453 3282 774 3350 imperabat,
797 3292 989 3334 omnes
1017 3291 1188 3347 genus
1218 3274 1356 3330 Esau
1411 3285 1575 3342 atque
1611 3271 1785 3325 tribus

208 3379 449 3431 fuerunt.
480 3375 589 3429 lloc
617 3372 874 3427 nimirum
905 3367 1212 3423 ostenditur
1233 3382 1301 3422 ex
1341 3366 1480 3420 libro
1506 3362 1787 3431 Paralipo-

208 3481 405 3521 menon
441 3465 529 3518 uhi
561 3464 692 3518 dicit
731 3478 745 3514 :
798 3460 1060 3513 Venerunt
1100 3468 1273 3510 autem
1307 3471 1428 3508 cum
1458 3452 1566 3507 illis
1592 3461 1643 3507 et
1675 3449 1791 3505 No-

209 3559 382 3613 madn:
431 3571 594 3627 genus
640 3553 808 3608 Esau.
863 3551 997 3606 Cum
1032 3551 1105 3604 ita
1155 3562 1287 3617 ergo
1327 3544 1549 3617 gloriosi
1604 3551 1790 3599 essent

210 3652 313 3706 viri
349 3651 426 3705 illi
479 3662 657 3716 reges,
711 3661 776 3700 ac
832 3644 1147 3716 principes,
1180 3650 1343 3705 atque
1391 3637 1790 3709 provinciarum

212 3746 402 3809 duces,
468 3743 787 3797 assederunt
841 3737 916 3791 illi
984 3746 1191 3806 septem
1241 3732 1434 3787 diebus
1488 3740 1545 3784 et
1586 3738 1793 3799 septem

214 3836 484 3891 noctibus.
549 3832 658 3887 Sed
725 3831 1044 3884 assederunt
1109 3834 1367 3895 tanquam
1423 3821 1663 3892 religiosi
1697 3818 1793 3873 Dei

213 3927 476 3990 cultores,
528 3940 633 3978 non
691 3930 998 3991 quaerentes
1053 3931 1232 3986 neque
1288 3913 1587 3977 maleﬁcia,
1620 3925 1797 3980 neque

216 4019 477 4090 auguria,
533 4031 710 4085 neque
753 4014 1158 4078 divinationes,
1214 4023 1392 4079 neque
1435 4004 1795 4077 pbylacteria,

219 4124 395 4179 neque
426 4107 706 4173 lamellas,
760 4119 937 4173 neque
980 4101 1384 4156 incantationes
1433 4094 1794 4151 damnabiles.

219 4204 378 4257 Scire
402 4214 635 4269 namque
658 4199 857 4253 debent
885 4194 1120 4265 religiosi
1152 4194 1273 4258 viri,
1306 4192 1434 4261 quia
1465 4190 1581 4244 hmc
1615 4186 1800 4242 omnia

219 4293 423 4349 diaboli
450 4301 576 4347 sunt
607 4290 973 4351 seductiones,
1001 4288 1306 4341 daemonum
1340 4292 1468 4338 sunt
1497 4281 1799 4344 irrisiones,

221 4386 545 4443 idololatria}
586 4394 711 4440 sunt
735 4383 874 4449 faex,
927 4380 1227 4435 animarum
1269 4375 1593 4437 iul‘atuatio,
1642 4382 1803 4440 atque

1856 493 2019 577 rimis
2049 493 2109 589 fit
2140 517 2424 586 inﬁrmitas
2460 512 2504 544 ⁸⁷
2535 529 2549 567 :
2578 521 2708 566 tunc
2756 507 3012 561 nimirum
3064 500 3249 555 dicunt
3302 493 3434 548 insi—

1858 587 2091 685 pienter,
2119 608 2263 679 quod
2286 606 2588 661 fascinatus
2618 602 2690 657 sit
2724 599 2969 670 quilibet.
3019 592 3247 661 Quando
3295 587 3436 660 jeju-

1861 720 2077 768 namus,
2113 718 2146 758 ο
2172 702 2319 765 viri,
2365 699 2701 754 abstinemus
2748 707 2850 748 nos
2900 700 2960 745 ut
3007 702 3113 744 non
3156 694 3436 757 gustemus

1861 813 2054 855 carnes
2084 810 2261 867 neque
2302 795 2486 849 vinum
2532 804 2707 861 neque
2744 785 3048 858 superﬂuas
3077 795 3265 843 escas,
3308 786 3437 830 tunc

1862 907 2032 963 quare
2060 906 2167 946 non
2198 885 2575 944 fascinamur?
2607 883 2726 938 Mox
2760 889 2942 936 autem
2965 887 3024 931 ut
3057 888 3247 929 rursus
3279 886 3436 926 man-

1863 986 2068 1040 ducare
2097 993 2259 1052 atque
2290 981 2478 1036 bibere
2504 976 2833 1047 coeperimus
2853 1012 2867 1037 ,
2901 971 3158 1026 continuo
3211 974 3266 1021 et
3308 978 3440 1017 ven-

1864 1076 1967 1130 tris
1995 1073 2287 1130 commotio
2323 1081 2486 1140 atque
2519 1070 2789 1123 viscerum
2828 1060 3170 1134 perturbatio
3210 1059 3289 1123 lit,
3334 1054 3440 1109 nisi

1867 1168 1915 1223 is
1939 1166 2086 1221 solus
2116 1163 2384 1233 eﬂ‘ugerit,
2420 1160 2511 1231 qui
2543 1159 2700 1213 valde
2750 1154 3073 1223 sibimetipsi
3122 1146 3439 1212 intenderit,

1868 1275 1939 1315 ne
1988 1264 2169 1329 gustet
2222 1256 2516 1327 quidquam
2563 1250 2917 1321 superfluum.
2980 1247 3074 1301 Sic
3120 1244 3302 1311 itaque
3335 1254 3443 1293 non

1868 1352 2261 1410 fascinationes
2306 1348 2600 1417 praevalent
2644 1343 2976 1413 quidquam,
3024 1338 3118 1393 sed
3166 1334 3446 1388 hominum

1871 1446 2284 1504 lncontinentia.
2315 1441 2382 1496 Et
2421 1438 2673 1494 videlicet
2704 1437 2807 1490 hoc
2826 1446 3040 1493 verum,
3068 1445 3190 1485 cum
3218 1425 3447 1481 mandu-

1872 1554 2064 1597 camus
2104 1536 2187 1591 vel
2222 1534 2482 1595 bibimus,
2512 1528 2561 1585 si
2592 1527 2711 1581 fidei
2768 1536 3034 1578 memores
3063 1518 3323 1573 fuerimus
3343 1556 3359 1583 ,
3399 1514 3447 1570 si

1876 1629 2115 1686 terribile
2145 1640 2340 1680 nomen
2361 1624 2478 1690 ejus
2504 1615 2948 1674 invocaverimus
2970 1651 2985 1678 ,
3014 1612 3061 1665 si
3084 1608 3450 1676 nosmetipsos

1877 1725 1959 1779 vel
1998 1724 2178 1779 cibum
2207 1729 2260 1774 et
2293 1726 2476 1787 potum
2507 1723 2751 1768 nostrum
2779 1708 2935 1777 signo
2968 1700 3297 1758 venerabilis
3323 1714 3450 1753 cru-

1871 1831 1949 1871 cis
1994 1812 2196 1869 Christi
2249 1807 2778 1880 significaverimus,
2814 1802 2859 1854 si
2922 1797 2990 1852 ad
3030 1795 3232 1851 coelum
3264 1791 3452 1847 oculos

1871 1916 2093 1964 nostros
2144 1906 2385 1959 levantes
2442 1902 2688 1955 dicamus
2734 1914 2749 1949 :
2797 1894 2903 1959 Qui
2932 1892 3025 1943 dat
3078 1903 3250 1943 escam
3307 1883 3452 1938 omni

1871 1996 2117 2061 carni“,
2163 1997 2255 2050 dat
2302 1994 2467 2049 etiam
2522 1990 2682 2046 nobis
2736 2002 2859 2042 cum
2903 1981 3278 2039 benedictione
3309 1976 3455 2030 hunc

1872 2092 2053 2148 cibum
2086 2104 2341 2154 sumere,
2393 2086 2437 2141 si
2487 2082 2786 2139 dixerimus
2831 2092 2957 2134 cum
3017 2072 3339 2130 sinceritate
3386 2069 3456 2122 ad

1874 2185 2164 2240 Dominum
2197 2190 2446 2237 nostrum
2494 2194 2508 2230 :
2552 2174 2632 2229 Tu
2676 2173 2886 2237 dixisti,
2932 2168 3179 2230 Domine,
3229 2164 3356 2233 quia
3409 2161 3455 2215 si

1875 2278 2079 2348 aliquid
2108 2274 2452 2331 mortiferum
2488 2270 2787 2326 biberimus
2824 2275 2975 2319 tuum
3014 2264 3329 2316 invocantes
3360 2267 3457 2308 no-

1877 2346 2021 2435 men,
2056 2384 2159 2423 non
2190 2368 2295 2422 erit
2326 2364 2479 2420 nobis
2510 2361 2791 2416 molestum
2825 2378 2837 2412 :
2879 2368 2934 2411 tu
2993 2356 3197 2422 itaque,
3235 2346 3460 2404 Domine

1875 2462 2092 2518 virtutis
2138 2469 2194 2516 et
2243 2457 2461 2529 gloriae,
2512 2462 2700 2509 averte
2764 2448 3061 2505 veneﬁcam
3117 2453 3170 2499 et
3216 2443 3456 2509 iniquam

1877 2554 2247 2625 operationem
2304 2565 2335 2605 a
2388 2548 2546 2602 nobis
2588 2544 2736 2601 etab
2764 2540 3016 2599 omnibus
3054 2537 3191 2592 cibis
3232 2531 3457 2588 nostris.

1878 2642 1995 2699 Nisi
2038 2642 2183 2697 enim
2216 2648 2303 2693 tua
2342 2635 2715 2692 misericordia
2740 2627 3166 2690 conscrvaverit,
3191 2620 3461 2695 quomodo

1882 2749 2168 2806 possumus
2189 2731 2429 2801 effugere
2461 2740 2606 2783 tanta
2650 2724 2890 2796 pericula
2925 2722 3170 2775 ciborum
3218 2730 3353 2770 sane
3398 2727 3463 2768 ac

1882 2838 2127 2900 potuum,
2159 2841 2284 2895 qua:
2323 2822 2637 2893 frequenter
2687 2818 2805 2887 plus
2859 2819 3055 2882 repunt
3104 2825 3167 2863 ac
3213 2812 3462 2875 serpunt,

1884 2898 2045 2989 quam
2070 2915 2313 2985 malignae
2343 2928 2408 2968 ac
2440 2922 2722 2964 venenosae
2752 2903 2937 2959 bestiae
2968 2900 2991 2954 ’ἲ
3022 2898 3251 2965 Quidam
3280 2904 3463 2949 autem

1886 2985 2337 3066 sternutamentis
2388 3002 2566 3057 adhuc
2616 2996 2959 3059 observiunt,
3006 3003 3061 3048 et
3111 2985 3467 3044 invocationi-

1888 3103 1987 3156 bus
2019 3108 2186 3168 atque
2214 3092 2657 3151 revocationibus
2682 3130 2696 3155 ,
2722 3099 2778 3142 et
2807 3085 3128 3141 occursibus
3172 3090 3335 3149 atque
3374 3090 3468 3131 vo-

1890 3193 2098 3247 lucrum
2153 3188 2403 3252 vocibus,
2437 3200 2542 3240 non
2589 3182 2959 3248 intelligentes
3022 3173 3210 3230 miseri
3269 3182 3324 3226 et
3374 3182 3471 3239 spe

1887 3284 2046 3339 vacui
2081 3325 2098 3351 ,
2138 3281 2264 3352 quia
2293 3295 2323 3334 a
2359 3279 2585 3334 Domino
2617 3286 2838 3346 gressus
2874 3270 3114 3326 hominis
3139 3264 3469 3335 diriguntur,

1889 3393 2068 3448 neque
2093 3376 2336 3430 valentes
2362 3373 2543 3428 dicere
2572 3369 2638 3424 ad
2678 3368 2845 3423 Deum
2869 3378 2995 3419 cum
3022 3359 3232 3418 sanctis
3263 3375 3278 3411 :
3314 3356 3474 3411 Grea-

1890 3484 1981 3523 sus
2004 3482 2143 3521 meos
2167 3465 2336 3533 dirige
2374 3463 2659 3519 secundum
2691 3457 2955 3526 eloquium
2982 3464 3133 3506 tuum
3160 3490 3174 3517 ,
3208 3460 3255 3504 et
3286 3464 3349 3503 ne
3375 3448 3477 3499 doc

1891 3560 2119 3614 minetur
2173 3557 2299 3610 mihi
2350 3552 2519 3608 omnis
2560 3551 2810 3621 iniquitas
2868 3548 2939 3601 ⁸³.
2993 3542 3127 3598 Nam
3159 3542 3205 3597 is
3233 3540 3324 3611 qui
3352 3552 3476 3592 cum

1896 3652 2001 3707 ﬁde
2031 3653 2097 3705 ad
2137 3649 2426 3706 Dominum
2457 3648 2571 3701 hare
2602 3643 2821 3708 dixerit,
2857 3640 3105 3711 implevit
3148 3636 3284 3693 illud
3336 3632 3482 3704 quod

1896 3741 2183 3798 dicendum
2219 3750 2306 3795 est
2330 3780 2346 3805 ,
2378 3738 2640 3793 Dominus
2670 3736 2775 3791 erit
2832 3735 2886 3788 in
2932 3731 3186 3787 omnibus
3217 3729 3319 3784 viis
3351 3727 3481 3793 tuis,

1896 3846 1952 3890 et
1974 3849 2192 3905 gressus
2220 3840 2342 3887 tuos
2371 3831 2426 3885 in
2456 3843 2593 3901 pace
2624 3828 2872 3884 deducet.
2905 3824 3006 3891 Qui
3034 3833 3213 3878 autem
3248 3822 3314 3876 ad
3344 3835 3485 3877 vana

1900 3922 2232 3979 intenderint
2261 3920 2488 3990 auguria
2525 3933 2588 3972 ac
2613 3918 2878 3973 veneficia
2902 3956 2916 3981 ,
2949 3913 3313 3970 divinationes
3351 3926 3488 3980 quo-

1900 4032 2007 4088 que
2051 4031 2115 4072 ac
2171 4013 2509 4086 phylacteria
2577 4021 2742 4081 atque
2798 4008 3231 4072 incantationes,
3288 4006 3487 4060 borum

1904 4123 2123 4180 gressus
2150 4106 2644 4171 conturbabuntur,
2678 4105 2873 4158 horum
2909 4115 3073 4170 opera
3102 4097 3488 4168 impediuntur,

1904 4202 1971 4257 ab
2013 4200 2135 4255 istis
2185 4199 2283 4255 Dei
2337 4196 2579 4253 visitatio
2635 4194 2863 4261 recedit,
2918 4192 3053 4247 istos
3100 4190 3272 4245 sancti
3314 4187 3490 4258 angeli

1902 4292 2301 4362 derelinquunt,
2325 4306 2446 4345 cum
2467 4290 2587 4345 istis
2612 4287 2864 4343 diabolus
2889 4291 3172 4356 permanet
3218 4280 3494 4335 infatuans

1905 4393 2117 4438 mentes
2164 4397 2375 4445 eorum,
2424 4380 2730 4436 obtundens
2784 4378 2951 4432 corda
2999 4374 3241 4434 illorum,
3273 4371 3495 4425 abstra-

222 4479 471 4535 cordium
519 4475 878 4532 scandalum:
916 4486 1036 4543 qum
1079 4485 1185 4526 non
1220 4468 1587 4537 intelligentes
1626 4465 1784 4535 pleri-

1909 4483 2043 4532 bens
2073 4491 2103 4529 a
2135 4476 2243 4529 Deo
2273 4488 2471 4529 sensus
2519 4485 2734 4526 eorum.
2780 4471 2857 4523 De
2907 4462 3286 4537 hujuscemodi
3335 4461 3497 4533 digne

224 4588 335 4644 que
365 4573 467 4627 hoc
492 4584 634 4624 nunc
664 4578 909 4638 tempore
934 4605 951 4633 ,
982 4579 1109 4619 mox
1163 4572 1221 4616 ut
1270 4560 1547 4631 quidpiam
1599 4556 1804 4626 aliquid

226 4663 620 4725 molestaverit,
647 4661 908 4716 continuo
962 4655 1363 4712 incantationes
1403 4661 1569 4721 atque
1611 4651 1805 4704 incau-

228 4767 440 4811 tatores
469 4754 775 4823 requirunt,
801 4750 987 4805 statim
1011 4746 1350 4818 phylaeteria
1379 4744 1625 4813 alligant,
1658 4740 1809 4795 illico

230 4847 519 4903 maleﬁciis
548 4846 859 4909 intendunt,
890 4851 984 4896 aut
1016 4840 1068 4895 in
1095 4839 1284 4892 charta
1313 4836 1596 4896 scribunt,
1626 4842 1720 4886 aut
1756 4832 1808 4885 in

229 4951 429 4996 stanno
455 4946 550 4992 aut
581 4936 820 5007 plumbo,
852 4943 909 4988 et
940 4933 1165 5003 alligant
1213 4930 1263 4984 ei
1297 4929 1387 4998 qui
1443 4926 1685 4982 dolorem
1716 4938 1811 4979 su-

230 5032 506 5091 stinuerit.
538 5030 643 5084 Alii
690 5037 873 5082 autem
900 5024 1230 5096 serpentium
1256 5020 1681 5081 incantationes,
1710 5016 1816 5071 dte-

234 5139 455 5180 monum
504 5122 912 5192 persuasiones,
962 5128 1125 5187 atque
1160 5115 1257 5170 Dei
1306 5111 1672 5181 blaSphemias
1726 5108 1812 5163 in-

231 5224 476 5273 cantant.
503 5213 632 5267 Item
658 5226 787 5265 vero
811 5209 899 5263 alii
928 5208 1196 5263 fascinare
1229 5205 1505 5270 dicuntur,
1536 5203 1651 5257 sive
1674 5201 1817 5269 quod

232 5309 525 5371 fascinant,
548 5306 662 5360 sive
678 5304 821 5373 quod
842 5302 1193 5364 fascinentur,
1214 5307 1270 5353 et
1284 5296 1545 5352 daemonis
1561 5294 1820 5349 adiuven-

234 5402 411 5455 tiones
429 5407 576 5453 sunt.
605 5396 739 5452 Cum
776 5395 921 5449 enim
960 5392 1218 5447 infrunite
1252 5387 1714 5449 manducaverint,
1740 5384 1825 5440 vel

234 5492 496 5556 biberint,
518 5505 638 5543 eum
666 5490 780 5556 ipsa
800 5486 1008 5541 viscera
1036 5500 1143 5538 non
1170 5480 1482 5538 sufferentia
1513 5478 1823 5548 perturbata

235 5584 459 5651 fuerint,
477 5591 532 5637 et.
560 5583 613 5636 in
640 5581 879 5636 dolorem
902 5588 1064 5648 atque
1086 5575 1453 5631 inﬁrmitatem
1473 5571 1672 5626 fuerint
1690 5584 1820 5624 con-

1913 4568 2124 4625 dicetur
2159 4584 2174 4620 :
2208 4565 2252 4620 0
2282 4564 2523 4620 infelicia
2568 4562 2849 4618 hominum
2881 4557 3130 4621 consilia,
3167 4570 3200 4608 o
3222 4565 3375 4607 vanae
3413 4560 3498 4605 at-

1914 4675 2020 4729 que
2069 4672 2418 4728 supervacuae
2464 4666 2811 4709 terrenorum
2864 4648 3266 4719 cogitationes,
3320 4642 3413 4713 qui
3465 4654 3499 4696 a

1916 4755 2028 4810 Deo
2068 4751 2327 4808 abstracti
2381 4760 2544 4818 atque
2580 4744 2923 4817 praevaricati
2952 4785 2967 4810 ,
2999 4742 3065 4796 de
3103 4738 3329 4792 mortuis
3352 4735 3497 4791 salu-

1919 4857 2026 4903 tem
2059 4852 2398 4915 exspectant,
2427 4843 2495 4896 ab
2541 4838 2859 4895 inanimatis
2900 4835 3190 4891 consilium
3231 4838 3502 4900 quaerunt,

1919 4949 1974 4997 et
2000 4954 2125 4995 cum
2167 4934 2526 4992 idololatrian)
2576 4930 2847 4986 declinare
2882 4928 3205 4987 vidcantur,
3233 4922 3502 4977 idolorum

1921 5030 2080 5087 faeces
2112 5039 2276 5098 atque
2321 5023 2578 5095 reliquias
2626 5022 2858 5076 adorare
2901 5025 3228 5078 noscuntur,
3275 5010 3504 5091 aug-tria

1923 5135 1980 5182 et
2006 5122 2400 5184 divinationes,
2434 5115 2835 5173 incantationes
2867 5123 3083 5181 quoque
3122 5122 3186 5162 ac
3239 5106 3505 5161 maleﬁcia

1925 5228 2089 5289 atque
2117 5215 2452 5288 pbylacteria
2491 5231 2504 5266 :
2538 5220 2593 5266 et
2633 5213 2700 5264 ab
2730 5204 3121 5277 omnipotentis
3170 5217 3231 5256 ac
3266 5201 3505 5255 viventis

1928 5312 2023 5368 Dei
2048 5307 2422 5366 misericordia
2448 5320 2598 5376 spem
2622 5316 2778 5358 suam
2802 5308 3075 5362 avertunt,
3106 5306 3162 5351 et
3191 5297 3245 5350 in
3273 5293 3508 5349 mortuis

1930 5413 2095 5474 atque
2151 5399 2468 5457 inanimatis
2524 5404 2772 5467 sperant,
2820 5394 2874 5447 in
2931 5389 3282 5463 pbylacteriis
3347 5395 3511 5453 atque

1932 5495 2146 5551 caeteris
2173 5494 2423 5561 superius
2451 5489 2714 5545 recitatis.
2748 5484 2899 5541 Mitte
2922 5500 2984 5539 ea
3018 5484 3069 5536 in
3100 5482 3278 5551 ignem
3319 5477 3365 5532 si
3412 5489 3510 5527 va-

1933 5588 2080 5640 leant
2106 5586 2396 5655 semetipsa
2420 5583 2695 5654 adjuvare,
2747 5580 2790 5634 si
2844 5576 3058 5632 valeant
3105 5568 3399 5639 semetipsa
3436 5564 3505 5621 iis

310 5794 353 5827 ⁸⁷
401 5790 562 5848 Eccli.
598 5802 807 5855 xxxvii,
838 5785 926 5840 55.
1004 5784 1049 5815 ⁸⁸
1082 5779 1222 5838 Psal.
1254 5795 1449 5846 cxxxv,
1477 5777 1569 5835 25.
1644 5777 1688 5809 ⁸⁹
1717 5774 1784 5831 Ps

1889 5786 2074 5839 cum,
2112 5767 2235 5822 155.
