3884 6218
403 274 510 332 5οΐ

1506 264 1881 321 ANONYMUS
1919 263 1984 317 IN
2019 262 2157 319 JOB.
2201 296 2267 305 —
2301 262 2428 319 LIB.
2470 262 2558 319 III.

3546 263 3661 318 508

407 390 529 461 igne
565 403 778 445 eruere.
821 388 876 442 Si
907 397 1085 441 autem
1120 402 1180 442 se
1226 385 1480 454 adjuvare
1511 401 1616 438 non
1648 392 1893 454 possunt,
1930 392 1983 435 te
2012 392 2057 446 Α
2087 383 2459 447 relinquamus
2498 391 2753 450 tanquam
2780 395 2990 450 pmnam
3017 380 3312 452 gehennae,
3345 379 3460 434 haec
3487 395 3659 434 exse-

405 482 638 553 qualiter
689 479 1237 547 adjuvabunt?Quod
1284 479 1329 531 si
1380 493 1439 532 se
1486 478 1553 532 de
1597 480 1719 547 igne
1747 492 1852 530 non
1884 490 1980 528 va-

408 573 519 628 lent
555 589 768 638 eruere,
802 588 834 627 o
862 574 1045 636 homo,
1082 570 1317 639 qualiter
1358 579 1551 624 eruent
1585 579 1634 623 te
1658 569 1726 622 ab
1758 566 1985 620 inﬁrmi-

409 662 564 717 tate?
599 663 693 717 Dic
720 705 732 727 ,
761 678 792 715 ο
817 663 978 715 homo
1002 702 1016 726 ,
1048 661 1191 729 quod
1248 658 1702 713 medicamentum
1757 668 1841 714 est
1876 674 1985 713 me-

407 752 515 807 lius
544 769 683 821 pane
707 754 796 822 qui
835 752 1070 806 laetiﬁcat
1102 767 1197 805 cor
1218 750 1499 805 hominis?
1541 750 1644 805 Sed
1691 758 1745 803 et
1790 767 1983 820 panem

410 849 454 901 si
489 846 627 900 collo
658 846 979 914 appenderis
1002 854 1057 897 et
1088 858 1191 897 non
1223 843 1608 905 momorderis,
1642 842 1725 896 vel
1754 845 1981 898 mandu-

411 939 642 1001 caveris,
681 938 812 990 nihil
846 937 940 989 tibi
968 936 1215 1003 prodest,
1246 934 1379 987 nihil
1433 944 1484 987 te
1528 933 1700 1003 juvat.
1755 936 1811 987 Si
1856 949 1986 1005 ergo

413 1029 570 1099 panis
615 1028 703 1097 qui
749 1037 833 1082 est
883 1027 1125 1095 corporis
1168 1027 1302 1088 vita,
1365 1024 1503 1078 collo
1557 1040 1824 1093 appensus
1854 1026 1984 1079 nihil

414 1121 652 1191 adjuvat,
680 1122 950 1189 quomodo
981 1117 1237 1183 adjuvent
1275 1116 1605 1186 phylacteria
1646 1115 1726 1170 vel
1771 1115 1987 1171 lamina

416 1215 723 1271 inanimatae
760 1223 920 1281 atque
951 1213 1115 1263 totius
1140 1210 1264 1264 vitae
1285 1210 1569 1263 exsortes?
1615 1208 1708 1263 Vel
1757 1208 1990 1278 qualiter

417 1304 677 1373 adjuvent
726 1301 1129 1355 incantationes
1197 1310 1252 1353 et
1314 1299 1571 1368 auguria,
1630 1298 1991 1354 divinationes

417 1409 629 1465 quoque
668 1402 827 1463 atque
878 1391 1172 1457 maleﬁcia,
1224 1405 1489 1445 occursus
1535 1391 1889 1447 nihilominus
1937 1400 1992 1447 et

417 1487 732 1541 vocationes
758 1495 922 1551 atque
957 1484 1350 1547 revocationes,
1378 1498 1497 1552 quae
1526 1493 1649 1537 sunt
1680 1484 1981 1537 daemonum

418 1578 706 1632 scrvitutes
749 1584 803 1628 et
834 1577 1131 1628 daemonum
1162 1574 1438 1629 illusiones
1479 1584 1641 1643 atque
1669 1575 1985 1629 idololatriae

421 1665 896 1723 communicatio?
928 1664 1108 1717 Infelix
1162 1678 1395 1732 namque
1440 1672 1524 1718 est
1564 1666 1654 1732 qui
1702 1664 1757 1717 in
1812 1674 1988 1719 statua

420 1759 714 1813 inanimata
743 1766 947 1825 sperat,
990 1755 1259 1809 infelicior
1303 1770 1429 1809 vero
1471 1757 1563 1824 qui
1616 1755 1670 1808 in
1720 1757 1995 1827 phylacte-
2027 1737 2069 1793 Β

422 1852 517 1906 riis
544 1850 771 1903 mortuis
794 1858 996 1917 sperat.
1034 1848 1165 1901 Nam
1196 1848 1335 1901 sicut
1358 1849 1403 1901 is
1420 1848 1511 1916 qui
1538 1848 1696 1902 idolis
1725 1850 1990 1913 servierit,

423 1942 655 1996 interﬁci
700 1952 1003 2011 praeceptus
1037 1951 1120 1995 est
1175 1942 1227 1994 in
1279 1940 1396 2009 lege
1450 1939 1568 2005 Dei,
1623 1940 1696 1994 ita
1740 1940 1995 1995 similiter

422 2035 601 2087 onmis
631 2036 952 2097 incantator,
984 2042 1037 2087 et
1064 2048 1360 2102 augurans,
1390 2047 1454 2084 ac
1482 2031 1750 2096 divinans,
1781 2042 1837 2086 et
1866 2047 1996 2086 ven-

425 2122 714 2190 triloquus,
750 2132 910 2192 atque
963 2122 1239 2176 volucrum
1285 2137 1445 2177 voces
1493 2123 1815 2186 observans,
1871 2138 1994 2176 cum

423 2216 673 2269 omnibus
709 2216 917 2269 caeteris
956 2215 1237 2269 maleﬁciis
1277 2215 1498 2269 interire
1546 2223 1710 2282 atque
1764 2215 1995 2267 interﬁci

426 2317 725 2375 praeceptus
752 2316 851 2359 est.
879 2304 1004 2358 Post
1027 2319 1145 2373 quae
1171 2305 1447 2369 universa,
1477 2302 1773 2357 inferorum
1795 2303 1994 2366 ira,at-

424 2412 531 2465 que
559 2406 881 2450 tormentum
917 2398 1198 2465 gehennae,
1236 2396 1499 2463 supplicia
1539 2409 1755 2463 quoque
1805 2395 1994 2449 aeterni

423 2489 634 2561 jndicii,
679 2498 840 2557 atque
864 2487 1093 2542 ﬂammae
1132 2488 1272 2556 ignis
1308 2487 1762 2557 inexstinguibilis
1796 2501 1995 2555 exspe-

426 2588 792 2632 ctantomnes
824 2577 1127 2644 hujusmodi
1178 2579 1228 2630 in
1276 2590 1513 2647 tempore
1556 2578 1995 2631 resurrectionis.

428 2669 533 2724 Sed
564 2670 775 2722 interim
800 2669 1000 2722 bonum
1031 2678 1114 2722 est
1136 2669 1474 2738 interrogare
1505 2670 1636 2723 istos
1660 2671 1749 2738 qui
1776 2670 1997 2738 auguria

427 2761 725 2815 observant
752 2801 767 2825 ,
796 2771 960 2829 atque
989 2760 1304 2815 occursibus
1352 2759 1865 2814 aut'vocationibus
1911 2768 2001 2813 aut

430 2853 861 2908 revocationibus
890 2852 1195 2917 intendunt,
1225 2867 1343 2919 quae
1377 2851 1588 2919 augurii
1640 2862 1779 2904 meta
1817 2866 1998 2903 occur-

430 2943 502 2997 rit
537 2941 825 3007 Pharaoni,
855 2958 977 2996 cum
1031 2942 1171 2996 ﬁlios
1223 2943 1387 2997 Israel
1438 2954 1674 3010 secutus,
1724 2945 2001 2997 demersus

430 3040 514 3086 est
540 3033 591 3085 in
616 3033 853 3087 Rubrum
884 3048 1049 3094 mare,
1092 3042 1150 3086 ut
1189 3047 1285 3085 nec
1311 3033 1533 3087 nuntius
1554 3033 1823 3085 innumeri
1853 3048 2001 3087 exer-

432 3122 571 3175 citus
603 3120 979 3191 [Egyptiorum
1006 3123 1353 3189 superesset?
1376 3123 1506 3188 Quis
1542 3124 1752 3176 vocavit
1786 3122 1995 3176 Senna-

433 3213 622 3267 cherib
656 3228 835 3283 regem
865 3214 1236 3284 Assyriorum,
1270 3214 1353 3268 vel
1389 3229 1507 3281 qua:
1534 3215 1648 3268 avis
1673 3216 1870 3269 cecinit
1900 3214 1997 3280 illi,

433 3317 554 3356 cum
589 3319 618 3357 a
662 3302 844 3358 Iudaea
875 3305 1146 3373 profectus
1178 3305 1432 3358 omnibus
1478 3306 1577 3358 sub
1611 3320 1713 3358 una
1746 3316 1903 3360 nocte
1932 3310 2000 3359 ad

435 3401 650 3447 centum
670 3393 939 3463 octoginta
959 3394 1197 3462 quinque
1221 3393 1387 3446 millia
1418 3394 1754 3471 exercituum
1780 3409 1999 3448 suorum

438 3483 680 3544 amissis,
710 3494 763 3537 et
794 3482 1053 3537 confusus
1083 3484 1149 3536 ad
1204 3485 1476 3554 regionem
1525 3500 1679 3538 suam
1731 3500 1999 3549 reversus,

435 3574 614 3643 gladio
648 3575 699 3627 in
731 3574 893 3628 domo
918 3574 1008 3628 Dei
1040 3575 1121 3629 sui
1168 3576 1442 3642 ceciderit,
1477 3585 1533 3630 et
1583 3592 1689 3630 non
1733 3578 2004 3645 potuerint

434 3680 556 3719 eum
579 3663 858 3731 adjuvare,
884 3681 1058 3735 neque
1079 3666 1216 3721 idola
1234 3666 1371 3735 ejus,
1395 3682 1568 3735 neque
1587 3669 2001 3732 incantationes,

439 3772 609 3826 neque
652 3757 947 3821 veneﬁcia,
1003 3774 1177 3828 neque
1250 3760 1513 3829 auguria?
1582 3759 1844 3813 Similiter
1905 3775 2003 3814 nec

437 3846 775 3902 Pharaonem
812 3849 984 3916 potuit
1037 3849 1329 3905 defendere
1377 3849 1662 3903 multitudo
1710 3850 1999 3916 idolorum,

439 3948 599 4008 atque
626 3940 861 3993 omnium
891 3939 1176 4003 maleﬁcia,
1213 3954 1267 3996 et
1298 3941 1655 4011 plurimorum
1684 3942 2005 3996 incantatio-

439 4049 534 4090 nes
576 4051 694 4105 quae
724 4034 941 4090 fuerunt
980 4038 1033 4090 in
1068 4034 1306 4106 Egypto
1339 4052 1450 4106 prte
1492 4037 1705 4091 caeteris
1752 4038 2005 4093 omnibus

438 4126 709 4196 gentibus.
755 4126 895 4181 sicut
932 4128 1128 4181 dicitur
1170 4128 1400 4196 quodam
1448 4128 1503 4180 in
1538 4128 1657 4181 loco
1702 4125 2004 4181 :Fecerunt

438 4226 613 4271 autem
640 4221 991 4271 incantatores
1031 4216 1401 4287 Egyptiorum
1445 4216 1690 4270 similiter
1736 4210 2004 4287 maleﬁciis

438 4308 548 4360 suis
573 4309 637 4360 ⁵ο.
668 4310 773 4362 Sed
803 4324 906 4362 non
948 4308 1126 4362 timuit
1150 4307 1393 4361 Rubrum
1423 4322 1573 4361 mare
1606 4309 2006 4363 incantationes

439 4408 599 4468 atque
618 4400 881 4454 maleﬁcia
915 4414 1122 4464 eorum,
1152 4408 1314 4467 atque
1345 4398 1623 4467 accipiens
1655 4400 1743 4453 Dei
1778 4401 2005 4456 manda-

440 4502 553 4547 tum
604 4502 824 4547 cunctos
870 4493 1047 4547 subito
1096 4492 1358 4546 demersit
1403 4493 1453 4546 in
1487 4492 1829 4560 profundum.
1866 4492 2004 4559 Quid

439 4583 640 4654 profuit
683 4583 828 4637 Sauli
865 4584 1004 4651 quod
1055 4584 1298 4637 exiturus
1331 4584 1397 4637 ad
1436 4583 1677 4651 praelium
1713 4585 1945 4652 primum
1974 4600 2002 4637 a

440 4675 552 4729 Deo
579 4676 859 4729 discedens
889 4675 954 4728 ad
981 4674 1190 4728 divinos
1217 4675 1459 4741 confugit
1482 4715 1497 4740 ,
1533 4686 1588 4729 et
1613 4676 1891 4729 mulierem
1941 4677 2006 4729 de

440 4775 636 4821 eventu
680 4766 986 4833 loquentem
1032 4764 1303 4833 qumsivit,
1367 4774 1423 4818 et
1465 4781 1587 4819 cum
1638 4766 1814 4819 adhuc
1857 4780 2003 4834 spem

441 4876 593 4916 snam
614 4870 973 4926 converteret,
1003 4868 1058 4914 et
1078 4868 1440 4928 exspectaret,
1471 4873 1593 4913 cum
1623 4858 1810 4911 multis
1835 4859 2005 4927 proti-

443 4970 545 5007 nus
572 4954 778 5008 interiit
802 4955 846 4985 δι
874 4953 897 5005 ?
927 4954 1104 5020 Atque
1133 4951 1405 5006 innumeri
1440 4951 1691 5005 similiter
1718 4951 1771 5005 in
1819 4951 2010 5005 incan-

446 5048 742 5102 tationibus
793 5059 850 5101 et
899 5045 1139 5115 auguriis
1174 5056 1337 5112 atque
1381 5043 1664 5098 maleﬁciis
1705 5053 2010 5112 sperantes,

444 5157 610 5212 super
647 5151 844 5196 terram
878 5141 1082 5205 miseri,
1113 5155 1177 5194 ac
1207 5139 1323 5194 sine
1351 5153 1446 5206 spe
1472 5138 1600 5192 facti
1630 5148 1771 5200 sunt,
1794 5146 1850 5191 et
1872 5137 2011 5204 apud

448 5234 654 5287 inferos
686 5239 946 5299 perpetuo
978 5230 1172 5298 puniti,
1204 5229 1631 5284 miserabiliores
1665 5229 1715 5282 in
1747 5237 2008 5281 aeternum

447 5323 861 5394 permanebunt.
904 5320 1027 5375 Haec
1067 5323 1247 5390 itaque
1288 5323 1535 5374 universa
1564 5322 1896 5376 declinemus
1923 5360 1936 5382 ,
1977 5333 2011 5371 o

447 5419 646 5483 amici;
682 5419 794 5470 haec
817 5416 1084 5484 fugiamus
1106 5424 1357 5483 tanquam
1390 5415 1655 5469 ﬂammam
1688 5414 1829 5484 ignis
1852 5454 1868 5479 ,
1899 5415 2013 5467 hare

519 5618 569 5651 ⁵ο
602 5619 769 5673 Exod.
799 5634 891 5687 vn,
927 5618 1011 5675 II.

1088 5619 1127 5651 ⁵³
1166 5619 1183 5672 l
1211 5618 1339 5689 Reg.
1363 5632 1550 5673 xxvnt.

450 5691 496 5723 ”
529 5687 630 5747 Job
658 5706 737 5757 Ill,
772 5692 821 5744 l.

1631 5616 1673 5647 "
1703 5615 1861 5672 Rom.
1890 5631 2006 5681 nv,
2038 5614 2087 5669 8.

2083 488 2298 528 cremur
2324 483 2505 541 utpote
2529 473 2840 528 societatem
2875 472 3198 526 daemonum.
3233 469 3433 527 Omnes
3468 482 3656 525 autem

2085 580 2279 618 causas
2308 574 2524 618 nostras
2559 564 2672 617 sive
2698 561 2964 625 dolorum,
2991 561 3107 615 sive
3150 560 3494 630 languornm,
3531 560 3660 613 sive

2085 670 2387 726 poenarum,
2413 657 2527 709 sive
2551 653 2976 717 tribulationum,
3004 652 3116 706 sive
3150 651 3381 713 viarum,
3412 651 3523 704 sive
3560 651 3659 703 iti-

2086 762 2273 801 nerum
2296 785 2311 810 ,
2349 746 2461 799 sive
2483 745 2966 813 ingressuum,sive
2986 757 3295 812 egressuum
3327 752 3517 796 cuncta
3542 742 3657 795 Deo

2086 836 2542 897 commendemus,
2559 843 2751 887 cunt-ta
2768 832 2872 886 Deo
2886 833 3303 895 committamus,
3320 841 3377 885 ut
3395 832 3658 886 Dominus

2087 927 2353 982 custodiat
2368 941 2554 980 omnes
2576 929 2848 992 ingressus
2860 934 3019 992 atque
3038 925 3213 979 exitus
3229 934 3524 991 nostros,nt
3546 925 3657 978 Do—

2090 1023 2264 1077 minus
2284 1022 2537 1076 ﬁatnobis
2553 1031 2870 1089 cooperator
2903 1028 2958 1075 et
2987 1034 3191 1083 comes,
3211 1028 3369 1087 atque
3394 1018 3659 1089 suffraga-

2090 1124 2176 1168 tor
2208 1115 2258 1167 in
2280 1115 2423 1166 omni
2451 1122 2708 1181 tempore,
2745 1122 2798 1166 et
2818 1113 2867 1165 in
2898 1111 3042 1165 omni
3072 1110 3210 1174 loco,
3239 1110 3514 1180 utangclis
3535 1112 3659 1164 suis

2092 1206 2305 1259 mandet
2332 1205 2397 1258 de
2426 1205 2577 1258 nobis
2612 1214 2664 1257 ul
2703 1202 3003 1257 custodiant
3041 1217 3137 1257 nos
3170 1203 3222 1255 in
3263 1202 3510 1256 omnibus
3550 1203 3659 1256 viis

2091 1296 2322 1361 nostris,
2351 1305 2411 1350 ut
2450 1310 2570 1348 cum
2621 1295 2821 1348 sanctis
2865 1294 3231 1347 connumerati
3266 1303 3661 1362 consequenter

2092 1389 2253 1443 etiam
2268 1402 2387 1441 cum
2408 1386 2535 1454 ipsis
2551 1386 2792 1440 dicamus
2816 1402 2831 1438 :
2858 1385 2979 1440 Sive
3008 1385 3240 1447 vivimus,
3256 1384 3360 1437 sive
3381 1385 3656 1440 morimur.

2096 1478 2306 1532 Domini
2338 1494 2516 1532 sumus
2550 1479 2616 1531 δ’.
2657 1475 2771 1531 Non
2799 1491 2985 1530 sumus
3017 1477 3316 1541 idolorum,
3363 1489 3536 1543 neque
3572 1476 3661 1529 in-

2094 1573 2463 1627 cantationum
2483 1610 2501 1637 ,
2540 1584 2714 1640 neque
2745 1570 3093 1640 auguriorum
3113 1609 3128 1634 ,
3154 1584 3329 1638 neque
3365 1569 3661 1623 divinatio-

2098 1676 2221 1714 num
2242 1700 2257 1725 ,
2293 1676 2468 1731 neque
2495 1660 2924 1723 maleﬁciorum,
2958 1674 3131 1727 neque
3176 1659 3661 1729 phylacteriorum,

2096 1767 2271 1821 neque
2304 1753 2466 1807 ullius
2512 1754 2702 1807 horum
2741 1767 2862 1821 qua:
2904 1759 3034 1805 sunt
3080 1752 3314 1806 servitus
3354 1752 3664 1807 diemonum

2094 1852 2149 1899 et
2189 1843 2386 1898 diaboli
2424 1844 2767 1899 seductiones
2802 1863 2814 1898 :
2854 1844 2946 1898 sed
2980 1844 3190 1898 Domini
3215 1859 3420 1910 sumus,
3446 1845 3539 1914 qui
3574 1846 3665 1899 do-

2096 1937 2329 1989 minatur
2357 1936 2480 1989 vita'
2509 1947 2564 1990 et
2592 1937 2773 2000 morti,
2807 1936 2895 2004 qui
2931 1936 3092 1991 habet
3124 1945 3447 2005 potestatem
3476 1938 3666 1991 carnis

2095 2037 2149 2081 et
2176 2028 2419 2096 spiritus,
2452 2029 2504 2079 in
2530 2027 2682 2094 cujus
2707 2027 2956 2081 manibus
2978 2029 3224 2082 vivorum
3264 2028 3663 2096 spiramentmn

2094 2129 2197 2174 est.
2229 2117 2319 2173 Sic
2368 2134 2599 2187 namque
2628 2128 2681 2173 et
2729 2120 2869 2173 beati
2929 2119 3003 2173 illi
3032 2120 3129 2173 viri
3182 2119 3272 2188 qui
3300 2128 3561 2173 venerunt
3594 2118 3666 2171 ad

2094 2209 2215 2276 Job,
2236 2211 2285 2263 id
2300 2221 2399 2274 est,
2425 2210 2581 2264 amici
2606 2209 2744 2279 ejus,
2768 2225 2886 2265 cum
2909 2220 3089 2265 essent
3115 2211 3349 2281 religiosi
3380 2209 3468 2264 Dei
3487 2209 3669 2263 culto.

2098 2315 2209 2367 res,
2242 2316 2437 2355 omnes
2463 2302 2834 2357 exsecrabiles
2867 2304 3167 2357 daemonum
3203 2302 3545 2356 seductiones
3569 2302 3668 2354 de-

2097 2391 2383 2456 clinantes,
2420 2392 2742 2446 assederunt
2773 2392 2820 2446 ei
2865 2402 3075 2461 septem
3117 2392 3307 2447 diebus
3362 2401 3416 2445 et
3454 2400 3665 2459 septem

2100 2483 2369 2537 noctibus.
2398 2481 2661 2537 Maleﬁcia
2687 2492 2741 2535 et
2766 2482 3129 2537 divinationes
3148 2498 3251 2536 non
3271 2482 3663 2550 requisierunt,

2100 2575 2201 2627 nisi
2261 2577 2327 2629 ad
2370 2575 2543 2629 solum
2577 2573 2746 2629 Deum
2780 2576 2989 2630 animas
3027 2590 3153 2630 suas
3187 2575 3519 2636 levaverunt,
3565 2587 3668 2640 pro

2100 2667 2375 2721 doloribus
2413 2666 2515 2722 Job
2550 2676 2871 2737 gemuerunt
2901 2677 3062 2735 atque
3097 2667 3529 2736 suspiraverunt.
3565 2665 3668 2719 Se-

2099 2760 2294 2813 derunt
2322 2760 2461 2827 apud
2490 2775 2615 2813 eum
2651 2758 2915 2813 facientes
2952 2759 3072 2825 hoc,
3105 2759 3247 2828 quod
3292 2759 3343 2812 in
3384 2757 3665 2824 Scriptura

2098 2856 2220 2917 post
2258 2847 2363 2901 hoc
2392 2849 2649 2901 traditum
2678 2856 2762 2902 est
2785 2856 2909 2901 ante
2942 2847 3281 2916 Scripturam
3330 2846 3608 2916 implentes
3650 2864 3666 2898 :

2101 2937 2186 2991 Ne
2221 2940 2551 3009 denegaveris
2604 2950 2652 2993 te
2707 2940 2950 3003 ﬂentibus
2988 2940 3042 2992 in
3081 2940 3521 3002 consolationem;
3556 2949 3612 2992 et
3651 2959 3666 2991 :

2104 3028 2251 3085 Flete
2279 3048 2395 3085 cum
2431 3032 2764 3101 flentibus";
2790 3042 2845 3087 et
2873 3049 2889 3088 :
2918 3031 3109 3086 Melius
3144 3044 3218 3086 est
3256 3032 3334 3085 ire
3369 3032 3421 3083 in
3452 3029 3671 3083 domum

2101 3123 2271 3176 luctus
2289 3139 2444 3193 quam
2474 3125 2529 3176 in
2558 3123 2769 3177 domum
2793 3124 3104 3192 epulationis
3132 3124 3199 3177 ⁵⁸.
3220 3124 3488 3177 Sederunt
3523 3123 3667 3188 apud

2101 3229 2223 3267 eum
2259 3222 2494 3269 tacentes
2531 3228 2693 3284 super
2720 3215 2979 3269 immensa
3029 3214 3144 3281 ejus
3187 3214 3445 3284 patientia
3489 3229 3553 3266 ac
3593 3223 3671 3267 to.

2103 3304 2352 3371 lerantia,
2393 3315 2556 3375 atque
2601 3307 2929 3360 constantia.
2982 3306 3114 3359 Nam
3158 3321 3278 3360 cum
3328 3320 3357 3358 a
3388 3303 3667 3358 vermibus

2103 3413 2298 3453 carnes
2354 3414 2481 3453 suas
2544 3398 2792 3453 devorari
2838 3399 3081 3462 videret,
3133 3398 3371 3467 gaudens
3412 3397 3671 3452 sustinuit

2102 3492 2243 3558 apud
2268 3491 2616 3559 semetipsum
2646 3491 2962 3545 existimans
2986 3506 3049 3545 ac
3074 3491 3261 3546 dicens
3288 3507 3302 3544 :
3336 3490 3390 3545 Si
3416 3489 3673 3545 celeriter

2103 3595 2291 3635 omnes
2337 3596 2532 3636 carnes
2573 3597 2704 3635 meae
2743 3592 3075 3651 consumpta:
3135 3581 3366 3645 fuerint,
3416 3582 3672 3636 celeriter

2104 3670 2157 3723 in
2193 3671 2652 3741 incorruptionem
2705 3672 3036 3742 suscipietur
3067 3673 3289 3742 spiritus
3312 3712 3327 3737 ,
3360 3672 3671 3741 properabit

2105 3763 2171 3815 ad
2198 3760 2363 3816 Deum
2396 3763 2571 3815 anima
2598 3778 2715 3817 mea
2770 3766 3094 3833 quantocius
3132 3774 3329 3818 terram
3371 3774 3530 3817 terra:
3586 3779 3669 3817 re-

2105 3855 2376 3923 linquens,
2401 3865 2455 3908 et
2474 3870 2667 3924 corpus
2723 3856 2828 3910 hoc
2870 3864 2994 3910 ante
3041 3856 3349 3926 sepulcrum
3392 3858 3446 3909 in
3487 3869 3669 3909 escam

2104 3948 2383 4002 vermibus
2434 3948 2673 4002 tradens.
2722 3948 2850 4003 Sive
2897 3958 3021 4003 ante
3065 3959 3326 4013 mortem,
3392 3949 3507 4002 sive
3551 3956 3672 4015 post

2107 4049 2338 4093 mortem
2382 4054 2578 4107 corpus
2615 4040 2716 4094 hoc
2770 4041 3044 4095 vermibus
3077 4042 3131 4095 in
3164 4040 3551 4095 comestiOnem
3586 4053 3671 4091 re-

2107 4131 2383 4200 linquetur
2417 4133 2558 4187 sicut
2589 4133 2718 4186 dicit
2746 4145 2862 4201 post
2908 4135 3022 4188 haec
3051 4150 3065 4186 :
3104 4134 3233 4188 Cum
3280 4144 3519 4187 mortuus
3552 4131 3673 4199 fue-

2110 4224 2175 4275 rit
2203 4222 2353 4275 homo
2393 4224 2557 4290 capiet
2610 4224 2965 4277 hwreditatem
3009 4225 3196 4277 bestias
3243 4234 3290 4276 et
3348 4222 3593 4287 reptilia,
3622 4230 3673 4275 et

2108 4328 2302 4365 vermes
2317 4313 2384 4365 ⁵⁵.
2409 4312 2543 4367 Cum
2582 4312 2887 4381 hujnsmodi
2921 4314 3149 4384 plurima
3188 4314 3375 4368 beatus
3402 4311 3502 4367 Job
3533 4312 3675 4381 apud

2037 4404 2460 4488 Dsemetipsum
2534 4404 2884 4472 loqueretur,
2957 4415 3159 4473 septem
3223 4404 3411 4458 diebus
3489 4410 3674 4455 tacens

2110 4496 2383 4550 sustinuit.
2415 4495 2613 4550 Eadem
2660 4497 2908 4552 videlicet
2952 4506 3248 4552 tractantes
3288 4505 3338 4550 et
3370 4494 3527 4548 amici
3558 4493 3675 4561 ejus

2110 4588 2201 4655 qui
2226 4587 2290 4641 ad
2322 4602 2445 4641 eum
2495 4597 2779 4653 venerunt,
2807 4598 3089 4643 tacuerunt
3118 4591 3283 4642 etiam
3318 4588 3418 4657 ipsi
3443 4586 3589 4642 velut
3616 4587 3674 4641 in

2112 4689 2386 4748 stuporem
2423 4679 2662 4744 deducti,
2694 4695 2756 4735 os
2789 4681 3002 4749 aperire
3050 4695 3160 4734 non
3196 4679 3460 4741 valentes,
3501 4691 3677 4750 neque

2111 4769 2327 4823 initium
2361 4770 2649 4825 locutionis
2679 4769 3032 4826 invenientes.
3069 4769 3174 4824 Sed
3203 4769 3342 4824 ultra
3374 4784 3477 4823 non
3508 4768 3674 4822 susti-

2113 4861 2709 4916 nuitcoustantissimus
2725 4860 2922 4917 illeJob
2936 4862 3109 4930 ipsam
3128 4863 3567 4923 taciturnitatem,
3582 4863 3675 4916 sed

2115 4957 2321 5025 primus
2359 4959 2522 5025 coepit
2547 4958 2717 5025 loqui,
2747 4968 2930 5027 utpOte
2958 4960 3164 5026 primus
3193 4960 3245 5013 in
3269 4961 3382 5028 ipsa
3411 4960 3674 5029 passione,

2115 5056 2299 5113 utpote
2343 5047 2492 5102 solus
2534 5059 2806 5102 sustinens
2852 5050 2963 5117 ipsa
2997 5048 3216 5104 vulnera
3262 5059 3423 5118 atque
3447 5049 3675 5103 dolores.

2114 5133 2415 5190 Dicitenim
2456 5154 2470 5189 :
2498 5137 2623 5189 Post
2653 5139 2762 5190 haec
2796 5139 3001 5206 aperuit
3037 5154 3092 5191 os
3119 5154 3271 5191 suum
3290 5138 3355 5190 “.
3388 5138 3515 5192 Post
3545 5137 3675 5192 hac.

2115 5225 2406 5295 Postquam
2437 5226 2757 5294 prmcipuam
2781 5227 2924 5280 illam
2950 5229 3253 5296 passionem
3286 5230 3679 5297 transiit.post-

2117 5333 2276 5383 quam
2305 5318 2833 5373 vehementissimum
2861 5319 3099 5374 dolorem
3124 5320 3361 5383 sustulit,
3395 5330 3678 5388 postquam

2118 5410 2170 5462 in
2205 5409 2394 5464 validis
2427 5410 2711 5481 impetuosi
2748 5413 3065 5483 nequissimi
3103 5414 3549 5469 inundationibus
3577 5428 3678 5469 non

2166 5616 2209 5646 ⁵³
2240 5615 2393 5671 Rern.
2435 5631 2530 5683 xu,
2564 5617 2643 5671 l5.
2723 5618 2766 5648 ⁵³
2799 5617 2973 5673 Ecclc.
3005 5633 3097 5682 vn,
3128 5616 3178 5670 5.
3258 5617 3303 5648 ⁵⁸
3324 5613 3424 5671 Job
3450 5629 3563 5677 ut,
3590 5612 3678 5684 26.
